4208 6444
204 477 301 542 1‘61

989 474 1388 538 THEODORI
1423 473 1784 535 DESI‘OT/E
1816 474 2206 535 LAUDATIO
2252 475 2663 536 FUNEBRIS.

3340 468 3448 532 30?.

211 601 491 675 μεγίστων
519 596 615 650 καὶ
660 594 873 649 πολλῶν
916 593 1160 662 ἀγαθῶν.
1190 594 1362 647 Τοῦτο
1396 593 1772 658 ἀτοπώτατον,
1808 600 1829 653 Α

1883 600 2000 645 ctor
2026 600 2195 655 esset,
2229 603 2454 660 eratque
2477 591 2714 655 futurus,
2746 602 2803 647 ut
2831 601 2974 647 esset
3003 600 3304 660 superstes,
3337 599 3450 644 toto

207 693 307 748 καὶ
342 690 586 760 ἀτεχνῶς
633 690 920 758 αἰνίγματι
951 689 1146 751 ἐοικός·
1190 690 1239 740 εί
1261 689 1367 755 ὅτῳ
1393 704 1457 755 γε
1490 687 1776 757 βουλοίμε-

207 788 277 839 θα
315 788 425 840 πᾶν
472 783 697 851 ἀγαθὸν,
726 784 821 836 καὶ
850 782 991 851 ὑπὲρ
1022 776 1083 835 οὐ
1114 786 1221 837 πᾶν
1250 782 1423 834 δεινὸν
1463 782 1778 849 ὑπέστημεν

202 880 291 944 ἀν,
344 880 581 932 αἰωνίων
628 878 852 947 ἀγαθῶν
908 878 1121 931 ἐκείνου
1174 876 1561 944 τετυχηκότος,
1616 874 1775 943 ἡμεῖς

204 972 516 1037 ἀνιώμεθα,
556 971 644 1026 διὰ
690 972 752 1025 τδ
782 972 921 1043 πρὸς
976 970 1166 1040 καιρόν
1211 987 1333 1022 τινα
1363 968 1553 1021 τούτου
1590 969 1778 1035 στέρε-

204 1062 357 1115 σθαι.
394 1062 493 1131 Εἴη
525 1062 631 1129 γὰρ
660 1062 728 1115 ἂν
759 1061 934 1116 ταῦτα
982 1060 1397 1129 ὁμολογοῦντος,
1433 1061 1508 1121 ὡς
1538 1061 1607 1112 τά
1641 1058 1779 1128 ἡμέ-

204 1172 343 1224 τερα
387 1153 529 1206 καλὰ
560 1153 667 1224 πρὸ
714 1152 825 1206 τῶν
856 1154 1073 1207 ἐκείνου
1117 1152 1441 1221 ποιούμεθα.
1483 1152 1593 1205 Καὶ
1623 1150 1777 1219 φίλον

204 1242 271 1316 ἦν
328 1248 463 1314 ἡμῖν
523 1245 687 1297 αὐτὸν
719 1244 841 1315 μεθ’
878 1245 1037 1315 ἡμῶν
1068 1241 1231 1308 εῖναι,
1265 1244 1325 1296 οὐ
1374 1244 1438 1297 δι’
1472 1244 1654 1307 αὑτὸν,
1686 1243 1779 1295 καὶ

204 1344 268 1388 το
302 1336 587 1404 συμφέρον
618 1333 807 1400 αὐτοῦ,
863 1336 895 1403 ἢ
937 1335 1005 1387 δι’
1054 1336 1201 1405 ἡμᾶς
1238 1335 1335 1387 καὶ
1380 1334 1441 1386 τὸ
1479 1335 1775 1403 ἡμέτερον.

205 1426 323 1479 Οὐκ
372 1425 461 1496 ἀρ’
495 1426 717 1495 ἀγάπης
771 1425 960 1493 ὑγιοῦς
1011 1425 1074 1477 τὸ
1105 1426 1193 1476 διά
1228 1425 1333 1476 τῶν
1364 1424 1539 1491 λόγων
1573 1426 1781 1477 τούτων

210 1517 751 1585 συμπεραινόμενον,
793 1515 931 1568 ἀλλά
981 1516 1203 1584 μακράν
1251 1530 1353 1566 που
1385 1513 1592 1583 ταύτης
1626 1515 1778 1583 ἀπῳ-

206 1610 511 1678 κισμένον,
548 1609 643 1661 καὶ
710 1603 824 1662 οἷον
881 1608 1184 1661 ἐκπτωτον.
1249 1606 1451 1676 Ἐχρῆν
1509 1605 1616 1675 γὰρ
1673 1606 1781 1657 πᾶν

205 1699 547 1751 τούναντίον·
588 1701 663 1769 μὴ
702 1699 767 1751 τά
811 1698 1012 1751 ’κείνου
1067 1697 1298 1766 δεύτερα
1347 1697 1455 1749 τῶν
1497 1697 1781 1765 ἡμετέρων

205 1791 487 1844 τίθεσθαι.
510 1792 682 1845 Τοῦτο
715 1794 824 1860 γάρ
854 1792 986 1858 ἡμῖν
1024 1792 1321 1859 προσήκειν
1354 1790 1616 1860 ἡγοῦμαι,
1642 1789 1783 1858 ὑπὲρ

208 1886 363 1954 ἡμᾶς
406 1885 603 1947 αὐτοὺς
638 1883 813 1952 φιλεῖν
847 1883 1011 1937 αὐτὸν
1046 1881 1506 1953 ίσχυριζομένοις.

281 2155 399 2206 Καὶ
450 2156 631 2207 τοίνυν
678 2152 917 2223 ὲμαυτδν
945 2151 1257 2221 ἐξελέγξας,
1300 2152 1789 2221 παραιτησάμενος

209 2246 419 2309 ἱκανῶς
442 2245 621 2317 οἶμαι,
646 2247 770 2316 ἥκω
800 2247 1147 2317 παραινέσων
1189 2244 1249 2310 ἐξ
1282 2246 1617 2317 ἀντιῤῥόπου
1653 2244 1787 2313 πρὸς

208 2341 458 2411 ἐμαυτοῦ
490 2340 801 2411 διόρθωσιν,
858 2342 953 2394 καὶ
1004 2340 1275 2409 ὑμετέραν
1324 2339 1615 2409 ὠφέλειαψ
1659 2354 1789 2404 συγ-

211 2434 435 2505 χαίρειν
489 2451 548 2487 τε
601 2434 682 2505 τῷ
732 2434 989 2505 ὑμετέρῳ
1018 2434 1259 2505 δεσπότῃ
1308 2434 1407 2503 τῆς
1432 2430 1791 2495 ἀπολαύσεως

206 2529 315 2598 τῆς
369 2529 513 2590 ἐκεῖ,
563 2530 658 2581 καὶ
719 2528 795 2598 μὴ
830 2527 1217 2597 καταχρῆσθαι
1250 2529 1319 2598 τῇ
1371 2525 1542 2597 λύπῃ,
1579 2526 1661 2588 εἰς
1693 2524 1790 2594 τὴν

212 2620 498 2689 ὑμετέραν
526 2619 855 2690 ἀφορῶντας
885 2618 1091 2689 ζημίαν
1128 2621 1226 2685 τῆς
1260 2617 1648 2687 μεταστάσεως
1674 2616 1792 2668 ἓνε-

211 2728 290 2763 κα
336 2711 439 2780 τῆς
488 2709 679 2764 αὑτοῦ.
715 2710 943 2763 Πάντων
998 2710 1108 2777 γὰρ
1162 2706 1507 2775 ἀλογώτατον
1556 2704 1792 2761 ἐνταῦθα

216 2806 325 2874 μὲν
354 2802 614 2872 ἀλγοῦντι
665 2801 845 2874 τούτῳ
884 2803 1275 2873 συνάχθεσθαι,
1308 2803 1426 2854 ἐκεῖ
1449 2802 1506 2855 δὲ
1542 2802 1792 2873 ἡδομένῳ

216 2900 299 2969 μὴ
332 2898 679 2969 συνήδεσθαι.
716 2896 978 2951 Φθονοῦσι
1009 2897 1107 2967 μὶν
1138 2898 1246 2968 γὰρ
1291 2895 1624 2968 ἀνθρώποις,
1659 2895 1793 2962 μᾶλ-

212 2991 311 3046 λον
370 2992 429 3045 δὲ
471 2991 583 3045 οὐδ’
625 2991 859 3054 ἐκείνοις
909 2990 1201 3060 ἀσχάλλειν
1257 2987 1413 3061 οἶμαι
1463 2990 1788 3059 προσήκειν,

212 3085 268 3136 εἰ
316 3100 405 3146 τις
463 3082 529 3154 δὴ
581 3081 886 3152 τετύχηκεν
939 3082 1176 3136 αἰωνίων
1217 3082 1444 3150 ἀγαθῶν
1491 3079 1789 3149 μεταστὰς,

214 3177 384 3247 εἴπερ
422 3174 555 3246 μηδὲ
604 3178 717 3237 τοῖς
757 3174 815 3239 te
876 3174 1162 3228 ἀκενώτου
1199 3175 1382 3245 πηγῆς
1410 3173 1623 3227 πίνουσι
1656 3170 1790 3240 φθο-

214 3272 440 3342 νήαειεν
488 3271 555 3324 ἀν
587 3286 672 3334 τις
707 3270 949 3325 πάντων.
980 3270 1054 3323 Τὸ
1077 3270 1189 3340 γὰρ
1238 3270 1456 3340 φθονεῖν
1504 3268 1567 3323 εὖ
1614 3269 1789 3339 πράτο

1885 684 2150 754 deinceps
2182 693 2429 751 tempore
2463 686 2514 738 in
2548 685 2784 741 tristitiis
2816 696 3153 740 νυτειιιιιτοε.
3184 684 3299 738 Hoc
3324 699 3453 738 vero

1886 777 2369 839 absurdissimum,
2394 779 2682 848 palamque
2717 778 2965 832 videatur
3001 778 3273 847 aznigmali
3297 776 3456 831 simi-

1888 871 1958 932 le,
2011 880 2070 923 ut
2101 885 2226 923 cum
2265 870 2332 936 is,
2356 872 2443 925 cui
2471 886 2632 924 omne
2656 872 2918 925 vellemus
2960 874 3186 930 bonum,
3215 884 3279 923 ac
3297 867 3457 936 cujus

1887 975 2057 1015 causa
2094 963 2299 1015 malum
2342 977 2503 1017 omne
2551 963 3035 1025 sustinuissemus,
3078 962 3219 1015 bona
3251 970 3454 1013 aeterna

1886 1064 2213 1110 consecutus
2243 1056 2335 1119 sit,
2365 1072 2461 1110 nos
2484 1057 2724 1121 interim,
2755 1056 2876 1125 ejus
2899 1055 2966 1110 ad
2994 1064 3208 1122 tempus
3237 1052 3456 1120 aliquod

1889 1144 2194 1213 privatione
2243 1148 2549 1201 tristemur.
2595 1145 2717 1201 Sint
2754 1147 2916 1216 plane
2970 1148 3083 1199 lucc
3109 1151 3454 1213 argumento,

1888 1245 1949 1288 ut
1977 1244 2165 1290 nostra
2208 1238 2386 1305 pluris
2421 1236 2589 1302 bona,
2624 1253 2791 1305 quam
2848 1238 2968 1305 ejus
3019 1235 3328 1298 faciamus;
3370 1244 3455 1287 ut-

1887 1344 1994 1399 que
2025 1330 2147 1399 ejus
2173 1330 2420 1382 lubentes
2443 1329 2788 1396 praesentiam
2820 1330 3163 1391 haberemus,
3199 1342 3303 1381 non
3330 1340 3455 1394 pro-

1888 1433 2004 1492 pter
2026 1423 2227 1492 ipsum,
2248 1436 2313 1475 ac
2330 1422 2472 1490 quod
2498 1422 2545 1474 ei
2565 1422 2913 1474 commodum
2937 1430 3105 1483 esset,
3126 1420 3217 1473 sed
3238 1427 3459 1487 propter

1888 1531 1989 1569 nos
2022 1531 2083 1566 ac
2120 1524 2361 1568 nostram
2399 1515 2704 1568 utilitatem.
2741 1515 2893 1568 Haud
2933 1529 3065 1582 ergo
3110 1515 3339 1567 sincera:
3372 1510 3458 1563 di-

1890 1605 2163 1669 lectionis,
2204 1606 2347 1673 quod
2381 1605 2467 1658 his
2503 1605 2684 1657 verbis
2716 1606 3040 1659 conclusum
3074 1603 3215 1667 fuit;
3261 1604 3355 1658 sed
3395 1603 3461 1656 ab

1889 1712 1953 1752 ea
1992 1713 2157 1767 quam
2185 1698 2344 1767 longe
2374 1706 2645 1751 remotum
2688 1710 2751 1750 ac
2787 1696 2934 1749 velut
2964 1694 3300 1749 abortivum.
3332 1692 3464 1746 0m-

1893 1792 2024 1847 nino
2055 1795 2200 1845 enim
2247 1806 2408 1845 secus
2454 1790 2761 1859 oportebat,
2804 1804 2861 1844 ut
2894 1805 2962 1843 ne
2990 1791 3110 1857 ejus
3140 1804 3228 1843 res
3258 1789 3464 1843 nostris

1892 1882 2372 1952 posthaberemus.
2411 1880 2524 1935 Hoc
2567 1881 2770 1949 quippe
2818 1882 3057 1934 arbitror
3107 1895 3208 1934 nos
3246 1879 3463 1942 decere,

1820 2000 1863 2054 Β
1893 1977 1986 2045 qui
2017 1976 2153 2047 ipsis
2176 1976 2357 2041 nobis,
2383 1990 2508 2030 eum
2543 1989 2642 2030 nos
2672 1975 2974 2043 impensius
2992 1989 3178 2027 amare
3211 1974 3437 2027 adstrua

1892 2084 2034 2124 IDUS.

1962 2159 2045 2216 Me
2091 2161 2207 2231 ipse
2251 2160 2419 2230 igitur
2464 2175 2722 2231 arguens,
2759 2174 2823 2215 ac
2853 2161 2988 2215 satis
3039 2170 3171 2229 puto
3217 2172 3460 2213 errorem

1891 2254 2244 2323 deprecatus,
2277 2254 2518 2309 vicissim
2570 2256 2849 2308 hortatum
2883 2255 3064 2320 venio,
3102 2268 3239 2307 meas
3291 2252 3465 2319 ipsius

1890 2344 2293 2399 emendationis
2317 2358 2446 2413 ergo
2479 2353 2782 2413 vestraeque
2808 2345 3078 2408 utilitatis,
3119 2352 3176 2397 ut
3208 2358 3316 2397 una
3340 2358 3464 2397 cum

1893 2445 2077 2491 vestro
2113 2439 2361 2507 despota,
2391 2436 2511 2505 ejus
2540 2437 2725 2507 gaudii
2756 2452 2920 2493 causa
2958 2452 3069 2506 quo
3095 2437 3206 2492 illic
3230 2436 3471 2506 perfrui-

1894 2540 2005 2596 tur,
2039 2530 2328 2600 gaudeatis
2357 2550 2370 2596 ;
2402 2546 2501 2585 nec
2529 2531 2583 2584 in
2619 2540 2854 2585 vestram
2889 2532 3160 2601 jacturam
3196 2531 3470 2601 aspicien-

1895 2632 1997 2690 tes,
2043 2623 2187 2693 quod
2220 2623 2312 2678 ille
2340 2622 2468 2677 hinc
2512 2622 2857 2692 migraverit.
2895 2624 3133 2679 tristitia:
3183 2640 3465 2694 perperam

1894 2716 2243 2785 indulgeatis.
2275 2715 2449 2781 Quam
2476 2719 2711 2772 maxime
2734 2719 2881 2773 enim
2912 2734 2942 2772 a
2969 2721 3178 2773 ratione
3203 2719 3465 2783 alienum,

1895 2816 1953 2860 ut
1986 2824 2110 2860 cum
2147 2823 2212 2861 eo
2257 2808 2397 2861 male
2452 2810 2538 2862 hic
2572 2810 2806 2865 habente
2838 2811 3176 2877 doleremus,
3230 2828 3469 2879 cumque

1892 2899 2086 2952 codem
2128 2899 2240 2953 illic
2290 2900 2609 2965 delicianle,
2658 2918 2766 2956 non
2810 2903 3151 2958 deliciemur.
3204 2905 3272 2959 Ut
3318 2906 3466 2960 enim

1892 2992 2016 3060 quis
2046 2991 2272 3046 moleste
2315 2992 2473 3058 ierat,
2511 2993 2651 3047 bona
2674 2994 2909 3064 aliquem
2940 3007 3163 3061 aeterna,
3188 3011 3215 3050 a
3240 3013 3470 3067 corpore

1894 3084 2218 3150 tnigrantem
2256 3096 2638 3149 consecutum,
2696 3087 2856 3156 plane
2888 3104 2976 3144 res
3025 3090 3242 3145 invidia:
3272 3092 3383 3156 sit;
3415 3107 3470 3147 at.

1894 3186 2069 3242 neque
2105 3173 2358 3241 invidiae;
2405 3190 2565 3229 nemo
2595 3176 2865 3245 siquidem
2894 3177 3138 3234 invideat
3166 3180 3371 3235 bibenti
3400 3197 3466 3236 ex

1896 3262 2223 3319 inexhausta
2249 3263 2397 3320 fonte
2433 3280 2497 3319 ac
2530 3267 2778 3333 perenni.
2816 3265 2887 3323 Ut
2916 3269 3061 3322 enim
3097 3269 3243 3325 l'elici
3282 3287 3468 3326 rerum

209 3380 429 3429 τουσιν,
469 3363 579 3417 ἀπὸ
630 3362 725 3415 τοῦ
780 3362 1026 3432 νομίζειν
1077 3364 1206 3425 τοὺς
1258 3363 1590 3431 φθονοῦντας
1640 3355 1829 3414 ἔλατ-4

1897 3370 2156 3410 successu
2183 3356 2385 3411 invidia
2402 3356 2693 3423 conﬂetur,
2712 3375 2777 3416 eo
2794 3372 3166 3431 comparatum
3190 3376 3296 3429 est,
3319 3366 3467 3435 quod

212 3456 449 3510 τοῦσθαι
502 3456 574 3508 τά
634 3456 756 3509 κατ’
785 3456 1008 3521 αὐτοὺς,
1059 3459 1127 3526 τῇ
1176 3455 1284 3508 τῶν
1328 3454 1793 3524 εὐδαιμονούντων

214 3548 522 3620 εὐπραγίᾳ,
570 3548 717 3617 φιλεῖ
768 3548 1045 3616 γίνεσθαι.
1100 3549 1278 3617 Ἠμᾶς
1325 3547 1381 3601 δὲ
1436 3548 1610 3617 τούτῳ
1662 3564 1794 3614 συγ-

214 3641 440 3710 χαίρειν
482 3641 598 3706 δεῖ,
635 3643 693 3696 ὲν
741 3640 949 3711 ὑστέρᾳ
990 3658 1053 3708 γε
1113 3640 1378 3710 θεμένους
1426 3641 1492 3693 τὰ
1545 3641 1794 3709 ἡμέτερα

215 3733 367 3786 καλά
392 3733 494 3802 τῆς
524 3733 872 3803 εὐδαιμονίας
908 3735 1143 3800 ἐκείνου,
1178 3732 1483 3805 μεταϐολὴν
1512 3734 1611 3786 οὐκ
1644 3734 1793 3787 ἐκδε-

216 3824 482 3894 χομένης.
547 3824 637 3877 Ἐν
684 3825 862 3895 καιρῷ
916 3826 961 3878 δ’
1012 3826 1080 3879 ἂν
1118 3826 1328 3895 γένοιτο
1384 3825 1484 3893 τῆς
1526 3827 1791 3895 παραινέ-

221 3934 363 3981 σεως
395 3917 663 3987 ἆψασθαι.
694 3918 842 3987 Φημὶ
872 3917 936 3989 δὴ
960 3920 1195 3988 πρέπειν
1229 3920 1364 3987 ἡμῖν
1393 3918 1491 3971 οὐκ
1520 3919 1794 3988 ἀναλγητῖ

219 4011 324 4081 μὲν
361 4012 553 4081 φέρειν
602 4011 701 4079 τὴν
748 4010 960 4063 ἐκείνου
995 4012 1275 4081 στέρησιν,
1332 4011 1521 4081 ὥσπερ
1550 4011 1793 4080 ἠλιθίους

220 4104 597 4173 ὑπάρχοντας.
635 4104 771 4156 Οὐδὲ
810 4104 920 4173 γὰρ
949 4104 1183 4175 ιροῦμεν
1217 4104 1371 4157 οὐδὲν
1393 4142 1407 4167 ,
1451 4104 1574 4157 οὐτε
1604 4122 1794 4174 φορτι-

216 4198 342 4262 κὸν,
385 4196 509 4249 οὐτε
547 4198 744 4268 βίαιον.
791 4197 985 4267 Φέρειν
1029 4198 1075 4251 δ’
1124 4193 1216 4250 οὖν
1259 4199 1451 4267 πράως
1500 4198 1794 4267 πειρᾶσθαι

217 4292 281 4342 τὸ
318 4292 387 4359 τῇ
427 4290 654 4359 προνοίᾳ
688 4288 870 4355 δόξαν,
902 4292 1000 4343 καὶ
1031 4292 1152 4353 ταῖς
1201 4290 1435 4357 ἀγαθαῖς
1467 4291 1700 4356 ἐλπίσιν,
1730 4290 1793 4354 ἃς

220 4383 361 4451 περὶ
414 4381 582 4434 αὐτοῦ
635 4381 837 4444 πάντες
881 4382 1099 4451 ἔχομεν,
1148 4383 1409 4447 έπιεικῶς
1437 4383 1683 4454 ἥδεσθαι.
1734 4384 1795 4436 Ei

217 4477 326 4543 μὲν
368 4477 478 4541 γὰρ
513 4473 581 4527 τά
635 4476 777 4544 μετά
821 4474 998 4528 ταῦτα
1048 4475 1204 4529 οὐδὲν
1252 4471 1392 4530 εἶναι
1442 4478 1793 4545 ἐνομίζομεν,

213 4566 381 4624 ἄλλος
440 4562 508 4615 ἂν
555 4560 623 4632 ἦν
667 4565 859 4633 λόγος’
900 4566 1022 4618 ἐπεὶ
1075 4567 1133 4619 δὲ
1170 4568 1388 4630 πάντως
1435 4571 1526 4620 καὶ
1558 4567 1796 4633 δεδιδάγ-

1899 3447 2067 3501 invidi
2102 3448 2331 3503 aliorum
2381 3452 2658 3519 prosperis
2698 3453 2863 3507 rebus
2915 3471 3045 3510 suas
3098 3458 3271 3511 minui
3318 3459 3467 3512 arbi—

1898 3549 2135 3595 trentur.
2186 3542 2353 3596 Nobis
2400 3552 2607 3610 autem,
2661 3546 2756 3615 qui
2805 3558 2990 3600 nostra
3028 3549 3167 3603 bona
3221 3549 3466 3604 felicitau

1897 3632 2038 3699 ejus,
2064 3633 2194 3686 nulli
2228 3633 2485 3703 deinceps
2520 3638 2809 3692 mutationi
2843 3640 3113 3705 obnoxiae,
3142 3642 3469 3711 posthabea-

1899 3738 2041 3788 mus,
2075 3724 2149 3777 illi
2182 3725 2384 3793 oppido
2414 3728 2866 3798 congaudendum
2898 3734 2991 3787 sit.
3026 3732 3124 3786 Hie
3156 3749 3319 3803 porro
3344 3751 3473 3804 ope-

1899 3831 1970 3869 ra:
2007 3820 2241 3885 pretium
2279 3821 2637 3877 monitionum
2679 3826 3048 3894 auspicemur.
3103 3826 3235 3882 Dico
3284 3828 3470 3898 itaque

1900 3910 2057 3964 nobis
2084 3925 2385 3981 congruum
2411 3930 2555 3977 esse,
2592 3931 2699 3969 non
2740 3918 2958 3985 quidem
2996 3929 3054 3973 ut
3087 3920 3236 3975 nullo
3264 3921 3469 3976 doloris

1898 4019 2085 4069 sensu,
2140 4016 2400 4075 tanquam
2443 4010 2593 4062 stulti
2637 4026 2907 4075 essemus,
2955 4029 3075 4081 ejus
3108 4015 3467 4082 privatiOnem

1900 4095 2142 4153 feramus
2172 4116 2185 4154 :
2224 4115 2401 4168 neque
2427 4102 2572 4156 enim
2601 4116 2766 4173 grave
2800 4104 3005 4173 aliquid
3041 4114 3137 4159 aut
3169 4107 3467 4161 violentum

1898 4191 2099 4245 dicturi
2130 4208 2323 4248 sumus
2350 4211 2362 4259 ;
2394 4195 2486 4250 sed
2522 4207 2580 4249 ut
2612 4212 2873 4251 conemur
2903 4198 3098 4253 leniter
3125 4199 3287 4266 ferre,
3319 4204 3467 4270 quod

1899 4286 2251 4354 providentia:
2284 4286 2459 4342 visum
2507 4289 2619 4351 sit;
2660 4289 2950 4358 bonisque,
2980 4307 3119 4361 quas
3160 4308 3353 4349 omnes
3401 4297 3469 4348 de

1899 4375 1993 4429 illo
2018 4376 2299 4443 habemus,
2320 4380 2820 4447 exspectationibus
2842 4382 3088 4438 modeste
3110 4384 3466 4449 delectentur,

1901 4466 2044 4523 Sane
2073 4471 2320 4539 quidem,
2368 4485 2427 4525 ut
2458 4471 2632 4527 futuri
2669 4476 2767 4529 aevi
2802 4490 2890 4530 res
2923 4477 3056 4530 nihil
3088 4494 3212 4533 esse
3245 4489 3470 4549 putare-

1900 4576 2044 4626 mus,
2069 4563 2211 4618 alius
2233 4566 2394 4619 nobis
2422 4581 2601 4621 sermo
2623 4578 2786 4622 esset.
2812 4569 3108 4638 Postquam
3136 4582 3317 4626 autem
3354 4590 3471 4628 om-

221 4656 394 4725 μεθα,
430 4657 525 4708 καὶ
572 4657 774 4718 παντὸς
808 4658 1011 4727 μᾶλλον
1043 4658 1379 4729 πιστεύομεν
1400 4697 1417 4724 ,
1467 4659 1625 4712 σκιὰν
1655 4656 1795 4712 είναι
1827 4736 1829 4743 Ι

1902 4656 2032 4709 nino
2062 4658 2227 4710 etiam
2263 4656 2409 4711 docti
2437 4673 2648 4724 sumus,
2682 4675 2925 4731 veroque
2959 4664 3105 4717 omni
3139 4666 3343 4719 certius
3370 4666 3469 4718 ha-

214 4749 379 4803 τόνδε
420 4749 511 4801 τὸν
554 4748 691 4819 βίον,
741 4750 835 4804 xui
881 4752 999 4803 ὁδὸν
1040 4752 1177 4820 πρὸς
1228 4752 1319 4805 τὸν
1354 4751 1674 4821 μετέπειτα,
1710 4769 1798 4820 μι-

216 4844 336 4911 κρά
372 4841 481 4896 τῶν
536 4844 665 4913 τῇδε
714 4844 1022 4914 φροντίζειν
1054 4845 1185 4915 χρὴ,
1226 4845 1321 4898 καὶ
1371 4849 1501 4915 περὶ
1545 4847 1653 4898 τῶν
1683 4847 1801 4899 ἐκεῖ

220 4936 510 4988 ποιεῖσθαι
544 4936 637 4989 τῖον
670 4938 850 4991 πάντα
880 4938 1058 5005 λόγον.
1113 4939 1224 4991 Καὶ
1268 4938 1333 5008 δὴ
1360 4938 1505 4992 δυοῖν
1545 4939 1795 5008 θάτερον

222 5029 331 5097 χρὴ
362 5029 475 5095 γάρ
508 5028 682 5099 δήπου
711 5030 864 5083 τόνδε
896 5031 1225 5099 φιλοῦντας,
1268 5032 1527 5085 τοσοῦτον
1564 5033 1707 5103 μέγα
1735 5050 1799 5085 τε

222 5120 318 5172 ταὶ
378 5119 539 5184 πολὺ,
596 5122 794 5178 ὁπόσον
852 5122 1085 5187 ἕκαστος
1140 5124 1289 5194 ἔργῳ
1329 5126 1593 5191 δείκνυσι,
1641 5124 1673 5193 ἢ
1722 5125 1798 5194 μὴ

214 5212 477 5280 νομίζειν
517 5210 657 5266 εῖναι
713 5215 855 5283 μετὰ
909 5215 1066 5278 Θεοῦ,
1109 5217 1410 5289 καὶταύτῃ
1450 5219 1639 5270 τοῦτον
1677 5217 1798 5269 όδύ-

213 5304 446 5375 ρεσθαι,
482 5306 676 5375 μηδενὶ
705 5309 1128 5377 κατεχομένους,
1164 5311 1302 5379 μήτε
1352 5310 1621 5381 λογισμῷ,
1659 5313 1797 5381 μήτε

211 5398 459 5467 λόγῳ,ἢ
513 5401 776 5454 τάναντία
825 5401 1171 5467 δοξάζοντας,
1230 5404 1327 5456 καὶ
1378 5405 1643 5455 τάναντία
1688 5405 1799 5457 τῶν

208 5492 481 5561 ὀδυρμῶν
536 5496 825 5562 πράττειν.
872 5494 1031 5546 Ἀλλὰ
1084 5494 1188 5566 μὴν
1234 5498 1441 5548 ἐκεῖνον
1470 5496 1798 5565 πιστεύομεν

208 5581 365 5635 εἶναι
417 5583 519 5653 μὲν
553 5586 612 5637 ἐν
656 5585 886 5655 καθαρῷ
936 5586 1109 5656 λύπης
1161 5588 1377 5657 ἀπάσης
1413 5590 1619 5659 χωρίῳ·
1658 5585 1798 5641 εἶναι

205 5675 271 5730 δὲ
304 5676 365 5726 ὲν
400 5676 575 5743 φίλων
613 5678 817 5745 χοροῖς
853 5673 992 5729 εἶναι
1043 5678 1099 5731 δὲ
1150 5679 1208 5733 ὲν
1242 5680 1541 5747 συγγενῶν·
1572 5675 1711 5733 εἶναι
1743 5680 1798 5733 δὲ

208 5774 277 5821 ὲν
311 5768 392 5835 τῷ
430 5771 594 5834 φωτὶ,
626 5768 654 5819 ὃ
693 5769 861 5835 φανὲν
901 5769 1046 5822 κατὰ
1080 5770 1273 5841 καιρὸν
1298 5812 1313 5837 ,
1350 5770 1613 5824 σκοτώσει
1644 5773 1796 5824 τόνδε

202 5865 309 5913 τὸν
336 5862 494 5931 ἥλιον
530 5866 597 5933 τῇ
644 5864 813 5934 πολλῇ
853 5864 1220 5934 λαμπρότητι.
1258 5866 1368 5917 Καὶ
1412 5865 1439 5917 ὃ
1481 5866 1545 5933 δὴ
1576 5867 1797 5920 πάντων

206 5953 571 6021 ὑπέρκειται,
624 5953 814 6009 τοῦτον
867 5958 1025 6024 ἡμεῖς
1056 5954 1387 6024 πιστεύομεν
1416 5958 1685 6025 συνῆφθαι
1718 5960 1795 6027 τῷ

1901 4750 2116 4814 hemus,
2176 4753 2424 4804 umbram
2476 4766 2597 4807 esse
2647 4753 2751 4807 hoc
2784 4756 3068 4817 szeculum,
3102 4756 3355 4827 viamque
3402 4761 3469 4812 ad

1902 4841 2147 4897 futurum
2188 4843 2343 4908 illud,
2379 4844 2524 4898 haud
2561 4845 2723 4914 plane
2768 4847 3071 4915 impensior
3107 4850 3192 4903 his
3221 4851 3468 4905 habenda

1902 4950 2057 5000 cura,
2078 4935 2294 4988 illorum
2312 4946 2494 4989 autem
2521 4937 2745 4991 omnino
2767 4939 3017 4991 habenda
3043 4938 3114 4992 sit
3136 4940 3295 4993 ratio.
3328 4939 3470 4993 Duo-
3496 4956 3499 4957 ν

1903 5041 2023 5079 rum
2058 5027 2258 5094 quippe
2300 5026 2529 5082 alterum
2556 5042 2781 5083 necesse
2811 5036 2892 5083 est
2926 5046 2941 5083 :
2974 5039 3033 5083 ut
3063 5031 3157 5099 qui
3185 5034 3351 5085 vitam
3393 5033 3467 5087 ita

1902 5119 2151 5187 impense
2173 5118 2487 5184 diligamus,
2526 5120 2605 5173 uti
2645 5122 2879 5190 quisque
2909 5120 3053 5176 iacto
3085 5124 3347 5190 ostendit,
3386 5127 3469 5180 vel

1904 5225 2011 5264 non
2047 5209 2338 5265 credamus
2374 5226 2497 5266 esse
2532 5226 2659 5265 cum
2691 5212 2824 5275 Deo,
2855 5227 3033 5281 eaque
3064 5214 3216 5267 illum
3248 5215 3365 5270 dire
3388 5216 3472 5271 lu-

1902 5320 2147 5376 geamus,
2179 5319 2307 5357 cum
2332 5320 2432 5359 nec
2455 5305 2716 5374 cogitatio
2745 5305 2927 5374 aliqua
2955 5322 3055 5360 nec
3086 5309 3227 5360 ratio
3252 5314 3467 5362 teneat:

1903 5400 1985 5452 vel
2020 5399 2297 5452 contraria
2334 5399 2655 5463 sentientes,
2686 5402 2970 5455 contraria
3003 5414 3222 5469 quoque
3251 5399 3471 5470 gemiti-

1901 5490 2004 5543 bus
2055 5505 2302 5559 agamus.
2355 5490 2626 5544 Caeterum
2672 5492 2951 5546 credimus
3001 5492 3055 5544 in
3092 5492 3212 5545 loco
3250 5505 3373 5547 esse
3403 5492 3470 5545 ab

1901 5582 2050 5636 omni
2087 5582 2311 5637 tristitia
2344 5597 2551 5636 vacuo:
2586 5585 2641 5635 in
2666 5583 2969 5637 amicorum
3011 5598 3076 5638 ac
3111 5596 3470 5655 cognatorum

1900 5675 2105 5730 versari
2127 5676 2311 5731 choris
2336 5693 2350 5741 ;
2374 5690 2495 5730 esse
2524 5677 2576 5728 in
2606 5675 2835 5740 lumine.
2871 5678 3019 5747 quod
3053 5677 3349 5747 aliquando
3374 5693 3474 5753 ap-

1901 5783 2122 5838 parens,
2159 5769 2326 5825 solem
2362 5768 2506 5822 hunc
2532 5768 2747 5839 fulgore
2780 5771 2950 5825 multo
2976 5772 3047 5826 sit
3068 5772 3468 5829 obscuratum:

1901 5864 2157 5933 quodque
2203 5863 2469 5917 universis
2513 5864 2588 5918 sit
2639 5865 3012 5933 praestantius,
3045 5865 3322 5921 credimus
3348 5878 3472 5921 esse

1903 5958 2258 6027 conjunclutn
2291 5957 2563 6013 Salvatori
2600 5959 2840 6026 Christo,
2879 5957 3135 6016 Ecclesiae
3177 5962 3344 6017 totius
3373 5976 3468 6017 ca-
