4208 6444
235 458 340 518 3’05)
998 462 1394 524 TIIEODORI
1442 460 1803 522 DESPOTzE
1836 462 2227 525 LAUDATIO
2268 464 2674 527 FUNEBBIS.

3378 456 3486 518 306

236 573 659 642 ἀπαλλαγέντας
690 572 895 628 τούτων
918 579 1125 645 τυχεῖν,
1153 574 1262 647 πρδ
1290 576 1384 630 τοῦ
1414 577 1562 643 τινὸς
1596 578 1707 633 τῶν
1737 581 1815 632 εῖ-

1919 577 2122 633 rientes
2155 593 2217 631 ea
2270 577 2561 646 consequi,
2623 573 2787 629 nullis
2842 572 3111 627 hactenus
3137 566 3491 638 prmfalorum

240 686 307 737 ρη
319 669 499 736 μένων
544 670 861 737 μετασχεῖν,
892 670 987 737 τῆς
1017 668 1278 739 δευτέρας
1305 670 1523 734 πάντως
1553 671 1619 725 ἂν
1646 672 1810 741 γενὴο

240 758 405 813 σεσθε
449 760 667 830 μοίρας,
714 761 878 814 κάκεῖ
914 760 1023 814 τῶν
1068 762 1196 831 τῇδε
1228 762 1650 833 προκρίναντες.
1686 761 1812 825 ῐῘῶς

238 849 332 903 οὖν
359 851 423 903 οὐ
456 852 809 906 παντάπασιν
840 852 1063 918 ἄτοπον,
1096 857 1144 905 εἰ
1179 853 1321 922 άπερ
1371 854 1601 916 ἕκαστος
1634 854 1813 923 ἑαυτῷ

242 941 521 1011 βούλεται,
569 941 747 996 ταῦτα
792 942 871 1011 μὴ
919 943 1062 1013 ὑπὲρ
1122 945 1233 997 τῶν
1279 945 1450 1014 φίλων
1496 944 1811 1013 θελὴσειενς

253 1036 659 1106 Ἑνθυμὼμεθα
702 1036 759 1089 δὲ
790 1037 1048 1090 κάκεῖνοο
1101 1039 1150 1090 εί
1176 1040 1241 1091 ὲκ
1290 1037 1383 1091 τοῦ
1418 1039 1624 1109 σφόδρα
1665 1038 1815 1091 τόνδε

242 1128 517 1196 φιλεῖσθαι
549 1128 683 1199 παρ’
732 1130 913 1199 ἡμῶν,
963 1130 1292 1195 ἀπελθόντος
1345 1131 1673 1202 ὀδυρόμεθα,
1721 1132 1817 1184 καὶ

243 1221 343 1288 τὴν
376 1220 524 1291 ζωὴν
552 1221 720 1290 χείρω
757 1223 1075 1291 νομίζομεν,
1117 1222 1147 1291 ἡ
1184 1225 1231 1276 εἰ
1275 1224 1528 1285 θανόντες
1573 1224 1819 1291 ἀπηλλά-

245 1311 445 1379 ξαμεν,
484 1312 772 1381 πρόδηλον,
795 1314 878 1365 ὅτι
910 1315 1161 1376 κάκεῖνος
1192 1314 1363 1381 φιλῶν
1399 1314 1564 1383 ἡμᾶς,
1596 1315 1821 1383 φίλτρον

245 1401 523 1471 μηδαμῶς
553 1404 777 1456 ἔλαττον
804 1403 1020 1456 τουτουῖ
1049 1403 1144 1456 τοῦ
1180 1406 1311 1475 παρ’
1335 1404 1491 1474 ἡμῶν
1520 1406 1654 1475 πρὸς
1682 1407 1824 1459 ἐκεῖ-

246 1512 362 1560 νον,
415 1494 515 1564 τὴν
558 1496 820 1565 ταχίστην
873 1496 941 1550 ἂν
998 1497 1287 1565 ἠγάπησεν
1336 1498 1615 1563 ἀπελθεῖν,
1662 1499 1822 1568 ἡμῶν

246 1586 463 1638 ἐκείνου
496 1588 972 1657 προαπελθόντων.
1004 1590 1114 1642 Καὶ
1152 1590 1300 1658 μάλα
1330 1590 1578 1653 είκότως.
1613 1590 1676 1643 Εἰ
1714 1591 1823 1660 γὰρ

248 1674 318 1747 ἦν
346 1678 483 1747 ἡμῖν
513 1679 695 1749 εὑρεῖν
731 1680 1084 1751 παραμυθίαν
1112 1684 1214 1751 τῆς
1244 1682 1445 1751 λύπης,
1493 1683 1730 1753 κάκείνῳ
1758 1682 1825 1737 ἂν

249 1772 466 1838 γένοιτο
485 1790 500 1804 ’
524 1773 573 1826 εί
604 1772 705 1844 οὐχ
750 1768 863 1827 οἷόν
910 1791 968 1829 τε
998 1775 1155 1844 ἡμῖν,
1206 1774 1318 1828 οὐδ’
1348 1775 1546 1845 ἐκείνῳ
1609 1777 1826 1839 πάντως

250 1864 322 1917 ἂν
361 1859 455 1936 ἧν.

325 2001 403 2054 Τὸ
436 2002 535 2065 μιν
582 2002 675 2057 οὖν
710 2004 979 2074 ἑπόμενον
1020 2008 1133 2071 τοῖς
1178 2008 1495 2078 είρημὲνοις
1541 2009 1718 2069 ἐστὶν,
1746 2008 1823 2071 ὡς

252 2096 366 2165 ἀρα
389 2098 640 2165 κρεῖττον
663 2100 921 2152 ἀπελθεῖν
948 2100 1053 2170 πρὸ
1068 2101 1179 2154 τῶν
1202 2101 1356 2169 φιλου
1366 2100 1566 2170 μένων,
1586 2100 1618 2169 ἢ
1647 2101 1826 2163 ζῶντα

253 2188 467 2242 τούτων
490 2190 800 2257 στερεῖσθαι
824 2192 891 2257 τῇ
932 2190 1263 2259 μεταστάσει
1297 2189 1406 2243 τῶν
1429 2190 1579 2259 τῇδε.
1616 2189 1756 2257 Ἐγὼ
1781 2190 1828 2243 δ’

256 2276 357 2333 οὖν
380 2281 533 2351 ὅμως
558 2285 835 2352 χρήσομαι
866 2283 1219 2353 μετριωτέρῳ
1247 2282 1325 2352 τῷ
1348 2282 1514 2351 λόγῳ.
1544 2283 1620 2352 Φη
1632 2282 1691 2351 μὶ
1715 2278 1831 2344 οὖν,

258 2376 338 2438 ὡς
368 2375 421 2429 εῐ
452 2394 537 2439 τις
581 2378 718 2446 ἡμῖν
763 2377 1000 2444 κάκείνῳ
1038 2374 1351 2445 προῦθηκεν
1404 2375 1635 2445 αἵρεσιν,
1686 2375 1835 2443 ἡμᾶς

260 2470 480 2523 ἐκείνου
528 2469 914 2538 προαπελθεῖν,
949 2468 981 2539 ἡ
1025 2469 1354 2534 τούναντίον,
1396 2468 1556 2538 ἡμῶν
1602 2468 1832 2531 ἐκεῖνον,

261 2560 525 2614 ὁπόθεσιν
549 2561 847 2633 παρισχετ’
877 2561 943 2614 ἂν
974 2559 1329 2631 ἀμφοτέροις,
1359 2562 1422 2613 οὐ
1459 2559 1653 2631 ῥᾳδίαν
1682 2558 1836 2630 ἔχου-

263 2670 369 2705 σαν
398 2654 602 2721 κρίσιν.
654 2654 779 2707 Εῐτε
839 2654 948 2721 γάρ
983 2653 1148 2706 καλὸν
1190 2658 1253 2706 τὸ
1295 2656 1417 2722 ζῇν,
1462 2652 1595 2706 ἀλλά
1644 2653 1703 2704 τὸ
1738 2652 1836 2706 σὺν

263 2747 415 2817 λύπῃ
442 2748 681 2817 διηνεκεῖ
716 2751 1067 2803 παντάπασιν
1124 2749 1433 2817 ἀφόρητον·
1476 2748 1586 2801 εἴτε
1647 2750 1836 2800 ὲπιθυ-

269 2841 450 2911 μητὸν
476 2841 827 2911 ἀπηλλάχθαι
848 2840 962 2893 τῶν
989 2840 1331 2903 λυπούντων,
1365 2839 1501 2893 ἀλλά
1531 2840 1593 2892 τὸ
1621 2839 1711 2893 διά
1744 2838 1839 2891 θα·

266 2935 458 2999 νάτου,
491 2935 617 3002 ὃνγε
647 2934 918 3003 πέφρικεν
947 2933 1093 2995 ἄπας
1135 2931 1445 3003 ἄνθρωπος,
1477 2930 1538 2985 οὗ
1576 2950 1664 3000 μοι
1692 2932 1841 2985 δοκεῖ

271 3027 460 3098 ῥᾴδιον
514 3023 653 3079 εἶναι
700 3025 948 3095 θελῆσαι.
1001 3026 1091 3087 Ὦς
1133 3021 1227 3079 οὗν
1276 3023 1445 3093 μηδὲν
1492 3022 1746 3094 εὔκριτον
1782 3022 1839 3077 ὃν

269 3120 410 3187 ἡμῖν
434 3118 560 3187 περὶ
589 3118 794 3171 τούτων
815 3118 995 3187 εὑρεῖν
1026 3114 1248 3186 ζητοῦσι
1276 3117 1336 3170 τὸ
1361 3116 1590 3187 βέλτιον,
1629 3115 1841 3184 στέργω

275 3211 380 3281 μὲν
417 3208 479 3262 τὸ
515 3211 580 3279 τῇ
617 3208 847 3278 προνοίᾳ
890 3208 1072 3271 δόξαν,
1103 3208 1327 3273 άμεινον
1358 3206 1715 3275 οἱκονομούσῃ
1772 3205 1842 3258 τά

270 3304 401 3357 καθ’
432 3304 602 3372 ἡμᾶς,
639 3304 671 3372 ἡ
711 3304 872 3371 ἡμεῖς
910 3300 1237 3369 βουλόμεθα.
1276 3297 1409 3360 Θεὸς
1439 3299 1539 3367 μὲν
1581 3298 1688 3366 γὰρ
1722 3297 1842 3349 ὲπί-

273 3411 492 3458 σταται,
528 3396 616 3447 καὶ
644 3392 889 3459 δύναται,
925 3392 1017 3446 καὶ
1053 3392 1327 3461 βούλεται,
1358 3391 1419 3444 τὸ
1450 3393 1585 3443 πᾶσι
1624 3390 1843 3442 λυσιτε-

271 3489 444 3552 λῆσον
463 3505 478 3520 ο
512 3489 675 3558 ἡμεῖς
703 3487 759 3540 δὲ
795 3489 903 3539 τῶν
934 3487 1193 3557 χειρόνων
1219 3484 1532 3553 ὀρεγόμεθα
1557 3484 1840 3548 πολλάκις,

274 3579 347 3631 τὰ
393 3578 586 3646 βελτίω
627 3577 996 3640 δισπτύοντες,
1045 3576 1220 3645 παρδν
1265 3574 1432 3645 ἔχειν,
1466 3574 1561 3629 καὶ
1602 3574 1670 3626 τά
1724 3574 1846 3627 καθ’

278 3670 442 3740 ἡμῶν
476 3669 658 3721 αὐτῶν
690 3669 812 3722 ἀντὶ
862 3669 969 3720 τῶν
1023 3667 1165 3735 ὑπὲρ
1206 3667 1364 3735 ἡμῶν
1396 3664 1714 3733 ἀγνοοῦντες
1763 3667 1849 3735 ὲρ⁴

276 3761 588 3829 γαζόμεθα.
622 3760 777 3813 Ὢστ⁹
809 3756 963 3830 οἶμαι
992 3761 1085 3812 καὶ
1128 3759 1189 3811 τὸ
1219 3760 1442 3827 ἄμεινον
1476 3757 1731 3826 οὐδαμῶς
1765 3758 1849 3809 ὲν-

277 3856 462 3910 ταῦθα
492 3856 769 3909 λέλεκται.

354 4074 447 4144 Μὴ
474 4073 539 4143 δὴ
570 4073 837 4142 πρότερον
863 4071 958 4124 τοῦ
985 4071 1090 4125 νεὼ
1118 4071 1492 4142 προέλθωμεν,
1523 4071 1653 4141 πρὶν
1681 4070 1713 4140 ἢ
1741 4072 1853 4134 τοῖς

278 4164 571 4231 λογισμοῖς
589 4161 880 4231 ἐπιτρέψαι
906 4162 1110 4229 τοσῷδε
1137 4162 1297 4230 μόνον
1322 4161 1566 4230 χρῆσθαι
1593 4163 1659 4231 τῇ
1682 4159 1852 4230 λύπῃ,

279 4263 392 4328 ὅσῳ
420 4257 557 4327 μηδὲ
587 4256 678 4310 τδν
698 4256 831 4308 Θεὸν
860 4253 1166 4323 παροξῦναι
1196 4254 1273 4324 τῷ
1296 4253 1394 4323 τῆς
1415 4251 1650 4323 ἀθυμίας
1687 4254 1856 4321 ὑπερ-

280 4353 562 4412 ϐάλλοντι,
628 4350 763 4418 μήτε
821 4348 914 4400 τὸν
974 4348 1251 4417 ἐρώμενον
1313 4345 1555 4399 ἀνιᾶσαι.
1613 4338 1693 4396 Ἦ
1749 4345 1855 4413 γάρ

281 4444 594 4501 ἀνιάσεται,
631 4442 679 4493 εί
710 4442 770 4494 τὸ
799 4438 941 4491 θεῖον
975 4437 1438 4508 παροργίσαιμεν,
1472 4434 1762 4490 καὶταῦτα
1786 4436 1854 4489 δι’

1915 673 2217 739 perceptis,
2258 680 2597 738 postremum
2626 668 2727 721 hoc
2760 665 2985 719 omnino
3016 662 3314 722 electuros,
3344 668 3498 729 post-

1915 764 2187 818 habentes
2214 778 2336 831 quae
2363 770 2498 815 sunt
2528 760 2628 815 aevi
2685 758 2993 828 praesentis,
3030 757 3099 811 iis
3138 769 3259 822 quae
3298 753 3491 809 futuri.

1913 850 2105 905 Nonne
2135 866 2264 921 ergo
2311 865 2537 920 prorsus
2573 848 2899 909 absurdum,
2939 857 2999 899 ut
3030 860 3152 916 qua:
3202 845 3306 899 sibi
3342 845 3497 912 quis-

1915 959 2023 1014 que
2054 943 2203 1006 velit,
2232 958 2295 997 ea
2327 945 2462 997 nolit
2486 957 2585 1012 pro
2627 940 2825 995 amicis
2855 939 3003 993 ?Sed
3036 948 3090 993 et
3117 939 3247 992 illud
3292 952 3496 1006 pense-

1918 1050 2061 1100 mus,
2100 1035 2369 1103 siquidem
2438 1050 2505 1091 eo
2545 1034 2689 1103 quod
2748 1034 2999 1103 impense
3058 1046 3327 1093 amemus,
3399 1045 3498 1099 pro

1918 1128 2460 1198 defunctolugemus,
2501 1126 2778 1196 vitamque
2820 1125 3146 1182 deteriorem
3218 1133 3495 1194 putamus,

1920 1236 2083 1290 quam
2129 1220 2176 1277 si
2232 1221 2435 1274 mortui
2485 1234 2731 1274 essemus
2788 1236 2803 1285 ;
2864 1219 3037 1286 liquet
3089 1217 3263 1287 palam
3321 1224 3379 1270 ut
3440 1226 3493 1270 ct

1922 1314 2009 1367 ille
2031 1328 2128 1367 nos
2149 1329 2365 1375 amans,
2386 1313 2549 1382 idque
2583 1328 2645 1366 ea
2695 1312 2900 1367 amoris
2927 1312 3136 1380 vi,qua:
3155 1312 3287 1364 nihil
3315 1322 3501 1365 nostro

1922 1410 2231 1463 mortalium
2257 1413 2433 1471 cedat,
2453 1423 2615 1475 quam
2644 1408 2911 1462 citissime
2943 1408 3080 1461 mori
3113 1407 3396 1470 voluisset,
3435 1418 3496 1460 ut

1922 1500 2015 1556 illo
2037 1516 2137 1555 nos
2160 1502 2373 1570 priores
2408 1501 2857 1557 decessissemus.
2895 1501 3067 1569 Atque
3096 1501 3146 1555 id
3176 1500 3393 1555 merito.
3418 1500 3505 1554 Si-

1924 1597 2140 1665 quidem
2174 1596 2317 1651 enim
2355 1596 2603 1651 levamen
2651 1596 2883 1649 tristitia:
2939 1595 3183 1649 invenire
3219 1610 3505 1664 possumus

1923 1697 2108 1758 posset
2129 1688 2294 1745 ctille
2324 1707 2339 1757 ;
2377 1691 2461 1744 sin
2492 1704 2600 1743 non
2662 1704 2983 1758 possumus,
3016 1703 3116 1743 nec
3149 1688 3236 1743 ille
3283 1688 3507 1742 omnino

1926 1791 2129 1850 posset.

2000 2008 2055 2062 ld
2081 2023 2211 2077 ergo
2242 2024 2303 2063 ex
2337 2010 2501 2063 dictis
2534 2024 2881 2078 consequens
2910 2008 2966 2062 fit
3000 2018 3261 2079 praestare
3294 2018 3351 2063 ut
3383 2018 3510 2064 ante

1932 2101 2130 2155 charos
2155 2101 2412 2176 decedas,
2436 2117 2596 2168 quam
2634 2111 2693 2155 ut
2722 2101 2909 2156 vivens
2942 2103 3009 2158 iis
3033 2104 3267 2172 priveris
3314 2118 3506 2157 eorum

1936 2194 2323 2264 migrationea
2382 2194 2509 2247 vita.
2572 2192 2681 2264 Ego
2738 2194 3097 2251 nihilominus
3153 2196 3507 2249 moderntiori

1939 2300 2190 2339 sermOue
2244 2294 2412 2337 utar:
2464 2284 2588 2337 dico
2645 2298 2798 2354 ergo,
2855 2294 2913 2339 ut
2960 2287 3083 2355 quis
3134 2288 3293 2341 nobis
3326 2288 3512 2358 illique

1937 2377 2244 2447 eligendum
2287 2385 2642 2446 proponeret,
2672 2388 2731 2431 ut
2772 2388 2866 2433 aut
2898 2379 2995 2448 ipsi
3051 2379 3260 2448 priores
3294 2380 3386 2433 illo
3422 2380 3516 2434 de-

1938 2476 2281 2540 cederemus,
2315 2482 2411 2528 aut
2432 2488 2461 2528 e
2489 2472 2801 2535 contra,ille
2828 2473 2990 2528 nobis
3018 2475 3168 2542 prior
3220 2488 3511 2542 argumen-

1941 2576 2054 2621 tum
2089 2566 2342 2633 utrisque
2372 2565 2636 2635 praeberet
2669 2565 2812 2620 baud
2838 2566 3051 2635 judicio
3103 2566 3283 2621 facile.
3325 2564 3513 2631 Quan-

1939 2673 2100 2726 quam
2124 2658 2271 2712 enim
2304 2658 2505 2711 bonum
2537 2668 2623 2710 est
2666 2658 2872 2722 vivere,
2923 2657 3040 2728 jugi
3092 2665 3275 2712 tamen
3332 2658 3516 2712 vivere

1942 2752 2186 2813 tristitia,
2217 2749 2441 2803 omnino
2473 2750 2835 2803 intolerabile.
2859 2749 3186 2818 Quanquam
3214 2765 3343 2804 vero
3360 2758 3518 2819 opta-

1941 2843 2049 2898 bile
2097 2858 2126 2897 a
2154 2843 2401 2897 tristibus
2431 2842 2674 2907 liberari,
2699 2850 2756 2896 ut
2774 2850 2954 2897 tamen
2973 2857 3068 2912 per
3088 2851 3336 2907 mortem,
3354 2857 3515 2909 quam

1941 2948 2131 2991 omnes
2164 2935 2413 2993 horrent,
2445 2932 2589 2985 haud
2626 2934 2771 2988 ullus
2802 2941 2934 3002 puto
2972 2933 3133 2988 facile
3172 2935 3223 2987 in
3266 2936 3512 2987 animum

1944 3025 2191 3091 inducat,
2254 3036 2312 3080 ut
2344 3026 2491 3084 velit.
2525 3026 2811 3095 Tanquam
2871 3042 3002 3095 ergo
3054 3027 3256 3097 quibus
3305 3026 3517 3095 potiora

1944 3116 2371 3186 inquirentibus,
2393 3120 2533 3173 haud
2556 3118 2714 3173 facile
2743 3117 2867 3171 site
2894 3132 2952 3171 re
2980 3116 3249 3185 judicare,
3284 3117 3519 3171 libentes

1872 3236 1914 3295 ς
1947 3209 2343 3277 amplectamur
2367 3211 2511 3277 quod
2539 3211 2715 3265 visum
2754 3218 2838 3263 est
2878 3208 3256 3278 providentiae,
3301 3220 3518 3262 nostras

1946 3316 2033 3355 res
2066 3301 2257 3356 melius
2288 3302 2626 3372 dispensanti
2652 3317 2813 3371 quam
2846 3301 2927 3355 vel
2981 3302 3085 3369 ipsi
3129 3302 3379 3355 velimus.
3414 3300 3516 3354 Su-

1947 3409 2014 3448 ne
2036 3394 2179 3449 euim
2212 3393 2355 3448 Deus
2388 3395 2568 3448 omnia
2606 3396 2729 3456 scit,
2781 3400 3068 3463 potestque
3116 3408 3181 3447 ac
3212 3394 3327 3447 vult
3372 3396 3519 3461 quod

1947 3482 2217 3537 universis
2257 3484 2523 3539 conducat
2551 3499 2686 3538 :nos
2716 3494 2899 3538 autem
2933 3498 3040 3537 non
3073 3499 3198 3537 raro
3251 3484 3520 3539 deteriora

1946 3575 2276 3645 appetimus,
2313 3576 2512 3643 spretis
2540 3576 2697 3631 bonis
2732 3591 2855 3630 cum
2888 3576 3104 3629 illorum
3137 3574 3291 3644 copia
3318 3591 3520 3645 suppe-

1948 3670 2012 3722 tit
2049 3687 2064 3731 ;
2093 3683 2300 3737 proque
2334 3684 2401 3724 eo
2428 3678 2484 3723 ut
2509 3671 2670 3723 nobis
2702 3670 2844 3723 bona
2876 3684 3193 3737 Operemur,
3238 3684 3335 3738 per
3367 3670 3521 3738 igno-

1950 3758 2183 3813 rantiam
2226 3774 2342 3827 qure
2380 3760 2533 3812 nobis
2569 3768 2699 3813 sunt
2730 3760 2868 3812 mala
2888 3759 3124 3827 agimus.
3153 3756 3519 3824 Quamobrem

1952 3850 2205 3903 existimo
2246 3865 2591 3920 nequaquam
2618 3851 2704 3905 hic
2730 3850 2897 3905 fuisse
2923 3851 3126 3905 dictum
3152 3850 3295 3919 quod
3328 3850 3523 3904 melius

1953 3950 2055 3997 est.

2024 4079 2100 4134 Ne
2128 4080 2280 4150 prius
2310 4094 2442 4151 ergo
2476 4080 2678 4149 templo
2710 4095 2988 4147 exeamus,
3015 4096 3178 4150 quam
3206 4089 3263 4134 ut
3282 4082 3356 4136 ita
3380 4081 3523 4135 dun-

1957 4182 2105 4228 taxat
2124 4172 2399 4227 tristitiam
2419 4172 2617 4226 animis
2643 4172 3039 4241 permittamus,
3063 4183 3120 4225 ut
3154 4175 3270 4243 ejus
3296 4190 3523 4229 excessu

1956 4265 2183 4320 minime
2217 4264 2382 4319 Deum
2424 4265 2727 4326 irritemus,
2762 4274 2923 4317 autve
2952 4264 3213 4317 dilectum
3272 4264 3524 4319 offenda-

1958 4370 2096 4409 mus.
2137 4354 2280 4409 Sane
2327 4356 2474 4408 enim
2535 4352 2778 4407 futurum
2824 4362 2909 4408 est
2938 4366 2995 4407 ut
3046 4353 3135 4407 ille
3189 4353 3520 4417 offendatur,

1958 4446 2226 4516 siquidem
2254 4445 2654 4499 irritaverimus
2686 4442 2854 4497 Deum
2883 4462 2896 4507 ;
2927 4444 3088 4513 idque
3113 4444 3233 4512 ejus
3277 4448 3526 4514 cumpri-

282 4537 453 4588 αὐτὸν
490 4536 585 4586 καὶ
613 4534 714 4601 τὴν
761 4532 969 4584 ἐνθένδε
1000 4530 1154 4584 τοῦδε
1205 4531 1455 4599 πορείαν.
1500 4528 1774 4598 Δείξωμεν
1798 4529 1824 4580 δ

1916 4575 1931 4623 ι
1960 4540 2065 4594 mis
2094 4553 2281 4603 causa,
2311 4552 2373 4592 ac
2391 4544 2608 4607 propter
2638 4536 3014 4606 migrationem
3047 4536 3227 4603 ipsius
3243 4537 3528 4592 abahuma-

282 4629 381 4679 καὶ
414 4628 541 4686 τοὺς
573 4623 831 4694 ἐραστὰς,
862 4624 940 4692 τῷ
969 4621 1283 4677 ἀναλίσκειν
1308 4622 1448 4692 ὑπὲρ
1475 4625 1569 4692 τῆς
1596 4621 1689 4675 τοῦ
1720 4623 1857 4691 ἐρω-

286 4720 356 4788 μέ
373 4736 458 4773 θου
482 4716 686 4787 ψυχῆς,
714 4716 860 4778 ὅπως
888 4715 955 4768 ἂν
982 4715 1211 4775 ῑκαστος
1258 4712 1499 4774 δύναιτο,
1535 4718 1631 4765 καὶ
1678 4713 1857 4783 κρίνοι

285 4811 523 4882 πρέπειν
569 4806 739 4878 αὐτῷ.
777 4805 948 4859 Τοῦτο
997 4806 1105 4875 γάρ
1153 4805 1349 4875 ἐκείνῳ
1404 4806 1562 4874 μόνον
1615 4821 1856 4858 συνεισε-

287 4902 513 4970 νεγκεῖν
545 4900 747 4963 πάντες
775 4899 994 4968 ἔχομεν,
1028 4899 1122 4951 καὶ
1149 4896 1310 4950 τοῦτο
1341 4897 1408 4951 αὖ
1438 4897 1699 4961 ἐπίδειξις
1728 4896 1860 4966 ἀλη-

287 4994 529 5060 θεστάτη
559 4990 804 5043 λείπεται
838 4989 937 5051 τῆς
956 4991 1035 5051 είς
1065 4988 1273 5041 ἐκεῖνον
1299 4989 1519 5057 ἀγάπης
1546 5005 1560 5019 ·
1597 4989 1693 5041 καὶ
1724 5005 1857 5040 συν-

287 5088 433 5139 οίσει
484 5082 584 5153 μὲν
612 5081 855 5148 κάκείνῳ
897 5080 1169 5150 ἀνθρώπῳ
1210 5080 1501 5148 πεφυκότι,
1571 5082 1665 5134 καὶ
1702 5079 1858 5150 πηλῷ

288 5175 368 5246 τῷ
400 5174 617 5243 σώματι
667 5171 841 5242 τούτῳ
875 5173 1253 5240 συγγεγονότι,
1298 5165 1341 5239 ᾧ
1380 5172 1455 5243 μὴ
1497 5167 1608 5225 οἷόν
1636 5189 1695 5225 τε
1731 5190 1859 5225 συν-

288 5270 423 5320 όντα
468 5262 707 5332 καθαρὸν
769 5264 1116 5316 παντάπασιν
1149 5263 1478 5332 εὖρεθῆναιο
1530 5264 1767 5317 συνοίσει
1802 5264 1859 5317 δὲ

287 5359 392 5411 καὶ
426 5356 581 5425 ὑμῖν,
604 5355 700 5408 ἀτε
720 5355 783 5425 δὴ
811 5356 906 5407 καὶ
935 5356 1057 5408 δέον
1077 5354 1293 5424 ἀποπλη
1304 5355 1489 5425 ροῦσιν
1506 5356 1660 5427 ἀνδρὶ
1684 5356 1862 5408 πάντα

288 5448 494 5516 ἀγαθῷ
530 5449 627 5500 καὶ
673 5447 932 5520 δεσπότῃ,
984 5448 1080 5501 καὶ
1108 5448 1268 5518 αίτίῳ
1297 5466 1360 5516 γε
1391 5448 1601 5501 πολλῶν
1630 5448 1723 5501 καὶ
1765 5465 1864 5518 με-

290 5542 483 5610 γάλων
513 5540 734 5607 ἀγαθῶν
778 5540 1047 5609 γεγονότι,
1093 5542 1191 5594 καὶ
1248 5541 1343 5595 νῦν
1373 5546 1636 5613 μεγίστην
1687 5542 1862 5611 ἔχοντι

290 5633 483 5702 χώραν
507 5631 659 5699 παρά
696 5632 836 5701 Θεῷ,
868 5633 966 5685 καὶ
1008 5632 1323 5702 τευξομένῳ
1368 5634 1639 5703 μείζονος,
1668 5634 1799 5686 ὅταν
1830 5635 1863 5703 ἡ

289 5724 452 5792 κοινὴ
488 5720 583 5774 τοῦ
634 5722 826 5789 γένους
876 5724 1029 5778 ἑστία
1057 5726 1151 5777 καὶ
1187 5726 1371 5795 μήτηρ
1420 5724 1516 5795 ἡδε
1562 5724 1635 5794 γῆ
1678 5724 1865 5794 ἀποδῷ

292 5818 378 5887 τῷ
405 5813 684 5883 πνεύματι
728 5815 789 5867 τὸ
833 5819 1178 5885 συνεργῆσαν
1226 5817 1385 5887 σῶμα
1422 5817 1557 5885 πρὸς
1584 5818 1653 5870 τὰ
1698 5817 1861 5883 καλὰ,

294 5913 379 5972 εἰς
411 5904 572 5973 δόξαν
606 5921 663 5957 τε
698 5908 793 5959 καὶ
814 5907 1157 5979 εὐφροσύνην
1190 5908 1427 5975 αἰώνιον,
1461 5901 1537 5963 ὧν
1577 5910 1670 5962 καὶ
1705 5909 1863 5976 ἡμεῖς

1961 4631 2067 4684 nis.
2102 4630 2181 4684 Eo
2204 4637 2384 4683 autem
2426 4628 2526 4696 ipsi
2570 4642 2671 4682 nos
2711 4637 2982 4682 amatores
3032 4628 3407 4692 ostendamus,
3469 4638 3529 4685 ut

1961 4735 2061 4790 pro
2097 4719 2247 4774 chari
2296 4718 2478 4772 anima
2532 4719 2939 4787 impcndamus,
3003 4729 3268 4789 quantum
3328 4720 3530 4790 cuique

1960 4811 2120 4864 liceat
2154 4823 2217 4862 ac
2247 4818 2396 4877 putet
2431 4822 2490 4861 se
2515 4807 2729 4862 decere.
2764 4805 2819 4861 ld
2850 4807 2995 4861 enim
3041 4806 3218 4862 solum
3284 4809 3528 4865 universi

1962 4900 2014 4954 in
2042 4914 2166 4953 eum
2189 4896 2444 4951 conferre
2480 4897 2746 4951 habemus
2784 4911 2996 4966 :eaque
3036 4898 3262 4952 omnino
3306 4899 3529 4953 verissi-

1962 5009 2046 5047 ma
2084 5000 2271 5054 restat,
2332 5001 2535 5044 nostra
2586 4990 2640 5042 in
2689 4989 2839 5042 illum
2894 4989 3206 5044 dilectionis
3258 4990 3528 5053 ostensio,

1962 5083 2137 5137 Porro
2180 5090 2359 5136 autem
2427 5081 2502 5135 illi
2559 5094 2780 5150 quoque
2828 5080 3143 5145 contulerit,
3194 5080 3289 5149 qui
3360 5079 3530 5135 fuerit

1963 5171 2145 5232 homo,
2178 5171 2342 5238 inque
2399 5183 2555 5223 caeno
2607 5182 2840 5237 corpore
2889 5168 3234 5233 habitaverit,
3292 5185 3529 5238 quocum

1962 5273 2126 5315 neuio
2150 5258 2373 5312 omnino
2406 5271 2577 5326 purus
2605 5259 2777 5323 possit
2799 5257 3006 5309 versari
3055 5272 3070 5309 :
3105 5258 3197 5310 sed
3261 5266 3315 5311 et
3372 5260 3527 5312 vobis

1964 5351 2228 5412 conferat,
2262 5358 2521 5418 tanquam
2544 5349 2637 5414 qui
2661 5347 2846 5402 oﬂicio
2868 5348 3239 5418 defungamini
3273 5349 3324 5401 in
3351 5350 3525 5405 virum

1964 5442 2231 5511 optimum
2257 5454 2322 5494 ac
2351 5440 2657 5509 despotam,
2704 5437 3054 5507 pluriumqne
3085 5452 3147 5491 ac
3195 5451 3523 5507 magnorum

1967 5536 2235 5587 bonorum
2266 5539 2543 5586 auctorem
2573 5548 2587 5594 ;
2622 5530 2787 5597 inque
2812 5529 3059 5597 eum.qui
3094 5543 3241 5583 nunc
3274 5544 3531 5599 maguum

1968 5625 2109 5694 apud
2149 5625 2316 5680 Deum
2351 5624 2532 5678 locum
2575 5622 2793 5688 habeat,
2822 5623 3001 5692 sitque
3059 5622 3359 5691 adepturus
3407 5638 3529 5676 am-

1967 5719 2217 5789 pliorem,
2243 5715 2463 5783 quando
2493 5713 2803 5768 communis
2833 5714 3050 5784 generis
3083 5716 3278 5770 domus
3305 5730 3369 5770 ac
3412 5731 3533 5769 ma-

1972 5822 2073 5874 ter,
2107 5818 2250 5864 terra
2275 5806 2487 5876 spiritui
2517 5820 2716 5875 corpus
2752 5806 2959 5870 reddet,
2986 5821 3094 5875 quo
3142 5807 3301 5862 bonis
3345 5806 3531 5875 operi-

1971 5904 2072 5961 bus
2100 5911 2180 5959 est
2208 5917 2339 5958 usus
2370 5901 2754 5967 instrumento,
2789 5898 2854 5955 ad
2904 5900 3129 5968 gloriam
3162 5914 3225 5954 ac
3285 5898 3533 5955 laetitiam
