4208 6444
198 454 308 519 309
1163 462 1579 523 [‘R.ECEPTA
1620 468 2142 530 EDUCATIONIS
2185 470 2462 532 REGHE.
3339 471 3445 535 310

212 610 3301 653 .__.__._____.__.________________________________

3305 628 3424 654 -ος

818 795 1213 949 IMP.
1314 796 1770 954 ams.
1890 732 2861 958 MANUELIS

1188 1085 2026 1205 PALZEOLOGI
2106 1089 2445 1205 AUG.

586 1329 1336 1418 PRIECEPTA
1481 1328 2463 1422 EDUCATIONIS
2582 1332 3043 1421 HEC.le

1458 1527 1548 1577 AD
1579 1527 1904 1578 ΙΟΔΝΝΕΗ
1930 1527 2183 1579 Πιισιι

932 1693 1000 1743 Ex
1027 1693 1104 1744 Jo.
1127 1690 1357 1746 Sambnci
1382 1692 1437 1743 ν,
1468 1694 1519 1746 C.
1543 1694 1871 1745 Bibliotheca.
1901 1696 2041 1746 Joan.
2066 1694 2365 1744 Lennclavio
2384 1694 2666 1756 interprete
2696 1696 2711 1713 '

349 1883 454 1927 HIS
486 1884 751 1928 ACCBDIT
778 1882 1117 1940 Βειιωιιιι,
1149 1882 1592 1932 NERI'I'INOEUII
1629 1883 1835 1939 DUCIS,
1871 1883 2155 1927 EIUSDEM
2192 1882 2560 1926 ARGUMENTI
2601 1882 2811 1936 LIBER,
2834 1884 2960 1927 CUM
2996 1884 3157 1928 ALIIS
3205 1887 3285 1929 AD

697 2009 1036 2054 PRINCIPUM
1071 2009 1297 2055 STUDIA
1326 2009 1850 2063 PERTINENTIBUS,
1883 2010 2002 2054 NEC
2028 2008 2297 2062 UNQUAM
2341 2007 2670 2052 HACTENUS
2698 2008 2931 2053 EDITIS.

1135 2195 1195 2227 AD
1233 2193 1527 2228 'RANCIICUI
1567 2194 1828 2238 ακοιεεωι,
1858 2194 2060 2228 IAGNUM
2085 2192 2302 2228 THUSCIE
2334 2192 2491 2227 ῐιυοειι

1051 2354 1321 2417 (Basilete,
1367 2367 1425 2404 ett
1470 2355 1663 2403 officina
1719 2352 1856 2403 Petri
1919 2356 2111 2412 Perna,
2159 2353 2298 2416 1578,
2350 2352 2431 2402 in-
2470 2351 2579 2411 l2.)

1276 2683 1364 2731 Αυ
1410 2680 1929 2730 SEBBNISSIMUM
1976 2679 2364 2730 PRINCIPBM

871 2795 1304 2845 FRANCISCUM
1351 2793 1747 2851 MEDICEUM,
1800 2791 2087 2842 HAGNUM
2139 2792 2458 2842 THUSCf/E
2506 2791 2769 2843 DUCEM.

262 2986 415 3040 Inter
459 2983 791 3053 multiplices
824 2984 991 3037 Italia:
1044 2985 1268 3053 plausus
1302 3025 1316 3047 ,
1355 2993 1775 3051 exterarumque
1830 2983 2109 3037 nationum
2132 2982 2338 3038 faustas
2392 2984 2840 3047 acclamationes,
2892 2984 3286 3053 gratulantium
3320 2986 3440 3052 tibi,

193 3076 501 3130 Famenscs
539 3075 670 3136 dux,
704 3074 775 3127 ob
828 3085 1015 3127 natum
1056 3088 1226 3141 nuper
1278 3071 1583 3141 Philippum
1628 3072 1822 3134 filium,
1851 3069 2099 3124 Mediceae
2127 3070 2377 3125 columen
2412 3070 2632 3125 familiae
2659 3114 2674 3137 ,
2707 3087 2807 3126 nec
2848 3083 3049 3127 nostra:
3072 3075 3236 3128 silere
3282 3074 3445 3130 Musa:

187 3166 506 3229 voluerunt,
537 3178 658 3218 eum
694 3163 991 3232 praesertim
1018 3173 1193 3216 nactte
1244 3161 1595 3229 interpretem
1649 3168 1812 3229 atque
1860 3159 2279 3223 internuntium,
2328 3161 2423 3225 qui
2481 3169 2535 3214 et
2568 3168 2789 3229 propter
2849 3160 3188 3229 imperatorii
3229 3163 3445 3231 generis

191 3254 538 3321 majestatem
572 3252 640 3305 ab
667 3252 804 3305 aulae
840 3260 943 3304 tuae
971 3250 1118 3303 aditu
1154 3265 1261 3303 non
1300 3250 1683 3303 excluderetur
1716 3266 1728 3302 :
1759 3259 1813 3304 et
1847 3259 2043 3317 printer
2076 3252 2179 3305 hoc
2202 3250 2590 3320 gratulationis
2613 3251 2870 3312 officiunt,
2925 3251 2975 3304 id
3019 3266 3206 3305 secum
3236 3266 3441 3306 munus

192 3343 459 3403 adferret,
489 3340 635 3409 quod
669 3341 796 3392 olim
821 3348 1064 3409 angusta:
1108 3336 1305 3391 indolis
1347 3353 1515 3406 puero
1555 3338 1609 3391 in
1656 3353 1805 3406 spem
1838 3339 2204 3392 successionis
2265 3339 2593 3407 amplissimi
2623 3337 2877 3393 Thusciue
2916 3339 3067 3409 regni
3121 3340 3435 3404 educando,

190 3444 394 3497 magna
436 3437 581 3481 recte
614 3426 1035 3480 administrandi
1072 3436 1124 3479 et
1155 3426 1515 3479 conservandi
1542 3425 1757 3493 imperii
1786 3427 2021 3495 paterni,
2052 3427 2385 3480 adminicula
2416 3428 2765 3496 suppeditare
2801 3428 2995 3496 possit.
3034 3425 3129 3482 Est
3157 3428 3201 3481 is
3237 3427 3443 3481 Palla-o-

190 3519 362 3582 logini
403 3516 690 3582 sanguinis
722 3515 937 3581 insigne
972 3515 1153 3566 lumen
1187 3512 1343 3575 illud,
1386 3510 1603 3565 Mannel
1637 3512 1937 3581 imperator
1988 3512 2342 3584 Byzantinus,
2386 3516 2590 3571 summi
2625 3515 2876 3584 princeps
2909 3515 3134 3583 ingenii,
3192 3530 3447 3570 summm-

190 3622 303 3673 que
338 3605 623 3664 doctrinae.
665 3604 749 3656 cui
776 3604 983 3655 nullum
1022 3604 1113 3654 illa
1146 3602 1345 3655 secula
1372 3616 1558 3670 parem
1590 3601 1800 3664 tulisse,
1835 3603 1880 3655 si
1924 3614 2072 3656 recte
2106 3602 2336 3655 virtutes
2370 3603 2493 3671 ejus
2522 3602 2801 3655 azstimare
2830 3601 3100 3664 volemus,
3130 3616 3291 3655 nemo
3335 3618 3443 3656 non

192 3693 449 3747 lubenter
484 3691 765 3745 fatebitur.
799 3688 916 3745 Non
944 3688 1054 3754 jam
1091 3689 1301 3757 prolixe
1334 3688 1549 3757 generis
1582 3688 1908 3743 nobilissimi
1941 3690 2140 3743 seriem
2194 3705 2317 3743 cum
2346 3691 2506 3743 rebus
2538 3690 2706 3758 gestis
2747 3690 3215 3743 commemorabo.
3270 3689 3444 3744 Notus

190 3793 282 3836 est
318 3796 382 3834 ex
414 3779 665 3833 historiis
686 3777 911 3831 Michael
940 3775 1299 3847 Palmologus,
1348 3778 1439 3845 qui
1466 3777 1676 3845 primus
1704 3778 2046 3846 splendorem
2072 3778 2408 3845 imperatorii
2436 3778 2671 3831 nominis
2698 3778 2876 3830 intulit
2901 3779 2951 3830 in
2979 3777 3237 3834 familiam
3264 3794 3443 3841 suam,

189 3885 384 3940 quam,
419 3871 462 3922 si
490 3866 793 3922 Otomanici
829 3868 1043 3935 generis
1072 3866 1550 3934 incomparabilem
1587 3865 1897 3919 felicitatem
1922 3866 2183 3932 excipias,
2216 3866 2388 3919 solam
2442 3864 2584 3920 Dens
2606 3866 2867 3920 continua
2893 3864 3253 3920 ducentarum
3282 3884 3448 3938 prope

189 3972 465 4011 annorum
497 3955 846 4009 successione
874 3954 1073 4007 beavit.
1104 3954 1257 4007 Hunc
1285 3964 1507 4009 secutus
1540 3966 1620 4007 est
1648 3953 1699 4006 in
1723 3969 1889 4021 regno
1924 3954 2270 4008 Andronicus
2313 3954 2478 4017 lilius,
2507 3955 2874 4009 Andronicum
2899 3953 3119 4007 Michael
3148 3956 3446 4019 secundus,

191 4045 514 4097 Michaelem
546 4043 844 4096 secundum
874 4042 1220 4096 Andronicus
1247 4042 1371 4095 item
1398 4043 1686 4104 secundus,
1716 4041 2083 4095 Andronicum
2102 4041 2359 4107 Joannes,
2381 4042 2721 4111 cuiquatuor
2746 4042 2970 4095 omnino
2998 4044 3149 4095 fuere
3188 4043 3305 4107 filii,
3329 4044 3447 4096 An-

188 4132 481 4195 drooicus,
504 4128 1056 4192 Demctrius,Manncl
1080 4133 1163 4181 hic
1194 4142 1380 4185 noster
1401 4142 1448 4185 et
1484 4129 2145 4198 Theodorttstperante
2165 4128 2394 4194 Joanne,
2422 4144 2709 4184 successus
2755 4128 2977 4183 Barbari
3001 4142 3189 4185 contra
3224 4142 3447 4186 nOStros

193 4203 405 4275 habere
436 4223 697 4287 majores,
722 4233 884 4286 quam
907 4233 1143 4287 unquam
1171 4228 1351 4286 antea,
1378 4234 1592 4288 cepere.
1612 4218 1957 4288 Quapropter
1975 4219 2215 4285 Optimus
2234 4218 2509 4287 princeps,
2531 4226 2589 4270 ut
2609 4217 2771 4271 saluti
2793 4231 3017 4271 suorum
3039 4231 3102 4273 ac
3122 4218 3289 4272 totius
3309 4219 3445 4272 adeo

191 4307 512 4375 reipublicae
533 4306 858 4360 Christianae
886 4306 1215 4371 consuleret,
1270 4308 1563 4376 quzerenda
1594 4308 1786 4362 statuit
1824 4308 2050 4371 auxilia,
2081 4306 2284 4377 quibus
2318 4305 2692 4359 formidabiles
2721 4304 3084 4359 Barbarorum
3120 4320 3444 4375 progressus

190 4399 545 4464 reprimeret.
601 4392 786 4463 Itaque
829 4394 1077 4449 triremes
1131 4395 1476 4461 conscendit,
1530 4395 1781 4450 Venetias
1826 4397 2217 4465 proficiscitur,
2250 4395 2412 4450 Italos
2456 4396 2728 4465 principes
2785 4395 2919 4460 adit,
2963 4410 3155 4451 omnes
3215 4396 3445 4464 periculi

189 4483 507 4537 communis
544 4483 819 4537 admonet.
856 4482 994 4536 Hinc
1024 4483 1076 4536 in
1116 4481 1349 4537 Galliam
1393 4492 1447 4537 et
1479 4492 1745 4537 semotam
1780 4485 1847 4539 ab
1875 4486 2081 4554 reliqua
2114 4485 2331 4554 Europa
2368 4484 2707 4538 Britanniam
2766 4484 3069 4538 contendit.
3105 4484 3323 4554 Ubique
3349 4500 3445 4538 ua-

189 4575 259 4626 vi’
277 4588 338 4625 er
361 4580 629 4641 susceptae
660 4586 756 4640 pro
782 4572 961 4625 salute
990 4571 1205 4643 publica
1235 4571 1520 4639 legationis
1550 4572 2109 4641 munusexsequitur,
2135 4571 2229 4625 sed
2264 4573 2439 4637 irrito,
2465 4571 2601 4641 proh
2633 4573 2788 4625 dolor
2813 4572 2825 4624 l
2859 4580 3087 4636 eventu;
3114 4582 3336 4641 propter
3354 4573 3446 4627 de-

192 4660 487 4713 testabiles
520 4660 824 4728 principum
848 4658 1289 4713 Christianorum
1323 4659 1874 4727 discordias,quibus
1911 4661 2181 4729 hodieque
2211 4674 2299 4713 res
2328 4668 2546 4713 nostras
2576 4674 2795 4727 possunt
2824 4659 2904 4713 ire
2931 4659 3208 4713 videmus.
3234 4658 3447 4729 Quippe

192 4748 376 4801 Gallia
405 4758 537 4801 tunc
565 4747 814 4801 discidiis
843 4747 1115 4802 intestinis
1167 4748 1490 4815 gravissime
1551 4746 1855 4813 laborabat,
1884 4747 1986 4801 sub
2019 4762 2143 4817 rege
2171 4747 2369 4802 Carolo
2418 4755 2593 4813 sexto,
2640 4748 2734 4817 qui
2766 4763 2900 4815 puer
2933 4758 3071 4815 erat,
3127 4749 3449 4818 proceribus

193 4836 528 4903 quibusdam
562 4834 805 4889 funestas
844 4837 983 4887 inter
1006 4850 1065 4888 se
1103 4834 1412 4889 simultates
1468 4836 1872 4890 exercentibus.
1905 4834 2103 4891 Omnia
2139 4835 2341 4890 frustra
2375 4836 2619 4901 molitus,
2657 4835 3013 4905 Venetiasque
3043 4850 3316 4902 reversus,
3352 4852 3450 4907 per

194 4937 475 4978 summam
511 4922 856 4976 insolentiam
903 4936 933 4975 a
967 4920 1188 4977 Venetis
1242 4936 1461 4991 quoque
1490 4922 1888 4978 mercatoribus
1918 4923 2206 4999 indignum
2262 4924 2316 4977 in
2358 4924 2579 4979 modum
2620 4924 2912 4992 excipitur,
2934 4925 3027 4993 qui
3057 4924 3208 4993 prius
3235 4940 3360 4979 eum
3388 4940 3449 4981 se

193 5013 534 5068 dimissuros
574 5021 859 5081 negarent.
888 5027 1053 5081 quam
1109 5026 1386 5075 nummos,
1415 5013 1516 5067 iter
1543 5013 1598 5066 in
1628 5011 1860 5067 Galliam
1886 5010 2338 5081 Britanniamque
2390 5010 2606 5066 facturo
2643 5012 2905 5076 creditos,
2950 5028 3075 5072 cum
3140 5013 3450 5068 immodicis

197 5105 397 5157 usuris
449 5099 791 5155 reddidisset.
840 5099 1118 5155 Nefarium
1156 5100 1399 5169 profecto
1453 5100 1689 5164 facinus,
1720 5100 1933 5169 inquies
1962 5115 1977 5153 :
2012 5102 2104 5155 sed
2137 5100 2507 5155 Andronicum
2556 5101 2730 5155 filium
2778 5101 2951 5170 magis
2981 5115 3107 5171 erga
3130 5116 3189 5156 se
3221 5102 3446 5169 itnpium

196 5202 258 5246 et
290 5194 566 5260 ingratum
605 5197 863 5260 expertus
885 5201 990 5244 est.
1042 5190 1172 5243 Nam
1208 5204 1333 5243 cum
1364 5190 1527 5243 domo
1570 5188 1917 5258 profecturus
1945 5189 2009 5242 ad
2047 5188 2421 5255 conquirenda
2486 5198 2806 5241 nostrorum
2839 5202 3134 5256 procerum
3174 5188 3445 5252 subsidia,

200 5280 474 5349 Byzantio
506 5280 649 5332 hunc
676 5278 1012 5348 praefecisset
1037 5292 1100 5330 ac
1127 5277 1344 5339 deinde,
1392 5277 1592 5345 quibus
1620 5277 1673 5329 in
1704 5276 1973 5344 angustiis
2003 5284 2337 5342 versaretur,
2361 5276 2410 5329 ei
2453 5276 2824 5347 significasset
2864 5294 2878 5329 :
2916 5276 3121 5329 nullam
3160 5274 3303 5330 filius
3350 5291 3447 5343 pa—

200 5378 382 5419 terna:
404 5365 727 5420 calamitatis
772 5366 1035 5419 rationem
1076 5364 1285 5428 habuit,
1317 5364 1412 5417 sed
1449 5364 1615 5417 tantis
1646 5364 1699 5417 in
1732 5366 1991 5418 aerumnis
2040 5372 2317 5419 auctorem
2343 5376 2498 5421 ortus
2544 5365 2652 5430 sui,
2686 5367 2987 5421 secundum
3020 5365 3208 5429 Deum,
3242 5373 3448 5417 morta-

205 5456 345 5507 lium
389 5453 809 5508 scelcStissimns
841 5453 1045 5506 haerere
1072 5467 1266 5520 passus
1294 5461 1396 5507 est.
1426 5450 1538 5505 lloc
1556 5466 1685 5505 casu
1711 5460 1936 5520 paterno
1963 5452 2227 5506 Manuelis
2259 5452 2443 5518 hujus,
2474 5468 2636 5521 quem
2662 5469 2806 5507 nunc
2833 5454 2899 5507 ad
2930 5463 2982 5509 te
3013 5452 3301 5514 mittimus,
3334 5450 3449 5503 sin-

206 5542 423 5609 gularis
446 5540 499 5593 in
530 5550 807 5610 parentem
845 5539 1017 5607 pietas
1044 5547 1207 5608 atque
1238 5539 1411 5592 virtus
1438 5539 1654 5593 enituit.
1692 5540 1829 5593 Nam
1865 5554 1986 5593 cum
2036 5540 2482 5595 Thessalonicam
2531 5541 2943 5596 administraret
2995 5540 3236 5595 collectis
3265 5552 3295 5617 e
3322 5537 3447 5591 diti-

203 5648 317 5687 one
358 5647 457 5687 sua
494 5631 753 5696 nummis,
785 5630 878 5700 qui
920 5629 1059 5697 patri
1114 5628 1434 5683 redimendo
1491 5627 1821 5694 sufﬁcerent,
1872 5627 2127 5683 Venetias
2158 5629 2454 5699 profectus,
2508 5644 2633 5685 eum
2666 5632 2734 5685 ab
2786 5629 3165 5685 usurariorum
3227 5625 3445 5695 injuriis

202 5720 547 5774 vindicatum
576 5719 629 5773 in
655 5720 888 5789 patriam
927 5718 1161 5771 reduxit.
1198 5714 1313 5770 Hoc
1343 5716 1510 5782 facto,
1534 5718 1701 5785 patris
1723 5716 1966 5771 animum
1996 5718 2301 5772 arctissime
2331 5718 2692 5774 sibideviuxit
2721 5737 2737 5787 ;
2789 5717 3088 5787 habuitque
3128 5716 3300 5786 pietas
3333 5714 3447 5767 haec

322 5855 400 5907 De
435 5855 546 5908 aliis
572 5857 812 5909 Manuelis
838 5859 1038 5920 scriptis
1072 5869 1184 5918 quas
1208 5858 1254 5905 in
1278 5856 1370 5907 hoc
1402 5855 1527 5906 libro
1553 5858 1737 5920 insunt,
1765 5858 1878 5909 vide
1905 5857 2115 5909 Fabricii
2142 5859 2362 5908 notitiam
2386 5871 2550 5920 supra.
