4208 6444
332 595 561 604 “.—

1662 600 1780 607 *-

1205 447 1611 508 PR/ECEPTA
1642 449 2167 511 EDUCATIONIS
2204 454 2488 516 REGI/1‘3.

1788 595 2073 611 -ῌη-ὰ-οια

576 755 1413 892 ΜΑΝΟΥΗΛ
1488 768 1593 890 T
1605 762 1835 895 ΟΥ
1921 760 3184 901 ΠΑΛΑΙΟΛΟΓΟΥ

3394 455 3497 515 3Ξ4

2078 600 2503 613 h—

2537 606 2977 614 ρα...μῂ
2990 606 3037 612 .-
3048 605 3258 613 ___-——_.
3268 608 3308 613 _-
3321 608 3327 613 η

3154 621 3415 630 uo..-

1034 970 1171 1025 ΤΟΥ
1196 972 1732 1027 ΕΥΣΕΒΕΣΤΑΤΟΥ
1755 978 1871 1030 ΚΑΙ
1902 975 2361 1031 ΦΙΛΟΧΡΙΣΤΟΥ
2390 947 2735 1033 ΒΑΣΙΛΕΩΣ¹

408 1093 585 1148 ΠΡΟΣ
619 1094 753 1147 TON
787 1094 1312 1149 ΕΡΑΣΜΙΩΤΑΤΟΝ
1342 1096 1507 1148 ΥΙΟΝ
1535 1096 1767 1149 ΑΥΤΟΥ
1796 1098 1915 1151 ΚΑΙ
1962 1098 2070 1149 BA}

1678 1097 1767 1149 ΟΥ
1796 1098 1915 1151 ΚΑΙ
1962 1098 2273 1163 ΒΑΣΙΛΕᾹ,
2301 1100 2615 1153 ΙΩΛΝΝΗΝ
2661 1102 2799 1155 TON
2848 1100 3332 1156 [IAAAIOAOFON

965 1243 1577 1332 ΥΠΟΘΗΚΑΙ
1679 1244 2273 1331 ΒΑΣΙΛΙΚΗΣ
2380 1248 2824 1335 ΑΓΩΓΗΣ

1572 1416 1661 1469 ΕΝ
1708 1418 2123 1472 ΚΕΦΑΛΑΙΟΙΣ
2177 1421 2253 1473 Ρ’·

788 1723 1756 1886 MANUELIS
1837 1732 2200 1883 PAL
2226 1735 2986 1892 [EOLOGI

1188 1986 1528 2043 RELIGIOSI
1565 1989 1656 2043 ΕΤ
1681 1988 2071 2046 CIIRISTIANI
2114 1993 2592 2049 IMPERATORIS

646 2107 736 2160 AD
772 2106 1319 2163 AMABILISSIMUM
1372 2110 1611 2167 FILIUM
1642 2111 1728 2166 ET
1755 2112 2260 2172 IMPERATOREM
2290 2116 2611 2174 JOANNEM
2643 2118 3141 2178 PALIEOLOGUM

838 2270 1483 2361 PBIECEPTA
1590 2274 2413 2368 EDUCATIONIS
2496 2281 2765 2371 REGI
2796 2283 2935 2370 Ᾰί.

1403 2456 1445 2511 C
1475 2455 1985 2516 COMPREIIENSA
2029 2461 2417 2521 CAPITIBUS.

615 2792 987 2850 ΕΠΙΣΤΟΛΗ
1026 2797 1510 2851 ΠΡΟΟΙΜΙΑΚΗ.

360 2910 464 2962 Ἐν
493 2907 937 2974 Πελοποννήσῳ
983 2908 1059 2961 σὲ
1095 2908 1313 2973 λιπὼν,
1349 2909 1417 2973 ἐξ
1460 2910 1715 2975 Ἰταλίας
1752 2912 1837 2978 ἐρ-

274 3004 534 3071 χόμενος
560 2998 626 3069 (ὢ
656 3001 779 3066 πῶς
829 3001 1097 3069 ἐνεγκεῖν
1146 3001 1450 3069 ἐδυνήθην
1469 3006 1534 3067 ;),
1566 3000 1725 3073 ἦσθα
1780 3004 1847 3054 δὲ

275 3093 523 3144 παιδίον
549 3094 657 3157 ἔτι,
687 3092 785 3145 καὶ
814 3092 1089 3156 παιδείας
1111 3095 1181 3146 οὐ
1201 3092 1441 3161 συχνῆς
1460 3094 1729 3163 μετέχων
1752 3095 1848 3147 διὰ

276 3186 396 3250 τὴν
421 3185 685 3249 ἡλικίαν,
715 3185 918 3250 ἄλλως
951 3186 1013 3238 τέ
1038 3203 1137 3239 σοι
1166 3189 1263 3239 καὶ
1304 3187 1414 3255 τῆς
1456 3190 1643 3257 τύχης
1670 3190 1849 3257 ἐμπο-

276 3277 404 3329 δὼν
441 3280 526 3339 είς
581 3277 757 3330 τοῦτο
795 3279 1214 3345 γεγενημένης,
1263 3280 1599 3345 ὑποθήκαις
1648 3281 1718 3347 τῇ
1749 3282 1851 3334 δυ-

277 3369 454 3436 νάμει
492 3371 969 3436 συμϐαινούσαις
1007 3370 1353 3439 ἐρῤύθμιζον
1377 3388 1389 3401 ⁸
1420 3373 1488 3424 ἐν
1520 3368 1615 3438 αἶς
1647 3372 1853 3441 ἐτέρας

280 3464 747 3530 ἐπηγγελλόμην
786 3462 887 3514 σοὶ
949 3462 1171 3515 δώσειν
1220 3464 1335 3529 τὴν
1384 3465 1635 3531 ἠλικίαν
1685 3467 1851 3534 ἀμεί-

281 3555 471 3616 ϐοντι,
522 3554 849 3622 τελεωτέρῳ
887 3554 1004 3618 βίῳ
1050 3557 1421 3623 πρεπούσας.
1474 3558 1637 3626 Ἀρτι
1693 3558 1759 3612 δέ
1790 3576 1855 3628 γε

281 3646 569 3714 μειρακίῳ
592 3648 881 3715 γεγονότι,
910 3647 1007 3700 καὶ
1035 3649 1185 3717 πρὸς
1210 3647 1367 3717 ἡμᾶς
1400 3654 1851 3720 παραγεγονότι,

282 3737 531 3807 φέροντί
563 3756 627 3791 τε
655 3736 729 3807 τῇ
762 3738 935 3807 ψυχῇ
965 3741 1238 3807 παιδείας
1274 3745 1345 3795 οὐ
1374 3742 1617 3811 φαῦλον
1652 3744 1852 3813 μέρος,

282 3831 601 3900 ἐμπειρίαν
632 3847 694 3883 τε
731 3830 946 3895 τόξων,
980 3832 1077 3884 καὶ
1112 3833 1317 3899 θήρας,
1367 3834 1467 3887 καὶ
1502 3834 1622 3888 τῶν
1661 3840 1855 3890 τοιού-

287 3940 430 3986 των,
459 3919 608 3992 ἦλθε
632 3922 749 3991 μέν
778 3937 877 3975 σοι
906 3922 1042 3990 παρ’
1075 3922 1247 3992 ἡμῶν
1274 3930 1423 3995 πρὸς
1463 3927 1628 3981 ἅπαν
1652 3929 1856 3995 ἐπιτή-

286 4016 482 4081 δευμα
514 4012 949 4080 στρατιωτικὸν
991 4014 1064 4066 τὰ
1094 4016 1440 4083 γιγνόμενα,
1485 4017 1666 4082 εὐθὺς
1706 4019 1855 4084 νεὼς

1872 2802 1919 2855 Α

2279 2822 2646 2879 EPISTULA
2689 2824 3202 2882 PROCEIIIALIS.

2022 2914 2152 2967 Cum
2193 2929 2251 2968 τι
2282 2914 2444 2967 Italia
2467 2916 2696 2977 veniens,
2737 2916 2787 2969 in
2820 2916 3176 2984 Peloponneso
3196 2926 3243 2970 te
3271 2918 3524 2987 reiinque-

1952 3023 2059 3059 rem
2083 3007 2153 3075 (ο,
2190 3023 2416 3075 quonam
2450 3009 2501 3059 id
2538 3019 2693 3076 pacto
2720 3020 2774 3061 ut
2810 3009 3058 3076 facerem,
3095 3011 3333 3061 animum
3368 3010 3525 3062 indu-

1952 3116 2065 3151 cere
2090 3099 2233 3166 potui
2266 3099 2302 3167 ί)
2325 3098 2555 3165 puellum
2591 3102 2783 3161 adhuc,
2817 3111 2864 3153 et
2888 3118 2979 3168 per
3000 3111 3208 3154 aetatem
3240 3101 3431 3153 litteris
3454 3113 3526 3153 te—

1953 3192 2127 3241 nuiter
2157 3188 2432 3251 imbutum,
2468 3195 2604 3257 quod
2635 3192 2749 3258 ipsa
2805 3206 3007 3259 quoque
3049 3190 3267 3257 fortuna
3320 3190 3374 3242 in
3432 3188 3527 3241 hoc

1956 3284 2047 3334 tibi
2071 3280 2254 3348 fuisset
2297 3281 2686 3346 impedimento,
2710 3284 2983 3349 prceceplis
3005 3282 3387 3348 informabam.
3414 3296 3529 3348 qua:

1955 3374 2060 3427 tuis
2086 3384 2191 3425 tum
2218 3373 2412 3426 viribus
2439 3373 2808 3439 responderent
2832 3391 2845 3427 :
2872 3374 3191 3443 simulatque
3217 3389 3294 3426 me
3326 3373 3419 3425 tibi
3443 3372 3527 3440 fa-

1956 3478 2037 3518 cto
2066 3465 2462 3534 grandiuscula,
2496 3466 2751 3518 daturum
2775 3465 2895 3517 alia
2926 3465 3233 3532 pollicebar,
3270 3466 3388 3517 vita:
3413 3480 3528 3516 ma-

1956 3560 2147 3611 turiori
2194 3559 2571 3611 convenientia.
2614 3556 2772 3610 Nunc
2807 3556 3223 3609 adolescentiam
3271 3557 3525 3622 ingresso,

1956 3660 2004 3704 et
2030 3665 2191 3717 nuper
2227 3651 2295 3701 ad
2327 3666 2418 3702 nos
2440 3664 2662 3714 reverso,
2694 3664 2785 3701 nec
2819 3648 2968 3701 vilem
2994 3645 3313 3701 eruditionis
3329 3657 3531 3715 partem

1957 3744 2134 3796 animo
2160 3758 2332 3795 secum
2369 3742 2555 3811 ferenti
2593 3759 2610 3794 :
2640 3756 2757 3793 cum
2784 3740 3096 3809 sagittandi,
3121 3740 3364 3801 venandi,
3392 3738 3531 3791 alio-

1960 3851 2174 3903 rumque
2198 3833 2387 3885 talium
2422 3832 2615 3901 peritia
2648 3849 2663 3885 :
2697 3832 2859 3883 missa
2884 3828 3095 3899 quidem
3118 3846 3151 3882 a
3182 3830 3329 3881 nobis
3384 3839 3528 3889 sunt,

1959 3927 2047 3979 ubi
2070 3928 2297 3993 primum
2324 3927 2446 3978 navi
2494 3926 2683 3995 fuisses
2717 3940 2976 3993 egressus,
2997 3937 3113 3991 qua:
3143 3924 3212 3973 nd
3263 3923 3340 3974 rei
3397 3921 3533 3972 mili-

1964 4018 2093 4071 taris
2119 4018 2351 4071 studium
2386 4032 2691 4087 quocunque
2731 4015 2883 4068 modo
2908 4018 3230 4083 pertinerent
3271 4029 3288 4065 :
3338 4024 3391 4065 at
3438 4011 3533 4078 illa

287 4105 585 4196 ἀποϐάντι
607 4121 619 4134 ο
647 4106 706 4157 al
739 4104 807 4157 δὲ
838 4104 1211 4196 ὑποσχέσεις
1236 4108 1422 4174 οὔπω,
1451 4110 1608 4163 eluet
1641 4128 1731 4173 τις
1759 4110 1855 4173 ἂν,
1887 4134 1935 4196 Β

1887 4111 2024 4196 Bde
2069 4112 2255 4180 quibus
2302 4110 2521 4173 dictum,
2578 4111 2840 4178 promissa
2900 4107 3121 4160 necdum
3151 4113 3529 4174 apparuerunt.

288 4195 473 4267 οἶμαι,
526 4197 726 4250 δεινόν
758 4213 825 4266 γε
855 4195 962 4264 τὰς
1011 4199 1162 4266 πρὸς
1188 4199 1418 4270 ῥώμην,
1451 4202 1551 4256 καὶ
1592 4204 1862 4272 πόλεμον

290 4289 393 4343 καὶ
434 4288 587 4355 ὅλως
614 4287 715 4354 τὰς
750 4287 858 4341 τοῦ
900 4289 1177 4359 σώματος
1209 4293 1553 4361 ἐπιμελείας
1600 4295 1867 4362 προτιθέ-

288 4402 392 4438 ναι
445 4383 572 4447 τοῦ,
612 4382 727 4448 ὅτῳ
757 4383 833 4437 ἂν
880 4383 1097 4452 ψυχὴν
1147 4386 1247 4438 καὶ
1293 4386 1445 4441 νοῦν
1482 4390 1866 4457 λαμπρότερα

286 4474 656 4544 ἀποφήναις.
692 4474 799 4529 Καὶ
835 4476 907 4530 τὰ
934 4476 1052 4545 μὲν
1097 4478 1383 4545 μηδέποθ’
1447 4480 1861 4551 ὑπεσχημένα,

288 4570 482 4623 ταῦτα
509 4568 577 4620 δὲ
624 4567 823 4621 πάντα
851 4582 951 4622 σοι
991 4568 1203 4623 δοῦναι
1234 4570 1469 4627 δίκαιον
1497 4574 1570 4627 ὂν
1610 4572 1820 4639 ἀπλῶς
1845 4591 1860 4606 ο

290 4660 482 4723 αὑτὰς
508 4658 578 4713 δὲ
607 4660 713 4725 τὰς
745 4659 1130 4729 ἐπαγγελίας,
1160 4657 1247 4716 ὧν
1284 4665 1383 4718 καὶ
1420 4665 1567 4719 ὄντα
1604 4667 1867 4735 ἐμαυτὸν

289 4755 611 4819 ὑπόχρεων
653 4754 959 4805 πλείστων
1004 4753 1204 4819 ἕνεκα,
1252 4755 1514 4810 διπλοῦν
1543 4756 1670 4821 ταῖς
1716 4760 1868 4812 ὐπο-

288 4846 596 4914 σχέσεσιν
623 4846 1016 4915 εἰργασάμην,
1043 4845 1296 4914 μηδέπω
1331 4848 1432 4901 σοὶ
1464 4849 1565 4901 καὶ
1608 4848 1723 4902 νῦν
1758 4864 1870 4902 πα-

288 4935 721 5005 ραγεγονέναι·
770 4936 868 4989 καὶ
915 4937 1107 4990 ἵππον
1133 4938 1249 5006 μὲν
1292 4938 1410 4991 τῶν
1454 4940 1735 5008 εὐγενῶν,
1772 4942 1871 4994 καὶ

291 5032 524 5099 ίέρακα,
567 5029 666 5082 καὶ
714 5031 869 5083 κύνα
919 5030 1279 5098 παρασχεῖν,
1339 5034 1562 5100 λόγους
1616 5033 1683 5086 δὲ
1732 5048 1871 5101 προ-

291 5122 677 5195 τρεπτικοὺς,
742 5122 842 5177 καὶ
891 5124 1180 5191 πατρικὰς
1227 5124 1632 5192 παραινέσεις.
1688 5141 1871 5179 συνε-

291 5216 539 5287 νεγκεῖν
562 5214 679 5285 μὲν
705 5214 1047 5283 δυναμένας
1083 5215 1217 5280 υίεῖ,
1266 5216 1658 5285 συνενεγκεῖν
1686 5216 1755 5269 δὲ
1793 5218 1873 5282 τῷ

296 5308 507 5373 κοινῷ,
553 5308 756 5375 ὥσπερ
792 5308 1143 5377 ἐξεπίτηδες
1192 5309 1661 5363 ἀναϐάλλεσθαι.
1732 5310 1873 5379 Ἐγὼ

291 5404 367 5455 δὲ
406 5400 625 5455 τοῦτον
657 5399 879 5468 ετποιμ’
914 5398 994 5455 ἂν
1022 5401 1245 5457 οὑτωσὶ
1285 5402 1349 5455 τὸ
1387 5402 1621 5469 πρέπον
1658 5401 1870 5465 εἰπεῖν,

1967 4202 2309 4272 Objecturum
2340 4203 2422 4255 hic
2472 4201 2586 4255 alia
2633 4217 2786 4271 quem
2841 4202 2989 4254 nobis
3035 4200 3286 4261 arbitror,
3342 4198 3535 4249 mirum

1965 4314 2092 4351 sane
2113 4296 2302 4359 videri,
2328 4312 2446 4366 qua:
2473 4297 2541 4349 ad
2591 4298 2773 4360 robur,
2799 4304 2850 4348 et
2917 4294 3133 4354 bellum,
3191 4304 3238 4346 et
3298 4290 3535 4356 corporis

1965 4390 2175 4443 omnino
2216 4404 2400 4442 curam
2425 4396 2678 4456 spectent,
2710 4403 2769 4440 eo
2811 4386 3023 4455 potiora
3070 4383 3216 4445 duci,
3255 4397 3346 4451 per
3398 4380 3535 4451 quod

1967 4483 2124 4537 menti
2151 4490 2198 4535 et
2214 4482 2389 4535 animo
2422 4481 2669 4542 splendor
2715 4479 2911 4548 aliquis
2944 4479 3189 4530 accedere
3219 4474 3382 4542 possit
3407 4472 3538 4525 :iti-

1966 4574 2106 4639 dem,
2134 4589 2250 4642 qua:
2272 4588 2539 4642 nunquam
2570 4571 2664 4625 tibi
2690 4571 2958 4640 pollicitus
2995 4570 3117 4631 sim,
3143 4567 3330 4620 merito
3382 4565 3536 4626 data,

1968 4666 2174 4720 ratione
2210 4665 2443 4733 quadam
2471 4663 2699 4732 simplici
2718 4672 2810 4725 ;at
2839 4662 2957 4729 ipsa
3009 4661 3289 4727 promissa.
3345 4658 3534 4727 quibus

1967 4760 2285 4825 pra'standis
2325 4767 2513 4811 δαίετο
2566 4757 2695 4824 quin
2742 4754 3047 4816 obnoxium,
3097 4751 3391 4819 pollicendo
3460 4765 3540 4801 me

1970 4850 2246 4919 dupliciter
2262 4826 2560 4916 obligarim,
2586 4863 2648 4899 ne
2671 4862 2809 4899 nunc
2833 4846 3041 4914 quidem
3064 4842 3329 4895 exhibita:
3353 4856 3540 4908 equum

1970 4944 2188 5011 denique
2214 4957 2543 5011 generosum,
2577 4949 2625 4992 et
2660 4941 2986 5004 accipitrem,
3034 4946 3082 4990 et
3105 4950 3288 4988 canem
3348 4948 3540 5001 suppe-

1972 5036 2243 5096 ditatum;
2278 5044 2331 5085 at
2365 5033 2631 5085 orationes
2655 5031 2723 5084 ad
2775 5030 3037 5096 pra'clara
3089 5028 3447 5089 cohortantes,
3493 5035 3540 5079 et

1974 5126 2200 5178 monitus
2234 5134 2505 5192 paternos,
2565 5122 2802 5189 cumipsi
2856 5121 2995 5187 lilio,
3056 5129 3165 5173 tum
3231 5116 3540 5185 reipublicae

1973 5216 2300 5286 profuturos,
2352 5217 2507 5279 quasi
2566 5214 2629 5268 de
2661 5214 2931 5267 industria
2968 5210 3374 5281 procrastinari.
3430 5206 3544 5277 Ego

1974 5326 2093 5365 vero
2124 5309 2315 5377 fateor.
2347 5309 2458 5361 haec
2490 5325 2595 5362 non
2639 5306 2882 5359 indecore
2913 5305 3048 5367 dici';
3104 5303 3194 5356 sed
3218 5302 3281 5353 ab
3312 5300 3540 5360 nomine,

1973 5401 2062 5471 qui
2086 5416 2187 5453 non
2222 5401 2401 5453 omnia
2434 5412 2573 5452 recte
2621 5396 3050 5451 considerauerit.
3082 5393 3195 5448 Par
3216 5394 3358 5446 enim
3404 5402 3541 5455 erat,

294 5497 374 5551 οὐ
395 5493 523 5563 μήν
553 5511 619 5564 γε
646 5491 845 5548 πάντα
883 5493 1082 5561 καλῶς
1112 5493 1539 5560 σκοπήσαντα.
1575 5494 1738 5549 Ἔδει
1765 5493 1875 5563 γάρ
1901 5510 1944 5569 ο

1901 5510 1944 5569 ο
1977 5491 2155 5544 animo
2184 5498 2272 5543 tuo
2304 5489 2515 5554 tenella,
2545 5488 2737 5558 quique
2762 5497 2872 5540 tam
2899 5486 3232 5554 navigatione
3278 5485 3537 5537 diuturna

294 5604 422 5643 σου
440 5586 555 5654 τὴν
573 5588 662 5655 ψυ
666 5584 788 5655 χὴν
805 5587 1196 5654 ἀπαλωτέραν
1214 5583 1433 5650 οὖσαν,
1460 5586 1875 5654 πεπονηκυῖαν

295 5682 403 5736 καὶ
436 5679 571 5744 πλῷ
620 5678 849 5748 μακρῷ,
883 5680 982 5733 καὶ
1024 5679 1331 5749 ἀποδημίᾳ
1375 5680 1620 5750 γονέων,
1661 5680 1876 5735 δοῦναί

296 5793 357 5828 τι
391 5772 775 5843 διαχυθῆναι,
818 5771 980 5839 ὅπως
1009 5772 1085 5840 δὴ
1135 5773 1251 5841 τὴν
1277 5774 1541 5842 ἀθυμίαν
1588 5788 1871 5842 παρωσα-

293 5867 488 5937 μάνη,
506 5865 896 5936 ἀκμάζουσαν
920 5868 1191 5923 λαϐοῦσα
1219 5870 1577 5936 προθυμίαν,
1600 5866 1875 5937 ἀσμένως

1971 5598 2130 5653 quam
2155 5583 2394 5635 absentia
2412 5591 2710 5651 parentum,
2740 5579 3051 5634 debilitatus
3087 5587 3245 5642 esset,
3275 5578 3358 5631 sui
3408 5592 3542 5629 non-

1971 5675 2102 5729 nihil
2124 5674 2462 5728 exhilarandi
2487 5674 2695 5743 copiam
2726 5673 2844 5742 ﬁeri
2886 5691 2900 5728 :
2966 5682 3021 5725 ut
3045 5686 3263 5740 expanso
3319 5683 3542 5722 maerare

1970 5767 2351 5836 alacritateque
2384 5780 2562 5837 vegeta
2614 5776 2950 5835 recuperata.
3006 5781 3109 5817 non
3159 5764 3405 5831 ignaviae.
3454 5761 3544 5814 sed

1972 5862 2454 5929 itonestipiazcepta
2488 5862 2780 5915 traditurus
2821 5860 3086 5913 orationes
3117 5857 3304 5923 cupide
3350 5856 3547 5908 admit-
