4208 6444
207 438 310 506 317

1130 433 1541 497 PRIECEPTA
1585 430 2026 492 EDUCATION
2042 431 2111 490 IS
2145 429 2423 493 REGLE.

3336 424 3438 482 318

210 556 294 608 Οὐ
318 553 446 621 μὴν
474 553 611 606 ἀιΙ
637 553 772 606 ἐστι
802 552 897 605 καὶ
932 552 1159 620 ἕτερον,
1191 551 1261 603 ἐν
1290 544 1340 616 ᾧ
1384 548 1773 602 πλεονεκτοῦ-

1905 548 1947 600 is
1976 548 2492 615 superioressumus.
2540 544 2682 599 Nam
2734 560 2851 597 cum
2903 541 3220 595 auctoritate
3274 538 3437 607 loqui,

200 664 322 716 μεν
350 649 617 701 ἐκείνων.
658 647 728 700 τὸ
771 647 884 715 γὰρ
920 646 998 714 δὴ
1016 644 1144 716 μετ’
1176 645 1465 711 ἔξουσίας
1496 644 1709 705 εἰπεῖν,
1742 642 1773 695 ὂ

206 736 456 805 πολλὴν
500 723 919 807 τὴν’δύναμιν
948 739 1071 806 ἕχει
1110 738 1209 790 καὶ
1256 736 1629 803 παιδοτρίϐῃ,
1677 734 1775 787 και

205 828 578 895 διδασκάλῳ,
600 830 696 883 καὶ
718 828 899 883 παντὶ
926 827 1329 896 διορθουμένῳ
1361 828 1579 895 φύσεις
1600 827 1775 885 νέων,

208 918 247 986 ἣ
285 920 632 984 πλάττοντι,
684 922 815 989 ἐμοὶ
854 920 970 989 μέν
998 922 1202 982 ἔξεστι
1253 918 1584 983 παντελῶς,
1627 916 1775 969 ὲκεί-

206 1026 341 1074 νοις
372 1010 442 1063 δὲ
484 1010 776 1077 οὐδαμῶς,
816 1012 943 1063 οὐδ’
990 1010 1070 1066 ἂν
1102 1012 1140 1078 ἠ
1176 1008 1418 1063 πάντων
1467 1009 1654 1076 σοφία
1692 1009 1780 1072 είς

207 1102 280 1154 ἓν
302 1119 368 1168 τε
400 1104 635 1169 τούτοις
659 1103 950 1170 συνέλθῃ.
986 1103 1114 1167 Πῶς
1140 1102 1257 1172 μὲν
1290 1102 1397 1167 γὰρ
1420 1098 1495 1154 ἂν
1520 1099 1779 1167 προστά-

208 1193 385 1255 ξαιεν
405 1193 616 1260 ἀδεῶς,
642 1196 767 1261 πῶς
789 1196 857 1249 δὲ
876 1194 1124 1259 πιστῶς,
1151 1192 1276 1258 πῶς
1290 1194 1360 1246 δὲ
1381 1194 1779 1262 θαρῤούντως,

210 1288 366 1340 κατὰ
396 1288 685 1351 βασιλέα,
740 1290 837 1342 καί
899 1289 1144 1356 πατέρα,
1181 1289 1278 1341 καὶ
1326 1288 1530 1354 φίλον,
1564 1285 1782 1347 οἵτινες

209 1381 572 1448 ἐστέρηνται
602 1382 702 1434 καὶ
731 1382 1044 1450 σχήματος
1076 1381 1335 1448 ἀφοϐίαν
1362 1378 1655 1442 διδόντος,
1682 1376 1779 1445 καὶ

211 1471 486 1536 σχέσεως
520 1474 737 1526 πασῶν
763 1473 1112 1540 κρατούσης
1132 1468 1213 1536 τῷ
1248 1469 1360 1537 τῆς
1385 1470 1625 1537 φύσεως
1648 1468 1782 1537 φίλε

212 1574 355 1627 τρῳ.
410 1565 507 1615 καὶ
559 1565 767 1632 φιλίας
808 1564 1104 1630 συνηθείᾳ
1160 1561 1620 1630 θαρῤυνούσηςῖ
1677 1560 1786 1624 Δη-

210 1651 399 1704 λοῦσι
427 1652 496 1705 δὲ
546 1656 719 1716 Δίων,
771 1653 1131 1721 Ἰωοκράτης,
1162 1651 1379 1705 πολλοὶ
1418 1651 1627 1718 ἕτεροι,
1673 1650 1787 1713 βα-

212 1744 498 1809 σιλικοὺς
543 1746 658 1814 μέν
703 1743 925 1815 λόγους
972 1744 1439 1814 ὀνομασθέντας,
1491 1741 1590 1795 καὶ
1639 1743 1786 1807 πρὸς

211 1837 442 1903 αὐτοὺς
486 1838 812 1906 βασιλέας,
856 1840 1127 1903 πολλούς
1180 1852 1347 1901 τινας
1386 1834 1745 1905 τεγραφότες
1769 1848 1783 1863 '

1875 640 2015 709 qisod
2044 655 2173 691 sane
2201 654 2538 707 permagnam
2572 640 2623 691 in
2674 635 2789 689 ludi
2855 630 3131 704 magistro,
3203 632 3439 689 doctore.

1875 735 2059 804 quovis
2088 733 2193 787 alia
2227 735 2304 787 uel
2336 735 2660 796 moderante,
2696 730 2772 785 vel
2805 730 3030 799 ﬁngente
3049 726 3309 796 juvenum
3358 726 3442 777 in-

1877 824 2051 892 genia,
2089 825 2191 877 vim
2214 823 2386 887 habet,
2409 824 2536 876 mihi
2577 822 2785 892 quidem
2818 820 3026 872 omnino
3071 817 3231 869 licet:
3263 826 3315 867 at
3344 830 3446 866 non

1878 915 2061 968 itidem
2092 916 2223 978 illis,
2255 916 2466 969 etiamsi
2492 913 2571 968 vel
2625 915 2989 966 universorum
3022 910 3074 962 in
3135 924 3299 962 unum
3357 923 3441 958 sa-

1877 1011 2072 1079 pientia
2110 1016 2276 1062 coeat.
2306 1008 2421 1071 Quo
2441 1009 2579 1060 enim
2622 1016 2777 1075 pacto
2820 1003 2899 1057 vel
2923 1003 3105 1067 libere,
3139 1001 3219 1054 vel
3274 998 3447 1069 ﬁdeli-

1883 1111 1983 1163 ter,
2012 1101 2087 1167 uel
2104 1102 2423 1169 conﬁdenter
2440 1100 2597 1169 regis,
2614 1098 2804 1165 patris,
2827 1096 2983 1149 amici
3002 1111 3165 1154 more.
3190 1107 3449 1163 prwcepe-

1883 1194 1992 1246 rint
2020 1195 2078 1255 ii,
2107 1194 2266 1262 quiet
2290 1192 2496 1259 imperii
2525 1191 2821 1260 majestate.
2851 1186 3155 1240 interritum
3213 1186 3451 1236 animum

1883 1287 2260 1355 suppeditante,
2279 1294 2482 1348 carent,
2515 1296 2562 1336 et
2603 1282 2904 1350 affectione,
2932 1278 2980 1331 vi
3008 1275 3277 1330 naturalis
3303 1290 3455 1326 amo-

1884 1382 1958 1432 ris
1979 1379 2252 1431 universas
2277 1376 2414 1430 alias
2459 1382 2738 1443 superante
2785 1382 2831 1425 et
2884 1370 3142 1431 amicitia,
3198 1367 3453 1435 ﬁduciam

1883 1480 2143 1540 praetequ
2172 1467 2563 1537 familiaritatis
2592 1462 2854 1533 augente?
2896 1460 3149 1528 Exemplo
3188 1471 3309 1511 sunt
3334 1460 3451 1519 Dio,

1888 1561 2176 1626 Isocrates,
2212 1565 2502 1626 complures
2532 1558 2652 1619 alii,
2677 1553 2767 1625 qui
2794 1558 3051 1623 scripsere
3115 1551 3322 1619 quidem
3368 1541 3454 1606 illi

1886 1653 2081 1706 multas
2106 1652 2277 1720 regias
2304 1651 2401 1719 (sic
2426 1650 2561 1703 enim
2592 1646 2873 1716 appellata:
2894 1643 3039 1714 sunt)
3066 1630 3357 1703 orationes,
3387 1640 3456 1693 ad

1886 1746 2028 1813 ipsos
2055 1745 2214 1797 etiam
2239 1756 2381 1810 reges
2414 1757 2432 1793 :
2457 1740 2546 1793 sed
2563 1738 2703 1808 quod
2728 1753 2964 1806 personae
2996 1745 3104 1788 tam
3137 1750 3268 1797 suae,
3297 1748 3455 1801 quam

1889 1838 2046 1906 regite
2074 1840 2321 1890 decorum
2351 1850 2557 1889 servare
2610 1840 2877 1901 cuperent,
2912 1846 3003 1882 nec
3034 1828 3111 1882 vel
3168 1825 3454 1879 insolentes

212 1933 419 1996 τηρεῖν
450 1933 518 1986 δὲ
554 1934 714 2001 ὅμως
755 1932 1073 1996 ἐθέλοντες
1112 1931 1187 1983 τὰ
1222 1926 1527 1995 πρέποντα
1563 1926 1781 1993 σφίσιν

1905 1925 1962 1980 ιεί
1987 1927 2217 1995 protervi
2280 1927 2445 1979 videri
2471 1944 2485 1977 :
2514 1924 2727 1992 prolixa
2761 1922 2959 1991 regiam
2987 1919 3329 1973 eminentiam
3369 1932 3458 1968 ar-

211 2025 447 2089 αὐτοῖς,
477 2025 575 2079 καὶ
604 2023 731 2090 τοῖς
773 2021 1133 2089 βασιλεῦσι,
1163 2021 1261 2076 καὶ
1286 2022 1373 2089 μὴ
1404 2016 1611 2088 ,δοκεῖν
1647 2020 1786 2083 θρα-

212 2119 539 2178 σύνεσθαι,
576 2116 732 2185 μηδὲ
772 2116 1080 2183 προπετῶς
1121 2114 1305 2182 ἐχειν,
1359 2113 1559 2178 τέχνῃ,
1590 2105 1787 2175 μακρᾷ

212 2209 594 2278 δεξιούμενοι
642 2210 944 2278 ὑπεροχὰς
976 2207 1094 2260 τῶν
1132 2207 1533 2279 κρατούντων,
1584 2199 1788 2253 ἔπειτα

214 2303 320 2356 καὶ
353 2304 537 2370 ταύτῃ
580 2298 1083 2367 συνεσταλμένως
1112 2298 1177 2350 τὸ
1215 2297 1356 2350 δέον
1384 2294 1786 2363 ἀποφαινόμε-

213 2414 335 2450 νοι.
367 2385 511 2463 Παρ⁶
553 2393 754 2449 αὐτῶν
783 2392 898 2460 ἐγὼ
927 2394 1031 2456 τὰς
1069 2390 1303 2459 γνώμας
1336 2389 1557 2451 ταύτας
1597 2385 1789 2451 ἐρανι-

215 2487 507 2551 σὰμενος,
549 2487 644 2539 καὶ
680 2484 925 2553 προσέτι
975 2482 1283 2551 θειοτέρων
1310 2478 1562 2546 ἀνδρῶν,
1603 2490 1789 2544 προσ-

216 2581 347 2644 θείς
399 2596 453 2632 τι
504 2580 599 2631 καί
628 2578 762 2645 παρ’
794 2576 1075 2645 ἐμαυτοῦ,
1110 2576 1260 2640 ἴσως
1301 2575 1373 2627 οὐ
1406 2572 1603 2636 πάντη
1638 2568 1789 2639 φαῦ-

216 2676 363 2737 λον,
391 2671 580 2735 οὕτως
606 2669 934 2739 ἐλευθέρως
962 2670 1058 2722 καὶ
1084 2665 1383 2735 πατρικῶς
1408 2665 1507 2733 (ὡς
1536 2663 1790 2717 ἂνεῖποι

217 2767 335 2833 τις)
366 2764 735 2823 ἀποδέδωκα,
764 2760 1061 2831 ὀφείλημά
1084 2777 1147 2815 τε
1166 2760 1262 2812 καὶ
1287 2757 1500 2825 δῶρον,
1520 2758 1588 2809 έν
1613 2771 1793 2823 κεφα-

219 2860 415 2910 λαίων
434 2854 804 2916 ἐκατεντάδι,
830 2852 1204 2921 ἀκροστιχίδι
1244 2850 1368 2905 τινζ
1396 2847 1792 2917 ταττομένων,

220 2950 297 3001 ἐν
348 2944 445 3018 ᾗτι
485 2946 665 3015 μέρος
695 2943 868 3000 ἐστίν
910 2940 1123 3013 εὐχῆς,
1154 2940 1235 3008 ῆν
1265 2939 1407 3005 Θεὸς
1435 2942 1544 2992 οὐκ
1589 2936 1795 3004 ἀτιμά-

221 3056 355 3106 σαι,
389 3043 441 3093 el
470 3039 564 3093 δεῖ
615 3056 670 3091 τι
720 3033 819 3091 καὶ
858 3036 1011 3104 ὑπὲρ
1055 3031 1244 3102 εὐχῆς
1278 3029 1435 3101 ἡμᾶς
1480 3031 1793 3093 εὔξασθαι,

221 3135 378 3188 κατὰ
410 3133 516 3186 τὸν
544 3132 790 3185 ειπόντα
820 3124 1159 3197 θαυμάσιον
1187 3124 1500 3194 προφήτην
1540 3121 1637 3175 καὶ
1677 3122 1796 3185 βα·

221 3222 439 3279 σιλέιι·
496 3222 851 3283 Εισάκουσον,
904 3218 1100 3288 Κύριε,
1150 3214 1249 3285 τῆς
1281 3213 1593 3284 προσευχῆς
1652 3228 1791 3281 pou-

223 3313 299 3372 οὗ
324 3316 452 3382 ταῖς
477 3313 847 3382 συμϐουλαῖς
872 3309 924 3365 ei
954 3310 1308 3378 προσχοίης,
1336 3304 1503 3374 μάλα
1531 3304 1794 3357 σεαυτὸν

220 3408 586 3479 ὠφελήσεις.
641 3403 825 3473 Ἐξῆν
850 3403 965 3471 μὲν
1010 3395 1127 3456 οὖν
1165 3399 1545 3468 σαφέστερον
1597 3394 1794 3447 πάντα

222 3500 491 3571 φράζειν,
527 3493 819 3567 έτνωνοδὰ
853 3493 1098 3563 ἄμεινον
1134 3485 1305 3549 εἶναι,
1332 3486 1418 3557 μὴ
1469 3488 1537 3540 τὸ
1569 3484 1795 3539 ὀστοῦν

222 3592 580 3648 παντάπασι
618 3586 729 3657 τῆς
759 3604 826 3653 τε
857 3582 1087 3652 σαρκὸς
1128 3580 1480 3650 ἀφελέσθαι,
1522 3578 1601 3642 ὡς
1642 3575 1798 3628 εἶναί

221 3704 281 3739 τι
313 3684 501 3749 ταύτῃ
553 3678 625 3747 τῇ
664 3680 835 3744 θοίνῃ
874 3673 954 3739 τῷ
990 3671 1300 3738 δαιτυμόνι
1349 3664 1636 3733 διεγεῖρον
1684 3661 1798 3726 τὴν

222 3776 450 3845 ὄρεξιν,
487 3767 966 3834 σπουδαιοτέραν
993 3762 1188 3830 ζητεῖν
1230 3757 1479 3827 τροφήν.
1513 3753 1665 3807 Οὐδὲ
1688 3751 1797 3821 γὰρ

222 3842 420 3938 ὲιιρῆν
456 3862 615 3933 ἡμᾶς
658 3862 810 3928 πρὸς
836 3850 1225 3927 γενναιότητα
1257 3868 1332 3906 σε
1374 3842 1798 3919 παρακαλοῦν-

222 3936 357 4027 τας,
403 3958 597 4025 νωθρὰ
628 3954 791 4009 σιτία
841 3950 939 4004 καὶ
984 3946 1266 4011 ἀνειμένα
1304 3957 1401 3996 σοι
1441 3936 1797 4007 παρασχεῖν.

223 4053 311 4109 Σὺ
357 4050 426 4104 δὲ
480 4046 752 4109 διανοίας
807 4041 1159 4108 στερρότητι
1196 4036 1265 4088 τὸ
1315 4030 1801 4100 δυσχερέστερον

219 4146 415 4206 λύων,
442 4140 755 4208 ,βρώσιμον
787 4130 992 4197 σαυτῷ
1020 4126 1218 4194 καλῶς
1244 4124 1352 4181 τὸν
1380 4123 1613 4194 μυελὸν
1651 4121 1799 4175 ἀπο-

222 4237 473 4307 φήναις,
504 4232 571 4297 ὃς
606 4230 683 4298 δὴ
723 4226 933 4291 πολλῷ
959 4241 1075 4279 σου
1104 4223 1208 4289 τὴν
1246 4218 1463 4289 ψυχὴν
1490 4214 1713 4285 ἀμείνω
1737 4230 1801 4281 γε

222 4302 471 4391 πάντως
502 4324 705 4388 δείξει,
745 4321 778 4387 ἢ
808 4319 876 4372 τὸ
918 4316 1229 4385 Ἀχιλλέως
1260 4312 1432 4381 σῶμα
1461 4312 1514 4363 ol
1558 4302 1802 4378 μυθικοὶ

222 4422 349 4473 τῶν
395 4419 683 4471 λεόντων.
730 4413 1011 4479 Πείθομαι
1046 4406 1155 4476 γὰρ
1192 4402 1343 4460 εἶναι
1370 4401 1667 4456 τοσοῦτον
1710 4401 1805 4453 ἐν-

224 4509 448 4566 ταυθοῖ
467 4508 532 4561 τὸ
566 4504 883 4563 συνοῖσον,
907 4503 1060 4555 ὅσον
1086 4515 1171 4569 τε,
1196 4498 1249 4550 εὶ
1285 4494 1628 4565 φιλοπόνως
1655 4488 1802 4545 αὐτὸ

1889 2032 1941 2075 te
1963 2021 2275 2083 demulcent,
2309 2038 2370 2074 ac
2394 2018 2582 2073 deinde
2608 2035 2670 2071 ne
2700 2018 2775 2070 sic
2794 2014 3002 2082 quidem
3029 2013 3185 2066 libere
3224 2010 3357 2063 satis
3379 2009 3456 2070 id,

1886 2113 2023 2182 quod
2058 2112 2335 2165 dicendum
2356 2118 2492 2175 erat,
2540 2108 2909 2175 pronuntiant.
2968 2104 3051 2156 Ea:
3099 2102 3182 2154 Itis
3219 2100 3457 2170 equidem

1887 2208 2110 2275 virisque
2136 2214 2390 2271 prteterea
2425 2201 2799 2259 divinioribus,
2857 2197 3103 2250 collectas
3132 2194 3287 2245 hasce
3336 2208 3455 2246 sen-

1890 2296 2103 2357 tentias,
2128 2294 2310 2364 quibus
2341 2301 2389 2347 et
2427 2309 2457 2345 a
2490 2292 2639 2345 nobis
2678 2290 2914 2358 fortasse
2954 2302 3057 2339 non
3124 2294 3459 2337 contemnen-

1888 2388 2012 2441 dum
2037 2387 2238 2456 aliquid
2268 2386 2534 2453 adjectum
2562 2393 2660 2445 est,
2710 2382 2873 2434 libere
2897 2396 2959 2432 ac
3010 2388 3230 2447 paterne
3260 2374 3338 2429 (ut
3380 2376 3460 2428 ita

1890 2479 2095 2550 loquar)
2123 2481 2310 2548 offerre
2342 2477 2435 2529 tibi
2463 2476 2627 2537 volui,
2653 2490 2743 2527 ceu
2774 2473 3002 2526 debitum
3021 2470 3224 2537 pariter
3254 2483 3318 2519 ac
3344 2480 3458 2516 mss-

1894 2590 2010 2634 nus,
2039 2583 2243 2626 centum
2277 2569 2538 2637 capitibus
2590 2566 2876 2625 inclusum,
2935 2578 3052 2631 quw
3104 2559 3462 2613 Acrosticltide

1891 2664 2121 2733 quadam
2152 2663 2482 2730 digeruntur,
2518 2662 2571 2712 in
2608 2676 2713 2726 qua
2765 2657 2880 2724 ipsa
2912 2671 3035 2722 pars
3093 2653 3337 2721 quendam
3384 2658 3461 2703 est

1892 2756 2019 2813 voti.
2051 2752 2188 2821 quod
2222 2769 2252 2805 a
2287 2752 2392 2804 Deo
2430 2750 2644 2802 minime
2675 2748 2823 2816 rejici
2877 2756 3021 2811 opto,
3064 2746 3111 2797 si
3146 2743 3358 2806 quidem
3409 2750 3460 2794 et

1892 2863 1988 2916 pro
2019 2856 2132 2899 voto
2162 2859 2335 2910 preces
2368 2839 2723 2908 concipiendi!
2748 2846 2893 2899 sunt,
2913 2852 3056 2889 more
3079 2836 3213 2887 natis
3237 2842 3285 2887 et
3326 2833 3462 2901 regis

1895 2938 2041 2991 illius
2071 2935 2398 3000 admirandi,
2430 2934 2520 3003 qui
2553 2931 2729 2985 dixit:
2763 2929 2992 2994 Exaudi,
3035 2927 3287 2990 Domine.
3331 2940 3462 2994 pre-

1897 3030 2169 3084 cationem
2216 3041 2415 3088 meam.
2453 3024 2531 3079 Tu
2566 3024 2614 3077 si
2636 3024 2875 3076 animum
2904 3022 3123 3090 iis,qute
3181 3018 3465 3071 consuluno

1901 3132 2007 3183 tur,
2039 3120 2347 3184 adverteris,
2380 3132 2627 3185 magnum
2660 3117 2769 3183 ipse
2799 3114 2896 3167 tibi
2917 3112 3317 3165 emolumentum
3341 3108 3470 3183 aﬂ'e—

1899 3230 2001 3268 res.
2036 3212 2286 3266 Poterant
2322 3219 2499 3263 autem
2531 3208 2709 3262 omnia
2732 3205 2914 3274 paullo
2958 3204 3245 3257 dilucidius
3310 3216 3469 3270 expo-

1898 3308 1972 3366 ni,
2002 3307 2091 3359 sed
2116 3301 2481 3358 existimabam
2511 3301 2771 3369 equidem,
2805 3298 2989 3351 melius
3028 3311 3161 3359 esse,
3198 3311 3298 3348 non
3316 3295 3471 3363 quid-

1896 3395 2020 3465 quid
2042 3404 2172 3447 esset
2204 3406 2472 3452 osseum,e
2504 3405 2661 3443 carne
2685 3403 2901 3455 prorsus
2929 3386 3092 3439 eximi
3127 3394 3218 3437 :ut
3243 3392 3467 3437 restaret

1898 3488 2166 3556 aliquidin
2184 3486 2279 3536 hoc
2298 3483 2473 3550 epulo,
2492 3480 2629 3551 quod
2658 3480 2725 3532 ad
2750 3477 3085 3549 qutrrendum
3113 3475 3335 3544 majoris
3362 3491 3474 3527 mo-

1899 3579 2061 3632 menti
2080 3577 2252 3629 cibum
2271 3574 2497 3627 convivat
2529 3572 2763 3623 animum
2783 3565 3179 3623 excitaret.Nec
3198 3568 3336 3620 enim
3374 3582 3474 3634 par

1898 3680 2010 3726 erat
2041 3689 2071 3723 a
2095 3669 2264 3733 nobis,
2288 3668 2356 3720 ad
2380 3675 2558 3719 strenu
2573 3667 2751 3717 itatem
2767 3672 2816 3716 te
2845 3661 3264 3724 cohortantibus,
3305 3660 3472 3727 inem-

1898 3781 2043 3818 caces
2071 3779 2133 3815 ac
2165 3761 2345 3814 molles
2365 3759 2457 3812 tibi
2492 3757 2637 3810 cibos
2681 3756 2883 3824 offerri.
2913 3754 2992 3807 Tu
3052 3754 3238 3807 mentis
3290 3752 3476 3804 robore

1900 3855 2152 3925 quidquid
2208 3852 2484 3920 difﬁcilius
2536 3858 2635 3909 est,
2692 3848 2934 3915 digerens
2985 3854 3123 3899 recte
3186 3842 3477 3896 medullam

1900 3949 2073 4015 ipsam
2104 3944 2425 3998 esculentam
2457 3941 2552 3994 tibi
2581 3939 2809 4002 reddito,
2870 3952 2986 4006 qua
3032 3936 3267 3988 animum
3328 3942 3477 3985 tuum

1904 4037 2068 4091 multo
2096 4052 2219 4090 sane
2243 4035 2509 4088 meliorem
2560 4032 2760 4100 eﬁiciet,
2822 4046 2981 4099 quam
3026 4042 3212 4094 corpus
3249 4023 3478 4076 Achillis

1904 4129 2133 4191 leonum,
2157 4127 2296 4179 utin
2318 4124 2517 4194 fabulis
2540 4133 2640 4184 est,
2665 4121 2929 4175 medullte.
2954 4118 3093 4171 Nam
3122 4117 3250 4170 mihi
3270 4115 3480 4185 quidem

1902 4235 2210 4290 persuasum
2228 4228 2327 4281 est,
2353 4215 2652 4269 tantumhic
2667 4214 2835 4266 inesse
2859 4214 3085 4281 fructus,
3116 4218 3192 4273 ut,
3209 4208 3478 4275 siquidem

1902 4329 2021 4367 eum
2055 4310 2286 4364 studiose
2314 4307 2655 4374 decerpseris,
2700 4304 2857 4373 facile
2875 4300 3361 4369 prcestantissimus
3428 4307 3479 4349 et

1905 4404 2175 4456 hominum
2199 4401 2271 4454 sis
2293 4414 2548 4454 euasurus
2583 4407 2629 4451 et
2650 4412 2851 4465 regum.
2878 4393 3031 4460 Quod
3060 4393 3105 4445 si
3136 4399 3321 4443 auctor
3385 4388 3483 4441 Ito-

1907 4513 2024 4550 rum
2045 4512 2140 4563 ego
2170 4495 2336 4547 multo
2358 4508 2474 4547 sum
2510 4491 2734 4561 inferior
2760 4489 2848 4551 iis,
2886 4502 3004 4555 qua:
3042 4484 3125 4539 hic
3160 4500 3193 4537 a
3226 4498 3306 4536 me
3361 4498 3482 4549 per-

223 4602 503 4670 δρέψαιο,
551 4596 773 4665 ῥᾳδίως
800 4590 1107 4659 ἀποφήναι
1146 4602 1220 4641 σε
1267 4586 1518 4652 ἄριστον
1564 4578 1801 4648 ἀνδρῶν

1905 4589 2102 4657 scripta
2134 4595 2298 4641 sunt:
2332 4585 2547 4638 minime
2598 4582 2652 4635 id
2686 4580 2896 4649 quidem
2952 4575 3321 4644 impedimento
3372 4572 3472 4624 tibi

224 4668 294 4748 τε
322 4688 761 4752 καὶβασιλέων.
787 4685 854 4737 El
874 4680 925 4735 δ’
949 4684 981 4733 d
1004 4680 1187 4733 ταῦτα
1206 4676 1445 4746 γράφων
1462 4673 1576 4744 ἐγὼ
1596 4668 1802 4736 πολλῷ

225 4784 439 4852 χεῖρον
455 4780 573 4846 ἔχω
601 4776 720 4829 τῶν
738 4771 1179 4843 γεγραμμένων,
1207 4765 1370 4822 ἀλλά
1394 4779 1492 4819 σοι
1519 4763 1605 4833 μὴ
1627 4758 1804 4815 τοῦτο

224 4878 388 4929 ἔστω
420 4870 569 4937 πρὸς
596 4868 664 4921 τὸ
690 4866 883 4920 καλὸν
922 4862 1184 4931 κώλυμα,
1217 4858 1254 4927 ἣ
1288 4853 1490 4927 εῒργόν
1517 4874 1570 4909 τι
1625 4869 1805 4907 τοπα·

217 4968 432 5036 ρὰπιιην
460 4980 472 4993 ·
505 4962 643 5016 ἀλλ’
667 4960 723 5012 et
754 4959 870 5012 πού
902 4974 957 5009 τι
984 4956 1079 5009 καί
1113 4953 1364 5017 βέλτιον
1391 4951 1637 5017 εὕρηται
1667 4947 1805 5015 παρ’

222 5059 384 5128 ἐμοὶ,
419 5054 548 5108 ἐπεὶ
592 5051 803 5122 μηδεὶς
847 5048 1162 5116 ἐστέρηται
1213 5046 1455 5099 πάντων
1500 5040 1648 5110 ἑξῆς
1688 5039 1807 5093 τῶν

223 5147 464 5206 καλῶν.
504 5143 657 5212 ἡγοῦ
698 5157 797 5197 σοι
836 5140 1088 5207 πρέπειν
1113 5138 1289 5191 τοῦτο
1321 5133 1802 5203 κληρονομῆσαι,

223 5240 334 5295 καὶ
367 5237 515 5305 πρὸς
563 5234 843 5289 ἐπίδοσιν
886 5229 1133 5301 ἀγαγεῖν
1171 5227 1382 5292 πολλῷ
1423 5243 1490 5296 γε
1543 5226 1806 5292 κρείσσω

224 5328 745 5403 φιλοτιμήσεσθαι
777 5326 812 5395 ἢ
842 5323 957 5391 τὴν
988 5322 1209 5378 οὐσίαν
1242 5322 1357 5389 τὴν
1377 5320 1674 5387 πατρικὴν
1708 5318 1805 5371 καὶ

220 5422 564 5491 βασιλείαν
611 5418 825 5486 αὐτήν.
881 5416 1039 5485 Τάμὰ
1079 5414 1147 5467 δὲ
1176 5412 1558 5479 ἐλαττώματα
1592 5410 1809 5478 διορῶν

233 5512 468 5589 (πολλὰ
519 5511 575 5565 δ’
619 5510 773 5573 ἐστὶ,
809 5508 906 5564 καί
946 5508 1200 5577 μεγαλα)
1230 5505 1367 5561 θέλε
1418 5522 1469 5558 τι
1507 5504 1605 5557 καὶ
1651 5502 1811 5569 παρὰ

228 5612 470 5664 τούτων
519 5601 820 5674 κερδᾶναι,
852 5603 1229 5657 διδάσκαλον
1273 5600 1428 5654 αὐτὰ
1459 5594 1807 5667 προστησά-

224 5694 431 5772 μενοξ
447 5699 592 5765 ,ϐίου
620 5716 682 5753 τε
716 5698 1057 5766 ἀμείνονος,
1086 5695 1183 5749 καὶ
1214 5693 1520 5757 πολιτείας
1549 5693 1813 5760 ἀσφαλε-

230 5793 480 5859 στέρας.
514 5791 715 5845 Καλόν
738 5806 838 5843 σοι
873 5788 980 5857 γὰρ
1022 5789 1296 5851 ἐκείνους·
1318 5784 1718 5853 μιμήσασθαι,
1756 5782 1813 5837 οἳ

228 5882 361 5949 τοῖς
383 5882 597 5951 ἐτέρων
619 5882 926 5953 ναυαγίοις
950 5877 1358 5942 διασώζονται,
1386 5877 1499 5930 ἀπὸ
1522 5874 1636 5929 τῶν
1662 5876 1810 5930 ὲκεί-

1908 4687 1978 4740 sit
2010 4686 2078 4737 ad
2093 4673 2359 4743 virtutem,
2391 4680 2465 4734 vel
2484 4678 2599 4732 ulla
2616 4678 2668 4730 in
2700 4686 2850 4744 parte
2900 4675 3067 4727 obstet
3100 4688 3118 4725 :
3140 4672 3228 4724 sed
3260 4671 3308 4724 si
3356 4669 3486 4737 quid

1910 4779 2051 4847 apud
2073 4794 2152 4830 me
2184 4778 2259 4831 rei
2299 4774 2530 4829 melioris
2555 4773 2713 4841 fuerit
2745 4770 3012 4823 inventum
3043 4769 3063 4834 (
3092 4762 3303 4830 quando
3325 4778 3477 4814 nemo

1909 4872 2162 4925 bonorum
2185 4884 2404 4933 prorsus
2437 4864 2669 4919 omnium
2703 4875 2884 4915 exsors
2919 4856 3041 4923 est),
3065 4855 3119 4907 id
3150 4855 3228 4906 uti
3249 4853 3484 4906 liceretli-

1910 4969 2019 5014 tate
2036 4958 2223 5022 adeas,
2257 4968 2303 5011 et
2321 4957 2543 5009 multum
2566 4952 2856 5020 adaugeas,
2873 4946 3159 5001 studiosius
3180 4959 3243 4996 ea:
3282 4944 3491 4995 ratione

1909 5052 2086 5105 decori
2108 5047 2320 5118 putabis
2345 5041 2725 5098 elaborandum
2754 5053 2910 5108 quam
2956 5034 3033 5089 vel
3066 5034 3201 5087 bona
3251 5042 3479 5101 paterna

1908 5145 1985 5199 vel
2014 5144 2183 5211 ipsum
2216 5153 2451 5208 regnum.
2491 5134 2635 5189 Vitia
2659 5148 2776 5186 vero
2807 5145 2921 5182 mea
2970 5128 3287 5195 perspiciens
3344 5124 3489 5191 (quae

1910 5252 2037 5291 sane
2069 5231 2331 5304 permulta
2363 5237 2411 5283 et
2454 5243 2646 5297 magna
2670 5224 2838 5289 sunt),
2862 5237 2924 5276 ea:
2950 5221 3017 5273 iis
3044 5233 3249 5288 quoque
3273 5214 3484 5267 lucrum

1912 5326 2127 5399 aliquod
2151 5327 2414 5397 percipere
2441 5322 2606 5382 uelis;
2643 5314 2980 5387 prwﬁciendo
3011 5312 3209 5367 scilicet
3248 5309 3345 5362 illa
3381 5308 3478 5361 tibi

1910 5440 2003 5476 ceu
2031 5419 2306 5491 quemdam
2335 5417 2451 5470 vita:
2474 5410 2703 5465 metiaris
2734 5408 3046 5474 tutiorisqne
3075 5400 3482 5470 gubernationis

1910 5514 2242 5583 magistrum.
2276 5506 2420 5561 Nam
2453 5512 2587 5558 recte
2616 5501 2826 5571 feceris,
2860 5498 2905 5549 si
2934 5512 3021 5549 eos
3042 5494 3204 5564 fueris
3237 5493 3482 5544 imitatus

1910 5610 2000 5679 qui
2024 5605 2323 5676 naufragiis
2349 5602 2534 5655 alienis
2571 5604 2870 5656 servantur,
2910 5589 3127 5644 illorum
3149 5585 3356 5639 delictis
3385 5585 3485 5636 ad-

1911 5676 2170 5768 uersisque
2204 5694 2436 5755 casibus,
2469 5690 2595 5761 quid
2615 5704 2742 5755 opus
2769 5685 2911 5753 facto
2936 5683 3021 5741 sit.
3078 5678 3253 5731 edocti
3289 5690 3307 5728 :
3353 5676 3483 5727 dum

1914 5784 1987 5839 vel
2020 5764 2227 5853 longum
2266 5781 2381 5835 sale
2408 5773 2832 5846 navigationibus
2864 5772 3066 5832 dicunt,
3103 5766 3178 5820 vel
3207 5781 3300 5835 pro
3358 5764 3485 5817 viri-

1915 5879 2005 5931 bus
2036 5877 2135 5931 sibi
2160 5874 2457 5929 consulunt.
2510 5872 2645 5935 Qum
2670 5877 2715 5921 et
2747 5860 2876 5919 illud
2912 5859 3196 5929 aliquando
3263 5854 3485 5918 accidit,
