4208 6444
177 455 277 516 ἴὲι

1103 452 1197 514 Pll
1215 450 1513 511 [ECEPTA
1562 446 2085 508 EDUCATIONIS
2118 448 2265 507 REG
2282 448 2400 508 LE.

3350 448 3456 507 3'32

3390 493 3459 508 -.Α

176 573 318 642 πρὸς
352 572 453 633 τὰς
490 569 683 641 ἡδονάς
731 566 993 636 πόλεμον,
1027 566 1089 617 οὐ
1122 564 1303 632 πάντη
1335 564 1391 615 δὲ
1417 561 1589 622 οὕτως
1619 561 1755 628 ἔχει.

1886 558 2083 613 ,νίιιιδιιιι⁸
2113 576 2258 622 esse,
2292 560 2415 614 belli
2446 560 2563 629 ejus
2590 575 2777 621 causa,
2812 559 2957 629 quod
2993 573 3118 613 cum
3164 559 3460 630 voluptati-

180 665 258 716 Οὐ
291 665 401 732 γὰρ
428 663 626 731 ἡδονῆς
647 660 890 729 ἀμοιρεῖ,
909 656 987 725 τῷ
1020 656 1285 709 συνειδότι
1310 655 1406 706 καὶ
1426 654 1544 711 ταῖς
1574 652 1759 704 ὲλπῖσι

178 759 406 826 τέρπειν
438 754 618 816 εἰδώς.
648 753 919 821 Πρόσεστι
948 750 1004 802 δέ
1031 766 1093 816 γε
1124 747 1300 814 τούτρ
1332 748 1425 798 καὶ
1449 745 1510 797 τὸ
1539 744 1757 813 σεμνὸν,

177 850 277 902 καὶ
305 848 369 902 τὸ
397 846 648 918 διαρκὲς,
677 846 793 898 ὄντι
812 862 879 914 γε
903 842 1223 897 παντάπασι
1250 839 1496 909 χρηστῷ.
1520 836 1762 891 Τοιαῦτα

176 943 248 995 τά
286 941 363 1012 μή
394 939 758 1008 νενοθευμένα
811 937 923 990 τῶν
967 935 1214 1004 ἀγαθῶν.
1278 936 1377 987 ⁸ον
1427 932 1493 986 ἂν
1523 930 1764 1001 ιραστὴν

178 1034 364 1086 αὐτῶν
397 1031 549 1096 ἅπαξ
578 1031 756 1092 λάϐοι,
816 1028 1101 1100 χειροῦται
1145 1045 1229 1091 τε,
1282 1027 1379 1081 καὶ
1429 1026 1529 1079 οὐκ
1572 1026 1635 1095 ἐᾷ
1666 1025 1766 1093 τὴν

179 1126 374 1193 ἔφεσιν
416 1124 598 1179 αὐτῶν
640 1122 947 1176 πλανᾶσθαι
1001 1122 1134 1189 πρός
1177 1138 1232 1173 τι
1273 1119 1531 1189 μάταιον.
1578 1118 1671 1187 Τῷ
1711 1117 1766 1169 δὲ

180 1218 464 1287 δευτέρῳ,
499 1218 598 1287 τὴν
634 1217 831 1285 ἡδονὴν
886 1216 1040 1277 τέλος
1093 1214 1291 1284 ἔχοντι,
1345 1213 1467 1267 οὔτε
1520 1214 1769 1267 σύνεστιν

181 1310 343 1362 οὐδὲν
370 1310 543 1375 ὑγιὲς,
565 1308 681 1361 οὒτ’
712 1309 999 1378 ὲφέψεται.
1033 1309 1202 1363 Οὐδὲν
1226 1309 1437 1375 γένοιτό
1456 1326 1563 1361 τινι
1600 1308 1770 1379 ἡσθῆ-

184 1420 277 1453 ναι
331 1402 420 1454 διά
470 1400 659 1464 τέλους
712 1402 791 1453 ἑνί
842 1418 920 1471 τῳ
971 1401 1281 1471 πράγματι,
1342 1401 1530 1455 ἄλλοτε
1594 1402 1770 1455 ἀλλων

184 1492 525 1561 ὀρεγομένῳ,
563 1491 674 1542 τῶν
709 1490 876 1558 μηδὲν
902 1494 977 1553 ὠς
1010 1491 1229 1560 ἀληθῶς
1257 1490 1429 1543 ὄντων
1455 1491 1647 1562 ἡδέων,
1678 1492 1770 1544 καὶ

185 1585 277 1635 διά
313 1582 477 1635 τοῦτο
514 1583 985 1651 μεταπεμπὸντων
1012 1583 1100 1635 ἀεὶ
1140 1586 1276 1653 πρὸς
1305 1582 1492 1653 ἔτερα.
1539 1584 1597 1635 Ὀ
1653 1584 1772 1653 τρί-

184 1694 279 1738 τος
325 1676 510 1744 μέντοι
569 1676 667 1727 καὶ
723 1677 888 1743 μέσος
941 1674 1104 1727 ἔστω·
1158 1676 1249 1728 ἶνα
1291 1676 1365 1744 μὴ
1407 1674 1660 1743 σκληρῶς
1709 1677 1773 1727 ὲκ

186 1768 501 1837 προοιμίων
549 1768 964 1835 ὲπιτάττοιμεν,
996 1769 1045 1820 οι
1085 1768 1195 1821 τῶν
1227 1768 1447 1835 ἀγαθῶν
1476 1768 1576 1821 οὐκ
1610 1768 1774 1838 ἐργά-

185 1878 304 1914 ται.
342 1861 527 1913 Ἔστω
573 1859 638 1928 δὴ
679 1860 816 1921 τέως
868 1861 1000 1928 ἡμῖν
1042 1859 1119 1929 μὴ
1150 1859 1431 1921 παντελῶς
1462 1860 1771 1930 ἀπόϐλητον

188 1952 253 2004 τὸ
286 1952 409 2021 ἡδὺ,
446 1951 575 2005 ἔνθα
602 1952 661 2005 ού
700 1950 1064 2018 προσίσταται
1103 1954 1165 2004 τὸ
1191 1952 1380 2008 κακόν.

956 2231 1030 2285 Γ’.

264 2349 463 2417 Σαφῶς
494 2346 603 2401 ἴσθι
642 2347 773 2416 βίων
800 2347 897 2417 τὴν
928 2347 1138 2416 αἵρεσιν
1184 2345 1433 2415 γνώμης,
1465 2347 1524 2399 οὐ
1557 2345 1775 2414 φύσεως

187 2440 387 2498 οὖσαν.
424 2441 487 2495 Ἥ
514 2441 674 2510 φύσις
697 2440 802 2512 γὰρ
828 2440 1071 2505 Αἰθίοπι,
1093 2441 1187 2493 καὶ
1208 2440 1413 2510 Σκύθῃ,
1434 2441 1528 2492 καὶ
1558 2439 1773 2505 Κελτῷ,

189 2539 295 2591 καὶ
333 2537 500 2589 πᾶσιν
547 2534 672 2602 ἑξῆς
706 2532 1041 2603 ἀνθρώποις,
1078 2530 1175 2602 μία
1202 2549 1287 2595 τις
1313 2519 1449 2585 οὒσά
1490 2534 1770 2600 τυγχάνει.

205 2630 453 2697 Ὀλίγοις
487 2627 543 2680 δέ
586 2643 729 2680 τισιν
781 2625 1036 2695 ἱδιώμασι
1080 2627 1193 2689 τοῖς
1244 2626 1432 2693 γένεσι
1490 2628 1635 2678 ποιεῖ
1678 2625 1775 2694 τὴν

190 2720 488 2789 διαφοράν.
519 2718 631 2787 Τὴν
662 2718 719 2770 δὲ
752 2719 1073 2787 προαίρεσιν
1100 2717 1340 2787 χαλεπὸν
1379 2718 1473 2769 καί¹
1527 2717 1777 2786 ἀδελφοῖς

196 2812 281 2882 μὴ
318 2809 659 2881 μερίζεσθαι.
708 2807 917 2862 Οὐκοῦν
946 2810 1083 2877 ὅπερ
1130 2809 1264 2878 ἡμῖν
1310 2808 1549 2880 εἴρηται,
1583 2809 1631 2861 οἱ
1670 2810 1775 2878 βίοι

192 2908 317 2968 τοῖς
348 2904 658 2973 ἀνθρώποις
704 2902 763 2955 ού
808 2901 896 2954 διὰ
937 2900 1037 2970 τὴν
1072 2900 1369 2970 ἀμέριστον
1417 2901 1581 2969 φύσιν
1623 2902 1778 2971 μερί-

195 3001 414 3064 ζονται,
445 2997 582 3050 ἀ).λά
601 2997 688 3049 διά
710 2995 808 3064 τὴν
834 2994 1205 3065 μεριζομένην
1230 2995 1575 3065 προαίρεσιν.
1608 2995 1777 3047 Παντὶ

196 3096 260 3146 δὲ
287 3092 386 3162 βίῳ
406 3092 467 3142 τὶ)
491 3090 707 3160 ἣδιστον
730 3091 794 3141 ὲκ
827 3089 1116 3157 συνηθείας
1138 3083 1292 3158 οἶμαι
1320 3090 1773 3157 προσγίγνεσθαι,

197 3187 265 3239 οὐ
303 3184 383 3253 τῷ
412 3181 826 3252 ξυμ-πεφυκέναι
860 3180 1131 3245 καθάπαξ.
1163 3181 1324 3243 Ἴδοις
1350 3180 1459 3251 γάρ
1486 3182 1552 3234 ἂν
1586 3181 1777 3251 ἐπίμο-

1869 651 1968 705 bus
2001 652 2159 719 gerit,
2193 652 2289 709 sed
2327 653 2379 706 ln
2408 653 2722 708 universum
2757 654 2829 707 ita
2861 664 3180 720 comparata
3214 669 3321 707 non
3353 665 3436 708 est

1865 738 2222 811 Nequaquam
2271 744 2418 797 enim
2478 745 2778 813 voluptatis
2825 760 3021 812 expers
3071 752 3177 809 est,
3235 759 3361 800 cum
3411 756 3465 800 et

1867 836 1999 889 recti
2032 837 2375 891 conscientia
2416 849 2469 892 et
2499 854 2595 909 spe
2624 838 2895 893 delectare
2926 842 3292 894 consueverit.
3323 842 3462 895 Cum

1867 930 2061 984 eadem
2094 929 2225 995 vita,
2260 932 2477 999 penitus
2514 940 2682 996 bona,
2713 931 3009 1001 conjuncta
3048 945 3177 988 sunt
3225 938 3465 1004 gravitas

1868 1032 2031 1088 atque
2064 1024 2394 1077 constantia.
2433 1024 2705 1077 Nimirum
2741 1024 3011 1094 ejusmodi
3065 1038 3192 1081 sunt
3230 1043 3336 1079 non
3386 1029 3469 1081 vi-

1870 1114 1998 1167 tiata
2024 1115 2187 1169 bona.
2214 1114 2607 1185 Quemcunque
2633 1118 2802 1171 semel
2828 1128 3131 1173 amatorem
3174 1119 3260 1173 sui
3308 1132 3465 1173 nacta

1872 1206 2099 1274 fuerint,
2144 1208 2188 1262 is
2218 1220 2272 1264 et
2304 1217 2476 1263 totum
2510 1222 2568 1263 se
2596 1210 2744 1264 dedit
2773 1211 2875 1275 eis,
2912 1226 3012 1265 nec
3042 1213 3108 1266 ad
3140 1213 3304 1266 ullam
3351 1230 3465 1267 rem

1874 1315 2065 1354 vanam
2099 1302 2317 1371 evagari
2346 1301 2699 1368 cupiditatem
2734 1302 2884 1357 sinit.
2916 1305 3106 1367 Alteri,
3153 1305 3312 1373 cujus
3343 1306 3468 1360 ﬁnis

1874 1405 1955 1449 est
1986 1396 2257 1463 voluptas,
2319 1408 2418 1448 nec
2450 1394 2591 1449 inest
2622 1395 2745 1449 boni
2788 1397 3108 1465 quidquam,
3167 1414 3266 1451 nec
3296 1401 3470 1451 comi-

1875 1489 2101 1542 tabitur.
2136 1488 2280 1542 Fieri
2308 1500 2456 1542 certe
2484 1489 2695 1554 nequit,
2727 1497 2785 1541 ut
2818 1490 2945 1559 quis
2975 1505 3080 1543 una
3109 1505 3168 1545 re
3201 1500 3471 1561 perpetuo

1875 1581 2195 1643 delectetur,
2229 1581 2365 1635 alias
2396 1592 2659 1650 appetens
2690 1583 2812 1646 alia,
2852 1599 2973 1652 qua:
3006 1601 3113 1637 non
3146 1601 3339 1654 reapse
3381 1586 3473 1653 ju-

1877 1674 2056 1727 cunda
2086 1680 2237 1737 sunt,
2263 1673 2494 1742 ideoque
2526 1674 2591 1726 ad
2625 1675 2729 1726 alia
2771 1691 2987 1742 semper
3025 1676 3299 1730 hominem
3335 1693 3470 1730 avo-

1877 1775 2025 1821 cant.
2051 1766 2233 1821 Tertia
2261 1782 2414 1830 sane,
2440 1767 2618 1820 media
2646 1769 2896 1835 quadam
2925 1778 3065 1829 esto.
3096 1786 3182 1830 ne,
3213 1771 3300 1838 qui
3328 1771 3469 1824 bona

1881 1872 1990 1912 non
2023 1858 2256 1913 facimus
2281 1861 2411 1929 ipsi,
2440 1860 2627 1913 statim
2661 1859 2728 1913 ab
2758 1859 2914 1913 initio
2947 1869 3220 1928 prmcepta
3248 1862 3470 1915 duriora

1880 1950 2177 2005 tradamus.
2209 1951 2479 2005 Nimirum
2516 1961 2743 2005 eatenus
2774 1952 3110 2021 voluptatem
3144 1970 3250 2007 non
3295 1956 3477 2008 omni.

1878 2058 1951 2098 no
2002 2044 2354 2113 rejiciendam
2401 2044 2689 2109 ducamus,
2726 2055 2997 2114 quatenus
3027 2045 3155 2099 mali
3189 2046 3470 2116 quidpiam

1878 2135 1928 2189 ei
1967 2150 2073 2189 non
2106 2135 2287 2189 adest.

1950 2343 2286 2397 Electionem
2319 2344 2512 2397 horum
2546 2344 2670 2399 vitae
2714 2361 2973 2415 generum
3010 2357 3157 2401 certo
3187 2348 3328 2401 scias
3353 2363 3475 2403 esse

1880 2438 2118 2499 consilii.
2186 2453 2291 2491 non
2342 2450 2568 2491 naturae.
2639 2440 2848 2508 Quippe
2900 2449 3151 2494 naturam
3198 2441 3473 2510 Aﬂthinps,

1882 2530 2106 2602 Scytha,
2140 2530 2346 2592 Gallus,
2388 2532 2637 2586 homines
2669 2532 2934 2597 universi,
2971 2550 3133 2587 unam
3170 2539 3472 2603 quamdam

1880 2624 2101 2683 habent,
2148 2622 2467 2677 nationibus
2500 2624 2634 2691 ipsis
2679 2624 2747 2677 ob
2778 2626 3003 2692 exiguas
3034 2627 3301 2695 quasdam
3339 2642 3468 2695 pro-

1878 2714 2138 2784 prietates
2179 2712 2409 2767 invicem
2457 2713 2921 2783 discrepantibus.
2961 2716 3141 2769 Animi
3198 2732 3331 2770 vero
3390 2718 3477 2770 in-

1881 2807 2133 2863 stitutum
2176 2805 2394 2861 diﬂicile
2427 2806 2587 2860 fuerit
2618 2808 2784 2860 etiam
2824 2808 2877 2859 in
2912 2805 3177 2861 fratribus
3207 2824 3317 2861 non
3350 2822 3478 2863 esse

1881 2899 2177 2953 diversum.
2225 2898 2489 2952 Rationes
2521 2914 2650 2967 ergo
2699 2900 2935 2963 vivendi,
2982 2914 3078 2953 ceu
3123 2899 3326 2953 dictum
3374 2910 3478 2978 est,

1883 3007 1990 3045 non
2029 2991 2361 3047 indistincta:
2398 3002 2608 3045 naturae
2658 2993 2868 3047 ratione
2915 2994 3348 3062 disdnguuntur,
3385 2994 3477 3047 sed

1883 3088 2096 3139 ratione
2126 3085 2424 3139 scindentis
2452 3100 2511 3137 se
2557 3085 2608 3138 in
2638 3085 2848 3139 diversa
2882 3088 3044 3141 studii
3075 3100 3125 3140 et
3164 3086 3475 3140 electionis.

1883 3177 2072 3233 Cuivis
2099 3187 2279 3231 autem
2312 3178 2433 3231 vitae
2451 3178 2594 3247 quod
2620 3178 3082 3246 jucundissinium
3114 3191 3216 3244 est,
3243 3194 3305 3233 ex
3344 3193 3481 3233 con—

199 3278 336 3350 χθόν
362 3294 415 3327 τε
437 3278 532 3327 καὶ
566 3274 768 3342 φαῦλον
794 3273 908 3343 βίον
934 3274 1308 3344 πεφιλημένον
1326 3274 1405 3343 τῷ
1430 3274 1778 3343 κεχρημένῳ,

1886 3269 2176 3323 suetudine
2212 3270 2494 3323 conciliari
2530 3270 2789 3334 arbitror,
2819 3287 2923 3324 non
2959 3286 2986 3325 a
3017 3281 3211 3326 natura
3253 3288 3479 3341 prorsus

200 3363 382 3436 οὗπερ
416 3368 515 3419 οὐκ
552 3366 616 3419 ἂν
648 3366 916 3434 ἠλλάξατο
968 3366 1112 3435 ἀήθη
1163 3368 1406 3434 γέμοντα
1441 3365 1656 3433 ἡδονῆς,
1684 3381 1784 3417 κα-

204 3460 554 3531 Θαρευούσης
580 3458 858 3527 μέμψεως.
878 3457 1160 3527 Χρηστέον
1183 3457 1275 3510 οὖν
1307 3457 1371 3511 ἂν
1398 3458 1483 3527 εἴη
1507 3458 1582 3526 τῷ
1607 3456 1786 3526 κρείτ-

205 3571 350 3614 τονι,
378 3552 457 3615 ὼς
485 3552 579 3604 τοῦ
619 3551 792 3621 ἡδέως
839 3553 905 3622 τῇ
955 3553 1151 3621 χρήσει
1200 3548 1539 3619 ἐφεψομένου
1579 3565 1638 3601 τε
1692 3548 1787 3602 καὶ

208 3666 279 3701 συ
289 3646 663 3718 μόησομένου.

978 3923 1049 3977 Δ’.

291 4036 437 4090 Ἱσθι
494 4032 687 4103 καιρίιν
733 4033 1038 4103 ἐπιτήδειον
1084 4032 1217 4087 ὄντα
1276 4052 1360 4088 σοι
1423 4037 1520 4106 τὴν
1576 4036 1791 4106 ἠλικίαν

214 4130 554 4196 ἀκμάζοντι,
599 4128 713 4199 βίον
749 4127 969 4181 ἑλέσθαι
1016 4128 1108 4181 τὸν
1148 4129 1391 4198 ἄριστον,
1428 4128 1524 4205 καὶ
1561 4127 1792 4181 διελθεῖν

211 4223 290 4285 ὡς
323 4223 547 4292 ἄριστα,
584 4222 679 4275 καὶ
708 4220 931 4288 ὲντῆξαι
961 4222 1026 4290 τῇ
1061 4220 1231 4291 ψυχῇ,
1276 4221 1373 4273 καὶ
1406 4220 1790 4289 ἀμετάστατον

216 4314 407 4377 δεῖξαι·
445 4314 525 4365 ὅτι
576 4328 637 4363 σε
688 4310 764 4378 μὴ
804 4310 1214 4379 προκατείληφε
1256 4310 1315 4363 τὸ
1340 4309 1624 4379 δυσχερές.
1685 4309 1796 4377 Πρὸ

217 4406 331 4471 γὰρ
363 4403 457 4455 τοῦ
496 4402 676 4469 σαυτῷ
712 4399 1048 4471 προστρῖψαι
1075 4401 1237 4465 κσκά,
1272 4402 1445 4471 ῥᾷστα
1479 4402 1543 4453 ἄν
1586 4418 1669 4452 σοι
1702 4401 1797 4467 γέ-

219 4515 370 4549 νοιτο
396 4494 738 4563 κατορθῶσαι
769 4496 837 4547 τὰ
867 4493 1067 4561 ἀγαθά.
1116 4494 1219 4548 Ἦν
1257 4493 1314 4546 δὲ
1352 4493 1628 4567 μετάσχῃς
1657 4512 1798 4562 φαυ-

1890 3364 2026 3416 indi.
2062 3362 2193 3414 Nam
2227 3364 2414 3417 videas
2458 3363 2787 3417 laboriosam
2823 3367 3135 3435 malamque
3168 3367 3333 3419 vitam
3368 3366 3479 3418 ali-

1888 3458 1974 3511 cui
2008 3457 2254 3519 «haram,
2294 3456 2386 3526 qui
2414 3472 2473 3510 ea
2502 3457 2567 3511 sit
2604 3473 2737 3513 υευδ
2768 3475 2780 3510 :
2806 3473 2905 3513 nec
2942 3459 3209 3513 insoetam
3240 3474 3363 3515 cum
3392 3460 3483 3513 illa

1888 3551 2329 3611 comniutaverit,
2364 3548 2490 3601 licet
2533 3559 2587 3602 et
2624 3549 2922 3618 voluptatis
2954 3550 3109 3619 plena
3144 3552 3238 3615 sit,
3266 3562 3317 3603 et
3340 3552 3482 3605 vitu-

1890 3642 2044 3711 perio
2087 3640 2336 3694 thareat.
2376 3638 2650 3694 Utendum
2693 3656 2822 3710 ergo
2850 3642 3062 3696 ratione
3095 3643 3218 3696 vita:
3245 3642 3482 3706 meliori,

1890 3748 2057 3801 quam
2122 3747 2254 3787 usus
2307 3732 2421 3801 ipse
2477 3733 2773 3801 jucundam
2827 3749 2890 3789 ac
2958 3745 3167 3805 gratam
3224 3737 3481 3804 paulatim

1891 3825 2105 3879 eﬂiciet.

2644 3915 2732 3969 IV.

1966 4026 2119 4081 Scire
2148 4026 2314 4081 debes
2338 4027 2454 4089 tibi,
2491 4029 2582 4097 qui
2614 4044 2761 4082 nunc
2792 4030 2843 4081 in
2880 4030 3000 4099 ipso
3030 4032 3204 4087 :etatis
3238 4047 3297 4086 es
3324 4032 3480 4095 ﬂore.

1895 4130 2353 4189 perapportunum
2416 4122 2517 4173 hoc
2570 4135 2691 4174 esse
2746 4131 2959 4189 tempus
3014 4123 3244 4191 eligendi
3316 4128 3480 4181 vitam

1896 4212 2183 4280 Optimam,
2208 4227 2372 4279 quam
2406 4222 2459 4265 et
2494 4213 2913 4280 prmelarissime
2947 4230 3095 4283 agas,
3121 4228 3171 4270 et
3194 4218 3480 4287 imprimas

1898 4306 2100 4369 animo,
2126 4314 2179 4358 et
2203 4304 2295 4358 tibi
2331 4305 2605 4371 prepriam
2639 4321 2702 4359 ac
2736 4317 3057 4376 perpetuam
3093 4312 3309 4366 reddas.
3344 4312 3485 4369 Nec-

1900 4397 2026 4451 dum
2047 4398 2190 4451 enim
2217 4406 2264 4451 te
2282 4396 2575 4450 dillicultas
2599 4398 2937 4466 anticipavit.
2962 4398 3096 4454 Nam
3124 4404 3292 4470 prius,
3317 4422 3483 4474 quam

1902 4490 2018 4557 ipse
2078 4500 2128 4542 te
2162 4488 2307 4541 vitiis
2346 4489 2619 4555 inieceris,
2649 4490 2963 4544 facillimum
2996 4492 3159 4547 fuerit
3198 4511 3285 4550 res
3318 4498 3487 4553 bonas

220 4590 476 4656 λότητος,
503 4584 667 4653 διπλῆ
702 4582 1017 4653 μοχθήσεις.
1048 4581 1227 4635 Πολλά
1273 4582 1549 4652 πονήσεις,
1577 4584 1668 4635 καὶ
1702 4582 1778 4650 ἔρ-

1904 4591 2066 4647 ιιιιιιιο
2100 4579 2386 4647 praeclaras
2423 4594 2603 4648 agere.
2636 4580 2729 4633 Sin
2756 4582 3037 4649 pravitatis
3068 4585 3342 4655 particeps
3371 4590 3484 4643 fac-

221 4696 321 4745 γον
353 4677 512 4727 ἔσται
565 4674 944 4744 ἀπαλλαγῆναι
999 4673 1094 4727 τοῦ
1138 4674 1380 4743 χείρονος
1427 4673 1572 4726 δυοῖν
1615 4674 1798 4742 χεροῖν

221 4768 508 4835 ἀπονίψει,
562 4766 657 4819 καὶ
685 4764 969 4819 οἰκειῶσαι
1006 4766 1189 4832 σαυτῷ
1228 4766 1291 4817 τδ
1334 4764 1543 4834 βέλτιον
1578 4765 1798 4833 ἀκριϐεῖ

222 4860 623 4932 προσαρμογῇ,
649 4857 829 4928 χρόνῳ
860 4857 954 4911 καὶ
993 4858 1152 4928 μόγις
1190 4858 1475 4929 γινομένῃ.

978 5146 1053 5201 Ε’.

297 5266 442 5320 Λίαν
478 5280 571 5334 μοι
602 5262 750 5316 δοκεῖ
791 5260 963 5329 σαφὲς
993 5256 1128 5314 εἷναι
1162 5261 1262 5332 τὴν
1302 5261 1411 5314 τῶν
1451 5260 1801 5331 κρατούντων

222 5356 584 5426 εὐδαιμονίαν
600 5355 700 5424 τῆς
719 5353 1223 5423 παντοκρατορικῆς
1244 5353 1423 5424 χειρὸς
1443 5353 1798 5424 ἐξηρτῆσθαι,

217 5451 421 5521 ἐπειδὴ
453 5451 549 5501 καὶ
578 5447 677 5517 τὴν
722 5446 947 5515 καρδίαν
983 5446 1149 5511 φασιν
1195 5446 1382 5516 ἐκείνῃ
1430 5446 1602 5516 δήπου
1641 5448 1804 5500 κατέ-

220 5543 446 5615 χεσθαι.
487 5541 605 5611 Χρή
642 5557 699 5591 σε
746 5537 840 5592 οὖν
872 5537 1219 5606 εὐδαιμονίας
1242 5539 1450 5608 ἐρῶντα
1482 5540 1683 5610 ταύτην
1728 5541 1800 5592 εί-

220 5640 385 5692 δέναι
411 5636 617 5704 ζητεῖν,
644 5633 765 5685 ὅθεν
789 5632 975 5686 λαϐεῖν
1008 5631 1207 5695 ἔξεστι,
1230 5634 1433 5703 δηλαδὴ
1461 5634 1613 5705 παρὰ
1642 5636 1800 5701 Θεοῦ,

222 5730 461 5783 σεαυτὸν
516 5726 825 5795 παρέχοντα
870 5725 965 5778 τοῦ
1014 5728 1359 5795 εὐδαιμονεῖν
1412 5728 1511 5779 οὐκ
1563 5728 1798 5791 ἀνάξιον.

233 5828 295 5878 '0
334 5824 447 5892 γὰρ
491 5823 564 5889 μὴ
600 5820 911 5889 συμϐαίνων
956 5823 1069 5881 τοῖς
1103 5820 1443 5889 πράγμασιν,
1492 5815 1565 5873 ὧν
1614 5823 1735 5891 ἐρᾷ,
1769 5822 1799 5891 ἢ

217 5916 346 5968 οῷδὲ
374 5918 475 5973 τὴν
510 5911 685 5982 ἀρχὴν
710 5911 850 5963 αὐτὰ
893 5913 1176 5980 κτήσεται,
1220 5912 1323 5965 κᾶν
1366 5914 1601 5981 μάλιστα
1630 5914 1802 5967 ταῦτα

1904 4683 1989 4727 tus
2018 4674 2208 4736 fueris,
2255 4673 2522 4741 duplicem
2563 4674 2871 4728 molestiam
2906 4678 3228 4745 experieris.
3264 4680 3487 4749 Magno-

1902 4780 2030 4834 pere
2059 4764 2353 4827 laborabis,
2388 4772 2442 4816 et
2471 4778 2766 4831 operosum
2810 4767 2933 4828 erit,
2964 4770 3249 4821 ambarum
3283 4781 3339 4823 ut
3371 4788 3484 4825 mu-

1904 4874 2072 4912 nuum
2108 4857 2451 4911 abstersione
2480 4856 2731 4911 libereris
2761 4873 2789 4910 a
2824 4860 2968 4912 malo
3002 4875 3015 4912 :
3056 4869 3109 4913 et
3140 4860 3340 4914 bonum
3390 4864 3484 4916 tibi

1904 4950 2162 5004 concilies
2183 4948 2533 5016 adjunetione
2556 4948 2789 5017 quadam
2816 4960 3094 5015 accurata,
3116 4968 3238 5022 quae
3264 4954 3347 5007 vix
3372 4955 3488 5009 lon-

1906 5057 1972 5111 go
2014 5042 2126 5095 lieri
2162 5050 2404 5109 tempore
2446 5040 2608 5096 solet.

2678 5152 2738 5208 V.

1973 5268 2283 5324 Admodum
2332 5268 2464 5324 mihi
2498 5269 2715 5324 videtur
2752 5284 2875 5323 esse
2909 5270 3280 5338 perspicuum,
3316 5273 3491 5329 felici-

1906 5369 2070 5415 tatem
2097 5374 2313 5424 eorum,
2345 5359 2437 5428 qui
2465 5376 2644 5412 rerum
2679 5360 2985 5427 potiuntur,
3012 5362 3080 5415 ab
3109 5364 3488 5432 omnipotente

1904 5468 2066 5507 manu
2100 5452 2359 5521 pendere,
2389 5452 2613 5521 quando
2638 5461 2691 5506 et
2716 5466 2814 5507 cor
2858 5453 3097 5521 ipsorum
3130 5458 3317 5509 eadem
3355 5473 3489 5509 con-

1903 5544 2063 5599 tineri
2096 5544 2407 5611 perhibent.
2444 5546 2628 5612 Itaque
2664 5554 2713 5598 te
2744 5544 3017 5601 felicitatis
3051 5548 3309 5617 cupidum
3347 5550 3489 5603 scire

1904 5651 2127 5692 necesse
2155 5645 2259 5698 est,
2295 5652 2414 5689 eam
2448 5636 2518 5689 ibi
2550 5638 2919 5705 quaerendam,
2972 5642 3115 5695 unde
3144 5642 3345 5696 hauriri
3388 5658 3486 5710 po-

1907 5740 2034 5795 test,
2058 5732 2318 5783 nimirum
2343 5745 2370 5782 a
2408 5729 2545 5781 Deo:
2574 5728 2863 5797 praebendo
2897 5732 3240 5800 temetipsqu
3271 5748 3375 5785 non
3401 5732 3482 5785 in-

1905 5822 2150 5891 tliguum,
2183 5821 2271 5889 qui
2300 5819 2655 5888 prosperitate
2696 5819 2929 5875 fruatur.
2959 5821 3089 5876 Nam
3121 5823 3207 5877 cui
3249 5840 3370 5877 eum
3418 5824 3488 5875 iis

1906 5930 2043 5985 quas
2083 5914 2306 5981 expetit,
2347 5914 2511 5967 rebus
2546 5911 2687 5967 haud
2726 5916 2981 5969 convenit
3017 5934 3029 5969 :
3067 5917 3110 5969 is
3139 5917 3224 5970 vel
3259 5930 3486 5982 prorsus
