4208 6444
255 454 360 518 329
1224 443 1632 513 Pli/ECEl'TA
1676 439 1917 500 unum

1818 433 2193 496 [CATIONIS
2236 431 2513 490 REGle.
3378 426 3480 487 3'!0

260 570 427 622 δόντα
467 566 564 634 μὲν
613 565 799 633 τιμῆς,
849 563 1201 634 μεταδιδόντα
1239 561 1296 614 δὲ
1325 558 1692 622 ἀστειότητος.
1733 552 1824 606 καὶ
1852 551 1897 607 Α

1823 551 1897 607 ηΑ
1931 545 2192 596 honorem
2233 539 2567 607 impertiens,
2605 542 2656 588 ct
2698 533 3059 587 urbanitatem
3111 525 3398 595 adhibens,
3432 547 3485 587 et

261 654 706 724 προσεῖοηθοῦντα
753 657 918 709 πᾶσιν
963 654 1039 717 ὡς
1079 650 1277 717 ἔξεστι.
1310 651 1420 703 Καὶ
1449 647 1648 714 δεῆσαν
1693 644 1824 695 ἀνα-

1928 633 2215 693 universis,
2273 636 2538 697 quantum
2587 634 2762 694 potes,
2819 639 3168 677 succurrens.
3206 627 3359 690 Quod
3440 626 3486 677 si

262 749 474 799 λίσκειν
531 747 672 815 ὑπὲρ
724 745 1051 814 ἀνθρώπων,
1102 743 1362 812 χαίροντα
1408 739 1567 791 τοῦτο
1623 735 1822 796 ποιεῖν,

1929 721 2211 775 hominum
2261 733 2431 772 causa
2482 715 2752 785 eroganda
2789 716 3016 783 pecunia
3057 715 3242 781 fuerit,
3305 721 3406 774 hoc
3434 732 3487 774 «ιι

269 839 424 897 ὅπως
472 807 896 904 μεγαλοψυχίας,
929 833 1045 886 ἀλλ’
1092 807 1456 898 όύκ-ἀνάγκης
1481 823 1707 895 τοῦργον
1738 838 1818 874 νο·
1928 812 1931 864 ἶ

1928 811 2083 866 Ιωιιιε
2111 820 2162 864 et
2193 810 2383 862 hilaris
2425 807 2593 859 facies
2647 824 2659 860 :
2695 816 2752 859 ut
2799 822 2935 874 Opus
2989 808 3166 874 ipsum
3207 813 3487 874 magnani-

266 897 504 995 μίζοιτο.
533 897 627 988 (λίς
835 897 901 978 ἂν
929 927 1088 986 αὐτὸς
1128 897 1352 992 ἡσθείης
1401 897 1567 972 ’ἐνεκὰ
1601 932 1695 966 σου
1725 930 1824 964 πε·

1823 942 1824 948 η
1930 902 2156 965 mitatis,
2192 915 2299 955 non
2335 897 2637 954 coaetionis
2669 897 3031 952 existimetur.
3073 899 3200 961 Qua:
3225 901 3485 952 abantim

262 988 604 1086 πραγμένοις
658 988 762 1069 ύπό
807 1034 900 1070 του
955 988 1160 1084 φίλου(
1185 988 1392 1075 τούτοις
1423 1009 1658 1080 χρῆσθαι
1690 1007 1824 1075 πρδς

1929 1002 2020 1046 tua
2053 1007 2215 1045 causa
2263 990 2524 1060 praestita,
2582 988 2846 1057 voluptati
2879 990 2972 1040 tibi
3009 990 3190 1043 fomnt
3222 1009 3237 1045 :
3279 1007 3340 1044 ea
3406 993 3486 1044 ίιιι·

262 1107 391 1166 τοὺς
425 1106 666 1174 ἑτέρους.
696 1103 850 1157 Οὖτω
883 1104 1082 1174 πολλὴν
1114 1104 1189 1165 ὡς
1224 1103 1480 1171 μάλιστα,
1529 1099 1623 1152 καὶ
1653 1097 1826 1165 καλὴν

1932 1084 2053 1136 aliis
2080 1084 2359 1137 exhibeas.
2397 1082 2486 1136 Sic
2514 1088 2567 1134 et
2593 1081 2826 1148 amplam
2866 1081 2918 1131 in
2954 1082 3144 1148 primis
3173 1100 3271 1137 nec
3310 1088 3488 1138 minus

262 1198 364 1265 οὐχ
395 1197 594 1264 ἣκιστα
630 1195 842 1264 σεαυτῷ
872 1193 1056 1264 φιλίαν
1085 1192 1504 1262 ὲπισωρεύσεις.
1723 1243 1726 1247 _

1370 1207 1504 1252 σεις,
1723 1243 1726 1247 λ
1934 1175 2214 1228 honestam
2246 1173 2341 1226 tibi
2366 1171 2671 1226 cumulabis
2707 1170 3025 1223 amicitiam.

1003 1287 1099 1339 IZ'.
1266 1259 1277 1262 ’
2627 1259 2788 1314 xvn.

353 1377 573 1444 Ἀμέλει
624 1391 686 1440 γε
741 1376 961 1427 κάκεῖνο
1015 1375 1162 1426 δοκεῖ
1215 1371 1533 1440 συμῦαίνειν
1581 1369 1710 1439 τῇδε
1759 1369 1827 1438 τῇ
2001 1358 2015 1386 ¹

1819 1371 1827 1437 ι
2001 1357 2230 1412 Videtur
2253 1369 2302 1410 ct
2325 1355 2454 1409 illud
2488 1356 2553 1408 ad
2593 1356 2733 1410 hanc
2758 1365 2902 1410 certe
2944 1357 3216 1423 pertinere
3253 1369 3481 1410 senten-

265 1467 482 1536 γνώμῃ.
516 1466 636 1535 Χρὴ
660 1466 787 1534 γὰρ,
813 1461 989 1534 οἶμαι,
1022 1466 1145 1525 τοὺς
1167 1462 1563 1532 παραινοῦντας
1588 1462 1828 1512 συνοῖσον

1826 1478 1828 1492 ι
1933 1447 2364 1506 tiam.Arbitror
2390 1448 2538 1498 enim
2594 1460 2711 1510 eos,
2766 1446 2860 1513 qui
2918 1461 3027 1498 rem
3088 1448 3488 1502 conducibilem

260 1558 426 1624 ἔργον
453 1557 815 1621 ἀσπάζεσθαι.
859 1555 963 1609 κάν
995 1550 1096 1608 ὦσι
1131 1553 1322 1622 φαῦλοι
1368 1556 1464 1624 τὴν
1493 1553 1683 1622 τύχην,
1724 1551 1828 1602 κᾶν

1934 1539 2203 1595 monendo
2226 1545 2545 1604 suggerunt,
2582 1536 2987 1604 amplectendos
3023 1554 3142 1592 esse
3171 1556 3187 1605 ;
3244 1544 3493 1608 quamvis

265 1649 582 1716 μηδαμόθεν
634 1666 714 1702 σοι
755 1648 1045 1718 γνώριμοι.
1098 1649 1200 1699 Ἢν
1238 1647 1295 1700 δέ
1335 1663 1420 1708 τις
1460 1645 1660 1714 βλάψον
1693 1660 1830 1712 συμ-

1828 1673 1830 1683 ,
1932 1635 2164 1690 fortunae
2193 1633 2301 1684 sint
2330 1630 2506 1685 tennis
2525 1629 2794 1692 homines,
2825 1632 3076 1698 quamvis
3130 1647 3197 1685 ex
3247 1648 3304 1687 re
3345 1635 3490 1686 nulla

263 1740 498 1808 εουλεύῃ
532 1758 602 1803 τι,
649 1741 697 1792 εί
731 1741 830 1807 μὲν
867 1740 939 1801 ὼς
973 1739 1276 1802 ἐξαπατῶν,
1316 1736 1384 1788 τὰ
1427 1738 1535 1788 τῶν
1567 1735 1828 1804 ἐχθίστων
1864 1790 1904 1808 ᾗ
1937 1729 2031 1782 tibi
2059 1727 2196 1780 noti.
2228 1724 2321 1779 Sin
2348 1723 2471 1790 quis
2503 1725 2726 1775 noxium
2760 1724 3039 1792 quidpiam
3075 1727 3170 1779 tibi
3223 1727 3491 1785 consulet.

264 1790 694 1898 ἀργάζεταιλνεί-
718 1790 890 1882 δέδι’
922 1790 1173 1896 ,ἄγνοιαιη
1227 1790 1413 1888 εύνους
1457 1825 1553 1890 ὢν.
1598 1790 1700 1893 ἓῆς
1734 1825 1832 1893 μὲν
1864 1790 1906 1844 Β

1828 1790 1982 1869 .Bsi
2039 1815 2259 1884 quidem
2320 1822 2379 1866 ut
2446 1812 2700 1880 decipiat,
2762 1790 2936 1867 hostis
2993 1817 3198 1868 atrocis
3259 1815 3490 1869 oﬂieium

262 1921 480 1987 ἀγαθῆς
506 1920 874 1988 προαιρέσεως
902 1919 1229 1972 ἐπαινείσθω
1263 1917 1456 1988 (ταύτῃ
1485 1917 1577 1966 καὶ
1608 1916 1675 1966 τὰ
1703 1912 1833 1983 παρ’

1829 1914 1833 1932 ’
1937 1906 2066 1960 facit
2107 1923 2121 1959 :
2154 1905 2236 1960 sin
2270 1920 2364 1973 per
2395 1904 2814 1974 ignorationem,
2851 1908 3142 1975 eteteroqni
3171 1908 3491 1966 benevolus.

264 2007 427 2075 ἡμῶν
459 2009 593 2075 πρὸς
651 2009 784 2060 Θεὸν
828 2007 1094 2078 κρίνεται)
1122 2023 1134 2036 ·
1165 2007 1264 2075 τῆς
1308 2005 1352 2056 δ’
1409 2005 1659 2074 εὐηθείας
1695 2003 1833 2071 μήτε

1830 2023 1833 2050 ι
1938 1993 2201 2063 prepositi
2236 1993 2363 2047 boni
2389 1996 2611 2048 nomine
2642 1994 2899 2049 laudetur
2937 1996 3082 2066 (nam
3115 2014 3179 2051 ex
3211 2014 3276 2052 eo
3307 2010 3492 2052 nostra

266 2098 683 2164 ἰξουθενείσθω,
733 2101 870 2169 μήτε
913 2098 1278 2167 ἐπιτιμᾶσθω.
1323 2097 1456 2150 Οὐδὲ
1509 2098 1616 2166 γὰρ
1649 2097 1675 2146 ὁ
1702 2095 1835 2154 Θεὸς

1834 2114 1835 2118 η
1937 2098 2155 2154 quoque
2187 2085 2328 2138 Deus
2354 2085 2637 2153 aestimat),
2671 2089 2741 2142 ob
2765 2087 3036 2141 incautam
3077 2103 3205 2142 vero
3237 2090 3496 2158 simplici-

269 2191 476 2260 κρινῶν
531 2191 842 2244 καθεδεῖται
919 2190 1178 2260 ἀνοήτους
1246 2188 1338 2240 καὶ
1392 2169 1835 2257 μελσῖγχολῶντας

1830 2200 1835 2242 ;
1938 2185 2104 2230 tatem
2180 2189 2280 2229 nec
2317 2180 2650 2245 contemptui
2711 2181 2801 2244 sit,
2861 2196 2963 2234 nec
3047 2181 3492 2248 reprehendatur.

266 2282 368 2334 suo
379 2284 614 2352 ρώπους.

1938 2266 2146 2335 Quippe
2173 2281 2240 2319 ne
2270 2265 2412 2320 Deus
2447 2269 2660 2336 quidem
2702 2285 2799 2338 pro
2853 2270 3108 2323 tribunali
3169 2271 3401 2335 sedebit,
3440 2282 3495 2323 ut

1939 2356 2005 2410 de
2030 2355 2211 2411 stultis
2239 2363 2293 2410 ct
2322 2356 2533 2412 insanis
2594 2360 2909 2414 hominibus
2951 2362 3275 2415 sententiam
3332 2362 3493 2416 ferat.

994 2452 1103 2505 ΠΡ.
2619 2450 2799 2506 XVIII.

343 2549 477 2602 Νυν.
508 2564 591 2599 σοι
622 2547 772 2599 τόνδε
797 2547 887 2599 τὸν
923 2544 1126 2613 τρόπον
1152 2543 1202 2594 οι
1228 2541 1336 2594 τῶν
1366 2540 1579 2610 ἀνδρῶν
1623 2538 1839 2609 ἄριστοί

1834 2538 1839 2591 ἱ
2010 2541 2074 2595 Ει
2105 2543 2206 2597 Ιιοο
2231 2544 2448 2613 quidem
2476 2546 2632 2598 modo
2664 2545 2811 2600 viros
2846 2554 2952 2599 tam
2981 2545 3216 2613 optimos
3240 2555 3292 2600 et
3313 2548 3496 2612 utiles,

265 2658 329 2692 τε
366 2640 463 2691 καὶ
489 2639 774 2709 χρήσιμοι,
829 2637 925 2690 καὶ
961 2637 1012 2688 οι
1060 2633 1266 2704 τούτων
1310 2633 1562 2696 ἐναντίοι,
1612 2630 1839 2698 γένοιντ’

1833 2630 1839 2650 ’
1939 2647 2101 2700 quam
2122 2647 2308 2686 eorum
2334 2633 2654 2696 dissimiles,
2693 2635 2963 2689 luculente
2979 2638 3112 2689 satis
3139 2642 3222 2706 (ut
3248 2638 3495 2704 equidem

270 2733 363 2795 ἂν,
388 2726 562 2799 οἶμαι,
602 2730 956 2796 καταφανεῖς,
991 2727 1127 2794 ὅπερ
1166 2726 1440 2794 ὠφέλιμον
1472 2724 1698 2793 ἄρχουσι
1738 2723 1840 2790 μά-

1832 2752 1840 2763 -
1941 2726 2198 2792 arbitror)
2254 2741 2514 2794 agnosces
2568 2744 2580 2778 :
2633 2727 2776 2794 quod
2829 2727 3171 2795 principibus
3247 2729 3380 2782 viris
3440 2729 3494 2780 in

273 2824 438 2875 λιστα
475 2823 695 2874 πάντων
729 2821 866 2873 ἐστί.
897 2818 1218 2882 Διεξετάσας
1253 2818 1348 2879 τὰς
1376 2817 1578 2868 τούτων
1603 2817 1838 2884 σχέσεις,

1835 2858 1838 2872 ,
1941 2815 2136 2883 primis
2169 2826 2249 2869 est
2279 2818 2427 2871 utile.
2480 2815 2686 2886 Nempe
2737 2834 2857 2872 cunt
2934 2819 3330 2886 exploraveris,
3388 2835 3497 2885 quo

275 2917 378 2977 τὰς
415 2914 551 2983 πρὸς
575 2912 636 2965 τὸ
661 2913 833 2975 Θεῖον,
859 2914 956 2973 τὰς
980 2913 1115 2981 πρὸς
1137 2911 1225 2963 τὸν
1256 2910 1388 2979 βίον,
1422 2911 1522 2972 τὰς
1560 2911 1692 2977 πρὸς
1715 2910 1840 2970 τοὺς

1835 2925 1840 2965 ς
1944 2915 2098 2973 pacto
2119 2908 2228 2961 sint
2258 2923 2384 2977 erga
2420 2907 2584 2962 Deum
2617 2909 2814 2973 atl‘ecti,
2845 2926 2954 2978 quo
2982 2919 3138 2978 pacto
3181 2922 3497 2978 comparata

275 3006 493 3072 φίλους,
534 3005 632 3067 τάς
666 3007 743 3066 εἰς
776 3005 905 3066 τοὺς
949 3004 1071 3057 καθ’
1105 2997 1245 3070 αἷμα
1295 3004 1693 3072 προσήκοντας,
1742 2999 1839 3052 καὶ

1833 3020 1839 3050 ι
1942 2997 2183 3067 ipsorum
2219 3000 2346 3059 vita,
2388 3017 2496 3068 quo
2557 3012 2711 3070 pacto
2741 3017 2797 3055 se
2843 3011 3036 3071 gerant
3082 3017 3208 3070 erga
3268 3005 3495 3064 amicos.

275 3100 364 3160 είς
392 3098 518 3160 τοὺς
546 3096 765 3158 πολίτας
791 3097 887 3148 καὶ
918 3093 1120 3158 ξένους,
1157 3094 1251 3146 καὶ
1279 3093 1351 3155 ὼς
1376 3093 1562 3156 αὐτοῖς
1591 3108 1652 3159 γε
1687 3093 1838 3158 σφίσι
1863 3107 1908 3172 c

1863 3107 1908 3172 ο
1940 3107 2065 3162 erga
2093 3094 2611 3163 sanguinejunctos,
2644 3110 2769 3163 erga
2797 3097 2943 3149 cives
2970 3106 3023 3148 et
3053 3105 3362 3160 extraneos,
3392 3113 3499 3164 quo

267 3193 346 3242 ςά
375 3190 498 3243 καθ’
520 3191 711 3251 αὐτοὺς
737 3188 1077 3258 ᾠκονόμητο,
1111 3188 1205 3240 καὶ
1252 3187 1361 3239 τίσι
1399 3187 1497 3254 μὲν
1531 3186 1830 3254 χαίρουσιν,

1938 3195 2094 3253 pacto
2113 3201 2196 3240 tes
2220 3186 2323 3254 ipsi
2340 3201 2469 3240 suas
2496 3186 3076 3250 administraverint,et
3098 3189 3298 3256 quibus
3316 3189 3502 3242 oblev-

266 3281 360 3349 ἐφ’
390 3276 473 3344 οἷς
501 3281 558 3333 δὲ
581 3280 929 3348 ἀσχάλλουσι,
975 3279 1074 3342 τὰς
1120 3278 1281 3331 τῶνδε
1329 3279 1522 3346 φύσεις
1559 3278 1832 3347 εὑρήσεις.

1941 3285 2143 3338 tentur,
2161 3295 2188 3330 a
2206 3279 2402 3347 quibus
2421 3280 2778 3332 abhorreant:
2799 3289 2910 3332 tum
2933 3295 3057 3334 vero
3074 3289 3294 3334 naturas
3314 3297 3497 3335 eorum

277 3373 390 3425 Καί
425 3389 514 3440 μοι
551 3373 750 3440 μηδένα
792 3373 1048 3440 μισήσας,
1083 3371 1208 3430 τοὺς
1245 3370 1534 3438 φιλητέους
1566 3369 1831 3435 φιλήσεις

1940 3369 2324 3436 deprehendes.
2339 3371 2644 3437 Diligendns
2660 3371 2869 3439 diliges,
2888 3371 3156 3426 neminem
3177 3374 3300 3426 odio
3320 3388 3500 3441 presc-

275 3463 376 3514 καὶ
406 3460 687 3530 χρώμενος
721 3457 800 3522 οἷς
831 3461 1074 3528 ἄμεινον,
1123 3461 1223 3510 οὐκ
1256 3460 1553 3527 ἀμελήσεις
1591 3459 1699 3507 τῶν
1745 3458 1838 3508 ἄλ-

1939 3475 2110 3525 quens
2150 3462 2376 3515 :ctillis
2407 3474 2585 3523 utens,
2612 3462 2810 3530 quibus
2870 3463 2945 3515 uti
2993 3474 3231 3533 prmstat,
3277 3473 3500 3518 caeteros

274 3553 409 3604 λων.
449 3550 606 3603 Οὕτω
634 3553 726 3602 καὶ
763 3550 1005 3619 κοσμίως
1033 3549 1305 3617 φιλήσεις,
1339 3548 1436 3599 καὶ
1460 3549 1515 3598 ὲν
1551 3547 1626 3614 τῷ
1664 3546 1837 3614 φιλεῖν

1939 3554 2320 3622 nonnegliges.
2370 3556 2458 3607 Sic
2499 3565 2551 3608 et
2583 3555 2683 3608 rite
2729 3554 2940 3622 diliges,
2967 3565 3020 3609 et
3077 3565 3338 3624 perpetuo
3387 3566 3499 3608 tutu

275 3643 376 3696 καὶ
411 3641 684 3712 φιλεῖσθαι
728 3641 1025 3711 διαμενείς.
1070 3640 1130 3692 ὐ
1163 3641 1270 3710 γὰρ
1304 3638 1540 3706 εὐχερῶς
1574 3640 1838 3690 συναπτό-

1939 3641 2056 3709 ipse
2080 3643 2286 3712 diliges,
2321 3652 2433 3697 tum
2478 3645 2746 3713 diligeris.
2800 3644 2934 3699 Nam
2991 3647 3083 3715 qui
3136 3648 3290 3702 alteri
3346 3647 3501 3701 facile

276 3750 446 3804 μενος
479 3734 870 3802 εὐχερέστερον
921 3731 1208 3784 διίσταται.
1265 3729 1436 3784 Τοῦτο
1483 3729 1536 3780 δὲ
1577 3728 1838 3797 φευκτέον
1937 3789 1938 3796 κ

1837 3752 1838 3757 π
1937 3731 2205 3800 jungitur,
2233 3731 2450 3788 facilius
2474 3735 2541 3788 ab
2561 3736 2750 3789 eodem
2783 3751 2842 3790 se
2865 3737 3149 3808 disiungit.
3179 3735 3292 3792 lloc
3317 3748 3499 3791 autem

274 3828 410 3882 νοῦν
437 3828 671 3897 ἔχουσιν.

1940 3821 2224 3876 vitandum
2263 3835 2446 3879 mente
2475 3826 2743 3890 praeditis.

1020 3915 1124 3968 16'.
2660 3916 2805 3971 XIX.

361 4013 423 4066 '0
462 4012 560 4081 μὲν
596 4009 786 4080 μηδενὶ
820 4005 1090 4060 πιστεύων
1123 4004 1320 4076 ῥᾳδίως
1345 4006 1409 4059 ἀν
1433 4006 1659 4059 αὐτόθεν
1681 4005 1839 4059 αὐτὴν
2010 4007 2023 4062 1

2010 4007 2246 4063 Libitum
2272 4009 2358 4064 cui
2389 4009 2570 4076 fuerit,
2599 4010 2798 4065 habere
2833 4012 3032 4066 nemini
3064 4011 3240 4076 fidem,
3277 4014 3320 4068 is
3349 4011 3503 4068 facile

277 4104 511 4158 ὀλέσειε·
566 4101 769 4161 πάντες
826 4097 936 4167 γὰρ
983 4097 1226 4166 ἀλλήλων
1263 4096 1524 4165 δεόμεθα,
1560 4099 1607 4149 εἰ
1656 4097 1839 4165 μέλλει

1941 4102 2178 4168 seipsum
2214 4102 2314 4154 hoc
2361 4111 2519 4170 pacto
2571 4102 2887 4169 perdiderit.
2942 4100 3071 4153 Nam
3108 4103 3332 4157 omnino
3366 4104 3505 4156 indi-

280 4195 604 4262 διαρκέσειν
649 4193 780 4260 ἡμῖν
825 4189 887 4241 τὸ
937 4188 1053 4258 ζῇν·
1083 4189 1145 4240 τὸ
1191 4189 1328 4240 πᾶσι
1356 4187 1403 4238 δ’
1455 4187 1522 4240 αὖ
1565 4187 1840 4239 πιστεύειν
1941 4215 1942 4253 3

1941 4205 2127 4259 gemus
2149 4190 2286 4243 alter
2312 4191 2559 4254 alterius,
2589 4190 2634 4246 si
2661 4192 2824 4244 vitam
2855 4192 3162 4246 ἱηουιιιιιιριι
3189 4195 3344 4247 nobis
3387 4209 3504 4248 cs~e

277 4287 553 4356 ὀλέθριον,
577 4284 676 4336 οὐκ
705 4281 765 4334 ὃν
783 4281 1006 4333 δυνατὸν
1027 4280 1328 4349 ἀφεστάναι
1351 4282 1448 4349 τὴν
1473 4279 1672 4330 κακίαν
1687 4278 1836 4330 τοῦδε

1940 4283 2211 4344 volumus.
2242 4281 2517 4336 Ediverso
2570 4283 2726 4335 tidem
2752 4283 3003 4336 omnibus
3057 4283 3334 4348 adhibere,
3384 4302 3505 4354 βρισ-

278 4378 378 4430 τοῦ
410 4376 550 4444 βίου.
601 4371 814 4428 Οὐκοῦν
843 4371 1140 4424 ’ἀπόλωλεν
1185 4370 1349 4435 ἄπας,
1395 4371 1422 4420 ό
1465 4370 1598 4422 πᾶσί
1642 4385 1701 4421 τε
1746 4385 1837 4422 m-
1870 4431 1909 4444 Ἀ

1870 4431 1909 4444 κ
1943 4373 2208 4426 niciosum
2234 4383 2337 4437 est,
2386 4389 2512 4427 cttm
2578 4373 2693 4426 fieri
2743 4383 2998 4441 nequeat,
3053 4383 3110 4428 ut
3137 4374 3204 4427 ab
3261 4376 3361 4430 hac
3398 4377 3503 4430 vita

281 4431 520 4533 στεύων,
570 4467 665 4519 καὶ
715 4464 924 4533 μηδενί.
985 4465 1200 4516 Ὀντοιν
1226 4462 1283 4514 δὲ
1312 4431 1456 4513 δυοῖν
1497 4462 1834 4529 θανασίμοιν,
1870 4431 1943 4514 θη

1870 4431 1914 4484 D
1942 4463 2261 4532 improbitas
2284 4465 2443 4516 absit.
2489 4461 2631 4516 Perit
2651 4480 2797 4531 ergo,
2835 4465 3082 4530 quisquis
3109 4466 3364 4520 omnibus
3388 4483 3507 4522 cre-

279 4566 333 4615 εἰ
365 4559 673 4626 ἀναγκαίαν
703 4557 822 4625 θείη
848 4573 928 4617 τις
954 4555 1182 4606 τουτωνὶ
1207 4553 1308 4624 τὴν
1336 4553 1568 4620 αἰρεσιν,
1591 4555 1841 4620 κρεῖσσον

1837 4570 1841 4591 ν
1941 4556 2038 4615 dit.
2063 4562 2114 4608 et
2151 4556 2374 4608 nemini.
2416 4554 2552 4608 Cum
2585 4565 2760 4607 autem
2808 4563 3100 4624 utrumque
3142 4557 3212 4609 sit
3258 4559 3499 4622 exitiale,

281 4653 483 4705 παθεῖν
517 4650 624 4701 ἀπὸ
655 4647 750 4700 τοῦ
797 4646 1042 4716 θαρρεῖν,
1083 4645 1117 4715 ἢ
1155 4645 1249 4695 τοῦ
1279 4644 1484 4704 πάντας
1515 4644 1841 4695 ὑποπτεύειν

1943 4648 1988 4700 si
2040 4647 2348 4700 necessario
2400 4646 2472 4699 sit
2515 4644 2821 4714 eligendum
2879 4645 3222 4712 alterutrum,
3283 4659 3503 4717 prazstat

280 4745 418 4812 ἑξῆς
453 4741 798 4810 ἀνθρώπους.
841 4739 1050 4790 Ἐκεῖνο
1096 4737 1204 4806 γὰρ
1253 4736 1552 4803 ἁπλότητος
1605 4735 1842 4804 ἀμέτρου

1838 4756 1842 4781 ι
1943 4738 2145 4806 aliquid
2171 4739 2240 4791 ob
2265 4737 2517 4790 fiduciam
2547 4736 2674 4804 pati,
2700 4749 2860 4804 quam
2912 4752 3102 4789 omnes
3143 4751 3367 4803 prorsus
3401 4739 3500 4790 lm-

277 4836 610 4903 τεκμήριον·
648 4831 806 4883 τοῦτο
843 4829 900 4884 δὲ
928 4827 1367 4897 ύπερῆαλλούσης
1417 4826 1678 4894 πονηρίας
1708 4825 1844 4877 ἀπό-

1841 4855 1844 4864 ·
1945 4831 2120 4883 mines
2161 4839 2442 4898 suspectos
2495 4826 2764 4880 habendo.
2823 4825 2955 4878 Nam
3010 4827 3141 4880 illud
3197 4828 3503 4884 iuuuodicne

280 4925 458 4988 δειξις
486 4922 720 4991 ἐναργής
745 4939 761 4952 ο
793 4921 889 4971 καὶ
935 4919 1198 4986 πονηρίας
1241 4917 1302 4968 τὸ
1346 4916 1633 4968 πολλοστὸν
1665 4918 1844 4968 πᾶσαν

1842 4937 1844 4952 ’
1944 4921 2310 4990 simplicitatis
2339 4931 2424 4974 est
2457 4920 2716 4973 indicium
2745 4935 2758 4982 ;
2793 4917 2895 4969 hoc
2929 4917 3149 4972 evidens
3174 4919 3354 4973 nimia:
3386 4939 3504 4987 pr..-

277 5015 550 5080 ἀφέλειαν
607 5015 756 5066 κάτω
806 5011 1021 5078 τίθησιν
1075 5012 1238 5062 ἓνεκα
1280 5007 1371 5060 τοῦ
1421 5007 1712 5076 βλαϐεροῦ,
1746 5009 1844 5068 τὴν

1841 5026 1844 5047 ⁵
1944 5012 2127 5066 vitatis
2165 5019 2562 5079 argumentum.
2617 5007 2835 5061 Minima
2877 5023 3003 5061 vero
3051 5011 3332 5076 pravitatis
3381 5028 3503 5080 pars

279 5105 529 5172 ἅμιλλαν
585 5102 967 5171 ἐργαζόμενον.
1001 5099 1184 5160 Ὀλως
1225 5098 1279 5148 δὲ
1324 5096 1554 5148 ἐνταῦθα
1588 5097 1647 5147 τὸ
1678 5099 1846 5148 κακον

1840 5114 1846 5138 ’
1945 5116 2157 5157 Omnem
2187 5101 2581 5169 simplicitatem
2613 5109 2852 5168 superat,
2887 5100 3020 5152 nihil
3071 5116 3174 5152 non
3199 5102 3377 5155 studio
3403 5122 3502 5155 nn-

276 5197 354 5264 τῇ
395 5193 496 5263 μὲν
525 5193 787 5259 ἁπλότητι
821 5190 908 5241 διὰ
937 5191 1035 5258 τὴν
1064 5186 1389 5257 ὑπερϐολὴν,
1440 5188 1498 5239 ού
1529 5188 1628 5255 τὴν
1659 5187 1842 5254 φύσιν,

1837 5225 1842 5246 μ
1947 5193 2100 5247 cendi
2130 5193 2376 5246 moliens.
2435 5190 2499 5243 Et
2521 5193 2742 5244 omnino
2784 5191 2976 5244 vitiosa
3026 5190 3343 5259 simplicitas
3397 5205 3499 5254 est,

277 5290 356 5354 τῇ
393 5285 450 5334 δὲ
476 5282 716 5359 ¹πονηρίᾳ
749 5280 868 5332 κατ’
897 5280 1082 5349 ἄμφω.

1947 5299 2054 5338 non
2080 5294 2295 5350 natura,
2327 5285 2419 5337 sed
2447 5286 2573 5350 quia
2619 5283 2788 5335 nimia
2821 5282 3088 5350 :pravitas
3128 5295 3326 5348 autem,
3354 5294 3501 5338 utra-

1948 5389 2055 5444 que
2109 5375 2176 5428 de
2212 5388 2396 5426 causa.

1031 5472 1117 5528 ις’.
2633 5463 2749 5517 XX.

369 5569 696 5637 ’Υποψόγων
731 5565 1091 5633 δεδειγμένων
1123 5562 1230 5613 τῶν
1277 5562 1407 5629 περὶ
1450 5563 1549 5630 τῆς
1582 5561 1718 5630 πρὸς
1751 5561 1846 5613 ἀλ-
2018 5559 2031 5613 ]

1808 5589 1846 5613 ι·
2018 5559 2074 5613 In
2096 5572 2156 5612 ea
2182 5555 2491 5625 tide,quam
2528 5555 2660 5609 alter
2692 5554 3012 5609 adhibemus
3050 5555 3226 5616 alteri,
3257 5571 3378 5610 cum
3405 5571 3470 5610 ex

273 5664 482 5732 λήλους
511 5664 743 5720 πίστεως
772 5659 1110 5726 ἀκροτήτων,
1136 5655 1253 5707 δέον
1285 5653 1344 5706 ὂν
1391 5655 1564 5721 μέσην
1594 5655 1807 5720 βαδίσαι
1830 5669 1845 5684 ⁶

1843 5672 1845 5681 '
1949 5663 2119 5707 trema
2148 5648 2579 5704 demonstratum
2609 5647 2678 5700 sit
2706 5661 2821 5700 esse
2874 5647 3268 5715 vituperabilia,
3325 5648 3505 5702 media

271 5757 434 5821 λέγω
458 5753 524 5820 δὴ
559 5752 670 5801 tto}.
715 5749 1011 5811 πιστεύειν,
1047 5749 1141 5799 καὶ
1173 5747 1314 5798 τισὶν
1351 5747 1602 5798 ἀπιστεῖν
1643 5748 1732 5799 τὸν
1767 5750 1840 5818 μὴ

1837 5772 1840 5816 ι
1950 5741 2306 5797 incedendum
2343 5740 2428 5792 via
2460 5756 2472 5802 ;
2504 5739 2826 5806 quihusdam
2875 5741 3083 5792 scilicet
3117 5749 3174 5792 ιιι
3206 5739 3413 5805 credat,
3446 5752 3499 5793 et

271 5844 502 5917 θατέρῳ
525 5841 631 5892 τῶν
663 5839 843 5892 κακῶν
876 5837 1346 5906 διαφθαρήσεσθαι
1372 5838 1653 5904 μέλλοντι·
1690 5840 1834 5899 ὅπως

1947 5832 2268 5904 quibusdam
2303 5848 2405 5884 non
2428 5833 2628 5890 (τιιιιῐιιι,
2663 5832 2752 5896 qui
2787 5831 3045 5882 malorum
3097 5831 3353 5883 alterutro
3385 5845 3503 5882 tior-

568 5935 834 5999 Ριιτιιοι.
871 5939 989 5995 (in.
1032 5935 1205 5994 CLVI

3101 5926 3158 5984 ll
