4208 6444
755 437 854 501 331

1896 435 2292 504 MANUELIS
2336 438 2423 496 PA
2440 440 2781 501 LEOLOGl

3899 454 4003 516 332

756 552 929 621 rumpi
964 549 1290 605 nolit.Bonis
1326 548 1481 602 fidem
1530 545 1835 609 adhibebis,
1872 547 2067 600 vitabis
2128 547 2321 601 malos.

2434 559 2746 619 πιστεύσεις
2793 560 2904 620 τοῖς
2940 558 3186 627 ἀγαθοῖς,
3232 562 3358 626 τοὺς
3390 566 3662 634 πονηροὺς
3692 558 4003 634 διαφυλατ-

752 644 1035 712 Οωιριιοεί
1073 642 1227 721 bonis
1252 641 1411 695 ﬁdam
1446 656 1554 694 non
1589 638 1862 702 habueris,
1908 641 2129 693 omnino
2160 640 2319 692 malis

754 736 964 799 credes,
999 750 1120 788 cum
1158 748 1382 787 necesse
1427 734 1515 795 sit,
1549 732 1819 801 aliquibus
1869 731 2128 785 credere:
2185 742 2320 785 coit-

753 842 967 897 traque,
1004 843 1166 897 quam
1202 828 1315 881 fieri
1347 842 1444 893 par
1465 835 1600 888 erat,
1637 835 1730 877 aut
1760 824 2024 887 dillitlens,
2074 834 2168 877 aut
2200 837 2320 876 cre—

750 927 904 985 lit’llS,
932 924 1130 992 quitus
1164 938 1271 975 nun
1300 920 1599 983 debebas;
1640 917 1795 971 facile
1848 917 2234 984 corrumperis,
2269 924 2321 967 et

750 1016 972 1085 gravius
1018 1015 1259 1085 quidem,
1324 1026 1485 1080 quam
1547 1010 1782 1078 cogitare
1847 1008 2046 1076 possis.
2110 1006 2320 1060 Etenim

724 1090 923 1161 .l'aritta
958 1108 1023 1161 de
1060 1107 1354 1164 frumento,
1386 1103 1600 1156 duobus
1653 1103 1994 1155 comminuto
2028 1099 2318 1165 lapidibus,

749 1200 1020 1253 cllicitur:
1056 1198 1251 1249 lterum
1285 1208 1431 1257 vero,
1472 1207 1579 1245 non
1640 1190 1815 1243 dicam
1861 1190 2085 1242 amboru
2115 1205 2167 1250 tl,
2226 1186 2321 1240 sed

750 1288 1069 1344 alterutrius
1101 1300 1347 1339 seorsum
1412 1284 1546 1335 inira
1581 1280 1843 1350 perdendi
1872 1280 1952 1331 vis
1978 1290 2082 1330 est.
2140 1338 2148 1347 _

844 1363 851 1370 ’
1452 1353 1608 1425 xxn

820 1472 1058 1525 Omnino
1091 1470 1187 1522 tibi
1222 1477 1405 1519 certus
1436 1465 1642 1517 amicus
1675 1472 1778 1525 cst,
1814 1462 1906 1530 qui
1958 1459 2229 1514 admissus
2267 1460 2320 1510 in

748 1568 1058 1621 societatem
1085 1579 1265 1616 rerum
1296 1560 1678 1629 gerendarum,
1728 1556 2019 1610 blanditias
2053 1554 2123 1614 ei,
2179 1551 2321 1618 quod

746 1658 988 1727 expedit,
1024 1656 1318 1723 postponit.
1353 1652 1455 1717 Qui
1480 1667 1609 1705 vero
1637 1649 1827 1717 gratiae
1879 1646 2181 1715 captandas,
2208 1660 2325 1712 qua:

749 1755 819 1806 sit
857 1754 1131 1810 nocitura,
1168 1748 1352 1812 servit,
1389 1746 1519 1799 nihil
1571 1746 1638 1796 ab
1691 1743 1815 1796 odio
1867 1740 2325 1810 persequentibus

748 1850 804 1894 et
826 1840 1080 1896 hostibus
1103 1839 1233 1904 ipsis
1247 1832 1429 1889 diﬂcrt
1447 1852 1461 1889 ;
1482 1832 1747 1901 siquidem
1766 1844 1873 1883 non
1892 1830 2058 1882 etiam
2077 1830 2225 1895 pejor
2243 1834 2325 1878 est

2425 646 2675 711 τόμενος.
2710 648 2824 699 -Ἥν
2863 650 2968 715 γὰρ
3000 651 3313 723 ἀπιστήσῃς
3344 656 3461 714 τοῖς
3495 656 3743 719 ἀγαθοῖς,
3778 660 4005 710 πιστεύ-

2428 758 2540 803 σεις
2576 744 2794 804 πάντως
2823 749 2935 808 τοῖς
2966 752 3245 817 πονηροῖς,
3288 750 3533 817 ἀνάγκης
3574 750 3737 821 οὔσης
3767 754 3881 805 τισὶ
3916 771 4007 805 πι-

2426 836 2658 888 στεύειν*
2680 839 2775 889 καὶ
2794 841 3022 907 ἐναλλὰξ
3041 842 3118 911 τῷ
3143 844 3405 912 πρέποντι
3433 843 3736 914 χρώμενος,
3754 844 4007 896 ἀπιστῶν

2424 944 2487 995 γε
2522 932 2614 983 καὶ
2660 932 2933 985 πιστεύων
2963 931 3044 996 οἷς
3074 934 3134 987 οὑ
3165 935 3305 999 δέον,
3339 936 3581 1005 εὐχερῶς
3624 934 4006 1007 διαφθαρήσῃ,

2424 1025 2550 1075 ὅσον
2582 1026 2691 1077 οὐδ’
2723 1024 3098 1094 ἐνθυμηθῆναί
3134 1046 3190 1080 σε
3224 1030 3429 1099 ῥᾴδιον·
3463 1029 3625 1098 πυροὶ
3653 1029 3763 1099 γὰρ
3798 1029 4005 1089 ἄλευρα

2426 1121 2684 1184 γίνονται,
2742 1120 2859 1191 δυσὶ
2901 1121 3268 1190 θρυπτόμενοι
3320 1122 3531 1183 λίθοις·
3574 1122 3751 1192 τούτῳ
3798 1122 3856 1174 δὲ
3908 1122 4004 1189 οὐχ

2426 1213 2571 1274 ὅπως
2607 1214 2798 1281 ἄμφω,
2831 1214 2965 1267 ἀλλὰ
2989 1217 3081 1267 καὶ
3104 1216 3273 1285 χωρὶς
3303 1215 3567 1284 ἑκάτερον
3592 1214 3779 1267 ὀλέσαι
3805 1213 4001 1266 δεινόν.

3144 1391 3270 1445 KA'.

2500 1481 2576 1535 Ἦ
2626 1500 2728 1536 που
2780 1483 2933 1550 φίλος
2986 1500 3064 1534 σοι
3121 1484 3320 1552 σαφὴς,
3350 1482 3408 1544 ὂς
3442 1482 3720 1535 κοινωνῶν
3765 1498 3851 1534 σοι
3894 1482 4004 1535 τῶν

2429 1577 2629 1645 ἔργων,
2662 1579 2892 1630 κατόπιν
2919 1578 3014 1629 τοῦ
3048 1578 3391 1639 συνοίσοντος
3429 1577 3539 1629 αίεὶ
3581 1577 3644 1628 τὸ
3686 1577 3882 1646 χάριεν
3924 1576 4003 1627 τί⁹

2429 1670 2607 1738 θησιν.
2654 1671 2713 1721 '0
2742 1671 2796 1722 δὲ
2832 1671 2969 1737 πρὸς
3016 1671 3176 1741 χάριν
3209 1670 3524 1739 βλάψουσαν
3554 1667 4003 1738 ὑπηρετούμενος

2434 1764 2737 1831 μισούντων
2768 1780 2825 1814 τε
2851 1764 2945 1814 καὶ
2980 1763 3255 1832 πολεμίων
3282 1762 3464 1814 αὐτῶν
3485 1761 3638 1814 οὐδὲν
3670 1760 4001 1829 διενήνοχεν,

2431 1857 2476 1906 εί
2513 1855 2586 1923 μὴ
2617 1870 2711 1905 και
2744 1856 2869 1916 τοὺς
2903 1852 3133 1922 ἐχθροὺς
3162 1853 3495 1922 ὑπερήλασε,
3532 1850 3848 1911 κολακείαις
3873 1849 3944 1899 πλ
3962 1872 4004 1895 ι.-

758 1935 1030 1993 hostibus,
1106 1930 1198 1993 qui
1276 1927 1608 1981 assentando
1677 1916 1901 1990 decipit,
1980 1932 2324 1983 mentemque

2436 1904 3016 1923 κ-.ν.η
3114 1904 3130 1915 .
3226 1904 3338 1922 ὴ..
3484 1904 3495 1913 .
3828 1904 3844 1911 -

2433 1948 2559 2009 νῶν,
2592 1949 2688 1999 καὶ
2736 1948 3020 2016 μονονουχὶ
3058 1948 3146 1997 τὸν
3178 1946 3302 1998 νοῦν
3334 1945 3757 2014 λυμαινόμενος.
3789 1943 3866 1993 Οὐ
3899 1941 4002 2007 μὴν

752 2038 955 2083 tantam
992 2040 1096 2076 non
1120 2020 1440 2087 corrumpit.
1478 2018 1591 2070 ltno
1649 2024 2007 2085 praeterquam
2046 2011 2189 2080 quod
2228 2026 2321 2062 no-

748 2120 871 2171 xius
905 2128 1009 2178 est,
1045 2116 1204 2167 etiam
1243 2114 1341 2165 hac
1372 2113 1493 2163 illos
1528 2110 1578 2161 itt
1634 2116 1785 2175 parte
1829 2112 2068 2173 superat.
2130 2101 2322 2155 llostes

749 2210 896 2264 cuitu
934 2208 1147 2259 ntolesu
1182 2212 1311 2257 sunt
1338 2203 1494 2253 nobis
1531 2209 1695 2267 atque
1735 2212 1948 2266 graves,
1988 2204 2040 2247 et
2092 2194 2325 2263 quisque

748 2303 826 2355 sic
863 2297 1159 2365 comparati
1194 2309 1405 2354 sumus,
1439 2301 1496 2344 ut
1532 2306 1589 2344 re
1621 2290 1926 2343 molestiam
1984 2288 2140 2340 nobis
2171 2284 2325 2338 exlti-

748 2394 909 2447 bente
945 2387 1161 2442 liberari
1192 2387 1495 2454 cupiamus.
1547 2382 1614 2436 At
1647 2384 1754 2441 hic,
1787 2381 1948 2433 etiam
1980 2393 2105 2432 cum
2145 2387 2324 2439 nocet,

744 2483 1021 2551 iucundus
1070 2496 1188 2534 esse
1235 2487 1478 2544 putatur,
1529 2474 1761 2541 ideoque
1808 2472 1992 2537 potius
2059 2484 2322 2528 amorem,

746 2592 911 2647 quam
945 2575 1130 2626 odium
1169 2570 1371 2624 lIlCt'CVi
1400 2570 1636 2620 videtur.
1690 2564 1870 2617 llostis
1911 2573 2167 2631 praeterea
2212 2560 2323 2612 ﬁeri

749 2678 930 2739 potest
956 2686 969 2734 ;
995 2678 1055 2719 ut
1082 2662 1486 2721 reconcilietur,
1520 2674 1619 2712 nec
1644 2673 1709 2711 eo
1746 2659 1944 2719 minus,
1974 2664 2033 2708 ιιι
2088 2666 2328 2722 proster-

758 2771 924 2814 natur
954 2772 967 2810 :
1000 2759 1087 2810 ltie
1111 2769 1260 2815 vero,
1295 2768 1419 2806 cum
1440 2752 1652 2803 latitare
1702 2750 1896 2817 possit,
1925 2756 2078 2799 extra
2109 2760 2325 2799 omnem

753 2852 847 2905 teli
878 2851 1086 2919 iactum
1120 2845 1389 2907 consistit,
1423 2852 1475 2895 et
1503 2841 1568 2894 ad
1608 2842 1852 2893 fraudem
1882 2853 2002 2893 sese
2036 2838 2324 2899 convertit,

752 2946 1049 2998 absumens
1083 2956 1112 2993 a
1139 2940 1340 3007 quibus
1371 2936 1556 2998 alitur,
1586 2944 1638 2988 et
1696 2934 1748 2984 in
1808 2930 2028 2986 eosdem
2093 2931 2331 2983 belluino

752 3055 904 3094 more
921 3038 1172 3094 saeviens.
1191 3033 1365 3102 Atque
1383 3032 1486 3087 ltoe
1509 3046 1641 3085 sane
1661 3029 2041 3098 gravissimum
2061 3036 2163 3085 est.
2185 3025 2329 3094 quod

757 3131 989 3186 fallendo
1007 3127 1277 3182 lucrifacit
1303 3144 1316 3191 ;
1340 3122 1754 3183 lucrifacieudo,
1779 3122 1831 3173 in
1858 3119 2102 3173 fraudem
2126 3118 2329 3171 allicit:

751 3241 818 3282 te
834 3223 1059 3295 proinde
1082 3223 1281 3275 malum
1301 3218 1461 3273 modo
1480 3232 1585 3271 non
1608 3216 1659 3271 in
1679 3214 1946 3269 inﬁnitum
1967 3211 2329 3281 progreditur.

1447 3307 1612 3362 XXII.

832 3410 905 3465 Al
943 3410 1110 3463 decus
1162 3414 1436 3474 pratorum
1489 3402 1649 3456 ﬂores
1714 3400 2031 3469 pertinent:
2097 3397 2322 3457 coelum,

686 3542 692 3548 .
754 3504 956 3566 sidera,
994 3497 1289 3568 principem
1352 3493 1588 3548 studium
1620 3492 1861 3545 veritatis
1893 3498 2070 3543 ornat.
2123 3490 2199 3541 Ac
2240 3502 2323 3538 na-

755 3595 902 3648 vium
938 3591 1158 3661 quidem
1222 3588 1388 3641 l'Oillll’
1426 3585 1476 3637 itt
1514 3585 1701 3637 carina
1753 3582 2005 3636 consistit
2041 3598 2055 3644 ;
2102 3579 2321 3642 mdium,

758 3688 811 3740 in
844 3685 1199 3739 fundamento
1227 3698 1239 3733 :
1270 3693 1383 3744 ejus
1417 3686 1618 3737 autem,
1662 3675 1749 3727 cui
1776 3682 2039 3743 perpetuo
2064 3686 2207 3725 cura:
2238 3685 2329 3737 po-

756 3764 1117 3847 pttlorumest
1146 3782 1199 3825 et
1242 3765 1456 3824 urbium
1483 3769 1648 3830 salus,
1699 3768 1753 3820 itt
1795 3767 1916 3831 hoc,
1955 3774 2010 3818 ut
2063 3764 2326 3845 quidquid

758 3870 1007 3924 adnuerit
1037 3866 1232 3934 capite,
1284 3863 1365 3917 vel
1394 3861 1528 3930 ipsis
1575 3868 1820 3913 servetur
1863 3858 2133 3921 hostibus,
2185 3840 2329 3924 quod

757 3961 1080 4017 existimare
1110 3958 1323 4020 debeat,
1359 3969 1426 4008 ne
1468 3953 1760 4006 vivendum
1800 3950 2020 4020 quidem
2058 3950 2183 4015 sibi,
2210 3950 2320 4003 vio-

757 4058 866 4109 lata
892 4055 1013 4108 fide.
1047 4051 1222 4106 Verax
1253 4057 1434 4102 autem
1464 4061 1654 4115 reapse
1676 4047 1921 4110 ducetur,
1955 4058 2063 4096 non
2084 4043 2177 4111 qui
2206 4056 2330 4111 pro-

758 4146 1052 4201 missorum
1094 4140 1496 4211 pra‘stationem
1548 4136 1820 4192 convertit
1844 4135 1896 4188 in
1923 4142 2218 4205 quaestum,
2275 4141 2332 4185 ut

756 4253 821 4291 ex
853 4252 917 4306 ea
948 4236 1031 4289 vel
1062 4236 1166 4288 alat
1222 4246 1361 4295 sese,
1426 4231 1510 4284 vel
1569 4244 1701 4299 opes
1753 4236 2139 4297 consequatur.
2196 4224 2331 4278 Nam

758 4344 883 4384 eum
921 4329 1039 4381 linis
1066 4329 1114 4381 ei
1156 4325 1482 4395 propositus,
1525 4338 1634 4375 non
1699 4323 1814 4389 ipsa
1844 4336 1936 4390 per
1988 4336 2049 4374 se
2110 4320 2329 4392 veritas,

758 4424 849 4477 sed
885 4424 1110 4489 pecunia
1142 4422 1248 4475 sit:
1282 4420 1359 4475 sic
1394 4420 1481 4471 ubi
1521 4431 1707 4470 verum
1766 4416 1865 4469 sibi
1920 4430 2023 4468 non
2084 4413 2329 4467 futurum

760 4518 1128 4569 unolumento
1165 4516 1457 4582 putaverit,
1505 4526 1630 4565 mox
1664 4510 1895 4579 pedibus
1921 4508 1989 4561 ab
2018 4524 2082 4562 eo
2111 4507 2334 4576 procul-

756 4616 950 4660 cantur
991 4607 1172 4659 omnia
1220 4615 1374 4675 pacta
1435 4612 1719 4665 conventa,
1770 4615 1930 4655 omne
1975 4600 2326 4669 premissum,
2365 4601 2407 4654 Β

758 4701 1178 4752 instrumentum
1233 4710 1413 4760 omne,
1473 4694 1737 4765 quidquid
1797 4702 1978 4748 actum
2039 4694 2324 4763 denique:

757 4793 917 4845 simul
951 4798 1294 4843 sacramenta
1353 4789 1597 4857 prmstita
1652 4800 1751 4855 pro
1804 4787 1975 4839 niltilo
2022 4786 2324 4852 ducuntur,

757 4891 808 4933 et
830 4880 1091 4949 quidquid
1120 4879 1316 4933 animis
1348 4888 1609 4931 terrorem
1642 4886 1789 4930 metu
1825 4878 2108 4947 religionis
2133 4879 2324 4947 injicit,

758 4981 963 5025 tantum
1001 4985 1067 5023 ne
1104 4972 1313 5039 jactura
1348 4971 1586 5037 pecuniae
1619 4969 1729 5021 fiat.
1783 4967 1972 5037 Itaque
2022 4984 2151 5023 vere
2187 4970 2326 5023 veri-

758 5072 924 5115 tatem
954 5076 1141 5114 amore
1167 5062 1543 5129 prosequitur,
1568 5074 1676 5111 non
1703 5058 1795 5127 qui
1831 5058 2125 5113 habeteam
2177 5074 2327 5129 quaa-

756 5151 888 5215 stui,
918 5152 1010 5203 sed
1045 5150 1137 5218 qui
1163 5150 1528 5213 mendacium,
1587 5149 1870 5214 malitiam,
1917 5149 2159 5203 fraudem
2191 5149 2325 5213 odit,

757 5250 928 5295 utres
976 5242 1102 5295 odio
1164 5256 1259 5310 per
1288 5256 1347 5295 se
1399 5242 1613 5309 dignas.
1658 5239 1791 5293 Nam
1846 5242 2020 5308 ipsum
2083 5242 2326 5306 mentiri,

759 5331 1093 5385 multiforme
1123 5332 1383 5401 quiddam
1416 5341 1497 5385 est
1531 5350 1543 5384 :
1575 5340 1629 5385 et
1654 5339 1867 5400 oportet
1922 5347 2041 5395 eos,
2105 5334 2199 5401 qui
2258 5334 2326 5387 ab

759 5421 879 5499 ejus
916 5426 1188 5477 immunes
1220 5438 1341 5477 esse
1396 5425 1661 5477 varietate
1714 5425 2060 5493 versutiaque
2116 5425 2325 5494 volunt,

2426 2041 2560 2093 ἀλλὰ
2591 2042 2692 2091 κάν
2725 2038 2857 2108 τῷδε
2908 2041 2985 2107 τῷ
3024 2042 3181 2109 μέρει
3217 2039 3443 2091 ἐκείνων
3493 2038 3639 2106 μάλα
3689 2034 4005 2088 πλεονεκτεῖ

2428 2139 2562 2204 πρὸς
2592 2138 2669 2206 τῷ
2704 2136 2962 2204 βλαόερὸς
2991 2134 3149 2189 εἶναι.
3194 2135 3418 2186 Ἐκεῖνοι
3447 2135 3555 2202 γὰρ
3580 2134 3716 2203 ἡμῖν
3741 2124 4000 2199 λυπηροὶ,

2428 2231 2649 2282 καὶτοῦ
2684 2229 2980 2289 λυποῦντος
3030 2227 3485 2291 ἁπαλλαξείοντές
3526 2229 3690 2292 toties
3736 2225 4001 2284 ἕκαστος·

2427 2323 2537 2375 est
2576 2323 2669 2374 καὶ
2702 2322 2957 2391 βλάπτων
3005 2320 3134 2387 ἡδὺς
3188 2319 3505 2386 νομίζεταιο
3564 2318 3656 2367 καὶ
3708 2316 3799 2367 διὰ
3850 2313 4005 2366 τοῦτο

2430 2417 2679 2484 φιλητέος
2721 2432 2783 2481 γε
2816 2414 3015 2481 μᾶλλον
3046 2414 3076 2481 ἢ
3130 2413 3386 2480 μισητέος
3417 2411 3585 2464 δοκεῖ.
3624 2410 3734 2461 Καὶ¹
3768 2408 3862 2458 τὸν
3906 2409 4003 2475 μὲν

2430 2507 2623 2576 ἐχθρὸν
2673 2523 2764 2557 και
2810 2503 3140 2566 καταλλάξαι
3193 2501 3454 2565 δυνατὸν,
3511 2506 3605 2552 καὶ
3651 2498 4002 2563 κατενεγκεῖν

2429 2605 2529 2655 οὐκ
2562 2602 2821 2654 ἀδύνατον
2846 2616 2859 2630 ·
2892 2593 3048 2661 οὗτος
3083 2598 3139 2650 δὲ
3172 2596 3459 2650 λανθάνειν
3494 2596 3823 2662 δυνάμενος,
3844 2592 4003 2659 ἕστη-

2433 2713 2527 2747 κεν
2570 2696 2674 2760 ἔξω
2715 2693 2882 2762 βελῶν
2904 2709 2916 2721 ·
2954 2693 3088 2762 πρὸς
3134 2691 3190 2744 δὲ
3223 2691 3323 2759 τὴν
3354 2689 3572 2756 ἀπάτην
3602 2686 4003 2746 ἐπεκτείνεται,

2431 2786 2491 2850 εξ
2518 2780 2592 2837 ῶν
2618 2785 2878 2853 τρέφεται
2908 2782 3259 2842 λωϐώμενος.
3290 2781 3383 2832 καὶ
3413 2778 3533 2831 κατ’
3568 2775 3749 2828 αὐτῶν
3782 2773 4005 2842 θηριού-

2436 2896 2615 2949 μενος.
2659 2878 2767 2929 Kal
2800 2875 2957 2927 τοῦτό
2985 2875 3100 2926 ἐστι
3144 2874 3205 2925 τὸ
3258 2871 3403 2941 μάλα
3445 2871 3639 2933 δεινὸν,
3668 2869 3753 2920 ὅτι
3795 2867 3878 2935 τῷ
3914 2864 4006 2925 μὲν

2434 2970 2649 3038 ἀπατᾷν
2699 2967 2996 3037 κερδαίνει,
3024 2964 3103 3034 τῷ
3151 2964 3206 3014 δὲ
3254 2962 3562 3029 κερδαίνειν
3604 2958 4005 3029 παρακαλεῖται

2434 3062 2569 3131 πρὸς
2596 3059 2692 3128 τὴν
2721 3060 2938 3127 ἀπάτην
2958 3074 2971 3088 ·
3003 3057 3097 3108 καὶ
3125 3053 3312 3107 λοιπὸν
3340 3054 3425 3106 ἐπ’
3457 3052 3683 3120 ἄπειρον
3717 3064 4007 3119 μονονουχι

2433 3156 2495 3207 τὸ
2526 3152 2694 3206 κακὸν
2725 3152 2995 3219 πρόεισιν.

3154 3320 3199 3373 Κ
3207 3318 3272 3373 Β’.

2503 3421 2788 3491 Δειμῶνας
2823 3418 2920 3488 μὲν
2951 3414 3086 3485 ἄνθη
3126 3416 3323 3484 κοσμεῖ
3344 3429 3356 3443 ·
3389 3413 3482 3465 καὶ
3507 3409 3734 3480 οὐρανὸν
3760 3407 4010 3478 ἀστέρων

2434 3515 2622 3584 χοροί·
2660 3514 2719 3565 τὸ
2751 3511 2805 3563 δὲ
2842 3508 3135 3578 φιλάληθες
3161 3507 3419 3576 ἄρχοντα.
3456 3505 3565 3556 Καὶ
3604 3502 3800 3571 τρόπις
3839 3500 3941 3567 μὶν
3979 3501 4012 3568 ἠ

2433 3607 2658 3675 δύναμις
2700 3603 2902 3653 ναυσί·
2958 3600 3052 3652 καὶ
3087 3597 3335 3665 θεμέλιος
3364 3596 3536 3656 οἴκοις
3560 3610 3574 3623 ·
3615 3585 3658 3659 ᾧ
3686 3592 3741 3644 δὲ
3785 3589 4011 3659 φροντίς

2435 3703 2581 3751 ἐστιν
2657 3697 2892 3766 ἄληκτος
2955 3692 3226 3754 σώζεσθαι
3293 3689 3459 3767 λαούς
3519 3703 3579 3739 τε
3646 3686 3741 3738 καὶ
3801 3687 4012 3749 πόλεις,

2434 3794 2515 3844 ὅτι
2562 3807 2657 3843 κεν
2688 3788 2897 3857 κεφαλῇ
2952 3784 3285 3852 κατανεύσῃ,
3320 3784 3507 3835 πιστὸν
3533 3776 3673 3834 εἶναι
3710 3779 3798 3831 καὶ
3849 3777 4015 3829 πολεο

2439 3887 2605 3954 μίοις,
2636 3884 2872 3950 οἰομένῳ
2908 3880 3008 3931 οὐκ
3046 3879 3199 3941 ἀξιον
3233 3877 3384 3945 αὺτῷ
3416 3875 3477 3928 τὺ
3520 3873 3618 3943 ζῇν
3657 3872 3993 3941 ψευσαμένῳ

2448 3975 2678 4045 ’Λληθὴς
2725 3972 2769 4024 δ’
2811 3973 2979 4032 ὄντως
3030 3969 3310 4038 νομίζοιτο
3340 3968 3438 4036 οὐχ
3486 3964 3882 4034 ὁ.τὰληθεύειν
3913 3965 4019 4031 ἐμ-

2439 4068 2663 4137 πορείαν
2720 4063 3081 4131 ποιούμενος,
3142 4061 3210 4112 ἵν’
3268 4062 3331 4111 ἑκ
3388 4058 3540 4111 τοῦδε
3598 4058 3859 4125 τρέφοιτο
3915 4057 4019 4108 καὶ

2438 4162 2663 4228 πλουτῆ.
2696 4160 2865 4217 Τέλος
2909 4157 3017 4223 γὰρ
3068 4155 3128 4206 ού
3181 4155 3279 4223 τὴν
3326 4153 3589 4223 ἀλήθειαν
3640 4150 3767 4204 καθ’
3815 4150 4015 4218 αὐτὴν,

2437 4253 2569 4305 ἀλλὰ
2625 4249 2922 4318 τάργύριον
2974 4248 3172 4316 ἔχοντι,
3199 4247 3357 4310 δόξαν
3408 4244 3643 4313 τάληθὲς
3682 4245 3781 4297 οὐκ
3814 4244 4021 4311 ὠφέλι-

2441 4360 2559 4413 μον,
2594 4341 3082 4409 καταπεπάτηνται
3134 4338 3232 4406 μὲν
3282 4338 3445 4399 εὐθὺς
3488 4336 3565 4405 τῷ
3612 4334 3839 4403 τοιούτῳ
3882 4351 4020 4386 συν-

2438 4433 2603 4503 θῆκαι
2654 4435 2851 4496 πᾶσαι,
2906 4432 3013 4492 πᾶς
3067 4430 3246 4497 λόγος,
3292 4431 3404 4481 πᾶν
3457 4430 3857 4496 γραμματεῖον,
3898 4427 4018 4477 πᾶν

2438 4526 2617 4595 ἔργον·
2642 4522 3160 4592 καταπεφρόνηνται
3191 4522 3243 4573 δὲ
3273 4522 3448 4587 ὅρκοι,
3472 4522 3565 4572 καὶ
3588 4520 3615 4571 ὅ
3636 4537 3689 4571 τι
3720 4535 3824 4587 περ
3854 4521 4017 4585 φρίτ-

2434 4635 2549 4670 τειν
2582 4618 2743 4681 ποιεῖ,
2770 4614 2913 4668 ὥστε
2951 4614 3111 4684 μόνον
3147 4614 3220 4684 μὴ
3245 4613 3499 4680 γενέσθαι
3529 4614 3823 4682 τάργύριον
3849 4612 4019 4663 ἐλατ-

2433 4729 2545 4765 τον.
2596 4711 2839 4778 Ἀληθῶς
2886 4707 2981 4764 οὖν
3031 4709 3290 4779 ἀληθείας
3316 4709 3556 4779 ἐραστὴς
3607 4709 3703 4777 οὐχ
3751 4710 3778 4760 ὁ
3826 4724 4021 4779 tum}-

2434 4804 2605 4856 λεύων
2666 4803 2859 4874 αὐτὴν,
2908 4802 3025 4856 ἀλλ’
3084 4802 3193 4872 ὅτῳ
3247 4802 3477 4871 μισητὸν
3527 4801 3588 4854 τὸ
3636 4801 3849 4870 ψεῦδος,
3909 4805 4019 4854 καὶ

2436 4894 2759 4964 κακοήθεια,
2788 4897 2882 4947 καὶ
2910 4895 3079 4957 δόλος,
3110 4895 3203 4948 ἅτε
3262 4894 3387 4947 καθ’
3436 4894 3579 4947 αὐτὰ
3618 4894 3806 4963 μίσους
3854 4892 4017 4957 ἄξια.

2440 4986 2595 5038 Ἐστι
2625 4989 2732 5056 γὰρ
2764 4987 2825 5038 τὸ
2849 4986 3141 5055 ψεύδεσθαί
3169 5003 3220 5038 τι
3249 4986 3599 5055 πολύμορφον
3628 5002 3643 5017 θ
3674 4989 3765 5039 καὶ
3794 4987 3878 5036 δεῖ
3906 4988 4022 5055 τῆς

2440 5078 2631 5130 τούτου
2668 5078 3075 5147 καθαρεύοντας
3099 5078 3395 5141 ποικιλίας,
3420 5078 3520 5145 τῆς
3551 5078 3715 5146 φίλης
3742 5077 4021 5147 ἀληθείας

2438 5170 2562 5230 τοὺς
2598 5169 2854 5238 ἐραστὰς,
2874 5170 2969 5220 καὶ
3000 5169 3281 5237 λογισμὸν,
3300 5170 3398 5221 καὶ
3433 5166 3631 5236 νεῦμα,
3658 5170 3751 5221 καὶ
3780 5168 4020 5237 πρᾶξιν,

2439 5260 2684 5329 ἄψευστα
2738 5263 2851 5322 τοῖς
2903 5260 3084 5329 ἔργοις
3138 5259 3436 5321 δεικνύναι,
3486 5261 3580 5313 καὶ
3636 5258 3771 5312 κατὰ
3818 5258 4017 5325 λόγον,

2437 5352 2635 5418 ὅρκους
2665 5352 2723 5402 οὑ
2775 5350 3182 5420 συγχωροῦντα,
3229 5350 3583 5417 πιστοτέρους
3623 5349 3829 5403 ἑαυτῶν
3871 5355 4018 5417 φαί-

2434 5442 2643 5496 νεσθαι.

760 5515 940 5568 chara:
966 5515 1223 5567 nimirum
1251 5515 1495 5567 veritatis
1517 5522 1815 5579 amatores,
1872 5526 1925 5569 et
1958 5520 2310 5589 cogitationes

2433 5548 2491 5593 is,
2540 5544 2593 5586 et
2627 5544 2810 5598 nutus,
2864 5550 2894 5586 e
2924 5537 3185 5599 actiones,
3242 5539 3309 5590 ab
3351 5535 3500 5590 omni
3558 5537 3834 5592 mendacio
3887 5538 4017 5595 fac-

757 5609 828 5662 tis
851 5607 984 5676 ipsis
1015 5621 1278 5671 asserere,
1304 5606 1569 5675 juxtaque
1596 5607 1817 5660 verbum
1850 5608 2005 5675 illud,
2060 5619 2203 5681 quod
2228 5617 2335 5685 λιιι-ε

2452 5634 2615 5689 vetat,
2669 5627 2936 5680 servanda
2987 5627 3091 5681 fide
3149 5628 3357 5697 seipsos
3406 5631 3642 5685 vincere.

1455 5697 1644 5754 XXIII.

826 5788 948 5855 Non
985 5792 1145 5847 aliter
1179 5803 1340 5862 atque
1389 5794 1612 5859 ferrum,
1661 5795 1982 5862 rubiginem,
2014 5799 2245 5855 aemulus
2271 5814 2325 5857 et

760 5883 975 5938 ittVidl=5
1001 5885 1215 5943 animus
1268 5886 1475 5953 odium,
1528 5886 1771 5943 fraudem
1798 5888 2011 5959 aliaque
2066 5891 2192 5947 talia
2239 5896 2321 5963 gi-

3144 5724 3185 5774 Κ
3196 5722 3270 5776 Ι“’.

2518 5808 2616 5859 Ἰὸν
2666 5809 2767 5877 μὲν
2802 5811 3020 5881 σίδηρος
3070 5814 3266 5876 τίκτει,
3298 5817 3455 5883 μῖσος
3485 5815 3539 5866 δὲ
3578 5816 3670 5869 καὶ
3700 5815 3873 5879 δόλον,
3904 5824 4009 5868 sal

2432 5899 2499 5951 τὰ
2525 5898 2770 5969 τοιαῦτα,
2796 5899 2939 5971 ψυχὴ
2975 5903 3273 5971 ζηλότυπός
3304 5922 3363 5957 τε
3395 5908 3487 5958 καὶ
3524 5905 3777 5975 φθονερά.
3823 5908 4004 5977 Ὀμοῦ
