  <div class='ocr_page' id='page_1' title='image "/cluster/home/n/w/nwhite01/storage/ocr_20150623/156/nnc1.0046980911/174.png"; bbox 0 0 4208 6444; ppageno 0'>
   <div class='ocr_carea' id='block_1_1' title="bbox 262 458 371 521">
    <p class='ocr_par' dir='ltr' id='par_1_1' title="bbox 262 458 371 521">
     <span class='ocr_line' id='line_1_1' title="bbox 262 458 371 521; baseline 0.009 -1"><span class='ocrx_word' id='word_1_1' title='bbox 262 458 371 521; x_wconf 83' lang='lat'><strong>333</strong></span> 
     </span>
    </p>
   </div>
   <div class='ocr_carea' id='block_1_2' title="bbox 1231 466 2508 536">
    <p class='ocr_par' dir='ltr' id='par_1_2' title="bbox 1231 466 2508 536">
     <span class='ocr_line' id='line_1_2' title="bbox 1231 466 2508 536; baseline 0.008 -10"><span class='ocrx_word' id='word_1_2' title='bbox 1231 466 1637 530; x_wconf 77' lang='lat' dir='ltr'><strong>PR/ECEPTA</strong></span> <span class='ocrx_word' id='word_1_3' title='bbox 1680 470 2191 531; x_wconf 69' lang='lat' dir='ltr'><strong>EDUCATIONIS</strong></span> <span class='ocrx_word' id='word_1_4' title='bbox 2227 476 2508 536; x_wconf 65' lang='lat' dir='ltr'><strong>REGI/E.</strong></span> 
     </span>
    </p>
   </div>
   <div class='ocr_carea' id='block_1_3' title="bbox 3386 488 3489 552">
    <p class='ocr_par' dir='ltr' id='par_1_3' title="bbox 3386 488 3489 552">
     <span class='ocr_line' id='line_1_3' title="bbox 3386 488 3489 552; baseline 0.029 -3"><span class='ocrx_word' id='word_1_5' title='bbox 3386 488 3489 552; x_wconf 74' lang='lat'><strong>334</strong></span> 
     </span>
    </p>
   </div>
   <div class='ocr_carea' id='block_1_4' title="bbox 258 574 1802 666">
    <p class='ocr_par' dir='ltr' id='par_1_4' title="bbox 258 574 1794 643">
     <span class='ocr_line' id='line_1_4' title="bbox 258 574 1794 643; baseline 0.008 -20"><span class='ocrx_word' id='word_1_6' title='bbox 258 575 315 626; x_wconf 71' lang='grc' dir='ltr'>δὲ</span> <span class='ocrx_word' id='word_1_7' title='bbox 344 574 518 626; x_wconf 82' lang='grc' dir='ltr'>ταῦτα</span> <span class='ocrx_word' id='word_1_8' title='bbox 552 575 873 642; x_wconf 76' lang='grc' dir='ltr'>Αυμαίνεται</span> <span class='ocrx_word' id='word_1_9' title='bbox 917 576 1017 643; x_wconf 86' lang='grc' dir='ltr'>μὲν</span> <span class='ocrx_word' id='word_1_10' title='bbox 1048 579 1143 630; x_wconf 74' lang='grc' dir='ltr'><strong>καὶ</strong></span> <span class='ocrx_word' id='word_1_11' title='bbox 1181 580 1309 642; x_wconf 82' lang='grc' dir='ltr'>τοὺς</span> <span class='ocrx_word' id='word_1_12' title='bbox 1341 582 1500 641; x_wconf 83' lang='grc' dir='ltr'>ἐκτὸς</span> <span class='ocrx_word' id='word_1_13' title='bbox 1528 584 1677 636; x_wconf 83' lang='grc' dir='ltr'>ἐστιν</span> <span class='ocrx_word' id='word_1_14' title='bbox 1706 584 1794 635; x_wconf 80' lang='grc' dir='ltr'><strong>ὅτε</strong></span> 
     </span>
    </p>
   </div>
   <div class='ocr_carea' id='block_1_5' title="bbox 1836 574 3490 666">
    <p class='ocr_par' dir='ltr' id='par_1_5' title="bbox 1852 586 3490 666">
     <span class='ocr_line' id='line_1_5' title="bbox 1852 586 3490 666; baseline 0.013 -29"><span class='ocrx_word' id='word_1_15' title='bbox 1852 590 1898 644; x_wconf 83' lang='grc' dir='ltr'>Α</span> <span class='ocrx_word' id='word_1_16' title='bbox 1927 586 2057 654; x_wconf 79' lang='lat' dir='ltr'><strong>gnit.</strong></span> <span class='ocrx_word' id='word_1_17' title='bbox 2100 588 2172 640; x_wconf 81' lang='lat' dir='ltr'><strong>Ea</strong></span> <span class='ocrx_word' id='word_1_18' title='bbox 2234 590 2544 658; x_wconf 77' lang='lat' dir='ltr'><strong>conjuncta,</strong></span> <span class='ocrx_word' id='word_1_19' title='bbox 2581 607 2987 662; x_wconf 82' lang='lat' dir='ltr'><strong>nonnumquam</strong></span> <span class='ocrx_word' id='word_1_20' title='bbox 3049 596 3137 649; x_wconf 89' lang='lat' dir='ltr'><strong>illa</strong></span> <span class='ocrx_word' id='word_1_21' title='bbox 3162 599 3376 666; x_wconf 82' lang='lat' dir='ltr'><strong>quidem</strong></span> <span class='ocrx_word' id='word_1_22' title='bbox 3436 614 3490 659; x_wconf 82' lang='lat' dir='ltr'><strong>et</strong></span> 
     </span>
    </p>
   </div>
   <div class='ocr_carea' id='block_1_6' title="bbox 260 664 1820 736">
    <p class='ocr_par' dir='ltr' id='par_1_6' title="bbox 260 664 1820 736">
     <span class='ocr_line' id='line_1_6' title="bbox 260 664 1820 736; baseline 0.007 -19"><span class='ocrx_word' id='word_1_23' title='bbox 260 665 389 718; x_wconf 75' lang='grc' dir='ltr'>καθ’</span> <span class='ocrx_word' id='word_1_24' title='bbox 424 666 548 717; x_wconf 81' lang='grc' dir='ltr'>ὅσον</span> <span class='ocrx_word' id='word_1_25' title='bbox 577 664 644 718; x_wconf 81' lang='grc' dir='ltr'>ἂν</span> <span class='ocrx_word' id='word_1_26' title='bbox 673 666 898 719; x_wconf 78' lang='grc' dir='ltr'><strong>ἐκείνων</strong></span> <span class='ocrx_word' id='word_1_27' title='bbox 943 668 1255 736; x_wconf 71' lang='grc' dir='ltr'>καθάψαιτο</span> <span class='ocrx_word' id='word_1_28' title='bbox 1275 688 1289 702; x_wconf 73' lang='grc' dir='ltr'><strong>ο</strong></span> <span class='ocrx_word' id='word_1_29' title='bbox 1323 674 1447 735; x_wconf 81' lang='grc' dir='ltr'>τοὺς</span> <span class='ocrx_word' id='word_1_30' title='bbox 1476 675 1530 727; x_wconf 84' lang='grc' dir='ltr'>δὲ</span> <span class='ocrx_word' id='word_1_31' title='bbox 1560 676 1820 736; x_wconf 79' lang='grc' dir='ltr'><strong>τεκόντας</strong></span> 
     </span>
    </p>
   </div>
   <div class='ocr_carea' id='block_1_7' title="bbox 258 755 1820 831">
    <p class='ocr_par' dir='ltr' id='par_1_7' title="bbox 258 755 1820 831">
     <span class='ocr_line' id='line_1_7' title="bbox 258 755 1820 831; baseline 0.005 -24"><span class='ocrx_word' id='word_1_32' title='bbox 258 756 460 817; x_wconf 81' lang='grc' dir='ltr'>αὐτοὺς</span> <span class='ocrx_word' id='word_1_33' title='bbox 488 756 588 808; x_wconf 86' lang='grc' dir='ltr'>οὐκ</span> <span class='ocrx_word' id='word_1_34' title='bbox 614 755 724 807; x_wconf 82' lang='grc' dir='ltr'>ἐσθ’</span> <span class='ocrx_word' id='word_1_35' title='bbox 753 756 899 820; x_wconf 84' lang='grc' dir='ltr'>ὅπως</span> <span class='ocrx_word' id='word_1_36' title='bbox 933 758 1008 825; x_wconf 84' lang='grc' dir='ltr'>μὴ</span> <span class='ocrx_word' id='word_1_37' title='bbox 1050 760 1129 828; x_wconf 84' lang='grc' dir='ltr'>τῷ</span> <span class='ocrx_word' id='word_1_38' title='bbox 1161 761 1337 831; x_wconf 82' lang='grc' dir='ltr'>χρόνῳ</span> <span class='ocrx_word' id='word_1_39' title='bbox 1381 765 1657 826; x_wconf 81' lang='grc' dir='ltr'>παντελῶς</span> <span class='ocrx_word' id='word_1_40' title='bbox 1691 767 1820 817; x_wconf 69' lang='grc' dir='ltr'>ἀνα-</span> 
     </span>
    </p>
   </div>
   <div class='ocr_carea' id='block_1_8' title="bbox 256 848 1825 923">
    <p class='ocr_par' dir='ltr' id='par_1_8' title="bbox 256 848 1825 923">
     <span class='ocr_line' id='line_1_8' title="bbox 256 848 1825 923; baseline 0.006 -24"><span class='ocrx_word' id='word_1_41' title='bbox 256 848 506 910; x_wconf 86' lang='grc' dir='ltr'>λώσειεν,</span> <span class='ocrx_word' id='word_1_42' title='bbox 551 850 878 917; x_wconf 71' lang='grc' dir='ltr'><strong>ἐντετηκότα</strong></span> <span class='ocrx_word' id='word_1_43' title='bbox 926 851 1209 918; x_wconf 75' lang='grc' dir='ltr'><strong>διηνεκῶς,</strong></span> <span class='ocrx_word' id='word_1_44' title='bbox 1262 855 1357 906; x_wconf 74' lang='grc' dir='ltr'><strong>καὶ</strong></span> <span class='ocrx_word' id='word_1_45' title='bbox 1399 856 1613 923; x_wconf 82' lang='grc' dir='ltr'>δρῶντα</span> <span class='ocrx_word' id='word_1_46' title='bbox 1656 856 1684 908; x_wconf 88' lang='grc' dir='ltr'><strong>ὃ</strong></span> <span class='ocrx_word' id='word_1_47' title='bbox 1726 857 1825 908; x_wconf 82' lang='grc' dir='ltr'>πέ-</span> 
     </span>
    </p>
   </div>
   <div class='ocr_carea' id='block_1_9' title="bbox 257 940 1818 1015">
    <p class='ocr_par' dir='ltr' id='par_1_9' title="bbox 257 940 1818 1015">
     <span class='ocr_line' id='line_1_9' title="bbox 257 940 1818 1015; baseline 0.003 -22"><span class='ocrx_word' id='word_1_48' title='bbox 257 960 401 1008; x_wconf 84' lang='grc' dir='ltr'>φυκε</span> <span class='ocrx_word' id='word_1_49' title='bbox 432 942 585 1010; x_wconf 80' lang='grc' dir='ltr'>δρᾷν.</span> <span class='ocrx_word' id='word_1_50' title='bbox 625 940 763 992; x_wconf 78' lang='grc' dir='ltr'>Ἀλλ’</span> <span class='ocrx_word' id='word_1_51' title='bbox 794 940 986 1009; x_wconf 84' lang='grc' dir='ltr'>ἐκείνῳ</span> <span class='ocrx_word' id='word_1_52' title='bbox 1017 944 1113 1011; x_wconf 81' lang='grc' dir='ltr'>μὲν</span> <span class='ocrx_word' id='word_1_53' title='bbox 1139 945 1395 995; x_wconf 82' lang='grc' dir='ltr'>ἀκούσιον</span> <span class='ocrx_word' id='word_1_54' title='bbox 1424 946 1480 997; x_wconf 81' lang='grc' dir='ltr'><strong>τὺ</strong></span> <span class='ocrx_word' id='word_1_55' title='bbox 1510 946 1818 1015; x_wconf 77' lang='grc' dir='ltr'>διαφθεῖρον</span> 
     </span>
    </p>
   </div>
   <div class='ocr_carea' id='block_1_10' title="bbox 267 1031 1820 1103">
    <p class='ocr_par' dir='ltr' id='par_1_10' title="bbox 267 1031 1820 1103">
     <span class='ocr_line' id='line_1_10' title="bbox 267 1031 1820 1103; baseline 0.005 -20"><span class='ocrx_word' id='word_1_56' title='bbox 267 1034 434 1084; x_wconf 77' lang='grc' dir='ltr'>αὐτόν</span> <span class='ocrx_word' id='word_1_57' title='bbox 459 1049 473 1063; x_wconf 88' lang='grc'><strong>·</strong></span> <span class='ocrx_word' id='word_1_58' title='bbox 515 1034 663 1083; x_wconf 72' lang='grc' dir='ltr'>τουτὶ</span> <span class='ocrx_word' id='word_1_59' title='bbox 706 1031 751 1083; x_wconf 81' lang='grc' dir='ltr'>δ’</span> <span class='ocrx_word' id='word_1_60' title='bbox 785 1033 884 1083; x_wconf 78' lang='grc' dir='ltr'>οὐκ</span> <span class='ocrx_word' id='word_1_61' title='bbox 916 1034 1207 1098; x_wconf 76' lang='grc' dir='ltr'><strong>ἀγνοοῦσιν</strong></span> <span class='ocrx_word' id='word_1_62' title='bbox 1242 1036 1549 1103; x_wconf 81' lang='grc' dir='ltr'>ἐπιφύεται.</span> <span class='ocrx_word' id='word_1_63' title='bbox 1582 1039 1691 1091; x_wconf 76' lang='grc' dir='ltr'><strong>Καὶ</strong></span> <span class='ocrx_word' id='word_1_64' title='bbox 1732 1038 1820 1091; x_wconf 71' lang='grc' dir='ltr'><strong>διὰ</strong></span> 
     </span>
    </p>
   </div>
   <div class='ocr_carea' id='block_1_11' title="bbox 254 1126 1819 1203">
    <p class='ocr_par' dir='ltr' id='par_1_11' title="bbox 254 1126 1819 1203">
     <span class='ocr_line' id='line_1_11' title="bbox 254 1126 1819 1203; baseline 0.005 -26"><span class='ocrx_word' id='word_1_65' title='bbox 254 1126 419 1178; x_wconf 83' lang='grc' dir='ltr'>τοῦτο</span> <span class='ocrx_word' id='word_1_66' title='bbox 444 1129 642 1195; x_wconf 79' lang='grc' dir='ltr'>,χεῖρον</span> <span class='ocrx_word' id='word_1_67' title='bbox 676 1127 735 1179; x_wconf 80' lang='grc' dir='ltr'>τὸ</span> <span class='ocrx_word' id='word_1_68' title='bbox 766 1129 890 1178; x_wconf 73' lang='grc' dir='ltr'>καθ’</span> <span class='ocrx_word' id='word_1_69' title='bbox 938 1129 1105 1196; x_wconf 77' lang='grc' dir='ltr'>ἡμᾶς,</span> <span class='ocrx_word' id='word_1_70' title='bbox 1138 1133 1233 1181; x_wconf 79' lang='grc' dir='ltr'>καὶ</span> <span class='ocrx_word' id='word_1_71' title='bbox 1272 1131 1457 1197; x_wconf 65' lang='grc' dir='ltr'>σχεδδν</span> <span class='ocrx_word' id='word_1_72' title='bbox 1488 1133 1819 1203; x_wconf 83' lang='grc' dir='ltr'><strong>συγγνώμης</strong></span> 
     </span>
    </p>
   </div>
   <div class='ocr_carea' id='block_1_12' title="bbox 250 1218 1825 1295">
    <p class='ocr_par' dir='ltr' id='par_1_12' title="bbox 250 1218 1825 1295">
     <span class='ocr_line' id='line_1_12' title="bbox 250 1218 1825 1295; baseline 0.005 -25"><span class='ocrx_word' id='word_1_73' title='bbox 250 1218 357 1270; x_wconf 63' lang='grc' dir='ltr'><strong>οᾶκ</strong></span> <span class='ocrx_word' id='word_1_74' title='bbox 380 1219 546 1283; x_wconf 74' lang='grc' dir='ltr'>ἄξιον.</span> <span class='ocrx_word' id='word_1_75' title='bbox 578 1219 827 1284; x_wconf 75' lang='grc' dir='ltr'>Γίγνεται</span> <span class='ocrx_word' id='word_1_76' title='bbox 859 1221 965 1288; x_wconf 67' lang='grc' dir='ltr'><strong>γὰρ</strong></span> <span class='ocrx_word' id='word_1_77' title='bbox 1009 1222 1410 1291; x_wconf 81' lang='grc' dir='ltr'>παραπλήσιον,</span> <span class='ocrx_word' id='word_1_78' title='bbox 1453 1224 1644 1295; x_wconf 80' lang='grc' dir='ltr'>ὥσπερ</span> <span class='ocrx_word' id='word_1_79' title='bbox 1671 1227 1736 1278; x_wconf 87' lang='grc' dir='ltr'>ἆν</span> <span class='ocrx_word' id='word_1_80' title='bbox 1770 1226 1825 1278; x_wconf 74' lang='grc' dir='ltr'><strong>εἴ</strong></span> 
     </span>
    </p>
   </div>
   <div class='ocr_carea' id='block_1_13' title="bbox 252 1310 1822 1384">
    <p class='ocr_par' dir='ltr' id='par_1_13' title="bbox 252 1310 1822 1384">
     <span class='ocr_line' id='line_1_13' title="bbox 252 1310 1822 1384; baseline 0.007 -25"><span class='ocrx_word' id='word_1_81' title='bbox 252 1327 339 1370; x_wconf 88' lang='grc' dir='ltr'><strong>τις</strong></span> <span class='ocrx_word' id='word_1_82' title='bbox 386 1310 582 1361; x_wconf 81' lang='grc' dir='ltr'>ἐθέλων</span> <span class='ocrx_word' id='word_1_83' title='bbox 617 1311 856 1362; x_wconf 75' lang='grc' dir='ltr'>ὁντινοῦν</span> <span class='ocrx_word' id='word_1_84' title='bbox 905 1313 1184 1379; x_wconf 82' lang='grc' dir='ltr'>ἐμπρῆσαι</span> <span class='ocrx_word' id='word_1_85' title='bbox 1235 1314 1339 1365; x_wconf 86' lang='grc' dir='ltr'><strong>τῶν</strong></span> <span class='ocrx_word' id='word_1_86' title='bbox 1384 1316 1616 1384; x_wconf 77' lang='grc' dir='ltr'><strong>ἐχθρῶν,</strong></span> <span class='ocrx_word' id='word_1_87' title='bbox 1654 1334 1822 1371; x_wconf 85' lang='grc' dir='ltr'>κατα-</span> 
     </span>
    </p>
   </div>
   <div class='ocr_carea' id='block_1_14' title="bbox 252 1400 1818 1475">
    <p class='ocr_par' dir='ltr' id='par_1_14' title="bbox 252 1400 1818 1475">
     <span class='ocr_line' id='line_1_14' title="bbox 252 1400 1818 1475; baseline 0.01 -27"><span class='ocrx_word' id='word_1_88' title='bbox 252 1400 467 1462; x_wconf 80' lang='grc' dir='ltr'>δέξαιτο</span> <span class='ocrx_word' id='word_1_89' title='bbox 507 1400 659 1462; x_wconf 81' lang='grc' dir='ltr'>ξύλον</span> <span class='ocrx_word' id='word_1_90' title='bbox 701 1401 978 1468; x_wconf 80' lang='grc' dir='ltr'>γενέσθαι,</span> <span class='ocrx_word' id='word_1_91' title='bbox 1010 1405 1105 1455; x_wconf 79' lang='grc' dir='ltr'>καὶ</span> <span class='ocrx_word' id='word_1_92' title='bbox 1131 1404 1347 1473; x_wconf 84' lang='grc' dir='ltr'>δοθῆναι</span> <span class='ocrx_word' id='word_1_93' title='bbox 1380 1406 1456 1475; x_wconf 83' lang='grc' dir='ltr'>τῷ</span> <span class='ocrx_word' id='word_1_94' title='bbox 1487 1410 1641 1475; x_wconf 58' lang='grc' dir='ltr'>πυρὶ,</span> <span class='ocrx_word' id='word_1_95' title='bbox 1679 1408 1818 1462; x_wconf 81' lang='grc' dir='ltr'>ὥστε</span> 
     </span>
    </p>
   </div>
   <div class='ocr_carea' id='block_1_15' title="bbox 254 1491 1818 1565">
    <p class='ocr_par' dir='ltr' id='par_1_15' title="bbox 254 1491 1818 1565">
     <span class='ocr_line' id='line_1_15' title="bbox 254 1491 1818 1565; baseline 0.006 -23"><span class='ocrx_word' id='word_1_96' title='bbox 254 1492 347 1542; x_wconf 73' lang='grc' dir='ltr'>τὸν</span> <span class='ocrx_word' id='word_1_97' title='bbox 405 1491 733 1559; x_wconf 83' lang='grc' dir='ltr'><strong>μισούμενον</strong></span> <span class='ocrx_word' id='word_1_98' title='bbox 779 1496 1148 1549; x_wconf 76' lang='grc' dir='ltr'>κατακαῦσαι.</span> <span class='ocrx_word' id='word_1_99' title='bbox 1203 1497 1499 1565; x_wconf 81' lang='grc' dir='ltr'>Ἀντικρυς</span> <span class='ocrx_word' id='word_1_100' title='bbox 1557 1500 1584 1548; x_wconf 90' lang='grc' dir='ltr'><strong>ό</strong></span> <span class='ocrx_word' id='word_1_101' title='bbox 1629 1499 1818 1564; x_wconf 81' lang='grc' dir='ltr'>φθόνος</span> 
     </span>
    </p>
   </div>
   <div class='ocr_carea' id='block_1_16' title="bbox 257 1582 1820 1659">
    <p class='ocr_par' dir='ltr' id='par_1_16' title="bbox 257 1582 1820 1659">
     <span class='ocr_line' id='line_1_16' title="bbox 257 1582 1820 1659; baseline 0.006 -28"><span class='ocrx_word' id='word_1_102' title='bbox 257 1582 568 1633; x_wconf 79' lang='grc' dir='ltr'>σατανικόν.</span> <span class='ocrx_word' id='word_1_103' title='bbox 613 1582 687 1633; x_wconf 86' lang='grc' dir='ltr'>Ού</span> <span class='ocrx_word' id='word_1_104' title='bbox 740 1582 848 1651; x_wconf 84' lang='grc' dir='ltr'><strong>γὰρ</strong></span> <span class='ocrx_word' id='word_1_105' title='bbox 889 1587 1095 1646; x_wconf 79' lang='grc' dir='ltr'>ἐκεῖνος</span> <span class='ocrx_word' id='word_1_106' title='bbox 1130 1586 1231 1653; x_wconf 81' lang='grc' dir='ltr'>τὴν</span> <span class='ocrx_word' id='word_1_107' title='bbox 1279 1587 1502 1638; x_wconf 77' lang='grc' dir='ltr'>κόλασιν</span> <span class='ocrx_word' id='word_1_108' title='bbox 1531 1589 1820 1659; x_wconf 84' lang='grc' dir='ltr'>καταδέχε-</span> 
     </span>
    </p>
   </div>
   <div class='ocr_carea' id='block_1_17' title="bbox 253 1674 1818 1749">
    <p class='ocr_par' dir='ltr' id='par_1_17' title="bbox 253 1674 1818 1749">
     <span class='ocr_line' id='line_1_17' title="bbox 253 1674 1818 1749; baseline 0.007 -27"><span class='ocrx_word' id='word_1_109' title='bbox 253 1689 363 1733; x_wconf 85' lang='grc' dir='ltr'>ται,</span> <span class='ocrx_word' id='word_1_110' title='bbox 402 1674 432 1740; x_wconf 78' lang='grc' dir='ltr'>ἢ</span> <span class='ocrx_word' id='word_1_111' title='bbox 472 1675 557 1725; x_wconf 66' lang='grc' dir='ltr'><strong>διὰ</strong></span> <span class='ocrx_word' id='word_1_112' title='bbox 604 1676 664 1725; x_wconf 72' lang='grc' dir='ltr'><strong>τ’)</strong></span> <span class='ocrx_word' id='word_1_113' title='bbox 710 1674 1040 1742; x_wconf 80' lang='grc' dir='ltr'>κολασθῆναί</span> <span class='ocrx_word' id='word_1_114' title='bbox 1071 1694 1221 1739; x_wconf 87' lang='grc' dir='ltr'>τινας</span> <span class='ocrx_word' id='word_1_115' title='bbox 1273 1678 1516 1746; x_wconf 82' lang='grc' dir='ltr'>ποιῆσαι.</span> <span class='ocrx_word' id='word_1_116' title='bbox 1555 1681 1662 1731; x_wconf 73' lang='grc' dir='ltr'><strong>Καὶ</strong></span> <span class='ocrx_word' id='word_1_117' title='bbox 1712 1682 1818 1749; x_wconf 77' lang='grc' dir='ltr'>μὴν</span> 
     </span>
    </p>
   </div>
   <div class='ocr_carea' id='block_1_18' title="bbox 253 1762 1819 1836">
    <p class='ocr_par' dir='ltr' id='par_1_18' title="bbox 253 1762 1819 1836">
     <span class='ocr_line' id='line_1_18' title="bbox 253 1762 1819 1836; baseline 0.008 -24"><span class='ocrx_word' id='word_1_118' title='bbox 253 1764 347 1812; x_wconf 76' lang='grc' dir='ltr'>καὶ</span> <span class='ocrx_word' id='word_1_119' title='bbox 384 1762 572 1830; x_wconf 76' lang='grc' dir='ltr'>ἄφρων</span> <span class='ocrx_word' id='word_1_120' title='bbox 620 1766 647 1815; x_wconf 87' lang='grc' dir='ltr'><strong>ό</strong></span> <span class='ocrx_word' id='word_1_121' title='bbox 694 1764 921 1829; x_wconf 66' lang='grc' dir='ltr'>φθονῶν.</span> <span class='ocrx_word' id='word_1_122' title='bbox 959 1766 1031 1817; x_wconf 83' lang='grc' dir='ltr'><strong>Τὸ</strong></span> <span class='ocrx_word' id='word_1_123' title='bbox 1063 1767 1164 1834; x_wconf 81' lang='grc' dir='ltr'>μὲν</span> <span class='ocrx_word' id='word_1_124' title='bbox 1194 1768 1300 1836; x_wconf 87' lang='grc' dir='ltr'><strong>γὰρ</strong></span> <span class='ocrx_word' id='word_1_125' title='bbox 1342 1770 1502 1821; x_wconf 64' lang='grc' dir='ltr'>αὐτὴν</span> <span class='ocrx_word' id='word_1_126' title='bbox 1536 1771 1819 1824; x_wconf 78' lang='grc' dir='ltr'>ἀναλίσκε-</span> 
     </span>
    </p>
   </div>
   <div class='ocr_carea' id='block_1_19' title="bbox 253 1853 1817 1926">
    <p class='ocr_par' dir='ltr' id='par_1_19' title="bbox 253 1853 1817 1926">
     <span class='ocr_line' id='line_1_19' title="bbox 253 1853 1817 1926; baseline 0.007 -24"><span class='ocrx_word' id='word_1_127' title='bbox 253 1853 378 1903; x_wconf 84' lang='grc' dir='ltr'>σθαι</span> <span class='ocrx_word' id='word_1_128' title='bbox 410 1854 715 1915; x_wconf 82' lang='grc' dir='ltr'>ἀναγκαίως</span> <span class='ocrx_word' id='word_1_129' title='bbox 754 1854 997 1919; x_wconf 80' lang='grc' dir='ltr'>γίγνεται</span> <span class='ocrx_word' id='word_1_130' title='bbox 1025 1872 1037 1885; x_wconf 89' lang='grc'>·</span> <span class='ocrx_word' id='word_1_131' title='bbox 1065 1857 1123 1907; x_wconf 60' lang='grc' dir='ltr'>τῦ</span> <span class='ocrx_word' id='word_1_132' title='bbox 1156 1857 1430 1926; x_wconf 78' lang='grc' dir='ltr'>φθαρῆναι</span> <span class='ocrx_word' id='word_1_133' title='bbox 1455 1860 1511 1912; x_wconf 83' lang='grc' dir='ltr'>δὲ</span> <span class='ocrx_word' id='word_1_134' title='bbox 1537 1862 1625 1916; x_wconf 77' lang='grc' dir='ltr'>τὸν</span> <span class='ocrx_word' id='word_1_135' title='bbox 1660 1862 1817 1914; x_wconf 82' lang='grc' dir='ltr'>ἄλλον</span> 
     </span>
    </p>
   </div>
   <div class='ocr_carea' id='block_1_20' title="bbox 1927 678 3482 757">
    <p class='ocr_par' dir='ltr' id='par_1_20' title="bbox 1927 678 3482 757">
     <span class='ocr_line' id='line_1_20' title="bbox 1927 678 3482 757; baseline 0.012 -29"><span class='ocrx_word' id='word_1_136' title='bbox 1927 679 2050 729; x_wconf 85' lang='lat' dir='ltr'><strong>aliis</strong></span> <span class='ocrx_word' id='word_1_137' title='bbox 2113 678 2349 733; x_wconf 79' lang='lat' dir='ltr'><strong>aﬂ‘ernnt</strong></span> <span class='ocrx_word' id='word_1_138' title='bbox 2401 682 2650 746; x_wconf 82' lang='lat' dir='ltr'><strong>exitium,</strong></span> <span class='ocrx_word' id='word_1_139' title='bbox 2714 694 2878 752; x_wconf 91' lang='lat' dir='ltr'><strong>prout</strong></span> <span class='ocrx_word' id='word_1_140' title='bbox 2906 701 2999 740; x_wconf 90' lang='lat' dir='ltr'><strong>eos</strong></span> <span class='ocrx_word' id='word_1_141' title='bbox 3064 688 3482 757; x_wconf 84' lang='lat' dir='ltr'><strong>impetiverint:</strong></span> 
     </span>
    </p>
   </div>
   <div class='ocr_carea' id='block_1_21' title="bbox 1924 770 3484 849">
    <p class='ocr_par' dir='ltr' id='par_1_21' title="bbox 1924 770 3484 849">
     <span class='ocr_line' id='line_1_21' title="bbox 1924 770 3484 849; baseline 0.012 -29"><span class='ocrx_word' id='word_1_142' title='bbox 1924 778 1979 820; x_wconf 92' lang='lat' dir='ltr'><strong>at</strong></span> <span class='ocrx_word' id='word_1_143' title='bbox 2006 770 2151 836; x_wconf 89' lang='lat' dir='ltr'><strong>ipsos</strong></span> <span class='ocrx_word' id='word_1_144' title='bbox 2174 781 2446 834; x_wconf 87' lang='lat' dir='ltr'><strong>auctores,</strong></span> <span class='ocrx_word' id='word_1_145' title='bbox 2477 774 2589 825; x_wconf 82' lang='lat' dir='ltr'><strong>ﬁeri</strong></span> <span class='ocrx_word' id='word_1_146' title='bbox 2642 790 2745 827; x_wconf 92' lang='lat' dir='ltr'><strong>non</strong></span> <span class='ocrx_word' id='word_1_147' title='bbox 2780 786 2980 841; x_wconf 85' lang='lat' dir='ltr'><strong>potest,</strong></span> <span class='ocrx_word' id='word_1_148' title='bbox 3034 781 3163 847; x_wconf 91' lang='lat' dir='ltr'><strong>quin</strong></span> <span class='ocrx_word' id='word_1_149' title='bbox 3225 784 3484 849; x_wconf 77' lang='lat' dir='ltr'><strong>paulatim</strong></span> 
     </span>
    </p>
   </div>
   <div class='ocr_carea' id='block_1_22' title="bbox 1926 864 3485 942">
    <p class='ocr_par' dir='ltr' id='par_1_22' title="bbox 1926 864 3485 942">
     <span class='ocr_line' id='line_1_22' title="bbox 1926 864 3485 942; baseline 0.011 -31"><span class='ocrx_word' id='word_1_150' title='bbox 1926 875 2150 927; x_wconf 91' lang='lat' dir='ltr'><strong>prorsus</strong></span> <span class='ocrx_word' id='word_1_151' title='bbox 2181 864 2507 924; x_wconf 85' lang='lat' dir='ltr'><strong>absumant;</strong></span> <span class='ocrx_word' id='word_1_152' title='bbox 2553 865 2749 919; x_wconf 88' lang='lat' dir='ltr'><strong>animis</strong></span> <span class='ocrx_word' id='word_1_153' title='bbox 2782 869 2986 923; x_wconf 75' lang='lat' dir='ltr'>scilicet</span> <span class='ocrx_word' id='word_1_154' title='bbox 3018 870 3178 924; x_wconf 79' lang='lat' dir='ltr'><strong>inlixa</strong></span> <span class='ocrx_word' id='word_1_155' title='bbox 3209 886 3485 942; x_wconf 73' lang='lat' dir='ltr'><strong>perpetuo,</strong></span> 
     </span>
    </p>
   </div>
   <div class='ocr_carea' id='block_1_23' title="bbox 1923 954 3490 1021">
    <p class='ocr_par' dir='ltr' id='par_1_23' title="bbox 1923 954 3490 1021">
     <span class='ocr_line' id='line_1_23' title="bbox 1923 954 3490 1021; baseline 0.011 -17"><span class='ocrx_word' id='word_1_156' title='bbox 1923 954 2173 1021; x_wconf 87' lang='lat' dir='ltr'><strong>quodque</strong></span> <span class='ocrx_word' id='word_1_157' title='bbox 2206 963 2395 1007; x_wconf 91' lang='lat' dir='ltr'><strong>natura</strong></span> <span class='ocrx_word' id='word_1_158' title='bbox 2421 956 2616 1018; x_wconf 91' lang='lat' dir='ltr'><strong>solent,</strong></span> <span class='ocrx_word' id='word_1_159' title='bbox 2665 957 2978 1014; x_wconf 79' lang='lat' dir='ltr'><strong>eﬂ&#39;ieientia.</strong></span> <span class='ocrx_word' id='word_1_160' title='bbox 3029 964 3133 1017; x_wconf 87' lang='lat' dir='ltr'><strong>Sed</strong></span> <span class='ocrx_word' id='word_1_161' title='bbox 3180 967 3323 1018; x_wconf 88' lang='lat' dir='ltr'><strong>enim</strong></span> <span class='ocrx_word' id='word_1_162' title='bbox 3384 967 3490 1020; x_wconf 82' lang='lat' dir='ltr'><strong>fer-</strong></span> 
     </span>
    </p>
   </div>
   <div class='ocr_carea' id='block_1_24' title="bbox 1923 1042 3486 1120">
    <p class='ocr_par' dir='ltr' id='par_1_24' title="bbox 1923 1042 3486 1120">
     <span class='ocr_line' id='line_1_24' title="bbox 1923 1042 3486 1120; baseline 0.013 -29"><span class='ocrx_word' id='word_1_163' title='bbox 1923 1054 2040 1091; x_wconf 87' lang='lat' dir='ltr'><strong>rum</strong></span> <span class='ocrx_word' id='word_1_164' title='bbox 2072 1042 2226 1108; x_wconf 90' lang='lat' dir='ltr'><strong>quasi</strong></span> <span class='ocrx_word' id='word_1_165' title='bbox 2256 1057 2349 1108; x_wconf 85' lang='lat' dir='ltr'><strong>per</strong></span> <span class='ocrx_word' id='word_1_166' title='bbox 2374 1043 2479 1095; x_wconf 85' lang='lat' dir='ltr'><strong>vim</strong></span> <span class='ocrx_word' id='word_1_167' title='bbox 2506 1058 2534 1096; x_wconf 90' lang='lat' dir='ltr'><strong>a</strong></span> <span class='ocrx_word' id='word_1_168' title='bbox 2557 1045 2807 1113; x_wconf 81' lang='lat' dir='ltr'><strong>rubigine</strong></span> <span class='ocrx_word' id='word_1_169' title='bbox 2848 1055 3236 1120; x_wconf 77' lang='lat' dir='ltr'><strong>corrumpitur,</strong></span> <span class='ocrx_word' id='word_1_170' title='bbox 3264 1066 3318 1108; x_wconf 91' lang='lat' dir='ltr'><strong>at</strong></span> <span class='ocrx_word' id='word_1_171' title='bbox 3343 1058 3486 1111; x_wconf 84' lang='lat' dir='ltr'><strong>istud</strong></span> 
     </span>
    </p>
   </div>
   <div class='ocr_carea' id='block_1_25' title="bbox 1922 1134 3491 1207">
    <p class='ocr_par' dir='ltr' id='par_1_25' title="bbox 1922 1134 3491 1207">
     <span class='ocr_line' id='line_1_25' title="bbox 1922 1134 3491 1207; baseline 0.013 -24"><span class='ocrx_word' id='word_1_172' title='bbox 1922 1146 2031 1185; x_wconf 91' lang='lat' dir='ltr'><strong>non</strong></span> <span class='ocrx_word' id='word_1_173' title='bbox 2094 1134 2403 1201; x_wconf 77' lang='lat' dir='ltr'><strong>ignorantes</strong></span> <span class='ocrx_word' id='word_1_174' title='bbox 2454 1136 2737 1203; x_wconf 79' lang='lat' dir='ltr'><strong>adoritur;</strong></span> <span class='ocrx_word' id='word_1_175' title='bbox 2766 1139 2991 1207; x_wconf 91' lang='lat' dir='ltr'><strong>ideoque</strong></span> <span class='ocrx_word' id='word_1_176' title='bbox 3036 1145 3231 1197; x_wconf 78' lang='lat' dir='ltr'><strong>malum</strong></span> <span class='ocrx_word' id='word_1_177' title='bbox 3269 1148 3367 1202; x_wconf 86' lang='lat' dir='ltr'><strong>hoc</strong></span> <span class='ocrx_word' id='word_1_178' title='bbox 3394 1165 3491 1204; x_wconf 90' lang='lat' dir='ltr'><strong>no-</strong></span> 
     </span>
    </p>
   </div>
   <div class='ocr_carea' id='block_1_26' title="bbox 1923 1224 3487 1296">
    <p class='ocr_par' dir='ltr' id='par_1_26' title="bbox 1923 1224 3487 1296">
     <span class='ocr_line' id='line_1_26' title="bbox 1923 1224 3487 1296; baseline 0.011 -19"><span class='ocrx_word' id='word_1_179' title='bbox 1923 1230 2095 1277; x_wconf 87' lang='lat' dir='ltr'><strong>strum</strong></span> <span class='ocrx_word' id='word_1_180' title='bbox 2125 1224 2277 1292; x_wconf 86' lang='lat' dir='ltr'><strong>pejus</strong></span> <span class='ocrx_word' id='word_1_181' title='bbox 2301 1236 2404 1291; x_wconf 88' lang='lat' dir='ltr'><strong>est,</strong></span> <span class='ocrx_word' id='word_1_182' title='bbox 2444 1242 2505 1280; x_wconf 83' lang='lat' dir='ltr'><strong>ac</strong></span> <span class='ocrx_word' id='word_1_183' title='bbox 2538 1243 2702 1295; x_wconf 88' lang='lat' dir='ltr'><strong>prepe</strong></span> <span class='ocrx_word' id='word_1_184' title='bbox 2739 1232 2949 1284; x_wconf 84' lang='lat' dir='ltr'><strong>veniam</strong></span> <span class='ocrx_word' id='word_1_185' title='bbox 2982 1235 3183 1288; x_wconf 83' lang='lat' dir='ltr'><strong>nullam</strong></span> <span class='ocrx_word' id='word_1_186' title='bbox 3222 1252 3487 1296; x_wconf 89' lang='lat' dir='ltr'><strong>meretur.</strong></span> 
     </span>
    </p>
   </div>
   <div class='ocr_carea' id='block_1_27' title="bbox 1923 1313 3485 1398">
    <p class='ocr_par' dir='ltr' id='par_1_27' title="bbox 1923 1313 3485 1398">
     <span class='ocr_line' id='line_1_27' title="bbox 1923 1313 3485 1398; baseline 0.01 -31"><span class='ocrx_word' id='word_1_187' title='bbox 1923 1313 2132 1383; x_wconf 83' lang='lat' dir='ltr'><strong>Quippe</strong></span> <span class='ocrx_word' id='word_1_188' title='bbox 2153 1318 2436 1370; x_wconf 86' lang='lat' dir='ltr'><strong>consimile</strong></span> <span class='ocrx_word' id='word_1_189' title='bbox 2457 1321 2713 1387; x_wconf 86' lang='lat' dir='ltr'><strong>quiddam</strong></span> <span class='ocrx_word' id='word_1_190' title='bbox 2739 1326 2959 1389; x_wconf 89' lang='lat' dir='ltr'><strong>accidit,</strong></span> <span class='ocrx_word' id='word_1_191' title='bbox 2984 1344 3044 1380; x_wconf 78' lang='lat' dir='ltr'><strong>nc</strong></span> <span class='ocrx_word' id='word_1_192' title='bbox 3066 1329 3109 1380; x_wconf 90' lang='lat' dir='ltr'><strong>si</strong></span> <span class='ocrx_word' id='word_1_193' title='bbox 3136 1333 3254 1398; x_wconf 86' lang='lat' dir='ltr'><strong>quis</strong></span> <span class='ocrx_word' id='word_1_194' title='bbox 3275 1333 3485 1387; x_wconf 77' lang='lat' dir='ltr'><strong>hostem</strong></span> 
     </span>
    </p>
   </div>
   <div class='ocr_carea' id='block_1_28' title="bbox 1922 1418 3487 1488">
    <p class='ocr_par' dir='ltr' id='par_1_28' title="bbox 1922 1418 3487 1488">
     <span class='ocr_line' id='line_1_28' title="bbox 1922 1418 3487 1488; baseline 0.014 -29"><span class='ocrx_word' id='word_1_195' title='bbox 1922 1424 2303 1478; x_wconf 87' lang='lat' dir='ltr'><strong>quemcunque</strong></span> <span class='ocrx_word' id='word_1_196' title='bbox 2348 1424 2701 1467; x_wconf 87' lang='lat' dir='ltr'><strong>eoneremare</strong></span> <span class='ocrx_word' id='word_1_197' title='bbox 2751 1418 2959 1481; x_wconf 85' lang='lat' dir='ltr'><strong>volens,</strong></span> <span class='ocrx_word' id='word_1_198' title='bbox 2993 1422 3196 1488; x_wconf 82' lang='lat' dir='ltr'><strong>lignum</strong></span> <span class='ocrx_word' id='word_1_199' title='bbox 3227 1426 3338 1477; x_wconf 89' lang='lat' dir='ltr'><strong>tieri</strong></span> <span class='ocrx_word' id='word_1_200' title='bbox 3362 1442 3487 1481; x_wconf 83' lang='lat' dir='ltr'><strong>sus-</strong></span> 
     </span>
    </p>
   </div>
   <div class='ocr_carea' id='block_1_29' title="bbox 1921 1502 3491 1582">
    <p class='ocr_par' dir='ltr' id='par_1_29' title="bbox 1921 1502 3491 1582">
     <span class='ocr_line' id='line_1_29' title="bbox 1921 1502 3491 1582; baseline 0.012 -29"><span class='ocrx_word' id='word_1_201' title='bbox 1921 1502 2110 1561; x_wconf 87' lang='lat' dir='ltr'><strong>tineat,</strong></span> <span class='ocrx_word' id='word_1_202' title='bbox 2146 1518 2209 1555; x_wconf 87' lang='lat' dir='ltr'><strong>ac</strong></span> <span class='ocrx_word' id='word_1_203' title='bbox 2232 1504 2340 1571; x_wconf 81' lang='lat' dir='ltr'><strong>igni</strong></span> <span class='ocrx_word' id='word_1_204' title='bbox 2375 1504 2532 1565; x_wconf 88' lang='lat' dir='ltr'><strong>tradi,</strong></span> <span class='ocrx_word' id='word_1_205' title='bbox 2557 1520 2665 1572; x_wconf 90' lang='lat' dir='ltr'><strong>quo</strong></span> <span class='ocrx_word' id='word_1_206' title='bbox 2717 1510 3006 1576; x_wconf 82' lang='lat' dir='ltr'><strong>contlagrct</strong></span> <span class='ocrx_word' id='word_1_207' title='bbox 3068 1514 3132 1577; x_wconf 88' lang='lat' dir='ltr'><strong>is,</strong></span> <span class='ocrx_word' id='word_1_208' title='bbox 3184 1531 3342 1582; x_wconf 86' lang='lat' dir='ltr'><strong>quem</strong></span> <span class='ocrx_word' id='word_1_209' title='bbox 3367 1520 3491 1572; x_wconf 89' lang='lat' dir='ltr'><strong>odio</strong></span> 
     </span>
    </p>
   </div>
   <div class='ocr_carea' id='block_1_30' title="bbox 1922 1594 3489 1670">
    <p class='ocr_par' dir='ltr' id='par_1_30' title="bbox 1922 1594 3489 1670">
     <span class='ocr_line' id='line_1_30' title="bbox 1922 1594 3489 1670; baseline 0.011 -26"><span class='ocrx_word' id='word_1_210' title='bbox 1922 1595 2290 1659; x_wconf 83' lang='lat' dir='ltr'><strong>persequitur.</strong></span> <span class='ocrx_word' id='word_1_211' title='bbox 2334 1594 2529 1649; x_wconf 84' lang='lat' dir='ltr'><strong>Procul</strong></span> <span class='ocrx_word' id='word_1_212' title='bbox 2557 1596 2721 1650; x_wconf 86' lang='lat' dir='ltr'><strong>dubio</strong></span> <span class='ocrx_word' id='word_1_213' title='bbox 2761 1598 3079 1654; x_wconf 88' lang='lat' dir='ltr'><strong>Satauicnm</strong></span> <span class='ocrx_word' id='word_1_214' title='bbox 3109 1604 3377 1670; x_wconf 89' lang='lat' dir='ltr'><strong>quiddam.</strong></span> <span class='ocrx_word' id='word_1_215' title='bbox 3403 1621 3489 1663; x_wconf 90' lang='lat' dir='ltr'><strong>est</strong></span> 
     </span>
    </p>
   </div>
   <div class='ocr_carea' id='block_1_31' title="bbox 1922 1682 3486 1765">
    <p class='ocr_par' dir='ltr' id='par_1_31' title="bbox 1922 1682 3486 1765">
     <span class='ocr_line' id='line_1_31' title="bbox 1922 1682 3486 1765; baseline 0.01 -30"><span class='ocrx_word' id='word_1_216' title='bbox 1922 1683 2147 1735; x_wconf 88' lang='lat' dir='ltr'><strong>invidia.</strong></span> <span class='ocrx_word' id='word_1_217' title='bbox 2176 1682 2383 1752; x_wconf 83' lang='lat' dir='ltr'><strong>Quippe</strong></span> <span class='ocrx_word' id='word_1_218' title='bbox 2415 1686 2643 1740; x_wconf 85' lang='lat' dir='ltr'><strong>Satanas</strong></span> <span class='ocrx_word' id='word_1_219' title='bbox 2691 1689 2851 1741; x_wconf 87' lang='lat' dir='ltr'><strong>aliam</strong></span> <span class='ocrx_word' id='word_1_220' title='bbox 2899 1692 3102 1745; x_wconf 84' lang='lat' dir='ltr'><strong>nullam</strong></span> <span class='ocrx_word' id='word_1_221' title='bbox 3147 1695 3215 1747; x_wconf 90' lang='lat' dir='ltr'><strong>ob</strong></span> <span class='ocrx_word' id='word_1_222' title='bbox 3268 1698 3486 1765; x_wconf 88' lang='lat' dir='ltr'><strong>culpam</strong></span> 
     </span>
    </p>
   </div>
   <div class='ocr_carea' id='block_1_32' title="bbox 1921 1775 3488 1854">
    <p class='ocr_par' dir='ltr' id='par_1_32' title="bbox 1921 1775 3488 1854">
     <span class='ocr_line' id='line_1_32' title="bbox 1921 1775 3488 1854; baseline 0.013 -30"><span class='ocrx_word' id='word_1_223' title='bbox 1921 1775 2194 1842; x_wconf 82' lang='lat' dir='ltr'><strong>plectitur,</strong></span> <span class='ocrx_word' id='word_1_224' title='bbox 2230 1793 2392 1843; x_wconf 86' lang='lat' dir='ltr'><strong>quam</strong></span> <span class='ocrx_word' id='word_1_225' title='bbox 2443 1780 2583 1844; x_wconf 89' lang='lat' dir='ltr'><strong>quod</strong></span> <span class='ocrx_word' id='word_1_226' title='bbox 2631 1778 2816 1843; x_wconf 79' lang='lat' dir='ltr'><strong>cﬂicit,</strong></span> <span class='ocrx_word' id='word_1_227' title='bbox 2883 1792 2941 1833; x_wconf 88' lang='lat' dir='ltr'><strong>ut</strong></span> <span class='ocrx_word' id='word_1_228' title='bbox 3004 1786 3093 1836; x_wconf 90' lang='lat' dir='ltr'><strong>alii</strong></span> <span class='ocrx_word' id='word_1_229' title='bbox 3160 1788 3488 1854; x_wconf 80' lang='lat' dir='ltr'><strong>plectantur.</strong></span> 
     </span>
    </p>
   </div>
   <div class='ocr_carea' id='block_1_33' title="bbox 1922 1865 3486 1947">
    <p class='ocr_par' dir='ltr' id='par_1_33' title="bbox 1922 1865 3486 1947">
     <span class='ocr_line' id='line_1_33' title="bbox 1922 1865 3486 1947; baseline 0.012 -33"><span class='ocrx_word' id='word_1_230' title='bbox 1922 1865 2060 1929; x_wconf 87' lang='lat' dir='ltr'><strong>Quin</strong></span> <span class='ocrx_word' id='word_1_231' title='bbox 2100 1874 2153 1916; x_wconf 89' lang='lat' dir='ltr'><strong>et</strong></span> <span class='ocrx_word' id='word_1_232' title='bbox 2184 1881 2371 1919; x_wconf 87' lang='lat' dir='ltr'><strong>amens</strong></span> <span class='ocrx_word' id='word_1_233' title='bbox 2404 1878 2504 1931; x_wconf 75' lang='lat' dir='ltr'><strong>est,</strong></span> <span class='ocrx_word' id='word_1_234' title='bbox 2531 1870 2619 1935; x_wconf 90' lang='lat' dir='ltr'><strong>qui</strong></span> <span class='ocrx_word' id='word_1_235' title='bbox 2670 1871 2881 1925; x_wconf 58' lang='lat' dir='ltr'><strong>labovat</strong></span> <span class='ocrx_word' id='word_1_236' title='bbox 2929 1874 3128 1929; x_wconf 82' lang='lat' dir='ltr'><strong>invidia</strong></span> <span class='ocrx_word' id='word_1_237' title='bbox 3157 1893 3171 1941; x_wconf 89' lang='lat'>;</span> <span class='ocrx_word' id='word_1_238' title='bbox 3204 1894 3326 1930; x_wconf 80' lang='lat' dir='ltr'><strong>nam</strong></span> <span class='ocrx_word' id='word_1_239' title='bbox 3357 1882 3486 1947; x_wconf 91' lang='lat' dir='ltr'><strong>quin</strong></span> 
     </span>
    </p>
   </div>
   <div class='ocr_carea' id='block_1_34' title="bbox 257 1944 1802 2031">
    <p class='ocr_par' dir='ltr' id='par_1_34' title="bbox 257 1944 1802 2016">
     <span class='ocr_line' id='line_1_34' title="bbox 257 1944 1802 2016; baseline 0.008 -24"><span class='ocrx_word' id='word_1_240' title='bbox 257 1945 363 1993; x_wconf 70' lang='grc' dir='ltr'>οὐκ</span> <span class='ocrx_word' id='word_1_241' title='bbox 402 1944 647 2011; x_wconf 75' lang='grc' dir='ltr'>εῠδηλον.</span> <span class='ocrx_word' id='word_1_242' title='bbox 691 1946 839 1996; x_wconf 76' lang='grc' dir='ltr'><strong>Ἐπεὶ</strong></span> <span class='ocrx_word' id='word_1_243' title='bbox 871 1951 963 1996; x_wconf 77' lang='grc' dir='ltr'>καὶ</span> <span class='ocrx_word' id='word_1_244' title='bbox 1005 1947 1136 2009; x_wconf 74' lang='grc' dir='ltr'>ξύλα</span> <span class='ocrx_word' id='word_1_245' title='bbox 1180 1948 1279 2015; x_wconf 81' lang='grc' dir='ltr'>μὲν</span> <span class='ocrx_word' id='word_1_246' title='bbox 1331 1949 1502 2002; x_wconf 80' lang='grc' dir='ltr'>πολλὰ</span> <span class='ocrx_word' id='word_1_247' title='bbox 1550 1952 1802 2016; x_wconf 73' lang='grc' dir='ltr'><strong>πολλάκις</strong></span> 
     </span>
    </p>
   </div>
   <div class='ocr_carea' id='block_1_35' title="bbox 1836 1944 3487 2031">
    <p class='ocr_par' dir='ltr' id='par_1_35' title="bbox 1857 1944 3487 2031">
     <span class='ocr_line' id='line_1_35' title="bbox 1857 1944 3487 2031; baseline 0.012 -27"><span class='ocrx_word' id='word_1_248' title='bbox 1857 1961 1903 2019; x_wconf 80' lang='grc' dir='ltr'><strong>Β</strong></span> <span class='ocrx_word' id='word_1_249' title='bbox 1933 1954 2248 2007; x_wconf 86' lang='lat' dir='ltr'><strong>absumatur</strong></span> <span class='ocrx_word' id='word_1_250' title='bbox 2279 1956 2409 2018; x_wconf 85' lang='lat' dir='ltr'><strong>ipse,</strong></span> <span class='ocrx_word' id='word_1_251' title='bbox 2447 1958 2557 2010; x_wconf 83' lang='lat' dir='ltr'><strong>ﬁeri</strong></span> <span class='ocrx_word' id='word_1_252' title='bbox 2587 1961 2737 2013; x_wconf 90' lang='lat' dir='ltr'><strong>nullo</strong></span> <span class='ocrx_word' id='word_1_253' title='bbox 2764 1963 2921 2015; x_wconf 89' lang='lat' dir='ltr'><strong>modo</strong></span> <span class='ocrx_word' id='word_1_254' title='bbox 2965 1973 3140 2031; x_wconf 79' lang='lat' dir='ltr'><strong>potest</strong></span> <span class='ocrx_word' id='word_1_255' title='bbox 3168 1984 3181 2017; x_wconf 90' lang='lat'><strong>:</strong></span> <span class='ocrx_word' id='word_1_256' title='bbox 3212 1984 3276 2020; x_wconf 90' lang='lat' dir='ltr'><strong>an</strong></span> <span class='ocrx_word' id='word_1_257' title='bbox 3308 1944 3487 2024; x_wconf 76' lang='lat' dir='ltr'><strong>autem</strong></span> 
     </span>
    </p>
   </div>
   <div class='ocr_carea' id='block_1_36' title="bbox 248 2032 1821 2111">
    <p class='ocr_par' dir='ltr' id='par_1_36' title="bbox 248 2032 1821 2111">
     <span class='ocr_line' id='line_1_36' title="bbox 248 2032 1821 2111; baseline 0.007 -27"><span class='ocrx_word' id='word_1_258' title='bbox 248 2032 424 2102; x_wconf 72' lang='grc' dir='ltr'>οἶμαι,</span> <span class='ocrx_word' id='word_1_259' title='bbox 459 2037 793 2103; x_wconf 70' lang='grc' dir='ltr'>τετέφρωτιι</span> <span class='ocrx_word' id='word_1_260' title='bbox 823 2054 835 2067; x_wconf 89' lang='grc'><strong>·</strong></span> <span class='ocrx_word' id='word_1_261' title='bbox 868 2037 965 2105; x_wconf 81' lang='grc' dir='ltr'>τὴν</span> <span class='ocrx_word' id='word_1_262' title='bbox 1003 2039 1058 2107; x_wconf 77' lang='grc' dir='ltr'><strong>δέ</strong></span> <span class='ocrx_word' id='word_1_263' title='bbox 1088 2039 1187 2089; x_wconf 84' lang='grc' dir='ltr'>οὐκ</span> <span class='ocrx_word' id='word_1_264' title='bbox 1220 2037 1525 2109; x_wconf 75' lang='grc' dir='ltr'>εὔπρηστον</span> <span class='ocrx_word' id='word_1_265' title='bbox 1558 2042 1689 2111; x_wconf 81' lang='grc' dir='ltr'>ὓλην</span> <span class='ocrx_word' id='word_1_266' title='bbox 1722 2044 1821 2095; x_wconf 69' lang='grc' dir='ltr'><strong>οὐκ</strong></span> 
     </span>
    </p>
   </div>
   <div class='ocr_carea' id='block_1_37' title="bbox 247 2127 1824 2196">
    <p class='ocr_par' dir='ltr' id='par_1_37' title="bbox 247 2127 1824 2196">
     <span class='ocr_line' id='line_1_37' title="bbox 247 2127 1824 2196; baseline 0.004 -16"><span class='ocrx_word' id='word_1_267' title='bbox 247 2127 580 2189; x_wconf 64' lang='grc' dir='ltr'>ἐξανάλωσε.</span> <span class='ocrx_word' id='word_1_268' title='bbox 614 2128 779 2196; x_wconf 82' lang='grc' dir='ltr'>Γεννᾷ</span> <span class='ocrx_word' id='word_1_269' title='bbox 824 2129 877 2179; x_wconf 84' lang='grc' dir='ltr'>δὲ</span> <span class='ocrx_word' id='word_1_270' title='bbox 928 2129 1121 2194; x_wconf 75' lang='grc' dir='ltr'>φθόνος</span> <span class='ocrx_word' id='word_1_271' title='bbox 1178 2130 1266 2181; x_wconf 73' lang='grc' dir='ltr'><strong>τὸν</strong></span> <span class='ocrx_word' id='word_1_272' title='bbox 1320 2131 1490 2194; x_wconf 53' lang='grc' dir='ltr'>δνᾷλον,</span> <span class='ocrx_word' id='word_1_273' title='bbox 1522 2134 1616 2185; x_wconf 78' lang='grc' dir='ltr'><strong>καὶ</strong></span> <span class='ocrx_word' id='word_1_274' title='bbox 1662 2150 1824 2186; x_wconf 79' lang='grc' dir='ltr'><strong>συκ’›⁴</strong></span> 
     </span>
    </p>
   </div>
   <div class='ocr_carea' id='block_1_38' title="bbox 250 2212 1816 2293">
    <p class='ocr_par' dir='ltr' id='par_1_38' title="bbox 250 2212 1816 2293">
     <span class='ocr_line' id='line_1_38' title="bbox 250 2212 1816 2293; baseline 0.006 -25"><span class='ocrx_word' id='word_1_275' title='bbox 250 2220 506 2284; x_wconf 80' lang='grc' dir='ltr'>φαντίαν,</span> <span class='ocrx_word' id='word_1_276' title='bbox 542 2221 634 2269; x_wconf 80' lang='grc' dir='ltr'>καὶ</span> <span class='ocrx_word' id='word_1_277' title='bbox 689 2212 866 2287; x_wconf 79' lang='grc' dir='ltr'>μῖσος,</span> <span class='ocrx_word' id='word_1_278' title='bbox 922 2222 1085 2283; x_wconf 68' lang='grc' dir='ltr'>αὐτὸς</span> <span class='ocrx_word' id='word_1_279' title='bbox 1138 2221 1217 2289; x_wconf 85' lang='grc' dir='ltr'>τῷ</span> <span class='ocrx_word' id='word_1_280' title='bbox 1269 2224 1417 2293; x_wconf 77' lang='grc' dir='ltr'>ζήλῳ</span> <span class='ocrx_word' id='word_1_281' title='bbox 1458 2224 1816 2293; x_wconf 68' lang='grc' dir='ltr'>γεννώμενος.</span> 
     </span>
    </p>
   </div>
   <div class='ocr_carea' id='block_1_39' title="bbox 248 2309 1819 2384">
    <p class='ocr_par' dir='ltr' id='par_1_39' title="bbox 248 2309 1819 2384">
     <span class='ocr_line' id='line_1_39' title="bbox 248 2309 1819 2384; baseline 0.005 -23"><span class='ocrx_word' id='word_1_282' title='bbox 248 2309 400 2377; x_wconf 82' lang='grc' dir='ltr'>Πλὴν</span> <span class='ocrx_word' id='word_1_283' title='bbox 427 2309 549 2361; x_wconf 75' lang='grc' dir='ltr'>οὗτε</span> <span class='ocrx_word' id='word_1_284' title='bbox 593 2311 699 2361; x_wconf 83' lang='grc' dir='ltr'><strong>τῶν</strong></span> <span class='ocrx_word' id='word_1_285' title='bbox 738 2313 1011 2379; x_wconf 74' lang='grc' dir='ltr'>μεγίστοιν</span> <span class='ocrx_word' id='word_1_286' title='bbox 1051 2316 1186 2381; x_wconf 62' lang='grc' dir='ltr'>πρδς</span> <span class='ocrx_word' id='word_1_287' title='bbox 1213 2317 1340 2376; x_wconf 72' lang='grc' dir='ltr'>τοὺς</span> <span class='ocrx_word' id='word_1_288' title='bbox 1385 2315 1521 2381; x_wconf 81' lang='grc' dir='ltr'>ἄγαν</span> <span class='ocrx_word' id='word_1_289' title='bbox 1553 2319 1819 2384; x_wconf 76' lang='grc' dir='ltr'>φαυλοτέ-</span> 
     </span>
    </p>
   </div>
   <div class='ocr_carea' id='block_1_40' title="bbox 251 2393 1817 2471">
    <p class='ocr_par' dir='ltr' id='par_1_40' title="bbox 251 2393 1817 2471">
     <span class='ocr_line' id='line_1_40' title="bbox 251 2393 1817 2471; baseline 0.004 -20"><span class='ocrx_word' id='word_1_290' title='bbox 251 2417 403 2467; x_wconf 85' lang='grc' dir='ltr'>ρους,</span> <span class='ocrx_word' id='word_1_291' title='bbox 435 2401 493 2449; x_wconf 88' lang='grc' dir='ltr'><strong>ἐν</strong></span> <span class='ocrx_word' id='word_1_292' title='bbox 621 2418 681 2467; x_wconf 88' lang='grc' dir='ltr'><strong>γε</strong></span> <span class='ocrx_word' id='word_1_293' title='bbox 719 2402 938 2469; x_wconf 70' lang='grc' dir='ltr'>μείζους</span> <span class='ocrx_word' id='word_1_294' title='bbox 969 2393 1131 2463; x_wconf 76' lang='grc' dir='ltr'>εἰσὶν,</span> <span class='ocrx_word' id='word_1_295' title='bbox 1158 2406 1183 2454; x_wconf 86' lang='grc' dir='ltr'><strong>ό</strong></span> <span class='ocrx_word' id='word_1_296' title='bbox 1231 2404 1420 2471; x_wconf 72' lang='grc' dir='ltr'>φθόνος</span> <span class='ocrx_word' id='word_1_297' title='bbox 1452 2405 1619 2466; x_wconf 82' lang='grc' dir='ltr'>πάθος</span> <span class='ocrx_word' id='word_1_298' title='bbox 1650 2409 1817 2471; x_wconf 78' lang='grc' dir='ltr'>ἐστὶν,</span> 
     </span>
    </p>
   </div>
   <div class='ocr_carea' id='block_1_41' title="bbox 246 2492 1817 2565">
    <p class='ocr_par' dir='ltr' id='par_1_41' title="bbox 246 2492 1817 2565">
     <span class='ocr_line' id='line_1_41' title="bbox 246 2492 1817 2565; baseline 0.004 -23"><span class='ocrx_word' id='word_1_299' title='bbox 246 2492 375 2542; x_wconf 78' lang='grc' dir='ltr'>οὔτε</span> <span class='ocrx_word' id='word_1_300' title='bbox 442 2493 549 2560; x_wconf 77' lang='grc' dir='ltr'>μὴν</span> <span class='ocrx_word' id='word_1_301' title='bbox 593 2492 701 2542; x_wconf 89' lang='grc' dir='ltr'><strong>τῶν</strong></span> <span class='ocrx_word' id='word_1_302' title='bbox 758 2493 1090 2561; x_wconf 82' lang='grc' dir='ltr'>παμπληθὲς</span> <span class='ocrx_word' id='word_1_303' title='bbox 1146 2495 1455 2547; x_wconf 85' lang='grc' dir='ltr'>ἐλασσόνων</span> <span class='ocrx_word' id='word_1_304' title='bbox 1503 2497 1641 2565; x_wconf 81' lang='grc' dir='ltr'>πρὸς</span> <span class='ocrx_word' id='word_1_305' title='bbox 1692 2499 1817 2558; x_wconf 82' lang='grc' dir='ltr'>τοὺς</span> 
     </span>
    </p>
   </div>
   <div class='ocr_carea' id='block_1_42' title="bbox 246 2584 1817 2658">
    <p class='ocr_par' dir='ltr' id='par_1_42' title="bbox 246 2584 1817 2658">
     <span class='ocr_line' id='line_1_42' title="bbox 246 2584 1817 2658; baseline 0.003 -23"><span class='ocrx_word' id='word_1_306' title='bbox 246 2584 614 2653; x_wconf 73' lang='grc' dir='ltr'>ὑπερέχοντας</span> <span class='ocrx_word' id='word_1_307' title='bbox 648 2586 872 2653; x_wconf 81' lang='grc' dir='ltr'>σφόδρα,</span> <span class='ocrx_word' id='word_1_308' title='bbox 899 2585 1024 2637; x_wconf 74' lang='grc' dir='ltr'>οὔτε</span> <span class='ocrx_word' id='word_1_309' title='bbox 1060 2588 1168 2638; x_wconf 88' lang='grc' dir='ltr'><strong>τῶν</strong></span> <span class='ocrx_word' id='word_1_310' title='bbox 1201 2589 1498 2655; x_wconf 83' lang='grc' dir='ltr'>χρωμένων</span> <span class='ocrx_word' id='word_1_311' title='bbox 1534 2588 1817 2658; x_wconf 82' lang='grc' dir='ltr'>ἐπιτηδεύ-</span> 
     </span>
    </p>
   </div>
   <div class='ocr_carea' id='block_1_43' title="bbox 248 2674 1810 2749">
    <p class='ocr_par' dir='ltr' id='par_1_43' title="bbox 248 2674 1810 2749">
     <span class='ocr_line' id='line_1_43' title="bbox 248 2674 1810 2749; baseline 0.004 -25"><span class='ocrx_word' id='word_1_312' title='bbox 248 2689 388 2741; x_wconf 87' lang='grc' dir='ltr'>μασι</span> <span class='ocrx_word' id='word_1_313' title='bbox 418 2674 783 2743; x_wconf 80' lang='grc' dir='ltr'>διισταμένοις</span> <span class='ocrx_word' id='word_1_314' title='bbox 820 2676 1086 2745; x_wconf 83' lang='grc' dir='ltr'>ἀλλήλων,</span> <span class='ocrx_word' id='word_1_315' title='bbox 1123 2679 1258 2730; x_wconf 81' lang='grc' dir='ltr'>ἀλλὰ</span> <span class='ocrx_word' id='word_1_316' title='bbox 1303 2681 1409 2731; x_wconf 90' lang='grc' dir='ltr'><strong>τῶν</strong></span> <span class='ocrx_word' id='word_1_317' title='bbox 1439 2679 1640 2749; x_wconf 77' lang='grc' dir='ltr'>ἐρίζειν</span> <span class='ocrx_word' id='word_1_318' title='bbox 1674 2681 1810 2749; x_wconf 77' lang='grc' dir='ltr'>πρὸς</span> 
     </span>
    </p>
   </div>
   <div class='ocr_carea' id='block_1_44' title="bbox 188 2750 1808 2843">
    <p class='ocr_par' dir='ltr' id='par_1_44' title="bbox 188 2750 1808 2843">
     <span class='ocr_line' id='line_1_44' title="bbox 188 2750 1808 2843; baseline 0.002 -24"><span class='ocrx_word' id='word_1_319' title='bbox 188 2750 198 2757; x_wconf 38' lang='grc'><strong><em>⁸</em></strong></span> <span class='ocrx_word' id='word_1_320' title='bbox 249 2766 515 2835; x_wconf 78' lang='grc' dir='ltr'>ἀλλήλους</span> <span class='ocrx_word' id='word_1_321' title='bbox 544 2767 877 2835; x_wconf 83' lang='grc' dir='ltr'>δυναμένων,</span> <span class='ocrx_word' id='word_1_322' title='bbox 908 2769 1003 2821; x_wconf 68' lang='grc' dir='ltr'><strong>καὶ⁵</strong></span> <span class='ocrx_word' id='word_1_323' title='bbox 1029 2770 1330 2823; x_wconf 82' lang='grc' dir='ltr'>δοκούντων</span> <span class='ocrx_word' id='word_1_324' title='bbox 1361 2772 1709 2825; x_wconf 80' lang='grc' dir='ltr'>ἐλαττοῦσθαι</span> <span class='ocrx_word' id='word_1_325' title='bbox 1741 2774 1808 2843; x_wconf 78' lang='grc' dir='ltr'>τῇ</span> 
     </span>
    </p>
   </div>
   <div class='ocr_carea' id='block_1_45' title="bbox 243 2860 1185 2931">
    <p class='ocr_par' dir='ltr' id='par_1_45' title="bbox 243 2860 1185 2931">
     <span class='ocr_line' id='line_1_45' title="bbox 243 2860 1185 2931; baseline 0.005 -21"><span class='ocrx_word' id='word_1_326' title='bbox 243 2860 358 2911; x_wconf 85' lang='grc' dir='ltr'><strong>τῶν</strong></span> <span class='ocrx_word' id='word_1_327' title='bbox 397 2860 787 2928; x_wconf 69' lang='grc' dir='ltr'>ἁμιλλωμένων</span> <span class='ocrx_word' id='word_1_328' title='bbox 818 2862 1185 2931; x_wconf 81' lang='grc' dir='ltr'>λαμπρότητι.</span> 
     </span>
    </p>
   </div>
   <div class='ocr_carea' id='block_1_46' title="bbox 1923 2043 3486 2125">
    <p class='ocr_par' dir='ltr' id='par_1_46' title="bbox 1923 2043 3486 2125">
     <span class='ocr_line' id='line_1_46' title="bbox 1923 2043 3486 2125; baseline 0.012 -31"><span class='ocrx_word' id='word_1_329' title='bbox 1923 2043 2149 2096; x_wconf 84' lang='lat' dir='ltr'><strong>exitium</strong></span> <span class='ocrx_word' id='word_1_330' title='bbox 2180 2046 2248 2097; x_wconf 89' lang='lat' dir='ltr'><strong>sit</strong></span> <span class='ocrx_word' id='word_1_331' title='bbox 2278 2045 2560 2099; x_wconf 86' lang='lat' dir='ltr'><strong>adlaturus</strong></span> <span class='ocrx_word' id='word_1_332' title='bbox 2619 2051 2796 2113; x_wconf 82' lang='lat' dir='ltr'><strong>alteri,</strong></span> <span class='ocrx_word' id='word_1_333' title='bbox 2852 2061 3000 2104; x_wconf 88' lang='lat' dir='ltr'><strong>certo</strong></span> <span class='ocrx_word' id='word_1_334' title='bbox 3056 2069 3162 2107; x_wconf 91' lang='lat' dir='ltr'><strong>non</strong></span> <span class='ocrx_word' id='word_1_335' title='bbox 3231 2068 3486 2125; x_wconf 80' lang='lat' dir='ltr'><strong>Constat;</strong></span> 
     </span>
    </p>
   </div>
   <div class='ocr_carea' id='block_1_47' title="bbox 1922 2137 3488 2219">
    <p class='ocr_par' dir='ltr' id='par_1_47' title="bbox 1922 2137 3488 2219">
     <span class='ocr_line' id='line_1_47' title="bbox 1922 2137 3488 2219; baseline 0.013 -33"><span class='ocrx_word' id='word_1_336' title='bbox 1922 2140 2140 2201; x_wconf 90' lang='lat' dir='ltr'><strong>quando</strong></span> <span class='ocrx_word' id='word_1_337' title='bbox 2171 2137 2390 2204; x_wconf 85' lang='lat' dir='ltr'><strong>quidem</strong></span> <span class='ocrx_word' id='word_1_338' title='bbox 2425 2149 2478 2188; x_wconf 86' lang='lat' dir='ltr'><strong>et</strong></span> <span class='ocrx_word' id='word_1_339' title='bbox 2516 2138 2619 2191; x_wconf 87' lang='lat' dir='ltr'><strong>vim</strong></span> <span class='ocrx_word' id='word_1_340' title='bbox 2674 2141 2945 2207; x_wconf 72' lang='lat' dir='ltr'><strong>lignorum</strong></span> <span class='ocrx_word' id='word_1_341' title='bbox 2980 2161 3231 2214; x_wconf 80' lang='lat' dir='ltr'><strong>magnam</strong></span> <span class='ocrx_word' id='word_1_342' title='bbox 3292 2153 3488 2219; x_wconf 59' lang='lat' dir='ltr'><strong>saepius</strong></span> 
     </span>
    </p>
   </div>
   <div class='ocr_carea' id='block_1_48' title="bbox 1923 2229 3492 2299">
    <p class='ocr_par' dir='ltr' id='par_1_48' title="bbox 1923 2229 3492 2299">
     <span class='ocr_line' id='line_1_48' title="bbox 1923 2229 3492 2299; baseline 0.01 -20"><span class='ocrx_word' id='word_1_343' title='bbox 1923 2229 1975 2279; x_wconf 92' lang='lat' dir='ltr'><strong>in</strong></span> <span class='ocrx_word' id='word_1_344' title='bbox 2018 2229 2229 2281; x_wconf 83' lang='lat' dir='ltr'><strong>cineres</strong></span> <span class='ocrx_word' id='word_1_345' title='bbox 2263 2230 2533 2281; x_wconf 82' lang='lat' dir='ltr'><strong>redactam</strong></span> <span class='ocrx_word' id='word_1_346' title='bbox 2591 2232 2821 2299; x_wconf 80' lang='lat' dir='ltr'><strong>scimus,</strong></span> <span class='ocrx_word' id='word_1_347' title='bbox 2857 2250 2981 2288; x_wconf 89' lang='lat' dir='ltr'><strong>cum</strong></span> <span class='ocrx_word' id='word_1_348' title='bbox 3048 2239 3264 2293; x_wconf 90' lang='lat' dir='ltr'><strong>interim</strong></span> <span class='ocrx_word' id='word_1_349' title='bbox 3320 2254 3492 2295; x_wconf 70' lang='lat' dir='ltr'><strong>mnte-</strong></span> 
     </span>
    </p>
   </div>
   <div class='ocr_carea' id='block_1_49' title="bbox 1923 2320 3490 2401">
    <p class='ocr_par' dir='ltr' id='par_1_49' title="bbox 1923 2320 3490 2401">
     <span class='ocr_line' id='line_1_49' title="bbox 1923 2320 3490 2401; baseline 0.011 -32"><span class='ocrx_word' id='word_1_350' title='bbox 1923 2320 2057 2370; x_wconf 89' lang='lat' dir='ltr'><strong>riam</strong></span> <span class='ocrx_word' id='word_1_351' title='bbox 2088 2320 2630 2373; x_wconf 74' lang='lat' dir='ltr'><strong>crematudiﬂicilem</strong></span> <span class='ocrx_word' id='word_1_352' title='bbox 2672 2338 2781 2376; x_wconf 90' lang='lat' dir='ltr'><strong>non</strong></span> <span class='ocrx_word' id='word_1_353' title='bbox 2845 2326 3259 2393; x_wconf 84' lang='lat' dir='ltr'><strong>absumpsisset.</strong></span> <span class='ocrx_word' id='word_1_354' title='bbox 3307 2332 3490 2401; x_wconf 78' lang='lat' dir='ltr'><strong>Gignit</strong></span> 
     </span>
    </p>
   </div>
   <div class='ocr_carea' id='block_1_50' title="bbox 1922 2410 3487 2488">
    <p class='ocr_par' dir='ltr' id='par_1_50' title="bbox 1922 2410 3487 2488">
     <span class='ocr_line' id='line_1_50' title="bbox 1922 2410 3487 2488; baseline 0.012 -28"><span class='ocrx_word' id='word_1_355' title='bbox 1922 2418 2099 2461; x_wconf 86' lang='lat' dir='ltr'><strong>autem</strong></span> <span class='ocrx_word' id='word_1_356' title='bbox 2128 2410 2327 2464; x_wconf 84' lang='lat' dir='ltr'><strong>invidia</strong></span> <span class='ocrx_word' id='word_1_357' title='bbox 2356 2411 2628 2476; x_wconf 76' lang='lat' dir='ltr'><strong>fraudem,</strong></span> <span class='ocrx_word' id='word_1_358' title='bbox 2667 2423 2721 2466; x_wconf 83' lang='lat' dir='ltr'><strong>et</strong></span> <span class='ocrx_word' id='word_1_359' title='bbox 2761 2417 3115 2474; x_wconf 85' lang='lat' dir='ltr'><strong>Calttmniam.</strong></span> <span class='ocrx_word' id='word_1_360' title='bbox 3165 2431 3219 2474; x_wconf 85' lang='lat' dir='ltr'><strong>et</strong></span> <span class='ocrx_word' id='word_1_361' title='bbox 3279 2425 3487 2488; x_wconf 86' lang='lat' dir='ltr'><strong>odium,</strong></span> 
     </span>
    </p>
   </div>
   <div class='ocr_carea' id='block_1_51' title="bbox 1921 2503 3489 2571">
    <p class='ocr_par' dir='ltr' id='par_1_51' title="bbox 1921 2503 3489 2571">
     <span class='ocr_line' id='line_1_51' title="bbox 1921 2503 3489 2571; baseline 0.011 -19"><span class='ocrx_word' id='word_1_362' title='bbox 1921 2517 2042 2553; x_wconf 86' lang='lat' dir='ltr'><strong>cum</strong></span> <span class='ocrx_word' id='word_1_363' title='bbox 2087 2503 2201 2568; x_wconf 89' lang='lat' dir='ltr'><strong>ipsa</strong></span> <span class='ocrx_word' id='word_1_364' title='bbox 2224 2515 2542 2570; x_wconf 87' lang='lat' dir='ltr'><strong>procreetur</strong></span> <span class='ocrx_word' id='word_1_365' title='bbox 2572 2506 2639 2559; x_wconf 84' lang='lat' dir='ltr'><strong>ab</strong></span> <span class='ocrx_word' id='word_1_366' title='bbox 2670 2509 3043 2566; x_wconf 66' lang='lat' dir='ltr'><strong>aemulatione.</strong></span> <span class='ocrx_word' id='word_1_367' title='bbox 3094 2512 3292 2567; x_wconf 81' lang='lat' dir='ltr'><strong>Verum</strong></span> <span class='ocrx_word' id='word_1_368' title='bbox 3350 2517 3489 2571; x_wconf 90' lang='lat' dir='ltr'><strong>invi-</strong></span> 
     </span>
    </p>
   </div>
   <div class='ocr_carea' id='block_1_52' title="bbox 1921 2592 3491 2673">
    <p class='ocr_par' dir='ltr' id='par_1_52' title="bbox 1921 2592 3491 2673">
     <span class='ocr_line' id='line_1_52' title="bbox 1921 2592 3491 2673; baseline 0.011 -28"><span class='ocrx_word' id='word_1_369' title='bbox 1921 2592 2024 2645; x_wconf 72' lang='lat' dir='ltr'><strong>dia:</strong></span> <span class='ocrx_word' id='word_1_370' title='bbox 2055 2592 2185 2645; x_wconf 90' lang='lat' dir='ltr'><strong>vitio</strong></span> <span class='ocrx_word' id='word_1_371' title='bbox 2214 2609 2315 2647; x_wconf 89' lang='lat' dir='ltr'><strong>nec</strong></span> <span class='ocrx_word' id='word_1_372' title='bbox 2352 2595 2671 2662; x_wconf 88' lang='lat' dir='ltr'><strong>amplissimi</strong></span> <span class='ocrx_word' id='word_1_373' title='bbox 2701 2598 2950 2653; x_wconf 89' lang='lat' dir='ltr'><strong>laborant</strong></span> <span class='ocrx_word' id='word_1_374' title='bbox 2997 2618 3121 2673; x_wconf 77' lang='lat' dir='ltr'><strong>erga</strong></span> <span class='ocrx_word' id='word_1_375' title='bbox 3181 2608 3362 2659; x_wconf 90' lang='lat' dir='ltr'><strong>tenuis</strong></span> <span class='ocrx_word' id='word_1_376' title='bbox 3392 2609 3491 2661; x_wconf 83' lang='lat' dir='ltr'><strong>ad-</strong></span> 
     </span>
    </p>
   </div>
   <div class='ocr_carea' id='block_1_53' title="bbox 1918 2684 3488 2766">
    <p class='ocr_par' dir='ltr' id='par_1_53' title="bbox 1918 2684 3488 2766">
     <span class='ocr_line' id='line_1_53' title="bbox 1918 2684 3488 2766; baseline 0.012 -31"><span class='ocrx_word' id='word_1_377' title='bbox 1918 2684 2138 2737; x_wconf 90' lang='lat' dir='ltr'><strong>modum</strong></span> <span class='ocrx_word' id='word_1_378' title='bbox 2171 2685 2501 2740; x_wconf 88' lang='lat' dir='ltr'><strong>conditionis</strong></span> <span class='ocrx_word' id='word_1_379' title='bbox 2538 2688 2805 2753; x_wconf 84' lang='lat' dir='ltr'><strong>homines,</strong></span> <span class='ocrx_word' id='word_1_380' title='bbox 2860 2694 3001 2759; x_wconf 85' lang='lat' dir='ltr'><strong>quod</strong></span> <span class='ocrx_word' id='word_1_381' title='bbox 3062 2696 3147 2750; x_wconf 89' lang='lat' dir='ltr'><strong>bis</strong></span> <span class='ocrx_word' id='word_1_382' title='bbox 3185 2697 3288 2765; x_wconf 88' lang='lat' dir='ltr'><strong>ipsi</strong></span> <span class='ocrx_word' id='word_1_383' title='bbox 3314 2700 3488 2766; x_wconf 84' lang='lat' dir='ltr'><strong>majo-</strong></span> 
     </span>
    </p>
   </div>
   <div class='ocr_carea' id='block_1_54' title="bbox 1918 2770 3472 2855">
    <p class='ocr_par' dir='ltr' id='par_1_54' title="bbox 1918 2770 3472 2855">
     <span class='ocr_line' id='line_1_54' title="bbox 1918 2770 3472 2855; baseline 0.012 -32"><span class='ocrx_word' id='word_1_384' title='bbox 1918 2785 2003 2823; x_wconf 89' lang='lat' dir='ltr'><strong>res</strong></span> <span class='ocrx_word' id='word_1_385' title='bbox 2034 2770 2141 2823; x_wconf 91' lang='lat' dir='ltr'><strong>sint</strong></span> <span class='ocrx_word' id='word_1_386' title='bbox 2167 2789 2179 2835; x_wconf 89' lang='lat'><strong>;</strong></span> <span class='ocrx_word' id='word_1_387' title='bbox 2206 2786 2303 2822; x_wconf 86' lang='lat' dir='ltr'><strong>nec</strong></span> <span class='ocrx_word' id='word_1_388' title='bbox 2326 2773 2577 2825; x_wconf 86' lang='lat' dir='ltr'><strong>omnibus</strong></span> <span class='ocrx_word' id='word_1_389' title='bbox 2602 2775 2762 2828; x_wconf 88' lang='lat' dir='ltr'><strong>rebus</strong></span> <span class='ocrx_word' id='word_1_390' title='bbox 2794 2778 3102 2847; x_wconf 80' lang='lat' dir='ltr'><strong>inferiores,</strong></span> <span class='ocrx_word' id='word_1_391' title='bbox 3159 2800 3283 2854; x_wconf 76' lang='lat' dir='ltr'><strong>erga</strong></span> <span class='ocrx_word' id='word_1_392' title='bbox 3314 2788 3472 2855; x_wconf 85' lang='lat' dir='ltr'><strong>pluri-</strong></span> 
     </span>
    </p>
   </div>
   <div class='ocr_carea' id='block_1_55' title="bbox 1936 2862 3478 2937">
    <p class='ocr_par' dir='ltr' id='par_1_55' title="bbox 1936 2862 3478 2937">
     <span class='ocr_line' id='line_1_55' title="bbox 1936 2862 3478 2937; baseline 0.011 -22"><span class='ocrx_word' id='word_1_393' title='bbox 1936 2876 2082 2915; x_wconf 90' lang='lat' dir='ltr'><strong>mum</strong></span> <span class='ocrx_word' id='word_1_394' title='bbox 2114 2862 2455 2925; x_wconf 85' lang='lat' dir='ltr'><strong>eminentes;</strong></span> <span class='ocrx_word' id='word_1_395' title='bbox 2507 2879 2603 2917; x_wconf 82' lang='lat' dir='ltr'><strong>nec</strong></span> <span class='ocrx_word' id='word_1_396' title='bbox 2648 2866 2706 2930; x_wconf 90' lang='lat' dir='ltr'><strong>ii,</strong></span> <span class='ocrx_word' id='word_1_397' title='bbox 2740 2868 2831 2935; x_wconf 93' lang='lat' dir='ltr'><strong>qui</strong></span> <span class='ocrx_word' id='word_1_398' title='bbox 2893 2870 3259 2937; x_wconf 77' lang='lat' dir='ltr'><strong>professiones</strong></span> <span class='ocrx_word' id='word_1_399' title='bbox 3287 2888 3339 2930; x_wconf 90' lang='lat' dir='ltr'><strong>et</strong></span> <span class='ocrx_word' id='word_1_400' title='bbox 3366 2888 3478 2936; x_wconf 86' lang='lat' dir='ltr'><strong>stu-</strong></span> 
     </span>
    </p>
   </div>
   <div class='ocr_carea' id='block_1_56' title="bbox 245 2957 3488 3035">
    <p class='ocr_par' dir='ltr' id='par_1_56' title="bbox 245 2957 3488 3035">
     <span class='ocr_line' id='line_1_56' title="bbox 245 2957 3488 3035; baseline 0.002 -26"><span class='ocrx_word' id='word_1_401' title='bbox 245 2958 338 3010; x_wconf 89' lang='lat' dir='ltr'><strong>dia</strong></span> <span class='ocrx_word' id='word_1_402' title='bbox 377 2957 589 3010; x_wconf 89' lang='lat' dir='ltr'><strong>diversa</strong></span> <span class='ocrx_word' id='word_1_403' title='bbox 620 2966 938 3009; x_wconf 85' lang='lat' dir='ltr'><strong>sectantur:</strong></span> <span class='ocrx_word' id='word_1_404' title='bbox 973 2960 1065 3012; x_wconf 83' lang='lat' dir='ltr'><strong>sed</strong></span> <span class='ocrx_word' id='word_1_405' title='bbox 1090 2958 1141 3010; x_wconf 90' lang='lat' dir='ltr'><strong>in</strong></span> <span class='ocrx_word' id='word_1_406' title='bbox 1179 2973 1272 3011; x_wconf 86' lang='lat' dir='ltr'><strong>eos</strong></span> <span class='ocrx_word' id='word_1_407' title='bbox 1332 2960 1501 3022; x_wconf 84' lang='lat' dir='ltr'><strong>cadit,</strong></span> <span class='ocrx_word' id='word_1_408' title='bbox 1540 2958 1631 3026; x_wconf 88' lang='lat' dir='ltr'><strong>qui</strong></span> <span class='ocrx_word' id='word_1_409' title='bbox 1692 2968 1919 3027; x_wconf 87' lang='lat' dir='ltr'><strong>possunt</strong></span> <span class='ocrx_word' id='word_1_410' title='bbox 1951 2960 2093 3011; x_wconf 89' lang='lat' dir='ltr'><strong>inter</strong></span> <span class='ocrx_word' id='word_1_411' title='bbox 2143 2972 2264 3012; x_wconf 88' lang='lat' dir='ltr'><strong>sese</strong></span> <span class='ocrx_word' id='word_1_412' title='bbox 2306 2960 2654 3025; x_wconf 79' lang='lat' dir='ltr'><strong>contendere,</strong></span> <span class='ocrx_word' id='word_1_413' title='bbox 2710 2976 2913 3029; x_wconf 89' lang='lat' dir='ltr'><strong>perque</strong></span> <span class='ocrx_word' id='word_1_414' title='bbox 2980 2967 3320 3035; x_wconf 78' lang='lat' dir='ltr'><strong>splendorem</strong></span> <span class='ocrx_word' id='word_1_415' title='bbox 3388 2972 3488 3028; x_wconf 69' lang='lat' dir='ltr'><strong>ad.</strong></span> 
     </span>
    </p>
   </div>
   <div class='ocr_carea' id='block_1_57' title="bbox 246 3047 1429 3117">
    <p class='ocr_par' dir='ltr' id='par_1_57' title="bbox 246 3047 1429 3117">
     <span class='ocr_line' id='line_1_57' title="bbox 246 3047 1429 3117; baseline 0.002 -15"><span class='ocrx_word' id='word_1_416' title='bbox 246 3049 617 3102; x_wconf 82' lang='lat' dir='ltr'><strong>versariorum</strong></span> <span class='ocrx_word' id='word_1_417' title='bbox 651 3047 754 3100; x_wconf 91' lang='lat' dir='ltr'><strong>sibi</strong></span> <span class='ocrx_word' id='word_1_418' title='bbox 788 3048 918 3115; x_wconf 90' lang='lat' dir='ltr'><strong>quid</strong></span> <span class='ocrx_word' id='word_1_419' title='bbox 942 3049 1204 3103; x_wconf 84' lang='lat' dir='ltr'><strong>decedere</strong></span> <span class='ocrx_word' id='word_1_420' title='bbox 1226 3060 1429 3117; x_wconf 90' lang='lat' dir='ltr'><strong>putant.</strong></span> 
     </span>
    </p>
   </div>
   <div class='ocr_carea' id='block_1_58' title="bbox 975 3184 1096 3242">
    <p class='ocr_par' dir='ltr' id='par_1_58' title="bbox 975 3184 1096 3242">
     <span class='ocr_line' id='line_1_58' title="bbox 975 3184 1096 3242; baseline 0.017 -2"><span class='ocrx_word' id='word_1_421' title='bbox 975 3184 1068 3241; x_wconf 81' lang='lat' dir='ltr'><strong>KA&#39;</strong></span> <span class='ocrx_word' id='word_1_422' title='bbox 1084 3228 1096 3242; x_wconf 92' lang='lat'><strong>.</strong></span> 
     </span>
    </p>
   </div>
   <div class='ocr_carea' id='block_1_59' title="bbox 344 3320 1810 3400">
    <p class='ocr_par' dir='ltr' id='par_1_59' title="bbox 344 3320 1810 3400">
     <span class='ocr_line' id='line_1_59' title="bbox 344 3320 1810 3400; baseline 0.001 -27"><span class='ocrx_word' id='word_1_423' title='bbox 344 3321 683 3387; x_wconf 61' lang='grc' dir='ltr'>Ωςιᾶγαμαι</span> <span class='ocrx_word' id='word_1_424' title='bbox 724 3320 1134 3400; x_wconf 58' lang='grc' dir='ltr'>τὸν-φεύγοντα</span> <span class='ocrx_word' id='word_1_425' title='bbox 1186 3322 1285 3384; x_wconf 78' lang='grc' dir='ltr'>τὰς</span> <span class='ocrx_word' id='word_1_426' title='bbox 1337 3323 1665 3391; x_wconf 77' lang='grc' dir='ltr'>ὑπερϐολάς.</span> <span class='ocrx_word' id='word_1_427' title='bbox 1702 3324 1810 3377; x_wconf 78' lang='grc' dir='ltr'><strong>Καὶ</strong></span> 
     </span>
    </p>
   </div>
   <div class='ocr_carea' id='block_1_60' title="bbox 240 3413 1810 3485">
    <p class='ocr_par' dir='ltr' id='par_1_60' title="bbox 240 3413 1810 3485">
     <span class='ocr_line' id='line_1_60' title="bbox 240 3413 1810 3485; baseline 0.001 -19"><span class='ocrx_word' id='word_1_428' title='bbox 240 3414 396 3480; x_wconf 81' lang='grc' dir='ltr'>λόγοι</span> <span class='ocrx_word' id='word_1_429' title='bbox 431 3415 579 3481; x_wconf 83' lang='grc' dir='ltr'>μάλα</span> <span class='ocrx_word' id='word_1_430' title='bbox 635 3413 815 3481; x_wconf 86' lang='grc' dir='ltr'>σοφῶν</span> <span class='ocrx_word' id='word_1_431' title='bbox 854 3413 1142 3465; x_wconf 82' lang='grc' dir='ltr'>συνιστῶσί</span> <span class='ocrx_word' id='word_1_432' title='bbox 1179 3431 1280 3480; x_wconf 84' lang='grc' dir='ltr'><strong>μου</strong></span> <span class='ocrx_word' id='word_1_433' title='bbox 1325 3419 1416 3466; x_wconf 74' lang='grc' dir='ltr'>τὸν</span> <span class='ocrx_word' id='word_1_434' title='bbox 1468 3416 1646 3485; x_wconf 77' lang='grc' dir='ltr'>ἔρωτα</span> <span class='ocrx_word' id='word_1_435' title='bbox 1689 3436 1810 3469; x_wconf 88' lang='grc' dir='ltr'>του-</span> 
     </span>
    </p>
   </div>
   <div class='ocr_carea' id='block_1_61' title="bbox 238 3504 1809 3573">
    <p class='ocr_par' dir='ltr' id='par_1_61' title="bbox 238 3504 1809 3573">
     <span class='ocr_line' id='line_1_61' title="bbox 238 3504 1809 3573; baseline 0.002 -16"><span class='ocrx_word' id='word_1_436' title='bbox 238 3504 382 3558; x_wconf 79' lang='grc' dir='ltr'>τονί.</span> <span class='ocrx_word' id='word_1_437' title='bbox 430 3504 647 3572; x_wconf 78' lang='grc' dir='ltr'>Μέτρον</span> <span class='ocrx_word' id='word_1_438' title='bbox 694 3505 802 3570; x_wconf 77' lang='grc' dir='ltr'>γὰρ</span> <span class='ocrx_word' id='word_1_439' title='bbox 849 3504 1091 3571; x_wconf 76' lang='grc' dir='ltr'>ἄριστον,</span> <span class='ocrx_word' id='word_1_440' title='bbox 1139 3505 1255 3569; x_wconf 78' lang='grc' dir='ltr'>καὶ,</span> <span class='ocrx_word' id='word_1_441' title='bbox 1287 3506 1471 3572; x_wconf 80' lang='grc' dir='ltr'>Μηδὲν</span> <span class='ocrx_word' id='word_1_442' title='bbox 1520 3508 1681 3573; x_wconf 82' lang='grc' dir='ltr'>ἄγαν,</span> <span class='ocrx_word' id='word_1_443' title='bbox 1717 3511 1809 3560; x_wconf 74' lang='grc' dir='ltr'>καὶ</span> 
     </span>
    </p>
   </div>
   <div class='ocr_carea' id='block_1_62' title="bbox 239 3596 1807 3665">
    <p class='ocr_par' dir='ltr' id='par_1_62' title="bbox 239 3596 1807 3665">
     <span class='ocr_line' id='line_1_62' title="bbox 239 3596 1807 3665; baseline -0.001 -14"><span class='ocrx_word' id='word_1_444' title='bbox 239 3599 409 3665; x_wconf 77' lang='grc' dir='ltr'>ἕτερα</span> <span class='ocrx_word' id='word_1_445' title='bbox 452 3596 695 3649; x_wconf 83' lang='grc' dir='ltr'>τοιαῦτα.</span> <span class='ocrx_word' id='word_1_446' title='bbox 736 3596 897 3647; x_wconf 78' lang='grc' dir='ltr'>Ὥστε</span> <span class='ocrx_word' id='word_1_447' title='bbox 944 3596 1001 3648; x_wconf 77' lang='grc' dir='ltr'>τὸ</span> <span class='ocrx_word' id='word_1_448' title='bbox 1037 3598 1451 3665; x_wconf 86' lang='grc' dir='ltr'>μεμετρημένον</span> <span class='ocrx_word' id='word_1_449' title='bbox 1504 3601 1595 3650; x_wconf 75' lang='grc' dir='ltr'><strong>καὶ</strong></span> <span class='ocrx_word' id='word_1_450' title='bbox 1640 3600 1807 3661; x_wconf 86' lang='grc' dir='ltr'>μέσον</span> 
     </span>
    </p>
   </div>
   <div class='ocr_carea' id='block_1_63' title="bbox 240 3687 1805 3757">
    <p class='ocr_par' dir='ltr' id='par_1_63' title="bbox 240 3687 1805 3757">
     <span class='ocr_line' id='line_1_63' title="bbox 240 3687 1805 3757; baseline 0.001 -16"><span class='ocrx_word' id='word_1_451' title='bbox 240 3688 490 3755; x_wconf 74' lang='grc' dir='ltr'>ἀκρότης</span> <span class='ocrx_word' id='word_1_452' title='bbox 541 3690 742 3755; x_wconf 83' lang='grc' dir='ltr'>τρόπον</span> <span class='ocrx_word' id='word_1_453' title='bbox 774 3687 960 3754; x_wconf 75' lang='grc' dir='ltr'>ἕτερον</span> <span class='ocrx_word' id='word_1_454' title='bbox 1010 3689 1147 3753; x_wconf 76' lang='grc' dir='ltr'>πρὸς</span> <span class='ocrx_word' id='word_1_455' title='bbox 1195 3689 1257 3738; x_wconf 85' lang='grc' dir='ltr'>τὸ</span> <span class='ocrx_word' id='word_1_456' title='bbox 1301 3690 1505 3754; x_wconf 84' lang='grc' dir='ltr'>ἀγαθὸν</span> <span class='ocrx_word' id='word_1_457' title='bbox 1536 3689 1805 3757; x_wconf 86' lang='grc' dir='ltr'>γίγνεται.</span> 
     </span>
    </p>
   </div>
   <div class='ocr_carea' id='block_1_64' title="bbox 240 3780 1805 3850">
    <p class='ocr_par' dir='ltr' id='par_1_64' title="bbox 240 3780 1805 3850">
     <span class='ocr_line' id='line_1_64' title="bbox 240 3780 1805 3850; baseline 0.002 -19"><span class='ocrx_word' id='word_1_458' title='bbox 240 3782 471 3850; x_wconf 82' lang='grc' dir='ltr'>Συνᾲδει</span> <span class='ocrx_word' id='word_1_459' title='bbox 504 3780 562 3832; x_wconf 83' lang='grc' dir='ltr'>δὲ</span> <span class='ocrx_word' id='word_1_460' title='bbox 593 3784 705 3842; x_wconf 85' lang='grc' dir='ltr'>τοῖς</span> <span class='ocrx_word' id='word_1_461' title='bbox 742 3781 922 3845; x_wconf 81' lang='grc' dir='ltr'>λόγοις</span> <span class='ocrx_word' id='word_1_462' title='bbox 951 3781 1018 3832; x_wconf 72' lang='grc' dir='ltr'><strong>τὰ</strong></span> <span class='ocrx_word' id='word_1_463' title='bbox 1048 3781 1375 3847; x_wconf 83' lang='grc' dir='ltr'>πράγματα,</span> <span class='ocrx_word' id='word_1_464' title='bbox 1418 3781 1511 3832; x_wconf 77' lang='grc' dir='ltr'><strong>καὶ</strong></span> <span class='ocrx_word' id='word_1_465' title='bbox 1562 3782 1805 3834; x_wconf 82' lang='grc' dir='ltr'>δείκνυσι</span> 
     </span>
    </p>
   </div>
   <div class='ocr_carea' id='block_1_65' title="bbox 238 3872 1806 3943">
    <p class='ocr_par' dir='ltr' id='par_1_65' title="bbox 238 3872 1806 3943">
     <span class='ocr_line' id='line_1_65' title="bbox 238 3872 1806 3943; baseline 0 -17"><span class='ocrx_word' id='word_1_466' title='bbox 238 3876 467 3926; x_wconf 81' lang='grc' dir='ltr'>κάκεῖνο</span> <span class='ocrx_word' id='word_1_467' title='bbox 514 3874 658 3940; x_wconf 74' lang='grc' dir='ltr'>μάλα</span> <span class='ocrx_word' id='word_1_468' title='bbox 696 3872 989 3941; x_wconf 83' lang='grc' dir='ltr'>λαμπρῶς.</span> <span class='ocrx_word' id='word_1_469' title='bbox 1028 3873 1321 3942; x_wconf 78' lang='grc' dir='ltr'>Κακοήθης</span> <span class='ocrx_word' id='word_1_470' title='bbox 1366 3875 1472 3941; x_wconf 86' lang='grc' dir='ltr'>γὰρ</span> <span class='ocrx_word' id='word_1_471' title='bbox 1521 3874 1806 3943; x_wconf 73' lang='grc' dir='ltr'>ἄνθρωπος</span> 
     </span>
    </p>
   </div>
   <div class='ocr_carea' id='block_1_66' title="bbox 238 3962 1806 4033">
    <p class='ocr_par' dir='ltr' id='par_1_66' title="bbox 238 3962 1806 4033">
     <span class='ocr_line' id='line_1_66' title="bbox 238 3962 1806 4033; baseline 0.001 -18"><span class='ocrx_word' id='word_1_472' title='bbox 238 3968 335 4016; x_wconf 80' lang='grc' dir='ltr'><strong>καὶ</strong></span> <span class='ocrx_word' id='word_1_473' title='bbox 371 3966 592 4031; x_wconf 73' lang='grc' dir='ltr'>εὐήθης,</span> <span class='ocrx_word' id='word_1_474' title='bbox 622 3965 677 4023; x_wconf 84' lang='grc' dir='ltr'><strong>ἐς</strong></span> <span class='ocrx_word' id='word_1_475' title='bbox 708 3964 936 4030; x_wconf 78' lang='grc' dir='ltr'>ἔσχατον</span> <span class='ocrx_word' id='word_1_476' title='bbox 966 3962 1214 4025; x_wconf 77' lang='grc' dir='ltr'>ἀλλήλων</span> <span class='ocrx_word' id='word_1_477' title='bbox 1257 3964 1625 4030; x_wconf 76' lang='grc' dir='ltr'>διεστηκότες,</span> <span class='ocrx_word' id='word_1_478' title='bbox 1657 3966 1806 4033; x_wconf 82' lang='grc' dir='ltr'>ὅμως</span> 
     </span>
    </p>
   </div>
   <div class='ocr_carea' id='block_1_67' title="bbox 236 4055 1803 4127">
    <p class='ocr_par' dir='ltr' id='par_1_67' title="bbox 236 4055 1803 4127">
     <span class='ocr_line' id='line_1_67' title="bbox 236 4055 1803 4127; baseline 0.002 -20"><span class='ocrx_word' id='word_1_479' title='bbox 236 4060 410 4124; x_wconf 82' lang='grc' dir='ltr'>ἄμφω</span> <span class='ocrx_word' id='word_1_480' title='bbox 447 4055 620 4109; x_wconf 78' lang='grc' dir='ltr'>κακὼ.</span> <span class='ocrx_word' id='word_1_481' title='bbox 654 4056 758 4108; x_wconf 75' lang='grc' dir='ltr'><strong>Καὶ</strong></span> <span class='ocrx_word' id='word_1_482' title='bbox 791 4056 944 4107; x_wconf 74' lang='grc' dir='ltr'>οὐδὲν</span> <span class='ocrx_word' id='word_1_483' title='bbox 997 4057 1196 4107; x_wconf 84' lang='grc' dir='ltr'>κωλύει</span> <span class='ocrx_word' id='word_1_484' title='bbox 1226 4057 1285 4107; x_wconf 79' lang='grc' dir='ltr'>τὸ</span> <span class='ocrx_word' id='word_1_485' title='bbox 1329 4058 1589 4117; x_wconf 81' lang='grc' dir='ltr'>ἐναντίως</span> <span class='ocrx_word' id='word_1_486' title='bbox 1637 4058 1803 4127; x_wconf 79' lang='grc' dir='ltr'>ἔχειν,</span> 
     </span>
    </p>
   </div>
   <div class='ocr_carea' id='block_1_68' title="bbox 233 4144 1806 4215">
    <p class='ocr_par' dir='ltr' id='par_1_68' title="bbox 233 4144 1806 4215">
     <span class='ocr_line' id='line_1_68' title="bbox 233 4144 1806 4215; baseline 0.001 -17"><span class='ocrx_word' id='word_1_487' title='bbox 233 4149 341 4198; x_wconf 77' lang='grc' dir='ltr'>οὐκ</span> <span class='ocrx_word' id='word_1_488' title='bbox 396 4146 664 4198; x_wconf 78' lang='grc' dir='ltr'>ἐπαινετὼ</span> <span class='ocrx_word' id='word_1_489' title='bbox 694 4147 810 4212; x_wconf 70' lang='grc' dir='ltr'>ἅμα</span> <span class='ocrx_word' id='word_1_490' title='bbox 848 4144 1006 4198; x_wconf 70' lang='grc' dir='ltr'>εἶναι.</span> <span class='ocrx_word' id='word_1_491' title='bbox 1043 4148 1100 4198; x_wconf 81' lang='lat' dir='ltr'><strong>Ei</strong></span> <span class='ocrx_word' id='word_1_492' title='bbox 1134 4149 1191 4198; x_wconf 87' lang='grc' dir='ltr'><strong>δέ</strong></span> <span class='ocrx_word' id='word_1_493' title='bbox 1234 4166 1318 4207; x_wconf 90' lang='grc' dir='ltr'><strong>τις</strong></span> <span class='ocrx_word' id='word_1_494' title='bbox 1350 4149 1539 4214; x_wconf 78' lang='grc' dir='ltr'>φεύγοι</span> <span class='ocrx_word' id='word_1_495' title='bbox 1581 4148 1681 4215; x_wconf 80' lang='grc' dir='ltr'>μὲν</span> <span class='ocrx_word' id='word_1_496' title='bbox 1712 4166 1806 4200; x_wconf 88' lang='grc' dir='ltr'><strong>πο-</strong></span> 
     </span>
    </p>
   </div>
   <div class='ocr_carea' id='block_1_69' title="bbox 234 4237 1807 4307">
    <p class='ocr_par' dir='ltr' id='par_1_69' title="bbox 234 4237 1807 4307">
     <span class='ocr_line' id='line_1_69' title="bbox 234 4237 1807 4307; baseline 0 -16"><span class='ocrx_word' id='word_1_497' title='bbox 234 4240 460 4307; x_wconf 82' lang='grc' dir='ltr'>νηρίαν,</span> <span class='ocrx_word' id='word_1_498' title='bbox 506 4238 700 4305; x_wconf 75' lang='grc' dir='ltr'>φεύγοι</span> <span class='ocrx_word' id='word_1_499' title='bbox 748 4238 803 4290; x_wconf 74' lang='grc' dir='ltr'>δὲ</span> <span class='ocrx_word' id='word_1_500' title='bbox 851 4238 1133 4304; x_wconf 82' lang='grc' dir='ltr'>ἀφέλειαν,</span> <span class='ocrx_word' id='word_1_501' title='bbox 1163 4237 1287 4290; x_wconf 76' lang='grc' dir='ltr'>νοῦν</span> <span class='ocrx_word' id='word_1_502' title='bbox 1316 4237 1454 4307; x_wconf 74' lang='grc' dir='ltr'>ἔχων</span> <span class='ocrx_word' id='word_1_503' title='bbox 1498 4241 1616 4307; x_wconf 84' lang='grc' dir='ltr'>μετ’</span> <span class='ocrx_word' id='word_1_504' title='bbox 1647 4239 1807 4291; x_wconf 80' lang='grc' dir='ltr'>εύθύ-</span> 
     </span>
    </p>
   </div>
   <div class='ocr_carea' id='block_1_70' title="bbox 233 4328 1802 4396">
    <p class='ocr_par' dir='ltr' id='par_1_70' title="bbox 233 4328 1802 4396">
     <span class='ocr_line' id='line_1_70' title="bbox 233 4328 1802 4396; baseline 0.002 -17"><span class='ocrx_word' id='word_1_505' title='bbox 233 4346 398 4393; x_wconf 81' lang='grc' dir='ltr'>τητος</span> <span class='ocrx_word' id='word_1_506' title='bbox 428 4328 813 4396; x_wconf 75' lang='grc' dir='ltr'>εὑρεθήσεται,</span> <span class='ocrx_word' id='word_1_507' title='bbox 848 4328 941 4380; x_wconf 62' lang='grc' dir='ltr'><strong>καί¹</strong></span> <span class='ocrx_word' id='word_1_508' title='bbox 991 4328 1147 4379; x_wconf 77' lang='grc' dir='ltr'>ἔσται</span> <span class='ocrx_word' id='word_1_509' title='bbox 1198 4329 1545 4382; x_wconf 80' lang='grc' dir='ltr'>παντάπασιν</span> <span class='ocrx_word' id='word_1_510' title='bbox 1580 4330 1802 4395; x_wconf 82' lang='grc' dir='ltr'>ἁγαθός.</span> 
     </span>
    </p>
   </div>
   <div class='ocr_carea' id='block_1_71' title="bbox 233 4415 1806 4485">
    <p class='ocr_par' dir='ltr' id='par_1_71' title="bbox 233 4415 1806 4485">
     <span class='ocr_line' id='line_1_71' title="bbox 233 4415 1806 4485; baseline -0.001 -16"><span class='ocrx_word' id='word_1_511' title='bbox 233 4418 405 4469; x_wconf 78' lang='grc' dir='ltr'>’Ὥστε</span> <span class='ocrx_word' id='word_1_512' title='bbox 465 4417 532 4468; x_wconf 78' lang='grc' dir='ltr'><strong>τὰ</strong></span> <span class='ocrx_word' id='word_1_513' title='bbox 590 4417 805 4484; x_wconf 87' lang='grc' dir='ltr'>πέρατα</span> <span class='ocrx_word' id='word_1_514' title='bbox 845 4415 1013 4479; x_wconf 85' lang='grc' dir='ltr'>κακὰ,</span> <span class='ocrx_word' id='word_1_515' title='bbox 1040 4417 1135 4467; x_wconf 79' lang='grc' dir='ltr'><strong>καὶ</strong></span> <span class='ocrx_word' id='word_1_516' title='bbox 1188 4417 1255 4467; x_wconf 79' lang='grc' dir='ltr'><strong>τὰ</strong></span> <span class='ocrx_word' id='word_1_517' title='bbox 1311 4417 1452 4485; x_wconf 86' lang='grc' dir='ltr'>μέσα</span> <span class='ocrx_word' id='word_1_518' title='bbox 1497 4418 1806 4469; x_wconf 81' lang='grc' dir='ltr'>τούναντίον</span> 
     </span>
    </p>
   </div>
   <div class='ocr_carea' id='block_1_72' title="bbox 230 4506 1807 4577">
    <p class='ocr_par' dir='ltr' id='par_1_72' title="bbox 230 4506 1807 4577">
     <span class='ocr_line' id='line_1_72' title="bbox 230 4506 1807 4577; baseline -0.001 -16"><span class='ocrx_word' id='word_1_519' title='bbox 230 4508 442 4575; x_wconf 76' lang='grc' dir='ltr'>ἀγαθά.</span> <span class='ocrx_word' id='word_1_520' title='bbox 481 4507 602 4559; x_wconf 86' lang='grc' dir='ltr'>Ἔτι</span> <span class='ocrx_word' id='word_1_521' title='bbox 641 4507 701 4559; x_wconf 82' lang='grc' dir='ltr'>τὸ</span> <span class='ocrx_word' id='word_1_522' title='bbox 732 4506 948 4573; x_wconf 85' lang='grc' dir='ltr'>φθονεῖν</span> <span class='ocrx_word' id='word_1_523' title='bbox 979 4507 1090 4568; x_wconf 88' lang='grc' dir='ltr'>τοῖς</span> <span class='ocrx_word' id='word_1_524' title='bbox 1118 4506 1226 4558; x_wconf 90' lang='grc' dir='ltr'><strong>τῶν</strong></span> <span class='ocrx_word' id='word_1_525' title='bbox 1264 4507 1503 4577; x_wconf 82' lang='grc' dir='ltr'>ἀρίστων</span> <span class='ocrx_word' id='word_1_526' title='bbox 1536 4508 1807 4573; x_wconf 85' lang='grc' dir='ltr'>ἀνδραγα-</span> 
     </span>
    </p>
   </div>
   <div class='ocr_carea' id='block_1_73' title="bbox 229 4596 1808 4666">
    <p class='ocr_par' dir='ltr' id='par_1_73' title="bbox 229 4596 1808 4666">
     <span class='ocr_line' id='line_1_73' title="bbox 229 4596 1808 4666; baseline 0 -18"><span class='ocrx_word' id='word_1_527' title='bbox 229 4601 466 4666; x_wconf 79' lang='grc' dir='ltr'>θήμασι,</span> <span class='ocrx_word' id='word_1_528' title='bbox 483 4598 577 4648; x_wconf 78' lang='grc' dir='ltr'><strong>καὶ</strong></span> <span class='ocrx_word' id='word_1_529' title='bbox 605 4597 915 4648; x_wconf 83' lang='grc' dir='ltr'>τούναντίον</span> <span class='ocrx_word' id='word_1_530' title='bbox 948 4597 1022 4664; x_wconf 81' lang='grc' dir='ltr'>μὴ</span> <span class='ocrx_word' id='word_1_531' title='bbox 1049 4596 1361 4661; x_wconf 82' lang='grc' dir='ltr'>δάκνεσθαι,</span> <span class='ocrx_word' id='word_1_532' title='bbox 1383 4597 1526 4663; x_wconf 75' lang='grc' dir='ltr'>ἅπερ</span> <span class='ocrx_word' id='word_1_533' title='bbox 1550 4598 1808 4658; x_wconf 80' lang='grc' dir='ltr'>ἐναντίως</span> 
     </span>
    </p>
   </div>
   <div class='ocr_carea' id='block_1_74' title="bbox 228 4690 1805 4759">
    <p class='ocr_par' dir='ltr' id='par_1_74' title="bbox 228 4690 1805 4759">
     <span class='ocr_line' id='line_1_74' title="bbox 228 4690 1805 4759; baseline -0.001 -16"><span class='ocrx_word' id='word_1_534' title='bbox 228 4692 561 4751; x_wconf 75' lang='grc' dir='ltr'>διάκεινται,</span> <span class='ocrx_word' id='word_1_535' title='bbox 594 4690 698 4741; x_wconf 80' lang='grc' dir='ltr'><strong>ὑπὸ</strong></span> <span class='ocrx_word' id='word_1_536' title='bbox 739 4691 1000 4758; x_wconf 80' lang='grc' dir='ltr'>μεγίστην</span> <span class='ocrx_word' id='word_1_537' title='bbox 1035 4690 1216 4741; x_wconf 76' lang='grc' dir='ltr'>αἰτίαν</span> <span class='ocrx_word' id='word_1_538' title='bbox 1246 4691 1375 4741; x_wconf 73' lang='grc' dir='ltr'>ὅντα</span> <span class='ocrx_word' id='word_1_539' title='bbox 1422 4690 1702 4759; x_wconf 85' lang='grc' dir='ltr'>τυγχάνει.</span> <span class='ocrx_word' id='word_1_540' title='bbox 1732 4691 1805 4741; x_wconf 80' lang='grc' dir='ltr'>Τὸ</span> 
     </span>
    </p>
   </div>
   <div class='ocr_carea' id='block_1_75' title="bbox 229 4780 1800 4851">
    <p class='ocr_par' dir='ltr' id='par_1_75' title="bbox 229 4780 1800 4851">
     <span class='ocr_line' id='line_1_75' title="bbox 229 4780 1800 4851; baseline -0.001 -17"><span class='ocrx_word' id='word_1_541' title='bbox 229 4785 333 4851; x_wconf 82' lang='grc' dir='ltr'>μὲν</span> <span class='ocrx_word' id='word_1_542' title='bbox 365 4783 475 4848; x_wconf 80' lang='grc' dir='ltr'><strong>γάρ</strong></span> <span class='ocrx_word' id='word_1_543' title='bbox 512 4782 868 4851; x_wconf 87' lang='grc' dir='ltr'>ἀρχαιότατον</span> <span class='ocrx_word' id='word_1_544' title='bbox 921 4780 1115 4841; x_wconf 65' lang='grc' dir='ltr'>δεινὸν,</span> <span class='ocrx_word' id='word_1_545' title='bbox 1142 4781 1370 4848; x_wconf 79' lang='grc' dir='ltr'>θάτερον</span> <span class='ocrx_word' id='word_1_546' title='bbox 1422 4780 1478 4832; x_wconf 91' lang='grc' dir='ltr'>δὲ</span> <span class='ocrx_word' id='word_1_547' title='bbox 1519 4781 1761 4849; x_wconf 86' lang='grc' dir='ltr'>μαλακόν</span> <span class='ocrx_word' id='word_1_548' title='bbox 1786 4796 1800 4810; x_wconf 87' lang='lat'>&#39;</span> 
     </span>
    </p>
   </div>
   <div class='ocr_carea' id='block_1_76' title="bbox 2594 3189 2782 3245">
    <p class='ocr_par' dir='ltr' id='par_1_76' title="bbox 2594 3189 2782 3245">
     <span class='ocr_line' id='line_1_76' title="bbox 2594 3189 2782 3245; baseline 0.011 -2"><span class='ocrx_word' id='word_1_549' title='bbox 2594 3189 2782 3245; x_wconf 72' lang='lat' dir='ltr'><strong>XXIV.</strong></span> 
     </span>
    </p>
   </div>
   <div class='ocr_carea' id='block_1_77' title="bbox 1990 3326 3482 3401">
    <p class='ocr_par' dir='ltr' id='par_1_77' title="bbox 1990 3326 3482 3401">
     <span class='ocr_line' id='line_1_77' title="bbox 1990 3326 3482 3401; baseline 0.007 -22"><span class='ocrx_word' id='word_1_550' title='bbox 1990 3326 2104 3381; x_wconf 87' lang='lat' dir='ltr'><strong>Non</strong></span> <span class='ocrx_word' id='word_1_551' title='bbox 2134 3342 2351 3395; x_wconf 72' lang='lat' dir='ltr'><strong>possum</strong></span> <span class='ocrx_word' id='word_1_552' title='bbox 2404 3340 2509 3378; x_wconf 92' lang='lat' dir='ltr'><strong>non</strong></span> <span class='ocrx_word' id='word_1_553' title='bbox 2568 3328 2816 3393; x_wconf 80' lang='lat' dir='ltr'><strong>amplecti</strong></span> <span class='ocrx_word' id='word_1_554' title='bbox 2868 3330 3139 3383; x_wconf 86' lang='lat' dir='ltr'><strong>hominem</strong></span> <span class='ocrx_word' id='word_1_555' title='bbox 3201 3332 3482 3401; x_wconf 79' lang='lat' dir='ltr'><strong>vitantem,</strong></span> 
     </span>
    </p>
   </div>
   <div class='ocr_carea' id='block_1_78' title="bbox 1921 3419 3475 3488">
    <p class='ocr_par' dir='ltr' id='par_1_78' title="bbox 1921 3419 3475 3488">
     <span class='ocr_line' id='line_1_78' title="bbox 1921 3419 3475 3488; baseline 0.005 -17"><span class='ocrx_word' id='word_1_556' title='bbox 1921 3419 2185 3487; x_wconf 88' lang='lat' dir='ltr'><strong>quidquid</strong></span> <span class='ocrx_word' id='word_1_557' title='bbox 2214 3429 2297 3473; x_wconf 89' lang='lat' dir='ltr'><strong>est</strong></span> <span class='ocrx_word' id='word_1_558' title='bbox 2326 3420 2575 3471; x_wconf 88' lang='lat' dir='ltr'><strong>nimium.</strong></span> <span class='ocrx_word' id='word_1_559' title='bbox 2610 3421 2784 3488; x_wconf 77' lang='lat' dir='ltr'><strong>Atque</strong></span> <span class='ocrx_word' id='word_1_560' title='bbox 2818 3422 2962 3475; x_wconf 87' lang='lat' dir='ltr'><strong>hunc</strong></span> <span class='ocrx_word' id='word_1_561' title='bbox 3024 3439 3262 3477; x_wconf 90' lang='lat' dir='ltr'><strong>amorem</strong></span> <span class='ocrx_word' id='word_1_562' title='bbox 3296 3443 3475 3482; x_wconf 86' lang='lat' dir='ltr'><strong>meum</strong></span> 
     </span>
    </p>
   </div>
   <div class='ocr_carea' id='block_1_79' title="bbox 1836 3510 3484 3600">
    <p class='ocr_par' dir='ltr' id='par_1_79' title="bbox 1836 3510 3484 3600">
     <span class='ocr_line' id='line_1_79' title="bbox 1836 3510 3484 3600; baseline 0.008 -37"><span class='ocrx_word' id='word_1_563' title='bbox 1836 3540 1881 3600; x_wconf 69' lang='grc' dir='ltr'>ο</span> <span class='ocrx_word' id='word_1_564' title='bbox 1919 3514 2057 3565; x_wconf 86' lang='lat' dir='ltr'><strong>dicta</strong></span> <span class='ocrx_word' id='word_1_565' title='bbox 2108 3510 2635 3579; x_wconf 85' lang='lat' dir='ltr'><strong>sapientissimorum</strong></span> <span class='ocrx_word' id='word_1_566' title='bbox 2701 3510 3049 3573; x_wconf 83' lang='lat' dir='ltr'><strong>conﬁrmant,</strong></span> <span class='ocrx_word' id='word_1_567' title='bbox 3117 3518 3331 3569; x_wconf 87' lang='lat' dir='ltr'><strong>modum</strong></span> <span class='ocrx_word' id='word_1_568' title='bbox 3365 3535 3484 3575; x_wconf 83' lang='lat' dir='ltr'><strong>esse</strong></span> 
     </span>
    </p>
   </div>
   <div class='ocr_carea' id='block_1_80' title="bbox 1914 3596 3482 3672">
    <p class='ocr_par' dir='ltr' id='par_1_80' title="bbox 1914 3596 3482 3672">
     <span class='ocr_line' id='line_1_80' title="bbox 1914 3596 3482 3672; baseline 0.007 -20"><span class='ocrx_word' id='word_1_569' title='bbox 1914 3616 2025 3652; x_wconf 87' lang='lat' dir='ltr'><strong>rem</strong></span> <span class='ocrx_word' id='word_1_570' title='bbox 2061 3600 2317 3664; x_wconf 86' lang='lat' dir='ltr'><strong>optimam</strong></span> <span class='ocrx_word' id='word_1_571' title='bbox 2347 3614 2358 3647; x_wconf 90' lang='lat'><strong>:</strong></span> <span class='ocrx_word' id='word_1_572' title='bbox 2398 3606 2450 3649; x_wconf 91' lang='lat' dir='ltr'><strong>et</strong></span> <span class='ocrx_word' id='word_1_573' title='bbox 2475 3596 2550 3649; x_wconf 86' lang='lat' dir='ltr'><strong>Ne</strong></span> <span class='ocrx_word' id='word_1_574' title='bbox 2577 3598 2705 3665; x_wconf 90' lang='lat' dir='ltr'><strong>quid</strong></span> <span class='ocrx_word' id='word_1_575' title='bbox 2743 3601 2921 3663; x_wconf 87' lang='lat' dir='ltr'><strong>nimis,</strong></span> <span class='ocrx_word' id='word_1_576' title='bbox 2951 3601 3163 3670; x_wconf 88' lang='lat' dir='ltr'><strong>aliaque</strong></span> <span class='ocrx_word' id='word_1_577' title='bbox 3204 3605 3482 3672; x_wconf 82' lang='lat' dir='ltr'><strong>talia.Quo</strong></span> 
     </span>
    </p>
   </div>
   <div class='ocr_carea' id='block_1_81' title="bbox 1916 3690 3483 3762">
    <p class='ocr_par' dir='ltr' id='par_1_81' title="bbox 1916 3690 3483 3762">
     <span class='ocr_line' id='line_1_81' title="bbox 1916 3690 3483 3762; baseline 0.006 -18"><span class='ocrx_word' id='word_1_578' title='bbox 1916 3694 1993 3752; x_wconf 87' lang='lat' dir='ltr'><strong>Iit,</strong></span> <span class='ocrx_word' id='word_1_579' title='bbox 2018 3702 2077 3743; x_wconf 92' lang='lat' dir='ltr'><strong>ut</strong></span> <span class='ocrx_word' id='word_1_580' title='bbox 2121 3690 2264 3756; x_wconf 90' lang='lat' dir='ltr'><strong>quod</strong></span> <span class='ocrx_word' id='word_1_581' title='bbox 2300 3691 2516 3742; x_wconf 91' lang='lat' dir='ltr'><strong>modum</strong></span> <span class='ocrx_word' id='word_1_582' title='bbox 2545 3690 2728 3752; x_wconf 76' lang='lat' dir='ltr'><strong>habet,</strong></span> <span class='ocrx_word' id='word_1_583' title='bbox 2763 3702 2814 3744; x_wconf 83' lang='lat' dir='ltr'><strong>et</strong></span> <span class='ocrx_word' id='word_1_584' title='bbox 2847 3693 3080 3746; x_wconf 90' lang='lat' dir='ltr'><strong>medium</strong></span> <span class='ocrx_word' id='word_1_585' title='bbox 3126 3697 3216 3762; x_wconf 92' lang='lat' dir='ltr'><strong>qui</strong></span> <span class='ocrx_word' id='word_1_586' title='bbox 3250 3708 3352 3759; x_wconf 89' lang='lat' dir='ltr'><strong>est,</strong></span> <span class='ocrx_word' id='word_1_587' title='bbox 3375 3702 3483 3755; x_wconf 90' lang='lat' dir='ltr'><strong>alio</strong></span> 
     </span>
    </p>
   </div>
   <div class='ocr_carea' id='block_1_82' title="bbox 1912 3779 3474 3849">
    <p class='ocr_par' dir='ltr' id='par_1_82' title="bbox 1912 3779 3474 3849">
     <span class='ocr_line' id='line_1_82' title="bbox 1912 3779 3474 3849; baseline 0.008 -19"><span class='ocrx_word' id='word_1_588' title='bbox 1912 3783 2144 3849; x_wconf 88' lang='lat' dir='ltr'><strong>quodam</strong></span> <span class='ocrx_word' id='word_1_589' title='bbox 2188 3784 2346 3833; x_wconf 90' lang='lat' dir='ltr'><strong>modo</strong></span> <span class='ocrx_word' id='word_1_590' title='bbox 2383 3779 2507 3834; x_wconf 88' lang='lat' dir='ltr'><strong>boni</strong></span> <span class='ocrx_word' id='word_1_591' title='bbox 2550 3789 2800 3847; x_wconf 84' lang='lat' dir='ltr'><strong>respectu</strong></span> <span class='ocrx_word' id='word_1_592' title='bbox 2829 3782 2919 3834; x_wconf 72' lang='lat' dir='ltr'><strong>{int</strong></span> <span class='ocrx_word' id='word_1_593' title='bbox 2962 3793 3298 3841; x_wconf 78' lang='lat' dir='ltr'><strong>extremum.</strong></span> <span class='ocrx_word' id='word_1_594' title='bbox 3339 3788 3474 3842; x_wconf 82' lang='lat' dir='ltr'><strong>Ver-</strong></span> 
     </span>
    </p>
   </div>
   <div class='ocr_carea' id='block_1_83' title="bbox 1913 3872 3477 3940">
    <p class='ocr_par' dir='ltr' id='par_1_83' title="bbox 1913 3872 3477 3940">
     <span class='ocr_line' id='line_1_83' title="bbox 1913 3872 3477 3940; baseline 0.006 -16"><span class='ocrx_word' id='word_1_595' title='bbox 1913 3872 1994 3925; x_wconf 91' lang='lat' dir='ltr'><strong>bis</strong></span> <span class='ocrx_word' id='word_1_596' title='bbox 2020 3873 2148 3939; x_wconf 78' lang='lat' dir='ltr'><strong>ipsac</strong></span> <span class='ocrx_word' id='word_1_597' title='bbox 2172 3887 2257 3924; x_wconf 89' lang='lat' dir='ltr'><strong>res</strong></span> <span class='ocrx_word' id='word_1_598' title='bbox 2283 3872 2654 3931; x_wconf 83' lang='lat' dir='ltr'><strong>consentiunt,</strong></span> <span class='ocrx_word' id='word_1_599' title='bbox 2680 3881 2728 3924; x_wconf 89' lang='lat' dir='ltr'><strong>et</strong></span> <span class='ocrx_word' id='word_1_600' title='bbox 2758 3873 2811 3925; x_wconf 91' lang='lat' dir='ltr'><strong>in</strong></span> <span class='ocrx_word' id='word_1_601' title='bbox 2842 3874 3032 3940; x_wconf 90' lang='lat' dir='ltr'><strong>primis</strong></span> <span class='ocrx_word' id='word_1_602' title='bbox 3052 3875 3150 3929; x_wconf 87' lang='lat' dir='ltr'><strong>hoc</strong></span> <span class='ocrx_word' id='word_1_603' title='bbox 3174 3893 3286 3930; x_wconf 90' lang='lat' dir='ltr'><strong>rem</strong></span> <span class='ocrx_word' id='word_1_604' title='bbox 3315 3889 3477 3933; x_wconf 88' lang='lat' dir='ltr'><strong>totam</strong></span> 
     </span>
    </p>
   </div>
   <div class='ocr_carea' id='block_1_84' title="bbox 1912 3959 3476 4035">
    <p class='ocr_par' dir='ltr' id='par_1_84' title="bbox 1912 3959 3476 4035">
     <span class='ocr_line' id='line_1_84' title="bbox 1912 3959 3476 4035; baseline 0.006 -22"><span class='ocrx_word' id='word_1_605' title='bbox 1912 3960 2054 4013; x_wconf 84' lang='lat' dir='ltr'><strong>clare</strong></span> <span class='ocrx_word' id='word_1_606' title='bbox 2086 3961 2296 4028; x_wconf 86' lang='lat' dir='ltr'><strong>probat.</strong></span> <span class='ocrx_word' id='word_1_607' title='bbox 2321 3959 2492 4012; x_wconf 86' lang='lat' dir='ltr'><strong>Homo</strong></span> <span class='ocrx_word' id='word_1_608' title='bbox 2524 3976 2757 4030; x_wconf 86' lang='lat' dir='ltr'><strong>namque</strong></span> <span class='ocrx_word' id='word_1_609' title='bbox 2795 3964 3103 4018; x_wconf 78' lang='lat' dir='ltr'><strong>malitiosos</strong></span> <span class='ocrx_word' id='word_1_610' title='bbox 3134 3976 3187 4019; x_wconf 89' lang='lat' dir='ltr'><strong>et</strong></span> <span class='ocrx_word' id='word_1_611' title='bbox 3212 3969 3476 4035; x_wconf 86' lang='lat' dir='ltr'><strong>stolidus,</strong></span> 
     </span>
    </p>
   </div>
   <div class='ocr_carea' id='block_1_85' title="bbox 1913 4052 3478 4120">
    <p class='ocr_par' dir='ltr' id='par_1_85' title="bbox 1913 4052 3478 4120">
     <span class='ocr_line' id='line_1_85' title="bbox 1913 4052 3478 4120; baseline 0.006 -16"><span class='ocrx_word' id='word_1_612' title='bbox 1913 4053 2036 4105; x_wconf 86' lang='lat' dir='ltr'><strong>licet</strong></span> <span class='ocrx_word' id='word_1_613' title='bbox 2066 4062 2309 4105; x_wconf 80' lang='lat' dir='ltr'><strong>extreme</strong></span> <span class='ocrx_word' id='word_1_614' title='bbox 2335 4052 2537 4106; x_wconf 87' lang='lat' dir='ltr'><strong>distent</strong></span> <span class='ocrx_word' id='word_1_615' title='bbox 2561 4055 2698 4107; x_wconf 91' lang='lat' dir='ltr'><strong>alter</strong></span> <span class='ocrx_word' id='word_1_616' title='bbox 2728 4055 2795 4107; x_wconf 90' lang='lat' dir='ltr'><strong>ab</strong></span> <span class='ocrx_word' id='word_1_617' title='bbox 2824 4056 3021 4120; x_wconf 89' lang='lat' dir='ltr'><strong>altero,</strong></span> <span class='ocrx_word' id='word_1_618' title='bbox 3086 4067 3260 4111; x_wconf 85' lang='lat' dir='ltr'><strong>tamen</strong></span> <span class='ocrx_word' id='word_1_619' title='bbox 3315 4062 3478 4115; x_wconf 88' lang='lat' dir='ltr'><strong>ambo</strong></span> 
     </span>
    </p>
   </div>
   <div class='ocr_carea' id='block_1_86' title="bbox 1913 4144 3475 4216">
    <p class='ocr_par' dir='ltr' id='par_1_86' title="bbox 1913 4144 3475 4216">
     <span class='ocr_line' id='line_1_86' title="bbox 1913 4144 3475 4216; baseline 0.006 -21"><span class='ocrx_word' id='word_1_620' title='bbox 1913 4144 2038 4195; x_wconf 89' lang='lat' dir='ltr'><strong>mali</strong></span> <span class='ocrx_word' id='word_1_621' title='bbox 2072 4155 2238 4207; x_wconf 88' lang='lat' dir='ltr'><strong>sunt;</strong></span> <span class='ocrx_word' id='word_1_622' title='bbox 2279 4160 2377 4197; x_wconf 90' lang='lat' dir='ltr'><strong>nec</strong></span> <span class='ocrx_word' id='word_1_623' title='bbox 2420 4146 2567 4212; x_wconf 82' lang='lat' dir='ltr'><strong>quod</strong></span> <span class='ocrx_word' id='word_1_624' title='bbox 2631 4145 2865 4199; x_wconf 80' lang='lat' dir='ltr'><strong>invicem</strong></span> <span class='ocrx_word' id='word_1_625' title='bbox 2931 4148 3033 4201; x_wconf 89' lang='lat' dir='ltr'><strong>sibi</strong></span> <span class='ocrx_word' id='word_1_626' title='bbox 3092 4149 3475 4216; x_wconf 77' lang='lat' dir='ltr'><strong>adversantur,</strong></span> 
     </span>
    </p>
   </div>
   <div class='ocr_carea' id='block_1_87' title="bbox 1911 4235 3463 4305">
    <p class='ocr_par' dir='ltr' id='par_1_87' title="bbox 1911 4235 3463 4305">
     <span class='ocr_line' id='line_1_87' title="bbox 1911 4235 3463 4305; baseline 0.008 -20"><span class='ocrx_word' id='word_1_627' title='bbox 1911 4251 2017 4302; x_wconf 89' lang='lat' dir='ltr'><strong>quo</strong></span> <span class='ocrx_word' id='word_1_628' title='bbox 2076 4235 2256 4289; x_wconf 87' lang='lat' dir='ltr'><strong>minus</strong></span> <span class='ocrx_word' id='word_1_629' title='bbox 2287 4236 2448 4288; x_wconf 84' lang='lat' dir='ltr'><strong>simul</strong></span> <span class='ocrx_word' id='word_1_630' title='bbox 2480 4237 2639 4289; x_wconf 91' lang='lat' dir='ltr'><strong>ambo</strong></span> <span class='ocrx_word' id='word_1_631' title='bbox 2681 4237 2859 4290; x_wconf 86' lang='lat' dir='ltr'><strong>laudis</strong></span> <span class='ocrx_word' id='word_1_632' title='bbox 2891 4250 3142 4305; x_wconf 81' lang='lat' dir='ltr'><strong>expertes</strong></span> <span class='ocrx_word' id='word_1_633' title='bbox 3179 4244 3463 4305; x_wconf 83' lang='lat' dir='ltr'><strong>sint,-im-</strong></span> 
     </span>
    </p>
   </div>
   <div class='ocr_carea' id='block_1_88' title="bbox 1910 4324 3476 4393">
    <p class='ocr_par' dir='ltr' id='par_1_88' title="bbox 1910 4324 3476 4393">
     <span class='ocr_line' id='line_1_88' title="bbox 1910 4324 3476 4393; baseline 0.006 -17"><span class='ocrx_word' id='word_1_634' title='bbox 1910 4325 2077 4393; x_wconf 87' lang='lat' dir='ltr'><strong>pedit.</strong></span> <span class='ocrx_word' id='word_1_635' title='bbox 2104 4325 2239 4379; x_wconf 86' lang='lat' dir='ltr'><strong>Atsi</strong></span> <span class='ocrx_word' id='word_1_636' title='bbox 2275 4324 2400 4393; x_wconf 90' lang='lat' dir='ltr'><strong>quis</strong></span> <span class='ocrx_word' id='word_1_637' title='bbox 2448 4335 2502 4379; x_wconf 88' lang='lat' dir='ltr'><strong>et</strong></span> <span class='ocrx_word' id='word_1_638' title='bbox 2546 4328 2808 4380; x_wconf 89' lang='lat' dir='ltr'><strong>malitiam</strong></span> <span class='ocrx_word' id='word_1_639' title='bbox 2859 4329 3082 4391; x_wconf 80' lang='lat' dir='ltr'><strong>devitet,</strong></span> <span class='ocrx_word' id='word_1_640' title='bbox 3135 4339 3189 4383; x_wconf 89' lang='lat' dir='ltr'><strong>et</strong></span> <span class='ocrx_word' id='word_1_641' title='bbox 3227 4332 3476 4386; x_wconf 86' lang='lat' dir='ltr'><strong>stolidam</strong></span> 
     </span>
    </p>
   </div>
   <div class='ocr_carea' id='block_1_89' title="bbox 1911 4415 3473 4480">
    <p class='ocr_par' dir='ltr' id='par_1_89' title="bbox 1911 4415 3473 4480">
     <span class='ocr_line' id='line_1_89' title="bbox 1911 4415 3473 4480; baseline 0.004 -11"><span class='ocrx_word' id='word_1_642' title='bbox 1911 4415 2341 4480; x_wconf 83' lang='lat' dir='ltr'><strong>simplicitatem,</strong></span> <span class='ocrx_word' id='word_1_643' title='bbox 2370 4416 2415 4469; x_wconf 93' lang='lat' dir='ltr'><strong>is</strong></span> <span class='ocrx_word' id='word_1_644' title='bbox 2454 4432 2575 4469; x_wconf 90' lang='lat' dir='ltr'><strong>cum</strong></span> <span class='ocrx_word' id='word_1_645' title='bbox 2632 4418 2951 4472; x_wconf 79' lang='lat' dir='ltr'><strong>dexteritate</strong></span> <span class='ocrx_word' id='word_1_646' title='bbox 2994 4430 3229 4473; x_wconf 90' lang='lat' dir='ltr'><strong>mentem</strong></span> <span class='ocrx_word' id='word_1_647' title='bbox 3272 4422 3473 4476; x_wconf 84' lang='lat' dir='ltr'><strong>habere</strong></span> 
     </span>
    </p>
   </div>
   <div class='ocr_carea' id='block_1_90' title="bbox 1911 4505 3475 4574">
    <p class='ocr_par' dir='ltr' id='par_1_90' title="bbox 1911 4505 3475 4574">
     <span class='ocr_line' id='line_1_90' title="bbox 1911 4505 3475 4574; baseline 0.004 -17"><span class='ocrx_word' id='word_1_648' title='bbox 1911 4505 2377 4574; x_wconf 83' lang='lat' dir='ltr'><strong>deprehendetur,</strong></span> <span class='ocrx_word' id='word_1_649' title='bbox 2413 4517 2466 4558; x_wconf 89' lang='lat' dir='ltr'><strong>et</strong></span> <span class='ocrx_word' id='word_1_650' title='bbox 2500 4507 2724 4559; x_wconf 90' lang='lat' dir='ltr'><strong>omnino</strong></span> <span class='ocrx_word' id='word_1_651' title='bbox 2758 4508 2933 4562; x_wconf 89' lang='lat' dir='ltr'><strong>bonus</strong></span> <span class='ocrx_word' id='word_1_652' title='bbox 2967 4512 3089 4563; x_wconf 90' lang='lat' dir='ltr'><strong>erit.</strong></span> <span class='ocrx_word' id='word_1_653' title='bbox 3130 4509 3284 4564; x_wconf 87' lang='lat' dir='ltr'><strong>Unde</strong></span> <span class='ocrx_word' id='word_1_654' title='bbox 3339 4527 3475 4564; x_wconf 77' lang='lat' dir='ltr'><strong>con-</strong></span> 
     </span>
    </p>
   </div>
   <div class='ocr_carea' id='block_1_91' title="bbox 1910 4596 3473 4662">
    <p class='ocr_par' dir='ltr' id='par_1_91' title="bbox 1910 4596 3473 4662">
     <span class='ocr_line' id='line_1_91' title="bbox 1910 4596 3473 4662; baseline 0.004 -14"><span class='ocrx_word' id='word_1_655' title='bbox 1910 4605 2036 4659; x_wconf 82' lang='lat' dir='ltr'><strong>stat,</strong></span> <span class='ocrx_word' id='word_1_656' title='bbox 2083 4598 2212 4650; x_wconf 86' lang='lat' dir='ltr'><strong>lines</strong></span> <span class='ocrx_word' id='word_1_657' title='bbox 2232 4611 2353 4650; x_wconf 88' lang='lat' dir='ltr'><strong>esse</strong></span> <span class='ocrx_word' id='word_1_658' title='bbox 2383 4596 2572 4661; x_wconf 85' lang='lat' dir='ltr'><strong>malos,</strong></span> <span class='ocrx_word' id='word_1_659' title='bbox 2611 4607 2664 4649; x_wconf 90' lang='lat' dir='ltr'><strong>et</strong></span> <span class='ocrx_word' id='word_1_660' title='bbox 2695 4598 2889 4661; x_wconf 88' lang='lat' dir='ltr'><strong>media,</strong></span> <span class='ocrx_word' id='word_1_661' title='bbox 2938 4600 3054 4652; x_wconf 86' lang='lat' dir='ltr'><strong>vice</strong></span> <span class='ocrx_word' id='word_1_662' title='bbox 3102 4615 3277 4662; x_wconf 86' lang='lat' dir='ltr'><strong>versa,</strong></span> <span class='ocrx_word' id='word_1_663' title='bbox 3311 4601 3473 4654; x_wconf 89' lang='lat' dir='ltr'><strong>bona.</strong></span> 
     </span>
    </p>
   </div>
   <div class='ocr_carea' id='block_1_92' title="bbox 1910 4687 3476 4754">
    <p class='ocr_par' dir='ltr' id='par_1_92' title="bbox 1910 4687 3476 4754">
     <span class='ocr_line' id='line_1_92' title="bbox 1910 4687 3476 4754; baseline 0.004 -15"><span class='ocrx_word' id='word_1_664' title='bbox 1910 4687 2144 4749; x_wconf 82' lang='lat' dir='ltr'><strong>Rursus,</strong></span> <span class='ocrx_word' id='word_1_665' title='bbox 2206 4687 2450 4740; x_wconf 89' lang='lat' dir='ltr'><strong>invidere</strong></span> <span class='ocrx_word' id='word_1_666' title='bbox 2506 4689 3076 4754; x_wconf 72' lang='lat' dir='ltr'><strong>pra-stantissimorum</strong></span> <span class='ocrx_word' id='word_1_667' title='bbox 3106 4690 3336 4744; x_wconf 80' lang='lat' dir='ltr'><strong>fortibus</strong></span> <span class='ocrx_word' id='word_1_668' title='bbox 3365 4691 3476 4746; x_wconf 80' lang='lat' dir='ltr'><strong>fac-</strong></span> 
     </span>
    </p>
   </div>
   <div class='ocr_carea' id='block_1_93' title="bbox 1910 4778 3470 4850">
    <p class='ocr_par' dir='ltr' id='par_1_93' title="bbox 1910 4778 3470 4850">
     <span class='ocr_line' id='line_1_93' title="bbox 1910 4778 3470 4850; baseline 0.004 -22"><span class='ocrx_word' id='word_1_669' title='bbox 1910 4778 2001 4840; x_wconf 87' lang='lat' dir='ltr'><strong>tis,</strong></span> <span class='ocrx_word' id='word_1_670' title='bbox 2041 4788 2093 4830; x_wconf 89' lang='lat' dir='ltr'><strong>et</strong></span> <span class='ocrx_word' id='word_1_671' title='bbox 2129 4778 2458 4830; x_wconf 84' lang='lat' dir='ltr'><strong>econtrario</strong></span> <span class='ocrx_word' id='word_1_672' title='bbox 2498 4778 2703 4829; x_wconf 89' lang='lat' dir='ltr'><strong>nullum</strong></span> <span class='ocrx_word' id='word_1_673' title='bbox 2731 4780 2934 4831; x_wconf 89' lang='lat' dir='ltr'><strong>sentire</strong></span> <span class='ocrx_word' id='word_1_674' title='bbox 2988 4781 3296 4843; x_wconf 85' lang='lat' dir='ltr'><strong>stimulum,</strong></span> <span class='ocrx_word' id='word_1_675' title='bbox 3348 4800 3470 4850; x_wconf 73' lang='lat' dir='ltr'><strong>qua:</strong></span> 
     </span>
    </p>
   </div>
   <div class='ocr_carea' id='block_1_94' title="bbox 221 4857 1802 4941">
    <p class='ocr_par' dir='ltr' id='par_1_94' title="bbox 221 4867 1793 4941">
     <span class='ocr_line' id='line_1_94' title="bbox 221 4867 1793 4941; baseline -0.003 -15"><span class='ocrx_word' id='word_1_676' title='bbox 221 4874 323 4926; x_wconf 72' lang='grc' dir='ltr'>καὶ</span> <span class='ocrx_word' id='word_1_677' title='bbox 355 4874 639 4940; x_wconf 85' lang='grc' dir='ltr'>ἀμφότερα</span> <span class='ocrx_word' id='word_1_678' title='bbox 671 4873 929 4941; x_wconf 73' lang='grc' dir='ltr'>βλαϐερὰ,</span> <span class='ocrx_word' id='word_1_679' title='bbox 962 4872 1031 4922; x_wconf 83' lang='grc' dir='ltr'><strong>δι’</strong></span> <span class='ocrx_word' id='word_1_680' title='bbox 1063 4872 1215 4923; x_wconf 78' lang='grc' dir='ltr'>οὐδὲν</span> <span class='ocrx_word' id='word_1_681' title='bbox 1252 4872 1436 4940; x_wconf 76' lang='grc' dir='ltr'>ἕτερον</span> <span class='ocrx_word' id='word_1_682' title='bbox 1464 4867 1639 4939; x_wconf 79' lang='grc' dir='ltr'>οἶμαι,</span> <span class='ocrx_word' id='word_1_683' title='bbox 1670 4872 1702 4938; x_wconf 80' lang='grc' dir='ltr'><strong>ἢ</strong></span> <span class='ocrx_word' id='word_1_684' title='bbox 1736 4871 1793 4922; x_wconf 71' lang='grc' dir='ltr'><strong>τὸ</strong></span> 
     </span>
    </p>
   </div>
   <div class='ocr_carea' id='block_1_95' title="bbox 1836 4857 3469 4941">
    <p class='ocr_par' dir='ltr' id='par_1_95' title="bbox 1836 4857 3469 4939">
     <span class='ocr_line' id='line_1_95' title="bbox 1836 4857 3469 4939; baseline 0.001 -16"><span class='ocrx_word' id='word_1_685' title='bbox 1836 4857 2137 4923; x_wconf 81' lang='lat' dir='ltr'><strong>Diuvicem</strong></span> <span class='ocrx_word' id='word_1_686' title='bbox 2195 4870 2295 4922; x_wconf 86' lang='lat' dir='ltr'><strong>sibi</strong></span> <span class='ocrx_word' id='word_1_687' title='bbox 2354 4870 2733 4928; x_wconf 80' lang='lat' dir='ltr'><strong>adversantur.</strong></span> <span class='ocrx_word' id='word_1_688' title='bbox 2796 4872 3033 4924; x_wconf 77' lang='lat' dir='ltr'><strong>maxime</strong></span> <span class='ocrx_word' id='word_1_689' title='bbox 3095 4873 3469 4939; x_wconf 65' lang='lat' dir='ltr'><strong>vituperabilis</strong></span> 
     </span>
    </p>
   </div>
   <div class='ocr_carea' id='block_1_96' title="bbox 222 4960 1794 5031">
    <p class='ocr_par' dir='ltr' id='par_1_96' title="bbox 222 4960 1794 5031">
     <span class='ocr_line' id='line_1_96' title="bbox 222 4960 1794 5031; baseline -0.004 -16"><span class='ocrx_word' id='word_1_690' title='bbox 222 4963 367 5031; x_wconf 80' lang='grc' dir='ltr'>πρὸς</span> <span class='ocrx_word' id='word_1_691' title='bbox 398 4962 495 5029; x_wconf 81' lang='grc' dir='ltr'>τὴν</span> <span class='ocrx_word' id='word_1_692' title='bbox 522 4962 788 5030; x_wconf 79' lang='grc' dir='ltr'>ἀμετρίαν</span> <span class='ocrx_word' id='word_1_693' title='bbox 825 4962 1008 5027; x_wconf 80' lang='grc' dir='ltr'>ἄκρως</span> <span class='ocrx_word' id='word_1_694' title='bbox 1041 4960 1265 5028; x_wconf 83' lang='grc' dir='ltr'>ἀφῖχθαι</span> <span class='ocrx_word' id='word_1_695' title='bbox 1294 4975 1308 4990; x_wconf 77' lang='grc'><strong>⁸</strong></span> <span class='ocrx_word' id='word_1_696' title='bbox 1359 4960 1479 5011; x_wconf 86' lang='grc' dir='ltr'>ἐπεί</span> <span class='ocrx_word' id='word_1_697' title='bbox 1508 4977 1569 5025; x_wconf 90' lang='grc' dir='ltr'><strong>γε</strong></span> <span class='ocrx_word' id='word_1_698' title='bbox 1601 4961 1662 5011; x_wconf 78' lang='grc' dir='ltr'>τὸ</span> <span class='ocrx_word' id='word_1_699' title='bbox 1696 4961 1794 5028; x_wconf 76' lang='grc' dir='ltr'><strong>ζη-</strong></span> 
     </span>
    </p>
   </div>
   <div class='ocr_carea' id='block_1_97' title="bbox 220 5050 1795 5119">
    <p class='ocr_par' dir='ltr' id='par_1_97' title="bbox 220 5050 1795 5119">
     <span class='ocr_line' id='line_1_97' title="bbox 220 5050 1795 5119; baseline -0.001 -14"><span class='ocrx_word' id='word_1_700' title='bbox 220 5056 464 5105; x_wconf 85' lang='grc' dir='ltr'>λότυπον</span> <span class='ocrx_word' id='word_1_701' title='bbox 526 5053 694 5117; x_wconf 74' lang='grc' dir='ltr'>ψιλῶς</span> <span class='ocrx_word' id='word_1_702' title='bbox 756 5051 1073 5119; x_wconf 83' lang='grc' dir='ltr'>ἐμπεφυκὸς</span> <span class='ocrx_word' id='word_1_703' title='bbox 1129 5056 1192 5119; x_wconf 81' lang='grc' dir='ltr'>τῇ</span> <span class='ocrx_word' id='word_1_704' title='bbox 1246 5053 1389 5119; x_wconf 78' lang='grc' dir='ltr'>ψυχῇ</span> <span class='ocrx_word' id='word_1_705' title='bbox 1438 5050 1504 5103; x_wconf 81' lang='grc' dir='ltr'><strong>δι’</strong></span> <span class='ocrx_word' id='word_1_706' title='bbox 1560 5051 1795 5104; x_wconf 84' lang='grc' dir='ltr'>ἐπαίνων</span> 
     </span>
    </p>
   </div>
   <div class='ocr_carea' id='block_1_98' title="bbox 220 5142 1797 5213">
    <p class='ocr_par' dir='ltr' id='par_1_98' title="bbox 220 5142 1797 5213">
     <span class='ocr_line' id='line_1_98' title="bbox 220 5142 1797 5213; baseline -0.003 -15"><span class='ocrx_word' id='word_1_707' title='bbox 220 5147 431 5213; x_wconf 77' lang='grc' dir='ltr'>ἔρωτα,</span> <span class='ocrx_word' id='word_1_708' title='bbox 453 5143 574 5195; x_wconf 72' lang='grc' dir='ltr'>οὔτε</span> <span class='ocrx_word' id='word_1_709' title='bbox 606 5145 740 5210; x_wconf 77' lang='grc' dir='ltr'>πρὸς</span> <span class='ocrx_word' id='word_1_710' title='bbox 769 5144 959 5209; x_wconf 85' lang='grc' dir='ltr'>φθόνον</span> <span class='ocrx_word' id='word_1_711' title='bbox 990 5144 1353 5213; x_wconf 78' lang='grc' dir='ltr'>ὑπερελασαν,</span> <span class='ocrx_word' id='word_1_712' title='bbox 1375 5142 1468 5193; x_wconf 78' lang='grc' dir='ltr'>καὶ</span> <span class='ocrx_word' id='word_1_713' title='bbox 1508 5143 1607 5210; x_wconf 86' lang='grc' dir='ltr'>τὴν</span> <span class='ocrx_word' id='word_1_714' title='bbox 1637 5144 1797 5194; x_wconf 83' lang='grc' dir='ltr'>ἀναλ-</span> 
     </span>
    </p>
   </div>
   <div class='ocr_carea' id='block_1_99' title="bbox 219 5230 1794 5303">
    <p class='ocr_par' dir='ltr' id='par_1_99' title="bbox 219 5230 1794 5303">
     <span class='ocr_line' id='line_1_99' title="bbox 219 5230 1794 5303; baseline -0.003 -17"><span class='ocrx_word' id='word_1_715' title='bbox 219 5236 448 5303; x_wconf 72' lang='grc' dir='ltr'>γησίαν,</span> <span class='ocrx_word' id='word_1_716' title='bbox 484 5236 567 5299; x_wconf 80' lang='grc' dir='ltr'>ἐφ’</span> <span class='ocrx_word' id='word_1_717' title='bbox 602 5230 680 5294; x_wconf 80' lang='grc' dir='ltr'>οἷς</span> <span class='ocrx_word' id='word_1_718' title='bbox 715 5233 774 5285; x_wconf 84' lang='grc' dir='ltr'><strong>ού</strong></span> <span class='ocrx_word' id='word_1_719' title='bbox 824 5233 965 5295; x_wconf 79' lang='grc' dir='ltr'>δέον,</span> <span class='ocrx_word' id='word_1_720' title='bbox 998 5232 1293 5297; x_wconf 85' lang='grc' dir='ltr'>διαφυγόν·</span> <span class='ocrx_word' id='word_1_721' title='bbox 1332 5232 1583 5299; x_wconf 83' lang='grc' dir='ltr'>μεσότης,</span> <span class='ocrx_word' id='word_1_722' title='bbox 1614 5230 1794 5301; x_wconf 72' lang='grc' dir='ltr'>οἶμαι,</span> 
     </span>
    </p>
   </div>
   <div class='ocr_carea' id='block_1_100' title="bbox 219 5321 1798 5391">
    <p class='ocr_par' dir='ltr' id='par_1_100' title="bbox 219 5321 1798 5391">
     <span class='ocr_line' id='line_1_100' title="bbox 219 5321 1798 5391; baseline -0.003 -16"><span class='ocrx_word' id='word_1_723' title='bbox 219 5324 429 5391; x_wconf 79' lang='grc' dir='ltr'>γένοιτ’</span> <span class='ocrx_word' id='word_1_724' title='bbox 478 5324 545 5374; x_wconf 84' lang='grc' dir='ltr'>ἂν</span> <span class='ocrx_word' id='word_1_725' title='bbox 594 5322 824 5374; x_wconf 78' lang='grc' dir='ltr'>τουτωνὶ</span> <span class='ocrx_word' id='word_1_726' title='bbox 870 5323 979 5373; x_wconf 90' lang='grc' dir='ltr'><strong>τῶν</strong></span> <span class='ocrx_word' id='word_1_727' title='bbox 1029 5324 1288 5372; x_wconf 86' lang='grc' dir='ltr'>ἐναντίων</span> <span class='ocrx_word' id='word_1_728' title='bbox 1322 5321 1527 5382; x_wconf 84' lang='grc' dir='ltr'>κακῶν,</span> <span class='ocrx_word' id='word_1_729' title='bbox 1558 5324 1653 5374; x_wconf 75' lang='grc' dir='ltr'><strong>καὶ</strong></span> <span class='ocrx_word' id='word_1_730' title='bbox 1680 5337 1798 5387; x_wconf 89' lang='grc' dir='ltr'>κρι-</span> 
     </span>
    </p>
   </div>
   <div class='ocr_carea' id='block_1_101' title="bbox 219 5410 1795 5481">
    <p class='ocr_par' dir='ltr' id='par_1_101' title="bbox 219 5410 1795 5481">
     <span class='ocr_line' id='line_1_101' title="bbox 219 5410 1795 5481; baseline -0.006 -13"><span class='ocrx_word' id='word_1_731' title='bbox 219 5417 461 5478; x_wconf 74' lang='grc' dir='ltr'>θήσεται</span> <span class='ocrx_word' id='word_1_732' title='bbox 492 5415 750 5481; x_wconf 85' lang='grc' dir='ltr'>χρηστόν.</span> <span class='ocrx_word' id='word_1_733' title='bbox 785 5412 881 5479; x_wconf 84' lang='grc' dir='ltr'><strong>Είη</strong></span> <span class='ocrx_word' id='word_1_734' title='bbox 911 5411 1019 5480; x_wconf 81' lang='grc' dir='ltr'>γὰρ</span> <span class='ocrx_word' id='word_1_735' title='bbox 1053 5412 1118 5462; x_wconf 87' lang='grc' dir='ltr'>ἂν</span> <span class='ocrx_word' id='word_1_736' title='bbox 1144 5410 1413 5479; x_wconf 78' lang='grc' dir='ltr'>δήπουθεν</span> <span class='ocrx_word' id='word_1_737' title='bbox 1446 5410 1795 5477; x_wconf 82' lang='grc' dir='ltr'>φρονήματος</span> 
     </span>
    </p>
   </div>
   <div class='ocr_carea' id='block_1_102' title="bbox 220 5501 1792 5574">
    <p class='ocr_par' dir='ltr' id='par_1_102' title="bbox 220 5501 1792 5574">
     <span class='ocr_line' id='line_1_102' title="bbox 220 5501 1792 5574; baseline -0.003 -18"><span class='ocrx_word' id='word_1_738' title='bbox 220 5506 463 5574; x_wconf 68' lang='grc' dir='ltr'>καρπὸς,</span> <span class='ocrx_word' id='word_1_739' title='bbox 494 5503 946 5572; x_wconf 71' lang='grc' dir='ltr'>παρακαλοῦντος</span> <span class='ocrx_word' id='word_1_740' title='bbox 997 5505 1075 5564; x_wconf 81' lang='grc' dir='ltr'><strong>είς</strong></span> <span class='ocrx_word' id='word_1_741' title='bbox 1137 5503 1376 5569; x_wconf 83' lang='grc' dir='ltr'>ἀρετήν’</span> <span class='ocrx_word' id='word_1_742' title='bbox 1430 5504 1481 5553; x_wconf 83' lang='grc' dir='ltr'>εῐ</span> <span class='ocrx_word' id='word_1_743' title='bbox 1529 5518 1589 5567; x_wconf 86' lang='grc' dir='ltr'><strong>γε</strong></span> <span class='ocrx_word' id='word_1_744' title='bbox 1636 5501 1792 5563; x_wconf 80' lang='grc' dir='ltr'>δίδως</span> 
     </span>
    </p>
   </div>
   <div class='ocr_carea' id='block_1_103' title="bbox 216 5593 1794 5661">
    <p class='ocr_par' dir='ltr' id='par_1_103' title="bbox 216 5593 1794 5661">
     <span class='ocr_line' id='line_1_103' title="bbox 216 5593 1794 5661; baseline -0.001 -14"><span class='ocrx_word' id='word_1_745' title='bbox 216 5594 369 5648; x_wconf 82' lang='grc' dir='ltr'>εἶναι</span> <span class='ocrx_word' id='word_1_746' title='bbox 414 5593 657 5645; x_wconf 79' lang='grc' dir='ltr'>τοιοῦτον</span> <span class='ocrx_word' id='word_1_747' title='bbox 697 5595 756 5643; x_wconf 69' lang='grc' dir='ltr'>τὸ</span> <span class='ocrx_word' id='word_1_748' title='bbox 789 5595 865 5661; x_wconf 85' lang='grc' dir='ltr'>μὴ</span> <span class='ocrx_word' id='word_1_749' title='bbox 911 5594 1193 5645; x_wconf 76' lang='grc' dir='ltr'>καθεύδειν</span> <span class='ocrx_word' id='word_1_750' title='bbox 1239 5594 1499 5644; x_wconf 87' lang='grc' dir='ltr'>δύνασθαι</span> <span class='ocrx_word' id='word_1_751' title='bbox 1553 5595 1643 5644; x_wconf 70' lang='grc' dir='ltr'><strong>τὸν</strong></span> <span class='ocrx_word' id='word_1_752' title='bbox 1693 5594 1794 5645; x_wconf 85' lang='grc' dir='ltr'><strong>Θε-</strong></span> 
     </span>
    </p>
   </div>
   <div class='ocr_carea' id='block_1_104' title="bbox 220 5686 1630 5755">
    <p class='ocr_par' dir='ltr' id='par_1_104' title="bbox 220 5686 1630 5755">
     <span class='ocr_line' id='line_1_104' title="bbox 220 5686 1630 5755; baseline 0.001 -17"><span class='ocrx_word' id='word_1_753' title='bbox 220 5686 527 5755; x_wconf 83' lang='grc' dir='ltr'>μιστοκλέα</span> <span class='ocrx_word' id='word_1_754' title='bbox 584 5686 661 5754; x_wconf 82' lang='grc' dir='ltr'><strong>τῷ</strong></span> <span class='ocrx_word' id='word_1_755' title='bbox 690 5687 981 5738; x_wconf 80' lang='grc' dir='ltr'>Μιλτιάδου</span> <span class='ocrx_word' id='word_1_756' title='bbox 1014 5686 1258 5755; x_wconf 85' lang='grc' dir='ltr'>τροπαίῳ</span> <span class='ocrx_word' id='word_1_757' title='bbox 1286 5688 1630 5754; x_wconf 74' lang='grc' dir='ltr'>δακνόμενον.</span> 
     </span>
    </p>
   </div>
   <div class='ocr_carea' id='block_1_105' title="bbox 1902 4961 3470 5028">
    <p class='ocr_par' dir='ltr' id='par_1_105' title="bbox 1902 4961 3470 5028">
     <span class='ocr_line' id='line_1_105' title="bbox 1902 4961 3470 5028; baseline 0.001 -15"><span class='ocrx_word' id='word_1_758' title='bbox 1902 4972 2049 5014; x_wconf 91' lang='lat' dir='ltr'><strong>sunt.</strong></span> <span class='ocrx_word' id='word_1_759' title='bbox 2086 4961 2221 5013; x_wconf 84' lang='lat' dir='ltr'><strong>Illud</strong></span> <span class='ocrx_word' id='word_1_760' title='bbox 2247 4961 2392 5013; x_wconf 87' lang='lat' dir='ltr'><strong>enim</strong></span> <span class='ocrx_word' id='word_1_761' title='bbox 2444 4961 2644 5011; x_wconf 81' lang='lat' dir='ltr'><strong>malum</strong></span> <span class='ocrx_word' id='word_1_762' title='bbox 2697 4969 2780 5012; x_wconf 86' lang='lat' dir='ltr'><strong>est</strong></span> <span class='ocrx_word' id='word_1_763' title='bbox 2826 4962 3314 5028; x_wconf 88' lang='lat' dir='ltr'><strong>antiquissimum:</strong></span> <span class='ocrx_word' id='word_1_764' title='bbox 3371 4965 3470 5015; x_wconf 84' lang='lat' dir='ltr'><strong>hoc</strong></span> 
     </span>
    </p>
   </div>
   <div class='ocr_carea' id='block_1_106' title="bbox 1903 5051 3479 5121">
    <p class='ocr_par' dir='ltr' id='par_1_106' title="bbox 1903 5051 3479 5121">
     <span class='ocr_line' id='line_1_106' title="bbox 1903 5051 3479 5121; baseline 0.002 -20"><span class='ocrx_word' id='word_1_765' title='bbox 1903 5051 2133 5103; x_wconf 80' lang='lat' dir='ltr'><strong>alterum</strong></span> <span class='ocrx_word' id='word_1_766' title='bbox 2167 5066 2193 5103; x_wconf 89' lang='lat' dir='ltr'><strong>a</strong></span> <span class='ocrx_word' id='word_1_767' title='bbox 2229 5051 2451 5103; x_wconf 70' lang='lat' dir='ltr'><strong>mollitie</strong></span> <span class='ocrx_word' id='word_1_768' title='bbox 2512 5051 2923 5117; x_wconf 72' lang='lat' dir='ltr'><strong>proﬁciscitur:</strong></span> <span class='ocrx_word' id='word_1_769' title='bbox 2987 5063 3219 5116; x_wconf 86' lang='lat' dir='ltr'><strong>utraque</strong></span> <span class='ocrx_word' id='word_1_770' title='bbox 3281 5057 3479 5121; x_wconf 41' lang='lat' dir='ltr'><strong>noxia,‘</strong></span> 
     </span>
    </p>
   </div>
   <div class='ocr_carea' id='block_1_107' title="bbox 1904 5138 3465 5210">
    <p class='ocr_par' dir='ltr' id='par_1_107' title="bbox 1904 5138 3465 5210">
     <span class='ocr_line' id='line_1_107' title="bbox 1904 5138 3465 5210; baseline 0.004 -20"><span class='ocrx_word' id='word_1_771' title='bbox 1904 5138 2101 5190; x_wconf 87' lang='lat' dir='ltr'><strong>nullam</strong></span> <span class='ocrx_word' id='word_1_772' title='bbox 2136 5139 2393 5206; x_wconf 83' lang='lat' dir='ltr'><strong>(opinor)</strong></span> <span class='ocrx_word' id='word_1_773' title='bbox 2454 5139 2521 5190; x_wconf 91' lang='lat' dir='ltr'><strong>ob</strong></span> <span class='ocrx_word' id='word_1_774' title='bbox 2548 5140 2704 5189; x_wconf 73' lang='lat' dir='ltr'><strong>aliam</strong></span> <span class='ocrx_word' id='word_1_775' title='bbox 2740 5155 2981 5203; x_wconf 87' lang='lat' dir='ltr'><strong>causam,</strong></span> <span class='ocrx_word' id='word_1_776' title='bbox 3050 5142 3150 5192; x_wconf 71' lang='grc' dir='ltr'><strong>ιιίδὶ</strong></span> <span class='ocrx_word' id='word_1_777' title='bbox 3202 5144 3341 5210; x_wconf 86' lang='lat' dir='ltr'><strong>quod</strong></span> <span class='ocrx_word' id='word_1_778' title='bbox 3397 5145 3465 5196; x_wconf 85' lang='lat' dir='ltr'><strong>ad</strong></span> 
     </span>
    </p>
   </div>
   <div class='ocr_carea' id='block_1_108' title="bbox 1906 5228 3468 5300">
    <p class='ocr_par' dir='ltr' id='par_1_108' title="bbox 1906 5228 3468 5300">
     <span class='ocr_line' id='line_1_108' title="bbox 1906 5228 3468 5300; baseline 0.003 -19"><span class='ocrx_word' id='word_1_779' title='bbox 1906 5229 2131 5281; x_wconf 86' lang='lat' dir='ltr'><strong>nimium</strong></span> <span class='ocrx_word' id='word_1_780' title='bbox 2166 5236 2409 5281; x_wconf 79' lang='lat' dir='ltr'><strong>extreme</strong></span> <span class='ocrx_word' id='word_1_781' title='bbox 2442 5232 2680 5282; x_wconf 82' lang='lat' dir='ltr'><strong>tendant.</strong></span> <span class='ocrx_word' id='word_1_782' title='bbox 2715 5228 2846 5281; x_wconf 70' lang='lat' dir='ltr'><strong>Nam</strong></span> <span class='ocrx_word' id='word_1_783' title='bbox 2899 5232 3195 5289; x_wconf 69' lang='lat' dir='ltr'><strong>a‘tllllittlit).</strong></span> <span class='ocrx_word' id='word_1_784' title='bbox 3258 5235 3468 5300; x_wconf 87' lang='lat' dir='ltr'><strong>simpli-</strong></span> 
     </span>
    </p>
   </div>
   <div class='ocr_carea' id='block_1_109' title="bbox 1902 5321 3463 5389">
    <p class='ocr_par' dir='ltr' id='par_1_109' title="bbox 1902 5321 3463 5389">
     <span class='ocr_line' id='line_1_109' title="bbox 1902 5321 3463 5389; baseline 0.001 -15"><span class='ocrx_word' id='word_1_785' title='bbox 1902 5321 2037 5374; x_wconf 91' lang='lat' dir='ltr'><strong>citer</strong></span> <span class='ocrx_word' id='word_1_786' title='bbox 2062 5321 2244 5372; x_wconf 82' lang='lat' dir='ltr'><strong>animo</strong></span> <span class='ocrx_word' id='word_1_787' title='bbox 2279 5332 2497 5388; x_wconf 82' lang='lat' dir='ltr'><strong>propter</strong></span> <span class='ocrx_word' id='word_1_788' title='bbox 2538 5321 2887 5387; x_wconf 80' lang='lat' dir='ltr'><strong>cupiditatem</strong></span> <span class='ocrx_word' id='word_1_789' title='bbox 2950 5324 3123 5375; x_wconf 84' lang='lat' dir='ltr'><strong>laudis</strong></span> <span class='ocrx_word' id='word_1_790' title='bbox 3178 5323 3362 5389; x_wconf 86' lang='lat' dir='ltr'><strong>insita,</strong></span> <span class='ocrx_word' id='word_1_791' title='bbox 3417 5326 3463 5379; x_wconf 87' lang='lat' dir='ltr'><strong>si</strong></span> 
     </span>
    </p>
   </div>
   <div class='ocr_carea' id='block_1_110' title="bbox 1900 5410 3465 5480">
    <p class='ocr_par' dir='ltr' id='par_1_110' title="bbox 1900 5410 3465 5480">
     <span class='ocr_line' id='line_1_110' title="bbox 1900 5410 3465 5480; baseline 0.001 -17"><span class='ocrx_word' id='word_1_792' title='bbox 1900 5411 2092 5464; x_wconf 35' lang='lat' dir='ltr'><strong>uec‘ad</strong></span> <span class='ocrx_word' id='word_1_793' title='bbox 2122 5410 2381 5463; x_wconf 75' lang='lat' dir='ltr'><strong>invidiam</strong></span> <span class='ocrx_word' id='word_1_794' title='bbox 2436 5412 2724 5477; x_wconf 68' lang='lat' dir='ltr'><strong>cxwrbitet,</strong></span> <span class='ocrx_word' id='word_1_795' title='bbox 2792 5429 2855 5465; x_wconf 92' lang='lat' dir='ltr'><strong>ac</strong></span> <span class='ocrx_word' id='word_1_796' title='bbox 2923 5425 3198 5480; x_wconf 83' lang='lat' dir='ltr'><strong>stuporem</strong></span> <span class='ocrx_word' id='word_1_797' title='bbox 3262 5414 3465 5467; x_wconf 87' lang='lat' dir='ltr'><strong>doleris</strong></span> 
     </span>
    </p>
   </div>
   <div class='ocr_carea' id='block_1_111' title="bbox 1897 5498 3468 5565">
    <p class='ocr_par' dir='ltr' id='par_1_111' title="bbox 1897 5498 3468 5565">
     <span class='ocr_line' id='line_1_111' title="bbox 1897 5498 3468 5565; baseline -0.003 -11"><span class='ocrx_word' id='word_1_798' title='bbox 1897 5501 2077 5554; x_wconf 88' lang='lat' dir='ltr'><strong>omnis</strong></span> <span class='ocrx_word' id='word_1_799' title='bbox 2108 5515 2359 5565; x_wconf 88' lang='lat' dir='ltr'><strong>vacuum,</strong></span> <span class='ocrx_word' id='word_1_800' title='bbox 2388 5500 2477 5552; x_wconf 89' lang='lat' dir='ltr'><strong>ubi</strong></span> <span class='ocrx_word' id='word_1_801' title='bbox 2506 5500 2711 5553; x_wconf 88' lang='lat' dir='ltr'><strong>doloris</strong></span> <span class='ocrx_word' id='word_1_802' title='bbox 2743 5516 2937 5553; x_wconf 78' lang='lat' dir='ltr'><strong>sensus</strong></span> <span class='ocrx_word' id='word_1_803' title='bbox 2984 5501 3175 5552; x_wconf 85' lang='lat' dir='ltr'><strong>abesse</strong></span> <span class='ocrx_word' id='word_1_804' title='bbox 3236 5515 3341 5551; x_wconf 91' lang='lat' dir='ltr'><strong>non</strong></span> <span class='ocrx_word' id='word_1_805' title='bbox 3373 5498 3468 5550; x_wconf 88' lang='lat' dir='ltr'><strong>de-</strong></span> 
     </span>
    </p>
   </div>
   <div class='ocr_carea' id='block_1_112' title="bbox 1895 5591 3461 5658">
    <p class='ocr_par' dir='ltr' id='par_1_112' title="bbox 1895 5591 3461 5658">
     <span class='ocr_line' id='line_1_112' title="bbox 1895 5591 3461 5658; baseline -0.001 -13"><span class='ocrx_word' id='word_1_806' title='bbox 1895 5592 2076 5653; x_wconf 88' lang='lat' dir='ltr'><strong>bebat,</strong></span> <span class='ocrx_word' id='word_1_807' title='bbox 2109 5591 2320 5644; x_wconf 85' lang='lat' dir='ltr'><strong>evitet:</strong></span> <span class='ocrx_word' id='word_1_808' title='bbox 2383 5591 2621 5643; x_wconf 81' lang='lat' dir='ltr'><strong>medium</strong></span> <span class='ocrx_word' id='word_1_809' title='bbox 2671 5592 2929 5658; x_wconf 86' lang='lat' dir='ltr'><strong>quiddam</strong></span> <span class='ocrx_word' id='word_1_810' title='bbox 2998 5592 3179 5651; x_wconf 72' lang='lat' dir='ltr'><strong>fuerit,</strong></span> <span class='ocrx_word' id='word_1_811' title='bbox 3242 5591 3461 5658; x_wconf 79' lang='lat' dir='ltr'><strong>opinor,</strong></span> 
     </span>
    </p>
   </div>
   <div class='ocr_carea' id='block_1_113' title="bbox 1892 5678 3459 5747">
    <p class='ocr_par' dir='ltr' id='par_1_113' title="bbox 1892 5678 3459 5747">
     <span class='ocr_line' id='line_1_113' title="bbox 1892 5678 3459 5747; baseline -0.001 -13"><span class='ocrx_word' id='word_1_812' title='bbox 1892 5681 2034 5734; x_wconf 86' lang='lat' dir='ltr'><strong>inter</strong></span> <span class='ocrx_word' id='word_1_813' title='bbox 2069 5682 2180 5733; x_wconf 74' lang='lat' dir='ltr'><strong>haec</strong></span> <span class='ocrx_word' id='word_1_814' title='bbox 2209 5680 2337 5731; x_wconf 88' lang='lat' dir='ltr'><strong>vitia</strong></span> <span class='ocrx_word' id='word_1_815' title='bbox 2368 5678 2673 5741; x_wconf 84' lang='lat' dir='ltr'><strong>contraria;</strong></span> <span class='ocrx_word' id='word_1_816' title='bbox 2726 5695 2930 5747; x_wconf 90' lang='lat' dir='ltr'><strong>proque</strong></span> <span class='ocrx_word' id='word_1_817' title='bbox 2954 5696 3009 5734; x_wconf 91' lang='lat' dir='ltr'><strong>re</strong></span> <span class='ocrx_word' id='word_1_818' title='bbox 3036 5682 3174 5732; x_wconf 81' lang='lat' dir='ltr'><strong>bona</strong></span> <span class='ocrx_word' id='word_1_819' title='bbox 3210 5681 3459 5732; x_wconf 71' lang='lat' dir='ltr'><strong>(IllCt‘iUl&#39;.</strong></span> 
     </span>
    </p>
   </div>
   <div class='ocr_carea' id='block_1_114' title="bbox 219 5768 3461 5843">
    <p class='ocr_par' dir='ltr' id='par_1_114' title="bbox 219 5768 3461 5843">
     <span class='ocr_line' id='line_1_114' title="bbox 219 5768 3461 5843; baseline -0.004 -10"><span class='ocrx_word' id='word_1_820' title='bbox 219 5783 341 5834; x_wconf 68' lang='lat' dir='ltr'><strong>[Crit</strong></span> <span class='ocrx_word' id='word_1_821' title='bbox 380 5784 524 5830; x_wconf 86' lang='lat' dir='ltr'><strong>enim</strong></span> <span class='ocrx_word' id='word_1_822' title='bbox 556 5775 766 5829; x_wconf 78' lang='lat' dir='ltr'><strong>fructus</strong></span> <span class='ocrx_word' id='word_1_823' title='bbox 817 5776 1203 5837; x_wconf 82' lang='lat' dir='ltr'><strong>auimositatis,</strong></span> <span class='ocrx_word' id='word_1_824' title='bbox 1259 5777 1326 5828; x_wconf 86' lang='lat' dir='ltr'><strong>ad</strong></span> <span class='ocrx_word' id='word_1_825' title='bbox 1387 5775 1638 5828; x_wconf 86' lang='lat' dir='ltr'><strong>virtutem</strong></span> <span class='ocrx_word' id='word_1_826' title='bbox 1688 5771 2037 5843; x_wconf 88' lang='lat' dir='ltr'><strong>impellentis,</strong></span> <span class='ocrx_word' id='word_1_827' title='bbox 2096 5768 2365 5839; x_wconf 83' lang='lat' dir='ltr'><strong>siquidem</strong></span> <span class='ocrx_word' id='word_1_828' title='bbox 2424 5781 2542 5821; x_wconf 88' lang='lat' dir='ltr'><strong>esse</strong></span> <span class='ocrx_word' id='word_1_829' title='bbox 2597 5768 2751 5821; x_wconf 80' lang='lat' dir='ltr'><strong>dabis</strong></span> <span class='ocrx_word' id='word_1_830' title='bbox 2802 5769 3088 5837; x_wconf 74' lang='lat' dir='ltr'><strong>ejusmodi,</strong></span> <span class='ocrx_word' id='word_1_831' title='bbox 3121 5770 3262 5837; x_wconf 88' lang='lat' dir='ltr'><strong>quod</strong></span> <span class='ocrx_word' id='word_1_832' title='bbox 3318 5768 3461 5821; x_wconf 76' lang='lat' dir='ltr'><strong>&#39;l‘hc-</strong></span> 
     </span>
    </p>
   </div>
   <div class='ocr_carea' id='block_1_115' title="bbox 222 5863 2403 5940">
    <p class='ocr_par' dir='ltr' id='par_1_115' title="bbox 222 5863 2403 5940">
     <span class='ocr_line' id='line_1_115' title="bbox 222 5863 2403 5940; baseline -0.007 -11"><span class='ocrx_word' id='word_1_833' title='bbox 222 5874 527 5937; x_wconf 75' lang='lat' dir='ltr'><strong>niistocles,</strong></span> <span class='ocrx_word' id='word_1_834' title='bbox 562 5871 817 5928; x_wconf 78' lang='lat' dir='ltr'><strong>Miltiadis</strong></span> <span class='ocrx_word' id='word_1_835' title='bbox 874 5882 1076 5940; x_wconf 73' lang='lat' dir='ltr'><strong>troprco</strong></span> <span class='ocrx_word' id='word_1_836' title='bbox 1138 5870 1471 5936; x_wconf 82' lang='lat' dir='ltr'><strong>stimulatus,</strong></span> <span class='ocrx_word' id='word_1_837' title='bbox 1531 5886 1783 5928; x_wconf 85' lang='lat' dir='ltr'><strong>somnum</strong></span> <span class='ocrx_word' id='word_1_838' title='bbox 1825 5883 2016 5937; x_wconf 86' lang='lat' dir='ltr'><strong>capere</strong></span> <span class='ocrx_word' id='word_1_839' title='bbox 2054 5881 2159 5919; x_wconf 88' lang='lat' dir='ltr'><strong>non</strong></span> <span class='ocrx_word' id='word_1_840' title='bbox 2212 5863 2403 5933; x_wconf 89' lang='lat' dir='ltr'><strong>potuit.</strong></span> 
     </span>
    </p>
   </div>
  </div>
