4748 6512
1196 484 1302 546 335

1897 602 2060 658 XXV.

1265 701 1320 755 ld
1348 698 1692 754 existimabis
1716 711 1836 751 esse
1873 697 2076 748 malum
2113 692 2567 754 im'oluntarittm,
2609 690 2757 758 quod

1196 806 1289 860 per
1334 790 1734 859 ignorationem
1792 786 2058 839 duntaxat
2109 784 2411 836 admissum
2465 790 2571 843 est,
2630 794 2755 833 cum

1193 879 1530 951 perpetranti
1575 880 1780 931 bonum
1834 879 2129 931 videretur.
2181 874 2316 928 Nam
2363 874 2511 944 quod
2555 876 2759 942 pudore

1194 979 1275 1038 ﬁt,
1300 984 1392 1027 aut
1415 974 1635 1026 hortatu
1661 972 1908 1035 alterius,
1932 983 2024 1022 aut
2046 970 2094 1021 vi
2116 984 2464 1040 quacunque,
2491 981 2598 1020 non
2626 982 2759 1036 pure

1192 1065 1618 1121 involuntarium
1654 1072 1756 1117 est.
1784 1063 1899 1115 Non
1922 1064 2064 1114 enim
2102 1064 2143 1114 si
2173 1061 2305 1130 quid
2333 1061 2629 1115 violentum
2653 1069 2756 1124 est,

1192 1157 1277 1211 vel
1312 1155 1625 1224 impellendi
1673 1154 1756 1206 vel
1798 1153 2057 1206 illiciendi
2105 1153 2210 1205 vim
2253 1151 2479 1213 habens,
2510 1150 2592 1202 vel
2627 1151 2757 1218 quid

1193 1249 1335 1301 aliud
1372 1246 1684 1316 ejusmodi;
1733 1247 1997 1300 continuo
2035 1246 2208 1298 visum
2250 1255 2335 1299 est
2365 1246 2652 1299 honestum
2683 1243 2756 1296 illi

1192 1355 1342 1400 esse,
1393 1340 1486 1406 qui
1527 1338 1882 1407 perpetravit,
1937 1345 2161 1405 propter
2199 1337 2340 1390 hanc
2375 1334 2757 1403 appendicem,

1191 1430 1338 1497 quod
1382 1430 1503 1482 aliis
1549 1427 1710 1481 malis
1757 1428 1828 1482 sit
1861 1427 2058 1481 levius.
2092 1424 2598 1491 Quamobrem'nisi
2631 1426 2760 1492 quis

1190 1519 1449 1587 opinione
1483 1519 1768 1586 deceptus,
1816 1517 2016 1570 malum
2046 1532 2145 1570 ceu
2181 1517 2382 1570 bonum
2427 1515 2613 1578 faciat,
2651 1530 2756 1568 non

1190 1611 1321 1666 facit
1375 1610 1658 1678 ignorans.
1709 1609 1865 1674 Quod
1915 1619 2094 1663 autem
2132 1623 2197 1662 ex
2246 1609 2594 1677 ignoratione
2650 1622 2759 1660 non

1188 1701 1584 1771 proﬁciscitur,
1612 1715 1719 1753 non
1751 1710 1832 1754 est
1859 1699 2308 1761 involuntarium,
2333 1699 2475 1751 velut
2503 1699 2572 1750 ab
2603 1697 2759 1751 initio

1188 1794 1418 1847 dictum.
1449 1792 1588 1857 Quin
1611 1791 1776 1846 etiam
1811 1790 1957 1860 quod
1978 1790 2118 1843 bona
2142 1789 2475 1843 conscientia
2507 1802 2617 1841 non
2650 1786 2761 1856 agi-

1190 1897 1300 1949 tur,
1336 1884 1553 1940 etiamsi
1606 1883 1732 1936 mali
1771 1897 2091 1936 mensuram
2143 1896 2253 1935 non
2293 1881 2567 1950 attingat;
2602 1879 2761 1946 longe

1191 1990 1373 2032 tamen
1408 1978 1562 2046 pejus
1595 1984 1677 2029 est
1719 1990 1780 2028 re
1818 1975 1899 2028 vel
1934 1975 2180 2027 omnium
2217 1973 2455 2041 pessima
2503 1971 2758 2036 gravissi-

1191 2084 1388 2137 maque
1427 2069 1472 2121 si
1515 2067 1673 2121 nobis
1701 2080 1763 2120 ea
1800 2065 2113 2119 nolentibus
2153 2064 2384 2118 accidat.
2419 2063 2606 2132 Itaque
2633 2062 2758 2115 mali

1189 2162 1326 2216 nihil
1379 2175 1650 2230 agamus,
1705 2168 1766 2211 ut
1816 2156 2008 2227 majori
2059 2157 2206 2210 malo
2264 2155 2620 2209 medeamur:
2665 2154 2758 2209 sed

1188 2267 1533 2323 quaecunque
1568 2249 1683 2304 ﬁeri
1735 2258 1966 2318 possunt
2023 2248 2367 2311 humanitus,
2404 2245 2585 2301 facere
2639 2256 2759 2301 stu-

1187 2350 1440 2406 deamus,
1479 2351 1540 2396 ut
1574 2358 1643 2396 ne
1680 2340 1812 2410 quid
1869 2339 1998 2392 mali
2031 2348 2226 2406 sponte
2256 2347 2446 2392 nostra
2484 2337 2643 2391 nobis
2669 2351 2761 2390 ar-

1159 2448 1489 2490 -cessamus.
1527 2432 1775 2497 Quorum
1813 2440 1998 2485 autem
2054 2429 2287 2492 eﬂ'ectio,
2339 2428 2514 2482 solius
2565 2436 2650 2481 est
2705 2429 2759 2480 in

1188 2525 1284 2580 Dei
1315 2525 1419 2580 sita
1457 2530 1748 2594 potestate,
1788 2537 1850 2576 ea
1886 2521 2016 2586 Deo,
2051 2520 2188 2575 bona
2219 2534 2316 2588 spe
2349 2519 2495 2581 freti,
2527 2517 2758 2586 permit-

1191 2629 1372 2671 tamus
1410 2623 1504 2670 :et
1535 2613 1803 2683 quidquid
1830 2612 1948 2677 ipse
1988 2611 2221 2676 dederit,
2263 2608 2449 2665 animo
2473 2617 2628 2679 grato
2680 2607 2760 2662 fe-

1189 2724 1400 2765 ramus.

1880 2795 2064 2850 XXVI.

1307 2901 1462 2945 utare
1502 2891 1690 2954 debes,
1746 2888 2020 2942 neminem
2063 2887 2373 2952 hominum,
2421 2901 2492 2940 ne
2539 2883 2757 2941 illorum

1189 2983 1436 3051 quidem,
1465 2981 1559 3051 qui
1593 2981 1800 3049 majore
1834 2985 2104 3048 potestate
2129 2978 2336 3047 praediti
2367 2986 2518 3041 sunt,
2550 2979 2634 3032 vel
2668 2978 2763 3031 ab-

2365 480 2525 539 ΜΛΝ
2538 481 2584 540 U
2597 481 2689 540 EI.
2702 483 2714 537 1
2729 481 2768 539 S
2812 482 3252 543 PAL/EOLOGI

2794 606 2839 659 A

2795 1937 2836 1991 Β

4343 474 4447 538 336

3578 600 3704 656 KE’.

2946 695 3228 749 Ἀκούσιον
3258 695 3426 748 κακὸν
3453 695 3760 765 νομιζέσθω
3793 710 3877 746 σοι
3907 693 3967 745 τὸ
3994 692 4155 761 μόνον
4187 705 4443 757 πεπραγ-

2865 790 3176 857 μένον,κατ’
3203 790 3450 856 ἄγνοιαν,
3479 788 3644 841 καλόν
3683 805 3746 854 γε
3808 787 3886 855 τῷ
3935 784 4177 839 ποιοῦντι
4225 785 4444 852 νομιζό-

2865 897 3046 950 μενον.
3096 880 3169 932 Τδ
3228 881 3335 949 γὰρ
3381 880 3452 932 δι’
3508 879 3778 947 αἰσχύνην
3831 877 4157 946 γιγνόμενον
4209 876 4243 946 ἢ
4304 875 4444 939 πρὸς

2861 972 3234 1041 παράκλησιν,
3280 972 3312 1040 ἢ
3381 972 3516 1039 πρὸς
3570 969 3748 1024 ὁτιοῦν
3805 969 4000 1038 βίαιον,
4058 968 4118 1019 οὗ
4178 965 4440 1035 καθαρῶς

2861 1065 3139 1118 ἀκούσιον.
3176 1063 3248 1114 Ού
3285 1064 3390 1132 γὰρ
3437 1065 3464 1116 ὅ
3494 1080 3545 1113 τι
3595 1061 3796 1129 βίαιον,
3830 1060 3862 1129 ἦ
3917 1058 4356 1129 παρακλητικὸν,
4407 1058 4437 1125 ἢ

2863 1157 3182 1223 έφελκτικδν
3206 1156 3403 1218 ἄλλως,
3439 1157 3470 1223 ἢ
3502 1155 3692 1226 ἕτερόν
3725 1173 3776 1206 τι
3803 1153 4072 1215 τοιοῦτον,
4096 1152 4252 1222 παρά
4281 1152 4444 1203 τοῦτο

2863 1250 2959 1302 καὶ
3002 1249 3167 1301 καλὸν
3197 1248 3276 1314 τῷ
3325 1248 3637 1316 πεπραχότι
3691 1246 3980 1299 δέδοκται“
4029 1247 4096 1314 τῇ
4132 1243 4446 1313 παραθέσει

2862 1341 3192 1409 κουφότερον
3222 1341 3424 1408 ἑτέρων
3457 1335 3612 1403 οἶμαι
3644 1338 3852 1399 κακῶν,
3879 1338 4010 1389 ὥστ’
4060 1337 4109 1388 εί
4144 1337 4221 1404 μή
4253 1353 4342 1392 τις
4383 1336 4442 1386 τὸ

2861 1431 3030 1482 κακον
3062 1429 3137 1490 ὠς
3165 1428 3330 1480 καλὸν
3363 1429 3674 1495 ἐργάζοιτο,
3702 1427 3801 1480 οὐκ
3851 1425 4064 1492 ἀγνοῶν
4113 1425 4439 1494 ἐργάζεται.

2864 1525 2972 1576 Καὶ
3003 1523 3063 1574 τὸ
3114 1522 3188 1591 μὴ
3224 1529 3345 1573 κατ’
3383 1523 3609 1588 ἀγνοιαν
3649 1521 3750 1573 οὐκ
3800 1519 4079 1583 ἀκούσιον,
4105 1518 4298 1586 ὥσπερ
4344 1517 4442 1586 τὴν

2862 1614 3036 1685 ἀρχὴν
3095 1616 3334 1683 εἴρηται.
3380 1615 3487 1666 Καὶ
3535 1613 3642 1683 μὴν
3677 1613 3738 1665 τδ
3795 1611 3871 1682 μὴ
3927 1612 4072 1665 κατά
4127 1611 4440 1678 συνείδησιν

2863 1708 3076 1776 ἀγαθὴν
3110 1705 3528 1775 ἐνεργούμενον,
3561 1706 3666 1758 κᾶν
3718 1703 3917 1766 δνδεῶς
3975 1702 4112 1773 πρὸς
4156 1702 4218 1755 τὺ
4273 1701 4443 1754 κακὸν

2863 1799 2984 1869 ἔχῃ,
3018 1798 3203 1867 χεῖρόν
3239 1800 3353 1850 ἐστι
3403 1798 3524 1866 μεθ’
3571 1796 3882 1868 ὑπερϐολῆς
3928 1794 4021 1847 τοῦ
4072 1795 4354 1862 χειρίστου
4384 1810 4441 1844 τε

2863 1892 2958 1943 καὶ
2998 1889 3387 1959 χαλεπωτέρου
3439 1889 3550 1941 τῶν
3598 1889 3840 1949 πάντων,
3876 1887 4101 1939 ἐπειδὰν
4151 1887 4227 1957 μὴ
4257 1885 4441 1954 βουλο-

2867 1982 3052 2048 μένοις
3094 1983 3225 2049 ήμίν
3254 1979 3493 2034 ἐπέλθοι.
3537 1980 3626 2048 Μὴ
3658 1980 3841 2032 τοίνυν
3877 1980 4211 2048 πράττωμεν
4244 1977 4434 2039 κακὸν,

2862 2077 2954 2126 ἐπὶ
2979 2075 3058 2143 τῷ
3086 2074 3247 2127 λῦσαι
3307 2075 3493 2142 μεῖζον
3519 2090 3534 2105 ο
3580 2074 3696 2137 ἀλλ’
3735 2074 3834 2125 ὅσα
3878 2075 3976 2143 μὲν
4006 2076 4084 2134 είς
4115 2070 4439 2139 ἀνθρώπους

2861 2164 3008 2232 ἥκει,
3047 2164 3357 2232 ἀγαπῶμεν
3405 2165 3766 2233 πράττοντες,
3798 2164 3874 2224 ὡς
3932 2163 4006 2232 μή
4055 2180 4108 2214 τι
4159 2162 4440 2230 μήσαιμεν

2862 2257 3049 2308 κακῶν
3095 2256 3318 2318 ἑκόντες
3369 2256 3525 2319 ὄντες
3570 2258 3705 2324 ἡμῖν
3753 2257 3962 2318 αὐτοῖς.
3995 2250 4098 2307 Ὧν
4129 2256 4185 2306 δὲ
4220 2253 4438 2305 τελέσαι

2863 2347 3067 2414 Κύριος
3107 2348 3264 2415 μόνος
3315 2350 3342 2400 δ
3392 2348 3524 2409 Θεὸς
3575 2349 3716 2410 ἐστι,
3745 2349 3906 2399 ταυτὶ
3934 2345 3988 2399 δὲ
4024 2345 4222 2413 ἐκείνῳ
4267 2360 4439 2395 κατα-

2862 2438 3222 2506 λιμπάνωμεν
3255 2439 3372 2508 μετ’
3405 2439 3636 2492 ἐλπίδων
3669 2437 3892 2506 ἀγαθῶν
3915 2452 3928 2468 ·
3961 2437 4056 2490 καὶ
4087 2438 4225 2505 ὅπερ
4255 2435 4321 2488 ἂν
4347 2433 4441 2486 azi-

2863 2530 2952 2594 τὸς
2977 2531 3127 2601 διδῷ,
3156 2532 3499 2603 εὐχαρίστως
3534 2531 3810 2601 φέρωμεν.

3576 2801 3719 2853 κε’.

3576 2801 3622 2852 Κ
3705 2839 3719 2853 .

2937 2897 3144 2967 Νόμιζε
3199 2897 3403 2967 μηδένα
3450 2799 3778 2964 ἀνθρώετῑων,
3827 2893 3920 2945 καὶ
3969 2892 4081 2952 τῶν
4123 2893 4222 2961 τὴν
4273 2893 4439 2961 μείζω

2862 2989 3094 3058 δύναμιν
3133 2987 3508 3056 κεκτημένων,
3530 2986 3792 3038 δύνασθαι
3822 2985 4020 3054 βλάψαι
4047 2986 4141 3036 καὶ
4175 2985 4270 3037 τὸν
4305 3002 4439 3052 φαυ-

1186 3073 1555 3141 jectissimum
1593 3070 1790 3123 la-dere
1819 3084 2001 3137 posse,
2028 3067 2131 3122 nisi
2166 3067 2309 3120 Deus
2342 3066 2649 3134 permittat,
2675 3066 2758 3119 vel
2864 3083 3061 3135 λάτατο

2571 3075 2649 3127 at,
2675 3066 2758 3119 vel
2864 3083 3112 3144 λάτατον,
3154 3081 3229 3151 μὴ
3287 3080 3694 3150 συγχωροῦντος
3745 3079 3836 3130 τοῦ
3899 3078 4230 3146 κρείττονος.
4289 3075 4322 3146 ἢ
4375 3077 4441 3128 δι’

1191 3167 1388 3231 iratus,
1412 3165 1493 3218 vel
1516 3173 1762 3217 nostram
1787 3161 1854 3214 ad
1879 3160 2169 3213 utilitatem
2189 3158 2510 3226 respiciens.
2538 3156 2586 3211 ls
2610 3158 2756 3211 enim
2863 3171 3054 3242 ὀργὴν,

2562 3158 2756 3211 εθηίιη
2863 3171 3120 3242 δργὴν,ἦ
3165 3173 3297 3241 πρὸς
3335 3170 3396 3222 τὸ
3447 3170 3718 3238 ἡμέτερον
3765 3168 4080 3238 ἀφορῶντος
4138 3169 4435 3236 συμφέρον.

1191 3268 1245 3311 et
1275 3257 1413 3326 pilos
1437 3262 1662 3309 nostros
1688 3259 2004 3306 numeratos
2028 3251 2216 3314 habet,
2251 3259 2304 3303 et
2341 3258 2447 3303 tam
2470 3264 2756 3319 passerum
2788 3271 2832 3331 ο
2877 3265 3066 3316 Ἑκείν.

2562 3265 2756 3304 ίδθτιιηι
2788 3271 2832 3331 c
2877 3265 3102 3333 Ἐκείνῳ
3129 3266 3237 3330 γὰρ
3268 3263 3360 3314 καὶ
3392 3263 3574 3330 τρίχες
3597 3260 3952 3329 ἠρίθμηνται,
3984 3265 4073 3311 καὶ
4108 3258 4218 3309 τῶν
4250 3276 4437 3327 στρου·

1199 3365 1365 3422 quam
1407 3349 1662 3402 villorum
1711 3358 1927 3414 quoque
1960 3357 2141 3396 rerum
2191 3356 2378 3396 curam
2420 3342 2576 3411 gerit.
2629 3340 2761 3406 Qua:

1202 3458 1327 3496 cum
1389 3443 1458 3494 ita
1510 3441 1640 3504 sint,
1677 3437 1795 3506 quis
1834 3436 2029 3489 anima:
2078 3434 2237 3501 quasi
2293 3449 2489 3488 manus
2538 3433 2763 3502 injicere

1194 3535 1390 3604 possit,
1421 3532 1504 3586 vel
1551 3531 1645 3584 uni
1691 3529 1882 3582 saltem
1915 3527 2034 3595 ejus
2068 3525 2335 3590 facultati,
2374 3523 2458 3579 vel
2490 3525 2763 3579 aﬂectioni

1189 3630 1365 3691 bonae,
1391 3625 1518 3678 licet
1541 3621 1795 3676 adhibeat
1817 3619 2114 3689 promissa,
2140 3617 2334 3680 minas,
2362 3617 2470 3672 vim
2495 3617 2762 3683 denique;

1190 3718 1236 3771 si
1285 3731 1394 3770 non
1427 3716 1542 3782 ipsa
1572 3713 1726 3782 prius
1759 3710 2119 3771 assentiatur,
2151 3719 2201 3762 et
2231 3707 2558 3775 corruptelae
2586 3709 2764 3765 labem

1189 3805 1441 3861 admittat
1460 3806 1483 3856 ?
1504 3804 1565 3857 Et
1584 3802 1714 3872 quid
1737 3815 1834 3870 ego
1861 3799 1926 3853 de
1948 3797 2168 3853 homine
2193 3796 2424 3865 loquor?
2454 3811 2521 3851 ne
2542 3797 2763 3866 quidem

1190 3897 1266 3950 illi
1298 3894 1580 3950 nectendis
1635 3892 1776 3947 dolis
1810 3888 2086 3944 vaferrimi
2121 3885 2350 3955 spiritus
2380 3885 2484 3940 hoc
2512 3895 2762 3955 possunt.

1191 3988 1540 4057 Quapropter
1564 3999 1629 4040 ea
1666 3984 1902 4053 primum
1935 3986 2184 4048 agentes,
2223 3994 2345 4048 quae
2374 3977 2521 4047 justa
2550 3986 2605 4032 et
2630 3992 2765 4032 con-

1191 4090 1455 4137 sentanea
1477 4086 1628 4142 sunt,
1653 4073 1850 4130 deinde
1872 4075 1980 4127 Deo
2001 4072 2147 4136 freti,
2170 4085 2279 4125 non
2306 4071 2635 4134 terroribus,
2657 4085 2765 4125 non

1191 4176 1266 4240 vi,
1302 4189 1406 4228 non
1441 4171 1716 4226 illecebris
1749 4183 1778 4221 a
1809 4177 1958 4222 recta
1983 4165 2176 4222 semita
2200 4163 2576 4219 deﬂectamus.
2607 4164 2764 4229 Quod

1194 4268 1239 4320 si
1272 4265 1418 4318 vitiis
1443 4261 1741 4331 aliquando
1773 4258 2235 4313 succubuerimus
2265 4256 2377 4326 (vix
2403 4256 2550 4310 enim
2580 4255 2633 4308 in
2669 4270 2764 4308 au-

1195 4359 1341 4426 gelos
1375 4354 1695 4409 immunitas
1727 4352 1794 4405 ab
1829 4351 1980 4403 omni
2021 4349 2178 4418 lapsu
2208 4347 2399 4414 cadit),
2439 4347 2598 4401 nobis
2628 4348 2764 4415 ipsis

1197 4461 1474 4520 peccatum
1505 4448 1869 4514 ascribamus,
1905 4446 2009 4498 nisi
2044 4460 2139 4514 per
2174 4443 2575 4514 ignorationem
2611 4459 2768 4512 pror-

2865 3355 2997 3406 θίων
3045 3354 3264 3423 φροντίς
3308 3353 3446 3413 ἐστι,
3494 3353 3590 3404 καὶ
3647 3350 3998 3418 φαυλοτέρων
4060 3351 4432 3418 πραγμάτωι.

2867 3445 2997 3495 Ὀτε
3029 3444 3084 3495 δὲ
3113 3443 3264 3495 ταῦθ’
3296 3441 3468 3504 οὕτως
3511 3443 3646 3510 ἔχει,
3676 3441 3758 3503 τίς
3791 3442 3857 3494 ἂν
3887 3440 4064 3509 ψυχῆς
4109 3440 4439 3505 καθάψαιτο,

2865 3537 2897 3605 ἢ
2928 3536 3060 3600 γοῦν
3093 3537 3224 3605 μιᾶς
3280 3535 3485 3602 ταύτης
3513 3535 3813 3603 δυνάμεως,
3840 3535 3872 3605 ἢ
3897 3533 4187 3595 διαθέσεως
4211 3549 4444 3601 χρηστοο

2867 3630 3050 3693 τέρας,
3090 3627 3190 3679 κᾶν
3227 3627 3576 3694 ὑπισχνῆται,
3609 3625 3712 3678 κᾶν
3763 3626 3984 3693 ἀπειλῇ,
4023 3623 4123 3676 κᾶν
4153 3623 4439 3692 βιάζηται,

2870 3718 2944 3787 μὴ
2996 3716 3333 3787 συνθεμένης
3384 3717 3602 3784 πρῶτον
3639 3714 3833 3784 αὐτῆς,
3875 3716 3970 3767 καὶ
4018 3715 4443 3783 προστριὸείτης

2865 3813 2930 3879 τῇ
2958 3809 3142 3879 λύμης
3184 3807 3349 3861 Ἀλλά
3399 3807 3454 3860 τί
3496 3808 3587 3860 τὸν
3619 3807 3910 3877 ἄνθρωπον
3942 3807 4122 3874 λέγως
4155 3807 4268 3859 οὐδ’
4310 3808 4447 3859 αύτᾶ

2865 3900 2935 3952 τά
2967 3901 3297 3967 κακουργεῖν
3343 3898 3636 3965 σοφώτατα
3672 3897 3962 3967 πνεύματα
4009 3890 4169 3950 τοῦτο
4200 3897 4444 3950 δύναται.

2867 3991 3033 4043 Ὥστε
3075 3992 3142 4043 τὰ
3193 3990 3492 4058 γιγνόμενα
3525 3990 3742 4057 πρῶτον
3791 3990 4144 4058 πράττοντες,
4177 3985 4299 4040 εἶτα
4330 3988 4445 4053 Θεῴ

2868 4082 3268 4152 θαρρήσαντες,
3320 4082 3393 4150 μὴ
3427 4082 3633 4149 φόϐοις,
3677 4081 3752 4150 μὴ
3798 4081 3966 4151 βίαις,
3999 4080 4075 4150 μὴ
4111 4079 4468 4148 δελεάσμασι-

2869 4174 3292 4243 παρενεχθῶμεν
3323 4173 3426 4242 τῆς
3455 4175 3721 4243 ἀτραποῦ.
3746 4175 3844 4226 Ἂν
3873 4173 3929 4227 δέ
3961 4172 4063 4225 πού
4091 4189 4154 4238 γε
4183 4173 4448 4240 φανῶμεν

2865 4266 3063 4332 ἥττους
3114 4265 3175 4316 ού
3225 4264 3405 4316 καλῶν
3457 4266 3634 4333 ἔργων
3692 4263 3870 4333 (μόλις
3927 4263 4038 4331 γὰρ
4088 4263 4342 4329 ἀγγέλων
4391 4263 4450 4314 τὸ

2868 4354 3210 4421 ἄπταιστον),
3252 4357 3382 4423 ἡμῖν
3417 4357 3602 4417 αὐτοῖς
3647 4356 3747 4423 τὴν
3801 4354 4080 4422 ἁμαρτίαν
4131 4353 4445 4417 ἀναθετέον,

2867 4447 2917 4498 ει
2949 4448 3023 4516 μὴ
3056 4446 3177 4499 κατ’
3210 4446 3436 4512 ἄγνοιαν
3464 4447 3600 4508 ὅλως
3628 4447 3873 4513 γέγονεν.
3911 4443 4090 4496 Είδόσι
4133 4443 4246 4512 γὰρ
4276 4445 4446 4508 αὐτὴν

1196 4559 1290 4596 sus
1322 4543 1547 4595 accidit.
1589 4539 1723 4593 Nam
1778 4538 1864 4601 iis,
1919 4537 2014 4605 qui
2045 4538 2249 4589 malum
2294 4550 2415 4591 esse
2455 4545 2671 4598 norant,
2702 4550 2764 4588 ac
2869 4536 3057 4601 κακὸν,

2567 4545 2671 4598 ant,
2702 4550 2764 4588 ac
2869 4536 3057 4601 κακὸν,
3076 4537 3166 4590 διά
3198 4554 3245 4589 τι
3273 4536 3318 4589 δ’
3345 4533 3438 4590 οὖν
3463 4539 3848 4604 ἑνεργήσασιν,
3877 4534 3937 4588 οὗ
3963 4535 4208 4597 λείπεται
4239 4539 4442 4603 παραί-

1197 4636 1558 4688 nihilouiinus
1589 4631 1658 4685 ob
1687 4629 1925 4697 aliquam
1961 4641 2182 4682 causam
2217 4626 2572 4690 admiserint,
2605 4640 2769 4680 excu-
2800 4623 2847 4681 Β
2873 4646 3048 4698 τησις.

1198 4724 1338 4778 satio
1374 4723 1520 4776 nulla
1555 4726 1802 4788 superat.

1879 4807 2094 4862 XXVII.

1269 4908 1552 4960 Arbitrare
1583 4918 1679 4956 cor
1715 4912 1894 4964 tuum,
1930 4899 2133 4952 bonum
2183 4899 2346 4967 quasi
2379 4900 2651 4967 quoddam
2681 4915 2773 4955 εο-

1204 5003 1310 5054 lum
1350 5013 1472 5052 esse
1507 5012 1601 5065 per
1631 5010 1706 5061 se,
1742 4991 1890 5063 quod
1923 4993 1991 5045 ob
2042 4989 2357 5044 ariditatem
2388 4991 2533 5044 illam
2565 5001 2774 5046 naturae

1202 5103 1548 5145 communem
1576 5088 1663 5153 (de
1684 5092 1905 5153 peccato
1926 5081 2225 5150 primorum
2251 5091 2534 5148 parentum
2559 5082 2773 5150 loquor,

1201 5192 1424 5252 propter
1469 5179 1615 5247 quod
1654 5176 1804 5230 omni
1855 5172 2161 5229 excidimus
2197 5173 2414 5242 gratia),
2459 5175 2598 5228 nihil
2649 5175 2774 5228 boni

1203 5277 1482 5343 producat.
1521 5268 1722 5323 Deinde
1775 5283 1870 5336 per
1925 5265 2282 5334 baptismum,
2331 5265 2479 5319 velut
2530 5278 2771 5319 aratrum

1202 5365 1500 5433 quoddam,
1531 5368 1878 5430 repurgatum
1905 5371 2024 5413 esse
2046 5359 2190 5421 Deo;
2218 5364 2270 5410 et
2289 5372 2382 5425 per
2406 5356 2772 5426 irrigationem

1203 5454 1495 5524 unguenti,
1527 5458 1590 5505 de
1624 5451 1762 5505 duro
1790 5449 1927 5502 mole
1959 5446 2188 5511 factum,
2219 5457 2276 5500 et
2298 5449 2484 5502 odoris
2524 5449 2667 5511 loco,
2699 5449 2775 5500 ιιί-

1204 5548 1277 5600 hil
1310 5544 1562 5598 habentis
1593 5542 1753 5610 grati,
1786 5541 2006 5593 odorem
2053 5538 2476 5606 fragrantiorem
2511 5553 2773 5592 consecu-

1204 5648 1316 5690 tum
1345 5656 1358 5702 ;
1399 5635 1653 5689 mandata
1685 5632 1922 5699 denique
1953 5629 2164 5691 divina,
2203 5630 2359 5696 quasi
2391 5632 2663 5698 quoddam
2692 5646 2777 5686 se-

1203 5747 1346 5790 men,
1394 5727 1711 5796 accepisse;
1753 5725 1897 5793 quod
1954 5722 2096 5774 intra
2136 5735 2194 5774 se
2223 5720 2457 5789 jactum,
2517 5722 2566 5774 vi
2598 5723 2774 5789 poculi

1204 5833 1518 5885 mensaque
1553 5831 1723 5869 εδει-ιιι
1754 5813 1979 5874 nutriat,
2039 5809 2437 5863 incrementum
2468 5820 2518 5863 et
2549 5812 2778 5864 maturi-

3601 4814 3726 4866 KZ'.

2946 4902 3074 4954 Νόει
3119 4921 3205 4970 μοι
3241 4903 3343 4968 τὴν
3390 4902 3489 4972 σὴν
3541 4904 3772 4973 καρδίαν
3819 4906 3982 4956 οἱονεὶ
4035 4904 4320 4972 χρησίμην
4351 4902 4452 4970 γῆν

2877 4993 2937 5045 τὸ
2991 4993 3114 5046 καθ’
3164 4995 3333 5062 αὐτὴν
3381 4990 3569 5059 οὖσαν,
3603 4998 3695 5048 καὶ
3747 4996 3826 5064 τῷ
3875 4995 4037 5065 κοινῷ
4083 4997 4181 5063 τῆς
4237 4995 4448 5062 φύσεως

2876 5084 3071 5152 αὐχμῷ
3124 5084 3288 5153 (λέγω
3325 5085 3389 5154 δὴ
3435 5088 3533 5153 τὴν
3581 5086 3996 5156 προπατορικὴν
4049 5085 4354 5155 ἁμαρτίαν,
4385 5087 4448 5138 δι’

2877 5175 2944 5243 ἢν
2992 5175 3090 5243 τῆς
3159 5176 3382 5244 χάριτος
3445 5177 3914 5246 ἐκπεπτώκαμεν)
3972 5177 4216 5244 φύουσαν
4282 5179 4448 5245 μηδὲν

2880 5267 3048 5332 ὑγιές.
3109 5262 3243 5319 Εἶτα
3302 5268 3378 5334 τῷ
3436 5268 3769 5337 βαπτίσματι
3823 5269 4013 5338 ῶσπερ
4072 5270 4296 5338 ἀρότρῳ
4350 5271 4450 5321 τινὶ

2879 5358 3353 5427 ἀνακαθαρθεῖσαν
3381 5360 3517 5427 Θεῷ,
3552 5360 3646 5412 καὶ
3678 5363 3744 5430 τῇ
3789 5361 3882 5411 τοῦ
3919 5361 4090 5428 μύρου
4121 5359 4316 5430 ἀρδείᾳ
4350 5361 4452 5414 ἀπὸ

2881 5449 3123 5518 σκληρᾶς
3153 5451 3232 5510 είς
3269 5452 3483 5520 ἁπαλὴν
3517 5452 4008 5521 μετενηνεγμένην,
4048 5452 4137 5503 καὶ
4181 5450 4242 5514 ἐξ
4274 5454 4448 5520 ὀδμῆς

2877 5541 3030 5594 οὐδὲν
3080 5543 3308 5610 ἐχούσης
3361 5545 3547 5612 χάριεν
3601 5545 3681 5607 είς
3730 5545 4099 5612 εὐωδεστέραν
4146 5545 4447 5601 ἱλθοῦσαν·

2882 5635 3082 5703 σπόρον
3112 5634 3166 5686 δὲ
3199 5638 3296 5697 τὰς
3330 5636 3550 5698 ὲντολάς
3601 5637 3905 5704 δεξαμένην
3927 5651 3940 5664 °
3979 5639 4070 5688 καὶ
4103 5639 4166 5705 τῇ
4225 5637 4323 5690 τοῦ
4359 5657 4448 5690 πο-

2878 5726 3068 5794 τηρίου
3111 5727 3360 5796 δυνάμει,
3401 5728 3496 5780 καὶ⁵
3536 5727 3634 5793 τῆς
3684 5727 3984 5795 τραπέζης,
4016 5729 4332 5796 τρέφουσαν
4364 5732 4448 5781 καὶ

2879 5815 3148 5881 αὔξουσαν
3189 5818 3250 5868 τὸ
3290 5817 3651 5885 καταϐληθὲν,
3685 5818 3775 5869 καὶ
3827 5818 4162 5880 τελειοῦσαν,
4199 5823 4296 5872 καὶ
4338 5822 4445 5872 δια·

1208 5921 1372 5965 tatem
1407 5909 1667 5978 perducat
1696 5915 1858 5974 atque
1903 5908 2215 5958 conservet.
2247 5901 2348 5955 Per
2376 5902 2562 5958 lolium
2595 5912 2776 5959 autem
2882 5908 3083 5971 σώζους

2560 5949 2562 5957 .
2595 5912 2776 5959 autem
2882 5908 3183 5971 σώζουσαν.
3221 5907 3444 5972 Ζιζάνια
3488 5909 3544 5961 δὲ
3575 5908 3683 5960 τῶν
3727 5908 3941 5978 ἐχθρῶν
3985 5911 4082 5971 τὰς
4115 5911 4435 5975 ὑπερῦολάς,
