4748 6512
519 474 625 536 337

1509 482 1819 545 PMCEP
1831 485 1926 545 TA
1971 485 2493 548 EDUCATIONIS
2528 489 2802 549 REGI/8.

3643 492 3748 556 333

511 592 609 646 καὶ
651 592 750 654 τὰς
798 594 1071 663 μηχανὰς,
1101 596 1198 666 οὐχ
1243 591 1407 668 ἦττον
1455 593 1610 668 οἶμαι
1662 600 1771 653 τῶν
1830 601 2088 670 πονηρῶν
2117 604 2163 661 Α
2191 601 2386 657 hostlut

1873 601 2088 670 ονηρῶν
2117 604 2163 661 Α
2191 601 2429 657 hostium
2461 605 2701 674 lntellige
2734 602 3076 673 superjectus
3105 613 3268 672 atque
3297 604 3606 670 machinas,
3641 623 3746 663 non

512 685 896 756 ἀνθρώπων,ἦ
929 688 1028 749 τὰς
1071 691 1179 741 τῶν
1219 688 1487 758 δαιμόνων
1516 691 1729 744 αὐτῶν·
1757 685 1834 746 ὧν
1880 691 2074 759 καιρὸς

510 777 591 840 εἰς
620 777 680 830 τὸ
728 781 1002 849 σπαρῆναι
1031 780 1092 833 τὺ
1119 780 1219 849 τῆς
1250 782 1488 845 διανοίας
1517 782 1675 852 ἡμῶν
1713 783 1911 853 ἀμελές
1937 784 2076 836 ἔστι.

515 869 658 938 Πρός
686 886 750 937 γε
784 872 883 940 τὴν
915 870 1086 940 αὔξην
1127 872 1160 940 ή
1204 872 1434 943 δύναμις
1466 873 1526 927 τὸ
1561 874 1694 944 πρὸς
1730 875 1827 936 τὰς
1861 875 2081 938 ιντολὰς

512 959 795 1030 ὀλιγώρως
822 962 972 1031 ἡμᾶς
1000 961 1167 1032 ἔχειν.
1192 962 1354 1016 Ὥστε
1378 963 1440 1017 τὸ
1485 964 1656 1017 κακὸν
1685 963 1904 1034 ἀληθῶς
1941 964 2079 1032 μᾶλ-

512 1048 604 1102 λον
632 1050 897 1120 ἡμέτερόν
919 1051 1058 1114 ἔστι,
1089 1053 1199 1105 τῶν
1230 1052 1604 1121 ἓκλελυμένων
1633 1054 1728 1107 καὶ
1752 1053 2079 1123 ἀναπεπτω-

429 1177 431 1179 ι
511 1142 709 1208 κόνων,
762 1142 795 1212 ἢ
849 1143 960 1196 τῶν
1008 1142 1208 1207 ἔξωθεν
1265 1143 1496 1213 ἐχθρῶν,
1539 1139 1621 1206 οἷς
1671 1145 1706 1215 ἰι
1758 1144 1856 1214 τῆς
1903 1143 2082 1214 λύμης

511 1231 673 1299 lci-xii;
719 1231 754 1300 ἡ
777 1228 886 1285 τῶν
917 1231 1158 1295 ἐκείνους
1197 1232 1504 1303 δεχομένων
1551 1233 1818 1305 χαυνότης
1864 1231 2083 1294 πάντως

510 1320 690 1374 εστίν.
1763 1327 1766 1332 ’

1225 1503 1357 1558 KH'.

583 1586 660 1644 Ἦ
691 1590 802 1644 τῶν
838 1591 924 1657 ἐφ’
952 1591 1087 1660 ἡμῖν
1117 1591 1178 1645 δν
1205 1593 1266 1645 τό
1299 1610 1356 1646 τε
1400 1593 1694 1648 πεπεῖσθαι
1724 1598 1838 1660 τοῖς
1867 1597 2089 1667 δαίμοσι

509 1684 608 1736 καὶ
656 1688 770 1745 τοῖς
824 1684 1047 1753 φθόροις
1094 1686 1426 1755 ἀνθρώποις,
1461 1687 1521 1740 τό
1567 1705 1626 1740 τε
1676 1688 1971 1743 διαπτύσαι
2021 1691 2091 1744 τὰ

507 1775 718 1827 τούτων
751 1774 1116 1845 βουλεύματα,
1141 1778 1554 1846 παραινούντων
1576 1781 1709 1850 ἡμῖν
1734 1781 1799 1834 τὰ
1819 1782 2088 1852 χείριστα.

507 1868 584 1917 Τὸ
611 1867 705 1919 τὸν
749 1867 928 1921 αὐτῶν
973 1868 1256 1921 αἰτιᾶσθαι
1302 1870 1520 1937 φθόνον,
1554 1871 1647 1925 καὶ
1697 1871 1758 1924 τδ
1789 1874 2092 1955 κακόηθες⁹

508 1958 662 2026 ἡμᾶς
709 1957 906 2020 αὐτοὺς
929 1956 1111 2021 ἀἰτίας
1146 1957 1591 2036 ἐλευθεροῦντας,
1618 1961 1840 2016 ιπειδάν
1884 1979 1938 2015 τι
1970 1964 2081 2015 τῶν

509 2049 699 2100 κακῶν
740 2049 1075 2117 ὲνεργῶμεν.
1105 2050 1308 2117 ματαία
1355 2051 1556 2120 σκῆψις
1597 2053 1691 2105 καὶ⁵
1722 2053 1888 2123 λῆρος
1921 2053 2082 2123 ἔσχα-

507 2155 625 2200 τος.
653 2138 842 2201 Οὐδεὶς
870 2139 978 2208 γὰρ
1005 2139 1341 2193 οὐδεπώποτ’
1373 2141 1439 2195 ἂν
1471 2142 1691 2198 ἔπεισεν
1729 2145 1918 2198 οὐδένα
1950 2147 2083 2198 πάν-

504 2246 619 2280 των
664 2228 991 2299 ἀνθρώπων,
1029 2231 1105 2301 μὴ
1152 2231 1552 2301 βεϐουλημένον
1601 2235 1916 2304 πεισθῆναι.
1954 2237 2080 2299 Πῶς

507 2319 655 2388 γάρ;
694 2319 858 2374 ’Ὥστε
903 2323 1131 2394 γνώμης
1176 2324 1238 2375 τὸ
1271 2324 1585 2380 πεπεῖσθαι.
1615 2325 1787 2380 Τοῦτο
1819 2328 1874 2380 δὲ
1918 2329 2077 2381 ἑκού-

509 2428 631 2463 σιον
660 2412 755 2464 καὶ
787 2409 1072 2483 ἡμέτερον,
1098 2414 1159 2468 οὐ
1185 2414 1292 2468 τῶν
1320 2414 1575 2485 θύραθεν.
1609 2417 1668 2470 El
1698 2415 1800 2487 μὲν
1825 2418 1916 2472 οῦν
1943 2421 2080 2490 πρδς

510 2506 640 2573 βίαν
666 2509 800 2577 ἡμῖν
829 2509 1039 2576 ἐγίνετο
1071 2510 1129 2563 τὸ
1166 2509 1478 2576 πεπεῖσθαι,
1506 2509 1667 2575 ἄλλος
1713 2515 1779 2566 ἄν
1829 2533 1912 2569 σοι
1950 2516 2082 2584 παρ’

508 2598 672 2666 ἡμῶν
720 2599 936 2666 ἐγένετο
979 2598 1136 2669 λόγος
1162 2616 1177 2631 ⁸
1219 2601 1409 2672 ἐπειδὴ
1442 2603 1497 2656 δὲ
1532 2606 1906 2675 προαιρέσεως
1944 2609 2082 2676 ήμεο

506 2691 696 2760 τέρας,
724 2688 930 2760 ταύτης
976 2689 1032 2744 δὲ
1065 2692 1255 2759 κύριος
1296 2692 1454 2760 μόνος
1486 2696 1514 2746 δ
1553 2697 1909 2764 κεκτημένος,
1941 2698 2078 2764 ἀγα-

507 2781 663 2848 πητὰ
714 2780 782 2832 τὰ
820 2779 1097 2849 λεχθέντα.
1137 2780 1325 2849 Ἀρκεῖ
1374 2782 1482 2848 γὰρ
1534 2781 1707 2836 ταῦτα
1759 2783 1928 2849 δείξαι
1980 2788 2073 2840 τὸν

509 2869 800 2939 ἄνθρωπον
833 2869 1055 2937 ἀγαθὸν,
1091 2871 1153 2940 ἢν
1185 2872 1361 2941 ἐθέλῃ,
1390 2873 1485 2924 καὶ
1527 2872 1699 2925 κακὸν
1737 2876 2082 2943 γιγνόμενον,

510 2961 598 3014 ὅτι
639 2960 820 3014 θέλει·
863 2962 998 3031 ὅπερ
1047 2962 1152 3014 ἔδει
1203 2962 1420 3024 πάντως
1452 2963 1732 3031 δεδεῖχθαι.
1767 2965 2083 3032 Καταγέλα-

514 3052 671 3105 στέον
700 3052 764 3122 δὴ
791 3052 858 3105 τὰ
883 3053 1009 3116 τοὺς
1034 3053 1260 3117 πολλοὺς
1285 3054 1554 3121 κηλοῦντα
1587 3055 1680 3107 καὶ
1711 3055 2082 3125 δεδιττόμενα,

515 3146 611 3196 καὶ
643 3145 868 3198 δοκείτω
907 3146 1111 3201 διωκτὰ
1162 3147 1262 3216 μὲν
1298 3147 1458 3215 μόνον
1489 3148 1870 3209 ἐκείνῳ-ἅττα
1899 3149 1961 3221 δὴ
1994 3151 2086 3204 τὸν

2185 696 2365 750 minus
2397 697 2768 765 improborum
2797 697 2876 764 (ut
2899 697 3148 764 equldem
3182 697 3436 766 arbitror)
3465 697 3747 753 hominum

2182 799 2343 853 quam
2381 786 2622 854 ipsorum
2677 787 2984 840 dmmnnum
3017 805 3030 841 :
3099 803 3330 858 quorum
3367 791 3750 857 opportunitas

2187 877 2253 931 ad
2290 889 2584 933 sementem
2647 878 2946 934 faciendam
2984 891 3184 936 nostra:
3217 882 3419 964 meptis
3451 889 3535 960 est!
3562 881 3748 935 indili-

2188 968 2368 1037 gentia
2395 983 2410 1031 ;
2446 969 2824 1022 succrescendi
2877 985 3006 1023 vero
3039 970 3272 1027 facultas
3301 988 3331 1026 a
3360 982 3546 1028 nostra
3578 973 3632 1026 in
3658 976 3752 1028 ob-

2171 1057 2476 1113 ‘servandis
2518 1061 2803 1128 praeceptis
2850 1061 3145 1116 oscitantia
3196 1061 3582 1130 proficiscitur.
3632 1063 3746 1128 Qut.

2191 1150 2272 1212 fit,
2305 1151 2507 1218 malum
2565 1159 2623 1206 ut
2668 1152 2850 1220 potius
2911 1161 3158 1207 nostrum
3196 1154 3266 1207 sit
3304 1153 3752 1220 exnstimandum,

2189 1245 2279 1310 qui
2317 1242 2572 1298 dissoluti
2605 1254 2658 1298 et
2703 1244 2878 1313 supini
2930 1259 3143 1308 sumus,
3181 1260 3342 1313 quam
3397 1256 3751 1299 externorum

2190 1334 2423 1388 hostium
2448 1352 2460 1386 :
2483 1350 2711 1404 quorum
2739 1335 2916 1390 omnis
2938 1335 2990 1389 in
3021 1335 3417 1403 corrumpendo
3445 1336 3524 1388 vis
3579 1335 3755 1386 ninni-

2189 1438 2263 1477 no
2291 1425 2487 1492 pendet
2518 1427 2584 1479 ab
2631 1426 2845 1479 illorum
2886 1425 3138 1493 segnitie,
3166 1425 3259 1493 qui
3313 1439 3407 1479 eos
3434 1424 3751 1478 admittunt.

2850 1515 3088 1570 XXVIII.

2263 1607 2395 1661 Tam
2441 1609 2818 1676 obtemperare
2853 1608 3198 1664 dmmonibus
3244 1622 3308 1660 ac
3345 1607 3618 1676 pestiferis
3653 1609 3751 1662 ho—

2193 1697 2455 1761 minibus,
2494 1713 2654 1768 quam
2690 1700 3030 1759 eorumdem,
3076 1700 3141 1751 ad
3172 1699 3407 1766 pessima
3462 1699 3756 1751 cohortan-

2195 1790 2352 1855 tium,
2385 1791 2616 1843 consilia
2657 1804 2937 1860 respuere.
2989 1797 3179 1843 nostra
3209 1789 3370 1842 situm
3399 1799 3481 1842 est
3509 1788 3564 1840 in
3605 1797 3754 1855 pote-

2196 1889 2352 1935 state.
2381 1879 2709 1932 Eorumdem
2743 1891 2797 1933 et
2827 1879 3085 1933 invidiam
3114 1889 3166 1932 et
3198 1879 3459 1931 malitiam
3493 1893 3756 1932 accusare

2194 1987 2320 2027 cum
2385 1971 2511 2025 mali
2548 1970 2678 2038 quid
2725 1970 3103 2038 designamus,
3155 1975 3374 2022 nosmet
3427 1970 3574 2037 ipsos
3603 1972 3753 2023 omni

2187 2063 2343 2130 culpa
2371 2061 2672 2122 liberanda,
2701 2069 2992 2127 praitextus
3016 2075 3185 2111 vanus
3204 2066 3307 2120 est,
3334 2067 3756 2126 extremumque

2187 2151 2478 2216 delirium;
2511 2152 2709 2218 quippe
2753 2163 2920 2201 nemo
2978 2163 3217 2215 unquam
3271 2147 3442 2200 ullum
3495 2148 3749 2200 omnium-

2187 2242 2500 2296 mortalium
2556 2240 2832 2296 suadendo
2868 2238 3102 2307 impulit,
3137 2241 3234 2307 qui
3281 2239 3598 2307 persuaderi
3654 2254 3752 2290 no-

2187 2332 2398 2385 luisset.
2427 2329 2546 2395 Quo
2575 2330 2720 2383 enim
2747 2330 2799 2382 in
2831 2340 2988 2398 pacto
3024 2329 3156 2392 fieri,
3191 2329 3406 2396 possit?
3433 2329 3488 2380 In
3518 2328 3758 2382 hominis

2187 2422 2354 2490 igitur
2405 2430 2487 2477 est
2524 2420 2754 2474 arbitrio
2789 2421 2978 2485 situm,
3031 2431 3088 2474 ut
3136 2419 3550 2488 persuadeatur.
3593 2420 3749 2484 Quod

2189 2522 2365 2567 autem
2419 2512 2490 2565 ita
2544 2520 2920 2580 comparatum
2973 2518 3076 2574 est,
3125 2510 3493 2562 .voluntarium
3546 2519 3650 2570 est.
3693 2523 3754 2562 ac

2191 2613 2466 2667 nostrum,
2499 2618 2606 2656 non
2635 2603 3023 2656 extrariorum.
3058 2600 3212 2666 Quod
3245 2602 3287 2654 si
3321 2603 3369 2654 vi
3403 2601 3555 2654 fieret
3581 2600 3634 2653 in
3664 2615 3760 2653 no-

2191 2696 2275 2750 bis
2317 2695 2620 2764 persuasio,
2654 2695 2759 2747 alia
2798 2705 3078 2747 uteremur
3106 2694 3373 2746 oratione.
3431 2689 3584 2744 Nunc
3629 2706 3754 2744 eum

2192 2801 2219 2838 a
2256 2795 2441 2839 nostra
2469 2786 2705 2854 pendeat
2729 2785 3020 2850 electione,
3051 2785 3205 2850 cujus
3233 2783 3488 2837 dominus
3517 2790 3601 2836 est
3623 2782 3762 2835 dun-

2194 2887 2343 2932 taxat
2382 2879 2450 2942 is,
2480 2880 2569 2947 qui
2598 2894 2658 2931 ea
2689 2877 2951 2946 praeditus
2983 2888 3061 2930 est
3085 2891 3207 2945 quae
3239 2876 3494 2938 dicimus,
3527 2873 3763 2944 amplec-

2194 2969 2350 3022 tenda
2385 2970 2629 3022 veniunt.
2660 2969 2867 3037 Quippe
2897 2969 3035 3023 satis
3062 2977 3166 3031 est,
3198 2967 3264 3021 iis
3294 2967 3534 3035 probari,
3556 2965 3760 3018 bonum

2193 3077 2314 3115 esse
2347 3062 2645 3126 hominem,
2691 3061 2732 3114 si
2770 3060 2895 3112 velit
2931 3069 2978 3112 et
3019 3059 3219 3112 malum
3256 3058 3393 3121 fieri,
3429 3056 3557 3126 quia
3587 3056 3758 3109 velit:

2195 3156 2338 3223 quod
2395 3154 2620 3208 omnino
2655 3155 3093 3206 demonstratum
3127 3151 3392 3220 oportuit.
3423 3151 3500 3202 Ac
3534 3149 3764 3217 proinde

515 3237 724 3303 ἀγαθὸν
756 3238 889 3305 ἡμῖν
921 3237 1217 3290 συνάπτειν
1252 3237 1546 3305 δεσπότην,
1580 3239 1791 3304 φευκτὰ
1820 3241 1874 3292 δὲ
1905 3242 2082 3296 πάντα
2113 3259 2159 3316 ο
2195 3247 2368 3299 risum

1905 3242 2082 3296 πάντα
2113 3259 2159 3316 ο
2195 3247 2368 3299 risum
2395 3252 2696 3302 merentur.
2740 3258 2862 3311 qua
2912 3243 3106 3308 vulgus
3164 3242 3450 3294 hominum
3507 3239 3758 3305 decipere

515 3330 615 3382 καὶ
646 3329 876 3399 φοϐερὰ,
906 3331 1005 3382 ὅσα
1038 3330 1131 3383 τὸν
1161 3330 1320 3400 μόνον
1345 3328 1574 3398 φοόερὺν
1605 3331 1930 3401 συγκρούειν
1958 3335 2090 3405 ἡμῖν

512 3419 763 3474 δύναται.

2198 3335 2566 3403 territareque
2620 3335 2818 3394 solent,
2869 3349 2933 3403 ac
2965 3333 3337 3391 statuendum,
3389 3346 3454 3384 ea
3522 3339 3762 3384 tantum-

2196 3430 2358 3483 modo
2385 3428 2708 3494 expetenda,
2737 3441 2858 3495 quae
2889 3427 3087 3477 bonum
3114 3423 3266 3476 illum
3293 3422 3572 3475 dominum
3605 3421 3764 3474 nobis

515 3514 844 3579 conciliare,
884 3512 1138 3583 fugienda
1190 3528 1317 3568 vero
1359 3528 1481 3570 esse
1520 3530 1584 3572 ac
1618 3519 1903 3585 terribilia,
1952 3537 2295 3593 quaecunque
2345 3523 2520 3576 solum
2578 3520 2732 3574 illum
2786 3517 3082 3572 terribilem
3134 3516 3422 3570 adversum
3485 3527 3585 3568 nos
3633 3527 3773 3567 con-

517 3605 693 3658 citare
722 3612 972 3672 possunt.

1247 3698 1376 3753 KS’.

597 3789 816 3842 Πολλῶν
866 3806 927 3856 γε
986 3787 1203 3858 θρήνων
1260 3789 1431 3865 ἄξιον,
1497 3787 1749 3858 ἐξουσίαν
1805 3795 2092 3865 εἰληφότας

519 3881 689 3932 τέκνα
723 3877 860 3931 Θεοῦ
893 3879 1171 3945 γενέσθαι,
1197 3878 1381 3932 ἔπειτα
1414 3881 1688 3936 δουλεύειν
1720 3885 1962 3952 ὲθέλειντ
1998 3889 2094 3940 καὶ

519 3975 716 4024 τούτου
743 3971 1000 4040 τυχόντας
1030 3969 1223 4040 βοηθοῦ
1251 3973 1388 4024 κατὰ
1421 3974 1527 4025 τῶν
1557 3975 1746 4028 παθῶν
1772 3992 1828 4030 τι
1863 3980 1957 4031 καὶ
1985 3980 2092 4032 τῶν

520 4062 820 4130 δαιμόνων,
875 4060 1062 4130 ὥσπερ
1099 4062 1198 4129 τὴν
1246 4060 1499 4131 βοήθειαν
1545 4067 1865 4132 φεύγοντας,
1901 4069 2094 4137 ἥττους

522 4155 754 4205 ἐκείνων
784 4151 1110 4222 φαίνεσθαι⁶
1149 4154 1247 4205 καὶ⁴
1294 4156 1452 4223 χεῖρα
1486 4156 1793 4225 ὀρέγοντος,
1819 4159 1918 4222 τὰς
1959 4162 2098 4228 ἡμε-

520 4246 694 4314 τέρας
731 4245 1042 4297 συστέλλειν
1063 4261 1077 4275 ο
1119 4249 1216 4298 καὶ
1249 4245 1548 4314 δυναμένου
1585 4247 1771 4301 δοῦναι
1796 4250 1894 4318 τὴν
1924 4247 2095 4322 ἧτταν

520 4335 990 4400 ἀνακαλέσασθαι,
1017 4335 1114 4388 καὶ
1158 4335 1482 4404 βουλομένου
1522 4338 1681 4392 τοῦτο
1719 4340 2094 4410 δωρήσασθαι,

525 4427 817 4493 μονονουχὶ
851 4424 1132 4477 διαπτύειν
1177 4427 1324 4495 ἡμᾶς
1361 4425 1459 4494 τὴν
1504 4428 1684 4496 χάριν.
1717 4430 1882 4481 ’Ἄνευ
1916 4430 1973 4481 δὲ
2007 4434 2102 4482 καὶ

2885 3694 3078 3748 XXIX.

2271 3790 2367 3848 Est
2393 3791 2620 3845 omnino
2646 3789 2828 3842 multis
2862 3803 2947 3841 res
2981 3787 3141 3851 digna
3179 3787 3452 3857 lacrymis.
3485 3803 3580 3842 nos
3612 3798 3763 3853 pote-

2201 3894 2396 3940 statem
2425 3884 2669 3950 adeptos,
2705 3891 2761 3934 ut
2783 3880 3078 3933 efficiamur
3106 3879 3197 3934 Dei
3224 3881 3340 3942 filii,
3376 3882 3546 3935 nihilo
3581 3883 3764 3936 minus

2201 3975 2408 4031 servire
2466 3973 2644 4026 velle:
2711 3971 2881 4024 Deum
2955 3980 3147 4023 nactos
3215 3971 3599 4038 opitulator-em
3654 3983 3771 4026 tam.

2204 4074 2390 4118 contra
2418 4063 2566 4125 vitia,
2596 4075 2759 4130 quam
2784 4062 2934 4128 ipsos
2958 4061 3252 4124 daemonas,
3274 4063 3418 4113 velut
3440 4077 3594 4130 opem
3617 4063 3764 4116 illam

2195 4154 2465 4223 fugientes
2509 4151 2688 4224 ahﬁeis
2724 4151 2867 4206 vinci
2906 4167 2919 4203 :
2989 4166 3207 4202 manum
3248 4151 3366 4217 ipso
3429 4153 3765 4220 porrigente,

2196 4255 2414 4300 nostras
2446 4260 2474 4298 a
2509 4244 2666 4297 nobis
2721 4243 2920 4297 attrahi
2966 4258 3088 4296 cum
3131 4244 3248 4312 ipse
3279 4254 3541 4313 praestare
3572 4246 3764 4314 possit.

2198 4335 2439 4388 utetiam
2475 4333 2602 4386 victi
2657 4331 2864 4385 cladem
2918 4333 3315 4396 resarciauius,
3379 4335 3543 4402 idque
3578 4335 3764 4403 largiri

2197 4430 2364 4494 velit;
2423 4444 2520 4482 nos
2552 4444 2580 4480 e
2611 4427 2895 4480 contrario
2948 4428 3180 4494 gratiam
3217 4428 3362 4480 illam
3419 4437 3626 4480 tantum
3656 4445 3776 4482 non.

520 4518 763 4586 ταυτησὶ
809 4517 906 4585 τῆς
953 4516 1265 4586 ὑπερφυοῦς
1308 4517 1530 4587 ἀρωγῆς
1586 4537 1643 4572 τε
1701 4521 1797 4573 καὶ
1847 4521 2099 4590 βοηθείας
2198 4534 2395 4585 respue

1893 4521 2099 4590 ιηθείας
2198 4534 2482 4585 respuere.
2509 4518 2650 4582 Quin
2681 4528 2737 4569 et
2766 4517 2973 4585 absque
3005 4517 3108 4569 hac
3136 4517 3333 4584 insigni
3362 4532 3462 4585 ope
3489 4529 3652 4585 atquo
3675 4533 3768 4570 au-

523 4613 698 4662 τ-ἄσιν
726 4607 846 4672 ἐξὸν
879 4607 1102 4672 ἀγαθοῖς
1142 4598 1280 4660 εἶναι
1336 4610 1810 4678 προαιρουμένοις,
1846 4612 2096 4680 σχέτλιον
2127 4625 2174 4683 D
2202 4609 2350 4674 xilio,
2384 4624 2398 4662 ι

1892 4612 2096 4680 χέτλιον
2127 4625 2174 4683 υ
2202 4609 2350 4674 xilio,
2384 4623 2508 4663 cum
2541 4608 2798 4661 omnibus
2819 4622 2941 4661 esse
2968 4607 3125 4661 bonis
3156 4609 3338 4666 liceat,
3369 4609 3634 4675 siquidem
3664 4608 3767 4660 hnc

520 4707 585 4751 τὸ
627 4701 704 4768 μὴ
761 4697 1071 4765 βούλεσθαι.
1104 4698 1262 4767 Αὐτῷ
1297 4699 1404 4767 γὰρ
1446 4700 1591 4766 μόνῳ
1640 4700 1746 4753 τῶν
1783 4700 2003 4755 πάντων
2038 4704 2097 4767 ἐξ
2200 4700 2395 4765 eligant

1892 4719 2003 4755 των
2038 4704 2097 4767 ἐξ
2200 4700 2423 4765 eligant,
2459 4700 2672 4767 indigna
2720 4714 2806 4752 res
2856 4710 2964 4760 est,
3002 4714 3108 4751 non
3154 4699 3312 4762 velle,
3344 4697 3478 4752 Nam
3518 4700 3622 4753 hoc
3650 4701 3767 4754 solo

523 4791 754 4858 αγαθῶν
811 4790 891 4852 εἰς
928 4789 1165 4857 φαύλους
1216 4790 1509 4858 ἐρχόμεθα.
1556 4791 1621 4843 Ἡ
1671 4792 1778 4861 γὰρ
1829 4792 1893 4863 δὴ
1937 4794 2097 4861 φύσις

524 4887 663 4953 ἡμῖν
688 4882 787 4951 τὴν
821 4879 1048 4950 πρώτην
1072 4881 1250 4950 ἀγαθή
1287 4899 1347 4934 τε
1375 4882 1513 4944 ὅλως
1545 4884 1779 4948 ἐγένετο,
1813 4888 1907 4937 καὶ
1937 4887 1994 4937 ὲν
2021 4886 2099 4954 τῷ

524 4973 682 5042 καλῷ
706 4975 980 5041 διαμεῖναι
1010 4972 1240 5041 δύναμιν
1269 4974 1477 5042 εἴληφε.
1515 4974 1621 5026 Καὶ
1649 4975 1696 5026 ει
1737 4975 1875 5044 πρὸς
1903 4975 1962 5027 τὸ
1993 4979 2102 5044 χεῖ-

531 5084 626 5134 ρον
677 5065 779 5132 τὴν
827 5063 1080 5132 βούλησιν
1131 5065 1411 5116 αἰτιᾶσθαι
1442 5065 1673 5126 δίκαιον,
1710 5065 1950 5133 δηλονότι
2005 5069 2102 5119 καὶ

527 5159 670 5224 πρὸς
725 5155 992 5224 θάτερον⁸
1049 5156 1212 5223 ἁρκεῖ
1283 5155 1468 5206 λοιπὸν
1526 5155 1850 5223 βουληθῆναι
1897 5158 1992 5208 καλ⁶
2041 5157 2103 5210 τὸ

528 5249 681 5308 me;
735 5246 1055 5315 ἐνεργῆσαι,
1091 5246 1281 5315 ῥᾴδιον·
1307 5244 1370 5298 ὃν
1412 5247 1472 5298 τὸ
1519 5245 1761 5314 νικῆσαι,
1796 5249 1849 5300 εί
1875 5264 1982 5300 τινι
2011 5249 2102 5301 καὶ

528 5340 799 5407 τρόπαιον
827 5338 920 5406 ἀφ’
947 5337 1107 5406 ἡμῶν
1135 5339 1385 5407 ἔστηκεν.

1271 5431 1354 5481 Λ’.

608 5523 863 5573 ’Δπαντα
907 5520 1007 5591 μὲν
1035 5521 1135 5589 τῆς
1183 5521 1393 5573 ἑαυτῶν
1423 5521 1597 5593 ἀρχῆς
1627 5521 1880 5591 ἢρτηται,
1911 5524 2006 5574 καὶ
2038 5522 2103 5590 δὴ

530 5617 629 5666 καὶ
683 5612 858 5665 ταῦτα
906 5612 975 5664 τὰ
1027 5611 1151 5664 καθ’
1190 5612 1359 5679 ἡμᾶς.
1401 5611 1474 5664 Οὐ
1531 5611 1639 5680 γὰρ
1676 5611 1843 5675 ἐστιν,
1887 5613 2103 5684 ἐκείνης

531 5705 704 5773 οὔσης
737 5702 966 5772 σαθρᾶς,
994 5703 1065 5755 τὰ
1105 5702 1220 5771 μετ’
1253 5701 1470 5770 ἐκείνην
1520 5701 1786 5771 ίδρύσθαι.
1823 5702 1922 5771 Εἰη
1959 5703 2006 5754 δ’
2032 5703 2102 5756 ἂν

531 5796 647 5847 τῶν
699 5794 980 5863 ἡμετέρων
1031 5794 1374 5863 πραγμάτων
1426 5794 1593 5863 ἀρχὴ,
1642 5795 1736 5846 καὶ
1787 5793 1962 5862 βάσις,
2007 5797 2103 5847 καὶ

540 5887 695 5954 ῥεῖα.
739 5887 833 5939 καὶ
859 5886 910 5936 εῐ
942 5902 996 5938 τι
1022 5886 1282 5940 τοιοῦτον.
1322 5887 1354 5936 ἡ
1407 5884 1595 5938 ποώτη
1632 5885 1843 5939 κίνησις
1876 5889 1971 5939 τὶίς
1999 5889 2103 5939 Φυ-

2202 4792 2266 4844 de
2291 4791 2452 4844 bonis
2481 4791 2661 4857 pravis
2692 4787 2974 4844 efficimur.
3023 4787 3234 4856 Quippe
3264 4799 3454 4842 natura
3488 4790 3647 4843 nobis
3702 4791 3770 4843 ab

2201 4881 2361 4936 initio
2386 4883 2522 4933 bona
2548 4895 2773 4948 prorsus
2797 4880 3033 4943 exsistit,
3061 4891 3113 4934 et
3137 4882 3186 4932 in
3215 4880 3357 4934 bono
3382 4883 3766 4948 perseverandi

2208 4977 2527 5038 potestatem
2559 4971 2792 5038 accepit.
2837 4970 2990 5034 Quod
3024 4972 3070 5024 si
3117 4972 3328 5038 justum
3374 4980 3474 5035 est,
3513 4971 3768 5039 imputari

2208 5058 2472 5110 voluntati
2499 5060 2916 5112 conversionem
2943 5060 3007 5112 ad
3030 5060 3253 5116 malum.
3281 5060 3419 5112 idem
3446 5062 3572 5113 etin
3601 5063 3770 5115 altern

2213 5146 2540 5201 faciendum.
2573 5147 2780 5202 Sufficit
2838 5149 3005 5217 igitur
3047 5150 3206 5211 velle,
3248 5151 3499 5219 quodque
3534 5166 3630 5218 pur
3664 5161 3767 5209 est.

2212 5255 2397 5309 agere,
2423 5255 2546 5292 rum
2577 5241 2734 5293 facile
2767 5241 2837 5292 sit
2865 5241 3091 5294 victoria
3131 5241 3310 5308 potiri.
3343 5241 3466 5294 licet
3493 5240 3558 5292 ab
3587 5241 3770 5309 aliquo

2209 5333 2292 5386 vel
2328 5343 2588 5400 tremum
2616 5333 2684 5385 de
2721 5334 2875 5385 nobis
2903 5333 2971 5383 sit
2993 5333 3310 5386 excitatum.

2904 5425 3068 5481 XXX.

2282 5518 2390 5572 Res
2442 5520 2712 5572 universae
2765 5534 2792 5570 a
2837 5534 2937 5571 suo
2995 5517 3262 5586 principio
3301 5519 3556 5586 pendent,
3610 5528 3771 5586 atque

2211 5611 2374 5663 etiam
2406 5621 2626 5664 nostrae.
2668 5610 2798 5662 Nam
2837 5609 2950 5662 fieri
2987 5609 3189 5676 nequit,
3224 5621 3280 5660 ut
3322 5611 3365 5662 si
3407 5611 3594 5676 fragile
3623 5611 3770 5676 priu-

2210 5701 2411 5768 cipium
2473 5702 2563 5764 sit,
2624 5701 2726 5753 fixa
2759 5700 2869 5753 sint
2925 5711 3091 5766 atque
3128 5700 3366 5762 stabilia,
3422 5715 3540 5767 qua:
3572 5713 3768 5752 conse-

2211 5803 2474 5858 quuntur.
2512 5792 2791 5846 Sitautem
2838 5793 3180 5860 negotiorum
3227 5802 3536 5844 nostrorum
3567 5791 3771 5857 princi-

2211 5888 2356 5938 nium
2413 5894 2467 5938 et
2493 5885 2636 5937 basis
2692 5895 2744 5936 et
2795 5884 2968 5943 radix.
3007 5895 3061 5938 et
3093 5884 3134 5938 si
3182 5883 3309 5953 quid
3363 5881 3615 5950 talcldici
3660 5882 3768 5934 alio
