4748 6512
1194 461 1300 527 339

2357 477 2756 543 MANUELIS
2792 486 3234 553 PAUEOLOGI

4323 504 4438 571 3‘0

1192 575 1411 631 nomine
1460 587 1660 646 potest,
1716 582 1926 649 primus
1973 583 2140 638 animi
2199 598 2421 655 motus;
2480 592 2520 643 si
2555 594 2747 660 placet,
2783 601 2991 669 Α-χῆς·
3026 604 3067 654 ει

1199 669 1351 690 -.μμ
1811 677 1823 690 .
1982 680 1994 690 .
2100 681 2111 690 .
2258 682 2319 690 ..
2522 687 2549 690 ,λ

2561 594 2747 660 placet,
2783 601 2991 669 A'xﬁc-
3026 604 3074 654 ει
3113 604 3169 655 δι
3200 604 3403 673 βούλει,
3438 608 3529 660 και
3562 609 3591 678 ἡ
3620 609 3854 679 θύραθεν
3890 616 4221 684 ἐγγινομένη
4259 621 4436 690 ταύτῃ

1190 669 1355 722 etiam
1391 674 1631 725 extratia
1667 677 1917 743 quaedam
1948 680 2067 747 ejus
2100 681 2358 749 impulsio
2389 702 2402 737 :
2442 687 2639 750 quibus
2670 696 2750 739 at-

1192 760 1521 815 tendendum
1551 773 1637 817 est
1667 776 1827 828 recte,
1853 784 1949 821 nec
1975 779 2175 825 temere
2198 775 2324 840 quid
2354 776 2747 841 inchoandum,

1190 854 1235 905 si
1271 856 1447 911 bonus
1481 862 1603 923 quis
1630 877 1749 915 esse
1782 865 1930 918 velit.
1961 868 2182 934 Agcnda
2213 879 2338 922 sunt
2379 874 2525 924 enim
2563 876 2744 925 omnia

1189 945 1431 1000 adhibita
1458 952 1920 1019 consideratione,
1941 958 2160 1024 judicio,
2185 961 2434 1024 consilio,
2466 965 2749 1016 conscien-

1191 1041 1286 1102 tia,
1318 1050 1369 1093 et
1401 1044 1600 1109 tthique
1635 1049 1919 1116 prmcipuc
1949 1060 2130 1117 partes
2165 1052 2392 1106 hom-sto
2424 1055 2743 1108 Iribuendm.

1188 1130 1367 1185 Tarde
1388 1137 1605 1203 quidem
1631 1144 2032 1206 procedendum
2061 1147 2110 1195 in
2139 1146 2485 1198 decernendo
2512 1164 2525 1209 ;
2556 1164 2743 1200 verum

1187 1224 1279 1274 ubi
1327 1237 1472 1279 recte
1510 1231 1876 1295 consulueris,
1915 1235 2183 1288 ambobus
2223 1241 2555 1289 currendum
2594 1240 2745 1304 pedi-

1186 1314 1308 1372 bus.
1341 1317 1532 1371 Itidem
1562 1337 1668 1374 non
1696 1326 1899 1390 agenda
1932 1326 2179 1387 confuse,
2211 1346 2325 1394 quae
2356 1329 2496 1382 forte
2526 1345 2582 1383 se
2618 1330 2747 1382 offc—

1186 1419 1355 1473 runt;
1388 1412 1481 1463 ενι]
1524 1430 1735 1481 semper
1765 1417 1956 1482 prima,
1994 1420 2250 1483 primqu.
2287 1419 2418 1472 Nam
2450 1437 2639 1487 magna
2666 1423 2746 1474 vis

1184 1501 1401 1555 Ordinis
1442 1513 1543 1565 est,
1596 1515 1760 1573 atque
1812 1511 1886 1560 uti
1921 1510 2043 1576 quis
2075 1525 2103 1561 a
2149 1511 2506 1565 dilationibus
2535 1514 2743 1566 abhor-

1186 1600 1304 1644 reat
1342 1608 1356 1643 :
1389 1609 1512 1646 cum
1553 1597 1738 1651 multis
1770 1598 1977 1651 diversa
2014 1599 2413 1665 factitantibus,
2447 1604 2743 1671 caeteroqui

1185 1685 1673 1751 prastantissimis,
1705 1702 1779 1742 ραι
1814 1704 1899 1741 res
1930 1692 2097 1742 exitio
2132 1690 2354 1744 fuerint.

1875 1798 2063 1858 XXXI.

2855 691 3166 761 προσϐολή·
3203 691 3293 756 αἶς
3345 699 3635 765 προσέχειν
3663 702 3768 771 χρὴ
3810 703 4013 767 καλῶς,
4047 707 4139 756 καὶ
4172 708 4248 775 μὴ
4295 726 4434 776 προ-

2853 782 3030 844 πετῶς
3082 785 3372 853 ἐγχειρεῖν,
3428 790 3477 841 εί
3536 790 3721 858 μέλλει
3776 811 3857 855 τις
3907 796 4113 862 ἀγαθῦς
4172 798 4432 850 ἔσεσθαι·

2856 872 3041 924 Πάντα
3078 877 3186 943 γὰρ
3222 880 3400 931 ποιεῖν
3440 882 3711 949 προσήκει
3744 883 3953 952 σκέψει,
3984 886 4077 938 καὶ
4106 888 4308 955 κρίσει,
4340 892 4436 940 καὶ

2852 969 3093 1029 γνώσει,
3168 969 3265 1020 καὶ
3326 972 3673 1037 συνειδήσει,
3734 976 3830 1027 καὶ
3882 977 4085 1029 διδόναι
4150 980 4435 1047 πανταχοῦ

2850 1059 3072 1123 κρατεῖν
3120 1058 3180 1109 τὸ
3238 1060 3424 1115 καλόν.
3470 1064 3577 1115 Καὶ
3642 1067 3779 1133 πρὸς
3836 1072 3935 1134 μὲν
3985 1070 4081 1130 τὰς
4127 1071 4437 1135 ἀποςιάσεις

2851 1147 3013 1216 σχολῇ
3051 1148 3287 1217 βαδίζειν
3311 1168 3324 1182 ο
3358 1152 3785 1225 βεϐουλευμένον
3823 1159 3877 1211 δὲ
3905 1160 4108 1221 καλῶς,
4138 1162 4264 1213 δυσὶ
4302 1166 4436 1212 ποσὶ

2848 1237 3063 1303 τρέχειν
3085 1254 3099 1267 '
3134 1241 3399 1307 πράττειν
3426 1261 3486 1295 τε
3520 1245 3593 1316 μὴ
3621 1246 3857 1318 φύρδην,
3890 1249 3926 1302 ἃ
3960 1249 4114 1318 τύχοι
4144 1268 4159 1283 ·
4197 1251 4319 1303 ἀλλ’
4350 1253 4437 1303 ἀεὶ

2846 1328 2914 1379 τὰ
2942 1330 3136 1397 πρῶτα
3168 1331 3421 1401 πρώτως.
3456 1337 3618 1403 Μέγα
3657 1340 3765 1406 γᾶρ
3800 1340 3977 1408 ίσχύει
4025 1342 4208 1406 τάξις,
4239 1343 4338 1392 καὶ
4373 1342 4435 1392 τὸ

2851 1418 2924 1487 μὴ
2976 1421 3186 1491 χαίρειν
3240 1424 3548 1491 ἀναϐολαῖς,
3604 1430 3698 1480 καὶ
3752 1431 3984 1493 πολλούς
4039 1449 4105 1498 γε
4164 1434 4433 1485 τάναντία

2849 1512 3088 1577 καθεῖλε,
3124 1514 3288 1568 τᾶλλα
3325 1516 3643 1585 βελτίστους
3675 1521 4047 1592 ὑπάρχοντας.

3573 1810 3695 1862 AA'.

1254 1910 1507 1965 Numinis
1538 1929 1669 1966 sane
1699 1915 1867 1968 divini
1898 1915 2084 1980 fuerit,
2115 1927 2169 1970 et
2211 1918 2407 1985 quibus
2445 1919 2533 1972 illa
2572 1920 2738 1973 facul-
2777 1930 2816 1982 Β
2920 1912 2992 1964 Τὸ
3044 1913 3129 1980 μὲι

2572 1920 2738 1973 far-ul-
2777 1930 2816 1982 Β
2920 1912 2992 1964 Τὸ
3044 1913 3143 1980 μὲν
3190 1914 3278 1966 ἀεὶ
3310 1916 3378 1967 τὰ
3427 1915 3621 1985 βελτίω
3664 1918 3770 1969 τῶν
3802 1918 4063 1988 χειρόνων
4098 1921 4427 1989 ἐκλέγεσθαι

1183 2014 1268 2059 tas
1293 2005 1360 2058 ab
1392 2007 1580 2058 eodem
1612 2006 1775 2059 fuerit
1802 2022 2084 2069 concessa,
2111 2024 2219 2075 prae
2244 2010 2605 2065 deterioribus
2631 2028 2739 2066 me-

1184 2096 1321 2148 liora
1375 2110 1591 2163 semper
1633 2098 1855 2163 eligere.
1904 2098 2269 2153 Nihilominus
2311 2102 2644 2165 conandum,
2683 2111 2741 2155 ιιι

1181 2186 1437 2240 omnibus
1493 2187 1669 2241 modis
1718 2203 2021 2256 agnoscas,
2056 2205 2174 2259 quae
2219 2184 2424 2260 optima
2451 2193 2740 2246 videantur

1182 2291 1306 2331 esse
1334 2294 1348 2340 ;
1380 2290 1543 2346 atque
1570 2280 1753 2347 agnita
1791 2279 1980 2344 facias,
2013 2290 2067 2333 et
2100 2282 2315 2349 quidem
2346 2284 2545 2337 talibus
2575 2284 2738 2337 mini-

1181 2382 1269 2420 me
1303 2369 1521 2421 salictis
1546 2387 1560 2434 ;
1586 2385 1709 2421 nam
1744 2380 1801 2422 ut
1838 2371 2071 2437 primum
2106 2371 2237 2424 illud
2272 2381 2354 2427 est
2388 2372 2501 2437 Dei,
2546 2375 2626 2427 sic
2660 2377 2740 2427 alo

1181 2469 1356 2513 termn
1392 2461 1441 2513 in
1468 2461 1744 2516 hominem
1786 2464 1951 2516 cadit.
1995 2461 2229 2517 Necesse
2266 2474 2352 2518 est
2385 2465 2529 2517 enim
2565 2466 2738 2534 magis

1181 2567 1278 2605 eos
1309 2552 1429 2604 aliis
1464 2565 1741 2621 compotes
1769 2555 1980 2607 virtutis
2013 2554 2169 2617 eflici,
2202 2556 2281 2607 vel
2310 2556 2373 2609 ad
2399 2571 2516 2609 eam
2547 2556 2737 2610 saltem

1178 2644 1410 2713 prepius
1443 2646 1722 2708 accedere,
1749 2647 1841 2714 qui
1878 2647 2053 2699 oculis
2090 2647 2142 2699 in
2174 2648 2247 2708 id,
2275 2648 2416 2715 quod
2452 2648 2736 2702 honestu-u

1179 2745 1283 2795 est,
1311 2737 1555 2798 directis,
1598 2738 2202 2804 przestautissimorutn,
2235 2754 2343 2792 non
2375 2738 2735 2806 plurimorum

1180 2830 1428 2883 actiones
1454 2836 1614 2898 atque
1636 2830 1859 2883 consilia
1883 2846 2097 2898 semper
2121 2830 2422 2893 intuentur,
2450 2840 2500 2883 et
2525 2846 2741 2883 eorum-

1180 2920 1303 2973 tlem
1336 2922 1540 2973 exitum
1587 2922 1879 2973 observant
1911 2938 1925 2974 :
1961 2936 2025 2974 ac
2061 2922 2126 2974 iis
2178 2923 2418 2988 quidem.
2449 2938 2569 2989 qure
2614 2937 2738 2975 esse

1182 3012 1322 3063 bona
1348 3011 1653 3064 docuerunt
1675 3020 1903 3064 eventus
1926 3012 2049 3079 ipsi,
2069 3012 2223 3081 quasi
2250 3012 2449 3077 regulis
2472 3024 2737 3066 utuntur:

1180 3103 1452 3153 contraria
1500 3104 1881 3169 magistrorum
1916 3104 2037 3156 luco
2066 3103 2168 3156 sibi
2195 3104 2554 3169 constituunt,
2590 3120 2657 3159 ne
2686 3105 2736 3156 in

1180 3189 1319 3240 mala
1348 3189 1655 3242 consimilia
1686 3202 1864 3243 ruant.

1850 3302 2063 3357 XXXII.

1254 3389 1555 3443 Admodum
1592 3392 1828 3457 jucunda
1864 3409 1948 3449 res
1995 3406 2078 3449 est
2110 3396 2335 3461 erudiri,
2369 3413 2477 3451 non
2523 3402 2737 3467 lapsum

1182 3482 1462 3546 patiemlo,
1490 3486 1584 3535 sed
1625 3485 1873 3538 acerbius
1906 3487 2107 3554 aliquid
2134 3488 2448 3553 devitando,
2488 3505 2609 3541 cmn
2632 3491 2741 3542 fac-

1183 3580 1271 3625 tus
1295 3574 1521 3628 alterius
1544 3591 1732 3628 errore
1757 3579 1979 3645 peritior
2002 3578 2190 3632 fueris.
2218 3580 2387 3648 Major
2408 3594 2584 3633 autem
2616 3597 2740 3647 pars

1184 3665 1488 3725 hominum,
1524 3668 1601 3719 uti
1637 3668 1853 3733 quidem
1887 3680 2129 3736 apparet.
2164 3671 2301 3723 haue
2334 3688 2443 3723 rem
2497 3674 2735 3739 uegligit,

1181 3765 1237 3807 et
1264 3758 1602 3811 calamitates
1629 3762 1877 3825 preprias
1901 3770 2199 3830 exspectat,
2235 3774 2292 3814 ut
2318 3779 2410 3829 per
2432 3781 2492 3816 ea
2525 3768 2740 3817 erudia-

1182 3854 1274 3898 tur
1309 3864 1323 3900 :
1356 3862 1516 3915 quam
1549 3848 1942 3903 institutionem
1980 3854 2229 3904 mercede
2260 3854 2440 3904 damni
2474 3869 2613 3921 saepe
2644 3870 2739 3922 pa-

1180 3949 1303 3989 rum
1338 3938 1654 4004 reparabilis
1704 3950 2040 4007 compensat.
2080 3940 2243 3993 Iidem
2290 3956 2623 3995 consuevere
2656 3943 2737 3994 di-

1181 4044 1327 4089 cere.
1369 4031 1664 4093 medicum,
1717 4034 1808 4098 qui
1847 4050 2038 4085 nomen
2093 4034 2195 4086 hoc
2231 4044 2557 4088 consecutus
2606 4035 2675 4088 sit
2711 4052 2739 4088 e

1181 4122 1431 4182 scientia,
1467 4136 1573 4173 non
1616 4122 1693 4174 illi
1726 4138 1909 4191 parem
1942 4138 2080 4184 esse,
2110 4123 2200 4190 qui
2234 4122 2411 4175 varios
2438 4126 2491 4175 iu
2523 4126 2739 4177 morbos

1180 4211 1454 4264 inciderit.
1487 4211 1567 4265 Tu
1598 4228 1725 4265 vero
1763 4214 1920 4267 modo
1959 4213 2095 4266 velis
2153 4213 2316 4265 etiatn
2345 4227 2450 4265 non
2486 4215 2739 4281 patiendo

1180 4305 1383 4372 poteris
1406 4308 1635 4358 evadere
1664 4306 1909 4372 peritior,
1942 4305 1984 4357 si
2010 4305 2352 4358 calamitates
2380 4304 2610 4357 aliorum
2641 4321 2737 4373 pro

1181 4398 1289 4452 tuis
1318 4399 1560 4460 duxeris,
1605 4414 1901 4463 earumque
1949 4411 2143 4450 causas
2176 4396 2476 4458 vitaveris;
2523 4405 2577 4447 et
2615 4397 2740 4463 qui-

1180 4492 1302 4543 dem
1335 4492 1426 4544 hoc
1472 4502 1580 4543 tam
1617 4501 1873 4543 accurate
1915 4489 2296 4556 consequeris,
2329 4502 2393 4540 ac
2426 4488 2471 4539 si
2504 4489 2737 4555 teipsutn

1181 4583 1234 4635 in
1266 4598 1354 4636 res
1388 4583 1648 4635 adversas
1676 4582 1933 4635 incidisse
1961 4580 2315 4648 contingeret.

1842 4694 2081 4748 XXXIII.

1251 4788 1498 4841 Tendere
1534 4788 1884 4855 cupiditatem
1914 4788 2220 4848 hominum,
2255 4802 2284 4841 e
2321 4787 2543 4856 pulvere
2578 4786 2743 4856 spiri-

1184 4894 1352 4951 tuque
1408 4880 1801 4941 constantium,
1845 4881 2007 4932 modo
2048 4879 2266 4947 quidem
2300 4894 2543 4938 sursum.
2582 4879 2743 4930 modo

1181 4994 1312 5027 vero
1345 4975 1623 5035 deorsum,
1671 4974 1806 5026 nihil
1850 4988 1982 5025 sane
2012 4972 2135 5024 novi
2167 4973 2345 5023 fuerit.
2381 4972 2487 5023 Sed
2521 4982 2741 5040 oportet

1179 5072 1359 5119 vitum
1395 5067 1907 5127 pt'xstantissimum
1943 5079 2051 5117 non
2084 5065 2343 5116 continuo
2377 5064 2739 5131 voluptatum,

1182 5161 1411 5223 irarum,
1434 5170 1700 5211 terrorum
1723 5156 2175 5225 impressiouibus
2191 5155 2602 5223 expugnabilem
2623 5170 2744 5208 sese

1182 5248 1637 5318 [Irtlfilf‘rf','(lll0(i
1672 5247 2003 5301 elleminatis
2053 5248 2298 5300 accidere.
2331 5248 2599 5309 videmus,
2645 5246 2739 5313 qui

1180 5356 1238 5391 se
1263 5341 1341 5391 vel
1367 5340 1496 5406 ipsis
1522 5340 1761 5390 hostium
1794 5339 2223 5404 praecursoribus
2248 5338 2491 5391 dedunt:
2521 5338 2611 5390 sed
2640 5338 2743 5390 itu-

1184 5439 1390 5482 motum
1414 5446 1632 5482 manere
1666 5445 1727 5482 ac
1756 5445 1876 5482 esse
1908 5430 2403 5491 stabilem,exitutn
2440 5431 2517 5483 rei
2550 5431 2738 5482 cuius-

1181 5536 1288 5590 que
1333 5524 1761 5590 perquirentctn.
1815 5520 1950 5573 Nam
1998 5520 2286 5573 confestim
2336 5522 2739 5587 emergentihus

1183 5628 1364 5664 rerum
1401 5613 1685 5680 principiis
1716 5628 2019 5671 accurrere.
2049 5630 2167 5680 quze
2205 5613 2462 5665 suavibus
2500 5614 2738 5665 esurdiis

1181 5704 1412 5757 blandiri
1440 5718 1789 5765 consuevere,
1823 5718 1943 5755 cum
1970 5703 2165 5755 oeculti
2201 5706 2311 5755 sint
2342 5718 2530 5755 eorum
2577 5703 2734 5765 lines,

1181 5795 1267 5845 vix
1305 5795 1621 5847 hominibus
1651 5796 1855 5849 insanis
1890 5796 2285 5861 contpetiverit.
2322 5796 2503 5862 Itaque
2526 5797 2590 5846 da
2617 5810 2743 5860 ου’·-

1184 5902 1323 5953 rem,
1362 5898 1417 5940 ut
1448 5890 1633 5942 litluus
1667 5890 1741 5942 Sis
1774 5898 1934 5956 atque
1964 5888 2194 5947 stabilis,
2232 5903 2440 5954 imque,
2472 5887 2626 5939 l'Ltrtn
2660 5889 2739 5938 iu-

2842 2002 2979 2055 Θεοῦ
3042 2003 3108 2057 ἂν
3166 2006 3273 2073 εἴη,
3310 2007 3403 2059 καὶ
3455 2002 3535 2068 οἷς
3600 2007 3666 2059 ἂν
3716 2008 3975 2078 μεταδοίη
4031 2013 4269 2078 ταυτησὶ
4328 2014 4428 2080 τῆς

2840 2096 3161 2164 δυνάμεωςο
3206 2098 3501 2166 πειρᾶσθαι
3566 2098 3749 2166 μέντοι
3803 2101 4072 2169 προσήκει
4132 2101 4427 2167 γινώσκειν

2842 2186 3012 2239 ἅπασι
3040 2187 3284 2255 τρόποις,
3319 2188 3456 2241 am
3507 2189 3760 2259 βέλτιστα
3805 2191 4025 2243 πάντων
4056 2188 4200 2243 εἶναι
4252 2194 4425 2254 δοκεῖ,

2840 2280 2935 2331 καὶ⁵
2960 2278 3298 2347 γινώσκοντα
3329 2283 3521 2343 ποιεῖν,
3551 2282 3645 2334 καὶ
3676 2281 3903 2334 τοιαῦτα
3938 2282 4011 2352 μὴ
4042 2284 4424 2350 κορὲννυσθαι.

2855 2370 2942 2429 Ὦς
2972 2372 3079 2441 γὰρ
3113 2372 3173 2424 τὸ
3205 2372 3425 2440 πρῶτον
3456 2372 3616 2437 Θεοῦ,
3660 2372 3805 2426 οὕτω
3844 2374 3904 2426 τὸ
3924 2374 4180 2440 δεύτερον
4210 2376 4422 2443 ἀνδρός.

2854 2461 3090 2531 ’Λνάγκη
3122 2463 3233 2532 γὰρ
3265 2464 3468 2532 μᾶλλον
3508 2466 3615 2515 τῶν
3648 2465 3825 2518 ἄλλων
3856 2465 4137 2533 ἐπιτυχεῖς
4179 2466 4424 2527 ἐκείνους

2841 2555 3095 2621 γενέσθαι
3149 2556 3249 2622 τῆς
3298 2556 3523 2623 ἀρετῆς,
3564 2556 3595 2625 ἢ
3643 2556 3777 2623 γοῦν
3826 2557 3901 2625 μὴ
3962 2558 4151 2627 πόρρω
4207 2556 4423 2619 βάλλειν

2842 2645 3034 2712 αὐτῆς,
3069 2646 3183 2697 ὅσοι
3216 2646 3279 2714 δὴ
3317 2646 3455 2712 πρὸς
3492 2647 3553 2699 τὸ
3595 2648 3759 2698 καλὸν
3800 2648 4139 2716 ἀφορῶντες,
4168 2648 4270 2709 τας
4310 2649 4418 2699 τῶν

2840 2734 3095 2803 ἀρίστων,
3132 2737 3251 2804 οὐχὶ
3279 2737 3386 2788 τῶν
3412 2736 3680 2790 πλείστων
3707 2737 3939 2806 πράξεις
3975 2754 4032 2789 τε
4062 2739 4159 2789 καὶ
4192 2736 4418 2805 γνώμας

2840 2828 2924 2879 ἀεὶ
2962 2825 3280 2887 σκοποῦσιν,
3317 2823 3415 2879 εἶτ’
3447 2826 3772 2895 ἑπιτηροῦσι
3798 2828 3866 2879 tit
3892 2827 4099 2880 τούτων
4128 2828 4261 2895 τέλη
4286 2844 4298 2856 ’
4328 2830 4420 2880 καὶ

2840 2920 2955 2979 ταῖς
3009 2918 3107 2986 μὲν
3158 2918 3353 2979 καλαῖς
3409 2919 3473 2969 ἐκ
3526 2918 3633 2970 τῶν
3695 2919 3983 2970 ὲκϐάσεων
4040 2919 4419 2984 δεδειγμὲναις

2840 3008 3027 3078 ὥσπερ
3066 3009 3255 3062 κανόσι
3302 3010 3582 3078 χρῶνται*
3622 3011 3720 3073 τὰς
3771 3012 3818 3064 δ’
3866 3010 4121 3071 ἐναντίας
4156 3010 4418 3076 φανεὶσας

2845 3101 2992 3166 σφῶν
3030 3100 3209 3151 αὐτῶν
3259 3101 3617 3162 διδασκάλους
3662 3102 3928 3167 ποιοῦσιν,
3962 3101 4101 3153 ὥστε
4147 3102 4225 3169 μὴ
4270 3118 4419 3168 περι-

2843 3194 3030 3242 πεσεῖν
3066 3194 3179 3251 τοῖς
3211 3193 3420 3260 ὁμοίοις
3452 3196 3668 3253 κακοῖς.

3571 3309 3607 3359 Λ
3619 3307 3690 3361 B'.

2923 3395 3049 3448 ’11δύ
3110 3415 3159 3448 τι
3213 3397 3267 3448 τὸ
3330 3398 3522 3463 μαθεῖν
3581 3400 3751 3457 ἐστιν,
3796 3400 3895 3450 οὐκ
3962 3400 4027 3450 ἐκ
4071 3397 4167 3449 τοῦ
4230 3400 4421 3450 παθεῖν

2843 3485 3166 3547 πταίσαντα,
3211 3484 3329 3536 ἀλλ’
3385 3488 3446 3536 ἐκ
3492 3485 3587 3536 τοῦ
3637 3486 4063 3553 διαπεφευγέναι
4111 3488 4174 3537 τδ
4226 3489 4420 3555 δυσχε-

2846 3576 3123 3644 ρέστερον,
3162 3578 3224 3643 τῇ
3276 3576 3387 3626 τῶν
3441 3576 3617 3627 ἄλλων
3649 3577 3949 3645 διαμαρτίᾳ
3996 3579 4296 3645 γενόμενον
4325 3580 4423 3644 ὲμ·

2842 3669 3176 3734 πειρόῖερον.
3210 3670 3270 3719 Οί
3326 3668 3544 3728 πλείους
3600 3668 3675 3727 δὲ,
3730 3668 3803 3729 ὡς
3850 3668 4045 3730 ἔοικεν,
4079 3668 4419 3736 ὀλιγωροῦσι

2842 3758 2991 3810 τοῦδε
3036 3756 3131 3809 τοῦ
3186 3758 3536 3823 πράγματος,
3583 3758 3679 3808 καὶ
3731 3758 3827 3820 τὰς
3868 3760 4077 3819 οἰκείας
4131 3760 4422 3826 συμφορὰς

2842 3850 3219 3917 ἀναμένουσιν,
3279 3848 3419 3899 ὥστε
3465 3849 3593 3915 παρ’
3652 3850 3875 3901 ἐκείνων
3942 3849 4161 3917 μαθεῖν,
4227 3851 4422 3918 μισθὸν

2842 3941 3175 4005 παρέχοντες
3208 3939 3439 4005 ταυτησὶ
3478 3937 3577 4003 τῆς
3619 3938 3909 4006 μαθήσεως
3945 3938 4178 4007 ζημίαν,
4218 3940 4423 3991 πολλὰ·

2841 4048 2929 4091 κις
2960 4029 3067 4081 οὐδ’
3097 4028 3479 4097 εὐανάκλητον.
3512 4028 3693 4089 Μῦθος
3724 4029 3777 4080 δέ
3819 4030 3904 4091 τίς
3935 4032 4086 4081 ἐστιν
4122 4031 4336 4097 αὐτοῖς,
4363 4032 4421 4083 οὗ

2841 4123 3091 4175 τοσοῦτον
3124 4122 3306 4188 ίατρδν
3338 4116 3479 4171 εἶναι
3523 4120 3614 4172 τὸν
3652 4123 3930 4190 ἐπιστήμῃ
3966 4121 4115 4173 τοῦτ’
4156 4124 4311 4182 ὄντα,
4348 4124 4420 4184 ὡς

2842 4216 2933 4265 τὸν
2968 4214 3423 4281 περιπεπτωκότα
3457 4212 3724 4273 ποικίλοις
3776 4214 3992 4265 πάθεσι.
4022 4216 4093 4264 Σὺ
4127 4214 4173 4265 δ’
4215 4216 4284 4266 ἂν
4321 4217 4421 4281 μά-

2843 4306 2976 4366 θοις,
3008 4307 3055 4355 εἰ
3088 4305 3287 4372 βούλει,
3325 4308 3414 4355 καὶ
3446 4305 3519 4371 μὴ
3551 4304 3761 4367 παθὼν,
3799 4304 3894 4365 τὰς
3926 4304 4035 4353 τῶν
4066 4305 4249 4355 ἄλλων
4281 4324 4419 4371 συμ-

2843 4398 3010 4466 φορὰς
3051 4398 3444 4463 οίκειούμενςς.
3484 4398 3576 4447 καὶ
3618 4396 3685 4447 τὰ
3731 4397 3935 4447 τούτων
3971 4398 4121 4448 αῖτια
4156 4399 4421 4462 φυλαττό-

2846 4503 3023 4554 μενος,
3053 4484 3194 4536 οὕτω
3230 4486 3576 4535 παντάπασιν
3612 4486 3877 4554 ἀκριϐῶς,
3904 4484 4092 4553 ὥσπερ
4131 4486 4197 4537 ἂν
4239 4488 4296 4538 et
4344 4503 4419 4537 σοι

2774 4593 2817 4643 ι)
2847 4575 3041 4641 συνέϐη
3078 4590 3351 4642 περιπεπτ
3374 4575 3555 4625 υχέναι
3598 4576 3709 4635 τοῖς
3746 4574 4024 4642 χαλεποῖς.

3567 4690 3689 4741 AI".

2928 4783 3144 4835 Ῥέπειν
3192 4784 3290 4853 τὴν
3345 4781 3643 4849 ἐπιθυμίαν
3685 4778 4018 4848 ἀνθρώπων,
4051 4779 4113 4829 ἐκ
4154 4782 4281 4846 χοὸς
4334 4781 4421 4832 καὶ

2846 4878 3152 4943 πνεύματος
3186 4874 3698 4945 ὑπαρχόντιιιν,τοτὲ
3727 4873 3821 4941 μὲν
3848 4873 3980 4936 ἄνω,
4002 4871 4121 4922 τοτὲ
4152 4872 4207 4922 δὲ
4244 4874 4414 4931 κάτω,

2842 4970 2993 5021 οὐδὲν
3032 4970 3097 5021 ἂν
3152 4970 3237 5036 εἴη
3297 4968 3469 5036 δήπου
3526 4966 3735 5017 καινόν.
3786 4966 3877 5014 Δεῖ
3933 4964 3989 5015 δὲ
4050 4964 4141 5015 τὸν
4194 4964 4419 5033 ἄριστον

2842 5060 3009 5128 ἄνδρα
3042 5059 3116 5129 μὴ
3144 5061 3262 5121 ταῖς
3289 5058 3497 5125 ἐφόδοις
3533 5057 3641 5107 τῶν
3674 5056 3898 5123 ἡδονῶν,
3935 5055 4028 5106 καὶ
4060 5056 4168 5106 τῶν
4200 5056 4412 5122 θυμῶν,

2842 5152 2933 5201 καὶ
2962 5148 3069 5202 τῶν
3097 5147 3277 5215 φόϐων
3306 5146 3466 5208 εὐθὺς
3498 5145 3768 5197 εὐάλωτον
3805 5138 3970 5205 εἶναι,
4006 5142 4033 5193 ὃ
4072 5144 4197 5203 τοὺς
4231 5161 4417 5209 γυναι-

2843 5243 3033 5294 κώδεις
3058 5239 3276 5308 ὁρῶμεν
3308 5239 3637 5304 πάσχοντας,
3661 5233 4014 5302 προδιδόντας
4049 5234 4190 5298 σφᾶς
4220 5234 4415 5292 αὐτοὺς

2840 5335 2950 5391 τοῖς
2994 5328 3371 5399 προδραμοῦσι
3404 5328 3511 5378 τῶν
3538 5325 3845 5391 πολεμῐων·
3884 5324 4021 5374 ἀλλα
4072 5324 4268 5389 μένειν
4305 5323 4418 5374 τοῦ·

2841 5441 2931 5476 τον
2963 5424 3223 5491 ἀτρέμας,
3264 5422 3461 5487 παγιον
3510 5417 3648 5470 εἶναι
3700 5416 3965 5484 ζητοῦντα
4020 5415 4078 5466 τὸ
4106 5414 4264 5476 τέλος
4298 5415 4416 5466 ἐχα-

2844 5533 2965 5566 στου
3020 5515 3361 5582 πράγματος.
3396 5512 3467 5561 Τὸ
3512 5512 3618 5579 γὰρ
3656 5510 3857 5561 αὖτίκα
3900 5506 4189 5575 φανείσαις
4222 5507 4411 5573 ἁρχαῖ;

2842 5609 3184 5676 πραγμάτων
3222 5608 3608 5675 προστρέχειν,
3650 5604 4077 5661 ὑποσαινούσαις
4107 5601 4411 5668 προοιμίοις

2842 5708 3091 5770 χαρίεσι,
3126 5701 3232 5751 τῶν
3281 5700 3451 5749 τελῶν
3488 5700 3675 5757 αὑταῖς
3717 5696 4132 5764 κρυπτομένων,
4175 5694 4328 5759 μόλις
4356 5692 4413 5739 ἂν

4070 5784 4238 5847 Ζςτει
4326 5776 4410 5829 οὖν

2844 5793 3103 5857 ἁρμόσειε
3179 5788 3585 5856 τετυφωμένως
3662 5783 3846 5853 ἀνθρώ
3857 5802 3994 5844 ποις.

2844 5884 2995 5953 {ipsi
3029 5899 3054 5944 ς
3100 5876 3262 5943 εἶναι,
3306 5881 3397 5931 καὶ
3444 5880 3661 5932 σκοπῶν
3713 5879 3773 5931 τὸ
3810 5877 4000 5947 πέρας,
4028 5876 4241 5945 πρᾶττε
4270 5890 4281 5899 ·
4317 5878 4403 5924 aut
