4748 6512
249 517 346 579 341

1239 514 1647 576 PRJECEPTA
1680 514 2197 576 EDUCATIONIS
2239 517 2522 578 REGI/E.

3391 520 3492 585 34:?

232 632 343 702 πρὸ
368 628 562 685 τούτου
597 628 732 699 μηδὲ
784 626 1055 698 ἀγχεερειο
1094 627 1239 698 ὄφρα
1267 646 1346 694 σε,
1373 628 1494 682 καθ’
1532 628 1802 700 Ὅμηρον,
1835 633 1877 689 Α
1911 638 2089 692 tuens,

1612 645 1802 700 μηρον,
1835 633 1877 689 Α
1911 638 2089 692 tuens,
2141 628 2326 696 agito:
2382 628 2527 695 quod
2571 628 2745 697 prius,
2780 644 2940 699 quam
2978 630 3193 695 feceris,
3229 634 3362 688 nihil
3397 639 3487 691 in-

236 727 430 780 τίωσιν

669 899 822 969 ἠμὲν
848 899 996 961 νέοι.
1032 899 1143 967 ἠδὲ
1176 901 1475 969 γέροντες.

235 992 543 1062 Προσθεὶην
571 992 618 1044 δ’
647 993 714 1046 ἂν
752 991 952 1059 ἔγωγε,
982 991 1127 1061 ὄφρα
1181 1010 1241 1044 σε
1283 992 1541 1060 πολέμιος
1587 994 1809 1063 φρίττῃ,

232 1087 335 1139 καὶ
361 1086 600 1157 ὑπήκοος
630 1086 759 1157 φιλῇ
780 1105 795 1120 ο
821 1086 1199 1158 καὶθαυμάξῃ
1227 1086 1328 1154 μὲν
1352 1086 1525 1154 φίλος,
1553 1086 1811 1158 θαυμάζῃ

233 1178 295 1230 δὲ
326 1178 620 1248 συγγενὴς,
654 1178 753 1233 καὶ
785 1180 900 1243 τοῖς
928 1178 1035 1234 ὑπὸ
1081 1178 1177 1232 σοῦ
1216 1178 1637 1248 πεπραγμένοις
1672 1178 1810 1230 πάν-

232 1286 330 1334 τες
362 1272 795 1342 ἐκπλήττωνται.

971 1363 1094 1418 ΔΔ’.

313 1456 553 1526 ’Υψηλόν
577 1474 642 1525 γε
680 1457 955 1526 οὐδαμῶς,
989 1457 1113 1510 οὐδὲ
1161 1458 1428 1527 μεγίστης
1466 1458 1809 1529 φρονήσεως,

227 1546 354 1598 οὐδὲ
388 1546 588 1615 πολλῆς
626 1549 1028 1615 γενναιότητος.
1060 1547 1122 1599 τὸ
1172 1547 1247 1617 μὴ
1284 1549 1405 1610 ταῖς
1433 1549 1700 1618 πρώταις,
1734 1549 1811 1611 ὡς

226 1639 297 1691 ἄν
324 1657 410 1701 τις
443 1640 614 1700 εἴποι.
641 1638 752 1693 τῶν
788 1641 966 1708 ἔργων
1019 1642 1115 1694 καλ⁵
1150 1641 1432 1710 λογισμῶν
1483 1643 1825 1697 ἐπιπνεύσεση

226 1747 315 1783 σιν
344 1731 603 1799 ἀκίνητόν
637 1750 760 1784 τινα
790 1733 1098 1800 γίγνεσθαι.
1121 1735 1171 1785 εἰ
1205 1731 1280 1802 μὴ
1316 1736 1410 1785 καὶ
1444 1734 1506 1785 τὸ
1542 1735 1813 1805 προσδρα-

229 1824 356 1890 μεῖν
389 1824 485 1877 καὶ
508 1825 863 1894 οἰκειωθῆναι
896 1825 1061 1877 καλὸν
1087 1825 1153 1879 ἂν
1182 1826 1361 1887 εἴποις
1388 1824 1552 1887 εὐθὺς
1583 1827 1811 1893 φανέντι

225 1916 521 1985 πράγματι
562 1917 835 1987 βλαϐερῷ.
873 1918 1050 1969 Ὅπου
1113 1917 1223 1985 γάρ
1278 1917 1376 1969 καὶ
1426 1920 1540 1979 τοῖς
1594 1918 1813 1984 ἀλόγοις

1916 718 2166 784 clioabis,
2210 730 2268 774 ut
2301 723 2507 776 honore
2540 731 2593 775 te
2633 721 2890 787 aﬂiciant,
2928 725 3229 778 secundum
3285 726 3485 781 Ποιηομ

1916 825 2065 874 rum,

2364 904 2683 971 juvenesqtte
2734 921 3003 973 senesque.

1918 989 2130 1054 Quibus
2160 991 2416 1061 equidem
2472 993 2793 1061 adjecerim,
2826 1004 2885 1049 ut
2919 1006 2971 1049 te
3004 995 3254 1050 formidet
3291 998 3485 1059 hostis,

1916 1092 1969 1136 et
2014 1084 2269 1139 subditus
2299 1094 2494 1140 amet:
2553 1085 2861 1141 admiretur
2910 1089 3144 1151 amicus,
3197 1090 3487 1158 ίιίιιεηιιιιιι·

1915 1182 2183 1241 cognatus
2222 1175 2526 1229 admiretur
2562 1192 2578 1230 :
2614 1184 2668 1230 et
2701 1190 2895 1231 omnes
2929 1179 2992 1231 ad
3025 1193 3107 1242 ea,
3146 1196 3264 1247 quze
3312 1182 3407 1235 abs
3440 1192 3489 1236 Ie

1917 1272 2063 1331 gesta
2090 1262 2220 1328 sint,
2256 1264 2672 1334 obstupescant.

2582 1356 2824 1413 XXXIV.

1987 1443 2224 1501 Omnino
2264 1447 2496 1503 sublime
2527 1450 2783 1515 quiddam
2832 1466 2939 1504 non
2978 1460 3083 1517 est,
3115 1469 3213 1507 nec
3242 1456 3323 1509 vel
3369 1472 3483 1509 ma-

1921 1534 2078 1588 xima:
2110 1538 2439 1605 prudentiae,
2471 1541 2554 1594 vel
2610 1541 2807 1595 indolis
2840 1543 2996 1596 valde
3044 1560 3341 1612 generosae.
3376 1562 3481 1599 non

1916 1623 1983 1676 ad
2018 1625 2224 1691 primos
2273 1642 2499 1695 operum
2542 1638 2707 1697 atque
2742 1633 3136 1696 cogitationum
3170 1637 3251 1702 (ut
3292 1636 3365 1687 ita
3404 1636 3485 1689 di-

1916 1716 2112 1781 xerim)
2162 1716 2377 1774 amatus
2408 1729 2463 1776 et
2498 1736 2663 1775 auras
2705 1723 2991 1777 immotum
3030 1740 3152 1779 sese
3193 1728 3480 1793 praebere:

1915 1807 2020 1862 nisi
2051 1807 2193 1861 forte
2223 1811 2514 1878 pulchrum
2546 1828 2667 1867 esse
2694 1816 2920 1879 dixeris,
2957 1831 3081 1870 mox
3110 1819 3175 1870 ad
3211 1818 3481 1886 ohjectam

1915 1915 2028 1954 rem
2060 1902 2277 1955 noxiam
2302 1918 2614 1969 accurrere,
2641 1918 2801 1974 atque
2828 1908 2973 1961 illam
2999 1911 3181 1962 statim
3206 1913 3479 1980 amplecti.

224 2005 512 2074 ἐμπέφυκέ
539 2024 623 2070 τις
654 2009 831 2076 ἰσχὺς,
863 2007 925 2059 τὸ
962 2009 1245 2076 συμφέρον
1273 2007 1506 2107 ἀπδποῦ
1540 2007 1811 2107 βλάπτον-
1840 2048 1887 2107 Β

1609 2008 1811 2061 ἀπτον,
1840 2048 1887 2107 Β
1916 1989 2047 2043 Nam
2095 2006 2218 2044 cum
2262 1993 2428 2046 etiam
2466 1996 2649 2048 brutis
2684 1996 3058 2054 animantibus
3109 2016 3137 2052 a
3176 2014 3368 2054 na:nra
3402 2006 3480 2055 vis

1628 2098 1649 2107 Α
1917 2082 2159 2107 η..ηι,1ιι-νι
2200 2082 2266 2107 ,ξι
2304 2085 2466 2107 2--..ΙΞιΑ
2526 2102 2615 2107 ---Α
2656 2088 2792 2107 Α---]
2842 2104 2961 2107 -77,
2991 2091 3049 2107 ιι.
3312 2094 3323 2104 ι
3417 2096 3448 2107 ι.

218 2112 317 2157 τος
349 2097 727 2167 διακρίνουσα,
759 2098 827 2151 ἀν
872 2098 1009 2168 μηδὲ
1062 2098 1142 2158 εἰς
1193 2098 1311 2151 ἴσον
1350 2098 1532 2161 αὐτοῖς
1562 2098 1810 2167 ἔλθωμεν

220 2191 274 2242 οἱ
329 2189 473 2260 λόγῳ
530 2192 683 2261 μόνοι
736 2192 1116 2262 τετιμημένοι,
1171 2191 1289 2244 ἀλλ’
1346 2193 1557 2261 ἀρκέσῃ
1619 2192 1725 2260 μὲν
1778 2194 1808 2260 ἡ

218 2282 391 2350 φύσις
422 2283 677 2348 ἐκεινοις,
713 2285 848 2353 παρ’
878 2286 1014 2354 ἡμῖν
1069 2285 1125 2337 δὲ
1167 2286 1261 2338 καλ⁸
1293 2286 1355 2339 τὸ
1384 2286 1609 2353 λογικὸν
1641 2286 1807 2339 ἀσθε-

220 2375 314 2437 νὲς
348 2379 515 2447 φανῇ,
553 2377 673 2439 πῶς
707 2379 807 2447 μὲν
840 2380 903 2432 οὔ
957 2378 1206 2449 σχέτλιον
1259 2380 1499 2448 κομιδῆς
1550 2380 1667 2441 πῶς
1707 2381 1807 2432 οὐκ

219 2468 495 2539 αἰσχύνης
528 2469 818 2524 ἀνάπλεων
836 2487 855 2537 ;

949 2650 1077 2704 ΛΕ’.

310 2739 511 2813 Ἰέραξ,
555 2742 746 2810 ἵππος,
801 2743 953 2813 ἰχθὺς
990 2742 1133 2797 κατά
1179 2742 1359 2810 λόγον,
1391 2742 1452 2793 οὐ
1509 2742 1608 2794 σὺν
1660 2740 1803 2807 λόγῳ

219 2837 294 2889 τὰ
352 2839 703 2905 συμφέροντα
767 2836 1031 2906 πράττειν
1106 2834 1460 2904 πεφύκασινο
1524 2832 1665 2885 ὥστε
1723 2834 1805 2885 δεῖ

218 2926 407 2996 πολλῷ
445 2945 507 2995 γε
550 2927 755 2996 μᾶλλον
794 2927 941 2994 ἡμᾶς
968 2926 1065 2977 σὺν
1088 2925 1233 2993 λόγῳ
1262 2925 1531 2992 πράττειν
1563 2924 1631 2975 τὰ
1660 2924 1801 2975 κατά

216 3018 419 3083 λόγον,
466 3020 905 3086 ἀπαιτουμένους
963 3017 1117 3086 παρά
1178 3018 1277 3083 τῆς
1340 3015 1557 3083 φύσεώς
1623 3014 1800 3083 ἀρχῆς

221 3112 573 3181 βλαπτούσης
631 3112 946 3183 ἀποπηδᾷν.
995 3113 1070 3163 UO
1134 3112 1239 3182 μὴν
1302 3111 1530 3171 ἐκείνοις
1588 3108 1798 3177 μέμψις

217 3204 429 3265 δικαία,
462 3203 620 3273 θυμῷ
663 3221 723 3257 τε
775 3208 870 3259 καὶ
914 3202 1181 3273 ἐπιθυμίᾳ
1237 3201 1610 3256 δουλεύουσιν.
1662 3200 1798 3253 Οὐδὲ

217 3298 334 3365 γὰρ
366 3298 543 3367 ψυχὴν
570 3298 797 3366 λογικὴν
831 3299 1079 3367 ἡγεμόνα
1128 3297 1234 3348 τῶν
1268 3296 1446 3365 ἔργων
1476 3297 1793 3364 κέκτηνται.

230 3390 415 3458 Ἢμᾶς
443 3390 498 3442 δὲ
529 3390 673 3461 λόγῳ
716 3390 1168 3458 κεκοσμημένους
1219 3390 1325 3457 χρὴ
1364 3389 1454 3439 τὸν
1494 3386 1620 3439 νοῦν
1654 3388 1800 3455 ήνξο-
1826 3401 1869 3458 C

217 3498 316 3550 χον
352 3481 645 3550 ἐπιστῆσαι
687 3482 802 3542 τοῖς
852 3482 1220 3547 ἀλογωτέροις
1264 3480 1506 3531 τουτοισὶ
1549 3479 1801 3535 πάθεσιν.

218 3575 292 3628 ἶν’
396 3575 458 3626 τὸ
507 3575 722 3640 λογικὸν
754 3575 998 3643 ἐνεργὸν.
1032 3576 1125 3626 καὶ
1165 3574 1305 3625 κατὰ
1337 3572 1519 3640 χώραν
1559 3574 1697 3642 μένῃ
1742 3574 1803 3625 τὸ

216 3669 418 3740 δῶρον,
453 3663 497 3736 ᾧ
527 3670 635 3722 τῶν
685 3668 865 3723 ἄλλων
910 3667 1238 3737 διιστάμεθα
1272 3666 1448 3729 ζώων.
1500 3666 1588 3728 Ὠς
1630 3662 1701 3734 ἦν
1733 3683 1798 3732 γε

216 3763 477 3827 κρεῖττον
526 3760 659 3828 μηδὲ
709 3758 808 3829 τήν
859 3759 1034 3827 ἀρχὴν
1086 3755 1370 3825 εἰληφέναι
1413 3756 1512 3820 τὴν
1549 3756 1798 3823 χάριν,ἢ

216 3842 488 3914 λαϐόντας
528 3854 593 3905 ὲκ
640 3852 801 3917 Θεοῦ,
840 3852 1031 3906 ἔπειτα
1062 3850 1245 3913 κακῶς
1283 3851 1455 3918 αὐτὴν
1500 3850 1795 3903 διαθεῖναι.

944 4031 1083 4097 Αςῖσ.

293 4122 511 4193 Ὠσπερ
560 4125 676 4186 τοϊς
728 4123 948 4189 ἀλόγοις
989 4124 1048 4175 τδ
1108 4122 1252 4175 κατὰ
1310 4122 1490 4190 λόγον,
1524 4123 1669 4176 οὕτω
1704 4128 1796 4176 καὶ

214 4219 334 4278 τοῖς
384 4216 628 4283 λογικοῖς
674 4216 734 4268 τὸ
779 4218 877 4268 σὺν
921 4215 1081 4285 λόγῳ.
1118 4215 1272 4283 Ἔχει
1308 4217 1365 4267 δὲ
1409 4217 1560 4267 τουτὶ
1595 4218 1794 4285 τούμὸν

218 4309 362 4361 πολὺ
394 4310 490 4361 καὶ
528 4308 714 4377 μεῖζον
744 4306 838 4360 τοῦ
871 4308 994 4361 κατ’
1025 4309 1209 4359 ἐκεῖνα
1235 4322 1249 4337 ⁸
1287 4309 1367 4360 ὅτι
1403 4309 1702 4361 τοὺκείνων
1729 4309 1794 4362 ἂν

215 4405 305 4473 εἴη
340 4401 589 4470 φυσικῶς
628 4398 890 4452 τοιούτων
928 4397 1240 4467 ὀρέγεσθαι.
1273 4397 1307 4450 ἀ
1342 4398 1401 4449 τὸ
1430 4398 1531 4468 ζῇν
1565 4400 1793 4463 ἐκείνοις

216 4498 529 4563 συνίστησι,
560 4492 653 4544 καὶ
685 4493 829 4543 ποιεῖ
863 4490 917 4541 τὸ
941 4494 1097 4556 γένος
1130 4491 1375 4557 διαρκεῖ-ι
1399 4490 1791 4559 ὲπιμήκιστον.

212 4587 390 4641 Τοῦτο
436 4585 493 4636 δὲ
546 4582 642 4636 καὶ
695 4582 797 4651 τῆς
857 4582 1134 4650 ἡμετέρας
1188 4581 1306 4631 ἐστὶ
1355 4580 1592 4647 φύσεως.
1633 4581 1704 4634 Τὸ
1744 4584 1793 4635 δ’

215 4680 489 4750 ἡμέτερον
517 4676 699 4736 αὐτοῖς
728 4672 978 4740 οὐδαμῶς
1005 4672 1141 4728 ἐστι.
1181 4674 1253 4723 Τὸ
1296 4673 1395 4738 μὲν
1422 4675 1531 4742 γὰρ
1560 4674 1617 4725 ἐν
1648 4675 1790 4743 λόγῳ

1914 2082 2161 2150 quaedam
2199 2082 2269 2139 sit
2302 2085 2491 2150 indita,
2520 2102 2622 2155 qua
2649 2088 2792 2156 quod
2833 2091 3076 2157 expedit.
3107 2108 3136 2145 a
3197 2094 3360 2146 noxio
3399 2096 3483 2147 di-

1915 2186 2180 2231 scernunt
2212 2194 2225 2231 :
2254 2180 2346 2247 qui
2369 2196 2475 2233 non
2509 2181 2790 2249 indignum
2816 2186 2973 2238 valde
2994 2188 3086 2249 sit,
3118 2202 3222 2239 non
3252 2188 3482 2257 ignOmi-

1913 2268 2018 2321 uite
2044 2269 2289 2337 plenum,
2319 2272 2365 2324 si
2406 2288 2527 2336 nos,
2558 2275 2650 2340 qui
2674 2274 2777 2327 soli
2808 2276 3021 2330 ratione
3061 2291 3251 2333 smnus
3281 2283 3480 2342 ornati,

1913 2375 1981 2413 ne
2008 2375 2166 2428 pares
2201 2363 2423 2430 quidem
2469 2365 2549 2419 eis
2584 2366 2782 2429 simus,
2815 2368 2909 2422 sed
2961 2368 3098 2436 ipsis
3132 2371 3351 2438 quidem
3389 2388 3483 2424 na-

1914 2461 2032 2505 tura
2066 2453 2324 2514 sumeiat.
2372 2457 2425 2509 in
2458 2458 2618 2512 nobis
2665 2468 2845 2515 autem
2893 2464 3122 2518 rationis
3154 2480 3371 2535 quoque
3402 2466 3482 2521 fa-

1910 2543 2087 2599 cultas
2117 2548 2472 2616 elanguescat

2578 2642 2795 2699 XXXV.

1976 2729 2273 2800 Accipiter,
2296 2749 2493 2801 equus.
2526 2737 2695 2805 piscis
2716 2740 3014 2795 secundum
3042 2744 3334 2811 rationem,
3369 2761 3475 2801 non

1906 2837 2027 2876 cum
2084 2824 2316 2890 ratione,
2352 2825 2534 2882 facere
2577 2830 2679 2883 sibi
2726 2833 3097 2888 conducibilia
3152 2837 3478 2893 naturaliter

1908 2913 2109 2967 solent.
2140 2914 2307 2971 Multo
2352 2920 2525 2989 magis
2562 2936 2662 2975 nos
2697 2920 2876 2977 facere
2913 2926 3110 2979 rationi
3144 2941 3473 2984 cosentanea

1904 3022 2025 3061 cum
2049 3009 2258 3063 ratione
2281 3011 2562 3077 debemus,
2586 3031 2613 3068 a
2644 3017 2843 3082 quibus
2867 3018 2980 3087 ipsa
3008 3028 3198 3073 natura
3221 3025 3475 3090 postulat,

1902 3109 1961 3151 ut
1990 3113 2020 3152 a
2054 3102 2220 3154 noxio
2260 3105 2530 3171 principio
2564 3107 2729 3160 veluti
2761 3110 3096 3165 resiliamus.
3128 3112 3219 3167 Illa
3251 3116 3475 3183 quidem

1900 3190 2219 3257 reprehendi
2248 3194 2395 3248 nullo
2422 3195 2547 3263 jure
2572 3209 2825 3265 possunt,
2853 3215 2975 3253 cum
3011 3202 3105 3255 ira:
3146 3204 3471 3276 libidinique

1900 3278 2159 3343 serviunt,
2189 3297 2292 3334 non
2328 3285 2469 3338 enim
2494 3287 2728 3340 animam
2767 3290 2974 3343 ratione
3002 3294 3275 3359 pneditam
3307 3297 3477 3351 foclo-

1906 3380 2021 3419 rum
2075 3367 2266 3422 ducem
2297 3372 2515 3425 habent.
2550 3378 2619 3427 At
2650 3391 2749 3430 nos
2779 3378 2867 3445 qui
2908 3382 3119 3434 ratione
3148 3398 3342 3440 sumus
3376 3404 3467 3440 or-

1909 3460 2043 3523 nati,
2097 3472 2333 3515 mentem
2385 3466 2662 3533 przeﬁcere
2714 3473 3133 3527 moderatricem
3184 3476 3471 3535 alfectibus

1905 3549 2055 3605 hisce
2087 3553 2263 3607 brutis
2290 3566 2510 3624 Oportet
2540 3577 2553 3612 :
2587 3568 2645 3612 ut
2679 3560 2756 3614 ris
2811 3564 3040 3618 rationis
3076 3565 3261 3620 cﬂicax
3293 3571 3388 3634 sit,
3421 3585 3472 3624 et

1904 3642 2064 3697 donis
2091 3643 2223 3698 illud
2259 3646 2532 3702 incolume
2572 3651 2728 3706 nobis
2758 3638 2996 3718 maneat,
3028 3672 3136 3724 quo
3162 3661 3371 3713 cieteris
3404 3665 3471 3715 ah

1904 3736 2269 3792 animantibus
2287 3741 2697 3810 distinguimur.
2719 3743 2987 3799 Nimirum
3007 3761 3311 3817 pt'reslarct,
3332 3753 3470 3807 hanc

1903 3830 2130 3896 gratiam
2181 3847 2282 3887 nos
2326 3848 2355 3885 a
2407 3834 2515 3889 Deo
2562 3852 2815 3905 prorsum
2856 3856 2963 3894 non
3002 3846 3274 3912 accepisse
3305 3863 3467 3916 quam

1901 3928 2182 3989 acca:ptam
2225 3926 2364 3979 male
2398 3928 2685 3984 collocare.

2559 4018 2798 4077 XXXVI.

1970 4105 2087 4160 Non
2115 4110 2273 4163 aliter
2322 4121 2481 4179 atque
2522 4115 2713 4177 brutis,
2749 4119 2893 4185 quod
2938 4121 3239 4175 secundum
3294 4126 3463 4179 ratio-

1898 4214 2044 4265 nem,
2069 4203 2143 4254 ita
2164 4204 2373 4257 ratione
2396 4206 2653 4272 praeditis,
2677 4211 2817 4276 quod
2846 4226 2967 4263 cum
2995 4214 3222 4267 ratione.
3264 4214 3458 4270 Vcrurn

1898 4290 1951 4342 in
1986 4306 2069 4344 me
2099 4294 2239 4357 quod
2273 4304 2375 4356 est,
2407 4297 2577 4350 multo
2610 4300 2783 4367 majus
2814 4312 2895 4354 est
2925 4319 3009 4366 en,
3042 4310 3183 4371 quod
3218 4309 3270 4359 in
3307 4309 3461 4374 ipsis.

1895 4382 2027 4435 Nam
2071 4385 2123 4437 iu
2160 4387 2239 4439 eis
2262 4397 2343 4441 ist
2378 4390 2638 4443 naturalis
2664 4393 2927 4457 ejusmodi
2953 4412 3133 4448 rerum
3165 4403 3456 4464 appetitus,

1893 4489 2015 4542 qua:
2045 4492 2130 4530 res
2167 4493 2355 4531 eorum
2390 4480 2511 4533 vine
2550 4484 2802 4549 praesidio
2841 4495 2989 4549 sunt,
3028 4498 3079 4541 ct
3108 4491 3367 4556 eiﬁciunt,
3401 4506 3455 4546 ιιι

1893 4582 2061 4632 genus
2092 4569 2268 4634 ipsum
2319 4587 2480 4639 quam
2534 4574 2839 4628 diutissime
2888 4578 3064 4631 duret.
3106 4578 3219 4635 lloc
3274 4594 3453 4637 autem

1893 4668 2079 4712 nostra
2112 4676 2335 4729 quoque
2366 4674 2557 4717 natura
2604 4683 2893 4721 connuuue
2927 4686 3049 4724 cum
3090 4674 3220 4740 ipsis
3281 4677 3459 4739 habet,

216 4738 314 4822 4&1
351 4738 490 4820 miti
519 4766 710 4832 λόγον·
742 4764 804 4815 τὸ
840 4738 897 4814 δὲ
932 4762 1076 4813 κατὰ
1117 4762 1275 4829 λόγον
1311 4764 1409 4815 οὐκ
1432 4738 1509 4828 νέξ,
1545 4738 1786 4834 ἀνάγκης
1826 4738 1866 4789 D
1897 4767 2019 4805 Cum
2051 4755 2091 4805 3|

1585 4738 1786 4834 νάγκῖηξ
1826 4738 1866 4789 ο
1897 4767 2019 4805 eum
2051 4755 2118 4807 ab
2147 4769 2232 4817 eo,
2275 4757 2418 4822 quod
2453 4766 2695 4824 nostrum
2722 4772 2825 4825 est,
2857 4762 2945 4815 illa
2976 4766 3128 4831 plane
3163 4767 3460 4821 destituan-

215 4862 274 4909 έν
334 4858 499 4925 λόγῳ.
524 4855 598 4909 Οὐ
648 4855 757 4923 γὰρ
809 4853 1194 4918 ἀντιστρέφειν
1253 4852 1504 4923 ἀνάγκη·
1544 4856 1680 4916 ὅλως
1734 4857 1791 4909 δὲ

214 4948 375 5000 τουτὶ
417 4945 484 5013 ,τὸ
519 4945 691 5012 διῖρον
740 4942 918 5011 ψυχῆς
953 4940 1224 4993 ἀθανάτου
1278 4941 1444 5010 μόνης
1468 4958 1482 4973 ο
1521 4945 1699 4995 ἐκεῖνο
1733 4944 1789 4996 δὲ

216 5040 312 5089 καὶ
343 5036 558 5104 φύσεως
593 5032 942 5101 ἀναισθήτου.
974 5032 1175 5100 Πολλῆς
1204 5032 1297 5084 οὖν
1332 5034 1499 5101 γέμον
1529 5036 1791 5105 αἰσχύνης

212 5146 278 5181 τε
318 5127 413 5178 καὶ
461 5127 664 5193 ζημίας
700 5124 833 5192 μηδὲ
878 5123 1017 5174 κατά
1042 5122 1198 5188 λόγον
1238 5122 1359 5190 ζῇν,
1388 5122 1482 5185 οὓς
1517 5125 1693 5191 χρεὼν
1734 5126 1793 5177 έν

214 5222 369 5289 λόγῳ
396 5219 559 5287 ζῆσαι
588 5237 598 5246 ν
638 5218 738 5269 οὐκ
769 5216 1074 5275 ἀπεικότως
1122 5214 1164 5265 δ’
1195 5214 1262 5265 ἂν
1293 5216 1504 5281 γένοιτο
1537 5218 1650 5277 τοῖς
1691 5217 1793 5287 ζῇν

214 5313 366 5365 κατά
426 5312 494 5362 τὰ
548 5309 719 5374 ἄλογα
776 5308 1231 5375 προαιρουμένοις
1285 5306 1394 5358 τῶν
1448 5306 1683 5374 λογικῶν
1731 5310 1793 5359 τὸ

218 5404 352 5473 μηδ’
386 5403 467 5461 εἰς
504 5403 618 5455 ῐσον
653 5402 883 5459 ἐκείνοις
917 5398 1197 5466 ἔρχεσθαι.
1233 5398 1443 5466 ’Υψους
1479 5401 1585 5467 γὰρ
1616 5402 1790 5468 ἀποῤ..

220 5494 498 5564 ραγέντας
546 5492 692 5560 ἡμᾶς
752 5489 998 5549 ἑκόντας,
1033 5487 1176 5554 λέγω
1223 5488 1286 5558 δὴ
1321 5489 1415 5541 τοῦ
1462 5490 1599 5557 μετά
1630 5490 1790 5559 λόγου

219 5586 437 5653 βιῶναι,
473 5584 573 5634 οὐκ
606 5583 834 5641 ἀπεικδς
888 5579 1277 5648 παραδραμεῖν
1305 5582 1790 5648 καταφερομένους

217 5680 292 5729 τὰ
321 5675 464 5728 κατὰ
498 5672 679 5742 χώραν
710 5671 939 5739 μένοντα
967 5670 1076 5721 τῶν
1108 5669 1343 5735 ἀλόγων,
1384 5673 1478 5722 καὶ
1510 5672 1607 5737 τὴν
1638 5672 1789 5736 τάξιν

222 5770 476 5831 σώζοντα
508 5767 608 5835 τὴν
660 5763 896 5833 εξαρχῆς
943 5763 1127 5824 αὐτοῖς
1161 5762 1475 5831 δεδομένην,
1508 5767 1601 5814 καὶ
1648 5764 1790 5816 κατά

218 5862 389 5923 λόγον
429 5857 667 5927 βιοῦντα.

222 5955 376 6011 utine
410 5952 630 6007 sublimi
662 5950 924 6018 deiectos,
958 5950 1100 6019 quod
1158 5950 1365 6005 scilicet
1404 5957 1487 6004 est
1535 5965 1658 6004 cum
1698 5951 1904 6004 ratione
1953 5951 2153 6014 νῖκαι-υ,

1900 4853 2006 4895 tur.
2038 4842 2195 4907 Quod
2246 4846 2390 4897 enim
2452 4846 2506 4899 iu
2562 4847 2793 4913 ratione,
2855 4851 2993 4905 idem
3055 4862 3109 4906 et
3159 4860 3457 4910 secundum

1899 4938 2204 4992 rationem:
2240 4941 2382 5008 quod
2422 4953 2601 4996 autem
2653 4946 2951 4998 secundum
3010 4949 3297 5014 rationem,
3352 4970 3459 5009 non

1898 5027 2058 5080 etiam
2082 5030 2391 5084 necessario
2408 5033 2458 5084 in
2478 5034 2688 5087 ratione
2712 5052 2724 5098 ;
2752 5038 2951 5103 quippe
2977 5055 3081 5091 non
3111 5055 3193 5094 est
3218 5060 3459 5107 necesse,

1901 5135 2126 5187 prorsus
2153 5132 2210 5174 ut
2244 5123 2344 5177 ista
2377 5139 2473 5179 ceu
2509 5128 2657 5194 paria
2720 5130 2821 5181 sibi
2858 5134 3249 5197 respondeant.
3284 5141 3457 5204 Atqui-

1901 5212 2001 5265 hoc
2033 5227 2163 5266 sane
2215 5215 2413 5267 donum
2466 5219 2741 5285 peculiare
2778 5221 2949 5275 solius
3015 5235 3097 5277 est
3136 5225 3462 5281 immortalis

1899 5306 2130 5357 anitum:
2169 5307 2298 5359 illud
2347 5318 2523 5361 autem
2589 5312 2640 5362 in
2699 5324 2942 5366 naturam
3000 5332 3217 5383 quoque
3264 5336 3460 5373 St‘ttstts

1897 5408 2171 5463 expertem
2222 5399 2386 5451 cadit.
2432 5400 2612 5469 Itaque
2668 5404 2823 5470 plena
2875 5420 2957 5458 res
3005 5418 3084 5460 est
3130 5408 3358 5477 insignis
3408 5423 3461 5464 et

1900 5490 2251 5553 turpitudinis
2304 5501 2357 5545 et
2412 5508 2584 5556 noxae,
2640 5511 2707 5548 ne
2746 5496 2960 5563 quidem
3012 5515 3105 5551 eos
3155 5506 3455 5555 seruulntn

1903 5580 2160 5631 rationem
2195 5582 2396 5644 vivere,
2429 5583 2626 5649 quibus
2663 5583 2716 5636 in
2747 5602 2845 5637 usu
2893 5589 3119 5641 rationis
3166 5594 3455 5646 vivendum

1898 5682 2037 5725 erat.
2058 5672 2312 5740 Adeoque
2338 5690 2441 5725 non
2470 5674 2565 5727 abs
2596 5689 2652 5725 re
2676 5678 2958 5744 contigerit
2989 5681 3196 5733 ratione
3223 5684 3461 5748 prtuiiais

1898 5765 1989 5831 qui
2020 5766 2191 5817 brutot
2214 5780 2294 5819 am
2334 5781 2483 5818 more
2523 5767 2702 5820 Vivere
2731 5770 2953 5833 malunt,
2989 5771 3160 5826 brutis
3194 5790 3259 5827 ne
3306 5790 3461 5842 pares

1899 5856 2135 5923 quidrln'
2156 5857 2483 5913 habeantur.
2515 5853 2648 5909 Nam
2674 5869 2865 5923 spente
2894 5872 3080 5914 nostra
3116 5880 3213 5915 nos
3253 5872 3313 5918 de
3344 5877 3458 5920 cul-

2236 5950 2376 6008 ncile
2445 5950 2698 6007 dabimus
2764 5958 3040 6022 pnetcrire
3097 5973 3282 6025 cmsu,
3328 5964 3455 6015 dum
