4748 6512
1228 468 1331 529 ΜΞ

2375 480 2528 537 MAN
2546 481 2590 537 U
2606 483 2643 536 E
2658 484 2769 538 Ι,ιὸ
2811 482 3256 541 νΑιΑευιυϐί

4363 483 4460 545 344

1226 579 1527 648 ρκυοψίιυε
1566 580 1795 642 ruimus.
1829 585 1987 636 rtiam
2024 587 2251 640 rationis
2308 598 2554 655 expertes
2603 589 2804 643 bestias
2844 607 2965 659 quae
3014 608 3146 647 suos
3210 592 3349 644 intra
3402 592 3601 646 limites
3648 601 3888 657 manent,
3944 594 4307 662 ordinemque
4363 597 4459 649 sibi

1230 677 1604 744 prmscriptnm
1632 677 1701 729 ab
1741 678 1895 731 initio
1966 691 2207 740 servant.
2240 689 2292 735 et
2342 682 2643 737 secundum
2698 685 2963 739 rationem
3014 689 3227 737 vivunt.

1854 770 2115 827 XXXVII.

1300 857 1529 927 Imperio
1559 862 1929 916 convenientis
1959 863 2122 916 animi
2160 864 2368 918 fructus
2390 882 2547 919 verus
2583 877 2686 927 est,
2718 868 2785 920 ad

1227 952 1426 1005 bonum
1461 953 1689 1021 impelli,
1718 970 1745 1007 a
1782 956 1921 1023 malo
1948 958 2265 1021 abhorrere,
2302 959 2588 1026 diligenter
2613 960 2789 1013 inten-

1228 1052 1342 1094 tum
1372 1058 1491 1097 esse
1531 1043 1827 1111 profuturis
1874 1048 2091 1114 publice
2140 1049 2320 1101 rebus.
2379 1050 2543 1101 Amor
2599 1048 2786 1117 gloriae

1226 1136 1597 1188 nobilissimus
1632 1145 1735 1198 est,
1784 1150 1837 1190 et
1870 1140 1961 1205 qui
1994 1154 2191 1194 causas
2221 1142 2366 1208 ipsas
2416 1150 2674 1204 sectatur,
2715 1140 2786 1194 ob

1224 1240 1360 1291 quas
1395 1226 1641 1280 homines
1677 1228 1824 1297 diligi
1862 1229 2055 1293 solent,
2107 1231 2364 1284 admirari
2418 1233 2659 1297 stabilia,
2708 1232 2786 1286 ri-

1227 1321 1356 1369 dere
1388 1316 1529 1369 ﬂuxa
1563 1318 1779 1379 ;odisse
1806 1320 2030 1382 malum,
2064 1322 2271 1374 honesti
2299 1322 2603 1375 studiosum
2628 1336 2781 1388 esse;

1228 1417 1353 1474 apte
1432 1419 1805 1476 comparatum
1877 1426 2000 1467 esse
2066 1413 2134 1465 ad
2206 1414 2446 1475 bonum,
2523 1428 2786 1484 versaque

1228 1504 1346 1552 vice
1396 1500 1462 1552 ad
1513 1500 1852 1563 discendum,
1884 1518 2005 1571 quae
2028 1504 2169 1557 mala
2200 1514 2327 1560 sunt
2364 1507 2561 1573 inepte,
2599 1506 2707 1570 vel,
2738 1506 2786 1561 si

1225 1593 1418 1649 mavis.
1440 1592 1623 1646 animo
1641 1609 1865 1661 prorsus
1890 1595 2158 1650 alieno.Et
2175 1596 2390 1665 quidem
2413 1598 2466 1650 in
2486 1598 2676 1665 primis
2694 1613 2783 1652 ar-

1224 1683 1516 1748 bitrabere,
1540 1699 1703 1751 quam
1728 1686 2039 1751 longissime
2059 1688 2152 1741 tibi
2183 1688 2536 1742 recedendum
2558 1689 2626 1742 ab
2645 1689 2787 1757 ejus-

1223 1774 1366 1826 modi
1396 1773 1676 1839 doctrinis,
1704 1776 2082 1845 discmidaque‘
2102 1780 2356 1848 plurima,
2382 1795 2504 1848 quae
2527 1779 2784 1834 melioren

1220 1864 1427 1920 efﬁcere
1455 1868 1665 1935 possint
1691 1883 1704 1921 :
1740 1869 2120 1935 perfectiorum
2149 1871 2214 1925 ad
2252 1874 2535 1941 petendam
2567 1887 2787 1940 percep-

1228 1957 1451 2021 tionem,
1489 1969 1539 2012 et
1573 1959 1792 2025 quidem
1821 1962 1959 2013 adeo
1988 1961 2255 2025 sitienter,
2291 1978 2355 2017 ac
2386 1964 2429 2017 si
2457 1978 2679 2032 prorsus
2705 1962 2788 2017 lit—

1220 2058 1460 2101 terarum
1494 2050 1673 2102 studia
1709 2066 1813 2105 non
1840 2051 2211 2118 degustasses.
2245 2055 2377 2108 Eum
2412 2070 2666 2123 namque,
2688 2070 2787 2109 cu-

1214 2140 1306 2207 jus
1337 2148 1464 2191 nutu
1492 2140 1800 2208 iudicioque
1822 2144 2001 2212 populi
2020 2144 2311 2211 ducuntur,
2336 2156 2393 2198 ut
2416 2148 2593 2200 odisse
2624 2146 2786 2210 mala,

1220 2232 1300 2287 sic
1320 2230 1609 2287 insatiabili
1632 2236 1865 2303 quodam
1889 2237 2085 2291 affectu
2108 2239 2247 2293 bona
2272 2239 2527 2308 prosequi
2547 2247 2780 2307 oportet.

1867 2328 2152 2385 XXXVIII.

1296 2410 1457 2466 Meris
1486 2430 1583 2483 pro
1609 2416 1767 2485 nugis
1787 2416 2090 2472 calumnias
2120 2419 2334 2486 habeto,
2370 2420 2470 2477 nisi
2496 2430 2550 2476 te
2584 2421 2785 2475 merito

1224 2514 1485 2571 tangant;
1536 2515 1701 2577 atque
1742 2511 1842 2564 hoc
1905 2511 2172 2582 intelligo,
2209 2528 2332 2568 cum
2388 2514 2591 2584 aliquid
2654 2514 2780 2569 boni

1224 2610 1481 2665 praestare
1538 2601 1697 2666 licet;
1733 2610 1788 2655 at
1829 2602 1943 2656 ﬁeri
1993 2606 2200 2673 nequit,
2244 2615 2305 2659 nt
2343 2621 2438 2660 eas
2481 2606 2591 2660 ullo
2627 2607 2784 2661 modo

1226 2690 1472 2758 effugias.
1529 2691 1737 2761 Quippe
1772 2695 1819 2749 si
1866 2693 2065 2749 falsum
2107 2697 2311 2751 crimen
2376 2698 2533 2751 vitari
2589 2698 2781 2765 possit,

1228 2797 1422 2851 magno
1460 2782 1509 2835 id
1570 2798 1702 2838 sane
1738 2785 2133 2841 redimendum.
2190 2786 2325 2840 Nam
2385 2788 2616 2857 principi
2665 2789 2783 2842 viro

1230 2888 1295 2928 ne
1314 2874 1530 2942 quidem
1560 2874 1758 2944 injusta
1793 2877 1858 2930 de
1889 2892 1949 2931 se
1978 2878 2199 2947 querela
2234 2877 2641 2933 ﬂoccifaeleuda
2675 2889 2776 2934 est.

1226 2962 1422 3017 Multos
1454 2965 1595 3019 enim
1630 2967 1973 3025 mendacium
2013 2970 2265 3037 perdidit.
2298 2978 2392 3023 aut
2423 2971 2468 3025 si
2508 2971 2643 3024 salvi
2668 2986 2785 3025 ma-

1228 3064 1442 3116 nerent,
1478 3054 1636 3107 laesit.
1676 3054 1826 3119 Quod
1870 3056 1915 3110 si
1956 3072 2043 3111 res
2066 3058 2221 3111 aliter
2254 3059 2366 3113 fieri
2392 3059 2600 3129 nequit,
2626 3059 2787 3115 faetis

1226 3143 1468 3202 honestis
1495 3146 1765 3213 insistito;
1804 3150 2089 3218 potiusque
2121 3152 2201 3203 vir
2243 3151 2418 3206 bonus
2450 3168 2589 3214 esse,
2624 3167 2781 3219 quam

1229 3236 1411 3297 haberi
1451 3238 1605 3290 velis.
1643 3238 1900 3308 Adeoque
1932 3241 2025 3295 tibi
2084 3242 2217 3295 satis
2241 3251 2377 3303 esto,
2418 3229 2464 3296 si
2505 3253 2555 3297 te
2584 3243 2781 3296 bonum

1233 3342 1375 3390 esse,
1448 3328 1576 3392 Deo,
1617 3328 1828 3383 tibimet
1883 3330 2008 3399 ipsi,
2045 3332 2313 3400 bonisque
2366 3333 2499 3387 viris
2546 3344 2781 3397 constet,

2813 776 2864 833 Α

3617 774 3737 828 ΛΖ’.

2960 866 3156 934 Ψυχῆς
3201 865 3415 935 καρπὸς
3463 865 3669 937 ἀληθὴς
3714 865 3989 936 ἡγεμονίᾳ
4042 865 4372 937 πρεπούσης
4429 868 4459 935 ή

2889 958 3026 1026 πρὸς
3077 957 3317 1025 τάγαθὸν
3380 958 3618 1027 κίνησις,
3669 960 3700 1027 ἡ
3761 956 3900 1026 πρὸς
3950 957 4013 1009 τὸ
4074 958 4252 1011 κακὸν
4306 957 4460 1010 ἀλλο-

2887 1050 3197 1117 τρίωσις,ἠ
3239 1050 3376 1118 πρὸς
3415 1050 3475 1101 τὸ
3526 1052 3677 1120 κοινῇ
3732 1052 3982 1102 συνοῖσον
4029 1050 4352 1120 ἐπιμέλεια.
4400 1049 4453 1101 't)

2887 1139 3046 1206 δόξης
3100 1139 3240 1207 ἔρως
3290 1141 3319 1190 ὁ
3365 1140 3770 1206 γενναιότατος,
3800 1141 3829 1191 ὁ
3878 1140 3985 1193 τῶν
4027 1139 4125 1193 τοῦ
4179 1140 4457 1207 φιλεῖσθαι

2890 1230 3238 1297 προφάσεων,
3270 1230 3330 1283 τὺ
3360 1230 3662 1297 θαυμάζειν
3708 1230 3999 1299 βεϐηκότα,
4036 1231 4099 1283 τὸ
4138 1232 4455 1300 καταγελᾷν

2890 1321 3144 1391 ῥεόντων,
3183 1322 3243 1373 τὸ
3275 1321 3645 1388 μισοπόνηρον
3676 1322 3771 1373 καὶ
3812 1320 4105 1387 φιλόκαλον
4152 1316 4336 1372 εἷναν
4372 1322 4455 1373 εὐ-

2890 1414 3041 1483 φυῶς
3099 1413 3200 1483 μὶν
3258 1414 3405 1482 ἔχειν
3460 1413 3600 1483 πρὸς
3652 1412 3713 1465 τὸ
3760 1414 3946 1476 καλὸν,
3991 1412 4087 1465 καὶ
4143 1410 4456 1464 τούναντίον

2888 1505 3076 1574 ἀφυῶς
3112 1504 3250 1574 πρὸς
3278 1506 3382 1574 τὴν
3403 1492 3512 1558 τῶν
3544 1506 3732 1557 κακῶν
3764 1504 4036 1574 μάθησιν⁹
4070 1503 4121 1556 el
4165 1503 4353 1571 βούλει
4379 1503 4452 1567 δὲ,

2887 1600 2983 1650 καὶ
3014 1597 3286 1666 ἀπεχθῶς.
3318 1597 3429 1650 Καὶ
3460 1596 3620 1649 τοῦτο
3648 1597 3794 1665 μάλα
3822 1612 3941 1657 πως
3967 1596 4093 1658 οῐει,
4119 1593 4456 1663 πορρωτάτω

2890 1688 2989 1756 μὶν
3028 1689 3252 1741 ἑστάναι
3294 1689 3403 1742 τῶν
3436 1689 3697 1742 τοιούτων
3728 1687 4099 1754 διδαγμάτων,
4129 1686 4370 1737 πλεῖστα
4402 1683 4455 1737 δὲ

2890 1780 3275 1850 μεμαθηκέναι
3300 1780 3409 1833 τῶν
3442 1779 3637 1849 βελτίω
3660 1782 3833 1834 ποιεῖν
3863 1778 4179 1847 δυναμένων
4202 1792 4218 1807 θ
4253 1776 4454 1828 ἐθέλειν

2892 1874 2989 1941 μὲν
3056 1874 3346 1943 μανθάνειν
3395 1876 3463 1927 τὰ
3507 1871 3833 1941 τελεώτερα,
3886 1872 3988 1941 τῆς
4036 1870 4095 1923 δὲ
4157 1868 4451 1937 μαθήσεως

2886 1968 3066 2035 διψᾷν,
3092 1967 3282 2035 ὥσπερ
3312 1965 3377 2019 ἂν
3405 1966 3455 2017 εί
3498 1966 3633 2034 μηδὲ
3678 1965 3778 2033 τὴν
3802 1963 3977 2034 ἀρχὴν
4011 1961 4268 2021 παιδείας
4300 1957 4452 2025 ἐγεύ-

2890 2077 2987 2112 σω.
3034 2061 3127 2112 Δεῖ
3166 2060 3297 2127 γὰρ,
3353 2057 3619 2126 μισοῦντα
3641 2056 3709 2111 τὰ
3751 2055 3918 2117 κακὰ,
3961 2053 4265 2122 ἀπλήστως
4309 2049 4451 2119 ἔχειν

2826 2132 2868 2186 Β
2894 2150 3029 2220 πρὸς
3059 2151 3129 2202 τὰ
3157 2149 3317 2215 καλὰ,
3345 2145 3406 2202 οὗ
3430 2152 3497 2220 τῇ
3524 2149 3692 2219 ψήφῳ
3722 2148 3844 2202 λαοὶ
3870 2146 4153 2217 φέρονται.

3607 2325 3741 2384 ΑΠ’.

2986 2418 3157 2472 Υθλον
3199 2416 3336 2489 ἡγοῦ
3384 2432 3483 2479 τας
3525 2414 3804 2477 διαϐολὰς,
3853 2413 3904 2466 εί
3948 2412 4027 2482 μή
4073 2428 4171 2463 σου
4226 2408 4449 2469 δικαίως

2885 2510 3269 2564 καθάπτοιντο.
3301 2509 3460 2575 Λέγω
3492 2508 3537 2559 δ’
3563 2508 3695 2561 ὅταν
3725 2507 3823 2576 μὲν
3857 2505 3951 2574 ἐξῇ
3978 2522 4031 2557 τι
4075 2503 4285 2573 πρᾶξαι
4320 2518 4449 2570 χρη-

2886 2603 3043 2656 στόν·
3080 2602 3294 2663 ὲκείνας
3341 2600 3398 2651 δὲ
3442 2601 3727 2669 ἀμήχανον
3772 2598 4054 2667 διαδρᾶναι
4111 2596 4448 2664 μογήσαντα.

2898 2694 3049 2746 Ἐπεὶ
3089 2695 3137 2745 εί
3188 2693 3366 2745 ἔνεστι
3425 2694 3622 2761 φυγεῖν
3674 2691 3859 2743 αἰτίαν
3905 2690 4005 2744 οὐκ
4049 2688 4442 2756 ἀληθεύουσαν,

2884 2786 3079 2839 πολλοῦ
3127 2803 3190 2853 γε
3240 2787 3344 2855 χρὴ
3369 2786 3531 2838 τοῦτο
3588 2768 3881 2854 πρίασθαι.
3914 2785 4007 2835 Δεῖ
4046 2782 4158 2850 γὰρ
4193 2780 4331 2851 μηδὲ
4359 2778 4449 2847 τὴν

2884 2879 3068 2932 ἄδικον
3126 2878 3333 2948 μέμψιν
3378 2876 3538 2947 ,παρὰ
3584 2875 3792 2943 φαῦλον
3836 2875 3996 2939 ἄγειν
4043 2875 4137 2926 τδν
4190 2873 4446 2940 ἄρχοντα.

2887 2972 3123 3033 Πολλοὺς
3152 2972 3262 3037 γὰρ
3293 2968 3489 3037 ψεῦδος
3537 2967 3867 3036 διέφθειρεν,
3903 2966 3935 3034 ἢ
3971 2967 4067 3019 καὶ
4103 2966 4445 3032 σωζομένους

2885 3068 3167 3135 ἠδίκησεν.
3207 3064 3271 3115 El
3316 3063 3362 3115 δ’
3392 3064 3489 3132 οὐχ
3537 3057 3650 3116 οἷόν
3697 3077 3757 3114 τε
3806 3060 3965 3115 τοῦτο
4012 3060 4300 3127 γενέσθαι,
4324 3058 4443 3125 ἔχου

2885 3159 2992 3211 τῶν
3046 3156 3227 3209 καλῶν
3265 3157 3465 3225 ἔργων,
3494 3152 3635 3208 εἶναι
3695 3153 3900 3222 μᾶλλον
3951 3153 4190 3223 χρηστὸς
4219 3152 4380 3219 ἀνὴρ,
4414 3148 4447 3215 ἢ

2887 3250 3203 3319 νομίζεσθαι
3230 3249 3422 3302 θέλων.
3471 3248 3764 3317 ’Δγαπῴης
3787 3246 3831 3298 δ’
3863 3246 3949 3308 ἂν,
3980 3244 4099 3312 Θεῷ
4120 3244 4283 3303 καλὸς
4314 3258 4446 3308 γνω-

2890 3345 3193 3414 ριζόμενος,
3228 3342 3325 3395 καὶ
3376 3339 3578 3409 σαυτῷ.
3627 3340 3724 3391 καὶ
3773 3339 3886 3399 τοῖς
3935 3335 4162 3402 ἀγαθοῖς
4206 3333 4319 3386 τῶν
4358 3336 4446 3386 ἀν·

1228 3432 1366 3485 qnos
1408 3419 1575 3473 latere
1611 3420 1700 3477 diu
1754 3437 1858 3475 non
1903 3424 2127 3489 poteris,
2164 3424 2325 3479 etiam
2373 3426 2417 3478 si
2468 3426 2621 3480 velis.
2674 3425 2785 3481 Hoc
2814 3461 2857 3519 ο
2888 3436 3054 3503 δρῶν,
3081 3451 3103 3487 ο

2571 3441 2621 3480 .8.
2674 3425 2785 3481 Hoc
2814 3461 2857 3519 ο
2888 3436 3054 3503 δρῶν,
3081 3433 3173 3496 οὒς
3227 3434 3287 3486 οὐ
3345 3432 3569 3486 δυνατὸν
3621 3430 3915 3483 λανθάνειν
3961 3427 4053 3479 ἐπὶ
4102 3422 4446 3519 μακρῴ,κᾶν

1228 3526 1447 3578 quoque
1485 3510 1770 3580 cogitabis,
1818 3515 1978 3568 rebus
2011 3515 2286 3575 omnibus,
2321 3532 2443 3587 quas
2480 3533 2600 3573 esse
2649 3534 2787 3587 pra:-

1227 3603 1576 3657 stantissimae
1600 3604 2116 3680 videntur,_aliquid
2160 3607 2323 3661 etiam
2368 3607 2647 3663 adha'rere
2676 3625 2783 3663 non

1234 3692 1382 3745 boni.
1411 3691 1473 3747 Et
1503 3702 1764 3760 potestate
1796 3696 2070 3763 praeditos,
2133 3696 2331 3763 quibus
2358 3706 2543 3766 aperte
2584 3708 2789 3752 morta-

1233 3785 1310 3841 les
1339 3786 1605 3840 assentari
1638 3798 2059 3849 consueverunt,
2089 3802 2186 3840 ceu
2223 3791 2587 3844 necessarium
2624 3790 2785 3858 quid-

1230 3878 1379 3935 dam.
1404 3878 1834 3933 obtrectationes
1859 3879 2209 3933 clandestinze
2231 3880 2580 3935 comitantur.
2608 3881 2789 3936 Enim-

1231 3985 1359 4023 vero
1394 3970 1437 4024 si
1475 3986 1595 4024 vera
1633 3974 1695 4024 de
1734 3979 1783 4024 te
1836 3979 2162 4041 sparguntur
2218 3973 2471 4037 crimina,
2527 3975 2791 4041 patienter

1230 4062 1395 4127 feras,
1449 4073 1499 4115 et
1560 4062 1788 4130 teipsum
1850 4061 2088 4131 corrige;
2150 4077 2356 4131 proque
2391 4063 2651 4118 beneficio
2683 4081 2787 4117 non

1234 4153 1536 4206 voluntario
1597 4153 1780 4206 ducito
1853 4152 2212 4207 correctionis
2274 4154 2634 4208 occasionem.
2693 4154 2789 4208 Sin

1233 4247 1382 4299 falsis
1420 4245 1679 4299 conviciis
1702 4244 2019 4314 exagitaris,
2058 4244 2369 4299 consoletur
2411 4256 2461 4300 te
2514 4246 2786 4312 Christus,

1233 4340 1325 4405 qui
1360 4338 1626 4406 ejusmodi
1669 4339 1837 4407 multa
1867 4352 2155 4406 perpessus
2190 4348 2295 4400 est,
2337 4347 2391 4391 et
2418 4339 2598 4393 adhuc
2650 4340 2791 4408 pati—

1234 4441 1359 4483 tur:
1397 4446 1459 4483 ac
1495 4440 1776 4498 prteterea,
1820 4429 1967 4498 quod
1994 4429 2098 4484 alia
2132 4427 2375 4499 qnmdam
2415 4440 2525 4490 tua,
2564 4429 2795 4485 fortasse

1235 4539 1342 4577 non
1398 4524 1546 4588 talia,
1604 4522 1785 4589 qualia
1844 4521 2115 4577 debebant
2164 4537 2305 4588 esse,
2364 4524 2450 4577 vel
2517 4524 2795 4592 aliquibus

1237 4616 1416 4681 ignota
1444 4615 1571 4675 sint,
1607 4614 1685 4666 vel
1711 4613 1986 4669 omnibus.
2024 4611 2148 4668 Haec
2184 4629 2311 4683 ergo
2333 4614 2597 4684 proistis
2632 4630 2792 4684 repo-

1237 4720 1355 4767 nas,
1388 4710 1442 4756 et
1478 4702 1687 4756 facilius
1724 4702 2021 4755 calumnias
2069 4700 2232 4762 feres.

1891 4792 2136 4857 XXXIX.

1307 4884 1563 4942 Juniores
1619 4887 1918 4954 priscorum
1965 4885 2255 4942 sententiis
2306 4902 2405 4941 ceu
2443 4886 2798 4944 fundamento

1239 4981 1474 5048 quodam
1510 4987 1740 5043 utentes,
1768 4978 1815 5032 si
1844 4978 1972 5047 quid
1992 4978 2227 5046 amplius
2255 4981 2485 5048 possint,
2507 4992 2796 5036 exstruere

1240 5073 1459 5126 debent.
1486 5069 1551 5122 Et
1579 5069 1795 5138 quidem
1831 5082 1931 5138 ego
1970 5070 2240 5124 neminem
2286 5071 2529 5125 omnium
2561 5072 2798 5128 arbitror

1242 5162 1438 5217 merito
1470 5176 1569 5216 nos
1604 5162 2000 5227 incusaturum,
2031 5161 2076 5214 si
2105 5162 2311 5229 priscos
2345 5161 2467 5215 illos
2502 5163 2795 5229 intuentes,

1239 5268 1539 5323 eorumque
1576 5262 1838 5322 praecepta
1884 5267 1985 5320 pro
2034 5251 2313 5322 principiis
2346 5253 2630 5317 habentes,
2694 5270 2796 5309 no-

1243 5362 1358 5405 stra
1395 5347 1760 5417 perficiamus.
1794 5344 2023 5410 Quidam
2049 5358 2179 5413 ergo
2218 5344 2302 5397 vir
2326 5345 2552 5415 insignis
2579 5347 2667 5401 cui
2699 5363 2799 5401 no-

1243 5456 1364 5494 men
1398 5439 1752 5509 Pythagoras,
1793 5437 1961 5493 dixit:

1242 5554 1315 5608 Ob
1344 5552 1643 5620 malefacta
1669 5550 1873 5617 dolens,
1906 5562 1953 5606 te
1984 5554 2270 5623 castigato,
2290 5554 2515 5623 vicissim
2535 5560 2673 5603 recta
2708 5568 2799 5604 t'O-

2359 5622 2571 5693 [luptati
2604 5624 2732 5675 sint.

1239 5711 1476 5765 Carmen
1508 5711 1703 5778 ipsum,
1739 5725 1869 5763 sane
1901 5712 2431 5779 prazstautissimum,
2466 5712 2795 5779 appellatum

1240 5813 1323 5855 est
1354 5817 1598 5856 aureum.
1634 5801 1789 5856 Esset
1827 5813 2027 5867 autem,
2088 5818 2207 5857 mea
2252 5804 2464 5872 quidem
2521 5802 2796 5870 opinione,

1245 5896 1413 5969 magis
1447 5910 1674 5956 aureum
1723 5903 1775 5948 et
1825 5892 2169 5966 perfectius,
2209 5896 2252 5949 si
2315 5902 2575 5958 IItUllL‘l'L‘I,
2630 5894 2797 5947 absti-

2890 3527 3101 3598 δθέλῃς.
3148 3523 3412 3594 Ἐνθυμοῦ
3463 3524 3526 3577 δὲ
3573 3524 3814 3588 κάκεῖνο,
3844 3522 3927 3574 ὅτι
3974 3522 4107 3573 πᾶσι
4156 3518 4448 3587 πράγμασι

2889 3623 3001 3683 τοῖς
3039 3618 3286 3690 ἀρίστοις
3330 3613 3470 3668 εἶναι
3513 3615 3735 3669 δοκοῦσι
3792 3612 4016 3680 συνέφι»
4036 3627 4090 3662 τι
4121 3607 4217 3661 καὶ
4252 3606 4362 3658 τῶν
4391 3604 4454 3655 οὺ

2890 3712 3071 3766 καλῶν
3090 3728 3104 3746 ε
3131 3711 3225 3762 καὶ
3257 3711 3376 3770 ταῖς
3407 3706 3680 3772 ἐξουσίαις
3720 3705 3784 3759 τὸ
3816 3703 4047 3773 φανερὸν
4081 3696 4451 3761 κολακευομέ-

2890 3822 3009 3867 ναις
3034 3802 3094 3855 τὸ
3141 3800 3328 3870 κρύφα
3372 3798 3731 3868 διασύρεσθαι
3766 3796 3841 3860 ὥς
3890 3812 3943 3849 τι
3989 3793 4100 3845 τῶν
4133 3789 4449 3858 ἀναγκαίων

2892 3894 3175 3961 ἐφέπεται.
3217 3889 3359 3942 Ἀλλ’
3394 3890 3442 3939 εί
3491 3890 3589 3956 μὲν
3633 3886 3851 3954 ἀληθῶς
3895 3884 4180 3954 διαϐάλλῃ,
4215 3883 4349 3949 φέρε
4393 3898 4449 3931 τε

2890 3988 2985 4039 καὶ
3030 3984 3267 4053 διορθοῦ,
3315 3985 3410 4035 καὶ
3465 3983 3782 4049 εὐεργεσίαν
3832 3979 4084 4032 ἀκούσιον
4130 3978 4321 4045 νόμιζε
4356 3974 4451 4042 τὴν

2890 4080 2995 4146 τῆς
3021 4075 3362 4145 διορθώσεως
3392 4075 3663 4142 ἀφορμήν.
3688 4074 3748 4124 Εἰ
3778 4074 3830 4125 δὲ
3870 4073 3934 4139 δὴ
3954 4070 4162 4139 ψευδῶς
4199 4067 4449 4135 atas-3p“.

2892 4164 3326 4236 παριμυθείσθω
3362 4183 3436 4217 σε
3493 4164 3744 4231 Χριστὸς,
3774 4164 3910 4214 πολὺ
3952 4161 4104 4213 τουτὶ
4144 4158 4332 4210 παθών
4369 4174 4449 4215 τε,

2893 4259 2986 4311 καὶ
3028 4256 3106 4309 ἔτι
3136 4258 3362 4323 πάσχων
3386 4270 3400 4284 ·
3442 4257 3536 4307 καὶ
3583 4255 3663 4310 ὅτι
3718 4254 3881 4320 ἕτερα
3918 4253 4023 4303 τῶν
4052 4250 4159 4301 σῶν
4192 4253 4294 4301 οὐκ
4328 4250 4451 4299 ὄντα

2895 4350 3025 4411 ἴσως
3057 4342 3252 4418 οἷάπερ
3303 4347 3493 4416 ἐχρῆν,
3537 4345 3729 4413 λέληθέ
3777 4360 3953 4407 τινας,
4001 4342 4033 4412 ἢ
4084 4341 4179 4393 καὶ
4223 4341 4449 4397 πάντας.

2893 4434 3059 4492 Ταῦτ’
3092 4438 3323 4501 ἐκείνοις
3375 4438 3643 4499 ἀνατίθει,
3680 4436 3774 4491 καὶ
3824 4437 3953 4506 ῥᾷον
3982 4434 4144 4494 οἴσεις
4186 4448 4455 4498 συκοφαν-

2894 4546 3178 4600 τουμενος.

3618 4789 3734 4843 ΔΘ’.

2972 4887 3016 4939 Χ
3027 4886 3091 4953 ρὴ
3118 4885 3369 4952 θεμέλιον
3396 4884 3617 4954 ἔχοντας
3646 4882 3761 4935 τῶν
3796 4880 4166 4951 ἀρχαιοτέρων
4191 4879 4293 4942 τὰς
4319 4877 4458 4946 γνώ-

2904 4995 3010 5048 μας
3033 4980 3158 5039 τοὺς
3185 4978 3504 5043 νεωτέρους,
3526 4975 3832 5044 οἰκοδομεῖν
3865 4975 3919 5027 εί
3942 4992 3996 5026 τι
4041 4973 4316 5026 δύναιντο.
4350 4971 4457 5024 Καὶ

2904 5070 3028 5139 μηδ’
3048 5071 3113 5122 ἂν
3135 5064 3232 5122 ἕνα
3256 5068 3368 5121 τῶν
3388 5069 3608 5121 πάντων
3633 5068 3741 5133 ἐγὼ
3769 5066 3973 5134 νομίζω
4005 5064 4221 5135 γραφὴν
4240 5065 4459 5116 δικαίαν

2900 5164 3031 5232 ἡμῖν
3064 5162 3326 5220 ἐποίσειν,
3358 5160 3407 5211 εί
3442 5160 3577 5229 πρὸς
3620 5160 3747 5222 τοὺς
3781 5142 4171 5226 παλαιοτέρους
4200 5157 4456 5223 ὁρῶντες,

2900 5250 2996 5301 καὶ
3024 5248 3287 5301 ’τά-κείνων
3316 5248 3489 5318 ἀρχὰς
3524 5249 3860 5315 ποιούμενοι,
3893 5250 3959 5301 τὰ
3988 5247 4236 5314 ἡμέτερα
4275 5245 4455 5296 ανῦτῶν

2901 5340 3240 5407 ὲνεργοίμεν.
3276 5340 3419 5407 Ἔφη
3468 5339 3562 5392 οὖν
3595 5356 3700 5405 τις,
3735 5340 3879 5409 μάλα
3911 5339 4069 5407 ἀνὴρ,
4124 5336 4451 5406 πυθαγόρας

2899 5430 3140 5497 τοῦνομα
3163 5449 3179 5462 ’

2902 5545 3073 5598 Astra
3091 5543 3211 5612 μὲν
3247 5547 3578 5614 ἐκπρήξας,
3623 5544 4003 5613 ὲπιπλήσσεο
4025 5560 4038 5573 ’
4074 5542 4314 5683 χῗηῖτὰ
4372 5539 4454 5601 δὲ,

4145 5629 4174 5664 τ
4202 5628 4388 5679 ρπου.

4145 5628 4388 5679 reptat).

2913 5712 3020 5765 Kal
3042 5712 3102 5763 τὸ
3124 5710 3253 5770 ἔπος
3281 5708 3501 5777 ἄριστον
3526 5705 3609 5765 ὃν.
3633 5703 4063 5773 προσηγόρευται
4090 5698 4460 5770 χρυσοῦν.⁷Ηι

2918 5804 2963 5855 δ’
3020 5802 3083 5856 ἂν
3142 5798 3295 5870 οἶμαι
3352 5796 3789 5867 χρυσειδέστερον
3848 5795 3927 5846 ἔτι
3985 5796 4080 5846 καὶ
4134 5793 4461 5858 τελεώτερον

2910 5895 3207 5965 (inﬁxsts:
3248 5894 3343 5962 μὲν
3373 5891 3478 5944 τῶν
3521 5888 3727 5957 κακῶν,
3760 5889 3865 5941 τῶν
3887 5887 3942 5940 δὲ
3978 5885 4278 5948 καλλίστων
4325 5886 4460 5951 πρά-
