4748 6512
220 490 327 553 345

1174 474 1586 538 ΡΗιΕΟΕΡΤΑ
1621 468 2148 532 EDUCATIONIS
2181 464 2456 527 REGIE.

3331 450 3438 513 3&6
3519 519 3526 526 _

217 609 355 669 ξεων
385 600 603 670 εχεσθαι
644 594 940 666 παραινοῦν
960 608 974 622 ⁹
1004 591 1098 646 καὶ
1119 593 1189 660 τῇ
1216 591 1315 660 μὲν
1351 590 1460 643 τῶν
1488 588 1550 641 οὺ
1601 586 1779 641 καλῶν
1809 593 1851 646 Α
1884 583 2092 640 ncndun

1601 586 1779 641 καλῶν
1809 593 1851 646 Α
1884 583 2119 640 nendum
2152 597 2180 635 a
2207 580 2384 642 malis,
2407 585 2461 633 et
2484 573 2869 646 pulcherrimis
2898 569 3059 626 faelis
3085 567 3447 625 insistendum

218 696 397 760 ἀποχῇ
429 689 691 759 μηδαμῶς
724 688 899 756 αἴρειν
944 685 1108 738 αὑτὸν
1141 683 1215 751 (τί
1248 683 1359 750 γὰρ
1404 679 1575 748 ἀργίᾳ
1608 679 1784 730 κοινὸν

216 788 315 838 καὶ
350 780 695 853 φρονήματος
719 778 1022 847 ἀφορμῇ;“ι,
1046 779 1109 845 τῇ
1143 775 1198 828 δὲ
1233 775 1431 842 μετοχῇ
1465 771 1574 823 τῶν
1611 769 1787 838 βελτί-

221 895 364 930 στων
418 877 671 929 ἄπαυστα
720 873 959 941 χαίρειν⁹
1004 869 1096 920 καὶ
1130 867 1303 934 τούτῳ
1337 863 1486 932 αὐτῷ
1535 862 1785 929 βέλτιστα

216 967 513 1034 γινώσκειν
550 967 618 1018 τὰ
669 963 1027 1032 μετεχόμενα.
1060 959 1138 1027 τῷ
1170 958 1372 1027 μηδένα
1412 956 1571 1022 κόρον
1605 951 1786 1006 αὐτῶν

218 1060 544 1127 λαμϐάνειν.
595 1057 716 1108 Τῶν
745 1056 853 1124 γὰρ
887 1051 1103 1120 ἀληθῶς
1136 1049 1354 1118 ἀγαθῶν
1383 1048 1484 1101 οὐκ
1512 1045 1591 1098 ἔνι
1626 1044 1786 1112 κόρον

216 1149 353 1200 ποτὶ
380 1149 580 1203 λαϐεῖν.

959 1320 1048 1376 Μ’.

304 1420 370 1475 Ἦ
401 1417 558 1486 φύσις
589 1417 776 1484 ὥσπερ
827 1416 986 1484 ὅρους
1016 1415 1183 1483 ἑαυτῇ
1217 1413 1311 1466 καὶ
1338 1412 1450 1473 τοῖς
1495 1409 1789 1478 πράγμασι

219 1513 456 1571 τέθεικε.
489 1512 584 1563 καὶ
612 1511 691 1562 δεῖ
728 1509 819 1561 τὸν
865 1508 1057 1576 ἄριστα
1095 1507 1196 1575 ζῇν
1227 1505 1476 1558 ἐθέλοντα
1519 1503 1616 1572 τὴν
1656 1501 1790 1554 τῶν·

223 1603 280 1657 δε
311 1603 514 1670 γνῶσιν
546 1601 739 1668 θηρᾷν,
772 1600 863 1650 καὶ
894 1599 1068 1664 φιλεῖν
1110 1598 1312 1662 ταύτην
1335 1597 1436 1663 τὴν
1475 1595 1673 1663 Θήραν,
1695 1593 1791 1646 καὶ

225 1698 327 1761 ζῇν
359 1695 561 1748 ἐθέλειν
607 1693 756 1752 ὲντὺς
809 1692 913 1745 τῶν
949 1692 1124 1755 ὅρων·
1172 1691 1266 1742 καὶ
1290 1692 1352 1742 τὸ
1380 1689 1556 1748 ἄλλως
1585 1687 1792 1740 διακεῖ-

227 1785 351 1836 σθαι
388 1785 522 1851 μηδὲ
557 1783 746 1851 βιωτὸν
770 1781 1037 1850 ἡγεῖσθαι.
1078 1780 1135 1832 '0
1159 1780 1265 1848 γὰρ
1295 1779 1370 1846 μὴ
1391 1776 1547 1838 εἰδὼς
1587 1775 1646 1828 τὸ
1675 1775 1794 1826 δέον

229 1877 350 1936 πῶς
385 1877 481 1944 μὲν
513 1876 578 1929 ἂν
613 1875 788 1925 ἐκεῖνο
837 1874 1076 1943 φιλήσῃς
1131 1872 1247 1933 πῶς
1278 1870 1320 1925 δ’
1352 1870 1418 1923 ἂν
1447 1869 1520 1936 μὴ
1558 1867 1791 1934 φιλήσας

227 1966 573 2034 ἐργάσηταις
605 1967 723 2026 πῶς
767 1961 812 2014 δ’
849 1964 914 2016 ἂν
944 1966 1018 2030 μὴ
1050 1963 1322 2030 πράττων,
1365 1961 1443 2020 είς
1479 1958 1593 2022 ἕξιν
1624 1956 1793 2026 Ελθτμ

231 2058 352 2117 πῶς
383 2057 426 2110 δ’
455 2056 520 2109 ἂν
559 2054 632 2106 ὢν
670 2054 849 2108 καλῶν
882 2054 1016 2120 eam
1028 2068 1160 2119 μων,
1197 2052 1337 2104 κατὰ
1361 2049 1424 2105 τδ
1451 2049 1599 2112 ἔπος,
1636 2047 1796 2109 καλὸς

226 2150 437 2208 ἐκεῖνος
468 2147 662 2212 γένοιτ’
689 2145 776 2206 ἂν,
808 2144 840 2214 ἢ
871 2145 1143 2211 νομίζοιτο
1173 2145 1283 2203 τοῖς
1309 2143 1529 2205 καλοῖ;;
1559 2141 1712 2201 ἐλπὶς
1741 2138 1796 2192 δὲ

228 2236 308 2298 τίς
339 2235 676 2308 διορθώσεως
706 2235 782 2305 τῷ
812 2234 946 2304 μηδὲ
974 2235 1105 2302 γοῦν
1124 2233 1500 2301 αἰσθανομένῳ
1529 2231 1590 2284 τὸ
1623 2231 1802 2298 πλημ-

237 2328 426 2397 μελὲς,
461 2328 594 2396 μηδὲ
631 2326 1040 2397 δυσχεραίνοντι
1064 2325 1141 2395 τῷ
1176 2323 1351 2392 κακῷ,
1384 2324 1518 2394 μηδὲ
1548 2321 1799 2394 ζητοῦντι

233 2417 454 2487 πάντως
478 2417 759 2488 διόρθωσιν
780 2433 795 2485 ς

959 2681 1094 2736 MA'.

307 2772 490 2842 Συχνὰ
525 2773 676 2829 ποιοῦ
706 2773 804 2843 τὴν
836 2773 1059 2843 ἔρευναν
1091 2773 1198 2828 τῶν
1225 2772 1329 2825 ὑπὸ
1354 2771 1449 2825 σοῦ
1481 2771 1804 2840 πεπραγμέ-

235 2878 366 2922 νων,
400 2862 493 2914 καὶ
528 2865 638 2923 τοῖς
676 2864 772 2930 μὲν
810 2863 884 2925 ὡς
920 2864 1117 2932 ἄριστά
1155 2880 1235 2914 σοι
1267 2861 1562 2932 πραχθεῖσι
1611 2859 1802 2914 κανόσι

237 2952 356 3021 χρῶ
382 2954 514 3020 πρὸς
547 2954 639 3005 τὸν
671 2955 796 3022 ἑξῆς
821 2955 1031 3006 ἅπαντα
1069 2954 1282 3022 χρόνον·
1313 2955 1380 3005 τὰ
1409 2953 1466 3005 δὲ
1496 2952 1632 3020 πρὸς
1671 2952 1803 3021 βλά-

238 3042 346 3108 ϐην
377 3059 457 3097 σοι
478 3041 713 3112 λήξαντα
744 3043 1102 3114 φυλάττεσθαι
1135 3045 1388 3113 παραίνει
1423 3042 1624 3109 σαυτῷ.
1650 3042 1804 3095 Οῦτω

241 3153 322 3186 τοι
357 3136 449 3187 καὶ
476 3136 736 3203 ἔμπορος,
759 3139 854 3189 καὶ
879 3138 986 3198 πᾶς
1018 3136 1152 3206 πρὸς
1181 3136 1363 3203 κέρδος
1385 3135 1801 3204 ἀγωνιζόμενος.

1885 684 2045 742 atque
2064 676 2140 726 uti
2161 668 2782 743 prepter'abstinentiam
2802 682 2831 720 a
2852 664 3012 720 rebus
3039 678 3146 716 non
3164 661 3325 715 bonis
3347 658 3454 712 mi-

1888 770 2032 821 nime
2062 767 2300 834 seipsum
2328 764 2451 832 quis
2474 762 2663 816 efferat
2691 758 2841 830 (quid
2869 756 3014 811 enim
3046 754 3271 824 ignavia:
3298 766 3452 805 com-

1889 873 2051 913 mune
2075 872 2200 912 cum
2243 855 2410 908 animi
2445 850 2757 918 elatione?)
2783 892 2798 915 ,
2822 849 2939 903 -sed
2975 846 3301 914 optimorum
3352 856 3454 895 usu

1887 965 1947 1005 se
1973 956 2288 1018 perpetuum
2314 946 2567 1008 oblectet,
2599 945 2774 1012 deque
2797 943 2900 995 hoc
2925 941 3042 1008 ipso
3069 952 3229 1006 quam
3254 934 3452 1002 optima

1887 1055 2008 1095 esse
2038 1041 2332 1108 adgnoscat
2379 1052 2466 1096 ea.
2503 1051 2734 1104 quorum
2766 1049 2884 1087 .usu
2921 1032 3141 1095 fruitur,
3180 1030 3225 1083 si
3265 1041 3452 1080 eorum

1890 1130 2036 1184 nulla
2064 1131 2239 1197 ipsum
2265 1129 2443 1196 capiat
2464 1128 2723 1180 satietas.
2753 1121 2888 1176 Nam
2922 1137 3045 1192 qua:
3078 1135 3272 1189 reapse
3316 1117 3457 1171 bona

1891 1233 2041 1289 sunt,
2069 1223 2135 1277 iis
2166 1220 2418 1276 exsatiari
2444 1233 2549 1273 non
2580 1218 2724 1271 licet.

2622 1305 2736 1362 XL.

1964 1406 2002 1458 A
2035 1411 2226 1456 natura
2255 1402 2390 1457 certi
2444 1401 2660 1466 quidam
2707 1397 2862 1466 quasi
2916 1394 3116 1450 limites
3172 1401 3282 1444 tum
3331 1389 3463 1456 ipsi-

1893 1502 2000 1550 met
2029 1501 2256 1556 naturas,
2299 1501 2409 1544 tum
2433 1491 2594 1543 rebus
2628 1496 2754 1543 sunt
2782 1485 3089 1548 constituti,
3117 1496 3356 1550 quorum
3387 1479 3458 1543 is,

1891 1587 1982 1656 qui
2014 1586 2218 1653 optime
2257 1585 2448 1637 vivere
2483 1583 2653 1650 cupit,
2691 1583 2951 1648 indagare
2985 1575 3235 1630 notitiam
3271 1572 3459 1634 debet,

1893 1691 2054 1746 atque
2089 1682 2228 1732 hanc
2278 1675 2678 1745 indagationem
2731 1674 2993 1742 diligere;
3028 1670 3166 1724 velle
3228 1668 3467 1735 denique

1895 1771 2036 1825 intra
2065 1771 2262 1823 limites
2315 1769 2460 1836 ipsos
2491 1767 2772 1821 continere
2812 1780 2956 1829 sese,
3005 1777 3104 1817 nee
3140 1761 3297 1814 aliter
3332 1755 3467 1810 affe-

1896 1873 1986 1916 cto
2046 1861 2334 1913 vivendum
2390 1859 2667 1912 arbitrari.
2723 1856 2857 1910 Nam
2922 1855 3014 1923 qui
3073 1854 3264 1913 nescit,
3335 1848 3463 1918 quid

1898 1970 2113 2023 aequum
2144 1961 2459 2020 rectumque
2517 1951 2609 2011 sit,
2650 1964 2885 2017 quonam
2922 1948 2974 2002 id
3026 1956 3183 2015 pacto
3240 1943 3468 2012 diliget?

1899 2060 2074 2115 quove
2105 2051 2283 2113 pacto,
2342 2045 2385 2097 si
2417 2058 2520 2095 non
2556 2043 2768 2110 diligat.
2802 2039 3120 2108 praestabit?
3168 2040 3466 2104 quomodo,

1899 2137 1946 2192 si
1984 2152 2089 2189 non
2145 2145 2389 2205 praestet,
2425 2134 2489 2187 ad
2541 2133 2785 2187 habitum
2843 2131 3160 2201 perveniet?
3191 2131 3466 2199 quomodo

1899 2228 2169 2285 bonorum
2225 2229 2471 2297 ignarus,
2510 2236 2568 2281 ut
2632 2227 2685 2280 in
2734 2224 2974 2279 carmine
3038 2224 3238 2277 dicitur
3293 2223 3470 2274 bonus

1899 2320 2110 2384 evadet,
2143 2329 2238 2373 aut
2269 2319 2444 2373 bonus
2478 2333 2507 2372 a
2549 2318 2708 2373 bouis
2739 2317 3141 2372 existimabitur
3167 2316 3191 2368 ἳ
3221 2327 3469 2383 quamam

1900 2427 2024 2481 spes
2052 2412 2452 2466 emendationis
2499 2410 2568 2465 de
2593 2425 2683 2476 eo,
2715 2409 2806 2478 qui
2851 2408 3035 2463 delicti
3097 2422 3261 2463 sensu
3297 2412 3471 2469 caret,

1903 2518 2005 2561 nec
2034 2502 2266 2559 moleste
2317 2501 2426 2557 fert
2455 2501 2684 2566 malum,
2714 2514 2815 2558 nec
2867 2498 3308 2554 emendationem
3363 2496 3474 2550 ullo

1903 2594 2066 2649 modo
2094 2593 2310 2663 quaerit.

2605 2682 2744 2738 XLI.

1974 2777 2051 2832 Ne
2079 2775 2298 2832 desinas
2316 2776 2629 2844 frequenter
2646 2773 2988 2838 examinare,
3006 2787 3127 2842 qua:
3143 2772 3240 2826 abs
3260 2779 3312 2826 te
3333 2771 3476 2824 facta

1904 2878 2048 2934 Sunt,
2067 2885 2130 2922 ac
2146 2868 2449 2923 rectissime
2467 2867 2687 2935 quidem
2745 2868 2934 2934 gestis,
2960 2866 3123 2919 veluti
3150 2866 3356 2918 normis
3377 2864 3478 2917 uti-

1905 2972 1989 3015 tor
2012 2961 2077 3014 ad
2105 2961 2348 3014 omnium
2371 2959 2636 3029 deinceps
2679 2960 2844 3012 vitam
2879 2978 2894 3011 :
2920 2973 3040 3026 quae
3060 2972 3190 3010 vero
3247 2959 3474 3011 noxium

1906 3053 2067 3106 finem
2089 3051 2423 3113 habuerunt,
2444 3051 2511 3102 ab
2531 3050 2596 3104 iis
2613 3057 2672 3103 ut
2689 3050 3033 3116 caveas.ipsc
3053 3049 3470 3116 tibiprazcipito.

1907 3141 1998 3195 Sic
2032 3140 2288 3194 nimirum
2321 3147 2374 3193 et
2396 3145 2669 3192 mercator
2695 3137 2944 3191 factitare
2970 3137 3128 3193 solet.
3161 3145 3214 3190 et
3239 3137 3481 3206 quicun-

240 3224 472 3289 Λογίζου
508 3227 570 3292 δὴ
602 3227 696 3296 τὴν
723 3226 1044 3296 καθημέραν
1075 3225 1278 3294 ζημίαν
1307 3245 1364 3280 τε
1401 3228 1584 3279 καὶτὰ
1616 3227 1802 3296 κέρδη.
1834 3249 1877 3306 C
1911 3247 2017 3301 que
2045 3233 2115 3285 ιω

1616 3227 1802 3296 κέρδη.
1834 3249 1877 3306 c
1911 3247 2017 3301 que
2045 3233 2204 3285 lucro
2225 3231 2385 3299 potiri
2411 3231 2624 3285 nititur.
2651 3228 2909 3294 Quotidie
2942 3230 3204 3282 damnum
3249 3230 3475 3297 pariter,

238 3322 344 3374 κᾶν
374 3320 625 3388 εὐτυχῇς,
654 3320 944 3387 εὐφραίνου
965 3335 984 3376 ⁸,
1010 3320 1145 3387 πρὸς
1167 3319 1193 3372 ὃ
1219 3319 1264 3370 δ’
1287 3320 1615 3387 ἀντέκρουσε
1644 3317 1807 3389 τύχη,

239 3412 401 3464 τοῦτο
433 3410 511 3474 δὲς
542 3409 715 3476 πειρῶ
784 3408 1144 3480 διορθοῦσθαι.
1188 3410 1295 3461 Καὶ
1321 3405 1417 3477 τὴν
1457 3409 1556 3478 μὲν
1606 3409 1808 3477 ἀρετὴν

239 3502 433 3571 χρῆμα
466 3501 759 3569 θειότερον..
781 3501 877 3571 τὴν
898 3499 953 3554 δὲ
977 3500 1172 3554 κακίαν
1206 3500 1337 3552 αὐτό
1367 3517 1429 3565 γε
1449 3498 1610 3552 τοῦτο
1639 3500 1809 3553 κακὸν

240 3591 378 3660 ἡγοῦ
401 3608 415 3621 ·
449 3589 514 3641 ἵν’
542 3591 597 3640 ἐν
627 3590 818 3656 κήποις
847 3589 942 3656 μὲν
968 3587 1182 3656 ἐκείνης
1212 3589 1499 3658 χορεύσῃς,
1543 3588 1604 3640 τὸ
1629 3589 1684 3640 δὲ
1710 3588 1809 3656 τῆς

241 3681 438 3748 λοιπῆς
473 3679 781 3750 ἀπορῤίψῃς
813 3679 1047 3741 δυσῶδες
1072 3695 1085 3709 ο
1128 3681 1227 3732 καὶ.
1253 3681 1407 3747 τήνδε
1470 3681 1568 3748 μὲν
1606 3681 1806 3750 φύγῃς,

241 3773 460 3836 ἐκείνην
496 3771 548 3822 δὲ
584 3769 846 3831 συντόνως
881 3768 1096 3838 διώξῃς.
1143 3769 1348 3823 Ἐθέλει
1383 3772 1490 3838 γάρ
1517 3790 1597 3833 τις
1631 3773 1808 3840 μένειν

243 3864 300 3912 ὲν
335 3855 378 3928 ᾧ
406 3861 697 3931 θαυμάζει,
733 3863 825 3913 καὶ
858 3860 1206 3930 μεταϐαίνειν
1239 3862 1298 3925 ἐξ
1319 3861 1377 3913 οῦ
1410 3862 1647 3925 κακίζει.

965 4034 1099 4091 MB'.

315 4129 484 4182 Ψιλὸν
516 4129 614 4197 τῆς
636 4130 790 4190 θείας
818 4129 948 4182 ὄντα
977 4129 1278 4198 δυνάμεως,
1323 4129 1554 4198 μάταιον
1585 4143 1809 4198 περιπι-

245 4223 494 4290 φρὰχθαι
517 4220 736 4288 σιδήρῳ,
766 4222 1022 4290 περιττὸν
1051 4221 1110 4272 τὸ
1133 4222 1452 4289 ἀγρυπνεῖν,
1485 4221 1544 4273 τὸ
1563 4222 1806 4290 φροντίσι

239 4315 530 4384 τήκεσθαι.
569 4316 670 4368 Ἂν
694 4315 888 4383 ἔρημοι
919 4315 1121 4383 ταύτης
1146 4307 1314 4381 ὦμεν,
1339 4312 1492 4366 κενὸν
1522 4316 1548 4365 ὁ
1576 4313 1806 4382 δορυφό-

246 4424 362 4474 ρος,
385 4410 476 4458 καὶ
503 4407 534 4474 ἠ
559 4405 875 4473 ἀκρόπολις,
901 4406 995 4456 καὶ
1020 4407 1051 4474 ἡ
1085 4406 1421 4472 πολυχειρὶα,
1450 4404 1542 4455 καὶ
1572 4403 1639 4455 τὰ
1667 4403 1807 4470 σοφὰ

246 4496 638 4564 μηχανήματα.
703 4496 955 4563 Ἑκείνης
994 4494 1338 4563 εὐμοιροῦντί
1396 4511 1499 4557 σοι,
1558 4493 1805 4560 φίλτατε,

1909 3333 1964 3379 et
2001 3327 2151 3378 lucra
2177 3333 2486 3392 computato
2516 3342 2531 3388 ;
2561 3327 2717 3391 sique
2747 3339 2835 3378 res
2881 3339 3143 3392 prospere
3189 3325 3477 3389 cesserint,

1906 3419 2062 3472 Ianus
2080 3426 2198 3472 esto
2224 3435 2238 3472 :
2268 3419 2351 3472 sin
2387 3418 2649 3471 adversus
2678 3417 2729 3469 in
2760 3431 2816 3470 re
2847 3417 3103 3484 quapiam
3144 3431 3312 3470 casus
3334 3417 3482 3469 acci-

1904 3509 2066 3570 derit,
2099 3507 2148 3561 ei
2173 3508 2372 3560 mederi
2398 3507 2576 3560 stude.
2606 3505 2876 3560 Virtutem
2899 3521 2995 3575 pro
3017 3522 3074 3559 re
3095 3505 3483 3567 diviniore,vi-

1907 3600 2041 3653 tium
2070 3614 2169 3666 pro
2198 3614 2284 3662 eo,
2313 3599 2455 3666 quod
2482 3606 2589 3659 est,
2625 3599 2824 3650 malum
2861 3597 3094 3662 scilicet,
3136 3598 3336 3651 habeto
3369 3615 3382 3650 :
3421 3607 3478 3652 ut

1907 3692 1962 3744 in
1993 3691 2139 3744 illius
2167 3690 2389 3758 quidem
2417 3689 2591 3742 hortis
2622 3688 2776 3756 quasi
2809 3688 3095 3755 tripudies,
3131 3689 3297 3753 hujus
3338 3701 3471 3740 vero

1910 3781 2159 3834 fcetorem
2194 3780 2412 3847 rejiclas
2447 3798 2459 3830 :
2492 3779 2631 3831 hanc
2657 3780 2851 3846 fugias,
2888 3778 3032 3829 illam
3081 3779 3241 3830 enixe
3289 3793 3475 3845 perse-

1905 3872 2111 3938 quaris.
2137 3870 2267 3922 Nam
2295 3871 2342 3924 ei
2367 3871 2599 3938 quisque
2623 3869 2827 3924 diutius
2848 3871 3112 3924 inlitercre
3139 3872 3310 3937 cupit,
3332 3872 3476 3937 quod

1906 3964 2210 4018 admiratur
2236 3981 2250 4028 ;
2276 3973 2327 4016 et
2359 3964 2516 4017 abeo
2551 3971 2793 4016 remotus
2822 3977 2964 4027 esse,
2993 3963 3135 4031 quod
3182 3963 3477 4030 improbat.

2617 4053 2785 4107 XLII.

1978 4146 2142 4199 luaue
2165 4145 2421 4212 qui-Idam
2445 4154 2546 4208 est,
2575 4146 2722 4213 quia
2753 4152 3013 4213 potestate
3039 4145 3221 4198 divina
3273 4147 3345 4199 sit
3387 4144 3484 4197 de-

1926 4237 2176 4299 stitutus,
2204 4236 2349 4289 ferro
2382 4235 2649 4288 munitum
2693 4249 2851 4300 esse;
2880 4251 3297 4304 supervacuum,
3318 4251 3486 4289 excu-

1911 4325 2027 4379 bias
2049 4341 2230 4394 agere,
2260 4327 2406 4380 curis
2438 4326 2738 4381 tabescere.
2760 4325 2841 4378 Ab
2869 4325 2969 4378 hac
2999 4326 3045 4380 si
3077 4326 3480 4390 desideramur,

1912 4433 2048 4470 vana
2083 4417 2163 4470 vis
2193 4417 2514 4478 satellitum,
2562 4417 2793 4478 arcium,
2850 4429 3170 4484 magnarum
3204 4417 3482 4483 copiarum

1905 4509 2336 4576 callidarumque
2377 4507 2742 4560 molitionum.
2805 4505 2935 4571 Eius
2988 4506 3034 4560 si
3066 4509 3340 4574 particeps
3385 4509 3483 4572 sis,

242 4589 340 4636 καὶ
363 4589 430 4637 τα
460 4587 774 4655 δυσχερείας
804 4586 977 4653 μεστὰ
1003 4586 1216 4655 εὐμαρῆ
1265 4587 1359 4637 καὶ
1389 4584 1508 4638 λεῖα
1538 4586 1808 4652 φανεῖται.
1844 4587 1888 4644 ι)
1917 4601 2117 4654 charis,

1611 4586 1808 4638 ινεῖται·
1844 4587 1888 4644 ί)
1917 4599 2244 4654 charissime
2278 4599 2371 4661 fili,
2402 4599 2564 4652 etiam
2598 4599 2753 4666 plena
2776 4597 3114 4652 difﬁcultatis
3147 4600 3486 4666 apparebunt

247 4677 362 4742 Τῆς
399 4678 670 4742 ἀηττήτου
719 4676 774 4726 δὲ
825 4675 997 4744 ῥοπῆς
1049 4675 1307 4745 ἐπιτυχὴς
1349 4675 1414 4727 ἂν
1467 4676 1661 4742 γένοιο,
1706 4675 1806 4736 τὰς

243 4771 591 4837 ἐγχειρήσεις
619 4767 722 4820 ἀπὸ
744 4767 965 4818 δικαίων
987 4767 1329 4835 ποιούμενος.
1361 4767 1457 4820 καὶ
1500 4767 1679 4835 λήγων
1727 4766 1805 4827 είς

244 4861 652 4928 φιλάνθρωπον,
687 4861 784 4911 καὶ
808 4859 912 4925 πρὸ
965 4858 1057 4910 τοῦ
1094 4859 1221 4910 ίδίου
1255 4857 1420 4911 καλοῦ
1457 4861 1535 4920 είς
1563 4858 1624 4909 τὸ
1649 4859 1804 4926 κοινῇ

248 4955 500 5003 συνοῖσον
537 4951 709 5018 ὀρῶνο
757 4950 852 5002 καὶ
886 4950 1018 5002 θεὸν
1070 4951 1426 5019 μιμούμενος,
1479 4952 1576 5004 καὶ
1613 4950 1807 5001 σαυτὸν

247 5042 361 5101 τοῖς
392 5040 616 5090 σεαυτοῦ
649 5039 872 5108 μίμημα
901 5038 1078 5109 ταύτῃ
1106 5039 1384 5108 παρέχων.

984 5238 1111 5291 ΜΡ.

321 5333 527 5401 ’Ὕδραν
549 5331 789 5400 τέμνσις,
815 5333 1099 5399 παροιμία,
1130 5331 1191 5383 τὸ
1228 5331 1519 5398 ἀνέφικτον
1547 5331 1806 5400 δηλοῦσα.

244 5427 361 5479 Καὶ
392 5426 420 5475 ὸ
454 5423 521 5477 τὰ
545 5423 673 5476 ῐδιον
701 5423 926 5491 Θέμενος
957 5422 1070 5492 πρὸ
1093 5421 1201 5474 τῶν
1235 5424 1390 5492 κοινῇ
1420 5424 1807 5490 συμφερόντων

245 5519 386 5586 πρὸς
420 5516 610 5567 tam?»
638 5514 924 5582 ἐφέλκεται
947 5517 1168 5583 ταυτηνὶ
1200 5516 1299 5582 τὴν
1330 5515 1534 5568 εἰκόνα.
1574 5513 1667 5567 Ἐν
1700 5517 1808 5586 γὰρ

249 5609 325 5677 τῷ
356 5608 527 5676 κοινῷ
565 5607 713 5676 καλῷ
745 5608 840 5661 καὶ
885 5607 949 5659 τὸ
978 5609 1209 5660 ἑκάστου
1246 5607 1634 5672 συνυπάγεται.
1670 5609 1809 5662 Καθ’

245 5700 350 5749 ἕνα
387 5699 571 5764 μέντοι
609 5698 868 5766 πράττειν
897 5692 958 5749 εὖ
991 5698 1088 5749 οὐκ
1118 5697 1409 5765 ἐνδέχεται,
1436 5697 1558 5751 οὔτε
1596 5699 1809 5766 ἰδιώτην

245 5788 643 5855 οὒτ’ἀρχοντα.
680 5790 771 5842 Δεῖ
815 5789 922 5856 γὰρ
963 5789 1025 5857 δὴ
1054 5789 1153 5856 τὴν
1190 5787 1431 5856 κεφαλὴν
1469 5787 1586 5839 τῶν-
1630 5789 1807 5856 μελῶν

248 5879 562 5950 φρονιίξειν
594 5882 683 5933 καὶ
710 5880 984 5952 κήδεσθαι,
1021 5881 1110 5934 καὶ
1139 5882 1236 5950 τῆς
1261 5880 1498 5948 κεφαλῆς
1530 5882 1807 5949 ἐπιμελεῖ-

1910 4693 2004 4745 tibi
2027 4691 2200 4744 facilia
2220 4690 2383 4744 simul
2399 4699 2451 4742 et
2474 4690 2655 4754 plana.
2681 4689 2830 4744 llanc
2850 4699 3030 4742 autem
3052 4691 3305 4742 invictam
3326 4705 3485 4758 opem

1911 4782 2252 4851 impetrabis,
2287 4783 2332 4837 si
2357 4780 2744 4849 cunctajustis
2778 4781 3050 4848 impulsus
3100 4782 3282 4835 causis
3325 4797 3484 4834 occe-

1909 4877 2076 4945 peris,
2110 4888 2172 4927 ae
2203 4876 2256 4926 in
2288 4874 2688 4926 humanitatem
2717 4872 2967 4934 desieris,
3002 4873 3290 4939 potiusque
3315 4872 3489 4939 publi-
3530 4857 3534 4859 λ

1912 4983 2031 5021 eam
2065 4968 2128 5020 ad
2160 4968 2466 5028 utilitatem,
2501 4982 2663 5035 quam
2695 4966 2978 5035 privatam,
3014 4966 3350 5034 respexeris:
3387 4967 3488 5020 hac

1916 5060 2128 5112 ratione
2157 5069 2268 5112 tum
2304 5061 2418 5128 ipse
2443 5059 2609 5111 Deum
2631 5059 2876 5124 imitans,
2897 5067 3011 5112 tum
3035 5059 3140 5111 tuis
3163 5058 3484 5115 hominibus

1913 5154 2143 5222 teipsum
2169 5153 2489 5206 imitandum
2514 5150 2801 5206 exhibens.

2591 5243 2777 5296 XLII‘I.

1984 5334 2098 5389 Mos
2121 5334 2280 5402 vulgo
2301 5346 2550 5403 receptus
2578 5342 2685 5395 est,
2714 5344 2771 5389 ut
2804 5334 3026 5404 hydram
3055 5347 3301 5387 resecare
3328 5334 3482 5389 dica-

1915 5435 2023 5492 tur,
2051 5428 2141 5497 qui
2170 5443 2306 5489 rem,
2339 5443 2500 5495 quam
2532 5427 2719 5496 nequit
2748 5426 2991 5494 assequi,
3038 5425 3279 5479 molitur.
3333 5425 3483 5480 Hanc

1914 5517 2208 5585 imaginem
2226 5517 2280 5571 in
2311 5531 2375 5571 se-
2404 5516 2680 5580 transfert,
2708 5517 2801 5584 qui
2828 5516 3042 5584 privata
3071 5517 3357 5571 commoda
3379 5531 3480 5584 pu-

1913 5607 2070 5661 blicis
2098 5608 2413 5675 anteponit;
2461 5622 2589 5661 nam
2624 5608 3058 5676 uniuscujusque
3116 5609 3317 5661 bonum
3370 5622 3474 5676 pu-

1913 5699 2056 5751 blico
2072 5697 2401 5751 continetur.
2425 5695 2688 5751 Seorsum
2707 5707 2855 5750 certe
2884 5712 2989 5752 nec
3015 5697 3218 5773 homini
3242 5699 3476 5766 prlvato,

1915 5804 2012 5843 nec
2042 5790 2268 5856 principi
2295 5805 2415 5844 esse
2445 5790 2598 5842 beato
2628 5790 2772 5843 licet.
2805 5789 3138 5856 Caputeui-m
3174 5804 3362 5858 gerere
3380 5803 3476 5842 cu-

1915 5897 2028 5935 ram
2067 5882 2428 5936 membrorum
2457 5890 2688 5951 οροιιρι,
2717 5896 2778 5936 ac
2814 5881 3050 5936 vicissim
3084 5881 3329 5936 membra
3373 5893 3468 5937 ca-
