4748 6512
1197 488 1303 550 347

2362 491 2760 549 MANUELIS
2800 493 2886 550 ΡΑ
2901 491 3244 552 LXEOLOGI

4332 491 4438 554 318

1194 600 1320 666 pitis
1351 599 1550 651 habere
1568 597 1859 660 rationem,
1888 597 1931 650 si
1967 598 2172 651 salvum
2205 613 2322 651 esse
2345 601 2502 653 debet
2534 603 2758 667 animal,
2793 615 2835 667 Α
2868 607 2992 659 σθαι
3019 609 3069 659 τὲ

2571 603 2758 667 nimal,
2793 615 2835 667 Α
2868 607 2992 659 σθαι
3019 609 3085 659 τὰ
3117 610 3271 677 μέλη,
3306 611 3352 662 εί
3393 611 3488 672 δεῖ,
3514 615 3575 665 τὸ
3626 615 3767 677 ζῶον
3797 612 4174 675 συνίστασθαι,
4207 611 4307 664 xui
4337 612 4440 678 τὴν

1193 693 1578 757 integrumque
1608 691 1943 743 conservari.
1979 689 2108 741 Nam
2142 694 2470 754 membrum,
2503 697 2647 761 quod
2678 711 2762 748 re-

1193 795 1402 836 sectum
1437 793 1541 844 est,
1585 793 1933 850 posteaquam
1972 785 2304 850 reliquorum
2327 803 2353 836 a
2376 787 2641 837 societate
2678 800 2763 838 re-

1195 874 1432 933 vulsum,
1466 891 1713 928 seorsum
1748 891 1868 927 esse
1900 876 2038 939 cepit
2075 895 2084 931 ;
2120 878 2218 926 hoc
2256 877 2374 943 ipso
2425 878 2635 931 schicet
2678 887 2762 932 est

1193 979 1490 1019 mortuum.
1556 966 1698 1018 Idem
1728 967 1889 1033 capiti
1925 982 1951 1018 a
1982 969 2237 1021 membris
2260 969 2528 1037 dirempto
2548 972 2762 1022 contin-

1193 1073 1317 1123 gere
1347 1074 1570 1112 necesse
1595 1069 1699 1121 est;
1730 1062 1927 1126 quippe
1950 1076 2044 1112 nec
2067 1067 2226 1126 caput
2264 1075 2358 1114 nec
2404 1063 2642 1116 membra
2684 1063 2766 1116 vi-

1191 1162 1318 1202 vere
1338 1165 1584 1203 seorsum
1617 1167 1776 1219 possit
1791 1165 1864 1204 ιιι.

1882 1243 2040 1296 Χιιν

1265 1353 1496 1406 Omnino
1520 1355 1734 1406 diﬂit-ilv
1755 1367 1833 1406 est
1854 1374 2000 1418 etttn,
2021 1361 2112 1424 qui
2140 1361 2354 1425 paulum
2374 1360 2500 1426 quivl
2526 1362 2650 1414 ntali
2671 1362 2764 1413 de-

1192 1444 1446 1511 signavit,
1482 1461 1584 1496 non
1614 1446 1667 1496 in
1697 1447 1896 1513 majora
1931 1450 2055 1500 vitia
2103 1451 2202 1501 labi
2243 1451 2426 1503 :velut
2481 1469 2627 1514 cum,
2674 1455 2764 1521 qui

1191 1536 1315 1587 boni
1344 1535 1473 1600 qttid
1502 1536 1648 1598 fecit,
1685 1555 1789 1589 non
1819 1540 1982 1590 etiam
2033 1541 2253 1594 meliore
2321 1543 2504 1606 potiri.
2555 1543 2765 1611 Quippe

1194 1631 1392 1681 fartum
1425 1630 1674 1682 vitiosum
1710 1647 1845 1683 noxa
1877 1633 2193 1696 comitatur,
2229 1649 2292 1687 ac
2318 1636 2517 1688 malum
2547 1641 2767 1704 grav-ius

1195 1719 1376 1772 eﬂicit.
1412 1719 1544 1784 lpsze
1577 1736 1706 1773 vero
1728 1722 1999 1781 resbonaz.
2033 1734 2237 1775 catena:
2261 1727 2540 1792 cujusdam
2563 1728 2756 1792 instar,

1197 1813 1426 1866 invicem
1456 1813 1751 1876 cohaerent,
1773 1814 1930 1880 cujus
1953 1816 2130 1879 aliqua
2159 1831 2283 1881 pars
2305 1817 2636 1882 apprehendi
2662 1835 2766 1871 non

2865 699 3190 767 ὁλοκληρίαν
3249 703 3429 772 ἐαυτῷ
3479 707 3827 773 περισώζειν.
3861 707 3935 756 Τό
3996 723 4052 757 τε
4083 705 4193 774 γὰρ
4229 705 4441 772 τμηθὶν

2865 789 2972 839 τῶν
3005 791 3202 858 μελῶν,
3259 792 3359 860 τῆς
3399 797 3710 864 κοινότητος
3742 798 3974 857 ἐκστάν,
4011 799 4104 849 καὶ
4137 796 4264 848 καθ’
4304 798 4437 848 αὑτό

2867 878 3120 940 γεγονὸς.
3169 880 3316 949 αὑτῷ
3366 898 3428 948 γε
3468 883 3640 953 τούτῳ
3674 885 4023 952 νενέκρωται.
4057 887 4196 962 Καὶ.
4224 888 4440 951 κεφαλὴ

2867 967 2975 1018 τῶν
3002 969 3179 1034 μελῶν
3207 975 3534 1040 χωρισθεῖσα
3586 975 3731 1028 τοῦτ’
3771 976 3838 1028 ἂν
3875 977 4036 1038 εὐθὺς
4081 976 4266 1030 πάθοι.
4319 977 4442 1043 Ζωὴ

2869 1060 2978 1129 γὰρ
2999 1058 3124 1112 οὔτε
3158 1063 3394 1133 κεφαλῇ,
3429 1065 3550 1118 οὔτε
3579 1068 3789 1134 μέλεσι,
3822 1068 4005 1138 χωρίς.

3587 1249 3716 1300 ΜΔ’.

2943 1352 3194 1405 Χαλεπὸν
3246 1358 3476 1424 σμικρόν
3516 1376 3568 1410 τι
3617 1360 3900 1423 πράξαντα
3942 1362 4051 1412 τῶν
4099 1362 4312 1423 κακῶν,
4369 1363 4444 1430 μὴ

2869 1446 2981 1504 τοῖς
3038 1446 3248 1510 μείζοσι
3283 1452 3630 1515 περιπεσεῖν·
3678 1450 3866 1518 ὥσπερ
3914 1452 4009 1504 καί
4061 1469 4114 1504 τι
4166 1454 4338 1504 καλὸν
4371 1454 4444 1521 μὴ

2875 1537 3166 1604 μετασχεῖν
3209 1537 3302 1588 τοῦ
3332 1538 3623 1606 βελτίονος.
3655 1545 3812 1611 Κακῇ
3843 1545 3951 1610 γὰρ
3987 1543 4186 1611 πράξει
4227 1544 4290 1596 τὸ
4322 1545 4450 1612 pm.

2871 1641 3004 1676 πτον
3036 1625 3337 1690 ἀκολουθεῖ,
3371 1632 3460 1680 καὶ
3505 1631 3564 1682 τὸ
3593 1632 3765 1683 δεινὸν
3795 1634 4091 1700 ἐργάζεται
4122 1634 4444 1702 χαλεπώτεο

2874 1733 2985 1782 ρον.
3025 1717 3209 1768 Ἐοικε
3242 1718 3297 1769 δέ
3343 1721 3410 1771 τὰ
3440 1721 3620 1786 ἀγαθὰ
3674 1725 3836 1791 σειρᾷ
3885 1723 4130 1791 ἀλλήλων
4183 1725 4443 1792 ἐχόμενα,

2871 1801 2937 1874 ἦς
2968 1809 3065 1858 οὒκ
3105 1807 3182 1858 ἔνι
3232 1810 3432 1878 μέρους
3468 1812 3784 1879 λαῦόμενον,
3831 1813 3905 1883 μὴ
3949 1815 4015 1866 δι’
4048 1815 4260 1867 ἐκείνου
4289 1817 4447 1868 λαϐέ-

1197 1913 1394 1973 potest.
1429 1905 1560 1971 quin
1588 1906 1833 1971 proxima
1863 1921 2191 1973 quoqueper
2219 1922 2336 1960 eam
2371 1910 2532 1961 simul
2566 1925 2762 1978 appre-
2797 1945 2840 2003 Β
2874 1895 2992 1948 σθαι
3025 1915 3072 1948 πι

2572 1925 2762 1978 ηηη-ρ,
2797 1945 2840 2003 Β
2874 1895 2992 1948 σθαι
3025 1915 3141 1959 πως
3175 1902 3266 1950 καὶ
3292 1901 3385 1952 τοῦ
3419 1902 3830 1971 πλησιάζοντος,
3867 1908 3961 1958 καὶ
3987 1907 4055 1958 δι’
4088 1908 4301 1960 ἐκείνου
4347 1912 4447 1959 πα-

1197 1995 1483 2058 nendalur,
1513 2011 1575 2047 ac
1608 2009 1702 2062 per
1734 1995 1889 2048 istam
1931 2013 2119 2050 rursus
2152 1998 2288 2061 alia;
2315 2014 2409 2065 per
2461 2001 2763 2068 quamlibet

1189 2087 1426 2155 denique
1473 2100 1701 2155 partem,
1731 2088 2052 2155 simpliciter
2081 2105 2290 2144 omnes.
2351 2096 2591 2146 Intentus
2628 2111 2759 2163 ergo

1193 2177 1352 2230 lactis
1390 2178 1684 2242 praeclaris,
1712 2188 1764 2230 et
1808 2178 2035 2245 gloriam
2088 2181 2438 2246 patientibus,
2486 2199 2614 2235 cave
2677 2185 2760 2239 vel

1195 2265 1479 2317 minimum
1508 2267 1635 2331 quid
1661 2265 1930 2319 illaudatre
1960 2267 2032 2318 rei
2056 2271 2344 2335 pet-egeris.
2370 2269 2598 2325 "abitus
2622 2275 2765 2326 enim

1193 2371 1223 2408 a
1256 2356 1437 2423 parvis
1460 2356 1693 2422 orditur,
1715 2372 2004 2426 rerumque
2025 2359 2373 2412 minimarum
2401 2364 2767 2427 accessiones,

1199 2449 1598 2518 nisiquoddam
1625 2450 1926 2504 intercedat
1957 2451 2428 2516 impedimentum,
2476 2455 2528 2506 in
2584 2456 2763 2509 inlini-

1199 2549 1310 2591 tum
1344 2556 1661 2607 progressaz,
1694 2541 1929 2595 maxima
1948 2557 2165 2610 quoque
2194 2559 2429 2612 corpora
2459 2547 2768 2601 necessario

1199 2632 1564 2700 superabunt.

1905 2724 2064 2780 XLV.

1273 2835 1417 2896 Fieri
1458 2838 1749 2907 prmlectns
1775 2841 1950 2908 cupis,
1978 2840 2244 2909 bonisque
2293 2844 2547 2896 maximis
2583 2845 2768 2912 potiri.

1205 2933 1435 2999 praecipe
1466 2931 1648 2983 animo
1678 2940 1789 2994 tuo,
1844 2948 1910 2984 ne
1963 2933 2319 3000 cogitationes
2370 2936 2452 2988 vel
2513 2936 2768 3005 exiguum

1209 3021 1441 3074 fructum
1469 3023 1730 3075 allaturas
1763 3024 2029 3088 negligat:
2063 3025 2156 3078 sed
2191 3025 2440 3079 admittat
2464 3028 2641 3080 omnia
2671 3043 2770 3081 cu-

1209 3113 1353 3181 pide,
1388 3115 1588 3182 quibus
1609 3116 1863 3169 meliores
1895 3117 2182 3172 ellicimur.
2205 3118 2258 3170 Si
2289 3121 2418 3186 quid
2445 3130 2628 3173 autem
2653 3121 2771 3173 aui-

1207 3205 1279 3257 mi
1315 3208 1716 3259 contentionem
1748 3208 1826 3260 vel
1862 3224 2050 3276 parum
2086 3211 2312 3274 relaxat,
2338 3227 2400 3264 ac
2433 3228 2542 3278 quo
2591 3213 2770 3266 minus

2867 1989 2950 2040 λιν
2979 1992 3197 2060 ἐτέρου,
3231 1996 3326 2045 xui
3369 1997 3588 2048 πάντων
3621 1998 3812 2060 ἁπλῶς
3847 2000 3920 2051 δι’
3941 2001 4195 2052 ἑκάστου.
4241 2001 4445 2070 Προσέ-

2868 2099 2979 2150 χων
3011 2085 3192 2135 τοίνυν
3229 2073 3345 2147 τοῖς
3371 2088 3555 2149 καλοῖς
3581 2092 3678 2141 xui
3719 2089 3878 2153 δόξαν
3933 2093 4190 2159 φέρουσιν
4235 2090 4442 2157 ἔργοις.

2874 2173 2948 2240 μὴ
2980 2175 3280 2243 καταδέχου
3313 2178 3410 2229 καὶ
3450 2179 3511 2229 τὸ
3545 2180 3875 2247 φαυλότατον
3905 2182 4014 2233 τῶν
4053 2183 4153 2234 οὐκ
4189 2183 4444 2234 ἐπαινου-

2874 2264 3049 2332 μένων
3081 2265 3432 2333 ἐργάξεσθαι.
3459 2269 3608 2334 Ἐξις
3637 2272 3745 2339 γὰρ
3775 2273 3879 2323 ἀπὸ
3914 2273 4164 2340 σμικρῶν
4189 2274 4441 2341 ἄρχεται.

2871 2358 2965 2407 καὶ
2989 2356 3046 2408 ui
3067 2357 3176 2410 τῶν
3202 2359 3500 2428 ἐλαχίστων
3529 2363 3862 2432 προσθῆκαι,
3896 2363 3963 2432 ἢν
3996 2364 4069 2432 μὴ
4103 2364 4163 2416 τὸ
4191 2363 4449 2416 κωλῦσαν

2871 2448 3107 2510 ἐπέλθοι,
3135 2452 3213 2513 είς
3242 2452 3468 2522 ἄπειρον
3502 2456 3940 2524 ἐξενηνεγμέναι,
3971 2456 4068 2509 xui
4095 2457 4163 2509 τὰ
4211 2457 4450 2526 μέγιστα

2870 2539 2980 2590 τῶν
3007 2542 3275 2608 σωμάτων
3305 2545 3621 2612 ἀναγκαίως
3653 2547 4072 2618 ὑπερϐήσονται.

3587 2721 3641 2773 Μ
3651 2722 3720 2776 E'.

2949 2835 3048 2885 "Hv
3077 2835 3348 2902 ἐπιθυμῇς
3378 2833 3733 2900 τελειότητος,
3766 2835 3858 2886 καὶ
3893 2835 4166 2902 μεγίστων
4194 2837 4254 2886 ἐν
4290 2835 4452 2904 μεθέ-

2879 2924 2957 2988 ξει
2987 2925 3165 2977 καλῶν
3190 2924 3461 2991 γενέσθαι,
3497 2925 3872 2993 παρακελεύου
3919 2929 3983 2995 τῇ
4013 2926 4182 2994 ψυχῇ,
4217 2927 4293 2995 μὴ
4327 2929 4451 2988 τοὺς

2881 3017 3048 3084 μικρὰ
3074 3017 3414 3074 συνοίσοντας
3442 3017 3724 3089 ,ὑπερορᾷν
3755 3015 4081 3082 λογισμούςο
4115 3015 4232 3066 ἀλλ’
4272 3017 4454 3067 ἀσπα-

2878 3108 3005 3167 σίως
3037 3105 3287 3174 δέχεσθαι
3340 3109 3468 3164 πᾶν,
3504 3100 3548 3174 ᾧ
3605 3106 3850 3174 βελτίους
3905 3107 4232 3172 γιγνόμεθα.
4277 3106 4355 3158 Τὸ
4399 3108 4451 3158 δὲ

2882 3199 3056 3267 βραχὺ
3108 3199 3284 3266 ψυχῆς
3319 3199 3409 3249 τὸν
3455 3201 3607 3250 τόνον
3640 3197 3947 3267 ὑποχαλῶν,
3981 3199 4075 3249 καὶ
4103 3199 4169 3265 τῇ
4218 3198 4358 3260 πρὸς
4391 3202 4455 3248 τὰ

1209 3293 1275 3346 ad
1303 3295 1520 3348 meliora
1549 3296 1906 3364 propendeat,
1934 3298 2180 3365 impedit,
2215 3301 2266 3353 id
2294 3302 2521 3354 omnino
2569 3318 2634 3354 ne
2672 3304 2771 3354 ad-
2801 3293 2842 3347 C
2878 3294 3084 3353 κᾷείττα

2578 3318 2634 3354 ne
2672 3304 2771 3354 ad-
2801 3293 2842 3347 C
2878 3294 3110 3353 κᾼείττω
3151 3294 3292 3360 ῥοπῇ
3329 3293 3790 3359 προσιστάμενον,
3845 3291 3981 3356 μηδέ
4022 3291 4118 3354 τὴν
4149 3291 4327 3357 ἀρχὴν
4369 3290 4453 3340 δέ·

1215 3386 1568 3440 mittat.Nam
1603 3400 1654 3442 et
1711 3389 1912 3441 malum
1960 3400 2012 3443 et
2072 3391 2298 3453 bonum,
2350 3395 2780 3461 cogitationibus

1211 3474 1482 3542 lllapsum,
1508 3478 1558 3529 in
1580 3493 1714 3546 opus
1734 3479 1882 3532 exire
1909 3482 2189 3534 consuevit
2208 3491 2258 3533 et
2282 3484 2363 3535 via
2385 3499 2488 3550 qua
2513 3484 2615 3535 lam
2643 3500 2764 3546 pro-

1212 3566 1525 3631 grediendo,
1559 3567 1611 3619 iit
1648 3568 1893 3620 habitum
1928 3570 2180 3622 stabilem
2204 3574 2360 3636 quasi
2383 3588 2776 3627 concrescere:

1214 3656 1304 3723 qtti
1337 3672 1458 3708 cum
1484 3657 1648 3709 animi
1677 3658 2020 3713 facultatibus
2045 3677 2365 3729 angi-secus,
2399 3665 2502 3716 illis
2532 3666 2662 3729 ipsis
2689 3682 2782 3732 par

1212 3763 1332 3801 rssc
1356 3749 1554 3810 stulet,
1588 3766 1708 3817 quae
1727 3767 1855 3804 sane
1889 3752 2115 3806 conlieri
2146 3755 2349 3822 nequit,
2378 3764 2433 3807 ut
2464 3757 2643 3822 aliqua
2699 3772 2783 3806 ra-

1217 3839 1362 3893 tione
1404 3849 1706 3895 mutentur.

1902 3933 2086 3987 XLVI.

1290 4043 1450 4098 “eote
1467 4043 1654 4109 facies,
1672 4061 1733 4099 ac
1754 4046 1902 4098 valde
1918 4048 2131 4116 quidem
2154 4049 2569 4112 laudabiliter,si
2593 4051 2784 4116 projn-

1219 4137 1411 4190 cundis
1429 4138 1650 4206 optima,
1673 4155 1792 4191 cum
1815 4150 2043 4208 utraque
2061 4158 2167 4194 non
2189 4143 2330 4202 licet,
2347 4143 2562 4209 diliges.
2580 4142 2688 4195 lloc
2713 4143 2782 4194 ab

1220 4237 1436 4282 Oratore
1455 4233 1720 4296 prolatum
1743 4241 1846 4293 est,
1867 4241 2028 4300 atque
2048 4235 2121 4286 uti
2140 4233 2247 4285 Deo
2263 4244 2498 4302 gratum,
2524 4235 2592 4287 ita
2624 4235 2780 4287 bonis

1223 4334 1251 4370 a
1277 4319 1405 4371 viris
1427 4320 1588 4372 etiam
1623 4320 1947 4374 factitatum.
1978 4325 2181 4390 Siquid
2218 4326 2267 4376 in
2303 4327 2591 4391 pernirietn
2641 4324 2781 4376 nosti

1224 4405 1549 4468 desiturum,
1567 4408 1686 4474 ejus
1706 4410 1988 4462 atlversare
2011 4413 2366 4478 principium;
2393 4413 2604 4465 tametsi
2627 4413 2782 4464 blan-

1222 4499 1373 4558 dum,
1395 4500 1609 4552 tametsi
1629 4502 1927 4567 jucundum
1951 4504 2040 4562 sit,
2070 4505 2281 4556 tametsi
2308 4505 2632 4570 voluptatem
2660 4504 2782 4555 iuli-

1225 4589 1392 4640 nitam
1422 4592 1763 4658 polliceatur.
1797 4593 1928 4645 Nam
1963 4597 2160 4648 malum
2209 4613 2397 4664 reapse
2446 4599 2645 4649 malum
2695 4607 2779 4649 est

1229 4697 1290 4730 ae
1318 4680 1473 4746 plane
1500 4683 1742 4744 stultum,
1775 4684 1853 4735 vel
1875 4684 2151 4746 inchoare,
2180 4687 2318 4752 quod
2347 4688 2602 4754 perlicere
2627 4686 2791 4748 nolis,

1227 4772 1309 4820 vel
1339 4787 1460 4824 cum
1495 4788 1673 4826 escam
1700 4774 1841 4827 let-ro
1897 4777 2093 4829 videris
2126 4779 2359 4837 allivam.
2391 4789 2611 4845 propter
2633 4793 2796 4845 appeo

1234 4865 1298 4913 tit
1322 4880 1388 4913 .tu
1421 4864 1641 4919 alterius
1669 4876 1956 4934 utrumque
1985 4869 2267 4934 deglutire.
2303 4871 2453 4933 Quod
2487 4871 2533 4923 si
2587 4878 2795 4923 mentes

1236 4955 1418 5021 aliquo
1438 4958 1566 5008 vitio
1587 4968 1854 5025 corruptze
1877 4974 1982 5011 nou
2012 4959 2231 5021 luet-int,
2250 4962 2388 5013 haud
2412 4970 2690 5027 acceptum
2711 4977 2800 5015 es-

1234 5060 1292 5096 se
1321 5048 1515 5112 poterit
1542 5049 1650 5100 ullo
1683 5050 1861 5128 modo,
1892 5056 2036 5118 quo.l
2083 5054 2147 5104 ad
2183 5065 2397 5119 tempus
2442 5055 2660 5120 quidem
2706 5054 2797 5122 ju-

1237 5139 1476 5192 cundum
1508 5147 1627 5205 cst;
1657 5149 1710 5194 at
1737 5141 1986 5195 comitem
2007 5143 2165 5197 habet
2190 5144 2428 5198 dolorem
2452 5155 2795 5212 perpetuum.

1906 5255 2112 5310 XLVII.

1321 5345 1601 5399 Universis
1629 5356 1708 5401 est
1742 5362 2028 5401 commune
2048 5349 2392 5414 mortalibus,
2421 5360 2480 5403 ιιι
2500 5351 2685 5406 invitis
2701 5352 2801 5404 ali-

1239 5438 1371 5508 quid
1397 5439 1639 5492 accidere
1669 5441 1840 5507 possit
1859 5457 1872 5494 :
1893 5449 1948 5493 at
1967 5451 2178 5509 sponte,
2199 5458 2320 5510 quae
2343 5443 2502 5495 noxia
2531 5452 2676 5500 sunt.
2701 5444 2802 5495 ad-

1245 5535 1557 5593 mittere,ne
1576 5531 1750 5585 brutis
1770 5533 1986 5600 quidem
2012 5535 2286 5601 praprium
2319 5551 2333 5586 :
2363 5537 2579 5602 quando
2599 5545 2806 5586 contra-

1247 5625 1389 5677 rium
1422 5639 1636 5691 quoque
1669 5626 1816 5688 prius
1843 5635 1924 5676 est
1948 5626 2400 5678 demonstratum.
2423 5626 2597 5680 Semel
2619 5638 2806 5694 captus

1248 5716 1486 5770 es?ca\'e
1509 5717 1587 5768 bis
1607 5718 1842 5784 rapiare,
1865 5732 1930 5769 ne
1949 5720 2162 5785 rapiare
2182 5720 2398 5786 saepius.
2415 5719 2810 5772 consuetudine

1253 5807 1582 5876 depravatus
1612 5827 1624 5872 ;
1653 5824 1781 5862 neve
1816 5809 1958 5861 furto
1991 5808 2265 5877 frequenti
2321 5810 2545 5864 vitiosus
2586 5811 2805 5873 evadas,

1257 5911 1510 5971 totusque
1532 5901 1864 5971 turpitudine
1891 5903 2140 5967 relcrtus,
2171 5902 2234 5956 ad
2258 5903 2456 5957 bonum
2483 5902 2657 5958 redire
2679 5902 2813 5954 dilli-

2882 3382 3095 3450 χςσθαι.
3134 3385 3237 3434 Καὶ
3271 3385 3330 3435 τὸ
3361 3383 3530 3436 κακὸν
3555 3383 3685 3452 γὰρ,
3719 3383 3811 3434 xui
3843 3383 3900 3433 τὸ
3927 3382 4153 3447 ἀγαθὸν,
4184 3384 4311 3441 ταῖς
4341 3381 4454 3432 δια-

2883 3475 3050 3533 νοίαις
3089 3477 3478 3542 συγγινόμενον
3535 3477 3613 3536 είς
3644 3475 3806 3544 ἔργον
3837 3474 4110 3527 ἐκϐαίνειν
4144 3474 4327 3534 εἴωθε,
4363 3474 4456 3526 xui

2881 3565 2983 3631 ὸδῴ
3015 3564 3244 3631 βαδίζον,
3275 3567 3352 3626 εἰς
3387 3565 3500 3626 ἐξιν
3543 3565 3886 3632 πήγνυσθαιο
3925 3566 3956 3630 ἥ
3989 3567 4105 3624 ταῖς
4138 3567 4238 3630 τῆς
4273 3563 4454 3632 ψυχῆς

2885 3655 3253 3722 συναυξομένη
3309 3656 3592 3720 δυνάμεσι,
3627 3655 3920 3723 φιλονεικεί
3955 3657 4015 3706 τδ
4049 3655 4163 3705 ἴσον
4216 3656 4456 3715 ἐκείναις

2885 3748 3080 3816 ἔχουσα
3105 3747 3410 3816 φαίνεσθαι,
3442 3748 3506 3810 ἃς
3542 3747 3980 3816 μ.ετα6ε6λ.ῆσθαι
4020 3749 4121 3816 οὐχ
4151 3743 4266 3799 οἷόν
4302 3765 4411 3798 τε.-

3587 3929 3738 3994 Μετ’.

2960 4043 3134 4094 Καλὸν
3167 4043 3257 4093 καὶ
3287 4041 3407 4092 λίαν
3433 4043 3717 4092 ἐπαινετὸν
3775 4041 3895 4093 ἀντὶ
3919 4041 4025 4092 τῶν
4047 4040 4224 4109 ἡδέων
4252 4040 4319 4092 τὰ
4344 4039 4461 4108 βέλ-

2887 4151 3067 4195 τιστα,
3098 4135 3191 4184 ἐὰν
3215 4129 3297 4202 ’μὴ
3322 4134 3606 4201 ἀμφότερα
3637 4133 3752 4201 ἐξῇ,
3807 4133 4130 4201 λαμϐάνειν.
4161 4131 4323 4184 Οὕτω
4360 4149 4458 4182 που

2886 4225 2964 4293 τῷ
2997 4226 3183 4294 ῥήτορι
3242 4226 3477 4293 εἴρηται,
3507 4227 3599 4277 xui
3623 4226 3742 4293 Θεῴ
3765 4226 3936 4291 φίλον,
3971 4227 4064 4277 καὶ
4094 4227 4207 4286 τοῖς
4241 4227 4462 4290 ἀγαθοῖς

2886 4313 3109 4380 ἀνδράσι
3142 4315 3527 4382 διεπέπρακτο.
3560 4316 3622 4365 Ὀ
3652 4315 3713 4382 δὴ
3739 4316 4028 4380 γινώσκεις
4051 4316 4210 4382 λῆεον
4237 4320 4313 4377 εἰς
4342 4318 4459 4368 ὁλε-

2888 4403 3034 4473 θρον,
3066 4405 3256 4456 τούτου
3306 4406 3402 4474 τὴν
3435 4407 3606 4475 ἀρχὴν
3628 4408 3996 4475 ἀποστρέφου,
4035 4409 4142 4459 κᾶν
4239 4411 4456 4477 χαρίεσ-

2889 4510 2977 4557 σα,
3016 4495 3117 4546 κᾶν
3222 4495 3448 4565 τερπνὴ,
3484 4480 3586 4548 κᾶν
3683 4499 3883 4566 μυρίαν
3907 4498 4100 4567 ἡδονὴν
4131 4501 4462 4565 ἐπαγγελλο-

2897 4586 3054 4654 μένη.
3090 4588 3270 4638 Δεινὸν
3300 4589 3408 4654 γὰρ
3431 4587 3620 4652 ὅντως,
3656 4589 3851 4650 δεινὸν,
3873 4592 3968 4641 καὶ
3991 4592 4275 4652 παντελῶς
4313 4595 4462 4657 uim;-

2900 4694 3012 4738 τον,
3037 4676 3067 4744 ἦ
3100 4679 3313 4729 τελέσαι
3350 4678 3424 4747 μὴ
3455 4679 3779 4746 βουλόμενον
3811 4680 4100 4746 ἄρξασθαι,
4127 4681 4159 4749 ἢ
4187 4683 4250 4731 τὸ
4278 4683 4464 4748 δέλεαρ

2908 4769 3081 4820 ἰδόντα
3114 4770 3413 4838 περιπαρέν
3460 4769 3538 4836 τῷ
3572 4769 3796 4838 σιδήρῳ,
3841 4767 3958 4820 εἶτα
3983 4769 4072 4820 διὰ
4101 4770 4338 4837 θάτερον
4371 4791 4464 4823 κα-

2905 4864 3117 4914 ταπιεῖν
3155 4862 3457 4931 ἀμφότερα.
3488 4863 3664 4924 ὀλως
3694 4864 3751 4915 δὲ
3773 4863 3868 4923 τὰς
3899 4863 4101 4930 φρένας
4131 4863 4206 4930 μὴ
4232 4863 4466 4931 βεΕλαμ-

2910 4952 3090 5019 μένοις
3121 4954 3224 5004 ὑπό
3255 4971 3345 5005 του
3376 4954 3582 5015 πάθους
3607 4955 3704 5005 οὒκ
3736 4954 3802 5005 ἂν
3833 4957 4009 5006 ἐκεῖνο
4034 4955 4251 5019 γένοιτο
4297 4957 4467 5022 φίλοι,

2907 5048 2934 5098 ὃ
2957 5048 3089 5115 πρὸς
3115 5047 3264 5116 ὥραν
3302 5049 3400 5116 μὲν
3438 5048 3557 5117 ἡδὺ,
3582 5048 3829 5116 λυπηρὸν
3857 5047 3913 5099 δὲ
3943 5048 4195 5100 πάντοτε.

3631 5251 3762 5307 MZ'.

2987 5350 3220 5401 Ἀκοντα
3277 5349 3376 5416 μέν
3404 5362 3455 5398 τι
3503 5345 3693 5397 παθεῖν
3743 5343 4049 5412 ἀνθρώποις
4082 5345 4219 5396 πᾶσι
4259 5347 4433 5397 κοινόν
4457 5364 4470 5377 ·

2915 5441 3112 5511 γνώμῃ
3139 5440 3196 5491 δὲ
3226 5438 3540 5507 προσίεσθαι
3571 5436 3640 5488 τὰ
3672 5435 3909 5504 βλασερὰ
3939 5435 4047 5486 οὐδ⁹
4074 5435 4298 5500 ἀλόγοις
4327 5437 4468 5498 ἴδιον,

2916 5536 3051 5585 ὅπου
3107 5548 3170 5598 γε
3227 5531 3319 5582 καὶ
3355 5527 3666 5581 τούναντίον
3715 5526 4226 5595 προαποδέδεικται.
4297 5529 4468 5589 Ἥλως

2919 5623 3061 5687 ἅπαξ
3090 5639 3103 5684 ;
3139 5621 3306 5687 φεῦγε
3345 5623 3404 5670 τὸ
3432 5621 3511 5679 δὶς
3541 5619 3767 5680 ἁλῶναι,
3796 5617 3882 5670 ἴνα
3915 5618 3989 5685 μὴ
4018 5617 4287 5678 πολλάκις
4319 5618 4471 5684 ἁλῷς,

2920 5717 2985 5782 τῇ
3015 5711 3271 5780 συνηθείᾳ
3290 5709 3664 5780 παρενεχθεὶς,
3690 5709 3783 5758 xui
3807 5709 3870 5776 τῇ
3901 5708 4116 5773 συνεχεῖ
4147 5707 4322 5773 κλοπῇ
4355 5711 4471 5773 πρὸς

2922 5806 3175 5872 ἀπειρίαν
3199 5804 3568 5870 παρεκταθῇς,
3597 5801 3688 5850 xui
3715 5800 3974 5866 αἰσχύνης
3994 5815 4057 5864 γε
4093 5798 4363 5865 πλησθῇς,
4395 5797 4470 5846 καὶ

2928 5899 3060 5967 πρὸς
3113 5897 3170 5947 τὸ
3205 5893 3365 5947 καλὸν
3413 5892 3835 5959 δυσεπίατροφος
3868 5889 4077 5958 μείνῃς.
4143 5889 4250 5941 Τὸν
4274 5890 4378 5956 γὰρ
4403 5889 4469 5945 εἰς
