4748 6512
186 468 296 532 353

1138 470 1548 530 PRIECEPTA
1591 469 2104 533 EDUCATIONIS
2146 471 2429 533 REGIE.

3320 472 3426 536 354

188 581 430 649 μάθησιν
461 579 575 644 δεῖς
610 579 786 633 Καλὸν
818 579 872 632 δὲ
899 581 989 632 καὶ
1024 581 1121 652 seu
1148 582 1328 652 θέαμα
1357 585 1449 636 καὶ
1473 585 1754 653 παράκληο
1787 595 1828 647 Α
1861 588 1905 641 si
1937 588 2006 642 ab
2027 603 2063 642 et

1553 585 1754 653 ρὰκ).η-
1787 595 1828 647 Α
1861 588 1905 641 si
1937 588 2006 642 ab
2027 590 2332 644 eruditione
2364 589 2726 645 destitualur:
2759 587 2976 657 quantis
2998 588 3297 657 laboribus,
3321 609 3426 661 quo

187 688 274 735 σις
309 672 424 740 ἅμα
452 674 587 741 πρὸς
619 671 869 738 τάγαθὸν,
902 672 1088 742 νεότης
1113 674 1428 742 φάομαθῶς
1449 692 1508 727 τε
1534 675 1754 744 ἔχουσα,

186 761 286 814 καὶ
334 763 579 830 ἐνεργεῖν
618 751 900 827 ἐθέλουσα,
955 763 982 816 δ
1041 763 1352 833 μεμάθηκε.
1389 765 1608 827 Σύνεσις
1653 765 1762 833 γὰρ

184 850 371 922 ἀγαθὴ
404 854 463 905 οὐ
497 854 609 916 τοῖς
651 857 896 917 συνετοῖς
943 854 1152 922 ἁπλῶς,
1182 856 1317 909 ἀλλὰ
1359 858 1471 919 τοῖς
1516 857 1762 911 ποιοῦσιν

183 943 378 1012 αὑτήν.
403 946 557 996 Δυοῖν
587 944 680 997 οὖν
702 945 900 1009 ὄντοιν,
935 947 1128 1016 ἄρχειν
1160 965 1242 1011 τε,
1272 951 1364 1001 καὶ
1401 949 1617 1017 ίδιῶτην
1655 953 1759 1003 ὑπ-

185 1035 406 1102 άρχειν,
441 1038 535 1087 καὶ
578 1038 841 1108 ἐκατέρου
868 1039 1248 1109 διαιρουμένου
1281 1043 1360 1104 είς
1388 1042 1448 1094 τὸ
1487 1041 1662 1103 καλῶς
1698 1033 1784 1093 τε

183 1126 284 1176 καὶ
322 1127 417 1194 μὴ,
453 1124 670 1197 ξηλωτὴ
717 1132 814 1195 μὲν
851 1129 1102 1198 ξυνωρὶς,
1151 1133 1198 1184 εί
1243 1131 1302 1194 ἐξ
1335 1135 1542 1202 ἀμφοῖν
1589 1133 1759 1204 αὐτὴν

186 1215 612 1286 ξυναρμόσειας,
641 1221 673 1289 η
706 1219 799 1271 τοῦ
817 1221 1006 1290 ἄρχειν
1032 1222 1126 1275 καὶ
1153 1223 1333 1287 καλῶς
1357 1239 1372 1254 ⁸
1398 1225 1459 1276 οὐ
1490 1224 1595 1295 μὴν
1621 1225 1667 1277 δ’
1692 1225 1760 1278 ἀν

184 1308 275 1377 εἴη
312 1310 420 1361 τῶν
454 1311 553 1363 οὐκ
591 1314 1007 1382 ἐπαινουμένων
1039 1315 1100 1367 τὸ
1123 1316 1216 1368 καὶ
1246 1316 1346 1390 τὴν
1375 1320 1574 1386 μοῖραν
1606 1319 1761 1390 στέρ-

185 1415 357 1466 γοντα
407 1401 504 1468 τῆς
537 1402 808 1466 ἰδιωτείας
836 1404 897 1455 τὸ
951 1405 1137 1475 σχῆμα
1183 1406 1383 1470 σώζειν
1431 1408 1505 1469 ὡς
1535 1408 1760 1477 ἄριστα.

184 1491 450 1544 Δείπεται
483 1495 739 1546 κάκιστον
769 1493 929 1561 εἶναι,
959 1497 1351 1552 δυναστεύοντα
1380 1499 1588 1563 κακῶς,
1636 1497 1755 1567 Θεῷ

1863 681 2067 743 studio,
2115 681 2376 733 doctrinm
2423 679 2662 750 cognitio
2713 687 2796 732 est
2855 681 3422 746 comparanda‘iPui-

1863 772 2056 825 chrum
2090 786 2220 824 sane
2244 771 2658 840 jucundumque
2695 772 3069 840 spectaculum
3127 781 3229 835 εει,
3261 785 3316 828 ει
3347 779 3429 826 in—

1862 862 2217 914 citamentum
2261 859 2535 929 quoddam
2573 860 2639 913 ad
2663 861 2888 927 bonum,
2945 862 3207 929 juventus
3251 871 3303 916 et
3340 863 3426 916 di-

1861 951 2047 1006 scendi
2100 952 2316 1020 cupida,
2353 961 2407 1006 et
2456 952 2600 1021 quod
2659 953 2870 1016 didicit,
2913 952 3046 1021 ipsis
3083 954 3241 1008 factis
3288 969 3429 1024 pra:-

1859 1045 2278 1100 standi.Pcritia
2308 1060 2543 1114 namque
2571 1061 2679 1099 non
2733 1046 3048 1114 simpliciter
3109 1048 3298 1116 peritis
3344 1058 3427 1101 est

1857 1136 2019 1202 bona,
2066 1136 2161 1190 sed
2195 1136 2445 1205 peritiam
2481 1152 2634 1191 suam
2675 1137 3099 1191 declarantibus.
3132 1139 3267 1191 Cum
3295 1153 3425 1206 ergo

1857 1228 1977 1279 dua:
2004 1241 2090 1279 res
2111 1226 2241 1288 sint,
2271 1225 2558 1295 imperare,
2592 1240 2655 1280 ac
2698 1228 2964 1294 privatum
3007 1241 3155 1290 esse,
3191 1243 3421 1295 quorum

1858 1328 2148 1386 utrumque
2210 1309 2561 1389 distinguitur
2591 1321 2644 1373 in
2679 1320 2752 1385 id,
2807 1322 2950 1389 quod
2989 1331 3157 1382 recte.
3207 1336 3425 1389 quoque

1857 1425 2015 1466 secus
2038 1410 2127 1464 fit:
2183 1410 2457 1479 egregium
2503 1425 2634 1464 sane
2679 1426 2776 1478 par
2829 1411 3016 1475 fuerit,
3052 1425 3116 1464 ex
3157 1410 3423 1465 ambobus

1857 1501 2175 1567 conflatum,
2235 1503 2504 1570 imperare
2556 1501 2785 1564 scilicet,
2840 1517 2903 1556 ac
2935 1510 3082 1557 recte
3130 1503 3422 1571 imperare.

184 1582 284 1632 καὶ
308 1585 571 1638 συνειδότι
590 1589 974 1657 προσκρούειν,
997 1589 1155 1661 δόξης
1172 1592 1355 1661 κενῆς,
1385 1592 1480 1644 καὶ
1501 1591 1594 1645 τοῦ
1621 1609 1757 1663 χρη·
1853 1592 1963 1647 Nec
1999 1595 2059 1646 lat

1546 1591 1594 1644 »ὖ
1621 1609 1757 1663 χρη⁴
1853 1592 1963 1647 Nec
1999 1593 2175 1646 laudis
2227 1607 2422 1662 expers
2475 1593 2597 1656 erit,
2634 1592 2726 1660 qui
2760 1601 2907 1647 sorte
2970 1608 3067 1646 sua
3116 1601 3421 1651 contentus.

185 1677 512 1745 ματίζεσθαι
548 1679 640 1731 καὶ
671 1679 941 1750 ῥᾳθυμεῖν
966 1682 1148 1737 ἕνεκα.

1854 1686 1976 1740 vita:
2011 1687 2232 1754 privata:
2262 1686 2523 1739 ratiOnem
2561 1700 2720 1753 quant
2755 1685 2959 1753 Optime
2997 1683 3422 1743 tuetur.Restat,

180 1789 308 1828 esse
339 1775 659 1842 pessimum,
689 1778 782 1846 qui
812 1789 1077 1852 potestate
1112 1781 1362 1848 abutens,
1393 1780 1562 1837 Deum
1595 1780 1801 1854 pariter
1832 1791 1885 1836 et
1911 1781 2308 1836 conscientiam
2373 1780 2598 1834 offendit
2668 1795 2819 1833 vana:
2866 1779 3072 1849 gloriae,
3148 1794 3309 1848 opum
3371 1786 3428 1832 et

182 1868 419 1936 ignavia:
449 1882 634 1925 causa.

907 1958 1032 2014 NA"

258 2048 424 2102 Οὐδὲν
455 2050 583 2120 ὑμῖν
609 2051 706 2112 τὰς
731 2049 909 2113 λύπας
930 2052 1180 2120 ἐντήκειν
1214 2051 1428 2115 εἴωθεν,
1457 2053 1534 2117 ὡς
1558 2054 1621 2106 τὸ
1637 2057 1756 2118 ταῖς

181 2141 509 2210 ἐπιθυμίαις
556 2142 772 2194 ἔκδοτον
812 2139 975 2196 εἶναι.
1027 2145 1220 2212 Ζητεῖν
1271 2144 1369 2212 μὲν
1402 2147 1509 2216 γὰρ
1539 2147 1756 2220 ἀνάγκη

181 2235 278 2286 τὸν
303 2236 608 2303 ἐφιέμενον·
634 2236 692 2287 ὲν
720 2235 775 2289 δὲ
798 2235 875 2304 τῷ
900 2235 998 2305 βίῳ
1027 2235 1094 2298 τά
1115 2237 1213 2298 τῆς
1234 2238 1533 2308 ἀποτυχίας
1556 2229 1755 2294 πλεον-

185 2327 361 2378 εκτεῖ.
424 2326 528 2377 Kal.
564 2325 734 2377 πολλὰ
767 2342 848 2387 τις
878 2327 1105 2388 ἐλπίσας
1135 2327 1408 2397 εὑρήσειν,
1437 2330 1635 2397 ὀλίγων
1657 2331 1755 2399 μό-

181 2416 271 2478 λις
321 2416 702 2486 ἐπιτετύχηκε.
742 2417 905 2467 Τουτὶ
957 2416 1013 2468 δὲ
1071 2417 1194 2486 ῥίζα
1224 2418 1320 2470 τοῦ
1363 2420 1643 2488 τήκεσθαι.
1684 2421 1756 2473 Τὸ

186 2507 300 2577 ἄρα
332 2509 563 2576 πάσχειν
593 2507 930 2572 λυπούμενον
965 2509 1027 2560 ὲκ
1057 2509 1165 2561 τῶν
1190 2509 1497 2578 ἐπιθυμιῶν
1533 2513 1606 2575 ὡς
1639 2515 1756 2565 tm-

188 2598 389 2650 τοπολὺ
416 2599 683 2666 γίγνεται.
711 2601 820 2651 Kal.
837 2600 1023 2656 λοιπὸν
1057 2600 1182 2654 νοῦν
1211 2602 1393 2670 ἔχουσι
1420 2604 1489 2655 τὰ
1507 2604 1607 2672 τῆς
1637 2607 1756 2656 ἐπι·-

192 2687 397 2755 θυμίας
435 2688 722 2751 κολάζεινο
773 2689 840 2741 ἵν’
887 2687 1015 2761 ᾗτὸ
1045 2691 1238 2744 δάκνον
1290 2694 1470 2760 ὀλίγον
1515 2696 1756 2758 σπανίως

191 2779 656 2846 ἀποτυγχάνουσι.
685 2779 792 2831 Καὶ
817 2777 990 2841 ἄλλως
1013 2779 1070 2833 δὲ
1099 2785 1409 2850 περινοστεῖ
1431 2783 1522 2835 τὸν
1546 2784 1756 2853 ἀνθρώ-

191 2890 352 2926 πινον
387 2872 500 2943 βίον
542 2871 928 2942 συμπτώματά
964 2889 1086 2923 τινα
1119 2870 1442 2940 πλήττοντα,
1487 2875 1582 2926 καὶ
1627 2877 1756 2944 ῥᾷον

188 2967 257 3020 ἄν
275 2984 358 3030 τις
388 2966 594 3034 γένοιτο
620 2963 904 3032 πτηνὸν,ὲξ
925 2963 1232 3034 ἀνθρώπου,
1254 2965 1284 3035 ἢ
1309 2966 1539 3035 καθαρὸς
1565 2964 1756 3034 ὀφθείη

186 3059 446 3112 τουτωνί.
479 3057 802 3127 Πειρᾶταιδ⁹
833 3057 929 3109 οῦν
958 3057 1159 3122 αὐτῶν,
1181 3057 1246 3124 ἢν
1275 3058 1499 3128 ἐπέλθῃ,
1530 3060 1647 3129 οὐχὶ
1667 3076 1756 3111 το-

191 3150 388 3202 σοῦτον
415 3150 620 3218 ἀγρίων
653 3152 680 3201 ὀ
712 3147 1170 3218 προύργιαίτερον
1202 3149 1428 3218 θέμενος
1476 3152 1686 3218 φέρειν,
1719 3151 1755 3204 ἃ

191 3239 272 3310 μὴ
303 3240 525 3293 δύναται
552 3240 798 3310 διορθοῦν
823 3256 836 3269 °
866 3238 1023 3302 εἰδὼς
1058 3240 1135 3312 μὴ
1168 3236 1308 3294 εῖναι
1341 3240 1566 3298 δυνατὸν
1610 3241 1756 3314 λύπῃ

184 3332 249 3384 τὸ
281 3331 488 3386 λυποῦν
519 3334 839 3389 ἀποθέσθαι.

911 3603 1028 3660 NE'.

262 3697 582 3764 Φιλοσοφίαν
601 3695 1043 3765 ἐπιδεικνύμενός
1063 3712 1145 3758 τις
1157 3695 1265 3750 τῶν
1286 3697 1543 3765 ποιητῶν,
1564 3694 1754 3767 εἴρηκε

171 3788 400 3842 -τοιάνδε
431 3787 658 3854 γνώμην
679 3798 694 3839 ε

339 3879 462 3930 οὐκ
491 3878 660 3930 ἐστιν
675 3875 871 3945 εὑρεῖν
895 3874 1038 3939 βίον
1063 3876 1303 3930 ἄλυπον
1326 3878 1394 3929 ἐν
1422 3877 1645 3930 οὐδενί.

258 3971 471 4032 Πάντες
501 3969 598 4038 μὲν
625 3965 718 4020 οὖν
748 3968 940 4034 ἐκείνῳ
963 3966 1422 4034 συμφθέγξονται,
1441 3971 1536 4035 τῆς
1559 3971 1756 4035 πείρας

184 4060 552 4128 διδασκούσης
582 4058 813 4127 τάληθές
839 4073 856 4090 ο
889 4057 1035 4108 δοκεῖ
1062 4058 1117 4108 δέ
1148 4076 1237 4126 μοι
1271 4058 1390 4110 λίαν
1427 4064 1594 4127 σαφὲς
1625 4076 1755 4111 κατε

183 4151 550 4205 εσκευακέναι
579 4151 669 4202 τὸν
709 4150 900 4216 ἄνδρα.
934 4150 1204 4212 Ἕκαστος
1227 4151 1334 4217 γὰρ
1367 4151 1651 4202 ἐπίσταται
1692 4152 1756 4204 ὲκ

183 4246 299 4296 τῶν
354 4243 501 4294 ίδίων
538 4240 928 4310 ἀτυχημάτων,
963 4242 1056 4294 καὶ
1093 4240 1290 4307 γένοιτ’
1321 4240 1389 4292 ἀν
1436 4239 1754 4302 διδάσκαλος

181 4336 297 4387 τῶν
328 4337 384 4386 ὲν
415 4333 491 4403 τῷ
511 4333 613 4404 βίῳ
640 4333 848 4386 κακῶν.
876 4332 1172 4399 Φιλόσοφον
1196 4331 1250 4383 δὲ
1275 4331 1445 4402 ἀληθῆ
1473 4332 1755 4399 νομιστέον

182 4428 284 4479 τὸν
321 4426 522 4494 μᾶλλον
570 4424 751 4493 ἔργοις
786 4423 819 4493 ἢ
849 4423 1026 4489 λύγοις
1073 4423 1541 4491 ἐπιδεικνύμενον.
1576 4424 1672 4490 Eli;
1711 4424 1755 4475 δ’

184 4521 256 4573 ἂν
286 4517 441 4580 οὗτος
481 4518 708 4577 ἐκεῖνος,
742 4512 771 4563 6
802 4512 982 4564 καλῶν
1012 4511 1158 4581 αὑτῷ
1185 4513 1452 4581 κειμένων
1489 4513 1567 4574 είς
1604 4514 1757 4581 αίρε-

187 4629 279 4662 σιν
335 4610 396 4661 τὸ
422 4611 672 4678 κρεῖττον
706 4605 1057 4672 ἐκλεγόμενος
1083 4620 1096 4634 '
1125 4604 1309 4656 κακῶν
1341 4604 1399 4656 δὲ
1432 4604 1752 4672 ἐπενεχθέν-
1781 4635 1828 4694 D

185 4718 322 4764 των,
350 4699 412 4750 τὸ
433 4698 762 4765 κουφότερον
785 4695 1094 4763 δεχόμενος,
1126 4693 1302 4745 καὶτὸ
1335 4695 1433 4763 μὲν
1462 4694 1626 4746 καλὸν
1654 4711 1753 4748 κα-

185 4791 298 4851 λῶς
330 4787 712 4856 ἐργαζόμενος,
737 4786 796 4836 τὸ
822 4784 879 4836 δὲ
909 4783 1141 4850 χαλεπὸν
1169 4783 1509 4853 πειρώμενος
1540 4785 1752 4854 φέρειν,

184 4882 265 4942 ὡς
306 4879 563 4948 ἐλάχιστα
601 4877 952 4945 λυπούμενος.

898 5054 1036 5120 NG’.

263 5151 452 5204 Ἥδιον
476 5149 696 5219 εἰρήνης
718 5146 890 5211 οὐδὲν,
915 5147 976 5198 οὐ
1003 5146 1163 5214 μόθον
1181 5145 1322 5214 λέγω
1353 5146 1452 5216 τῆς
1480 5145 1753 5213 ίδιωτικῆς

197 5243 424 5310 ,αυτησὶ
453 5241 549 5307 τῆς
579 5239 702 5291 καθ’
745 5241 993 5301 ἕκαστον,
1022 5237 1155 5290 ἀλλά
1187 5238 1251 5308 δὴ
1289 5239 1382 5290 καὶ
1413 5237 1508 5305 τῆς
1544 5237 1750 5306 κοινῆς,

196 5338 288 5403 ,ῆς
329 5333 436 5386 τῶν
496 5333 773 5401 ἀρχόντων
810 5333 944 5403 πρὸς
975 5332 1263 5401 ἄρχοντας.
1317 5330 1425 5381 Kal.
1469 5329 1647 5396 πολλῷ
1689 5345 1750 5394 γε

193 5423 394 5493 μᾶλλον
425 5423 629 5492 ταύτην
656 5422 874 5492 ἐκείνης
915 5424 1238 5491 προτίθημι,
1267 5421 1361 5475 ἅτε
1393 5423 1503 5482 τοῖς
1537 5419 1752 5482 πολλοῖς

198 5515 487 5582 ὒερέλιμον,
517 5515 611 5566 καὶ
643 5514 984 5583 χορηγοῦσαν
1014 5512 1218 5582 θατέρᾳ
1242 5515 1338 5573 τὰς
1369 5512 1644 5580 ἀφορμάς.
1689 5511 1750 5563 Ei

195 5605 325 5674 γοῦν
346 5607 487 5670 ἐνὸν,
517 5605 657 5656 κατὰ
689 5605 780 5656 τὸν
813 5605 956 5656 θεῖον
995 5602 1341 5670 ’Δπόστολον,
1362 5604 1499 5671 μετὰ
1533 5603 1750 5655 πάντων

188 5702 461 5769 ιξρήνευε,
525 5701 618 5750 καὶ
673 5697 902 5766 μηδενὸς
949 5697 1195 5768 ὑπάρξῃς
1245 5695 1446 5749 κακοῦο
1496 5695 1629 5746 ἀλλά
1660 5695 1751 5746 καὶ

180 5792 318 5851 τοὺς
344 5789 505 5841 τοῦτο
533 5788 819 5851 ποιοῦντας
850 5786 1028 5857 πειρῶ
1061 5786 1308 5840 κωλύειν.
1345 5786 1492 5856 Μηδὲ
1528 5785 1752 5854 πολέμει

183 5881 329 5949 πρὸς
355 5880 617 5947 ἀδελφοὺς
639 5879 764 5941 τοὺς
789 5879 896 5931 ἀπὸ
919 5877 1182 5948 Χριστοῦ,
1203 5879 1338 5949 μήτε
1373 5878 1481 5949 μὴν
1509 5880 1642 5949 πρὸς
1669 5879 1753 5930 ὀν-

2591 1960 2722 2016 LIV.

1930 2053 2168 2107 Blaudiri
2199 2052 2609 2120 cupiditatibus,
2671 2054 2862 2121 eisque
2902 2051 3143 2107 deditum
3199 2066 3340 2115 esse,
3371 2051 3423 2106 id

1855 2160 1985 2199 vero
2017 2144 2254 2212 majores
2283 2145 2334 2196 in
2366 2143 2524 2197 nobis
2548 2145 2790 2198 excitare
2824 2144 3038 2198 dolores
3069 2144 3223 2208 solet,
3258 2161 3420 2213 quam

1857 2235 2006 2289 nulla
2031 2250 2117 2289 res
2143 2236 2266 2289 alia.
2303 2235 2434 2288 Nam
2463 2237 2553 2304 qui
2581 2237 2805 2304 appetit,
2837 2245 3045 2304 quaarat
3071 2252 3294 2290 necesse
3316 2245 3420 2289 est.

1855 2323 1924 2377 At
1952 2323 2005 2377 in
2038 2325 2318 2378 hominum
2351 2325 2458 2377 vita
2487 2327 2716 2394 repulsae
2758 2327 3251 2395 frustrationesque
3307 2328 3423 2395 spei

1858 2417 2254 2486 frequentiores
2279 2426 2426 2473 sunt.
2481 2420 2676 2471 Itidem
2735 2421 2826 2486 qui
2887 2420 3054 2473 multa
3089 2436 3145 2474 se
3182 2429 3425 2488 repertu-

1858 2523 1977 2560 rum
2011 2509 2255 2578 putabat,
2293 2511 2379 2562 vix
2418 2526 2586 2578 pauca
2640 2512 3018 2566 nanciscitur:
3052 2529 3112 2566 ea
3150 2527 3278 2567 vero
3306 2513 3424 2580 ldo-

1858 2600 1991 2653 loris
2019 2609 2102 2654 est
2127 2602 2298 2666 radix,
2318 2613 2645 2670 quapropter
2671 2605 3006 2673 aegritudinis
3036 2618 3229 2657 sensus
3264 2619 3293 2658 e
3324 2620 3424 2658 cu-

1857 2691 2174 2760 piditatibus
2197 2695 2516 2765 plerumque
2558 2698 2820 2750 nascitur.
2864 2696 3098 2764 ideoque
3149 2705 3336 2760 restat,
3365 2705 3426 2751 ut

1859 2793 2036 2837 mente
2068 2787 2274 2854 praaditi
2311 2788 2590 2841 libidinem
2636 2789 2802 2841 animi
2841 2798 3167 2843 coerceant:
3198 2804 3305 2857 quo
3329 2803 3425 2857 spe

1857 2888 1954 2927 sua
1987 2874 2252 2941 frustrati,
2283 2879 2520 2932 minores
2550 2879 2715 2931 animi
2743 2885 2957 2933 mo'rsus
2985 2879 3182 2933 ferant.
3211 2880 3424 2950 Quippe

1856 2968 2182 3036 ceteroquin
2210 2969 2370 3021 etiam
2402 2985 2561 3022 casus
2581 2971 2761 3023 acerbi
2798 2973 3014 3039 quidam
3066 2973 3116 3024 in
3144 2973 3250 3024 vita
3281 2989 3424 3026 mor-

1860 3060 2046 3114 talium
2074 3062 2216 3114 vclut
2242 3062 2618 3130 objurgantur,
2658 3070 2712 3116 et
2765 3063 2976 3116 facilius
3007 3077 3074 3117 ex
3108 3064 3326 3117 homine
3358 3064 3422 3117 ii-

1855 3150 1933 3202 eri
1961 3152 2133 3218 possit
2178 3151 2314 3213 avis,
2344 3167 2506 3220 quam
2550 3160 2606 3203 ut
2659 3152 2725 3204 ab
2756 3151 2901 3204 hisce
2953 3167 3087 3220 pure
3140 3153 3417 3207 liberetur.

1864 3237 2059 3293 Verum
2110 3257 2226 3306 eos,
2275 3243 2318 3296 si
2351 3244 2570 3311 quidem
2614 3245 2894 3306 accedant,
2958 3258 3061 3297 non
3091 3245 3225 3298 adeo
3277 3247 3426 3299 diros

1856 3331 2152 3400 experitur,
2185 3333 2272 3399 qui
2310 3334 2676 3400 prmstahilius
2731 3348 2851 3388 esse
2902 3342 3075 3401 putat,
3133 3349 3195 3388 ea
3251 3336 3417 3398 ferre,

1856 3436 1977 3488 quae
2010 3421 2281 3488 corrigere
2308 3436 2412 3474 non
2446 3422 2590 3483 licet,
2643 3436 2766 3474 cum
2810 3422 2926 3475 ﬁeri
2953 3435 3058 3474 non
3119 3435 3277 3490 posse
3327 3436 3425 3474 no—

1857 3511 1949 3575 rit,
1983 3521 2041 3564 ut
2064 3510 2310 3565 dolorem
2352 3511 2542 3565 dolore
2573 3511 2820 3579 repellat.

2596 3600 2702 3656 LV.

1926 3693 2124 3748 Volens
2185 3703 2340 3763 poeta
2389 3694 2607 3763 quidam
2652 3678 2949 3763 praedicare
2999 3698 3420 3771 philosophiam,

1855 3785 2177 3840 sententiam
2208 3785 2514 3852 hujusmodi
2546 3787 2810 3852 protulit:

1925 3877 2196 3945 Nusquam
2228 3879 2449 3929 inveniri
2478 3880 2587 3931 vita
2618 3879 2795 3932 dolore
2836 3897 3021 3933 carens
3039 3893 3229 3949 potest.

1931 3968 2062 4021 lluic
2095 3968 2253 4022 facile
2285 3971 2465 4023 cuncti
2523 3970 2907 4033 asscntientur,
2964 3975 3293 4041 experientia
3321 3976 3415 4026 do-

1856 4069 2010 4112 cente
2038 4060 2181 4127 quod
2213 4075 2398 4112 verum
2425 4068 2527 4114 est.
2563 4060 2692 4115 Mihi
2725 4064 2942 4131 quidem
2980 4066 3060 4117 vir
3095 4065 3184 4121 hic
3220 4067 3416 4120 diluci-

1855 4153 1921 4205 de
1940 4167 2050 4205 rem
2071 4152 2371 4220 explicasse
2402 4155 2631 4208 videtur.
2664 4153 2874 4208 Etenim
2910 4156 3059 4210 novit
3081 4156 3181 4211 hoc
3205 4174 3268 4211 ex
3298 4160 3417 4214 suis

1856 4244 2083 4312 quisque
2115 4246 2331 4298 casibus
2365 4246 2632 4307 adversis.
2674 4247 2745 4299 ita
2781 4247 3022 4314 quidem,
3062 4248 3319 4309 utetiam
3349 4249 3416 4302 de

1857 4332 1979 4386 vita:
2015 4333 2172 4388 malis
2208 4335 2344 4388 alios
2385 4347 2603 4389 movere
2638 4335 2828 4404 possit.
2857 4336 2904 4389 is
2931 4345 3113 4390 autem
3148 4353 3276 4392 νει-ε
3295 4339 3416 4407 phi-

1857 4423 2114 4493 losOphus
2167 4426 2561 4479 existimandus
2624 4434 2724 4488 est,
2772 4426 2866 4494 qui
2922 4442 2982 4480 se
3039 4428 3416 4497 philosophum

1859 4515 2014 4568 factis
2064 4516 2243 4583 potius
2307 4531 2467 4583 quam
2503 4516 2676 4569 verbis
2709 4517 2919 4583 prohat.
2948 4518 3023 4570 Ac
3050 4518 3170 4571 talis
3199 4519 3416 4586 quidem

1857 4609 1903 4661 is
1939 4606 2118 4671 fuerit,
2144 4609 2235 4675 qui
2286 4608 2552 4661 bonorum
2611 4608 2872 4661 electione
2919 4610 3216 4677 proposita,
3269 4611 3416 4680 quod

1856 4699 2052 4752 melius
2077 4708 2180 4761 cst,
2226 4699 2599 4766 eligit;malis
2644 4698 2997 4762 irruentibus,
3046 4699 3190 4768 quod
3245 4700 3419 4753 levius

1853 4798 1957 4852 est,
1989 4789 2202 4856 accipit,
2240 4796 2292 4842 et
2317 4788 2407 4857 qui
2447 4803 2534 4852 eo,
2576 4789 2718 4856 quod
2763 4789 2960 4841 bonum
2991 4798 3092 4853 est,
3126 4800 3270 4843 recte
3314 4794 3418 4843 uti-

1855 4884 1962 4937 tur,
2002 4878 2252 4945 quodque
2307 4891 2491 4943 grave.
2524 4878 2602 4930 sic
2629 4877 2858 4931 tolerare
2910 4879 3122 4944 nititur,
3147 4887 3205 4932 nt
3254 4894 3414 4947 quant

1855 4968 2140 5020 minimum
2171 4970 2368 5022 doloris
2407 4969 2622 5022 sentiat.

2542 5055 2676 5112 LW.

1923 5145 2503 5216 Multojucundisstma
2525 5163 2612 5202 res
2639 5157 2720 5201 est
2746 5149 2990 5201 omnium
3015 5164 3152 5217 pax;
3192 5165 3297 5203 non
3325 5151 3413 5204 illa

1854 5247 2060 5292 tantum
2107 5240 2313 5307 privata
2376 5240 2737 5307 singulorum,
2792 5240 2887 5294 sed
2945 5241 3155 5307 publica
3197 5258 3416 5310 quoque

1854 5331 2160 5399 principum
2192 5345 2316 5398 erga
2350 5331 2623 5398 principes
2652 5347 2666 5382 :
2696 5345 2857 5397 quam
2912 5332 3160 5398 equidem
3194 5332 3415 5398 privata:

1855 5422 2018 5491 longe
2043 5431 2332 5490 antepono,
2355 5421 2521 5474 veluti
2553 5422 2800 5490 pluribus
2827 5423 3039 5486 utilem,
3067 5431 3121 5475 et
3145 5423 3222 5476 illi
3258 5425 3412 5476 alteri

1854 5517 2048 5581 magna
2104 5515 2430 5583 praebentem
2473 5514 2550 5567 rei
2596 5513 2882 5567 familiaris
2943 5515 3204 5568 subsidia.
3265 5513 3412 5579 Qua-

1853 5617 2071 5677 propter
2100 5607 2144 5659 si
2175 5605 2287 5658 ﬁeri
2334 5615 2524 5671 potest,
2557 5605 2700 5673 quod
2740 5619 2966 5674 magnus
3009 5606 3296 5673 Apostolus
3325 5605 3414 5660 ille

1855 5695 2118 5765 praecipit,
2161 5709 2348 5763 pacem
2384 5710 2505 5747 cum
2529 5694 2780 5748 omnibus
2820 5695 2988 5754 colas.
3023 5709 3122 5749 nec
3159 5693 3282 5748 mali
3310 5709 3412 5748 au-

1854 5781 1971 5839 ctor
1993 5783 2154 5838 ullius
2185 5795 2304 5838 esto
2331 5800 2344 5836 :
2380 5783 2476 5838 sed
2494 5782 2610 5852 ejus
2635 5793 2883 5838 auctores
2912 5785 3173 5853 impedire
3203 5782 3407 5840 nititor.

1853 5878 1996 5937 Neve
2032 5889 2219 5934 contra
2258 5877 2455 5932 fratres
2484 5877 2823 5934 Christianos
2855 5877 3055 5932 bellum
3090 5878 3281 5948 gerito,
3313 5893 3409 5930 nec
