  <div class='ocr_page' id='page_1' title='image "/cluster/home/n/w/nwhite01/storage/ocr_20150623/156/nnc1.0046980911/188.png"; bbox 0 0 4748 6512; ppageno 0'>
   <div class='ocr_carea' id='block_1_1' title="bbox 214 514 3462 600">
    <p class='ocr_par' dir='ltr' id='par_1_1' title="bbox 214 514 3462 600">
     <span class='ocr_line' id='line_1_1' title="bbox 214 514 3462 600; baseline -0.014 0"><span class='ocrx_word' id='word_1_1' title='bbox 214 537 316 600; x_wconf 73' lang='lat'><strong>331</strong></span> <span class='ocrx_word' id='word_1_2' title='bbox 1136 522 1546 586; x_wconf 42' lang='lat' dir='ltr'><strong>Paiscspm</strong></span> <span class='ocrx_word' id='word_1_3' title='bbox 1596 516 2107 579; x_wconf 66' lang='lat' dir='ltr'><strong>EDUCATIONIS</strong></span> <span class='ocrx_word' id='word_1_4' title='bbox 2142 515 2422 574; x_wconf 59' lang='lat' dir='ltr'><strong>REGIE.</strong></span> <span class='ocrx_word' id='word_1_5' title='bbox 3359 514 3462 577; x_wconf 61' lang='lat'><strong>353</strong></span> 
     </span>
    </p>
   </div>
   <div class='ocr_carea' id='block_1_2' title="bbox 217 624 2092 719">
    <p class='ocr_par' dir='ltr' id='par_1_2' title="bbox 217 629 2092 719">
     <span class='ocr_line' id='line_1_2' title="bbox 217 629 2092 719; baseline -0.012 -16"><span class='ocrx_word' id='word_1_6' title='bbox 217 652 277 703; x_wconf 80' lang='grc' dir='ltr'>ἓν</span> <span class='ocrx_word' id='word_1_7' title='bbox 307 649 583 719; x_wconf 81' lang='grc' dir='ltr'>εἴργαστο,</span> <span class='ocrx_word' id='word_1_8' title='bbox 618 645 645 696; x_wconf 83' lang='grc' dir='ltr'><strong>δ</strong></span> <span class='ocrx_word' id='word_1_9' title='bbox 675 660 722 695; x_wconf 86' lang='grc' dir='ltr'><strong>τι.</strong></span> <span class='ocrx_word' id='word_1_10' title='bbox 757 640 831 710; x_wconf 74' lang='grc' dir='ltr'>μὴ</span> <span class='ocrx_word' id='word_1_11' title='bbox 861 639 1001 692; x_wconf 70' lang='grc' dir='ltr'>πάνυ</span> <span class='ocrx_word' id='word_1_12' title='bbox 1045 637 1224 690; x_wconf 62' lang='grc' dir='ltr'>καλόν.</span> <span class='ocrx_word' id='word_1_13' title='bbox 1269 636 1434 688; x_wconf 81' lang='grc' dir='ltr'>Ιιόθεν</span> <span class='ocrx_word' id='word_1_14' title='bbox 1474 636 1537 688; x_wconf 84' lang='grc' dir='ltr'>ἂν</span> <span class='ocrx_word' id='word_1_15' title='bbox 1573 653 1652 697; x_wconf 86' lang='grc' dir='ltr'><strong>τις</strong></span> <span class='ocrx_word' id='word_1_16' title='bbox 1698 634 1785 685; x_wconf 73' lang='grc' dir='ltr'><strong>ευ.</strong></span> <span class='ocrx_word' id='word_1_17' title='bbox 1817 631 1864 691; x_wconf 78' lang='grc' dir='ltr'><strong>Α</strong></span> <span class='ocrx_word' id='word_1_18' title='bbox 1893 629 1962 683; x_wconf 88' lang='lat' dir='ltr'><strong>sit</strong></span> <span class='ocrx_word' id='word_1_19' title='bbox 2005 629 2092 680; x_wconf 66' lang='lat' dir='ltr'><strong>libi</strong></span> 
     </span>
    </p>
   </div>
   <div class='ocr_carea' id='block_1_3' title="bbox 1589 624 3464 719">
    <p class='ocr_par' dir='ltr' id='par_1_3' title="bbox 1589 624 3464 697">
     <span class='ocr_line' id='line_1_3' title="bbox 1589 624 3464 697; baseline -0.003 -13"><span class='ocrx_word' id='word_1_20' title='bbox 1589 653 1652 697; x_wconf 80' lang='grc' dir='ltr'>ῖις</span> <span class='ocrx_word' id='word_1_21' title='bbox 1698 634 1785 685; x_wconf 73' lang='grc' dir='ltr'>ευ.</span> <span class='ocrx_word' id='word_1_22' title='bbox 1817 631 1864 691; x_wconf 77' lang='grc' dir='ltr'><strong>Α</strong></span> <span class='ocrx_word' id='word_1_23' title='bbox 1893 629 1962 683; x_wconf 87' lang='lat' dir='ltr'><strong>sit</strong></span> <span class='ocrx_word' id='word_1_24' title='bbox 2005 629 2157 691; x_wconf 71' lang='lat' dir='ltr'><strong>liber,</strong></span> <span class='ocrx_word' id='word_1_25' title='bbox 2195 626 2297 681; x_wconf 81' lang='lat' dir='ltr'><strong>Deo</strong></span> <span class='ocrx_word' id='word_1_26' title='bbox 2323 636 2491 680; x_wconf 75' lang='lat' dir='ltr'><strong>totum</strong></span> <span class='ocrx_word' id='word_1_27' title='bbox 2526 635 2804 694; x_wconf 74' lang='lat' dir='ltr'><strong>:tccep&#39;t&#39;m</strong></span> <span class='ocrx_word' id='word_1_28' title='bbox 2841 625 3040 691; x_wconf 69' lang='lat' dir='ltr'><strong>ferens,</strong></span> <span class='ocrx_word' id='word_1_29' title='bbox 3067 625 3156 694; x_wconf 80' lang='lat' dir='ltr'><strong>qui</strong></span> <span class='ocrx_word' id='word_1_30' title='bbox 3193 624 3324 678; x_wconf 58' lang='lat' dir='ltr'><strong>nilvit</strong></span> <span class='ocrx_word' id='word_1_31' title='bbox 3354 642 3464 679; x_wconf 80' lang='lat' dir='ltr'><strong>cm-</strong></span> 
     </span>
    </p>
   </div>
   <div class='ocr_carea' id='block_1_4' title="bbox 220 718 2095 807">
    <p class='ocr_par' dir='ltr' id='par_1_4' title="bbox 220 718 2095 807">
     <span class='ocr_line' id='line_1_4' title="bbox 220 718 2095 807; baseline -0.013 -11"><span class='ocrx_word' id='word_1_32' title='bbox 220 718 398 795; x_wconf 77' lang='grc' dir='ltr'>σεὸῶν</span> <span class='ocrx_word' id='word_1_33' title='bbox 447 741 557 807; x_wconf 79' lang='grc' dir='ltr'>ἔχει</span> <span class='ocrx_word' id='word_1_34' title='bbox 599 736 906 788; x_wconf 67' lang='grc' dir='ltr'>τούναετοον</span> <span class='ocrx_word' id='word_1_35' title='bbox 949 733 1163 795; x_wconf 73' lang='grc' dir='ltr'>ε³·.;ειν;</span> <span class='ocrx_word' id='word_1_36' title='bbox 1221 730 1283 782; x_wconf 80' lang='lat' dir='ltr'><strong>Ei</strong></span> <span class='ocrx_word' id='word_1_37' title='bbox 1347 729 1457 796; x_wconf 81' lang='grc' dir='ltr'>γὰρ</span> <span class='ocrx_word' id='word_1_38' title='bbox 1524 728 1787 795; x_wconf 67' lang='grc' dir='ltr'>Ἑλλήνων</span> <span class='ocrx_word' id='word_1_39' title='bbox 1894 723 2024 775; x_wconf 81' lang='lat' dir='ltr'><strong>nino</strong></span> <span class='ocrx_word' id='word_1_40' title='bbox 2061 723 2095 773; x_wconf 79' lang='grc' dir='ltr'>[ι</span> 
     </span>
    </p>
   </div>
   <div class='ocr_carea' id='block_1_5' title="bbox 1592 718 3467 807">
    <p class='ocr_par' dir='ltr' id='par_1_5' title="bbox 1592 718 3467 795">
     <span class='ocr_line' id='line_1_5' title="bbox 1592 718 3467 795; baseline -0.004 -19"><span class='ocrx_word' id='word_1_41' title='bbox 1592 728 1787 795; x_wconf 66' lang='grc' dir='ltr'>λλήνων</span> <span class='ocrx_word' id='word_1_42' title='bbox 1894 723 2024 775; x_wconf 85' lang='lat' dir='ltr'><strong>nino</strong></span> <span class='ocrx_word' id='word_1_43' title='bbox 2061 722 2209 785; x_wconf 81' lang='lat' dir='ltr'><strong>facit,</strong></span> <span class='ocrx_word' id='word_1_44' title='bbox 2243 720 2387 790; x_wconf 79' lang='lat' dir='ltr'><strong>quod</strong></span> <span class='ocrx_word' id='word_1_45' title='bbox 2419 734 2524 772; x_wconf 88' lang='lat' dir='ltr'><strong>non</strong></span> <span class='ocrx_word' id='word_1_46' title='bbox 2562 721 2712 773; x_wconf 98' lang='lat' dir='ltr'><strong>valde</strong></span> <span class='ocrx_word' id='word_1_47' title='bbox 2745 721 2814 774; x_wconf 88' lang='lat' dir='ltr'><strong>sit</strong></span> <span class='ocrx_word' id='word_1_48' title='bbox 2846 721 3070 774; x_wconf 90' lang='lat' dir='ltr'><strong>bonum.</strong></span> <span class='ocrx_word' id='word_1_49' title='bbox 3106 718 3320 785; x_wconf 83' lang='lat' dir='ltr'><strong>Quibus</strong></span> <span class='ocrx_word' id='word_1_50' title='bbox 3383 734 3467 770; x_wconf 69' lang='lat' dir='ltr'><strong>ar-</strong></span> 
     </span>
    </p>
   </div>
   <div class='ocr_carea' id='block_1_6' title="bbox 218 813 2093 900">
    <p class='ocr_par' dir='ltr' id='par_1_6' title="bbox 218 813 2090 900">
     <span class='ocr_line' id='line_1_6' title="bbox 218 813 2090 900; baseline -0.014 -14"><span class='ocrx_word' id='word_1_51' title='bbox 218 833 404 899; x_wconf 73' lang='grc' dir='ltr'>παισὶ,</span> <span class='ocrx_word' id='word_1_52' title='bbox 426 830 564 900; x_wconf 83' lang='grc' dir='ltr'>τύχῃ</span> <span class='ocrx_word' id='word_1_53' title='bbox 587 843 644 879; x_wconf 85' lang='grc' dir='ltr'><strong>τε</strong></span> <span class='ocrx_word' id='word_1_54' title='bbox 674 826 765 878; x_wconf 57' lang='lat' dir='ltr'><strong>arti.</strong></span> <span class='ocrx_word' id='word_1_55' title='bbox 784 821 1093 891; x_wconf 76' lang='grc' dir='ltr'><strong>εἱμαρμένῃ</strong></span> <span class='ocrx_word' id='word_1_56' title='bbox 1114 817 1444 878; x_wconf 83' lang='grc' dir='ltr'>δουλεύουσι,</span> <span class='ocrx_word' id='word_1_57' title='bbox 1477 816 1586 867; x_wconf 82' lang='grc' dir='ltr'>δεῖν</span> <span class='ocrx_word' id='word_1_58' title='bbox 1617 813 1791 866; x_wconf 75' lang='grc' dir='ltr'>ἐδόκει</span> <span class='ocrx_word' id='word_1_59' title='bbox 1896 831 2090 884; x_wconf 74' lang='lat' dir='ltr'><strong>gumen</strong></span> 
     </span>
    </p>
   </div>
   <div class='ocr_carea' id='block_1_7' title="bbox 1593 813 3468 900">
    <p class='ocr_par' dir='ltr' id='par_1_7' title="bbox 1617 813 3468 884">
     <span class='ocr_line' id='line_1_7' title="bbox 1617 813 3468 884; baseline 0.001 -18"><span class='ocrx_word' id='word_1_60' title='bbox 1617 813 1791 866; x_wconf 75' lang='grc' dir='ltr'>ἐδόκει</span> <span class='ocrx_word' id='word_1_61' title='bbox 1896 816 2168 884; x_wconf 84' lang='lat' dir='ltr'><strong>gumentis</strong></span> <span class='ocrx_word' id='word_1_62' title='bbox 2196 814 2364 869; x_wconf 80' lang='lat' dir='ltr'><strong>fretus</strong></span> <span class='ocrx_word' id='word_1_63' title='bbox 2413 816 2576 868; x_wconf 87' lang='lat' dir='ltr'><strong>homo</strong></span> <span class='ocrx_word' id='word_1_64' title='bbox 2620 815 2907 883; x_wconf 71' lang='lat' dir='ltr'><strong>religiosus</strong></span> <span class='ocrx_word' id='word_1_65' title='bbox 2949 815 3033 867; x_wconf 88' lang='lat' dir='ltr'><strong>bis</strong></span> <span class='ocrx_word' id='word_1_66' title='bbox 3093 814 3468 868; x_wconf 81' lang='lat' dir='ltr'><strong>contradicere</strong></span> 
     </span>
    </p>
   </div>
   <div class='ocr_carea' id='block_1_8' title="bbox 221 907 2096 995">
    <p class='ocr_par' dir='ltr' id='par_1_8' title="bbox 221 907 2096 995">
     <span class='ocr_line' id='line_1_8' title="bbox 221 907 2096 995; baseline -0.011 -17"><span class='ocrx_word' id='word_1_67' title='bbox 221 928 411 995; x_wconf 56' lang='grc' dir='ltr'>φέρειν</span> <span class='ocrx_word' id='word_1_68' title='bbox 438 925 503 974; x_wconf 72' lang='grc' dir='ltr'><strong>τὰ</strong></span> <span class='ocrx_word' id='word_1_69' title='bbox 531 919 662 989; x_wconf 71' lang='grc' dir='ltr'>παρ’</span> <span class='ocrx_word' id='word_1_70' title='bbox 694 915 894 978; x_wconf 79' lang='grc' dir='ltr'>αὐτῶν,</span> <span class='ocrx_word' id='word_1_71' title='bbox 932 912 1095 983; x_wconf 83' lang='grc' dir='ltr'>σχολῇ</span> <span class='ocrx_word' id='word_1_72' title='bbox 1128 929 1189 979; x_wconf 88' lang='grc' dir='ltr'><strong>γε</strong></span> <span class='ocrx_word' id='word_1_73' title='bbox 1244 913 1376 979; x_wconf 80' lang='grc' dir='ltr'>ἡμῖν</span> <span class='ocrx_word' id='word_1_74' title='bbox 1432 909 1491 961; x_wconf 85' lang='grc' dir='ltr'><strong>οὐ</strong></span> <span class='ocrx_word' id='word_1_75' title='bbox 1531 907 1671 971; x_wconf 79' lang='grc' dir='ltr'>δόξει</span> <span class='ocrx_word' id='word_1_76' title='bbox 1723 908 1791 958; x_wconf 74' lang='grc' dir='ltr'>τὰ</span> <span class='ocrx_word' id='word_1_77' title='bbox 1897 909 2096 972; x_wconf 55' lang='lat' dir='ltr'><strong>possit?</strong></span> 
     </span>
    </p>
   </div>
   <div class='ocr_carea' id='block_1_9' title="bbox 1595 907 3470 995">
    <p class='ocr_par' dir='ltr' id='par_1_9' title="bbox 1595 907 3470 977">
     <span class='ocr_line' id='line_1_9' title="bbox 1595 907 3470 977; baseline 0.001 -20"><span class='ocrx_word' id='word_1_78' title='bbox 1595 907 1671 971; x_wconf 80' lang='grc' dir='ltr'><strong>ξει</strong></span> <span class='ocrx_word' id='word_1_79' title='bbox 1723 908 1791 958; x_wconf 75' lang='grc' dir='ltr'>τὰ</span> <span class='ocrx_word' id='word_1_80' title='bbox 1897 909 2109 972; x_wconf 86' lang='lat' dir='ltr'><strong>possit?</strong></span> <span class='ocrx_word' id='word_1_81' title='bbox 2141 907 2272 960; x_wconf 70' lang='lat' dir='ltr'><strong>Nam</strong></span> <span class='ocrx_word' id='word_1_82' title='bbox 2306 910 2350 962; x_wconf 88' lang='lat' dir='ltr'><strong>si</strong></span> <span class='ocrx_word' id='word_1_83' title='bbox 2383 908 2602 977; x_wconf 78' lang='lat' dir='ltr'><strong>pagani,</strong></span> <span class='ocrx_word' id='word_1_84' title='bbox 2636 908 2865 961; x_wconf 79' lang='lat' dir='ltr'><strong>fortunae</strong></span> <span class='ocrx_word' id='word_1_85' title='bbox 2896 907 3114 975; x_wconf 80' lang='lat' dir='ltr'><strong>fatoque</strong></span> <span class='ocrx_word' id='word_1_86' title='bbox 3147 909 3470 970; x_wconf 79' lang='lat' dir='ltr'><strong>servientes,</strong></span> 
     </span>
    </p>
   </div>
   <div class='ocr_carea' id='block_1_10' title="bbox 219 999 2094 1084">
    <p class='ocr_par' dir='ltr' id='par_1_10' title="bbox 219 1000 2094 1084">
     <span class='ocr_line' id='line_1_10' title="bbox 219 1000 2094 1084; baseline -0.012 -16"><span class='ocrx_word' id='word_1_87' title='bbox 219 1020 318 1084; x_wconf 82' lang='grc' dir='ltr'>τῆς</span> <span class='ocrx_word' id='word_1_88' title='bbox 352 1012 605 1084; x_wconf 80' lang='grc' dir='ltr'><strong>προνοίας</strong></span> <span class='ocrx_word' id='word_1_89' title='bbox 635 1005 996 1070; x_wconf 79' lang='grc' dir='ltr'>ἀσπάζεσθαι.</span> <span class='ocrx_word' id='word_1_90' title='bbox 1024 1000 1156 1056; x_wconf 73' lang='grc' dir='ltr'>Εἶτα</span> <span class='ocrx_word' id='word_1_91' title='bbox 1189 1005 1300 1064; x_wconf 80' lang='grc' dir='ltr'>τοῖς</span> <span class='ocrx_word' id='word_1_92' title='bbox 1335 1001 1432 1066; x_wconf 81' lang='grc' dir='ltr'>μὲν</span> <span class='ocrx_word' id='word_1_93' title='bbox 1479 1001 1686 1069; x_wconf 75' lang='grc' dir='ltr'>κρίνοις</span> <span class='ocrx_word' id='word_1_94' title='bbox 1739 1000 1793 1050; x_wconf 80' lang='grc' dir='ltr'>αἱ</span> <span class='ocrx_word' id='word_1_95' title='bbox 1901 1001 2094 1055; x_wconf 70' lang='lat' dir='ltr'><strong>fel-end;</strong></span> 
     </span>
    </p>
   </div>
   <div class='ocr_carea' id='block_1_11' title="bbox 1594 999 3469 1084">
    <p class='ocr_par' dir='ltr' id='par_1_11' title="bbox 1594 999 3469 1071">
     <span class='ocr_line' id='line_1_11' title="bbox 1594 999 3469 1071; baseline 0.002 -21"><span class='ocrx_word' id='word_1_96' title='bbox 1594 1017 1686 1060; x_wconf 60' lang='grc' dir='ltr'>θοις</span> <span class='ocrx_word' id='word_1_97' title='bbox 1739 1000 1793 1050; x_wconf 81' lang='grc' dir='ltr'>αἱ</span> <span class='ocrx_word' id='word_1_98' title='bbox 1901 1001 2119 1056; x_wconf 82' lang='lat' dir='ltr'><strong>ferenda</strong></span> <span class='ocrx_word' id='word_1_99' title='bbox 2155 1003 2435 1071; x_wconf 89' lang='lat' dir='ltr'><strong>putabant,</strong></span> <span class='ocrx_word' id='word_1_100' title='bbox 2472 1016 2811 1071; x_wconf 53' lang='lat' dir='ltr'><strong>quacunque</strong></span> <span class='ocrx_word' id='word_1_101' title='bbox 2854 1000 2923 1054; x_wconf 89' lang='lat' dir='ltr'><strong>ab</strong></span> <span class='ocrx_word' id='word_1_102' title='bbox 2965 1002 3049 1054; x_wconf 87' lang='lat' dir='ltr'><strong>his</strong></span> <span class='ocrx_word' id='word_1_103' title='bbox 3077 999 3315 1064; x_wconf 79' lang='lat' dir='ltr'><strong>profecta</strong></span> <span class='ocrx_word' id='word_1_104' title='bbox 3341 1000 3469 1054; x_wconf 73' lang='lat' dir='ltr'><strong>fuis-</strong></span> 
     </span>
    </p>
   </div>
   <div class='ocr_carea' id='block_1_12' title="bbox 220 1092 2095 1176">
    <p class='ocr_par' dir='ltr' id='par_1_12' title="bbox 220 1092 2095 1176">
     <span class='ocr_line' id='line_1_12' title="bbox 220 1092 2095 1176; baseline -0.006 -18"><span class='ocrx_word' id='word_1_105' title='bbox 220 1107 424 1176; x_wconf 71' lang='grc' dir='ltr'>χροιαὶ,</span> <span class='ocrx_word' id='word_1_106' title='bbox 458 1105 551 1156; x_wconf 72' lang='grc' dir='ltr'>καὶ</span> <span class='ocrx_word' id='word_1_107' title='bbox 580 1103 638 1154; x_wconf 77' lang='grc' dir='ltr'>τὸ</span> <span class='ocrx_word' id='word_1_108' title='bbox 662 1102 760 1169; x_wconf 81' lang='grc' dir='ltr'><strong>τῆς</strong></span> <span class='ocrx_word' id='word_1_109' title='bbox 793 1098 940 1166; x_wconf 86' lang='grc' dir='ltr'>ὥρας</span> <span class='ocrx_word' id='word_1_110' title='bbox 964 1097 1262 1164; x_wconf 82' lang='grc' dir='ltr'>ἀμήχανον,</span> <span class='ocrx_word' id='word_1_111' title='bbox 1295 1095 1386 1145; x_wconf 77' lang='grc' dir='ltr'>καὶ</span> <span class='ocrx_word' id='word_1_112' title='bbox 1409 1095 1517 1146; x_wconf 72' lang='grc' dir='ltr'>τοῖς</span> <span class='ocrx_word' id='word_1_113' title='bbox 1549 1092 1792 1160; x_wconf 77' lang='grc' dir='ltr'>πτηνοῖς.</span> <span class='ocrx_word' id='word_1_114' title='bbox 1899 1105 2039 1159; x_wconf 89' lang='lat' dir='ltr'><strong>sent,</strong></span> <span class='ocrx_word' id='word_1_115' title='bbox 2085 1112 2095 1148; x_wconf 95' lang='lat' dir='ltr'><strong>I</strong></span> 
     </span>
    </p>
   </div>
   <div class='ocr_carea' id='block_1_13' title="bbox 1595 1092 3470 1176">
    <p class='ocr_par' dir='ltr' id='par_1_13' title="bbox 1595 1092 3470 1164">
     <span class='ocr_line' id='line_1_13' title="bbox 1595 1092 3470 1164; baseline -0.004 -11"><span class='ocrx_word' id='word_1_116' title='bbox 1595 1092 1792 1160; x_wconf 80' lang='grc' dir='ltr'>τηνοῖς.</span> <span class='ocrx_word' id='word_1_117' title='bbox 1899 1105 2039 1159; x_wconf 89' lang='lat' dir='ltr'><strong>sent,</strong></span> <span class='ocrx_word' id='word_1_118' title='bbox 2085 1109 2427 1164; x_wconf 79' lang='lat' dir='ltr'><strong>nequaquam</strong></span> <span class='ocrx_word' id='word_1_119' title='bbox 2475 1109 2573 1148; x_wconf 92' lang='lat' dir='ltr'><strong>nos</strong></span> <span class='ocrx_word' id='word_1_120' title='bbox 2620 1108 2702 1158; x_wconf 83' lang='lat' dir='ltr'><strong>ea,</strong></span> <span class='ocrx_word' id='word_1_121' title='bbox 2747 1109 2868 1162; x_wconf 63' lang='lat' dir='ltr'><strong>qua:</strong></span> <span class='ocrx_word' id='word_1_122' title='bbox 2909 1111 2935 1146; x_wconf 90' lang='lat' dir='ltr'><strong>a</strong></span> <span class='ocrx_word' id='word_1_123' title='bbox 2971 1093 3302 1162; x_wconf 74' lang='lat' dir='ltr'><strong>providentia</strong></span> <span class='ocrx_word' id='word_1_124' title='bbox 3350 1108 3470 1162; x_wconf 69' lang='grc' dir='ltr'>ρων</span> 
     </span>
    </p>
   </div>
   <div class='ocr_carea' id='block_1_14' title="bbox 220 1185 2095 1264">
    <p class='ocr_par' dir='ltr' id='par_1_14' title="bbox 220 1185 2090 1264">
     <span class='ocr_line' id='line_1_14' title="bbox 220 1185 2090 1264; baseline -0.005 -14"><span class='ocrx_word' id='word_1_125' title='bbox 220 1200 281 1250; x_wconf 89' lang='grc' dir='ltr'><strong>ού</strong></span> <span class='ocrx_word' id='word_1_126' title='bbox 308 1199 657 1264; x_wconf 77' lang='grc' dir='ltr'>συνάγουσιν,</span> <span class='ocrx_word' id='word_1_127' title='bbox 697 1191 806 1244; x_wconf 76' lang='grc' dir='ltr'>οὐδ’</span> <span class='ocrx_word' id='word_1_128' title='bbox 833 1189 1115 1258; x_wconf 78' lang='grc' dir='ltr'><strong>ἀποθήκας</strong></span> <span class='ocrx_word' id='word_1_129' title='bbox 1141 1188 1346 1257; x_wconf 81' lang='grc' dir='ltr'>ἔχουσι,</span> <span class='ocrx_word' id='word_1_130' title='bbox 1384 1185 1443 1238; x_wconf 82' lang='grc' dir='ltr'><strong>τὸ</strong></span> <span class='ocrx_word' id='word_1_131' title='bbox 1498 1185 1796 1254; x_wconf 70' lang='grc' dir='ltr'>τρέφεσθαι</span> <span class='ocrx_word' id='word_1_132' title='bbox 1906 1190 2090 1243; x_wconf 80' lang='lat' dir='ltr'><strong>ﬁciscu</strong></span> 
     </span>
    </p>
   </div>
   <div class='ocr_carea' id='block_1_15' title="bbox 1596 1185 3471 1264">
    <p class='ocr_par' dir='ltr' id='par_1_15' title="bbox 1602 1185 3471 1254">
     <span class='ocr_line' id='line_1_15' title="bbox 1602 1185 3471 1254; baseline 0.003 -18"><span class='ocrx_word' id='word_1_133' title='bbox 1602 1185 1796 1254; x_wconf 70' lang='grc' dir='ltr'>φεσΘαι</span> <span class='ocrx_word' id='word_1_134' title='bbox 1906 1190 2248 1247; x_wconf 80' lang='lat' dir='ltr'><strong>ﬁciscuntur.</strong></span> <span class='ocrx_word' id='word_1_135' title='bbox 2283 1190 2406 1242; x_wconf 89' lang='lat' dir='ltr'><strong>boni</strong></span> <span class='ocrx_word' id='word_1_136' title='bbox 2430 1205 2536 1242; x_wconf 90' lang='lat' dir='ltr'><strong>non</strong></span> <span class='ocrx_word' id='word_1_137' title='bbox 2571 1188 2900 1244; x_wconf 90' lang='lat' dir='ltr'><strong>consulenda</strong></span> <span class='ocrx_word' id='word_1_138' title='bbox 2931 1188 3304 1242; x_wconf 79' lang='lat' dir='ltr'><strong>censebimus.</strong></span> <span class='ocrx_word' id='word_1_139' title='bbox 3334 1185 3471 1241; x_wconf 71' lang='lat' dir='ltr'><strong>Prte-</strong></span> 
     </span>
    </p>
   </div>
   <div class='ocr_carea' id='block_1_16' title="bbox 225 1275 2100 1358">
    <p class='ocr_par' dir='ltr' id='par_1_16' title="bbox 225 1275 2100 1358">
     <span class='ocr_line' id='line_1_16' title="bbox 225 1275 2100 1358; baseline -0.004 -17"><span class='ocrx_word' id='word_1_140' title='bbox 225 1289 380 1358; x_wconf 73' lang='grc' dir='ltr'>παρὰ</span> <span class='ocrx_word' id='word_1_141' title='bbox 411 1287 504 1338; x_wconf 86' lang='grc' dir='ltr'><strong>τού</strong></span> <span class='ocrx_word' id='word_1_142' title='bbox 534 1281 881 1354; x_wconf 82' lang='grc' dir='ltr'>Δημιουργοῦ</span> <span class='ocrx_word' id='word_1_143' title='bbox 909 1298 922 1312; x_wconf 88' lang='grc'><strong>·</strong></span> <span class='ocrx_word' id='word_1_144' title='bbox 980 1279 1267 1348; x_wconf 82' lang='grc' dir='ltr'>ἀνθρώπου</span> <span class='ocrx_word' id='word_1_145' title='bbox 1294 1276 1351 1328; x_wconf 78' lang='grc' dir='ltr'>δὲ</span> <span class='ocrx_word' id='word_1_146' title='bbox 1404 1277 1622 1344; x_wconf 77' lang='grc' dir='ltr'>φροντὶς</span> <span class='ocrx_word' id='word_1_147' title='bbox 1650 1275 1797 1345; x_wconf 79' lang='grc' dir='ltr'>αὐτῷ</span> <span class='ocrx_word' id='word_1_148' title='bbox 1908 1291 2053 1335; x_wconf 71' lang='lat' dir='ltr'><strong>terra</strong></span> <span class='ocrx_word' id='word_1_149' title='bbox 2094 1283 2100 1333; x_wconf 93' lang='lat' dir='ltr'><strong>I</strong></span> 
     </span>
    </p>
   </div>
   <div class='ocr_carea' id='block_1_17' title="bbox 1596 1275 3471 1358">
    <p class='ocr_par' dir='ltr' id='par_1_17' title="bbox 1598 1275 3471 1345">
     <span class='ocr_line' id='line_1_17' title="bbox 1598 1275 3471 1345; baseline -0.002 -9"><span class='ocrx_word' id='word_1_150' title='bbox 1598 1292 1622 1336; x_wconf 79' lang='grc' dir='ltr'><strong>ς</strong></span> <span class='ocrx_word' id='word_1_151' title='bbox 1650 1275 1797 1345; x_wconf 81' lang='grc' dir='ltr'>αὐτῷ</span> <span class='ocrx_word' id='word_1_152' title='bbox 1908 1291 2053 1335; x_wconf 74' lang='lat' dir='ltr'><strong>terra</strong></span> <span class='ocrx_word' id='word_1_153' title='bbox 2094 1281 2219 1333; x_wconf 89' lang='lat' dir='ltr'><strong>liliis</strong></span> <span class='ocrx_word' id='word_1_154' title='bbox 2248 1291 2296 1334; x_wconf 85' lang='lat' dir='ltr'><strong>et</strong></span> <span class='ocrx_word' id='word_1_155' title='bbox 2332 1281 2543 1334; x_wconf 89' lang='lat' dir='ltr'><strong>colores</strong></span> <span class='ocrx_word' id='word_1_156' title='bbox 2571 1289 2625 1334; x_wconf 90' lang='lat' dir='ltr'><strong>et.</strong></span> <span class='ocrx_word' id='word_1_157' title='bbox 2677 1292 2934 1334; x_wconf 90' lang='lat' dir='ltr'><strong>venustas</strong></span> <span class='ocrx_word' id='word_1_158' title='bbox 2967 1279 3387 1343; x_wconf 68' lang='lat' dir='ltr'><strong>intestimabilis,</strong></span> <span class='ocrx_word' id='word_1_159' title='bbox 3418 1295 3471 1332; x_wconf 91' lang='lat' dir='ltr'><strong>a-</strong></span> 
     </span>
    </p>
   </div>
   <div class='ocr_carea' id='block_1_18' title="bbox 223 1367 2098 1448">
    <p class='ocr_par' dir='ltr' id='par_1_18' title="bbox 223 1367 2098 1448">
     <span class='ocr_line' id='line_1_18' title="bbox 223 1367 2098 1448; baseline -0.009 -15"><span class='ocrx_word' id='word_1_160' title='bbox 223 1380 474 1448; x_wconf 65' lang='grc' dir='ltr'>οὐδαμῶς</span> <span class='ocrx_word' id='word_1_161' title='bbox 502 1378 568 1430; x_wconf 83' lang='grc' dir='ltr'><strong>ἂν</strong></span> <span class='ocrx_word' id='word_1_162' title='bbox 598 1379 839 1444; x_wconf 78' lang='grc' dir='ltr'>γένοιτος</span> <span class='ocrx_word' id='word_1_163' title='bbox 881 1374 945 1426; x_wconf 80' lang='lat' dir='ltr'><strong>EI</strong></span> <span class='ocrx_word' id='word_1_164' title='bbox 981 1373 1037 1424; x_wconf 86' lang='grc' dir='ltr'>δὲ</span> <span class='ocrx_word' id='word_1_165' title='bbox 1067 1370 1198 1431; x_wconf 83' lang='grc' dir='ltr'><strong>Θεὸς</strong></span> <span class='ocrx_word' id='word_1_166' title='bbox 1233 1367 1308 1421; x_wconf 83' lang='grc' dir='ltr'>ὢν</span> <span class='ocrx_word' id='word_1_167' title='bbox 1363 1367 1585 1434; x_wconf 56' lang='grc' dir='ltr'>ἀγαθῆς,</span> <span class='ocrx_word' id='word_1_168' title='bbox 1639 1367 1797 1434; x_wconf 68' lang='grc' dir='ltr'>ἡμῶν</span> <span class='ocrx_word' id='word_1_169' title='bbox 1909 1376 2098 1441; x_wconf 65' lang='grc' dir='ltr'>νηιυερ</span> 
     </span>
    </p>
   </div>
   <div class='ocr_carea' id='block_1_19' title="bbox 1598 1367 3473 1448">
    <p class='ocr_par' dir='ltr' id='par_1_19' title="bbox 1639 1367 3473 1442">
     <span class='ocr_line' id='line_1_19' title="bbox 1639 1367 3473 1442; baseline 0 -17"><span class='ocrx_word' id='word_1_170' title='bbox 1639 1367 1797 1434; x_wconf 67' lang='grc' dir='ltr'>ἡμῶν</span> <span class='ocrx_word' id='word_1_171' title='bbox 1909 1376 2172 1441; x_wconf 85' lang='lat' dir='ltr'><strong>vibusquc</strong></span> <span class='ocrx_word' id='word_1_172' title='bbox 2203 1373 2335 1426; x_wconf 88' lang='lat' dir='ltr'><strong>nihil</strong></span> <span class='ocrx_word' id='word_1_173' title='bbox 2368 1373 2768 1442; x_wconf 84' lang='lat' dir='ltr'><strong>colligentibus,</strong></span> <span class='ocrx_word' id='word_1_174' title='bbox 2793 1387 2889 1426; x_wconf 90' lang='lat' dir='ltr'><strong>nec</strong></span> <span class='ocrx_word' id='word_1_175' title='bbox 2911 1372 3235 1426; x_wconf 79' lang='lat' dir='ltr'><strong>habentibus</strong></span> <span class='ocrx_word' id='word_1_176' title='bbox 3259 1371 3473 1426; x_wconf 87' lang='lat' dir='ltr'><strong>borrca.</strong></span> 
     </span>
    </p>
   </div>
   <div class='ocr_carea' id='block_1_20' title="bbox 224 1457 2099 1540">
    <p class='ocr_par' dir='ltr' id='par_1_20' title="bbox 224 1457 2086 1540">
     <span class='ocr_line' id='line_1_20' title="bbox 224 1457 2086 1540; baseline -0.003 -17"><span class='ocrx_word' id='word_1_177' title='bbox 224 1470 502 1540; x_wconf 78' lang='grc' dir='ltr'>φροντίζει</span> <span class='ocrx_word' id='word_1_178' title='bbox 527 1469 620 1521; x_wconf 81' lang='grc' dir='ltr'>καὶ</span> <span class='ocrx_word' id='word_1_179' title='bbox 661 1468 900 1536; x_wconf 82' lang='grc' dir='ltr'>κήδεται,</span> <span class='ocrx_word' id='word_1_180' title='bbox 934 1463 1033 1516; x_wconf 83' lang='grc' dir='ltr'>τίν’</span> <span class='ocrx_word' id='word_1_181' title='bbox 1085 1459 1392 1530; x_wconf 51' lang='lat' dir='ltr'><strong>Eximi-670v</strong></span> <span class='ocrx_word' id='word_1_182' title='bbox 1448 1457 1795 1528; x_wconf 83' lang='grc' dir='ltr'>ύπεραλγεῖν.</span> <span class='ocrx_word' id='word_1_183' title='bbox 1909 1481 2086 1518; x_wconf 81' lang='lat' dir='ltr'><strong>rerum</strong></span> 
     </span>
    </p>
   </div>
   <div class='ocr_carea' id='block_1_21' title="bbox 1600 1457 3475 1540">
    <p class='ocr_par' dir='ltr' id='par_1_21' title="bbox 1600 1457 3475 1534">
     <span class='ocr_line' id='line_1_21' title="bbox 1600 1457 3475 1534; baseline -0.005 -9"><span class='ocrx_word' id='word_1_184' title='bbox 1600 1457 1795 1524; x_wconf 77' lang='grc' dir='ltr'>ιλγεῖν.</span> <span class='ocrx_word' id='word_1_185' title='bbox 1909 1481 2086 1518; x_wconf 83' lang='lat' dir='ltr'><strong>rerum</strong></span> <span class='ocrx_word' id='word_1_186' title='bbox 2121 1466 2191 1519; x_wconf 91' lang='lat' dir='ltr'><strong>ob</strong></span> <span class='ocrx_word' id='word_1_187' title='bbox 2226 1464 2430 1534; x_wconf 84' lang='lat' dir='ltr'><strong>Opiﬁce</strong></span> <span class='ocrx_word' id='word_1_188' title='bbox 2477 1466 2804 1518; x_wconf 83' lang='lat' dir='ltr'><strong>nutrimenta</strong></span> <span class='ocrx_word' id='word_1_189' title='bbox 2858 1464 3089 1517; x_wconf 81' lang='lat' dir='ltr'><strong>dantur:</strong></span> <span class='ocrx_word' id='word_1_190' title='bbox 3155 1470 3208 1516; x_wconf 90' lang='lat' dir='ltr'><strong>et</strong></span> <span class='ocrx_word' id='word_1_191' title='bbox 3244 1461 3475 1515; x_wconf 78' lang='lat' dir='ltr'><strong>hominis</strong></span> 
     </span>
    </p>
   </div>
   <div class='ocr_carea' id='block_1_22' title="bbox 225 1547 2100 1629">
    <p class='ocr_par' dir='ltr' id='par_1_22' title="bbox 225 1547 2094 1629">
     <span class='ocr_line' id='line_1_22' title="bbox 225 1547 2094 1629; baseline -0.008 -14"><span class='ocrx_word' id='word_1_192' title='bbox 225 1564 258 1628; x_wconf 76' lang='grc' dir='ltr'>ἢ</span> <span class='ocrx_word' id='word_1_193' title='bbox 298 1562 478 1615; x_wconf 75' lang='grc' dir='ltr'>καὶτὸ</span> <span class='ocrx_word' id='word_1_194' title='bbox 513 1561 588 1629; x_wconf 84' lang='grc' dir='ltr'>μὴ</span> <span class='ocrx_word' id='word_1_195' title='bbox 622 1559 782 1628; x_wconf 89' lang='grc' dir='ltr'>χάριν</span> <span class='ocrx_word' id='word_1_196' title='bbox 801 1555 1024 1617; x_wconf 73' lang='grc' dir='ltr'>ειδέναι,</span> <span class='ocrx_word' id='word_1_197' title='bbox 1053 1547 1156 1606; x_wconf 83' lang='grc' dir='ltr'>ὦδε</span> <span class='ocrx_word' id='word_1_198' title='bbox 1182 1552 1213 1621; x_wconf 81' lang='grc' dir='ltr'>ἦ</span> <span class='ocrx_word' id='word_1_199' title='bbox 1240 1550 1440 1620; x_wconf 75' lang='grc' dir='ltr'>ἑτέρως</span> <span class='ocrx_word' id='word_1_200' title='bbox 1469 1550 1576 1602; x_wconf 87' lang='grc' dir='ltr'><strong>τῶν</strong></span> <span class='ocrx_word' id='word_1_201' title='bbox 1610 1566 1792 1617; x_wconf 76' lang='grc' dir='ltr'>πραγο</span> <span class='ocrx_word' id='word_1_202' title='bbox 1905 1557 1992 1610; x_wconf 77' lang='lat' dir='ltr'><strong>me</strong></span> <span class='ocrx_word' id='word_1_203' title='bbox 2031 1574 2094 1611; x_wconf 81' lang='lat' dir='ltr'><strong>cu</strong></span> 
     </span>
    </p>
   </div>
   <div class='ocr_carea' id='block_1_23' title="bbox 1601 1547 3476 1629">
    <p class='ocr_par' dir='ltr' id='par_1_23' title="bbox 1610 1553 3476 1626">
     <span class='ocr_line' id='line_1_23' title="bbox 1610 1553 3476 1626; baseline -0.002 -18"><span class='ocrx_word' id='word_1_204' title='bbox 1610 1566 1792 1617; x_wconf 74' lang='grc' dir='ltr'>πραγο</span> <span class='ocrx_word' id='word_1_205' title='bbox 1905 1557 1992 1610; x_wconf 88' lang='lat' dir='ltr'><strong>ille</strong></span> <span class='ocrx_word' id='word_1_206' title='bbox 2031 1573 2161 1611; x_wconf 92' lang='lat' dir='ltr'><strong>cura</strong></span> <span class='ocrx_word' id='word_1_207' title='bbox 2200 1558 2342 1610; x_wconf 90' lang='lat' dir='ltr'><strong>nulla</strong></span> <span class='ocrx_word' id='word_1_208' title='bbox 2377 1558 2660 1626; x_wconf 80' lang='lat' dir='ltr'><strong>tangitur?</strong></span> <span class='ocrx_word' id='word_1_209' title='bbox 2698 1556 2845 1626; x_wconf 86' lang='lat' dir='ltr'><strong>quod</strong></span> <span class='ocrx_word' id='word_1_210' title='bbox 2885 1557 2928 1610; x_wconf 94' lang='lat' dir='ltr'><strong>si</strong></span> <span class='ocrx_word' id='word_1_211' title='bbox 2969 1556 3142 1609; x_wconf 80' lang='lat' dir='ltr'><strong>licuus</strong></span> <span class='ocrx_word' id='word_1_212' title='bbox 3199 1553 3340 1608; x_wconf 86' lang='lat' dir='ltr'><strong>Deus</strong></span> <span class='ocrx_word' id='word_1_213' title='bbox 3380 1569 3476 1606; x_wconf 92' lang='lat' dir='ltr'><strong>cu-</strong></span> 
     </span>
    </p>
   </div>
   <div class='ocr_carea' id='block_1_24' title="bbox 230 1641 2105 1721">
    <p class='ocr_par' dir='ltr' id='par_1_24' title="bbox 230 1641 2105 1721">
     <span class='ocr_line' id='line_1_24' title="bbox 230 1641 2105 1721; baseline -0.006 -16"><span class='ocrx_word' id='word_1_214' title='bbox 230 1654 419 1720; x_wconf 85' lang='grc' dir='ltr'>μάτων</span> <span class='ocrx_word' id='word_1_215' title='bbox 466 1655 599 1721; x_wconf 77' lang='grc' dir='ltr'>ἡμῖν</span> <span class='ocrx_word' id='word_1_216' title='bbox 654 1646 1167 1718; x_wconf 70' lang='grc' dir='ltr'>οἱκονομουμένωνς</span> <span class='ocrx_word' id='word_1_217' title='bbox 1217 1641 1388 1695; x_wconf 84' lang='grc' dir='ltr'>Τοῦτο</span> <span class='ocrx_word' id='word_1_218' title='bbox 1429 1641 1610 1710; x_wconf 75' lang='grc' dir='ltr'>ψυχῆς</span> <span class='ocrx_word' id='word_1_219' title='bbox 1657 1642 1798 1695; x_wconf 85' lang='grc' dir='ltr'>πάνυ</span> <span class='ocrx_word' id='word_1_220' title='bbox 1903 1664 2016 1701; x_wconf 77' lang='lat' dir='ltr'><strong>ram</strong></span> <span class='ocrx_word' id='word_1_221' title='bbox 2049 1665 2105 1702; x_wconf 68' lang='grc' dir='ltr'><strong>ιιι</strong></span> 
     </span>
    </p>
   </div>
   <div class='ocr_carea' id='block_1_25' title="bbox 1600 1641 3475 1721">
    <p class='ocr_par' dir='ltr' id='par_1_25' title="bbox 1600 1642 3475 1718">
     <span class='ocr_line' id='line_1_25' title="bbox 1600 1642 3475 1718; baseline -0.003 -16"><span class='ocrx_word' id='word_1_222' title='bbox 1600 1659 1610 1702; x_wconf 79' lang='grc' dir='ltr'><strong><em>ῖ</em></strong></span> <span class='ocrx_word' id='word_1_223' title='bbox 1657 1642 1798 1695; x_wconf 77' lang='grc' dir='ltr'>πάνυ</span> <span class='ocrx_word' id='word_1_224' title='bbox 1903 1664 2016 1701; x_wconf 86' lang='lat' dir='ltr'><strong>ram</strong></span> <span class='ocrx_word' id='word_1_225' title='bbox 2049 1651 2220 1703; x_wconf 89' lang='lat' dir='ltr'><strong>nostri</strong></span> <span class='ocrx_word' id='word_1_226' title='bbox 2261 1649 2491 1704; x_wconf 90' lang='lat' dir='ltr'><strong>sollicite</strong></span> <span class='ocrx_word' id='word_1_227' title='bbox 2530 1650 2690 1717; x_wconf 88' lang='lat' dir='ltr'><strong>gerit,</strong></span> <span class='ocrx_word' id='word_1_228' title='bbox 2727 1664 2833 1718; x_wconf 89' lang='lat' dir='ltr'><strong>qua</strong></span> <span class='ocrx_word' id='word_1_229' title='bbox 2878 1648 3090 1700; x_wconf 68' lang='lat' dir='ltr'><strong>raticne</strong></span> <span class='ocrx_word' id='word_1_230' title='bbox 3123 1644 3366 1708; x_wconf 79' lang='lat' dir='ltr'><strong>subnixi,</strong></span> <span class='ocrx_word' id='word_1_231' title='bbox 3403 1645 3475 1697; x_wconf 76' lang='lat' dir='ltr'><strong>ni—</strong></span> 
     </span>
    </p>
   </div>
   <div class='ocr_carea' id='block_1_26' title="bbox 225 1736 2100 1812">
    <p class='ocr_par' dir='ltr' id='par_1_26' title="bbox 225 1736 2096 1812">
     <span class='ocr_line' id='line_1_26' title="bbox 225 1736 2096 1812; baseline -0.005 -16"><span class='ocrx_word' id='word_1_232' title='bbox 225 1745 471 1812; x_wconf 82' lang='grc' dir='ltr'>σκληρᾶς</span> <span class='ocrx_word' id='word_1_233' title='bbox 495 1782 510 1807; x_wconf 94' lang='grc'><strong>,</strong></span> <span class='ocrx_word' id='word_1_234' title='bbox 545 1741 792 1803; x_wconf 81' lang='grc' dir='ltr'><strong>δοθέντος</strong></span> <span class='ocrx_word' id='word_1_235' title='bbox 847 1737 984 1792; x_wconf 73' lang='grc' dir='ltr'>εἶναι</span> <span class='ocrx_word' id='word_1_236' title='bbox 1018 1736 1234 1805; x_wconf 78' lang='grc' dir='ltr'><strong>πιστῆς.</strong></span> <span class='ocrx_word' id='word_1_237' title='bbox 1900 1742 2009 1794; x_wconf 88' lang='lat' dir='ltr'><strong>mio</strong></span> <span class='ocrx_word' id='word_1_238' title='bbox 2027 1743 2096 1796; x_wconf 80' lang='lat' dir='ltr'><strong>do</strong></span> 
     </span>
    </p>
   </div>
   <div class='ocr_carea' id='block_1_27' title="bbox 1602 1736 3477 1812">
    <p class='ocr_par' dir='ltr' id='par_1_27' title="bbox 1900 1737 3477 1808">
     <span class='ocr_line' id='line_1_27' title="bbox 1900 1737 3477 1808; baseline -0.003 -15"><span class='ocrx_word' id='word_1_239' title='bbox 1900 1742 2009 1794; x_wconf 92' lang='lat' dir='ltr'><strong>mio</strong></span> <span class='ocrx_word' id='word_1_240' title='bbox 2027 1741 2210 1797; x_wconf 87' lang='lat' dir='ltr'><strong>dolore</strong></span> <span class='ocrx_word' id='word_1_241' title='bbox 2232 1743 2698 1805; x_wconf 81' lang='lat' dir='ltr'><strong>contabescemus,</strong></span> <span class='ocrx_word' id='word_1_242' title='bbox 2733 1743 2809 1796; x_wconf 96' lang='lat' dir='ltr'><strong>vel</strong></span> <span class='ocrx_word' id='word_1_243' title='bbox 2839 1743 2947 1794; x_wconf 80' lang='lat' dir='ltr'><strong>Deo</strong></span> <span class='ocrx_word' id='word_1_244' title='bbox 2987 1740 3212 1808; x_wconf 79' lang='lat' dir='ltr'><strong>gratiam</strong></span> <span class='ocrx_word' id='word_1_245' title='bbox 3247 1753 3352 1791; x_wconf 89' lang='lat' dir='ltr'><strong>non</strong></span> <span class='ocrx_word' id='word_1_246' title='bbox 3388 1737 3477 1789; x_wconf 78' lang='lat' dir='ltr'><strong>lia-</strong></span> 
     </span>
    </p>
   </div>
   <div class='ocr_carea' id='block_1_28' title="bbox 227 1830 3479 1902">
    <p class='ocr_par' dir='ltr' id='par_1_28' title="bbox 227 1830 3479 1902">
     <span class='ocr_line' id='line_1_28' title="bbox 227 1830 3479 1902; baseline -0.003 -10"><span class='ocrx_word' id='word_1_247' title='bbox 227 1839 501 1900; x_wconf 73' lang='lat' dir='ltr'><strong>bebimus,</strong></span> <span class='ocrx_word' id='word_1_248' title='bbox 530 1853 650 1892; x_wconf 89' lang='lat' dir='ltr'><strong>cum</strong></span> <span class='ocrx_word' id='word_1_249' title='bbox 682 1837 786 1890; x_wconf 89' lang='lat' dir='ltr'><strong>hoc</strong></span> <span class='ocrx_word' id='word_1_250' title='bbox 817 1835 978 1888; x_wconf 89' lang='lat' dir='ltr'><strong>illove</strong></span> <span class='ocrx_word' id='word_1_251' title='bbox 1026 1831 1189 1885; x_wconf 93' lang='lat' dir='ltr'><strong>modo</strong></span> <span class='ocrx_word' id='word_1_252' title='bbox 1225 1845 1312 1884; x_wconf 87' lang='lat' dir='ltr'><strong>res</strong></span> <span class='ocrx_word' id='word_1_253' title='bbox 1345 1831 1414 1883; x_wconf 91' lang='lat' dir='ltr'><strong>ab</strong></span> <span class='ocrx_word' id='word_1_254' title='bbox 1444 1845 1508 1883; x_wconf 92' lang='lat' dir='ltr'><strong>eo</strong></span> <span class='ocrx_word' id='word_1_255' title='bbox 1546 1839 1744 1885; x_wconf 80' lang='lat' dir='ltr'><strong>nostrae</strong></span> <span class='ocrx_word' id='word_1_256' title='bbox 1771 1831 2240 1893; x_wconf 76' lang='lat' dir='ltr'><strong>administrantur.</strong></span> <span class='ocrx_word' id='word_1_257' title='bbox 2287 1837 2553 1892; x_wconf 85' lang='lat' dir='ltr'><strong>Nimirum</strong></span> <span class='ocrx_word' id='word_1_258' title='bbox 2613 1837 2714 1889; x_wconf 82' lang='lat' dir='ltr'><strong>hoc</strong></span> <span class='ocrx_word' id='word_1_259' title='bbox 2778 1835 3070 1888; x_wconf 86' lang='lat' dir='ltr'><strong>admodum</strong></span> <span class='ocrx_word' id='word_1_260' title='bbox 3115 1833 3271 1902; x_wconf 80' lang='lat' dir='ltr'><strong>rigidi</strong></span> <span class='ocrx_word' id='word_1_261' title='bbox 3324 1830 3479 1886; x_wconf 66' lang='lat' dir='ltr'><strong>fuerit</strong></span> 
     </span>
    </p>
   </div>
   <div class='ocr_carea' id='block_1_29' title="bbox 228 1922 1518 2000">
    <p class='ocr_par' dir='ltr' id='par_1_29' title="bbox 228 1922 1518 2000">
     <span class='ocr_line' id='line_1_29' title="bbox 228 1922 1518 2000; baseline -0.006 -16"><span class='ocrx_word' id='word_1_262' title='bbox 228 1932 493 1992; x_wconf 79' lang='lat' dir='ltr'><strong>auimi.si</strong></span> <span class='ocrx_word' id='word_1_263' title='bbox 527 1929 746 2000; x_wconf 86' lang='lat' dir='ltr'><strong>quidem</strong></span> <span class='ocrx_word' id='word_1_264' title='bbox 774 1924 1130 1986; x_wconf 84' lang='lat' dir='ltr'><strong>concedatur,</strong></span> <span class='ocrx_word' id='word_1_265' title='bbox 1167 1937 1292 1977; x_wconf 84' lang='lat' dir='ltr'><strong>esse</strong></span> <span class='ocrx_word' id='word_1_266' title='bbox 1327 1922 1518 1977; x_wconf 82' lang='lat' dir='ltr'><strong>ﬁdelis.</strong></span> 
     </span>
    </p>
   </div>
   <div class='ocr_carea' id='block_1_30' title="bbox 953 2012 2848 2084">
    <p class='ocr_par' dir='ltr' id='par_1_30' title="bbox 953 2012 2848 2084">
     <span class='ocr_line' id='line_1_30' title="bbox 953 2012 2848 2084; baseline -0.003 -13"><span class='ocrx_word' id='word_1_267' title='bbox 953 2020 1068 2072; x_wconf 89' lang='grc' dir='ltr'><strong>ΞΖ’.</strong></span> <span class='ocrx_word' id='word_1_268' title='bbox 1838 2027 1879 2084; x_wconf 80' lang='grc' dir='ltr'><strong>Β</strong></span> <span class='ocrx_word' id='word_1_269' title='bbox 2635 2012 2848 2067; x_wconf 75' lang='lat' dir='ltr'><strong>LXVII.</strong></span> 
     </span>
    </p>
   </div>
   <div class='ocr_carea' id='block_1_31' title="bbox 302 2103 2177 2187">
    <p class='ocr_par' dir='ltr' id='par_1_31' title="bbox 302 2109 2177 2187">
     <span class='ocr_line' id='line_1_31' title="bbox 302 2109 2177 2187; baseline -0.009 -16"><span class='ocrx_word' id='word_1_270' title='bbox 302 2117 526 2187; x_wconf 85' lang='grc' dir='ltr'>Πλούτῳ</span> <span class='ocrx_word' id='word_1_271' title='bbox 553 2118 581 2169; x_wconf 86' lang='grc' dir='ltr'>ὁ</span> <span class='ocrx_word' id='word_1_272' title='bbox 619 2116 715 2185; x_wconf 85' lang='grc' dir='ltr'>μὲν</span> <span class='ocrx_word' id='word_1_273' title='bbox 744 2114 952 2184; x_wconf 77' lang='grc' dir='ltr'>ἣδεται,</span> <span class='ocrx_word' id='word_1_274' title='bbox 1010 2115 1069 2166; x_wconf 82' lang='grc' dir='ltr'>οὐ</span> <span class='ocrx_word' id='word_1_275' title='bbox 1121 2114 1182 2166; x_wconf 84' lang='grc' dir='ltr'><strong>τὸ</strong></span> <span class='ocrx_word' id='word_1_276' title='bbox 1225 2113 1447 2183; x_wconf 85' lang='grc' dir='ltr'>χρυσίον</span> <span class='ocrx_word' id='word_1_277' title='bbox 1490 2111 1805 2179; x_wconf 75' lang='grc' dir='ltr'>Θαυμάζων,</span> <span class='ocrx_word' id='word_1_278' title='bbox 1978 2109 2177 2162; x_wconf 76' lang='grc' dir='ltr'>ιΙυριιιιιῖ</span> 
     </span>
    </p>
   </div>
   <div class='ocr_carea' id='block_1_32' title="bbox 1605 2103 3480 2187">
    <p class='ocr_par' dir='ltr' id='par_1_32' title="bbox 1605 2103 3480 2179">
     <span class='ocr_line' id='line_1_32' title="bbox 1605 2103 3480 2179; baseline -0.004 -15"><span class='ocrx_word' id='word_1_279' title='bbox 1605 2112 1805 2179; x_wconf 76' lang='grc' dir='ltr'>μάζων,</span> <span class='ocrx_word' id='word_1_280' title='bbox 1978 2109 2236 2163; x_wconf 71' lang='lat' dir='ltr'><strong>Iucunda:</strong></span> <span class='ocrx_word' id='word_1_281' title='bbox 2268 2117 2391 2162; x_wconf 88' lang='lat' dir='ltr'><strong>sunt</strong></span> <span class='ocrx_word' id='word_1_282' title='bbox 2441 2108 2532 2160; x_wconf 89' lang='lat' dir='ltr'><strong>uni</strong></span> <span class='ocrx_word' id='word_1_283' title='bbox 2597 2107 2815 2168; x_wconf 75' lang='lat' dir='ltr'><strong>divitiae,</strong></span> <span class='ocrx_word' id='word_1_284' title='bbox 2847 2120 2952 2159; x_wconf 91' lang='lat' dir='ltr'><strong>non</strong></span> <span class='ocrx_word' id='word_1_285' title='bbox 2999 2119 3119 2158; x_wconf 87' lang='lat' dir='ltr'><strong>eam</strong></span> <span class='ocrx_word' id='word_1_286' title='bbox 3157 2103 3228 2158; x_wconf 93' lang='lat' dir='ltr'><strong>ob</strong></span> <span class='ocrx_word' id='word_1_287' title='bbox 3258 2119 3480 2170; x_wconf 79' lang='lat' dir='ltr'><strong>causam</strong></span> 
     </span>
    </p>
   </div>
   <div class='ocr_carea' id='block_1_33' title="bbox 228 2191 2103 2277">
    <p class='ocr_par' dir='ltr' id='par_1_33' title="bbox 228 2200 2103 2277">
     <span class='ocr_line' id='line_1_33' title="bbox 228 2200 2103 2277; baseline -0.005 -15"><span class='ocrx_word' id='word_1_288' title='bbox 228 2211 349 2264; x_wconf 80' lang='grc' dir='ltr'>ἀλλ’</span> <span class='ocrx_word' id='word_1_289' title='bbox 383 2211 457 2272; x_wconf 86' lang='grc' dir='ltr'>ὠς</span> <span class='ocrx_word' id='word_1_290' title='bbox 492 2207 639 2277; x_wconf 79' lang='grc' dir='ltr'>αὐτῷ</span> <span class='ocrx_word' id='word_1_291' title='bbox 669 2208 964 2276; x_wconf 78' lang='grc' dir='ltr'>δυνάμενος</span> <span class='ocrx_word' id='word_1_292' title='bbox 1017 2208 1206 2258; x_wconf 79' lang='grc' dir='ltr'>ἑαυτὸν</span> <span class='ocrx_word' id='word_1_293' title='bbox 1261 2205 1351 2257; x_wconf 80' lang='grc' dir='ltr'>καὶ</span> <span class='ocrx_word' id='word_1_294' title='bbox 1400 2206 1688 2271; x_wconf 81' lang='grc' dir='ltr'>δεομένους</span> <span class='ocrx_word' id='word_1_295' title='bbox 1747 2200 1803 2256; x_wconf 80' lang='grc' dir='ltr'>εὖ</span> <span class='ocrx_word' id='word_1_296' title='bbox 1909 2201 2052 2268; x_wconf 92' lang='lat' dir='ltr'><strong>quod</strong></span> <span class='ocrx_word' id='word_1_297' title='bbox 2092 2216 2103 2252; x_wconf 71' lang='grc' dir='ltr'><strong>ι</strong></span> 
     </span>
    </p>
   </div>
   <div class='ocr_carea' id='block_1_34' title="bbox 1608 2191 3483 2277">
    <p class='ocr_par' dir='ltr' id='par_1_34' title="bbox 1608 2191 3483 2268">
     <span class='ocr_line' id='line_1_34' title="bbox 1608 2191 3483 2268; baseline -0.005 -13"><span class='ocrx_word' id='word_1_298' title='bbox 1608 2221 1688 2264; x_wconf 70' lang='lat' dir='ltr'><strong>mc</strong></span> <span class='ocrx_word' id='word_1_299' title='bbox 1747 2200 1803 2256; x_wconf 80' lang='grc' dir='ltr'>εὖ</span> <span class='ocrx_word' id='word_1_300' title='bbox 1909 2201 2052 2268; x_wconf 92' lang='lat' dir='ltr'><strong>quod</strong></span> <span class='ocrx_word' id='word_1_301' title='bbox 2092 2191 2282 2252; x_wconf 86' lang='lat' dir='ltr'><strong>aurum</strong></span> <span class='ocrx_word' id='word_1_302' title='bbox 2310 2199 2630 2260; x_wconf 83' lang='lat' dir='ltr'><strong>admiretur,</strong></span> <span class='ocrx_word' id='word_1_303' title='bbox 2664 2197 2758 2250; x_wconf 90' lang='lat' dir='ltr'><strong>sed</strong></span> <span class='ocrx_word' id='word_1_304' title='bbox 2786 2197 2930 2265; x_wconf 88' lang='lat' dir='ltr'><strong>quod</strong></span> <span class='ocrx_word' id='word_1_305' title='bbox 2969 2196 3035 2250; x_wconf 90' lang='lat' dir='ltr'><strong>iis</strong></span> <span class='ocrx_word' id='word_1_306' title='bbox 3068 2206 3178 2248; x_wconf 89' lang='lat' dir='ltr'><strong>tum</strong></span> <span class='ocrx_word' id='word_1_307' title='bbox 3211 2195 3336 2258; x_wconf 82' lang='lat' dir='ltr'><strong>sibi,</strong></span> <span class='ocrx_word' id='word_1_308' title='bbox 3372 2204 3483 2248; x_wconf 90' lang='lat' dir='ltr'><strong>tum</strong></span> 
     </span>
    </p>
   </div>
   <div class='ocr_carea' id='block_1_35' title="bbox 231 2288 2106 2364">
    <p class='ocr_par' dir='ltr' id='par_1_35' title="bbox 231 2292 2106 2364">
     <span class='ocr_line' id='line_1_35' title="bbox 231 2292 2106 2364; baseline -0.005 -13"><span class='ocrx_word' id='word_1_309' title='bbox 231 2303 410 2352; x_wconf 79' lang='grc' dir='ltr'>ποιεῖν</span> <span class='ocrx_word' id='word_1_310' title='bbox 430 2316 442 2330; x_wconf 86' lang='grc'><strong>·</strong></span> <span class='ocrx_word' id='word_1_311' title='bbox 480 2298 639 2359; x_wconf 76' lang='grc' dir='ltr'>ἄλλος</span> <span class='ocrx_word' id='word_1_312' title='bbox 667 2296 710 2348; x_wconf 84' lang='grc' dir='ltr'>δ’</span> <span class='ocrx_word' id='word_1_313' title='bbox 741 2297 818 2350; x_wconf 85' lang='grc' dir='ltr'><strong>ῶν</strong></span> <span class='ocrx_word' id='word_1_314' title='bbox 872 2297 1191 2364; x_wconf 84' lang='grc' dir='ltr'>ἀκόρεστος,</span> <span class='ocrx_word' id='word_1_315' title='bbox 1229 2298 1323 2347; x_wconf 82' lang='grc' dir='ltr'>καὶ</span> <span class='ocrx_word' id='word_1_316' title='bbox 1355 2297 1413 2348; x_wconf 79' lang='grc' dir='ltr'><strong>τὸ</strong></span> <span class='ocrx_word' id='word_1_317' title='bbox 1443 2295 1692 2348; x_wconf 80' lang='grc' dir='ltr'>πλουτεῖν</span> <span class='ocrx_word' id='word_1_318' title='bbox 1719 2297 1806 2349; x_wconf 86' lang='grc' dir='ltr'>τέ·</span> <span class='ocrx_word' id='word_1_319' title='bbox 1907 2292 2029 2346; x_wconf 86' lang='lat' dir='ltr'><strong>aliis</strong></span> <span class='ocrx_word' id='word_1_320' title='bbox 2065 2293 2106 2346; x_wconf 74' lang='lat' dir='ltr'><strong>bl</strong></span> 
     </span>
    </p>
   </div>
   <div class='ocr_carea' id='block_1_36' title="bbox 1606 2288 3481 2364">
    <p class='ocr_par' dir='ltr' id='par_1_36' title="bbox 1606 2288 3481 2360">
     <span class='ocr_line' id='line_1_36' title="bbox 1606 2288 3481 2360; baseline -0.005 -12"><span class='ocrx_word' id='word_1_321' title='bbox 1606 2298 1692 2348; x_wconf 75' lang='lat' dir='ltr'><strong>reiv</strong></span> <span class='ocrx_word' id='word_1_322' title='bbox 1719 2297 1806 2349; x_wconf 86' lang='grc' dir='ltr'>τέ·</span> <span class='ocrx_word' id='word_1_323' title='bbox 1907 2292 2029 2346; x_wconf 89' lang='lat' dir='ltr'><strong>aliis</strong></span> <span class='ocrx_word' id='word_1_324' title='bbox 2065 2293 2200 2346; x_wconf 84' lang='lat' dir='ltr'><strong>bene</strong></span> <span class='ocrx_word' id='word_1_325' title='bbox 2237 2291 2414 2346; x_wconf 81' lang='lat' dir='ltr'><strong>facere</strong></span> <span class='ocrx_word' id='word_1_326' title='bbox 2456 2292 2647 2360; x_wconf 88' lang='lat' dir='ltr'><strong>possit.</strong></span> <span class='ocrx_word' id='word_1_327' title='bbox 2688 2291 2862 2356; x_wconf 83' lang='lat' dir='ltr'><strong>Alius,</strong></span> <span class='ocrx_word' id='word_1_328' title='bbox 2894 2299 3084 2343; x_wconf 90' lang='lat' dir='ltr'><strong>natura</strong></span> <span class='ocrx_word' id='word_1_329' title='bbox 3134 2288 3481 2350; x_wconf 77' lang='lat' dir='ltr'><strong>insatiabilisl</strong></span> 
     </span>
    </p>
   </div>
   <div class='ocr_carea' id='block_1_37' title="bbox 230 2377 2105 2461">
    <p class='ocr_par' dir='ltr' id='par_1_37' title="bbox 230 2389 2105 2461">
     <span class='ocr_line' id='line_1_37' title="bbox 230 2389 2105 2461; baseline -0.005 -16"><span class='ocrx_word' id='word_1_330' title='bbox 230 2394 324 2456; x_wconf 83' lang='grc' dir='ltr'><strong>λος</strong></span> <span class='ocrx_word' id='word_1_331' title='bbox 380 2392 540 2461; x_wconf 75' lang='grc' dir='ltr'>ἔχων,</span> <span class='ocrx_word' id='word_1_332' title='bbox 607 2390 703 2442; x_wconf 74' lang='grc' dir='ltr'>καὶ</span> <span class='ocrx_word' id='word_1_333' title='bbox 765 2389 1012 2442; x_wconf 88' lang='grc' dir='ltr'>πλουτῶν</span> <span class='ocrx_word' id='word_1_334' title='bbox 1066 2389 1325 2457; x_wconf 85' lang='grc' dir='ltr'>άδημονεῖ</span> <span class='ocrx_word' id='word_1_335' title='bbox 1390 2390 1482 2442; x_wconf 77' lang='grc' dir='ltr'>καὶ</span> <span class='ocrx_word' id='word_1_336' title='bbox 1538 2389 1676 2441; x_wconf 83' lang='grc' dir='ltr'>κατὰ</span> <span class='ocrx_word' id='word_1_337' title='bbox 1717 2390 1808 2442; x_wconf 73' lang='grc' dir='ltr'><strong>τὶν</strong></span> <span class='ocrx_word' id='word_1_338' title='bbox 1913 2399 2105 2436; x_wconf 80' lang='grc' dir='ltr'>υιιυιηί</span> 
     </span>
    </p>
   </div>
   <div class='ocr_carea' id='block_1_38' title="bbox 1608 2377 3483 2461">
    <p class='ocr_par' dir='ltr' id='par_1_38' title="bbox 1611 2377 3483 2452">
     <span class='ocr_line' id='line_1_38' title="bbox 1611 2377 3483 2452; baseline -0.005 -11"><span class='ocrx_word' id='word_1_339' title='bbox 1611 2389 1676 2441; x_wconf 84' lang='grc' dir='ltr'>τὰ</span> <span class='ocrx_word' id='word_1_340' title='bbox 1717 2390 1808 2442; x_wconf 72' lang='grc' dir='ltr'><strong>τὶν</strong></span> <span class='ocrx_word' id='word_1_341' title='bbox 1913 2399 2195 2452; x_wconf 90' lang='lat' dir='ltr'><strong>unumque</strong></span> <span class='ocrx_word' id='word_1_342' title='bbox 2242 2384 2399 2436; x_wconf 84' lang='lat' dir='ltr'><strong>ﬁnem</strong></span> <span class='ocrx_word' id='word_1_343' title='bbox 2431 2393 2706 2452; x_wconf 82' lang='lat' dir='ltr'><strong>spectans,</strong></span> <span class='ocrx_word' id='word_1_344' title='bbox 2741 2392 2796 2436; x_wconf 92' lang='lat' dir='ltr'><strong>ut</strong></span> <span class='ocrx_word' id='word_1_345' title='bbox 2829 2381 3024 2450; x_wconf 84' lang='lat' dir='ltr'><strong>Opibus</strong></span> <span class='ocrx_word' id='word_1_346' title='bbox 3065 2380 3269 2444; x_wconf 82' lang='lat' dir='ltr'><strong>aﬂIuat,</strong></span> <span class='ocrx_word' id='word_1_347' title='bbox 3322 2377 3483 2432; x_wconf 80' lang='lat' dir='ltr'><strong>etiam</strong></span> 
     </span>
    </p>
   </div>
   <div class='ocr_carea' id='block_1_39' title="bbox 246 2472 2121 2554">
    <p class='ocr_par' dir='ltr' id='par_1_39' title="bbox 246 2479 2108 2554">
     <span class='ocr_line' id='line_1_39' title="bbox 246 2479 2108 2554; baseline -0.003 -16"><span class='ocrx_word' id='word_1_348' title='bbox 246 2485 462 2554; x_wconf 77' lang='grc' dir='ltr'>ἄφρονα</span> <span class='ocrx_word' id='word_1_349' title='bbox 493 2483 753 2536; x_wconf 83' lang='grc' dir='ltr'>πλούσιον</span> <span class='ocrx_word' id='word_1_350' title='bbox 785 2479 1011 2550; x_wconf 73' lang='grc' dir='ltr'>οἰμώζει</span> <span class='ocrx_word' id='word_1_351' title='bbox 1039 2480 1242 2543; x_wconf 83' lang='grc' dir='ltr'>κλάων,</span> <span class='ocrx_word' id='word_1_352' title='bbox 1263 2481 1325 2532; x_wconf 83' lang='grc' dir='ltr'>Τί</span> <span class='ocrx_word' id='word_1_353' title='bbox 1359 2481 1582 2548; x_wconf 77' lang='grc' dir='ltr'>πράξως</span> <span class='ocrx_word' id='word_1_354' title='bbox 1608 2481 1800 2547; x_wconf 80' lang='grc' dir='ltr'>λέγων,</span> <span class='ocrx_word' id='word_1_355' title='bbox 1916 2489 2108 2532; x_wconf 87' lang='lat' dir='ltr'><strong>nactus</strong></span> 
     </span>
    </p>
   </div>
   <div class='ocr_carea' id='block_1_40' title="bbox 1610 2472 3485 2554">
    <p class='ocr_par' dir='ltr' id='par_1_40' title="bbox 1610 2472 3485 2547">
     <span class='ocr_line' id='line_1_40' title="bbox 1610 2472 3485 2547; baseline -0.005 -16"><span class='ocrx_word' id='word_1_356' title='bbox 1610 2481 1800 2547; x_wconf 84' lang='grc' dir='ltr'>λέγων,</span> <span class='ocrx_word' id='word_1_357' title='bbox 1916 2489 2108 2532; x_wconf 88' lang='lat' dir='ltr'><strong>nactus</strong></span> <span class='ocrx_word' id='word_1_358' title='bbox 2146 2494 2239 2531; x_wconf 82' lang='lat' dir='ltr'><strong>eas</strong></span> <span class='ocrx_word' id='word_1_359' title='bbox 2284 2479 2523 2546; x_wconf 88' lang='lat' dir='ltr'><strong>angitur,</strong></span> <span class='ocrx_word' id='word_1_360' title='bbox 2587 2493 2654 2531; x_wconf 73' lang='lat' dir='ltr'><strong>ac</strong></span> <span class='ocrx_word' id='word_1_361' title='bbox 2709 2476 2893 2530; x_wconf 85' lang='lat' dir='ltr'><strong>divitis</strong></span> <span class='ocrx_word' id='word_1_362' title='bbox 2952 2475 3097 2528; x_wconf 86' lang='lat' dir='ltr'><strong>illius</strong></span> <span class='ocrx_word' id='word_1_363' title='bbox 3154 2472 3305 2526; x_wconf 84' lang='lat' dir='ltr'><strong>stulti</strong></span> <span class='ocrx_word' id='word_1_364' title='bbox 3335 2485 3485 2524; x_wconf 88' lang='lat' dir='ltr'><strong>more</strong></span> 
     </span>
    </p>
   </div>
   <div class='ocr_carea' id='block_1_41' title="bbox 232 2569 2107 2645">
    <p class='ocr_par' dir='ltr' id='par_1_41' title="bbox 232 2569 2101 2645">
     <span class='ocr_line' id='line_1_41' title="bbox 232 2569 2101 2645; baseline -0.003 -17"><span class='ocrx_word' id='word_1_365' title='bbox 232 2577 285 2628; x_wconf 89' lang='grc' dir='ltr'><strong>τί</strong></span> <span class='ocrx_word' id='word_1_366' title='bbox 314 2576 614 2645; x_wconf 79' lang='grc' dir='ltr'>χρήσομαι;</span> <span class='ocrx_word' id='word_1_367' title='bbox 662 2575 744 2625; x_wconf 84' lang='grc' dir='ltr'>ὅτι</span> <span class='ocrx_word' id='word_1_368' title='bbox 797 2589 887 2642; x_wconf 88' lang='grc' dir='ltr'><strong>μοι</strong></span> <span class='ocrx_word' id='word_1_369' title='bbox 925 2573 987 2624; x_wconf 83' lang='grc' dir='ltr'><strong>τὸ</strong></span> <span class='ocrx_word' id='word_1_370' title='bbox 1035 2572 1187 2641; x_wconf 83' lang='grc' dir='ltr'>λήϊον</span> <span class='ocrx_word' id='word_1_371' title='bbox 1233 2569 1485 2640; x_wconf 77' lang='grc' dir='ltr'>εὔφορον,</span> <span class='ocrx_word' id='word_1_372' title='bbox 1541 2569 1633 2623; x_wconf 73' lang='grc' dir='ltr'>καὶ</span> <span class='ocrx_word' id='word_1_373' title='bbox 1689 2575 1807 2634; x_wconf 83' lang='grc' dir='ltr'>ταῖς</span> <span class='ocrx_word' id='word_1_374' title='bbox 1917 2572 2101 2642; x_wconf 89' lang='lat' dir='ltr'><strong>ploran</strong></span> 
     </span>
    </p>
   </div>
   <div class='ocr_carea' id='block_1_42' title="bbox 1610 2569 3485 2645">
    <p class='ocr_par' dir='ltr' id='par_1_42' title="bbox 1611 2569 3485 2642">
     <span class='ocr_line' id='line_1_42' title="bbox 1611 2569 3485 2642; baseline -0.004 -19"><span class='ocrx_word' id='word_1_375' title='bbox 1611 2569 1633 2623; x_wconf 76' lang='lat' dir='ltr'><strong>l</strong></span> <span class='ocrx_word' id='word_1_376' title='bbox 1689 2575 1807 2634; x_wconf 83' lang='grc' dir='ltr'>ταῖς</span> <span class='ocrx_word' id='word_1_377' title='bbox 1917 2572 2133 2642; x_wconf 90' lang='lat' dir='ltr'><strong>plorans</strong></span> <span class='ocrx_word' id='word_1_378' title='bbox 2197 2571 2390 2634; x_wconf 84' lang='lat' dir='ltr'><strong>ululat,</strong></span> <span class='ocrx_word' id='word_1_379' title='bbox 2428 2571 2594 2636; x_wconf 50' lang='lat' dir='ltr'><strong>Quid,</strong></span> <span class='ocrx_word' id='word_1_380' title='bbox 2632 2569 2851 2632; x_wconf 80' lang='lat' dir='ltr'><strong>faciam,</strong></span> <span class='ocrx_word' id='word_1_381' title='bbox 2915 2569 3193 2636; x_wconf 89' lang='lat' dir='ltr'><strong>inquiens,</strong></span> <span class='ocrx_word' id='word_1_382' title='bbox 3240 2570 3357 2634; x_wconf 86' lang='lat' dir='ltr'><strong>quo</strong></span> <span class='ocrx_word' id='word_1_383' title='bbox 3404 2580 3485 2616; x_wconf 80' lang='lat' dir='ltr'><strong>uie</strong></span> 
     </span>
    </p>
   </div>
   <div class='ocr_carea' id='block_1_43' title="bbox 239 2657 2114 2735">
    <p class='ocr_par' dir='ltr' id='par_1_43' title="bbox 239 2660 2114 2735">
     <span class='ocr_line' id='line_1_43' title="bbox 239 2660 2114 2735; baseline 0.001 -19"><span class='ocrx_word' id='word_1_384' title='bbox 239 2667 419 2735; x_wconf 73' lang='grc' dir='ltr'>ληνοῖς</span> <span class='ocrx_word' id='word_1_385' title='bbox 449 2667 496 2717; x_wconf 81' lang='grc' dir='ltr'>οἱ</span> <span class='ocrx_word' id='word_1_386' title='bbox 533 2664 757 2733; x_wconf 69' lang='grc' dir='ltr'>βότρυες</span> <span class='ocrx_word' id='word_1_387' title='bbox 788 2661 848 2714; x_wconf 85' lang='grc' dir='ltr'>οὑ</span> <span class='ocrx_word' id='word_1_388' title='bbox 900 2660 1159 2730; x_wconf 76' lang='grc' dir='ltr'>χωρητοὶ,</span> <span class='ocrx_word' id='word_1_389' title='bbox 1217 2661 1310 2712; x_wconf 75' lang='grc' dir='ltr'>καὶ</span> <span class='ocrx_word' id='word_1_390' title='bbox 1360 2662 1468 2713; x_wconf 84' lang='grc' dir='ltr'>πᾶν</span> <span class='ocrx_word' id='word_1_391' title='bbox 1507 2676 1596 2726; x_wconf 87' lang='grc' dir='ltr'><strong>μοι</strong></span> <span class='ocrx_word' id='word_1_392' title='bbox 1637 2660 1809 2730; x_wconf 79' lang='grc' dir='ltr'><strong>βρίθει</strong></span> <span class='ocrx_word' id='word_1_393' title='bbox 1917 2674 2075 2733; x_wconf 89' lang='lat' dir='ltr'><strong>pacto</strong></span> <span class='ocrx_word' id='word_1_394' title='bbox 2111 2685 2114 2728; x_wconf 80' lang='grc' dir='ltr'><strong>ι</strong></span> 
     </span>
    </p>
   </div>
   <div class='ocr_carea' id='block_1_44' title="bbox 1611 2657 3486 2735">
    <p class='ocr_par' dir='ltr' id='par_1_44' title="bbox 1637 2657 3486 2733">
     <span class='ocr_line' id='line_1_44' title="bbox 1637 2657 3486 2733; baseline -0.001 -22"><span class='ocrx_word' id='word_1_395' title='bbox 1637 2660 1809 2730; x_wconf 79' lang='grc' dir='ltr'>βρίθει</span> <span class='ocrx_word' id='word_1_396' title='bbox 1917 2674 2075 2733; x_wconf 89' lang='lat' dir='ltr'><strong>pacto</strong></span> <span class='ocrx_word' id='word_1_397' title='bbox 2111 2662 2330 2732; x_wconf 87' lang='lat' dir='ltr'><strong>geram?</strong></span> <span class='ocrx_word' id='word_1_398' title='bbox 2361 2677 2517 2731; x_wconf 82' lang='lat' dir='ltr'><strong>seges</strong></span> <span class='ocrx_word' id='word_1_399' title='bbox 2543 2662 2675 2715; x_wconf 89' lang='lat' dir='ltr'><strong>mihi</strong></span> <span class='ocrx_word' id='word_1_400' title='bbox 2706 2661 2923 2731; x_wconf 87' lang='lat' dir='ltr'><strong>copiosa</strong></span> <span class='ocrx_word' id='word_1_401' title='bbox 2985 2657 3253 2729; x_wconf 83' lang='lat' dir='ltr'><strong>provenit,</strong></span> <span class='ocrx_word' id='word_1_402' title='bbox 3288 2670 3342 2711; x_wconf 90' lang='lat' dir='ltr'><strong>et</strong></span> <span class='ocrx_word' id='word_1_403' title='bbox 3401 2671 3486 2710; x_wconf 88' lang='lat' dir='ltr'><strong>ra-</strong></span> 
     </span>
    </p>
   </div>
   <div class='ocr_carea' id='block_1_45' title="bbox 241 2747 2116 2822">
    <p class='ocr_par' dir='ltr' id='par_1_45' title="bbox 241 2749 2102 2822">
     <span class='ocr_line' id='line_1_45' title="bbox 241 2749 2102 2822; baseline 0 -16"><span class='ocrx_word' id='word_1_404' title='bbox 241 2754 427 2822; x_wconf 80' lang='grc' dir='ltr'>φυτὺν,</span> <span class='ocrx_word' id='word_1_405' title='bbox 459 2755 553 2806; x_wconf 72' lang='grc' dir='ltr'>καὶ</span> <span class='ocrx_word' id='word_1_406' title='bbox 601 2753 757 2805; x_wconf 80' lang='grc' dir='ltr'>κενὸν</span> <span class='ocrx_word' id='word_1_407' title='bbox 791 2750 947 2804; x_wconf 82' lang='grc' dir='ltr'>οὐδὲν</span> <span class='ocrx_word' id='word_1_408' title='bbox 1002 2751 1163 2804; x_wconf 77' lang='grc' dir='ltr'>οἴκοι.</span> <span class='ocrx_word' id='word_1_409' title='bbox 1220 2751 1328 2805; x_wconf 75' lang='grc' dir='ltr'><strong>Καὶ</strong></span> <span class='ocrx_word' id='word_1_410' title='bbox 1376 2749 1482 2819; x_wconf 78' lang='grc' dir='ltr'>μὴν</span> <span class='ocrx_word' id='word_1_411' title='bbox 1515 2749 1672 2818; x_wconf 79' lang='grc' dir='ltr'>δόξης</span> <span class='ocrx_word' id='word_1_412' title='bbox 1729 2767 1812 2813; x_wconf 86' lang='grc' dir='ltr'><strong>τις</strong></span> <span class='ocrx_word' id='word_1_413' title='bbox 1917 2769 2102 2808; x_wconf 89' lang='lat' dir='ltr'><strong>cemos</strong></span> 
     </span>
    </p>
   </div>
   <div class='ocr_carea' id='block_1_46' title="bbox 1613 2747 3488 2822">
    <p class='ocr_par' dir='ltr' id='par_1_46' title="bbox 1613 2747 3488 2821">
     <span class='ocr_line' id='line_1_46' title="bbox 1613 2747 3488 2821; baseline -0.007 -10"><span class='ocrx_word' id='word_1_414' title='bbox 1613 2767 1672 2818; x_wconf 78' lang='grc' dir='ltr'>ης</span> <span class='ocrx_word' id='word_1_415' title='bbox 1729 2767 1812 2813; x_wconf 73' lang='grc' dir='ltr'><strong>τις</strong></span> <span class='ocrx_word' id='word_1_416' title='bbox 1917 2769 2102 2808; x_wconf 89' lang='lat' dir='ltr'><strong>cemos</strong></span> <span class='ocrx_word' id='word_1_417' title='bbox 2129 2753 2418 2806; x_wconf 78' lang='lat' dir='ltr'><strong>tm-cularia</strong></span> <span class='ocrx_word' id='word_1_418' title='bbox 2457 2767 2564 2806; x_wconf 91' lang='lat' dir='ltr'><strong>non</strong></span> <span class='ocrx_word' id='word_1_419' title='bbox 2600 2753 2844 2821; x_wconf 88' lang='lat' dir='ltr'><strong>capiunt.</strong></span> <span class='ocrx_word' id='word_1_420' title='bbox 2896 2752 3097 2804; x_wconf 89' lang='lat' dir='ltr'><strong>Omnes</strong></span> <span class='ocrx_word' id='word_1_421' title='bbox 3130 2748 3260 2802; x_wconf 88' lang='lat' dir='ltr'><strong>mibi</strong></span> <span class='ocrx_word' id='word_1_422' title='bbox 3293 2747 3488 2801; x_wconf 80' lang='lat' dir='ltr'><strong>fructi-</strong></span> 
     </span>
    </p>
   </div>
   <div class='ocr_carea' id='block_1_47' title="bbox 242 2840 2117 2914">
    <p class='ocr_par' dir='ltr' id='par_1_47' title="bbox 242 2840 2117 2914">
     <span class='ocr_line' id='line_1_47' title="bbox 242 2840 2117 2914; baseline -0.003 -16"><span class='ocrx_word' id='word_1_423' title='bbox 242 2845 591 2914; x_wconf 77' lang='grc' dir='ltr'>ἀφεστῃκὼς,</span> <span class='ocrx_word' id='word_1_424' title='bbox 625 2843 852 2896; x_wconf 80' lang='grc' dir='ltr'>καὶτῶν</span> <span class='ocrx_word' id='word_1_425' title='bbox 884 2841 978 2894; x_wconf 84' lang='grc' dir='ltr'>τοῦ</span> <span class='ocrx_word' id='word_1_426' title='bbox 1007 2841 1204 2908; x_wconf 76' lang='grc' dir='ltr'>φθόνου</span> <span class='ocrx_word' id='word_1_427' title='bbox 1254 2840 1343 2892; x_wconf 86' lang='grc' dir='ltr'><strong>διά</strong></span> <span class='ocrx_word' id='word_1_428' title='bbox 1399 2840 1562 2892; x_wconf 81' lang='grc' dir='ltr'>τοῦτο</span> <span class='ocrx_word' id='word_1_429' title='bbox 1618 2841 1809 2909; x_wconf 83' lang='grc' dir='ltr'>βελῶν,</span> <span class='ocrx_word' id='word_1_430' title='bbox 1919 2845 2022 2899; x_wconf 82' lang='lat' dir='ltr'><strong>bus</strong></span> <span class='ocrx_word' id='word_1_431' title='bbox 2052 2858 2117 2898; x_wconf 89' lang='lat' dir='ltr'><strong>on</strong></span> 
     </span>
    </p>
   </div>
   <div class='ocr_carea' id='block_1_48' title="bbox 1614 2840 3489 2914">
    <p class='ocr_par' dir='ltr' id='par_1_48' title="bbox 1618 2841 3489 2909">
     <span class='ocr_line' id='line_1_48' title="bbox 1618 2841 3489 2909; baseline -0.003 -10"><span class='ocrx_word' id='word_1_432' title='bbox 1618 2841 1809 2909; x_wconf 81' lang='grc' dir='ltr'>βελῶν,</span> <span class='ocrx_word' id='word_1_433' title='bbox 1919 2845 2022 2899; x_wconf 91' lang='lat' dir='ltr'><strong>bus</strong></span> <span class='ocrx_word' id='word_1_434' title='bbox 2052 2845 2684 2907; x_wconf 60' lang='lat' dir='ltr'><strong>onustas,suntarbores,</strong></span> <span class='ocrx_word' id='word_1_435' title='bbox 2719 2859 2819 2898; x_wconf 89' lang='lat' dir='ltr'><strong>nec</strong></span> <span class='ocrx_word' id='word_1_436' title='bbox 2859 2856 3090 2897; x_wconf 86' lang='lat' dir='ltr'><strong>vacuum</strong></span> <span class='ocrx_word' id='word_1_437' title='bbox 3137 2841 3284 2895; x_wconf 84' lang='lat' dir='ltr'><strong>domi</strong></span> <span class='ocrx_word' id='word_1_438' title='bbox 3329 2841 3489 2908; x_wconf 89' lang='lat' dir='ltr'><strong>quid-</strong></span> 
     </span>
    </p>
   </div>
   <div class='ocr_carea' id='block_1_49' title="bbox 242 2929 2117 3008">
    <p class='ocr_par' dir='ltr' id='par_1_49' title="bbox 242 2929 2102 3008">
     <span class='ocr_line' id='line_1_49' title="bbox 242 2929 2102 3008; baseline -0.004 -17"><span class='ocrx_word' id='word_1_439' title='bbox 242 2940 472 3008; x_wconf 82' lang='grc' dir='ltr'>νομίσας</span> <span class='ocrx_word' id='word_1_440' title='bbox 521 2937 620 2988; x_wconf 80' lang='grc' dir='ltr'>οὐκ</span> <span class='ocrx_word' id='word_1_441' title='bbox 678 2929 819 2988; x_wconf 80' lang='grc' dir='ltr'>εἶναί</span> <span class='ocrx_word' id='word_1_442' title='bbox 863 2935 913 2986; x_wconf 80' lang='lat' dir='ltr'><strong>oi</strong></span> <span class='ocrx_word' id='word_1_443' title='bbox 971 2931 1182 3000; x_wconf 80' lang='grc' dir='ltr'>βιωτὸν,</span> <span class='ocrx_word' id='word_1_444' title='bbox 1233 2932 1280 2984; x_wconf 79' lang='grc' dir='ltr'>εἰ</span> <span class='ocrx_word' id='word_1_445' title='bbox 1322 2930 1397 3001; x_wconf 83' lang='grc' dir='ltr'><strong>μὴ</strong></span> <span class='ocrx_word' id='word_1_446' title='bbox 1438 2933 1812 3001; x_wconf 77' lang='grc' dir='ltr'>προσκυνοίτο,</span> <span class='ocrx_word' id='word_1_447' title='bbox 1917 2952 2102 3004; x_wconf 79' lang='lat' dir='ltr'><strong>quam.</strong></span> 
     </span>
    </p>
   </div>
   <div class='ocr_carea' id='block_1_50' title="bbox 1614 2929 3489 3008">
    <p class='ocr_par' dir='ltr' id='par_1_50' title="bbox 1616 2933 3489 3006">
     <span class='ocr_line' id='line_1_50' title="bbox 1616 2933 3489 3006; baseline 0.001 -24"><span class='ocrx_word' id='word_1_448' title='bbox 1616 2933 1812 2994; x_wconf 77' lang='grc' dir='ltr'>υνοῐτο,</span> <span class='ocrx_word' id='word_1_449' title='bbox 1917 2952 2102 3004; x_wconf 87' lang='lat' dir='ltr'><strong>quam.</strong></span> <span class='ocrx_word' id='word_1_450' title='bbox 2135 2937 2287 2990; x_wconf 80' lang='lat' dir='ltr'><strong>Alius</strong></span> <span class='ocrx_word' id='word_1_451' title='bbox 2311 2951 2339 2988; x_wconf 92' lang='lat' dir='ltr'><strong>a</strong></span> <span class='ocrx_word' id='word_1_452' title='bbox 2365 2935 2539 3006; x_wconf 89' lang='lat' dir='ltr'><strong>gloria</strong></span> <span class='ocrx_word' id='word_1_453' title='bbox 2572 2935 2854 2997; x_wconf 86' lang='lat' dir='ltr'><strong>remotior,</strong></span> <span class='ocrx_word' id='word_1_454' title='bbox 2884 2943 2940 2988; x_wconf 89' lang='lat' dir='ltr'><strong>et</strong></span> <span class='ocrx_word' id='word_1_455' title='bbox 2971 2933 3218 2988; x_wconf 87' lang='lat' dir='ltr'><strong>eamdem</strong></span> <span class='ocrx_word' id='word_1_456' title='bbox 3250 2935 3319 2986; x_wconf 92' lang='lat' dir='ltr'><strong>ob</strong></span> <span class='ocrx_word' id='word_1_457' title='bbox 3360 2947 3489 2987; x_wconf 87' lang='lat' dir='ltr'><strong>can-</strong></span> 
     </span>
    </p>
   </div>
   <div class='ocr_carea' id='block_1_51' title="bbox 241 3021 2116 3098">
    <p class='ocr_par' dir='ltr' id='par_1_51' title="bbox 241 3021 2116 3098">
     <span class='ocr_line' id='line_1_51' title="bbox 241 3021 2116 3098; baseline -0.004 -16"><span class='ocrx_word' id='word_1_458' title='bbox 241 3032 459 3098; x_wconf 77' lang='grc' dir='ltr'>ἐκείνης</span> <span class='ocrx_word' id='word_1_459' title='bbox 494 3028 542 3080; x_wconf 79' lang='grc' dir='ltr'>θ’</span> <span class='ocrx_word' id='word_1_460' title='bbox 586 3027 704 3098; x_wconf 76' lang='grc' dir='ltr'>ἅμα</span> <span class='ocrx_word' id='word_1_461' title='bbox 750 3025 950 3095; x_wconf 86' lang='grc' dir='ltr'>τυχὼν,</span> <span class='ocrx_word' id='word_1_462' title='bbox 990 3025 1086 3076; x_wconf 83' lang='grc' dir='ltr'>καὶ</span> <span class='ocrx_word' id='word_1_463' title='bbox 1144 3023 1252 3077; x_wconf 82' lang='grc' dir='ltr'><strong>τῶν</strong></span> <span class='ocrx_word' id='word_1_464' title='bbox 1304 3021 1472 3091; x_wconf 82' lang='grc' dir='ltr'>βελῶν</span> <span class='ocrx_word' id='word_1_465' title='bbox 1515 3022 1815 3092; x_wconf 68' lang='grc' dir='ltr'>πειραθεὶς,</span> <span class='ocrx_word' id='word_1_466' title='bbox 1921 3043 2034 3083; x_wconf 80' lang='lat' dir='ltr'><strong>sam</strong></span> <span class='ocrx_word' id='word_1_467' title='bbox 2068 3028 2116 3081; x_wconf 82' lang='lat' dir='ltr'><strong>al</strong></span> 
     </span>
    </p>
   </div>
   <div class='ocr_carea' id='block_1_52' title="bbox 1616 3021 3491 3098">
    <p class='ocr_par' dir='ltr' id='par_1_52' title="bbox 1616 3022 3491 3096">
     <span class='ocr_line' id='line_1_52' title="bbox 1616 3022 3491 3096; baseline -0.004 -11"><span class='ocrx_word' id='word_1_468' title='bbox 1616 3022 1815 3092; x_wconf 68' lang='grc' dir='ltr'>ραθεὶς.</span> <span class='ocrx_word' id='word_1_469' title='bbox 1921 3043 2034 3083; x_wconf 85' lang='lat' dir='ltr'><strong>sam</strong></span> <span class='ocrx_word' id='word_1_470' title='bbox 2068 3028 2135 3083; x_wconf 89' lang='lat' dir='ltr'><strong>ab</strong></span> <span class='ocrx_word' id='word_1_471' title='bbox 2175 3029 2387 3083; x_wconf 82' lang='lat' dir='ltr'><strong>invidiae</strong></span> <span class='ocrx_word' id='word_1_472' title='bbox 2443 3042 2662 3096; x_wconf 89' lang='lat' dir='ltr'><strong>quoque</strong></span> <span class='ocrx_word' id='word_1_473' title='bbox 2720 3027 2860 3091; x_wconf 86' lang='lat' dir='ltr'><strong>telis,</strong></span> <span class='ocrx_word' id='word_1_474' title='bbox 2913 3036 3064 3080; x_wconf 85' lang='lat' dir='ltr'><strong>ratus</strong></span> <span class='ocrx_word' id='word_1_475' title='bbox 3111 3041 3178 3078; x_wconf 91' lang='lat' dir='ltr'><strong>ne</strong></span> <span class='ocrx_word' id='word_1_476' title='bbox 3205 3023 3491 3079; x_wconf 86' lang='lat' dir='ltr'><strong>vivendum</strong></span> 
     </span>
    </p>
   </div>
   <div class='ocr_carea' id='block_1_53' title="bbox 242 3112 2117 3188">
    <p class='ocr_par' dir='ltr' id='par_1_53' title="bbox 242 3112 2117 3188">
     <span class='ocr_line' id='line_1_53' title="bbox 242 3112 2117 3188; baseline -0.004 -16"><span class='ocrx_word' id='word_1_477' title='bbox 242 3121 357 3175; x_wconf 75' lang='grc' dir='ltr'>οὔτ’</span> <span class='ocrx_word' id='word_1_478' title='bbox 390 3120 570 3188; x_wconf 65' lang='grc' dir='ltr'>ἐκείνῃ</span> <span class='ocrx_word' id='word_1_479' title='bbox 600 3118 811 3188; x_wconf 89' lang='grc' dir='ltr'>χαίρων</span> <span class='ocrx_word' id='word_1_480' title='bbox 832 3112 921 3187; x_wconf 77' lang='grc' dir='ltr'>ἦν,</span> <span class='ocrx_word' id='word_1_481' title='bbox 961 3115 1057 3169; x_wconf 67' lang='grc' dir='ltr'><strong>καὶ⁵</strong></span> <span class='ocrx_word' id='word_1_482' title='bbox 1086 3115 1294 3184; x_wconf 83' lang='grc' dir='ltr'>θανατᾷ</span> <span class='ocrx_word' id='word_1_483' title='bbox 1322 3114 1397 3176; x_wconf 85' lang='grc' dir='ltr'><strong>ὡς</strong></span> <span class='ocrx_word' id='word_1_484' title='bbox 1431 3112 1816 3180; x_wconf 81' lang='grc' dir='ltr'>φθονούμενος.</span> <span class='ocrx_word' id='word_1_485' title='bbox 1924 3119 2117 3186; x_wconf 57' lang='lat' dir='ltr'><strong>quidet]</strong></span> 
     </span>
    </p>
   </div>
   <div class='ocr_carea' id='block_1_54' title="bbox 1618 3112 3493 3188">
    <p class='ocr_par' dir='ltr' id='par_1_54' title="bbox 1618 3112 3493 3188">
     <span class='ocr_line' id='line_1_54' title="bbox 1618 3112 3493 3188; baseline -0.006 -9"><span class='ocrx_word' id='word_1_486' title='bbox 1618 3112 1816 3179; x_wconf 63' lang='grc' dir='ltr'>ίμενοςο</span> <span class='ocrx_word' id='word_1_487' title='bbox 1924 3119 2143 3186; x_wconf 86' lang='lat' dir='ltr'><strong>quidem</strong></span> <span class='ocrx_word' id='word_1_488' title='bbox 2178 3120 2306 3184; x_wconf 88' lang='lat' dir='ltr'><strong>sibi,</strong></span> <span class='ocrx_word' id='word_1_489' title='bbox 2380 3119 2432 3172; x_wconf 94' lang='lat' dir='ltr'><strong>ni</strong></span> <span class='ocrx_word' id='word_1_490' title='bbox 2491 3120 2787 3184; x_wconf 89' lang='lat' dir='ltr'><strong>adoretur;</strong></span> <span class='ocrx_word' id='word_1_491' title='bbox 2836 3127 3125 3188; x_wconf 80' lang='lat' dir='ltr'><strong>postquam</strong></span> <span class='ocrx_word' id='word_1_492' title='bbox 3157 3125 3211 3170; x_wconf 87' lang='lat' dir='ltr'><strong>et</strong></span> <span class='ocrx_word' id='word_1_493' title='bbox 3270 3114 3493 3184; x_wconf 77' lang='lat' dir='ltr'><strong>adeptus</strong></span> 
     </span>
    </p>
   </div>
   <div class='ocr_carea' id='block_1_55' title="bbox 260 3201 2135 3282">
    <p class='ocr_par' dir='ltr' id='par_1_55' title="bbox 260 3201 2135 3282">
     <span class='ocr_line' id='line_1_55' title="bbox 260 3201 2135 3282; baseline -0.005 -17"><span class='ocrx_word' id='word_1_494' title='bbox 260 3212 462 3282; x_wconf 88' lang='grc' dir='ltr'>Ἐτέρῳ</span> <span class='ocrx_word' id='word_1_495' title='bbox 486 3211 530 3263; x_wconf 87' lang='grc' dir='ltr'>δ’</span> <span class='ocrx_word' id='word_1_496' title='bbox 561 3204 628 3263; x_wconf 85' lang='grc' dir='ltr'>αὖ</span> <span class='ocrx_word' id='word_1_497' title='bbox 649 3209 969 3278; x_wconf 76' lang='grc' dir='ltr'>ἐπέπρακτο</span> <span class='ocrx_word' id='word_1_498' title='bbox 987 3205 1317 3260; x_wconf 85' lang='grc' dir='ltr'>τούναντίον.</span> <span class='ocrx_word' id='word_1_499' title='bbox 1340 3204 1450 3256; x_wconf 79' lang='grc' dir='ltr'><strong>Καὶ</strong></span> <span class='ocrx_word' id='word_1_500' title='bbox 1473 3205 1649 3257; x_wconf 88' lang='grc' dir='ltr'>πάντα</span> <span class='ocrx_word' id='word_1_501' title='bbox 1672 3201 1728 3255; x_wconf 69' lang='grc' dir='ltr'>δὲ</span> <span class='ocrx_word' id='word_1_502' title='bbox 1753 3202 1822 3255; x_wconf 86' lang='grc' dir='ltr'><strong>τά</strong></span> <span class='ocrx_word' id='word_1_503' title='bbox 1924 3220 2007 3266; x_wconf 70' lang='lat' dir='ltr'><strong>est</strong></span> <span class='ocrx_word' id='word_1_504' title='bbox 2027 3227 2135 3265; x_wconf 72' lang='lat' dir='ltr'><strong>eam</strong></span> 
     </span>
    </p>
   </div>
   <div class='ocr_carea' id='block_1_56' title="bbox 1617 3201 3492 3282">
    <p class='ocr_par' dir='ltr' id='par_1_56' title="bbox 1617 3201 3492 3282">
     <span class='ocr_line' id='line_1_56' title="bbox 1617 3201 3492 3282; baseline -0.004 -15"><span class='ocrx_word' id='word_1_505' title='bbox 1617 3221 1649 3254; x_wconf 86' lang='grc' dir='ltr'><strong>α</strong></span> <span class='ocrx_word' id='word_1_506' title='bbox 1672 3201 1728 3255; x_wconf 61' lang='grc' dir='ltr'>δὲ</span> <span class='ocrx_word' id='word_1_507' title='bbox 1753 3202 1822 3255; x_wconf 76' lang='grc' dir='ltr'><strong>τὰ</strong></span> <span class='ocrx_word' id='word_1_508' title='bbox 1924 3220 2007 3266; x_wconf 83' lang='lat' dir='ltr'><strong>est</strong></span> <span class='ocrx_word' id='word_1_509' title='bbox 2027 3227 2168 3276; x_wconf 90' lang='lat' dir='ltr'><strong>eam,</strong></span> <span class='ocrx_word' id='word_1_510' title='bbox 2205 3223 2258 3266; x_wconf 88' lang='lat' dir='ltr'><strong>et</strong></span> <span class='ocrx_word' id='word_1_511' title='bbox 2284 3221 2544 3282; x_wconf 84' lang='lat' dir='ltr'><strong>expertus</strong></span> <span class='ocrx_word' id='word_1_512' title='bbox 2581 3211 2798 3265; x_wconf 59' lang='lat' dir='ltr'><strong>invidiae</strong></span> <span class='ocrx_word' id='word_1_513' title='bbox 2835 3211 2976 3264; x_wconf 85' lang='lat' dir='ltr'><strong>tela:</strong></span> <span class='ocrx_word' id='word_1_514' title='bbox 3018 3224 3118 3264; x_wconf 91' lang='lat' dir='ltr'><strong>nec</strong></span> <span class='ocrx_word' id='word_1_515' title='bbox 3161 3209 3492 3278; x_wconf 82' lang='lat' dir='ltr'><strong>voluptatem</strong></span> 
     </span>
    </p>
   </div>
   <div class='ocr_carea' id='block_1_57' title="bbox 250 3294 2125 3375">
    <p class='ocr_par' dir='ltr' id='par_1_57' title="bbox 250 3294 2116 3373">
     <span class='ocr_line' id='line_1_57' title="bbox 250 3294 2116 3373; baseline -0.006 -17"><span class='ocrx_word' id='word_1_516' title='bbox 250 3302 538 3373; x_wconf 76' lang='grc' dir='ltr'>καθ’ἠμᾶς</span> <span class='ocrx_word' id='word_1_517' title='bbox 568 3300 756 3355; x_wconf 76' lang='grc' dir='ltr'>ἄλλοτε</span> <span class='ocrx_word' id='word_1_518' title='bbox 787 3299 968 3362; x_wconf 83' lang='grc' dir='ltr'>ἀλλοις</span> <span class='ocrx_word' id='word_1_519' title='bbox 997 3299 1131 3351; x_wconf 84' lang='grc' dir='ltr'>ἄλλα</span> <span class='ocrx_word' id='word_1_520' title='bbox 1161 3298 1330 3351; x_wconf 78' lang='grc' dir='ltr'>δοκεῖ.</span> <span class='ocrx_word' id='word_1_521' title='bbox 1362 3297 1471 3349; x_wconf 82' lang='grc' dir='ltr'><strong>Καὶ</strong></span> <span class='ocrx_word' id='word_1_522' title='bbox 1493 3295 1662 3348; x_wconf 89' lang='grc' dir='ltr'>ταυτά</span> <span class='ocrx_word' id='word_1_523' title='bbox 1689 3294 1822 3346; x_wconf 77' lang='grc' dir='ltr'>ποτὲ</span> <span class='ocrx_word' id='word_1_524' title='bbox 1930 3318 1996 3359; x_wconf 71' lang='grc' dir='ltr'><strong>ει</strong></span> <span class='ocrx_word' id='word_1_525' title='bbox 2027 3304 2116 3357; x_wconf 69' lang='lat' dir='ltr'><strong>ina</strong></span> 
     </span>
    </p>
   </div>
   <div class='ocr_carea' id='block_1_58' title="bbox 1619 3294 3494 3375">
    <p class='ocr_par' dir='ltr' id='par_1_58' title="bbox 1619 3294 3494 3375">
     <span class='ocr_line' id='line_1_58' title="bbox 1619 3294 3494 3375; baseline -0.001 -18"><span class='ocrx_word' id='word_1_526' title='bbox 1619 3295 1662 3348; x_wconf 65' lang='grc' dir='ltr'><strong>ῖά</strong></span> <span class='ocrx_word' id='word_1_527' title='bbox 1689 3294 1822 3346; x_wconf 73' lang='grc' dir='ltr'>ποτὲ</span> <span class='ocrx_word' id='word_1_528' title='bbox 1930 3318 1996 3359; x_wconf 90' lang='lat' dir='ltr'><strong>ex</strong></span> <span class='ocrx_word' id='word_1_529' title='bbox 2027 3304 2116 3357; x_wconf 90' lang='lat' dir='ltr'><strong>illa</strong></span> <span class='ocrx_word' id='word_1_530' title='bbox 2145 3305 2396 3373; x_wconf 86' lang='lat' dir='ltr'><strong>percipit,</strong></span> <span class='ocrx_word' id='word_1_531' title='bbox 2434 3312 2486 3359; x_wconf 91' lang='lat' dir='ltr'><strong>et</strong></span> <span class='ocrx_word' id='word_1_532' title='bbox 2516 3304 2660 3375; x_wconf 90' lang='lat' dir='ltr'><strong>quod</strong></span> <span class='ocrx_word' id='word_1_533' title='bbox 2691 3303 2890 3358; x_wconf 89' lang='lat' dir='ltr'><strong>invidia</strong></span> <span class='ocrx_word' id='word_1_534' title='bbox 2922 3303 3206 3373; x_wconf 87' lang='lat' dir='ltr'><strong>premitur,</strong></span> <span class='ocrx_word' id='word_1_535' title='bbox 3267 3309 3494 3355; x_wconf 83' lang='lat' dir='ltr'><strong>mortem</strong></span> 
     </span>
    </p>
   </div>
   <div class='ocr_carea' id='block_1_59' title="bbox 251 3387 2126 3472">
    <p class='ocr_par' dir='ltr' id='par_1_59' title="bbox 251 3387 2126 3472">
     <span class='ocr_line' id='line_1_59' title="bbox 251 3387 2126 3472; baseline -0.004 -23"><span class='ocrx_word' id='word_1_536' title='bbox 251 3394 419 3459; x_wconf 82' lang='grc' dir='ltr'>καλὰ,</span> <span class='ocrx_word' id='word_1_537' title='bbox 456 3391 586 3446; x_wconf 77' lang='grc' dir='ltr'>ποτὲ</span> <span class='ocrx_word' id='word_1_538' title='bbox 605 3393 660 3446; x_wconf 85' lang='grc' dir='ltr'>δὲ</span> <span class='ocrx_word' id='word_1_539' title='bbox 700 3392 774 3462; x_wconf 81' lang='grc' dir='ltr'>μὴ</span> <span class='ocrx_word' id='word_1_540' title='bbox 804 3391 1051 3454; x_wconf 80' lang='grc' dir='ltr'>τοιαῦτα,</span> <span class='ocrx_word' id='word_1_541' title='bbox 1071 3390 1131 3442; x_wconf 86' lang='grc' dir='ltr'><strong>οὐ</strong></span> <span class='ocrx_word' id='word_1_542' title='bbox 1155 3389 1243 3441; x_wconf 84' lang='grc' dir='ltr'>διὰ</span> <span class='ocrx_word' id='word_1_543' title='bbox 1270 3389 1370 3458; x_wconf 79' lang='grc' dir='ltr'>τὴν</span> <span class='ocrx_word' id='word_1_544' title='bbox 1407 3388 1614 3442; x_wconf 78' lang='grc' dir='ltr'>ἑαυτῶν</span> <span class='ocrx_word' id='word_1_545' title='bbox 1638 3387 1818 3457; x_wconf 81' lang='grc' dir='ltr'>φύσιν,</span> <span class='ocrx_word' id='word_1_546' title='bbox 1845 3410 1892 3472; x_wconf 74' lang='lat' dir='ltr'>C</span> <span class='ocrx_word' id='word_1_547' title='bbox 1926 3394 2040 3464; x_wconf 77' lang='lat' dir='ltr'><strong>ipse</strong></span> <span class='ocrx_word' id='word_1_548' title='bbox 2068 3395 2126 3450; x_wconf 85' lang='lat' dir='ltr'><strong>sil</strong></span> 
     </span>
    </p>
   </div>
   <div class='ocr_carea' id='block_1_60' title="bbox 1621 3387 3496 3472">
    <p class='ocr_par' dir='ltr' id='par_1_60' title="bbox 1638 3387 3496 3472">
     <span class='ocr_line' id='line_1_60' title="bbox 1638 3387 3496 3472; baseline -0.008 -15"><span class='ocrx_word' id='word_1_549' title='bbox 1638 3387 1818 3457; x_wconf 66' lang='grc' dir='ltr'>φύσιν,</span> <span class='ocrx_word' id='word_1_550' title='bbox 1845 3410 1892 3472; x_wconf 73' lang='lat' dir='ltr'>C</span> <span class='ocrx_word' id='word_1_551' title='bbox 1926 3394 2040 3464; x_wconf 83' lang='lat' dir='ltr'><strong>ipse</strong></span> <span class='ocrx_word' id='word_1_552' title='bbox 2068 3395 2172 3450; x_wconf 93' lang='lat' dir='ltr'><strong>sibi</strong></span> <span class='ocrx_word' id='word_1_553' title='bbox 2211 3403 2380 3464; x_wconf 90' lang='lat' dir='ltr'><strong>optat.</strong></span> <span class='ocrx_word' id='word_1_554' title='bbox 2414 3397 2625 3450; x_wconf 82' lang='lat' dir='ltr'><strong>Rursus</strong></span> <span class='ocrx_word' id='word_1_555' title='bbox 2655 3395 2795 3448; x_wconf 89' lang='lat' dir='ltr'><strong>alius</strong></span> <span class='ocrx_word' id='word_1_556' title='bbox 2820 3395 3101 3448; x_wconf 86' lang='lat' dir='ltr'><strong>diversum</strong></span> <span class='ocrx_word' id='word_1_557' title='bbox 3141 3392 3290 3446; x_wconf 78' lang='lat' dir='ltr'><strong>facit.</strong></span> <span class='ocrx_word' id='word_1_558' title='bbox 3319 3391 3496 3444; x_wconf 81' lang='lat' dir='ltr'><strong>Adeo-</strong></span> 
     </span>
    </p>
   </div>
   <div class='ocr_carea' id='block_1_61' title="bbox 247 3477 2122 3555">
    <p class='ocr_par' dir='ltr' id='par_1_61' title="bbox 247 3477 2122 3555">
     <span class='ocr_line' id='line_1_61' title="bbox 247 3477 2122 3555; baseline -0.005 -17"><span class='ocrx_word' id='word_1_559' title='bbox 247 3487 340 3539; x_wconf 71' lang='grc' dir='ltr'><strong>διά</strong></span> <span class='ocrx_word' id='word_1_560' title='bbox 375 3485 549 3555; x_wconf 79' lang='grc' dir='ltr'>δὲτὴν</span> <span class='ocrx_word' id='word_1_561' title='bbox 578 3483 686 3535; x_wconf 88' lang='grc' dir='ltr'><strong>τῶν</strong></span> <span class='ocrx_word' id='word_1_562' title='bbox 722 3479 1026 3550; x_wconf 84' lang='grc' dir='ltr'>ἀνθρώπων</span> <span class='ocrx_word' id='word_1_563' title='bbox 1061 3479 1196 3549; x_wconf 84' lang='grc' dir='ltr'>πρὸς</span> <span class='ocrx_word' id='word_1_564' title='bbox 1236 3479 1416 3530; x_wconf 73' lang='grc' dir='ltr'>ἐκεῖνα</span> <span class='ocrx_word' id='word_1_565' title='bbox 1451 3480 1666 3539; x_wconf 90' lang='grc' dir='ltr'>πάντως</span> <span class='ocrx_word' id='word_1_566' title='bbox 1702 3477 1819 3529; x_wconf 82' lang='grc' dir='ltr'>διά·</span> <span class='ocrx_word' id='word_1_567' title='bbox 1928 3501 2033 3554; x_wconf 79' lang='lat' dir='ltr'><strong>que</strong></span> <span class='ocrx_word' id='word_1_568' title='bbox 2061 3500 2122 3538; x_wconf 84' lang='lat' dir='ltr'><strong>cu</strong></span> 
     </span>
    </p>
   </div>
   <div class='ocr_carea' id='block_1_62' title="bbox 1620 3477 3495 3555">
    <p class='ocr_par' dir='ltr' id='par_1_62' title="bbox 1620 3477 3495 3554">
     <span class='ocr_line' id='line_1_62' title="bbox 1620 3477 3495 3554; baseline -0.003 -15"><span class='ocrx_word' id='word_1_569' title='bbox 1620 3495 1666 3539; x_wconf 81' lang='grc' dir='ltr'><strong>&gt;ς</strong></span> <span class='ocrx_word' id='word_1_570' title='bbox 1702 3477 1819 3529; x_wconf 85' lang='grc' dir='ltr'>διά·</span> <span class='ocrx_word' id='word_1_571' title='bbox 1928 3501 2033 3554; x_wconf 88' lang='lat' dir='ltr'><strong>que</strong></span> <span class='ocrx_word' id='word_1_572' title='bbox 2061 3496 2270 3539; x_wconf 67' lang='lat' dir='ltr'><strong>cunctae</strong></span> <span class='ocrx_word' id='word_1_573' title='bbox 2297 3502 2382 3540; x_wconf 89' lang='lat' dir='ltr'><strong>res</strong></span> <span class='ocrx_word' id='word_1_574' title='bbox 2415 3493 2614 3540; x_wconf 60' lang='lat' dir='ltr'><strong>nostra</strong></span> <span class='ocrx_word' id='word_1_575' title='bbox 2647 3486 2780 3539; x_wconf 83' lang='lat' dir='ltr'><strong>alias</strong></span> <span class='ocrx_word' id='word_1_576' title='bbox 2815 3485 2936 3538; x_wconf 90' lang='lat' dir='ltr'><strong>aliis</strong></span> <span class='ocrx_word' id='word_1_577' title='bbox 2970 3484 3089 3537; x_wconf 76' lang='lat' dir='ltr'><strong>alia:</strong></span> <span class='ocrx_word' id='word_1_578' title='bbox 3127 3483 3495 3536; x_wconf 88' lang='lat' dir='ltr'><strong>.videntures-</strong></span> 
     </span>
    </p>
   </div>
   <div class='ocr_carea' id='block_1_63' title="bbox 250 3569 2125 3647">
    <p class='ocr_par' dir='ltr' id='par_1_63' title="bbox 250 3569 2125 3642">
     <span class='ocr_line' id='line_1_63' title="bbox 250 3569 2125 3642; baseline -0.006 -10"><span class='ocrx_word' id='word_1_579' title='bbox 250 3579 424 3632; x_wconf 87' lang='grc' dir='ltr'>θεσιν.</span> <span class='ocrx_word' id='word_1_580' title='bbox 452 3577 615 3635; x_wconf 76' lang='grc' dir='ltr'>Ὥστε</span> <span class='ocrx_word' id='word_1_581' title='bbox 653 3574 747 3628; x_wconf 80' lang='grc' dir='ltr'><strong>καὶ</strong></span> <span class='ocrx_word' id='word_1_582' title='bbox 801 3573 865 3624; x_wconf 80' lang='grc' dir='ltr'>τὸ</span> <span class='ocrx_word' id='word_1_583' title='bbox 917 3572 1165 3641; x_wconf 73' lang='grc' dir='ltr'>ἠρεμεῖν,</span> <span class='ocrx_word' id='word_1_584' title='bbox 1205 3570 1299 3621; x_wconf 67' lang='grc' dir='ltr'><strong>κα)⁸</strong></span> <span class='ocrx_word' id='word_1_585' title='bbox 1333 3569 1394 3620; x_wconf 82' lang='grc' dir='ltr'><strong>τὸ</strong></span> <span class='ocrx_word' id='word_1_586' title='bbox 1444 3569 1690 3637; x_wconf 79' lang='grc' dir='ltr'>ἥδεσθαι,</span> <span class='ocrx_word' id='word_1_587' title='bbox 1728 3569 1821 3621; x_wconf 77' lang='grc' dir='ltr'>καὶ</span> <span class='ocrx_word' id='word_1_588' title='bbox 1929 3591 1986 3630; x_wconf 77' lang='lat' dir='ltr'><strong>se</strong></span> <span class='ocrx_word' id='word_1_589' title='bbox 2022 3613 2038 3629; x_wconf 86' lang='lat'><strong>.</strong></span> <span class='ocrx_word' id='word_1_590' title='bbox 2065 3575 2125 3642; x_wconf 68' lang='lat' dir='ltr'><strong>Q.</strong></span> 
     </span>
    </p>
   </div>
   <div class='ocr_carea' id='block_1_64' title="bbox 1623 3569 3498 3647">
    <p class='ocr_par' dir='ltr' id='par_1_64' title="bbox 1623 3569 3498 3647">
     <span class='ocr_line' id='line_1_64' title="bbox 1623 3569 3498 3647; baseline -0.001 -16"><span class='ocrx_word' id='word_1_591' title='bbox 1623 3585 1690 3632; x_wconf 75' lang='grc' dir='ltr'>ιι,</span> <span class='ocrx_word' id='word_1_592' title='bbox 1728 3569 1821 3621; x_wconf 74' lang='grc' dir='ltr'><strong>καὶ</strong></span> <span class='ocrx_word' id='word_1_593' title='bbox 1929 3591 1986 3630; x_wconf 89' lang='lat' dir='ltr'><strong>se</strong></span> <span class='ocrx_word' id='word_1_594' title='bbox 2022 3613 2038 3629; x_wconf 94' lang='lat'><strong>.</strong></span> <span class='ocrx_word' id='word_1_595' title='bbox 2065 3575 2205 3642; x_wconf 88' lang='lat' dir='ltr'><strong>Quin</strong></span> <span class='ocrx_word' id='word_1_596' title='bbox 2236 3577 2422 3630; x_wconf 88' lang='lat' dir='ltr'><strong>eadem</strong></span> <span class='ocrx_word' id='word_1_597' title='bbox 2465 3578 2643 3647; x_wconf 84' lang='lat' dir='ltr'><strong>plane,</strong></span> <span class='ocrx_word' id='word_1_598' title='bbox 2678 3575 2840 3632; x_wconf 91' lang='lat' dir='ltr'><strong>modo</strong></span> <span class='ocrx_word' id='word_1_599' title='bbox 2869 3578 3026 3642; x_wconf 82' lang='lat' dir='ltr'><strong>bona,</strong></span> <span class='ocrx_word' id='word_1_600' title='bbox 3062 3578 3221 3632; x_wconf 86' lang='lat' dir='ltr'><strong>modo</strong></span> <span class='ocrx_word' id='word_1_601' title='bbox 3261 3593 3368 3631; x_wconf 87' lang='lat' dir='ltr'><strong>non</strong></span> <span class='ocrx_word' id='word_1_602' title='bbox 3407 3577 3498 3631; x_wconf 88' lang='lat' dir='ltr'><strong>bo-</strong></span> 
     </span>
    </p>
   </div>
   <div class='ocr_carea' id='block_1_65' title="bbox 249 3659 2124 3739">
    <p class='ocr_par' dir='ltr' id='par_1_65' title="bbox 249 3659 2124 3735">
     <span class='ocr_line' id='line_1_65' title="bbox 249 3659 2124 3735; baseline -0.004 -16"><span class='ocrx_word' id='word_1_603' title='bbox 249 3668 310 3719; x_wconf 76' lang='grc' dir='ltr'>τὸ</span> <span class='ocrx_word' id='word_1_604' title='bbox 349 3663 712 3735; x_wconf 78' lang='grc' dir='ltr'>ταράττεσθαί</span> <span class='ocrx_word' id='word_1_605' title='bbox 735 3680 795 3716; x_wconf 88' lang='grc' dir='ltr'><strong>τε</strong></span> <span class='ocrx_word' id='word_1_606' title='bbox 834 3663 928 3714; x_wconf 77' lang='grc' dir='ltr'><strong>καὶ</strong></span> <span class='ocrx_word' id='word_1_607' title='bbox 954 3660 1258 3726; x_wconf 73' lang='grc' dir='ltr'>θλίϐεσθαι,</span> <span class='ocrx_word' id='word_1_608' title='bbox 1312 3660 1586 3729; x_wconf 88' lang='grc' dir='ltr'>λογισμῶν</span> <span class='ocrx_word' id='word_1_609' title='bbox 1623 3660 1692 3713; x_wconf 84' lang='grc' dir='ltr'>ἂν</span> <span class='ocrx_word' id='word_1_610' title='bbox 1733 3659 1818 3729; x_wconf 79' lang='grc' dir='ltr'>εἴη</span> <span class='ocrx_word' id='word_1_611' title='bbox 1929 3684 2022 3732; x_wconf 61' lang='grc' dir='ltr'><strong>ηε,</strong></span> <span class='ocrx_word' id='word_1_612' title='bbox 2055 3684 2124 3723; x_wconf 76' lang='lat' dir='ltr'><strong>no</strong></span> 
     </span>
    </p>
   </div>
   <div class='ocr_carea' id='block_1_66' title="bbox 1622 3659 3497 3739">
    <p class='ocr_par' dir='ltr' id='par_1_66' title="bbox 1623 3659 3497 3739">
     <span class='ocr_line' id='line_1_66' title="bbox 1623 3659 3497 3739; baseline 0.002 -17"><span class='ocrx_word' id='word_1_613' title='bbox 1623 3660 1692 3713; x_wconf 83' lang='grc' dir='ltr'>ἂν</span> <span class='ocrx_word' id='word_1_614' title='bbox 1733 3659 1818 3729; x_wconf 77' lang='grc' dir='ltr'><strong>εἴη</strong></span> <span class='ocrx_word' id='word_1_615' title='bbox 1929 3684 2022 3732; x_wconf 87' lang='lat' dir='ltr'><strong>na,</strong></span> <span class='ocrx_word' id='word_1_616' title='bbox 2055 3684 2164 3723; x_wconf 91' lang='lat' dir='ltr'><strong>non</strong></span> <span class='ocrx_word' id='word_1_617' title='bbox 2196 3670 2245 3724; x_wconf 92' lang='lat' dir='ltr'><strong>id</strong></span> <span class='ocrx_word' id='word_1_618' title='bbox 2278 3671 2496 3739; x_wconf 88' lang='lat' dir='ltr'><strong>quidem</strong></span> <span class='ocrx_word' id='word_1_619' title='bbox 2545 3685 2609 3724; x_wconf 87' lang='lat' dir='ltr'><strong>ex</strong></span> <span class='ocrx_word' id='word_1_620' title='bbox 2642 3680 2835 3724; x_wconf 86' lang='lat' dir='ltr'><strong>natura</strong></span> <span class='ocrx_word' id='word_1_621' title='bbox 2872 3686 2990 3733; x_wconf 89' lang='lat' dir='ltr'><strong>sua,</strong></span> <span class='ocrx_word' id='word_1_622' title='bbox 3041 3673 3133 3725; x_wconf 90' lang='lat' dir='ltr'><strong>sed</strong></span> <span class='ocrx_word' id='word_1_623' title='bbox 3180 3686 3404 3739; x_wconf 88' lang='lat' dir='ltr'><strong>prorsus</strong></span> <span class='ocrx_word' id='word_1_624' title='bbox 3435 3687 3497 3726; x_wconf 82' lang='lat' dir='ltr'><strong>ex</strong></span> 
     </span>
    </p>
   </div>
   <div class='ocr_carea' id='block_1_67' title="bbox 254 3755 2129 3834">
    <p class='ocr_par' dir='ltr' id='par_1_67' title="bbox 254 3755 2129 3834">
     <span class='ocr_line' id='line_1_67' title="bbox 254 3755 2129 3834; baseline -0.004 -17"><span class='ocrx_word' id='word_1_625' title='bbox 254 3765 457 3834; x_wconf 81' lang='grc' dir='ltr'>μᾶλλον</span> <span class='ocrx_word' id='word_1_626' title='bbox 490 3764 522 3833; x_wconf 79' lang='grc' dir='ltr'>ἢ</span> <span class='ocrx_word' id='word_1_627' title='bbox 550 3763 651 3832; x_wconf 84' lang='grc' dir='ltr'>τῆς</span> <span class='ocrx_word' id='word_1_628' title='bbox 681 3755 895 3830; x_wconf 77' lang='grc' dir='ltr'>φύσεως</span> <span class='ocrx_word' id='word_1_629' title='bbox 935 3757 1044 3812; x_wconf 86' lang='grc' dir='ltr'><strong>τῶν</strong></span> <span class='ocrx_word' id='word_1_630' title='bbox 1079 3757 1440 3828; x_wconf 82' lang='grc' dir='ltr'>πραγμάτων.</span> <span class='ocrx_word' id='word_1_631' title='bbox 1929 3759 2129 3826; x_wconf 85' lang='lat' dir='ltr'><strong>ipsorut</strong></span> 
     </span>
    </p>
   </div>
   <div class='ocr_carea' id='block_1_68' title="bbox 1623 3755 3498 3834">
    <p class='ocr_par' dir='ltr' id='par_1_68' title="bbox 1929 3759 3498 3826">
     <span class='ocr_line' id='line_1_68' title="bbox 1929 3759 3498 3826; baseline 0.003 -16"><span class='ocrx_word' id='word_1_632' title='bbox 1929 3759 2170 3826; x_wconf 89' lang='lat' dir='ltr'><strong>ipsorum</strong></span> <span class='ocrx_word' id='word_1_633' title='bbox 2211 3760 2275 3812; x_wconf 86' lang='lat' dir='ltr'><strong>ad</strong></span> <span class='ocrx_word' id='word_1_634' title='bbox 2301 3775 2362 3814; x_wconf 88' lang='lat' dir='ltr'><strong>ea</strong></span> <span class='ocrx_word' id='word_1_635' title='bbox 2397 3760 2705 3814; x_wconf 88' lang='lat' dir='ltr'><strong>mortalium</strong></span> <span class='ocrx_word' id='word_1_636' title='bbox 2737 3760 3041 3817; x_wconf 78' lang='lat' dir='ltr'><strong>alIectioue.</strong></span> <span class='ocrx_word' id='word_1_637' title='bbox 3093 3760 3213 3826; x_wconf 86' lang='lat' dir='ltr'><strong>Quo</strong></span> <span class='ocrx_word' id='word_1_638' title='bbox 3249 3761 3327 3825; x_wconf 85' lang='lat' dir='ltr'><strong>ﬁt,</strong></span> <span class='ocrx_word' id='word_1_639' title='bbox 3360 3772 3415 3815; x_wconf 92' lang='lat' dir='ltr'><strong>ut</strong></span> <span class='ocrx_word' id='word_1_640' title='bbox 3438 3779 3498 3814; x_wconf 75' lang='lat' dir='ltr'><strong>ra</strong></span> 
     </span>
    </p>
   </div>
   <div class='ocr_carea' id='block_1_69' title="bbox 251 3851 3501 3925">
    <p class='ocr_par' dir='ltr' id='par_1_69' title="bbox 251 3851 3501 3925">
     <span class='ocr_line' id='line_1_69' title="bbox 251 3851 3501 3925; baseline -0.001 -14"><span class='ocrx_word' id='word_1_641' title='bbox 251 3857 638 3924; x_wconf 84' lang='lat' dir='ltr'><strong>tranquillitas,</strong></span> <span class='ocrx_word' id='word_1_642' title='bbox 677 3862 732 3910; x_wconf 92' lang='lat' dir='ltr'><strong>et</strong></span> <span class='ocrx_word' id='word_1_643' title='bbox 777 3853 1088 3917; x_wconf 86' lang='lat' dir='ltr'><strong>oblectatio,</strong></span> <span class='ocrx_word' id='word_1_644' title='bbox 1121 3861 1175 3907; x_wconf 88' lang='lat' dir='ltr'><strong>et</strong></span> <span class='ocrx_word' id='word_1_645' title='bbox 1203 3851 1561 3920; x_wconf 87' lang='lat' dir='ltr'><strong>perturbatio,</strong></span> <span class='ocrx_word' id='word_1_646' title='bbox 1595 3859 1649 3906; x_wconf 90' lang='lat' dir='ltr'><strong>et</strong></span> <span class='ocrx_word' id='word_1_647' title='bbox 1683 3851 1924 3917; x_wconf 76' lang='lat' dir='ltr'><strong>aﬂliCtio,</strong></span> <span class='ocrx_word' id='word_1_648' title='bbox 1953 3856 2136 3921; x_wconf 89' lang='lat' dir='ltr'><strong>potius</strong></span> <span class='ocrx_word' id='word_1_649' title='bbox 2189 3856 2255 3908; x_wconf 91' lang='lat' dir='ltr'><strong>ab</strong></span> <span class='ocrx_word' id='word_1_650' title='bbox 2305 3856 2442 3924; x_wconf 85' lang='lat' dir='ltr'><strong>ipsis</strong></span> <span class='ocrx_word' id='word_1_651' title='bbox 2506 3856 2728 3919; x_wconf 88' lang='lat' dir='ltr'><strong>animis,</strong></span> <span class='ocrx_word' id='word_1_652' title='bbox 2783 3869 2943 3925; x_wconf 85' lang='lat' dir='ltr'><strong>quam</strong></span> <span class='ocrx_word' id='word_1_653' title='bbox 2994 3871 3022 3908; x_wconf 91' lang='lat' dir='ltr'><strong>a</strong></span> <span class='ocrx_word' id='word_1_654' title='bbox 3080 3872 3258 3911; x_wconf 81' lang='lat' dir='ltr'><strong>rerum</strong></span> <span class='ocrx_word' id='word_1_655' title='bbox 3310 3864 3501 3910; x_wconf 84' lang='lat' dir='ltr'><strong>natura</strong></span> 
     </span>
    </p>
   </div>
   <div class='ocr_carea' id='block_1_70' title="bbox 253 3951 597 4022">
    <p class='ocr_par' dir='ltr' id='par_1_70' title="bbox 253 3951 597 4022">
     <span class='ocr_line' id='line_1_70' title="bbox 253 3951 597 4022; baseline -0.003 -16"><span class='ocrx_word' id='word_1_656' title='bbox 253 3951 597 4022; x_wconf 76' lang='lat' dir='ltr'><strong>proveniant.</strong></span> 
     </span>
    </p>
   </div>
   <div class='ocr_carea' id='block_1_71' title="bbox 977 4041 2811 4097">
    <p class='ocr_par' dir='ltr' id='par_1_71' title="bbox 977 4041 2811 4097">
     <span class='ocr_line' id='line_1_71' title="bbox 977 4041 2811 4097; baseline 0.002 -3"><span class='ocrx_word' id='word_1_657' title='bbox 977 4041 1103 4096; x_wconf 76' lang='lat' dir='ltr'><strong>EH’.</strong></span> <span class='ocrx_word' id='word_1_658' title='bbox 2583 4041 2811 4097; x_wconf 77' lang='lat' dir='ltr'><strong>LXVIII.</strong></span> 
     </span>
    </p>
   </div>
   <div class='ocr_carea' id='block_1_72' title="bbox 326 4131 2201 4206">
    <p class='ocr_par' dir='ltr' id='par_1_72' title="bbox 326 4132 2201 4206">
     <span class='ocr_line' id='line_1_72' title="bbox 326 4132 2201 4206; baseline -0.004 -12"><span class='ocrx_word' id='word_1_659' title='bbox 326 4139 496 4194; x_wconf 73' lang='grc' dir='ltr'>Οὐδὲν</span> <span class='ocrx_word' id='word_1_660' title='bbox 520 4137 585 4191; x_wconf 83' lang='grc' dir='ltr'><strong>ἂν</strong></span> <span class='ocrx_word' id='word_1_661' title='bbox 617 4134 702 4206; x_wconf 72' lang='grc' dir='ltr'><strong>εἴη</strong></span> <span class='ocrx_word' id='word_1_662' title='bbox 733 4135 926 4201; x_wconf 74' lang='grc' dir='ltr'>δεινὸν,</span> <span class='ocrx_word' id='word_1_663' title='bbox 959 4134 987 4188; x_wconf 86' lang='grc' dir='ltr'><strong>δ</strong></span> <span class='ocrx_word' id='word_1_664' title='bbox 1012 4134 1086 4204; x_wconf 81' lang='grc' dir='ltr'>μὴ</span> <span class='ocrx_word' id='word_1_665' title='bbox 1121 4133 1357 4204; x_wconf 65' lang='grc' dir='ltr'>φορητὸν</span> <span class='ocrx_word' id='word_1_666' title='bbox 1389 4134 1544 4203; x_wconf 84' lang='grc' dir='ltr'>ἡμῖν,</span> <span class='ocrx_word' id='word_1_667' title='bbox 1588 4133 1708 4186; x_wconf 68' lang='grc' dir='ltr'>εἶπέ</span> <span class='ocrx_word' id='word_1_668' title='bbox 1749 4151 1830 4197; x_wconf 85' lang='grc' dir='ltr'><strong>τις</strong></span> <span class='ocrx_word' id='word_1_669' title='bbox 2004 4132 2201 4188; x_wconf 76' lang='lat' dir='ltr'><strong>Sensus</strong></span> 
     </span>
    </p>
   </div>
   <div class='ocr_carea' id='block_1_73' title="bbox 1626 4131 3501 4206">
    <p class='ocr_par' dir='ltr' id='par_1_73' title="bbox 1626 4131 3501 4203">
     <span class='ocr_line' id='line_1_73' title="bbox 1626 4131 3501 4203; baseline 0 -17"><span class='ocrx_word' id='word_1_670' title='bbox 1626 4134 1708 4186; x_wconf 77' lang='grc' dir='ltr'><strong>ίπέ</strong></span> <span class='ocrx_word' id='word_1_671' title='bbox 1749 4151 1830 4197; x_wconf 84' lang='grc' dir='ltr'><strong>τις</strong></span> <span class='ocrx_word' id='word_1_672' title='bbox 2004 4132 2209 4188; x_wconf 89' lang='lat' dir='ltr'><strong>Sensus</strong></span> <span class='ocrx_word' id='word_1_673' title='bbox 2238 4144 2322 4188; x_wconf 92' lang='lat' dir='ltr'><strong>est</strong></span> <span class='ocrx_word' id='word_1_674' title='bbox 2354 4132 2438 4186; x_wconf 75' lang='lat' dir='ltr'><strong>llic</strong></span> <span class='ocrx_word' id='word_1_675' title='bbox 2462 4143 2634 4202; x_wconf 75' lang='lat' dir='ltr'><strong>poeta:</strong></span> <span class='ocrx_word' id='word_1_676' title='bbox 2679 4134 2988 4203; x_wconf 78' lang='lat' dir='ltr'><strong>cujusdam,</strong></span> <span class='ocrx_word' id='word_1_677' title='bbox 3018 4135 3142 4189; x_wconf 85' lang='lat' dir='ltr'><strong>aliis</strong></span> <span class='ocrx_word' id='word_1_678' title='bbox 3186 4135 3269 4188; x_wconf 89' lang='lat' dir='ltr'><strong>usi</strong></span> <span class='ocrx_word' id='word_1_679' title='bbox 3298 4131 3501 4199; x_wconf 74' lang='lat' dir='ltr'><strong>verbis,</strong></span> 
     </span>
    </p>
   </div>
   <div class='ocr_carea' id='block_1_74' title="bbox 255 4224 2130 4296">
    <p class='ocr_par' dir='ltr' id='par_1_74' title="bbox 255 4224 2130 4296">
     <span class='ocr_line' id='line_1_74' title="bbox 255 4224 2130 4296; baseline -0.003 -13"><span class='ocrx_word' id='word_1_680' title='bbox 255 4225 666 4296; x_wconf 74' lang='grc' dir='ltr'>τῶνποιητῶν.</span> <span class='ocrx_word' id='word_1_681' title='bbox 703 4225 881 4287; x_wconf 75' lang='grc' dir='ltr'>ἄλλως</span> <span class='ocrx_word' id='word_1_682' title='bbox 917 4226 1152 4295; x_wconf 82' lang='grc' dir='ltr'>φράσας.</span> <span class='ocrx_word' id='word_1_683' title='bbox 1224 4224 1368 4291; x_wconf 86' lang='grc' dir='ltr'>Ἐγὼ</span> <span class='ocrx_word' id='word_1_684' title='bbox 1394 4224 1460 4288; x_wconf 80' lang='grc' dir='ltr'>δ’,</span> <span class='ocrx_word' id='word_1_685' title='bbox 1518 4225 1727 4276; x_wconf 62' lang='grc' dir='ltr'>ἑκείνου</span> <span class='ocrx_word' id='word_1_686' title='bbox 1761 4225 1828 4294; x_wconf 75' lang='grc' dir='ltr'>τῇ</span> <span class='ocrx_word' id='word_1_687' title='bbox 1935 4225 2130 4279; x_wconf 87' lang='lat' dir='ltr'><strong>nullam</strong></span> 
     </span>
    </p>
   </div>
   <div class='ocr_carea' id='block_1_75' title="bbox 1625 4224 3500 4296">
    <p class='ocr_par' dir='ltr' id='par_1_75' title="bbox 1625 4225 3500 4294">
     <span class='ocr_line' id='line_1_75' title="bbox 1625 4225 3500 4294; baseline 0.001 -19"><span class='ocrx_word' id='word_1_688' title='bbox 1625 4225 1727 4276; x_wconf 80' lang='grc' dir='ltr'>ίνου</span> <span class='ocrx_word' id='word_1_689' title='bbox 1761 4225 1828 4294; x_wconf 75' lang='grc' dir='ltr'>τῇ</span> <span class='ocrx_word' id='word_1_690' title='bbox 1935 4225 2139 4279; x_wconf 89' lang='lat' dir='ltr'><strong>nullam</strong></span> <span class='ocrx_word' id='word_1_691' title='bbox 2171 4240 2291 4280; x_wconf 88' lang='lat' dir='ltr'><strong>esse</strong></span> <span class='ocrx_word' id='word_1_692' title='bbox 2317 4226 2708 4290; x_wconf 86' lang='lat' dir='ltr'><strong>calamitatem,</strong></span> <span class='ocrx_word' id='word_1_693' title='bbox 2733 4241 2855 4294; x_wconf 60' lang='lat' dir='ltr'><strong>qua</strong></span> <span class='ocrx_word' id='word_1_694' title='bbox 2883 4241 2911 4279; x_wconf 89' lang='lat' dir='ltr'><strong>a</strong></span> <span class='ocrx_word' id='word_1_695' title='bbox 2949 4227 3104 4280; x_wconf 90' lang='lat' dir='ltr'><strong>nobis</strong></span> <span class='ocrx_word' id='word_1_696' title='bbox 3124 4227 3344 4281; x_wconf 87' lang='lat' dir='ltr'><strong>tolerari</strong></span> <span class='ocrx_word' id='word_1_697' title='bbox 3393 4241 3500 4279; x_wconf 86' lang='lat' dir='ltr'><strong>non</strong></span> 
     </span>
    </p>
   </div>
   <div class='ocr_carea' id='block_1_76' title="bbox 256 4315 2131 4392">
    <p class='ocr_par' dir='ltr' id='par_1_76' title="bbox 256 4315 2122 4392">
     <span class='ocr_line' id='line_1_76' title="bbox 256 4315 2122 4392; baseline -0.004 -18"><span class='ocrx_word' id='word_1_698' title='bbox 256 4324 419 4392; x_wconf 79' lang='grc' dir='ltr'>φύσει</span> <span class='ocrx_word' id='word_1_699' title='bbox 448 4317 607 4373; x_wconf 82' lang='grc' dir='ltr'>τοῦτο</span> <span class='ocrx_word' id='word_1_700' title='bbox 638 4317 894 4380; x_wconf 79' lang='grc' dir='ltr'>διδόντος,</span> <span class='ocrx_word' id='word_1_701' title='bbox 913 4318 978 4387; x_wconf 78' lang='grc' dir='ltr'>τῇ</span> <span class='ocrx_word' id='word_1_702' title='bbox 1005 4315 1319 4386; x_wconf 74' lang='grc' dir='ltr'>προαιρέσει</span> <span class='ocrx_word' id='word_1_703' title='bbox 1346 4315 1514 4384; x_wconf 89' lang='grc' dir='ltr'>νέμω.</span> <span class='ocrx_word' id='word_1_704' title='bbox 1546 4315 1695 4384; x_wconf 80' lang='grc' dir='ltr'>Αὕτη</span> <span class='ocrx_word' id='word_1_705' title='bbox 1723 4315 1831 4385; x_wconf 84' lang='grc' dir='ltr'>γὰρ</span> <span class='ocrx_word' id='word_1_706' title='bbox 1933 4318 2122 4387; x_wconf 84' lang='lat' dir='ltr'><strong>possit.</strong></span> 
     </span>
    </p>
   </div>
   <div class='ocr_carea' id='block_1_77' title="bbox 1626 4315 3501 4392">
    <p class='ocr_par' dir='ltr' id='par_1_77' title="bbox 1630 4315 3501 4390">
     <span class='ocr_line' id='line_1_77' title="bbox 1630 4315 3501 4390; baseline 0.003 -24"><span class='ocrx_word' id='word_1_707' title='bbox 1630 4331 1695 4384; x_wconf 88' lang='grc' dir='ltr'>τη</span> <span class='ocrx_word' id='word_1_708' title='bbox 1723 4315 1831 4385; x_wconf 83' lang='grc' dir='ltr'>γὰρ</span> <span class='ocrx_word' id='word_1_709' title='bbox 1933 4318 2122 4387; x_wconf 86' lang='lat' dir='ltr'><strong>possit.</strong></span> <span class='ocrx_word' id='word_1_710' title='bbox 2154 4318 2268 4373; x_wconf 88' lang='lat' dir='ltr'><strong>Hoc</strong></span> <span class='ocrx_word' id='word_1_711' title='bbox 2302 4334 2423 4374; x_wconf 90' lang='lat' dir='ltr'><strong>cum</strong></span> <span class='ocrx_word' id='word_1_712' title='bbox 2453 4319 2518 4373; x_wconf 86' lang='lat' dir='ltr'><strong>ad</strong></span> <span class='ocrx_word' id='word_1_713' title='bbox 2556 4328 2804 4373; x_wconf 79' lang='lat' dir='ltr'><strong>naturam</strong></span> <span class='ocrx_word' id='word_1_714' title='bbox 2835 4319 2922 4372; x_wconf 90' lang='lat' dir='ltr'><strong>ille</strong></span> <span class='ocrx_word' id='word_1_715' title='bbox 2951 4319 3213 4382; x_wconf 87' lang='lat' dir='ltr'><strong>retulerit,</strong></span> <span class='ocrx_word' id='word_1_716' title='bbox 3235 4334 3337 4390; x_wconf 78' lang='lat' dir='ltr'><strong>ego</strong></span> <span class='ocrx_word' id='word_1_717' title='bbox 3363 4318 3501 4373; x_wconf 87' lang='lat' dir='ltr'><strong>Iibe-</strong></span> 
     </span>
    </p>
   </div>
   <div class='ocr_carea' id='block_1_78' title="bbox 255 4407 2130 4480">
    <p class='ocr_par' dir='ltr' id='par_1_78' title="bbox 255 4407 2124 4480">
     <span class='ocr_line' id='line_1_78' title="bbox 255 4407 2124 4480; baseline -0.002 -16"><span class='ocrx_word' id='word_1_718' title='bbox 255 4413 460 4474; x_wconf 78' lang='grc' dir='ltr'>καλοὺς</span> <span class='ocrx_word' id='word_1_719' title='bbox 501 4411 645 4480; x_wconf 75' lang='grc' dir='ltr'>ἡμᾶς</span> <span class='ocrx_word' id='word_1_720' title='bbox 674 4411 770 4463; x_wconf 75' lang='grc' dir='ltr'><strong>καὶ</strong></span> <span class='ocrx_word' id='word_1_721' title='bbox 810 4409 883 4478; x_wconf 79' lang='grc' dir='ltr'>μὴ</span> <span class='ocrx_word' id='word_1_722' title='bbox 931 4407 1208 4470; x_wconf 82' lang='grc' dir='ltr'>τοιούτους</span> <span class='ocrx_word' id='word_1_723' title='bbox 1263 4407 1574 4477; x_wconf 76' lang='grc' dir='ltr'>ἐργάζεται.</span> <span class='ocrx_word' id='word_1_724' title='bbox 1614 4407 1678 4459; x_wconf 85' lang='grc' dir='ltr'><strong>Ἦ</strong></span> <span class='ocrx_word' id='word_1_725' title='bbox 1733 4408 1831 4475; x_wconf 73' lang='grc' dir='ltr'>μὲν</span> <span class='ocrx_word' id='word_1_726' title='bbox 1935 4425 2008 4462; x_wconf 69' lang='lat' dir='ltr'><strong>rae</strong></span> <span class='ocrx_word' id='word_1_727' title='bbox 2040 4411 2124 4464; x_wconf 78' lang='lat' dir='ltr'><strong>\ol</strong></span> 
     </span>
    </p>
   </div>
   <div class='ocr_carea' id='block_1_79' title="bbox 1627 4407 3502 4480">
    <p class='ocr_par' dir='ltr' id='par_1_79' title="bbox 1631 4407 3502 4478">
     <span class='ocr_line' id='line_1_79' title="bbox 1631 4407 3502 4478; baseline 0.003 -19"><span class='ocrx_word' id='word_1_728' title='bbox 1631 4407 1678 4459; x_wconf 85' lang='lat' dir='ltr'><strong>II</strong></span> <span class='ocrx_word' id='word_1_729' title='bbox 1733 4408 1831 4475; x_wconf 74' lang='grc' dir='ltr'>μὲν</span> <span class='ocrx_word' id='word_1_730' title='bbox 1935 4425 2008 4462; x_wconf 70' lang='lat' dir='ltr'><strong>ra:</strong></span> <span class='ocrx_word' id='word_1_731' title='bbox 2040 4411 2303 4465; x_wconf 72' lang='lat' dir='ltr'><strong>voluntati</strong></span> <span class='ocrx_word' id='word_1_732' title='bbox 2364 4411 2570 4478; x_wconf 88' lang='lat' dir='ltr'><strong>tribuo;</strong></span> <span class='ocrx_word' id='word_1_733' title='bbox 2608 4427 2732 4465; x_wconf 91' lang='lat' dir='ltr'><strong>nam</strong></span> <span class='ocrx_word' id='word_1_734' title='bbox 2785 4427 2846 4466; x_wconf 87' lang='lat' dir='ltr'><strong>ea</strong></span> <span class='ocrx_word' id='word_1_735' title='bbox 2874 4427 2974 4467; x_wconf 92' lang='lat' dir='ltr'><strong>nos</strong></span> <span class='ocrx_word' id='word_1_736' title='bbox 3028 4421 3080 4467; x_wconf 91' lang='lat' dir='ltr'><strong>et</strong></span> <span class='ocrx_word' id='word_1_737' title='bbox 3111 4412 3284 4468; x_wconf 84' lang='lat' dir='ltr'><strong>bonos</strong></span> <span class='ocrx_word' id='word_1_738' title='bbox 3311 4419 3366 4468; x_wconf 81' lang='lat' dir='ltr'><strong>et</strong></span> <span class='ocrx_word' id='word_1_739' title='bbox 3393 4427 3502 4466; x_wconf 86' lang='lat' dir='ltr'><strong>non</strong></span> 
     </span>
    </p>
   </div>
   <div class='ocr_carea' id='block_1_80' title="bbox 257 4499 2132 4575">
    <p class='ocr_par' dir='ltr' id='par_1_80' title="bbox 257 4499 2112 4575">
     <span class='ocr_line' id='line_1_80' title="bbox 257 4499 2112 4575; baseline -0.006 -16"><span class='ocrx_word' id='word_1_740' title='bbox 257 4508 371 4575; x_wconf 83' lang='grc' dir='ltr'><strong>γάρ</strong></span> <span class='ocrx_word' id='word_1_741' title='bbox 402 4505 562 4574; x_wconf 80' lang='grc' dir='ltr'>κοινὴ</span> <span class='ocrx_word' id='word_1_742' title='bbox 626 4501 789 4570; x_wconf 79' lang='grc' dir='ltr'>φύσις</span> <span class='ocrx_word' id='word_1_743' title='bbox 830 4500 1060 4563; x_wconf 88' lang='grc' dir='ltr'>δούλοις,</span> <span class='ocrx_word' id='word_1_744' title='bbox 1119 4500 1430 4566; x_wconf 77' lang='grc' dir='ltr'>δεσπόταις,</span> <span class='ocrx_word' id='word_1_745' title='bbox 1479 4503 1644 4553; x_wconf 81' lang='grc' dir='ltr'>πᾶσιν</span> <span class='ocrx_word' id='word_1_746' title='bbox 1704 4499 1829 4567; x_wconf 82' lang='grc' dir='ltr'>έξῆς</span> <span class='ocrx_word' id='word_1_747' title='bbox 1938 4501 2112 4557; x_wconf 79' lang='lat' dir='ltr'><strong>bonos</strong></span> 
     </span>
    </p>
   </div>
   <div class='ocr_carea' id='block_1_81' title="bbox 1628 4499 3503 4575">
    <p class='ocr_par' dir='ltr' id='par_1_81' title="bbox 1628 4499 3503 4573">
     <span class='ocr_line' id='line_1_81' title="bbox 1628 4499 3503 4573; baseline 0.004 -23"><span class='ocrx_word' id='word_1_748' title='bbox 1628 4516 1644 4550; x_wconf 66' lang='grc' dir='ltr'><strong>ν</strong></span> <span class='ocrx_word' id='word_1_749' title='bbox 1704 4499 1829 4567; x_wconf 80' lang='grc' dir='ltr'>ἑξῆς</span> <span class='ocrx_word' id='word_1_750' title='bbox 1938 4501 2112 4557; x_wconf 86' lang='lat' dir='ltr'><strong>bonos</strong></span> <span class='ocrx_word' id='word_1_751' title='bbox 2141 4502 2324 4556; x_wconf 87' lang='lat' dir='ltr'><strong>etIicit.</strong></span> <span class='ocrx_word' id='word_1_752' title='bbox 2357 4503 2567 4573; x_wconf 89' lang='lat' dir='ltr'><strong>Quippe</strong></span> <span class='ocrx_word' id='word_1_753' title='bbox 2594 4505 2898 4558; x_wconf 88' lang='lat' dir='ltr'><strong>communis</strong></span> <span class='ocrx_word' id='word_1_754' title='bbox 2942 4505 3030 4558; x_wconf 88' lang='lat' dir='ltr'><strong>illa</strong></span> <span class='ocrx_word' id='word_1_755' title='bbox 3061 4513 3279 4567; x_wconf 85' lang='lat' dir='ltr'><strong>natura,</strong></span> <span class='ocrx_word' id='word_1_756' title='bbox 3308 4505 3503 4565; x_wconf 84' lang='lat' dir='ltr'><strong>servis.</strong></span> 
     </span>
    </p>
   </div>
   <div class='ocr_carea' id='block_1_82' title="bbox 257 4592 2132 4666">
    <p class='ocr_par' dir='ltr' id='par_1_82' title="bbox 257 4592 2108 4666">
     <span class='ocr_line' id='line_1_82' title="bbox 257 4592 2108 4666; baseline -0.001 -16"><span class='ocrx_word' id='word_1_757' title='bbox 257 4598 596 4666; x_wconf 80' lang='grc' dir='ltr'>ἀνθρώποις,</span> <span class='ocrx_word' id='word_1_758' title='bbox 637 4594 736 4663; x_wconf 88' lang='grc' dir='ltr'><strong>μία</strong></span> <span class='ocrx_word' id='word_1_759' title='bbox 765 4609 848 4656; x_wconf 84' lang='grc' dir='ltr'><strong>τις</strong></span> <span class='ocrx_word' id='word_1_760' title='bbox 876 4593 1321 4662; x_wconf 86' lang='grc' dir='ltr'>ἀπαράλλακτος.</span> <span class='ocrx_word' id='word_1_761' title='bbox 1362 4592 1535 4663; x_wconf 76' lang='grc' dir='ltr'>Ἀδάμ</span> <span class='ocrx_word' id='word_1_762' title='bbox 1560 4593 1667 4660; x_wconf 74' lang='grc' dir='ltr'>γὰρ</span> <span class='ocrx_word' id='word_1_763' title='bbox 1699 4593 1828 4644; x_wconf 82' lang='grc' dir='ltr'>παῖ·</span> <span class='ocrx_word' id='word_1_764' title='bbox 1938 4593 2108 4659; x_wconf 89' lang='lat' dir='ltr'><strong>heris,</strong></span> 
     </span>
    </p>
   </div>
   <div class='ocr_carea' id='block_1_83' title="bbox 1629 4592 3504 4666">
    <p class='ocr_par' dir='ltr' id='par_1_83' title="bbox 1639 4593 3504 4664">
     <span class='ocr_line' id='line_1_83' title="bbox 1639 4593 3504 4664; baseline 0.003 -20"><span class='ocrx_word' id='word_1_765' title='bbox 1639 4593 1828 4660; x_wconf 82' lang='grc' dir='ltr'>ρπαῖ-</span> <span class='ocrx_word' id='word_1_766' title='bbox 1938 4593 2108 4659; x_wconf 89' lang='lat' dir='ltr'><strong>heris,</strong></span> <span class='ocrx_word' id='word_1_767' title='bbox 2136 4595 2501 4664; x_wconf 86' lang='lat' dir='ltr'><strong>omnibusque</strong></span> <span class='ocrx_word' id='word_1_768' title='bbox 2560 4595 2916 4659; x_wconf 86' lang='lat' dir='ltr'><strong>mortalibus,</strong></span> <span class='ocrx_word' id='word_1_769' title='bbox 2973 4611 3080 4649; x_wconf 90' lang='lat' dir='ltr'><strong>una</strong></span> <span class='ocrx_word' id='word_1_770' title='bbox 3113 4597 3360 4662; x_wconf 70' lang='lat' dir='ltr'><strong>quaedam</strong></span> <span class='ocrx_word' id='word_1_771' title='bbox 3423 4608 3504 4650; x_wconf 85' lang='lat' dir='ltr'><strong>est</strong></span> 
     </span>
    </p>
   </div>
   <div class='ocr_carea' id='block_1_84' title="bbox 257 4681 2132 4756">
    <p class='ocr_par' dir='ltr' id='par_1_84' title="bbox 257 4681 2132 4753">
     <span class='ocr_line' id='line_1_84' title="bbox 257 4681 2132 4753; baseline 0.002 -16"><span class='ocrx_word' id='word_1_772' title='bbox 257 4685 368 4748; x_wconf 85' lang='grc' dir='ltr'>δες,</span> <span class='ocrx_word' id='word_1_773' title='bbox 403 4683 560 4752; x_wconf 83' lang='grc' dir='ltr'><strong>πηλῷ</strong></span> <span class='ocrx_word' id='word_1_774' title='bbox 593 4683 693 4753; x_wconf 84' lang='grc' dir='ltr'>τὴν</span> <span class='ocrx_word' id='word_1_775' title='bbox 733 4681 970 4751; x_wconf 80' lang='grc' dir='ltr'>ὓπαρξιν</span> <span class='ocrx_word' id='word_1_776' title='bbox 1015 4682 1329 4751; x_wconf 75' lang='grc' dir='ltr'>ισχηκότος,</span> <span class='ocrx_word' id='word_1_777' title='bbox 1353 4683 1498 4751; x_wconf 78' lang='grc' dir='ltr'>χειρὶ</span> <span class='ocrx_word' id='word_1_778' title='bbox 1549 4682 1684 4736; x_wconf 80' lang='grc' dir='ltr'>Θεοῦ</span> <span class='ocrx_word' id='word_1_779' title='bbox 1736 4701 1832 4736; x_wconf 61' lang='grc' dir='ltr'>περ</span> <span class='ocrx_word' id='word_1_780' title='bbox 1938 4685 2132 4740; x_wconf 78' lang='lat' dir='ltr'><strong>indiscr</strong></span> 
     </span>
    </p>
   </div>
   <div class='ocr_carea' id='block_1_85' title="bbox 1630 4681 3505 4756">
    <p class='ocr_par' dir='ltr' id='par_1_85' title="bbox 1630 4682 3505 4756">
     <span class='ocr_line' id='line_1_85' title="bbox 1630 4682 3505 4756; baseline 0.004 -22"><span class='ocrx_word' id='word_1_781' title='bbox 1630 4682 1684 4735; x_wconf 75' lang='grc' dir='ltr'><strong>ού</strong></span> <span class='ocrx_word' id='word_1_782' title='bbox 1736 4701 1832 4736; x_wconf 62' lang='grc' dir='ltr'>περ</span> <span class='ocrx_word' id='word_1_783' title='bbox 1938 4685 2250 4740; x_wconf 87' lang='lat' dir='ltr'><strong>indiscreta.</strong></span> <span class='ocrx_word' id='word_1_784' title='bbox 2292 4685 2494 4741; x_wconf 88' lang='lat' dir='ltr'><strong>Sumus</strong></span> <span class='ocrx_word' id='word_1_785' title='bbox 2531 4688 2673 4740; x_wconf 88' lang='lat' dir='ltr'><strong>enim</strong></span> <span class='ocrx_word' id='word_1_786' title='bbox 2712 4687 2859 4740; x_wconf 89' lang='lat' dir='ltr'><strong>illius</strong></span> <span class='ocrx_word' id='word_1_787' title='bbox 2909 4685 3099 4741; x_wconf 80' lang='lat' dir='ltr'><strong>Adami</strong></span> <span class='ocrx_word' id='word_1_788' title='bbox 3142 4687 3260 4753; x_wconf 82' lang='lat' dir='ltr'><strong>Illii,</strong></span> <span class='ocrx_word' id='word_1_789' title='bbox 3314 4689 3406 4756; x_wconf 92' lang='lat' dir='ltr'><strong>qui</strong></span> <span class='ocrx_word' id='word_1_790' title='bbox 3439 4688 3505 4741; x_wconf 91' lang='lat' dir='ltr'><strong>de</strong></span> 
     </span>
    </p>
   </div>
   <div class='ocr_carea' id='block_1_86' title="bbox 265 4773 2140 4849">
    <p class='ocr_par' dir='ltr' id='par_1_86' title="bbox 265 4773 2140 4845">
     <span class='ocr_line' id='line_1_86' title="bbox 265 4773 2140 4845; baseline 0 -16"><span class='ocrx_word' id='word_1_791' title='bbox 265 4778 601 4844; x_wconf 83' lang='grc' dir='ltr'>πλασμένου.</span> <span class='ocrx_word' id='word_1_792' title='bbox 633 4774 878 4836; x_wconf 81' lang='grc' dir='ltr'>Γενναίος</span> <span class='ocrx_word' id='word_1_793' title='bbox 906 4773 984 4837; x_wconf 80' lang='grc' dir='ltr'>δὲ,</span> <span class='ocrx_word' id='word_1_794' title='bbox 1009 4776 1100 4826; x_wconf 77' lang='grc' dir='ltr'>καὶ</span> <span class='ocrx_word' id='word_1_795' title='bbox 1128 4774 1417 4842; x_wconf 77' lang='grc' dir='ltr'>σταθηρὸς,</span> <span class='ocrx_word' id='word_1_796' title='bbox 1440 4775 1531 4827; x_wconf 78' lang='grc' dir='ltr'>καὶ</span> <span class='ocrx_word' id='word_1_797' title='bbox 1563 4776 1637 4845; x_wconf 72' lang='grc' dir='ltr'>μὴ</span> <span class='ocrx_word' id='word_1_798' title='bbox 1662 4775 1830 4828; x_wconf 85' lang='grc' dir='ltr'>τοιοῦ-</span> <span class='ocrx_word' id='word_1_799' title='bbox 1938 4777 2051 4831; x_wconf 85' lang='lat' dir='ltr'><strong>luto</strong></span> <span class='ocrx_word' id='word_1_800' title='bbox 2083 4794 2140 4830; x_wconf 86' lang='lat' dir='ltr'><strong>ex</strong></span> 
     </span>
    </p>
   </div>
   <div class='ocr_carea' id='block_1_87' title="bbox 1629 4773 3504 4849">
    <p class='ocr_par' dir='ltr' id='par_1_87' title="bbox 1629 4775 3504 4849">
     <span class='ocr_line' id='line_1_87' title="bbox 1629 4775 3504 4849; baseline 0.001 -22"><span class='ocrx_word' id='word_1_801' title='bbox 1629 4775 1830 4845; x_wconf 81' lang='grc' dir='ltr'>ιτοιοῦ-</span> <span class='ocrx_word' id='word_1_802' title='bbox 1938 4777 2051 4831; x_wconf 83' lang='grc' dir='ltr'>Ιυιο</span> <span class='ocrx_word' id='word_1_803' title='bbox 2083 4779 2308 4841; x_wconf 78' lang='lat' dir='ltr'><strong>exstitit,</strong></span> <span class='ocrx_word' id='word_1_804' title='bbox 2337 4777 2426 4831; x_wconf 88' lang='lat' dir='ltr'><strong>Dei</strong></span> <span class='ocrx_word' id='word_1_805' title='bbox 2462 4794 2621 4831; x_wconf 90' lang='lat' dir='ltr'><strong>manu</strong></span> <span class='ocrx_word' id='word_1_806' title='bbox 2651 4778 2938 4833; x_wconf 82' lang='lat' dir='ltr'><strong>formatus.</strong></span> <span class='ocrx_word' id='word_1_807' title='bbox 2978 4778 3289 4849; x_wconf 87' lang='lat' dir='ltr'><strong>Atquilibet</strong></span> <span class='ocrx_word' id='word_1_808' title='bbox 3318 4778 3504 4843; x_wconf 82' lang='lat' dir='ltr'><strong>homo,</strong></span> 
     </span>
    </p>
   </div>
   <div class='ocr_carea' id='block_1_88' title="bbox 264 4869 2139 4956">
    <p class='ocr_par' dir='ltr' id='par_1_88' title="bbox 264 4869 2139 4956">
     <span class='ocr_line' id='line_1_88' title="bbox 264 4869 2139 4956; baseline -0.002 -32"><span class='ocrx_word' id='word_1_809' title='bbox 264 4889 357 4933; x_wconf 90' lang='grc' dir='ltr'><strong>τος</strong></span> <span class='ocrx_word' id='word_1_810' title='bbox 384 4869 823 4924; x_wconf 73' lang='grc' dir='ltr'>ἀποκαθίσταται</span> <span class='ocrx_word' id='word_1_811' title='bbox 871 4870 936 4937; x_wconf 83' lang='grc' dir='ltr'>τῇ</span> <span class='ocrx_word' id='word_1_812' title='bbox 971 4869 1292 4937; x_wconf 79' lang='grc' dir='ltr'>προαιρέσει</span> <span class='ocrx_word' id='word_1_813' title='bbox 1362 4869 1468 4930; x_wconf 85' lang='grc' dir='ltr'>πᾶς</span> <span class='ocrx_word' id='word_1_814' title='bbox 1528 4869 1834 4938; x_wconf 77' lang='grc' dir='ltr'>ἄνθρωπος.</span> <span class='ocrx_word' id='word_1_815' title='bbox 1869 4898 1917 4956; x_wconf 76' lang='lat' dir='ltr'><strong>D</strong></span> <span class='ocrx_word' id='word_1_816' title='bbox 1940 4874 2024 4923; x_wconf 88' lang='lat' dir='ltr'><strong>vel</strong></span> <span class='ocrx_word' id='word_1_817' title='bbox 2051 4880 2139 4925; x_wconf 69' lang='lat' dir='ltr'><strong>strl</strong></span> 
     </span>
    </p>
   </div>
   <div class='ocr_carea' id='block_1_89' title="bbox 1632 4869 3507 4956">
    <p class='ocr_par' dir='ltr' id='par_1_89' title="bbox 1633 4870 3507 4956">
     <span class='ocr_line' id='line_1_89' title="bbox 1633 4870 3507 4956; baseline 0.001 -34"><span class='ocrx_word' id='word_1_818' title='bbox 1633 4887 1834 4938; x_wconf 86' lang='grc' dir='ltr'>ρωπος.</span> <span class='ocrx_word' id='word_1_819' title='bbox 1869 4898 1917 4956; x_wconf 75' lang='lat' dir='ltr'><strong>D</strong></span> <span class='ocrx_word' id='word_1_820' title='bbox 1940 4874 2024 4923; x_wconf 87' lang='lat' dir='ltr'><strong>vel</strong></span> <span class='ocrx_word' id='word_1_821' title='bbox 2051 4880 2332 4934; x_wconf 89' lang='lat' dir='ltr'><strong>strenuus,</strong></span> <span class='ocrx_word' id='word_1_822' title='bbox 2370 4870 2455 4924; x_wconf 89' lang='lat' dir='ltr'><strong>vel</strong></span> <span class='ocrx_word' id='word_1_823' title='bbox 2485 4879 2765 4934; x_wconf 85' lang='lat' dir='ltr'><strong>constans,</strong></span> <span class='ocrx_word' id='word_1_824' title='bbox 2829 4871 2912 4925; x_wconf 88' lang='lat' dir='ltr'><strong>vel</strong></span> <span class='ocrx_word' id='word_1_825' title='bbox 2945 4887 3052 4924; x_wconf 89' lang='lat' dir='ltr'><strong>non</strong></span> <span class='ocrx_word' id='word_1_826' title='bbox 3107 4870 3250 4934; x_wconf 87' lang='lat' dir='ltr'><strong>talis,</strong></span> <span class='ocrx_word' id='word_1_827' title='bbox 3281 4871 3507 4926; x_wconf 83' lang='lat' dir='ltr'><strong>arbitrio</strong></span> 
     </span>
    </p>
   </div>
   <div class='ocr_carea' id='block_1_90' title="bbox 275 4959 2150 5032">
    <p class='ocr_par' dir='ltr' id='par_1_90' title="bbox 275 4959 2150 5031">
     <span class='ocr_line' id='line_1_90' title="bbox 275 4959 2150 5031; baseline 0.002 -19"><span class='ocrx_word' id='word_1_828' title='bbox 275 4963 338 5016; x_wconf 82' lang='grc' dir='ltr'>Ὀ</span> <span class='ocrx_word' id='word_1_829' title='bbox 379 4962 486 5029; x_wconf 84' lang='grc' dir='ltr'>γὰρ</span> <span class='ocrx_word' id='word_1_830' title='bbox 513 4960 622 5013; x_wconf 82' lang='grc' dir='ltr'><strong>τῶν</strong></span> <span class='ocrx_word' id='word_1_831' title='bbox 641 4960 924 5028; x_wconf 87' lang='grc' dir='ltr'>παρόντων</span> <span class='ocrx_word' id='word_1_832' title='bbox 958 4959 1077 5019; x_wconf 83' lang='grc' dir='ltr'>ὅλος</span> <span class='ocrx_word' id='word_1_833' title='bbox 1126 4959 1441 5027; x_wconf 75' lang='grc' dir='ltr'>γενόμενος,</span> <span class='ocrx_word' id='word_1_834' title='bbox 1492 4961 1837 5031; x_wconf 86' lang='grc' dir='ltr'>πραγμάτων</span> <span class='ocrx_word' id='word_1_835' title='bbox 1947 4965 2150 5017; x_wconf 76' lang='lat' dir='ltr'><strong>volunt:</strong></span> 
     </span>
    </p>
   </div>
   <div class='ocr_carea' id='block_1_91' title="bbox 1633 4959 3508 5032">
    <p class='ocr_par' dir='ltr' id='par_1_91' title="bbox 1633 4961 3508 5032">
     <span class='ocr_line' id='line_1_91' title="bbox 1633 4961 3508 5032; baseline 0.004 -19"><span class='ocrx_word' id='word_1_836' title='bbox 1633 4961 1837 5031; x_wconf 62' lang='grc' dir='ltr'>’μάτων</span> <span class='ocrx_word' id='word_1_837' title='bbox 1947 4963 2236 5017; x_wconf 87' lang='lat' dir='ltr'><strong>voluntatis</strong></span> <span class='ocrx_word' id='word_1_838' title='bbox 2270 4962 2518 5018; x_wconf 82' lang='lat' dir='ltr'><strong>eﬂicitur.</strong></span> <span class='ocrx_word' id='word_1_839' title='bbox 2571 4962 2706 5017; x_wconf 85' lang='lat' dir='ltr'><strong>Nam</strong></span> <span class='ocrx_word' id='word_1_840' title='bbox 2747 4964 2839 5032; x_wconf 92' lang='lat' dir='ltr'><strong>qui</strong></span> <span class='ocrx_word' id='word_1_841' title='bbox 2893 4979 2952 5018; x_wconf 90' lang='lat' dir='ltr'><strong>se</strong></span> <span class='ocrx_word' id='word_1_842' title='bbox 2977 4973 3146 5017; x_wconf 90' lang='lat' dir='ltr'><strong>totum</strong></span> <span class='ocrx_word' id='word_1_843' title='bbox 3184 4963 3351 5020; x_wconf 86' lang='lat' dir='ltr'><strong>rebus</strong></span> <span class='ocrx_word' id='word_1_844' title='bbox 3385 4965 3508 5020; x_wconf 66' lang='lat' dir='ltr'><strong>vitae</strong></span> 
     </span>
    </p>
   </div>
   <div class='ocr_carea' id='block_1_92' title="bbox 263 5049 2138 5127">
    <p class='ocr_par' dir='ltr' id='par_1_92' title="bbox 263 5049 2138 5124">
     <span class='ocr_line' id='line_1_92' title="bbox 263 5049 2138 5124; baseline 0.002 -18"><span class='ocrx_word' id='word_1_845' title='bbox 263 5056 325 5106; x_wconf 71' lang='grc' dir='ltr'>οὐ</span> <span class='ocrx_word' id='word_1_846' title='bbox 363 5051 690 5121; x_wconf 78' lang='grc' dir='ltr'>βεὸηκότων,</span> <span class='ocrx_word' id='word_1_847' title='bbox 721 5049 834 5113; x_wconf 87' lang='grc' dir='ltr'><strong>πῶς</strong></span> <span class='ocrx_word' id='word_1_848' title='bbox 863 5050 928 5102; x_wconf 78' lang='grc' dir='ltr'>ἂν</span> <span class='ocrx_word' id='word_1_849' title='bbox 960 5050 1201 5119; x_wconf 80' lang='grc' dir='ltr'>ἀτρέμας</span> <span class='ocrx_word' id='word_1_850' title='bbox 1232 5052 1388 5121; x_wconf 87' lang='grc' dir='ltr'>μείνῃ</span> <span class='ocrx_word' id='word_1_851' title='bbox 1413 5069 1427 5116; x_wconf 88' lang='lat'>;</span> <span class='ocrx_word' id='word_1_852' title='bbox 1458 5054 1572 5114; x_wconf 87' lang='grc' dir='ltr'><strong>πῶς</strong></span> <span class='ocrx_word' id='word_1_853' title='bbox 1595 5053 1797 5116; x_wconf 77' lang='grc' dir='ltr'>ἄλυπος</span> <span class='ocrx_word' id='word_1_854' title='bbox 1823 5073 1836 5120; x_wconf 87' lang='lat'>;</span> <span class='ocrx_word' id='word_1_855' title='bbox 1949 5070 2138 5124; x_wconf 59' lang='lat' dir='ltr'><strong>preset</strong></span> 
     </span>
    </p>
   </div>
   <div class='ocr_carea' id='block_1_93' title="bbox 1634 5049 3509 5127">
    <p class='ocr_par' dir='ltr' id='par_1_93' title="bbox 1634 5053 3509 5127">
     <span class='ocr_line' id='line_1_93' title="bbox 1634 5053 3509 5127; baseline 0.003 -21"><span class='ocrx_word' id='word_1_856' title='bbox 1634 5053 1797 5116; x_wconf 85' lang='grc' dir='ltr'>λυπος</span> <span class='ocrx_word' id='word_1_857' title='bbox 1823 5073 1836 5120; x_wconf 87' lang='lat'><strong>;</strong></span> <span class='ocrx_word' id='word_1_858' title='bbox 1949 5055 2228 5124; x_wconf 67' lang='lat' dir='ltr'><strong>praesentis</strong></span> <span class='ocrx_word' id='word_1_859' title='bbox 2259 5055 2483 5119; x_wconf 88' lang='lat' dir='ltr'><strong>addicit,</strong></span> <span class='ocrx_word' id='word_1_860' title='bbox 2514 5055 2737 5108; x_wconf 88' lang='lat' dir='ltr'><strong>minime</strong></span> <span class='ocrx_word' id='word_1_861' title='bbox 2769 5053 3010 5124; x_wconf 80' lang='lat' dir='ltr'><strong>profecto</strong></span> <span class='ocrx_word' id='word_1_862' title='bbox 3033 5056 3340 5120; x_wconf 88' lang='lat' dir='ltr'><strong>stabilibus,</strong></span> <span class='ocrx_word' id='word_1_863' title='bbox 3369 5072 3509 5127; x_wconf 83' lang='lat' dir='ltr'><strong>quo-</strong></span> 
     </span>
    </p>
   </div>
   <div class='ocr_carea' id='block_1_94' title="bbox 280 5141 2155 5220">
    <p class='ocr_par' dir='ltr' id='par_1_94' title="bbox 280 5141 2155 5217">
     <span class='ocr_line' id='line_1_94' title="bbox 280 5141 2155 5217; baseline 0.004 -27"><span class='ocrx_word' id='word_1_864' title='bbox 280 5146 339 5197; x_wconf 84' lang='lat'><strong>&#39;0</strong></span> <span class='ocrx_word' id='word_1_865' title='bbox 392 5144 448 5195; x_wconf 82' lang='grc' dir='ltr'>δὲ</span> <span class='ocrx_word' id='word_1_866' title='bbox 491 5143 567 5212; x_wconf 79' lang='grc' dir='ltr'>τῷ</span> <span class='ocrx_word' id='word_1_867' title='bbox 624 5143 768 5212; x_wconf 87' lang='grc' dir='ltr'>λόγῳ</span> <span class='ocrx_word' id='word_1_868' title='bbox 826 5141 1126 5211; x_wconf 86' lang='grc' dir='ltr'>χρώμενος,</span> <span class='ocrx_word' id='word_1_869' title='bbox 1177 5142 1325 5195; x_wconf 84' lang='grc' dir='ltr'>οὐδέν</span> <span class='ocrx_word' id='word_1_870' title='bbox 1381 5160 1432 5194; x_wconf 91' lang='grc' dir='ltr'><strong>τι</strong></span> <span class='ocrx_word' id='word_1_871' title='bbox 1489 5145 1598 5195; x_wconf 87' lang='grc' dir='ltr'><strong>τῶν</strong></span> <span class='ocrx_word' id='word_1_872' title='bbox 1655 5144 1839 5198; x_wconf 79' lang='grc' dir='ltr'>ἐνθάδε</span> <span class='ocrx_word' id='word_1_873' title='bbox 1950 5142 2070 5202; x_wconf 81' lang='lat' dir='ltr'><strong>nam</strong></span> <span class='ocrx_word' id='word_1_874' title='bbox 2101 5164 2155 5217; x_wconf 84' lang='lat' dir='ltr'><strong>pa</strong></span> 
     </span>
    </p>
   </div>
   <div class='ocr_carea' id='block_1_95' title="bbox 1632 5141 3507 5220">
    <p class='ocr_par' dir='ltr' id='par_1_95' title="bbox 1655 5142 3507 5220">
     <span class='ocr_line' id='line_1_95' title="bbox 1655 5142 3507 5220; baseline 0.005 -24"><span class='ocrx_word' id='word_1_875' title='bbox 1655 5144 1839 5198; x_wconf 80' lang='grc' dir='ltr'>ἐνθάδε</span> <span class='ocrx_word' id='word_1_876' title='bbox 1950 5142 2070 5202; x_wconf 85' lang='lat' dir='ltr'><strong>nam</strong></span> <span class='ocrx_word' id='word_1_877' title='bbox 2101 5161 2253 5217; x_wconf 86' lang='lat' dir='ltr'><strong>pacto</strong></span> <span class='ocrx_word' id='word_1_878' title='bbox 2277 5148 2454 5217; x_wconf 90' lang='lat' dir='ltr'><strong>quiete</strong></span> <span class='ocrx_word' id='word_1_879' title='bbox 2483 5148 2652 5202; x_wconf 88' lang='lat' dir='ltr'><strong>solida</strong></span> <span class='ocrx_word' id='word_1_880' title='bbox 2684 5147 2936 5201; x_wconf 78' lang='lat' dir='ltr'><strong>fruetur?</strong></span> <span class='ocrx_word' id='word_1_881' title='bbox 2961 5149 3053 5217; x_wconf 90' lang='lat' dir='ltr'><strong>qui</strong></span> <span class='ocrx_word' id='word_1_882' title='bbox 3077 5148 3282 5203; x_wconf 87' lang='lat' dir='ltr'><strong>doloris</strong></span> <span class='ocrx_word' id='word_1_883' title='bbox 3311 5166 3507 5220; x_wconf 82' lang='lat' dir='ltr'><strong>expers</strong></span> 
     </span>
    </p>
   </div>
   <div class='ocr_carea' id='block_1_96' title="bbox 267 5233 2142 5308">
    <p class='ocr_par' dir='ltr' id='par_1_96' title="bbox 267 5233 2142 5306">
     <span class='ocr_line' id='line_1_96' title="bbox 267 5233 2142 5306; baseline 0.001 -17"><span class='ocrx_word' id='word_1_884' title='bbox 267 5237 551 5306; x_wconf 75' lang='grc' dir='ltr'>προύργου</span> <span class='ocrx_word' id='word_1_885' title='bbox 583 5234 927 5306; x_wconf 87' lang='grc' dir='ltr'>ποιούμενος,</span> <span class='ocrx_word' id='word_1_886' title='bbox 965 5233 1060 5286; x_wconf 83' lang='grc' dir='ltr'>τοῦ</span> <span class='ocrx_word' id='word_1_887' title='bbox 1088 5233 1260 5302; x_wconf 77' lang='grc' dir='ltr'>πηλοῦ</span> <span class='ocrx_word' id='word_1_888' title='bbox 1305 5234 1642 5301; x_wconf 81' lang='grc' dir='ltr'>καταγελῶν,</span> <span class='ocrx_word' id='word_1_889' title='bbox 1701 5236 1834 5288; x_wconf 81' lang='grc' dir='ltr'>ἀθα-</span> <span class='ocrx_word' id='word_1_890' title='bbox 1942 5240 2142 5294; x_wconf 75' lang='lat' dir='ltr'><strong>erit‘IA</strong></span> 
     </span>
    </p>
   </div>
   <div class='ocr_carea' id='block_1_97' title="bbox 1633 5233 3508 5308">
    <p class='ocr_par' dir='ltr' id='par_1_97' title="bbox 1633 5236 3508 5308">
     <span class='ocr_line' id='line_1_97' title="bbox 1633 5236 3508 5308; baseline 0.004 -21"><span class='ocrx_word' id='word_1_891' title='bbox 1633 5275 1642 5298; x_wconf 89' lang='lat'><strong>,</strong></span> <span class='ocrx_word' id='word_1_892' title='bbox 1701 5236 1834 5288; x_wconf 80' lang='grc' dir='ltr'>ἀθα-</span> <span class='ocrx_word' id='word_1_893' title='bbox 1942 5240 2172 5294; x_wconf 80' lang='lat' dir='ltr'><strong>erit‘lAt</strong></span> <span class='ocrx_word' id='word_1_894' title='bbox 2201 5240 2293 5308; x_wconf 86' lang='lat' dir='ltr'><strong>qui</strong></span> <span class='ocrx_word' id='word_1_895' title='bbox 2327 5243 2537 5292; x_wconf 86' lang='lat' dir='ltr'><strong>ratione</strong></span> <span class='ocrx_word' id='word_1_896' title='bbox 2578 5241 2768 5303; x_wconf 89' lang='lat' dir='ltr'><strong>utitur,</strong></span> <span class='ocrx_word' id='word_1_897' title='bbox 2797 5254 2893 5293; x_wconf 90' lang='lat' dir='ltr'><strong>nec</strong></span> <span class='ocrx_word' id='word_1_898' title='bbox 2924 5240 3219 5308; x_wconf 87' lang='lat' dir='ltr'><strong>quidquam</strong></span> <span class='ocrx_word' id='word_1_899' title='bbox 3271 5241 3348 5295; x_wconf 91' lang='lat' dir='ltr'><strong>rei</strong></span> <span class='ocrx_word' id='word_1_900' title='bbox 3401 5251 3508 5294; x_wconf 87' lang='lat' dir='ltr'><strong>ter-</strong></span> 
     </span>
    </p>
   </div>
   <div class='ocr_carea' id='block_1_98' title="bbox 267 5331 2142 5402">
    <p class='ocr_par' dir='ltr' id='par_1_98' title="bbox 267 5331 2133 5402">
     <span class='ocr_line' id='line_1_98' title="bbox 267 5331 2133 5402; baseline -0.002 -12"><span class='ocrx_word' id='word_1_901' title='bbox 267 5337 460 5396; x_wconf 86' lang='grc' dir='ltr'>νασίας</span> <span class='ocrx_word' id='word_1_902' title='bbox 483 5332 784 5402; x_wconf 71' lang='grc' dir='ltr'>ἐπιθυμῶν,</span> <span class='ocrx_word' id='word_1_903' title='bbox 814 5331 1093 5399; x_wconf 75' lang='grc' dir='ltr'>ὁδοιπόρον</span> <span class='ocrx_word' id='word_1_904' title='bbox 1113 5331 1304 5384; x_wconf 78' lang='grc' dir='ltr'>ἑαυτὸν</span> <span class='ocrx_word' id='word_1_905' title='bbox 1353 5332 1724 5399; x_wconf 76' lang='grc' dir='ltr'>ἐπιστάμενος</span> <span class='ocrx_word' id='word_1_906' title='bbox 1757 5334 1836 5395; x_wconf 84' lang='grc' dir='ltr'><strong>είς</strong></span> <span class='ocrx_word' id='word_1_907' title='bbox 1945 5333 2133 5386; x_wconf 82' lang='lat' dir='ltr'><strong>restris</strong></span> 
     </span>
    </p>
   </div>
   <div class='ocr_carea' id='block_1_99' title="bbox 1630 5331 3505 5402">
    <p class='ocr_par' dir='ltr' id='par_1_99' title="bbox 1635 5331 3505 5400">
     <span class='ocr_line' id='line_1_99' title="bbox 1635 5331 3505 5400; baseline 0.001 -16"><span class='ocrx_word' id='word_1_908' title='bbox 1635 5349 1724 5394; x_wconf 91' lang='grc' dir='ltr'><strong>νος</strong></span> <span class='ocrx_word' id='word_1_909' title='bbox 1757 5334 1836 5395; x_wconf 81' lang='grc' dir='ltr'><strong>είς</strong></span> <span class='ocrx_word' id='word_1_910' title='bbox 1945 5333 2133 5386; x_wconf 84' lang='lat' dir='ltr'><strong>restris</strong></span> <span class='ocrx_word' id='word_1_911' title='bbox 2160 5333 2319 5385; x_wconf 84' lang='lat' dir='ltr'><strong>habet</strong></span> <span class='ocrx_word' id='word_1_912' title='bbox 2349 5333 2402 5384; x_wconf 85' lang='lat' dir='ltr'><strong>in</strong></span> <span class='ocrx_word' id='word_1_913' title='bbox 2434 5332 2628 5400; x_wconf 90' lang='lat' dir='ltr'><strong>pretio,</strong></span> <span class='ocrx_word' id='word_1_914' title='bbox 2661 5331 2835 5385; x_wconf 88' lang='lat' dir='ltr'><strong>lutum</strong></span> <span class='ocrx_word' id='word_1_915' title='bbox 2893 5332 3148 5397; x_wconf 86' lang='lat' dir='ltr'><strong>irridens,</strong></span> <span class='ocrx_word' id='word_1_916' title='bbox 3186 5333 3505 5387; x_wconf 82' lang='lat' dir='ltr'><strong>immortali-</strong></span> 
     </span>
    </p>
   </div>
   <div class='ocr_carea' id='block_1_100' title="bbox 263 5422 2138 5496">
    <p class='ocr_par' dir='ltr' id='par_1_100' title="bbox 263 5422 2138 5496">
     <span class='ocr_line' id='line_1_100' title="bbox 263 5422 2138 5496; baseline -0.002 -16"><span class='ocrx_word' id='word_1_917' title='bbox 263 5431 372 5496; x_wconf 77' lang='grc' dir='ltr'>τὴν</span> <span class='ocrx_word' id='word_1_918' title='bbox 409 5424 644 5496; x_wconf 83' lang='grc' dir='ltr'>πατρίδα</span> <span class='ocrx_word' id='word_1_919' title='bbox 684 5423 781 5492; x_wconf 81' lang='grc' dir='ltr'>τὴν</span> <span class='ocrx_word' id='word_1_920' title='bbox 798 5423 930 5485; x_wconf 81' lang='grc' dir='ltr'>ἀνω,</span> <span class='ocrx_word' id='word_1_921' title='bbox 948 5423 1324 5491; x_wconf 85' lang='grc' dir='ltr'>ὑποφέρειμὲν</span> <span class='ocrx_word' id='word_1_922' title='bbox 1339 5422 1508 5489; x_wconf 79' lang='grc' dir='ltr'>δεινὰ,</span> <span class='ocrx_word' id='word_1_923' title='bbox 1530 5423 1686 5486; x_wconf 86' lang='grc' dir='ltr'>είδὼς</span> <span class='ocrx_word' id='word_1_924' title='bbox 1705 5441 1838 5476; x_wconf 87' lang='grc' dir='ltr'>ταυ-</span> <span class='ocrx_word' id='word_1_925' title='bbox 1946 5425 2071 5478; x_wconf 90' lang='lat' dir='ltr'><strong>tatis</strong></span> <span class='ocrx_word' id='word_1_926' title='bbox 2098 5439 2138 5489; x_wconf 74' lang='lat' dir='ltr'><strong>a1</strong></span> 
     </span>
    </p>
   </div>
   <div class='ocr_carea' id='block_1_101' title="bbox 1635 5422 3510 5496">
    <p class='ocr_par' dir='ltr' id='par_1_101' title="bbox 1635 5425 3510 5493">
     <span class='ocr_line' id='line_1_101' title="bbox 1635 5425 3510 5493; baseline 0.002 -18"><span class='ocrx_word' id='word_1_927' title='bbox 1635 5441 1686 5486; x_wconf 68' lang='grc' dir='ltr'><strong>υς</strong></span> <span class='ocrx_word' id='word_1_928' title='bbox 1705 5441 1838 5476; x_wconf 87' lang='grc' dir='ltr'>ταυ-</span> <span class='ocrx_word' id='word_1_929' title='bbox 1946 5425 2071 5478; x_wconf 91' lang='lat' dir='ltr'><strong>tatis</strong></span> <span class='ocrx_word' id='word_1_930' title='bbox 2098 5432 2380 5492; x_wconf 88' lang='lat' dir='ltr'><strong>appetens.</strong></span> <span class='ocrx_word' id='word_1_931' title='bbox 2411 5425 2615 5493; x_wconf 72' lang='lat' dir='ltr'><strong>Quique</strong></span> <span class='ocrx_word' id='word_1_932' title='bbox 2643 5437 2700 5477; x_wconf 82' lang='lat' dir='ltr'><strong>se</strong></span> <span class='ocrx_word' id='word_1_933' title='bbox 2735 5426 2994 5478; x_wconf 87' lang='lat' dir='ltr'><strong>viatorem</strong></span> <span class='ocrx_word' id='word_1_934' title='bbox 3033 5425 3182 5478; x_wconf 85' lang='lat' dir='ltr'><strong>novit</strong></span> <span class='ocrx_word' id='word_1_935' title='bbox 3217 5439 3358 5490; x_wconf 89' lang='lat' dir='ltr'><strong>esse,</strong></span> <span class='ocrx_word' id='word_1_936' title='bbox 3395 5434 3510 5478; x_wconf 87' lang='lat' dir='ltr'><strong>ten-</strong></span> 
     </span>
    </p>
   </div>
   <div class='ocr_carea' id='block_1_102' title="bbox 262 5511 2137 5587">
    <p class='ocr_par' dir='ltr' id='par_1_102' title="bbox 262 5511 2137 5587">
     <span class='ocr_line' id='line_1_102' title="bbox 262 5511 2137 5587; baseline -0.003 -15"><span class='ocrx_word' id='word_1_937' title='bbox 262 5522 320 5572; x_wconf 72' lang='grc' dir='ltr'><strong>τι</strong></span> <span class='ocrx_word' id='word_1_938' title='bbox 349 5518 751 5587; x_wconf 81' lang='grc' dir='ltr'>παρερχόμενα,</span> <span class='ocrx_word' id='word_1_939' title='bbox 780 5514 874 5566; x_wconf 73' lang='grc' dir='ltr'>καὶ</span> <span class='ocrx_word' id='word_1_940' title='bbox 910 5513 1093 5582; x_wconf 89' lang='grc' dir='ltr'>νίτρου</span> <span class='ocrx_word' id='word_1_941' title='bbox 1119 5513 1283 5564; x_wconf 86' lang='grc' dir='ltr'>τόπον</span> <span class='ocrx_word' id='word_1_942' title='bbox 1314 5511 1553 5576; x_wconf 79' lang='grc' dir='ltr'>σώζοντα</span> <span class='ocrx_word' id='word_1_943' title='bbox 1581 5517 1644 5583; x_wconf 80' lang='grc' dir='ltr'>τῇ</span> <span class='ocrx_word' id='word_1_944' title='bbox 1669 5515 1836 5584; x_wconf 77' lang='grc' dir='ltr'>ψυχῇ,</span> <span class='ocrx_word' id='word_1_945' title='bbox 1945 5519 2137 5570; x_wconf 83' lang='lat' dir='ltr'><strong>denten</strong></span> 
     </span>
    </p>
   </div>
   <div class='ocr_carea' id='block_1_103' title="bbox 1634 5511 3509 5587">
    <p class='ocr_par' dir='ltr' id='par_1_103' title="bbox 1634 5514 3509 5584">
     <span class='ocr_line' id='line_1_103' title="bbox 1634 5514 3509 5584; baseline 0 -19"><span class='ocrx_word' id='word_1_946' title='bbox 1634 5515 1836 5584; x_wconf 66' lang='grc' dir='ltr'>ἱψυχῇ,</span> <span class='ocrx_word' id='word_1_947' title='bbox 1945 5519 2160 5570; x_wconf 84' lang='lat' dir='ltr'><strong>dentem</strong></span> <span class='ocrx_word' id='word_1_948' title='bbox 2197 5515 2261 5567; x_wconf 91' lang='lat' dir='ltr'><strong>ad</strong></span> <span class='ocrx_word' id='word_1_949' title='bbox 2290 5529 2542 5581; x_wconf 79' lang='lat' dir='ltr'><strong>superam</strong></span> <span class='ocrx_word' id='word_1_950' title='bbox 2580 5514 2722 5566; x_wconf 86' lang='lat' dir='ltr'><strong>illam</strong></span> <span class='ocrx_word' id='word_1_951' title='bbox 2751 5515 3010 5582; x_wconf 86' lang='lat' dir='ltr'><strong>patriam:</strong></span> <span class='ocrx_word' id='word_1_952' title='bbox 3043 5514 3089 5568; x_wconf 85' lang='lat' dir='ltr'><strong>is</strong></span> <span class='ocrx_word' id='word_1_953' title='bbox 3123 5528 3247 5567; x_wconf 87' lang='lat' dir='ltr'><strong>vero</strong></span> <span class='ocrx_word' id='word_1_954' title='bbox 3277 5521 3329 5566; x_wconf 89' lang='lat' dir='ltr'><strong>et</strong></span> <span class='ocrx_word' id='word_1_955' title='bbox 3354 5528 3509 5582; x_wconf 65' lang='lat' dir='ltr'><strong>aequo</strong></span> 
     </span>
    </p>
   </div>
   <div class='ocr_carea' id='block_1_104' title="bbox 264 5603 2139 5678">
    <p class='ocr_par' dir='ltr' id='par_1_104' title="bbox 264 5603 2139 5678">
     <span class='ocr_line' id='line_1_104' title="bbox 264 5603 2139 5678; baseline -0.002 -16"><span class='ocrx_word' id='word_1_956' title='bbox 264 5608 612 5678; x_wconf 79' lang='grc' dir='ltr'>ἀνθρώπινόν</span> <span class='ocrx_word' id='word_1_957' title='bbox 641 5623 694 5658; x_wconf 90' lang='grc' dir='ltr'><strong>τι</strong></span> <span class='ocrx_word' id='word_1_958' title='bbox 717 5604 968 5674; x_wconf 82' lang='grc' dir='ltr'>παθούσῃ</span> <span class='ocrx_word' id='word_1_959' title='bbox 989 5623 1002 5635; x_wconf 88' lang='grc'><strong>·</strong></span> <span class='ocrx_word' id='word_1_960' title='bbox 1039 5604 1146 5655; x_wconf 88' lang='grc' dir='ltr'><strong>τῶν</strong></span> <span class='ocrx_word' id='word_1_961' title='bbox 1166 5603 1224 5655; x_wconf 82' lang='grc' dir='ltr'>δὲ</span> <span class='ocrx_word' id='word_1_962' title='bbox 1252 5604 1423 5672; x_wconf 80' lang='grc' dir='ltr'>ἡδέων</span> <span class='ocrx_word' id='word_1_963' title='bbox 1453 5604 1548 5657; x_wconf 78' lang='grc' dir='ltr'>τοῦ</span> <span class='ocrx_word' id='word_1_964' title='bbox 1578 5605 1703 5674; x_wconf 81' lang='grc' dir='ltr'>τῇδε</span> <span class='ocrx_word' id='word_1_965' title='bbox 1724 5606 1839 5674; x_wconf 90' lang='grc' dir='ltr'>βίου</span> <span class='ocrx_word' id='word_1_966' title='bbox 1948 5606 2139 5661; x_wconf 81' lang='lat' dir='ltr'><strong>toleral</strong></span> 
     </span>
    </p>
   </div>
   <div class='ocr_carea' id='block_1_105' title="bbox 1628 5603 3503 5678">
    <p class='ocr_par' dir='ltr' id='par_1_105' title="bbox 1628 5605 3503 5674">
     <span class='ocr_line' id='line_1_105' title="bbox 1628 5605 3503 5674; baseline 0.002 -19"><span class='ocrx_word' id='word_1_967' title='bbox 1628 5605 1703 5674; x_wconf 60' lang='grc' dir='ltr'>ᾖδε</span> <span class='ocrx_word' id='word_1_968' title='bbox 1724 5606 1839 5674; x_wconf 88' lang='grc' dir='ltr'>βίου</span> <span class='ocrx_word' id='word_1_969' title='bbox 1948 5606 2198 5661; x_wconf 82' lang='lat' dir='ltr'><strong>tolerabit</strong></span> <span class='ocrx_word' id='word_1_970' title='bbox 2229 5605 2413 5658; x_wconf 90' lang='lat' dir='ltr'><strong>animo</strong></span> <span class='ocrx_word' id='word_1_971' title='bbox 2445 5606 2641 5670; x_wconf 83' lang='lat' dir='ltr'><strong>tristia,</strong></span> <span class='ocrx_word' id='word_1_972' title='bbox 2667 5621 2785 5658; x_wconf 76' lang='lat' dir='ltr'><strong>cum</strong></span> <span class='ocrx_word' id='word_1_973' title='bbox 2815 5619 2938 5660; x_wconf 86' lang='lat' dir='ltr'><strong>esse</strong></span> <span class='ocrx_word' id='word_1_974' title='bbox 2994 5605 3305 5658; x_wconf 89' lang='lat' dir='ltr'><strong>transitoria</strong></span> <span class='ocrx_word' id='word_1_975' title='bbox 3345 5607 3503 5667; x_wconf 83' lang='lat' dir='ltr'><strong>sciat.</strong></span> 
     </span>
    </p>
   </div>
   <div class='ocr_carea' id='block_1_106' title="bbox 263 5697 2138 5770">
    <p class='ocr_par' dir='ltr' id='par_1_106' title="bbox 263 5697 2138 5770">
     <span class='ocr_line' id='line_1_106' title="bbox 263 5697 2138 5770; baseline -0.002 -15"><span class='ocrx_word' id='word_1_976' title='bbox 263 5707 338 5764; x_wconf 84' lang='grc' dir='ltr'>ὼς</span> <span class='ocrx_word' id='word_1_977' title='bbox 369 5701 562 5770; x_wconf 74' lang='grc' dir='ltr'>θνητὸς</span> <span class='ocrx_word' id='word_1_978' title='bbox 597 5702 696 5752; x_wconf 82' lang='grc' dir='ltr'>οὑκ</span> <span class='ocrx_word' id='word_1_979' title='bbox 724 5698 1006 5751; x_wconf 81' lang='grc' dir='ltr'>ἀθανάτων</span> <span class='ocrx_word' id='word_1_980' title='bbox 1050 5700 1315 5765; x_wconf 84' lang='grc' dir='ltr'>μετέχων,</span> <span class='ocrx_word' id='word_1_981' title='bbox 1348 5697 1484 5749; x_wconf 79' lang='grc' dir='ltr'>οῐσιι</span> <span class='ocrx_word' id='word_1_982' title='bbox 1510 5699 1607 5768; x_wconf 79' lang='grc' dir='ltr'>τὴν</span> <span class='ocrx_word' id='word_1_983' title='bbox 1637 5698 1841 5750; x_wconf 80' lang='grc' dir='ltr'>τούτων</span> <span class='ocrx_word' id='word_1_984' title='bbox 1947 5715 2008 5752; x_wconf 88' lang='lat' dir='ltr'><strong>ac</strong></span> <span class='ocrx_word' id='word_1_985' title='bbox 2047 5715 2138 5767; x_wconf 80' lang='lat' dir='ltr'><strong>pra</strong></span> 
     </span>
    </p>
   </div>
   <div class='ocr_carea' id='block_1_107' title="bbox 1628 5697 3503 5770">
    <p class='ocr_par' dir='ltr' id='par_1_107' title="bbox 1637 5697 3503 5767">
     <span class='ocr_line' id='line_1_107' title="bbox 1637 5697 3503 5767; baseline -0.001 -18"><span class='ocrx_word' id='word_1_986' title='bbox 1637 5698 1841 5750; x_wconf 77' lang='grc' dir='ltr'>τούτων</span> <span class='ocrx_word' id='word_1_987' title='bbox 1947 5715 2008 5752; x_wconf 89' lang='lat' dir='ltr'><strong>ac</strong></span> <span class='ocrx_word' id='word_1_988' title='bbox 2047 5710 2304 5767; x_wconf 62' lang='lat' dir='ltr'><strong>praestare</strong></span> <span class='ocrx_word' id='word_1_989' title='bbox 2335 5699 2463 5751; x_wconf 84' lang='lat' dir='ltr'><strong>nitri</strong></span> <span class='ocrx_word' id='word_1_990' title='bbox 2491 5698 2660 5751; x_wconf 87' lang='lat' dir='ltr'><strong>vicem</strong></span> <span class='ocrx_word' id='word_1_991' title='bbox 2702 5699 2907 5765; x_wconf 88' lang='lat' dir='ltr'><strong>animo,</strong></span> <span class='ocrx_word' id='word_1_992' title='bbox 2937 5701 3024 5751; x_wconf 90' lang='lat' dir='ltr'><strong>cui</strong></span> <span class='ocrx_word' id='word_1_993' title='bbox 3081 5697 3213 5766; x_wconf 90' lang='lat' dir='ltr'><strong>quid</strong></span> <span class='ocrx_word' id='word_1_994' title='bbox 3249 5697 3503 5750; x_wconf 79' lang='lat' dir='ltr'><strong>humani-</strong></span> 
     </span>
    </p>
   </div>
   <div class='ocr_carea' id='block_1_108' title="bbox 268 5790 2143 5864">
    <p class='ocr_par' dir='ltr' id='par_1_108' title="bbox 268 5790 2143 5864">
     <span class='ocr_line' id='line_1_108' title="bbox 268 5790 2143 5864; baseline 0 -20"><span class='ocrx_word' id='word_1_995' title='bbox 268 5795 478 5864; x_wconf 75' lang='grc' dir='ltr'>ζημίαν</span> <span class='ocrx_word' id='word_1_996' title='bbox 511 5793 650 5844; x_wconf 77' lang='grc' dir='ltr'>πολὺ</span> <span class='ocrx_word' id='word_1_997' title='bbox 683 5791 788 5844; x_wconf 86' lang='grc' dir='ltr'><strong>τῶν</strong></span> <span class='ocrx_word' id='word_1_998' title='bbox 815 5790 990 5843; x_wconf 75' lang='grc' dir='ltr'>ἄλλων</span> <span class='ocrx_word' id='word_1_999' title='bbox 1022 5790 1351 5858; x_wconf 79' lang='grc' dir='ltr'>κουφότερόν</span> <span class='ocrx_word' id='word_1_1000' title='bbox 1401 5807 1458 5842; x_wconf 88' lang='grc' dir='ltr'><strong>τε</strong></span> <span class='ocrx_word' id='word_1_1001' title='bbox 1509 5791 1598 5842; x_wconf 81' lang='grc' dir='ltr'><strong>καὶ</strong></span> <span class='ocrx_word' id='word_1_1002' title='bbox 1637 5790 1841 5843; x_wconf 82' lang='grc' dir='ltr'>άλυπό-</span> <span class='ocrx_word' id='word_1_1003' title='bbox 1949 5802 2035 5846; x_wconf 87' lang='lat' dir='ltr'><strong>tus</strong></span> <span class='ocrx_word' id='word_1_1004' title='bbox 2065 5809 2143 5846; x_wconf 80' lang='lat' dir='ltr'><strong>aet</strong></span> 
     </span>
    </p>
   </div>
   <div class='ocr_carea' id='block_1_109' title="bbox 1632 5790 3507 5864">
    <p class='ocr_par' dir='ltr' id='par_1_109' title="bbox 1637 5790 3507 5860">
     <span class='ocr_line' id='line_1_109' title="bbox 1637 5790 3507 5860; baseline -0.002 -17"><span class='ocrx_word' id='word_1_1005' title='bbox 1637 5790 1841 5843; x_wconf 83' lang='grc' dir='ltr'>άλυπὸ-</span> <span class='ocrx_word' id='word_1_1006' title='bbox 1949 5802 2035 5846; x_wconf 90' lang='lat' dir='ltr'><strong>tus</strong></span> <span class='ocrx_word' id='word_1_1007' title='bbox 2065 5792 2294 5856; x_wconf 86' lang='lat' dir='ltr'><strong>accidit;</strong></span> <span class='ocrx_word' id='word_1_1008' title='bbox 2330 5803 2385 5846; x_wconf 90' lang='lat' dir='ltr'><strong>et</strong></span> <span class='ocrx_word' id='word_1_1009' title='bbox 2425 5794 2551 5855; x_wconf 89' lang='lat' dir='ltr'><strong>illis,</strong></span> <span class='ocrx_word' id='word_1_1010' title='bbox 2579 5808 2698 5860; x_wconf 63' lang='lat' dir='ltr'><strong>quae</strong></span> <span class='ocrx_word' id='word_1_1011' title='bbox 2738 5792 2789 5844; x_wconf 91' lang='lat' dir='ltr'><strong>in</strong></span> <span class='ocrx_word' id='word_1_1012' title='bbox 2833 5794 2932 5845; x_wconf 77' lang='lat' dir='ltr'><strong>hac</strong></span> <span class='ocrx_word' id='word_1_1013' title='bbox 2969 5792 3072 5845; x_wconf 91' lang='lat' dir='ltr'><strong>vita</strong></span> <span class='ocrx_word' id='word_1_1014' title='bbox 3096 5791 3333 5859; x_wconf 87' lang='lat' dir='ltr'><strong>jucunda</strong></span> <span class='ocrx_word' id='word_1_1015' title='bbox 3356 5801 3507 5854; x_wconf 84' lang='lat' dir='ltr'><strong>sunt,</strong></span> 
     </span>
    </p>
   </div>
   <div class='ocr_carea' id='block_1_110' title="bbox 262 5881 3511 5954">
    <p class='ocr_par' dir='ltr' id='par_1_110' title="bbox 262 5881 3511 5954">
     <span class='ocr_line' id='line_1_110' title="bbox 262 5881 3511 5954; baseline -0.002 -17"><span class='ocrx_word' id='word_1_1016' title='bbox 262 5903 448 5954; x_wconf 70' lang='grc' dir='ltr'>τερον.</span> <span class='ocrx_word' id='word_1_1017' title='bbox 1951 5883 2108 5935; x_wconf 87' lang='lat' dir='ltr'><strong>veluti</strong></span> <span class='ocrx_word' id='word_1_1018' title='bbox 2139 5882 2381 5936; x_wconf 87' lang='lat' dir='ltr'><strong>mortalis</strong></span> <span class='ocrx_word' id='word_1_1019' title='bbox 2413 5884 2555 5935; x_wconf 83' lang='lat' dir='ltr'><strong>haud</strong></span> <span class='ocrx_word' id='word_1_1020' title='bbox 2592 5882 2987 5935; x_wconf 82' lang='lat' dir='ltr'><strong>immortalibus</strong></span> <span class='ocrx_word' id='word_1_1021' title='bbox 3038 5881 3242 5945; x_wconf 82' lang='lat' dir='ltr'><strong>fruens,</strong></span> <span class='ocrx_word' id='word_1_1022' title='bbox 3292 5893 3511 5935; x_wconf 81' lang='lat' dir='ltr'><strong>eorum-</strong></span> 
     </span>
    </p>
   </div>
   <div class='ocr_carea' id='block_1_111' title="bbox 262 5979 2744 6050">
    <p class='ocr_par' dir='ltr' id='par_1_111' title="bbox 262 5979 2744 6050">
     <span class='ocr_line' id='line_1_111' title="bbox 262 5979 2744 6050; baseline -0.003 -12"><span class='ocrx_word' id='word_1_1023' title='bbox 262 5985 390 6038; x_wconf 80' lang='lat' dir='ltr'><strong>dem</strong></span> <span class='ocrx_word' id='word_1_1024' title='bbox 417 5981 687 6050; x_wconf 82' lang='lat' dir='ltr'><strong>jacturatn</strong></span> <span class='ocrx_word' id='word_1_1025' title='bbox 723 5991 834 6035; x_wconf 91' lang='lat' dir='ltr'><strong>tum</strong></span> <span class='ocrx_word' id='word_1_1026' title='bbox 887 5982 1058 6036; x_wconf 84' lang='lat' dir='ltr'><strong>levius</strong></span> <span class='ocrx_word' id='word_1_1027' title='bbox 1094 5982 1260 6034; x_wconf 88' lang='lat' dir='ltr'><strong>multo</strong></span> <span class='ocrx_word' id='word_1_1028' title='bbox 1310 5982 1541 6048; x_wconf 64' lang='lat' dir='ltr'><strong>caeteris,</strong></span> <span class='ocrx_word' id='word_1_1029' title='bbox 1581 5992 1690 6036; x_wconf 87' lang='lat' dir='ltr'><strong>tum</strong></span> <span class='ocrx_word' id='word_1_1030' title='bbox 1729 5981 1934 6038; x_wconf 84' lang='lat' dir='ltr'><strong>minore</strong></span> <span class='ocrx_word' id='word_1_1031' title='bbox 1963 5997 2082 6034; x_wconf 77' lang='lat' dir='ltr'><strong>cum</strong></span> <span class='ocrx_word' id='word_1_1032' title='bbox 2120 5980 2283 6033; x_wconf 88' lang='lat' dir='ltr'><strong>animi</strong></span> <span class='ocrx_word' id='word_1_1033' title='bbox 2323 5980 2564 6033; x_wconf 69' lang='lat' dir='ltr'><strong>molestia</strong></span> <span class='ocrx_word' id='word_1_1034' title='bbox 2595 5979 2744 6032; x_wconf 77' lang='lat' dir='ltr'><strong>feret.</strong></span> 
     </span>
    </p>
   </div>
   <div class='ocr_carea' id='block_1_112' title="bbox 597 6077 3074 6143">
    <p class='ocr_par' dir='ltr' id='par_1_112' title="bbox 597 6077 3074 6143">
     <span class='ocr_line' id='line_1_112' title="bbox 597 6077 3074 6143; baseline -0.003 -3"><span class='ocrx_word' id='word_1_1035' title='bbox 597 6083 864 6142; x_wconf 76' lang='lat' dir='ltr'><strong>PATItOL.</strong></span> <span class='ocrx_word' id='word_1_1036' title='bbox 911 6088 1025 6142; x_wconf 76' lang='lat' dir='ltr'><strong>(In.</strong></span> <span class='ocrx_word' id='word_1_1037' title='bbox 1061 6083 1268 6143; x_wconf 73' lang='lat' dir='ltr'><strong>CLVI.</strong></span> <span class='ocrx_word' id='word_1_1038' title='bbox 3005 6077 3074 6134; x_wconf 77' lang='lat'><strong>1&#39;2</strong></span> 
     </span>
    </p>
   </div>
  </div>
