  <div class='ocr_page' id='page_1' title='image "/cluster/home/n/w/nwhite01/storage/ocr_20150623/156/nnc1.0046980911/189.png"; bbox 0 0 4748 6512; ppageno 0'>
   <div class='ocr_carea' id='block_1_1' title="bbox 1261 432 3136 510">
    <p class='ocr_par' dir='ltr' id='par_1_1' title="bbox 1261 440 3136 510">
     <span class='ocr_line' id='line_1_1' title="bbox 1261 440 3136 510; baseline -0.006 0"><span class='ocrx_word' id='word_1_1' title='bbox 1261 448 1364 510; x_wconf 80' lang='grc'><strong>363</strong></span> <span class='ocrx_word' id='word_1_2' title='bbox 2428 441 2822 501; x_wconf 66' lang='lat' dir='ltr'><strong>MANUELIS</strong></span> <span class='ocrx_word' id='word_1_3' title='bbox 2867 440 3136 500; x_wconf 64' lang='lat' dir='ltr'><strong>PALEOI</strong></span> 
     </span>
    </p>
   </div>
   <div class='ocr_carea' id='block_1_2' title="bbox 2649 432 4524 510">
    <p class='ocr_par' dir='ltr' id='par_1_2' title="bbox 2652 432 4524 500">
     <span class='ocr_line' id='line_1_2' title="bbox 2652 432 4524 500; baseline -0.002 -1"><span class='ocrx_word' id='word_1_4' title='bbox 2652 441 2822 500; x_wconf 78' lang='lat' dir='ltr'><strong>ELIS</strong></span> <span class='ocrx_word' id='word_1_5' title='bbox 2867 437 3309 500; x_wconf 45' lang='lat' dir='ltr'><strong>PALgEOLOGI</strong></span> <span class='ocrx_word' id='word_1_6' title='bbox 4404 432 4524 496; x_wconf 68' lang='grc' dir='ltr'>θοι</span> 
     </span>
    </p>
   </div>
   <div class='ocr_carea' id='block_1_3' title="bbox 1940 553 3766 627">
    <p class='ocr_par' dir='ltr' id='par_1_3' title="bbox 1940 553 3766 627">
     <span class='ocr_line' id='line_1_3' title="bbox 1940 553 3766 627; baseline -0.002 -18"><span class='ocrx_word' id='word_1_7' title='bbox 1940 556 2105 611; x_wconf 74' lang='lat' dir='ltr'><strong>LXIX</strong></span> <span class='ocrx_word' id='word_1_8' title='bbox 2854 569 2903 627; x_wconf 68' lang='grc' dir='ltr'><strong>Α</strong></span> <span class='ocrx_word' id='word_1_9' title='bbox 3645 553 3766 606; x_wconf 66' lang='lat' dir='ltr'><strong>se.</strong></span> 
     </span>
    </p>
   </div>
   <div class='ocr_carea' id='block_1_4' title="bbox 1331 668 3206 747">
    <p class='ocr_par' dir='ltr' id='par_1_4' title="bbox 1331 668 3206 747">
     <span class='ocr_line' id='line_1_4' title="bbox 1331 668 3206 747; baseline -0.001 -22"><span class='ocrx_word' id='word_1_10' title='bbox 1331 673 1476 738; x_wconf 87' lang='lat' dir='ltr'><strong>Quas</strong></span> <span class='ocrx_word' id='word_1_11' title='bbox 1505 685 1697 747; x_wconf 85' lang='lat' dir='ltr'><strong>passus</strong></span> <span class='ocrx_word' id='word_1_12' title='bbox 1753 670 1851 724; x_wconf 90' lang='lat' dir='ltr'><strong>fuit</strong></span> <span class='ocrx_word' id='word_1_13' title='bbox 1900 684 2169 724; x_wconf 70' lang='lat' dir='ltr'><strong>aerumnas</strong></span> <span class='ocrx_word' id='word_1_14' title='bbox 2204 668 2394 735; x_wconf 86' lang='lat' dir='ltr'><strong>Johns,</strong></span> <span class='ocrx_word' id='word_1_15' title='bbox 2434 672 2503 724; x_wconf 88' lang='lat' dir='ltr'><strong>ob</strong></span> <span class='ocrx_word' id='word_1_16' title='bbox 2533 684 2626 725; x_wconf 83' lang='lat' dir='ltr'><strong>eas</strong></span> <span class='ocrx_word' id='word_1_17' title='bbox 2652 670 2820 737; x_wconf 82' lang='lat' dir='ltr'><strong>magis</strong></span> <span class='ocrx_word' id='word_1_18' title='bbox 3007 672 3125 726; x_wconf 81' lang='grc' dir='ltr'><strong>ἰὼσ</strong></span> <span class='ocrx_word' id='word_1_19' title='bbox 3149 674 3206 725; x_wconf 80' lang='grc' dir='ltr'>ὲκ</span> 
     </span>
    </p>
   </div>
   <div class='ocr_carea' id='block_1_5' title="bbox 2636 668 4511 747">
    <p class='ocr_par' dir='ltr' id='par_1_5' title="bbox 2652 670 4511 742">
     <span class='ocr_line' id='line_1_5' title="bbox 2652 670 4511 742; baseline 0.001 -20"><span class='ocrx_word' id='word_1_20' title='bbox 2652 670 2820 737; x_wconf 80' lang='lat' dir='ltr'><strong>magis</strong></span> <span class='ocrx_word' id='word_1_21' title='bbox 3007 672 3125 726; x_wconf 81' lang='grc' dir='ltr'><strong>ἰὼσ</strong></span> <span class='ocrx_word' id='word_1_22' title='bbox 3149 674 3210 725; x_wconf 80' lang='grc' dir='ltr'>ὲκ</span> <span class='ocrx_word' id='word_1_23' title='bbox 3260 671 3369 725; x_wconf 86' lang='grc' dir='ltr'><strong>τῶν</strong></span> <span class='ocrx_word' id='word_1_24' title='bbox 3415 672 3752 742; x_wconf 80' lang='grc' dir='ltr'><strong>παθημάτων</strong></span> <span class='ocrx_word' id='word_1_25' title='bbox 3801 670 4170 742; x_wconf 75' lang='grc' dir='ltr'>μακαρίζεται</span> <span class='ocrx_word' id='word_1_26' title='bbox 4224 670 4438 740; x_wconf 72' lang='grc' dir='ltr'>μᾶλλον</span> <span class='ocrx_word' id='word_1_27' title='bbox 4481 670 4511 738; x_wconf 74' lang='grc' dir='ltr'><strong>ἦ</strong></span> 
     </span>
    </p>
   </div>
   <div class='ocr_carea' id='block_1_6' title="bbox 1258 756 3133 833">
    <p class='ocr_par' dir='ltr' id='par_1_6' title="bbox 1258 761 3133 833">
     <span class='ocr_line' id='line_1_6' title="bbox 1258 761 3133 833; baseline -0.002 -14"><span class='ocrx_word' id='word_1_28' title='bbox 1258 766 1451 819; x_wconf 88' lang='lat' dir='ltr'><strong>beatus</strong></span> <span class='ocrx_word' id='word_1_29' title='bbox 1484 763 1826 833; x_wconf 73' lang='lat' dir='ltr'><strong>praedicatur,</strong></span> <span class='ocrx_word' id='word_1_30' title='bbox 1856 776 2015 830; x_wconf 89' lang='lat' dir='ltr'><strong>quam</strong></span> <span class='ocrx_word' id='word_1_31' title='bbox 2050 762 2119 817; x_wconf 88' lang='lat' dir='ltr'><strong>ob</strong></span> <span class='ocrx_word' id='word_1_32' title='bbox 2145 761 2283 816; x_wconf 87' lang='lat' dir='ltr'><strong>facta</strong></span> <span class='ocrx_word' id='word_1_33' title='bbox 2315 776 2412 817; x_wconf 91' lang='lat' dir='ltr'><strong>sua</strong></span> <span class='ocrx_word' id='word_1_34' title='bbox 2435 803 2449 826; x_wconf 87' lang='lat'><strong>,</strong></span> <span class='ocrx_word' id='word_1_35' title='bbox 2497 776 2813 830; x_wconf 83' lang='lat' dir='ltr'><strong>quanquam</strong></span> <span class='ocrx_word' id='word_1_36' title='bbox 2922 764 3029 816; x_wconf 69' lang='grc' dir='ltr'>ἀπο</span> <span class='ocrx_word' id='word_1_37' title='bbox 3060 764 3133 817; x_wconf 84' lang='grc' dir='ltr'><strong>τῶ</strong></span> 
     </span>
    </p>
   </div>
   <div class='ocr_carea' id='block_1_7' title="bbox 2636 756 4511 833">
    <p class='ocr_par' dir='ltr' id='par_1_7' title="bbox 2636 756 4511 833">
     <span class='ocr_line' id='line_1_7' title="bbox 2636 756 4511 833; baseline 0.001 -20"><span class='ocrx_word' id='word_1_38' title='bbox 2636 776 2813 829; x_wconf 67' lang='lat' dir='ltr'><strong>nquam</strong></span> <span class='ocrx_word' id='word_1_39' title='bbox 2922 764 3029 816; x_wconf 74' lang='grc' dir='ltr'>ἀπο</span> <span class='ocrx_word' id='word_1_40' title='bbox 3060 764 3166 817; x_wconf 88' lang='grc' dir='ltr'><strong>τῶν</strong></span> <span class='ocrx_word' id='word_1_41' title='bbox 3193 762 3370 833; x_wconf 83' lang='grc' dir='ltr'>ἔργων</span> <span class='ocrx_word' id='word_1_42' title='bbox 3401 764 3612 817; x_wconf 82' lang='grc' dir='ltr'>αὐτῶν·</span> <span class='ocrx_word' id='word_1_43' title='bbox 3644 762 3819 817; x_wconf 71' lang='grc' dir='ltr'>καίτοι</span> <span class='ocrx_word' id='word_1_44' title='bbox 3845 763 4145 833; x_wconf 77' lang='grc' dir='ltr'>τηλικαῦτα</span> <span class='ocrx_word' id='word_1_45' title='bbox 4182 756 4277 833; x_wconf 81' lang='grc' dir='ltr'>ἦν,</span> <span class='ocrx_word' id='word_1_46' title='bbox 4310 766 4387 827; x_wconf 80' lang='grc' dir='ltr'><strong>ὡς</strong></span> <span class='ocrx_word' id='word_1_47' title='bbox 4417 765 4511 815; x_wconf 62' lang='grc' dir='ltr'>καὶ</span> 
     </span>
    </p>
   </div>
   <div class='ocr_carea' id='block_1_8' title="bbox 1258 852 3133 923">
    <p class='ocr_par' dir='ltr' id='par_1_8' title="bbox 1258 852 3133 921">
     <span class='ocr_line' id='line_1_8' title="bbox 1258 852 3133 921; baseline -0.004 -10"><span class='ocrx_word' id='word_1_48' title='bbox 1258 870 1321 911; x_wconf 85' lang='lat' dir='ltr'><strong>ea</strong></span> <span class='ocrx_word' id='word_1_49' title='bbox 1351 854 1476 909; x_wconf 84' lang='lat' dir='ltr'><strong>talia</strong></span> <span class='ocrx_word' id='word_1_50' title='bbox 1507 862 1765 921; x_wconf 87' lang='lat' dir='ltr'><strong>tantaque</strong></span> <span class='ocrx_word' id='word_1_51' title='bbox 1832 852 2051 916; x_wconf 88' lang='lat' dir='ltr'><strong>fuerint,</strong></span> <span class='ocrx_word' id='word_1_52' title='bbox 2079 860 2139 905; x_wconf 89' lang='lat' dir='ltr'><strong>nt</strong></span> <span class='ocrx_word' id='word_1_53' title='bbox 2167 867 2352 907; x_wconf 88' lang='lat' dir='ltr'><strong>eorum</strong></span> <span class='ocrx_word' id='word_1_54' title='bbox 2382 860 2656 905; x_wconf 82' lang='lat' dir='ltr'><strong>auctorem</strong></span> <span class='ocrx_word' id='word_1_55' title='bbox 2682 852 2820 905; x_wconf 88' lang='lat' dir='ltr'><strong>Deus</strong></span> <span class='ocrx_word' id='word_1_56' title='bbox 2923 853 3054 905; x_wconf 75' lang='grc' dir='ltr'>Θεὸν</span> <span class='ocrx_word' id='word_1_57' title='bbox 3078 856 3133 906; x_wconf 73' lang='grc' dir='ltr'><strong>επ</strong></span> 
     </span>
    </p>
   </div>
   <div class='ocr_carea' id='block_1_9' title="bbox 2637 852 4512 923">
    <p class='ocr_par' dir='ltr' id='par_1_9' title="bbox 2637 852 4512 923">
     <span class='ocr_line' id='line_1_9' title="bbox 2637 852 4512 923; baseline -0.002 -18"><span class='ocrx_word' id='word_1_58' title='bbox 2637 868 2656 904; x_wconf 69' lang='grc' dir='ltr'><strong>ι</strong></span> <span class='ocrx_word' id='word_1_59' title='bbox 2682 852 2820 905; x_wconf 81' lang='lat' dir='ltr'><strong>Dens</strong></span> <span class='ocrx_word' id='word_1_60' title='bbox 2923 853 3054 905; x_wconf 75' lang='grc' dir='ltr'>Θεὸν</span> <span class='ocrx_word' id='word_1_61' title='bbox 3078 854 3362 906; x_wconf 74' lang='grc' dir='ltr'><strong>ἐπαινέσαι</strong></span> <span class='ocrx_word' id='word_1_62' title='bbox 3393 853 3483 906; x_wconf 80' lang='grc' dir='ltr'><strong>τὸν</strong></span> <span class='ocrx_word' id='word_1_63' title='bbox 3513 854 3910 923; x_wconf 79' lang='grc' dir='ltr'><strong>ἐργασάμενον.</strong></span> <span class='ocrx_word' id='word_1_64' title='bbox 3942 855 4052 906; x_wconf 78' lang='grc' dir='ltr'><strong>Καὶ</strong></span> <span class='ocrx_word' id='word_1_65' title='bbox 4079 854 4127 906; x_wconf 75' lang='grc' dir='ltr'>εἰ</span> <span class='ocrx_word' id='word_1_66' title='bbox 4158 852 4271 905; x_wconf 87' lang='grc' dir='ltr'><strong>τῶν</strong></span> <span class='ocrx_word' id='word_1_67' title='bbox 4325 853 4512 906; x_wconf 68' lang='grc' dir='ltr'>καλῶν</span> 
     </span>
    </p>
   </div>
   <div class='ocr_carea' id='block_1_10' title="bbox 1260 942 3135 1016">
    <p class='ocr_par' dir='ltr' id='par_1_10' title="bbox 1260 942 3132 1016">
     <span class='ocr_line' id='line_1_10' title="bbox 1260 942 3132 1016; baseline -0.004 -14"><span class='ocrx_word' id='word_1_68' title='bbox 1260 948 1376 1016; x_wconf 89' lang='lat' dir='ltr'><strong>ipse</strong></span> <span class='ocrx_word' id='word_1_69' title='bbox 1403 959 1620 1016; x_wconf 89' lang='lat' dir='ltr'><strong>quoque</strong></span> <span class='ocrx_word' id='word_1_70' title='bbox 1653 942 2005 999; x_wconf 85' lang='lat' dir='ltr'><strong>collaudaret.</strong></span> <span class='ocrx_word' id='word_1_71' title='bbox 2037 942 2153 997; x_wconf 86' lang='lat' dir='ltr'><strong>Jam</strong></span> <span class='ocrx_word' id='word_1_72' title='bbox 2189 944 2231 998; x_wconf 90' lang='lat' dir='ltr'><strong>si</strong></span> <span class='ocrx_word' id='word_1_73' title='bbox 2272 944 2657 1012; x_wconf 63' lang='lat' dir='ltr'><strong>praaclarorum</strong></span> <span class='ocrx_word' id='word_1_74' title='bbox 2693 958 2821 1010; x_wconf 88' lang='lat' dir='ltr'><strong>0pc-</strong></span> <span class='ocrx_word' id='word_1_75' title='bbox 2922 945 3132 1013; x_wconf 79' lang='grc' dir='ltr'>ὲργάτη</span> 
     </span>
    </p>
   </div>
   <div class='ocr_carea' id='block_1_11' title="bbox 2637 942 4512 1016">
    <p class='ocr_par' dir='ltr' id='par_1_11' title="bbox 2637 943 4512 1013">
     <span class='ocr_line' id='line_1_11' title="bbox 2637 943 4512 1013; baseline 0.001 -18"><span class='ocrx_word' id='word_1_76' title='bbox 2637 959 2657 996; x_wconf 78' lang='lat' dir='ltr'><strong>n</strong></span> <span class='ocrx_word' id='word_1_77' title='bbox 2693 958 2821 1010; x_wconf 83' lang='lat' dir='ltr'><strong>opc-</strong></span> <span class='ocrx_word' id='word_1_78' title='bbox 2922 945 3167 1013; x_wconf 75' lang='grc' dir='ltr'><strong>ἐργάτην</strong></span> <span class='ocrx_word' id='word_1_79' title='bbox 3195 943 3582 1013; x_wconf 74' lang='grc' dir='ltr'>λαμπρότερον</span> <span class='ocrx_word' id='word_1_80' title='bbox 3616 944 3857 1008; x_wconf 81' lang='grc' dir='ltr'><strong>ἀνέδειξε</strong></span> <span class='ocrx_word' id='word_1_81' title='bbox 3896 944 3955 997; x_wconf 84' lang='grc' dir='ltr'>τὸ</span> <span class='ocrx_word' id='word_1_82' title='bbox 3996 946 4212 1009; x_wconf 80' lang='grc' dir='ltr'>παθεῖν,</span> <span class='ocrx_word' id='word_1_83' title='bbox 4250 943 4376 1007; x_wconf 76' lang='grc' dir='ltr'><strong>πῶς</strong></span> <span class='ocrx_word' id='word_1_84' title='bbox 4408 944 4512 997; x_wconf 84' lang='grc' dir='ltr'>οὐκ</span> 
     </span>
    </p>
   </div>
   <div class='ocr_carea' id='block_1_12' title="bbox 1259 1031 3134 1102">
    <p class='ocr_par' dir='ltr' id='par_1_12' title="bbox 1259 1033 3134 1102">
     <span class='ocr_line' id='line_1_12' title="bbox 1259 1033 3134 1102; baseline -0.005 -10"><span class='ocrx_word' id='word_1_85' title='bbox 1259 1054 1377 1092; x_wconf 89' lang='lat' dir='ltr'><strong>rum</strong></span> <span class='ocrx_word' id='word_1_86' title='bbox 1426 1037 1730 1091; x_wconf 78' lang='lat' dir='ltr'><strong>eﬂ‘ectorem</strong></span> <span class='ocrx_word' id='word_1_87' title='bbox 1806 1049 2168 1087; x_wconf 73' lang='lat' dir='ltr'><strong>aerumnarum</strong></span> <span class='ocrx_word' id='word_1_88' title='bbox 2220 1049 2416 1089; x_wconf 81' lang='lat' dir='ltr'><strong>sensus</strong></span> <span class='ocrx_word' id='word_1_89' title='bbox 2473 1034 2819 1089; x_wconf 78' lang='lat' dir='ltr'><strong>illustriorem</strong></span> <span class='ocrx_word' id='word_1_90' title='bbox 2920 1033 3134 1102; x_wconf 60' lang='grc' dir='ltr'>ὀνήσειι</span> 
     </span>
    </p>
   </div>
   <div class='ocr_carea' id='block_1_13' title="bbox 2636 1031 4511 1102">
    <p class='ocr_par' dir='ltr' id='par_1_13' title="bbox 2636 1031 4511 1102">
     <span class='ocr_line' id='line_1_13' title="bbox 2636 1031 4511 1102; baseline 0 -19"><span class='ocrx_word' id='word_1_91' title='bbox 2636 1034 2819 1088; x_wconf 57' lang='grc' dir='ltr'>έΞοῐεηι</span> <span class='ocrx_word' id='word_1_92' title='bbox 2920 1033 3103 1102; x_wconf 82' lang='grc' dir='ltr'><strong>ὀνήσει</strong></span> <span class='ocrx_word' id='word_1_93' title='bbox 3131 1032 3191 1085; x_wconf 83' lang='grc' dir='ltr'><strong>τδ</strong></span> <span class='ocrx_word' id='word_1_94' title='bbox 3223 1032 3511 1101; x_wconf 67' lang='grc' dir='ltr'>φάρμακον</span> <span class='ocrx_word' id='word_1_95' title='bbox 3541 1032 3876 1102; x_wconf 66' lang='grc' dir='ltr'>αὐτουργοὺς</span> <span class='ocrx_word' id='word_1_96' title='bbox 3908 1031 4121 1084; x_wconf 83' lang='grc' dir='ltr'>πολλῶν</span> <span class='ocrx_word' id='word_1_97' title='bbox 4164 1032 4367 1085; x_wconf 88' lang='grc' dir='ltr'>κακῶν</span> <span class='ocrx_word' id='word_1_98' title='bbox 4416 1048 4511 1099; x_wconf 62' lang='lat' dir='ltr'><strong>7s-</strong></span> 
     </span>
    </p>
   </div>
   <div class='ocr_carea' id='block_1_14' title="bbox 1260 1122 3135 1197">
    <p class='ocr_par' dir='ltr' id='par_1_14' title="bbox 1260 1124 3135 1197">
     <span class='ocr_line' id='line_1_14' title="bbox 1260 1124 3135 1197; baseline -0.003 -16"><span class='ocrx_word' id='word_1_99' title='bbox 1260 1127 1511 1190; x_wconf 88' lang='lat' dir='ltr'><strong>reddidit,</strong></span> <span class='ocrx_word' id='word_1_100' title='bbox 1547 1141 1655 1197; x_wconf 90' lang='lat' dir='ltr'><strong>quo</strong></span> <span class='ocrx_word' id='word_1_101' title='bbox 1698 1134 1858 1195; x_wconf 89' lang='lat' dir='ltr'><strong>pacto</strong></span> <span class='ocrx_word' id='word_1_102' title='bbox 1890 1140 1994 1179; x_wconf 89' lang='lat' dir='ltr'><strong>non</strong></span> <span class='ocrx_word' id='word_1_103' title='bbox 2042 1125 2185 1179; x_wconf 86' lang='lat' dir='ltr'><strong>idem</strong></span> <span class='ocrx_word' id='word_1_104' title='bbox 2219 1124 2323 1179; x_wconf 91' lang='lat' dir='ltr'><strong>hoc</strong></span> <span class='ocrx_word' id='word_1_105' title='bbox 2357 1126 2658 1180; x_wconf 84' lang='lat' dir='ltr'><strong>remedium</strong></span> <span class='ocrx_word' id='word_1_106' title='bbox 2697 1139 2822 1191; x_wconf 88' lang='lat' dir='ltr'><strong>pro-</strong></span> <span class='ocrx_word' id='word_1_107' title='bbox 2922 1124 3135 1190; x_wconf 78' lang='grc' dir='ltr'>γονότας</span> 
     </span>
    </p>
   </div>
   <div class='ocr_carea' id='block_1_15' title="bbox 2637 1122 4512 1197">
    <p class='ocr_par' dir='ltr' id='par_1_15' title="bbox 2637 1122 4512 1194">
     <span class='ocr_line' id='line_1_15' title="bbox 2637 1122 4512 1194; baseline -0.002 -17"><span class='ocrx_word' id='word_1_108' title='bbox 2637 1141 2658 1177; x_wconf 77' lang='grc' dir='ltr'><strong>ιι</strong></span> <span class='ocrx_word' id='word_1_109' title='bbox 2697 1139 2822 1191; x_wconf 88' lang='lat' dir='ltr'><strong>pro-</strong></span> <span class='ocrx_word' id='word_1_110' title='bbox 2922 1124 3185 1190; x_wconf 79' lang='grc' dir='ltr'>γονόταςς</span> <span class='ocrx_word' id='word_1_111' title='bbox 3225 1123 3370 1194; x_wconf 75' lang='grc' dir='ltr'>Πλὴν</span> <span class='ocrx_word' id='word_1_112' title='bbox 3407 1122 3526 1192; x_wconf 82' lang='grc' dir='ltr'><strong>Θεῷ</strong></span> <span class='ocrx_word' id='word_1_113' title='bbox 3558 1125 3684 1184; x_wconf 80' lang='grc' dir='ltr'>τοὺς</span> <span class='ocrx_word' id='word_1_114' title='bbox 3714 1125 3904 1186; x_wconf 81' lang='grc' dir='ltr'>οῐακας</span> <span class='ocrx_word' id='word_1_115' title='bbox 3934 1123 4355 1194; x_wconf 75' lang='grc' dir='ltr'>ἐγχειρίσαντες</span> <span class='ocrx_word' id='word_1_116' title='bbox 4407 1122 4512 1191; x_wconf 82' lang='grc' dir='ltr'><strong>τῆς</strong></span> 
     </span>
    </p>
   </div>
   <div class='ocr_carea' id='block_1_16' title="bbox 1259 1213 3134 1285">
    <p class='ocr_par' dir='ltr' id='par_1_16' title="bbox 1259 1213 3130 1285">
     <span class='ocr_line' id='line_1_16' title="bbox 1259 1213 3130 1285; baseline -0.001 -16"><span class='ocrx_word' id='word_1_117' title='bbox 1259 1214 1397 1269; x_wconf 87' lang='lat' dir='ltr'><strong>derit</strong></span> <span class='ocrx_word' id='word_1_118' title='bbox 1422 1213 1548 1281; x_wconf 89' lang='lat' dir='ltr'><strong>illis,</strong></span> <span class='ocrx_word' id='word_1_119' title='bbox 1583 1213 1869 1283; x_wconf 83' lang='lat' dir='ltr'><strong>quimulta</strong></span> <span class='ocrx_word' id='word_1_120' title='bbox 1924 1222 2312 1282; x_wconf 89' lang='lat' dir='ltr'><strong>perpetrarunt</strong></span> <span class='ocrx_word' id='word_1_121' title='bbox 2377 1214 2560 1268; x_wconf 80' lang='lat' dir='ltr'><strong>mala!</strong></span> <span class='ocrx_word' id='word_1_122' title='bbox 2615 1213 2816 1267; x_wconf 90' lang='lat' dir='ltr'><strong>Saltem</strong></span> <span class='ocrx_word' id='word_1_123' title='bbox 2922 1216 3130 1285; x_wconf 71' lang='grc' dir='ltr'>ἡμετέρ</span> 
     </span>
    </p>
   </div>
   <div class='ocr_carea' id='block_1_17' title="bbox 2635 1213 4510 1285">
    <p class='ocr_par' dir='ltr' id='par_1_17' title="bbox 2635 1213 4510 1285">
     <span class='ocr_line' id='line_1_17' title="bbox 2635 1213 4510 1285; baseline -0.001 -20"><span class='ocrx_word' id='word_1_124' title='bbox 2635 1213 2816 1267; x_wconf 71' lang='lat' dir='ltr'><strong>Saltem</strong></span> <span class='ocrx_word' id='word_1_125' title='bbox 2922 1216 3199 1285; x_wconf 71' lang='grc' dir='ltr'>ἡμετέρας</span> <span class='ocrx_word' id='word_1_126' title='bbox 3244 1214 3411 1283; x_wconf 81' lang='grc' dir='ltr'>ζωῆς,</span> <span class='ocrx_word' id='word_1_127' title='bbox 3459 1216 3587 1267; x_wconf 80' lang='grc' dir='ltr'>ὅταν</span> <span class='ocrx_word' id='word_1_128' title='bbox 3629 1215 3879 1283; x_wconf 79' lang='grc' dir='ltr'>ὲξουρίας</span> <span class='ocrx_word' id='word_1_129' title='bbox 3943 1216 4075 1284; x_wconf 82' lang='grc' dir='ltr'>ἡμῖν</span> <span class='ocrx_word' id='word_1_130' title='bbox 4104 1217 4133 1268; x_wconf 81' lang='grc' dir='ltr'><em>ὁ</em></span> <span class='ocrx_word' id='word_1_131' title='bbox 4194 1213 4393 1276; x_wconf 81' lang='grc' dir='ltr'><strong>πλοῦς,</strong></span> <span class='ocrx_word' id='word_1_132' title='bbox 4440 1217 4510 1281; x_wconf 71' lang='grc' dir='ltr'><strong>τῇ</strong></span> 
     </span>
    </p>
   </div>
   <div class='ocr_carea' id='block_1_18' title="bbox 1263 1304 3138 1376">
    <p class='ocr_par' dir='ltr' id='par_1_18' title="bbox 1263 1306 3138 1376">
     <span class='ocr_line' id='line_1_18' title="bbox 1263 1306 3138 1376; baseline -0.003 -14"><span class='ocrx_word' id='word_1_133' title='bbox 1263 1311 1369 1362; x_wconf 69' lang='lat' dir='ltr'><strong>lleo</strong></span> <span class='ocrx_word' id='word_1_134' title='bbox 1398 1308 1520 1361; x_wconf 62' lang='lat' dir='ltr'><strong>vitae</strong></span> <span class='ocrx_word' id='word_1_135' title='bbox 1550 1318 1749 1360; x_wconf 80' lang='lat' dir='ltr'><strong>nostra:</strong></span> <span class='ocrx_word' id='word_1_136' title='bbox 1776 1307 1929 1360; x_wconf 89' lang='lat' dir='ltr'><strong>clavo</strong></span> <span class='ocrx_word' id='word_1_137' title='bbox 1957 1306 2274 1369; x_wconf 86' lang='lat' dir='ltr'><strong>commisso,</strong></span> <span class='ocrx_word' id='word_1_138' title='bbox 2305 1307 2520 1374; x_wconf 77' lang='lat' dir='ltr'><strong>quoties</strong></span> <span class='ocrx_word' id='word_1_139' title='bbox 2558 1322 2818 1375; x_wconf 84' lang='lat' dir='ltr'><strong>prospera</strong></span> <span class='ocrx_word' id='word_1_140' title='bbox 2922 1307 3138 1376; x_wconf 59' lang='grc' dir='ltr'>προνοίᾳ</span> 
     </span>
    </p>
   </div>
   <div class='ocr_carea' id='block_1_19' title="bbox 2630 1304 4505 1376">
    <p class='ocr_par' dir='ltr' id='par_1_19' title="bbox 2630 1304 4505 1376">
     <span class='ocr_line' id='line_1_19' title="bbox 2630 1304 4505 1376; baseline -0.003 -17"><span class='ocrx_word' id='word_1_141' title='bbox 2630 1322 2818 1375; x_wconf 85' lang='lat' dir='ltr'><strong>ospera</strong></span> <span class='ocrx_word' id='word_1_142' title='bbox 2922 1307 3147 1376; x_wconf 64' lang='grc' dir='ltr'>προνοίᾳ</span> <span class='ocrx_word' id='word_1_143' title='bbox 3168 1305 3506 1374; x_wconf 71' lang='grc' dir='ltr'>λογιζόμενοι</span> <span class='ocrx_word' id='word_1_144' title='bbox 3540 1305 3637 1374; x_wconf 84' lang='grc' dir='ltr'>τὴν</span> <span class='ocrx_word' id='word_1_145' title='bbox 3675 1306 3946 1369; x_wconf 72' lang='grc' dir='ltr'>εὐκολίαν,</span> <span class='ocrx_word' id='word_1_146' title='bbox 3981 1304 4213 1374; x_wconf 74' lang='grc' dir='ltr'>χάριτας</span> <span class='ocrx_word' id='word_1_147' title='bbox 4259 1304 4505 1372; x_wconf 70' lang='grc' dir='ltr'>εἰδῶμεν</span> 
     </span>
    </p>
   </div>
   <div class='ocr_carea' id='block_1_20' title="bbox 1260 1395 3135 1467">
    <p class='ocr_par' dir='ltr' id='par_1_20' title="bbox 1260 1396 3134 1467">
     <span class='ocr_line' id='line_1_20' title="bbox 1260 1396 3134 1467; baseline -0.002 -15"><span class='ocrx_word' id='word_1_148' title='bbox 1260 1399 1601 1467; x_wconf 80' lang='lat' dir='ltr'><strong>navigatione</strong></span> <span class='ocrx_word' id='word_1_149' title='bbox 1634 1398 1854 1461; x_wconf 85' lang='lat' dir='ltr'><strong>utimur,</strong></span> <span class='ocrx_word' id='word_1_150' title='bbox 1888 1397 2244 1464; x_wconf 68' lang='lat' dir='ltr'><strong>providentiae</strong></span> <span class='ocrx_word' id='word_1_151' title='bbox 2299 1397 2613 1451; x_wconf 81' lang='lat' dir='ltr'><strong>facilitatem</strong></span> <span class='ocrx_word' id='word_1_152' title='bbox 2670 1398 2816 1450; x_wconf 86' lang='lat' dir='ltr'><strong>illam</strong></span> <span class='ocrx_word' id='word_1_153' title='bbox 2923 1396 3072 1465; x_wconf 83' lang='grc' dir='ltr'>αὑτῷ</span> <span class='ocrx_word' id='word_1_154' title='bbox 3101 1414 3134 1449; x_wconf 92' lang='grc' dir='ltr'><strong>α</strong></span> 
     </span>
    </p>
   </div>
   <div class='ocr_carea' id='block_1_21' title="bbox 2633 1395 4508 1467">
    <p class='ocr_par' dir='ltr' id='par_1_21' title="bbox 2670 1395 4508 1467">
     <span class='ocr_line' id='line_1_21' title="bbox 2670 1395 4508 1467; baseline -0.002 -17"><span class='ocrx_word' id='word_1_155' title='bbox 2670 1398 2816 1450; x_wconf 85' lang='lat' dir='ltr'><strong>illam</strong></span> <span class='ocrx_word' id='word_1_156' title='bbox 2923 1396 3072 1465; x_wconf 83' lang='grc' dir='ltr'>αὑτῷ</span> <span class='ocrx_word' id='word_1_157' title='bbox 3101 1398 3255 1449; x_wconf 69' lang='grc' dir='ltr'>αὐτοὶ</span> <span class='ocrx_word' id='word_1_158' title='bbox 3315 1398 3529 1467; x_wconf 81' lang='grc' dir='ltr'>σεμνῶς</span> <span class='ocrx_word' id='word_1_159' title='bbox 3563 1397 4045 1467; x_wconf 80' lang='grc' dir='ltr'>ήδόμενοι.”οταν</span> <span class='ocrx_word' id='word_1_160' title='bbox 4099 1396 4158 1449; x_wconf 77' lang='grc' dir='ltr'><strong>δέ</strong></span> <span class='ocrx_word' id='word_1_161' title='bbox 4233 1411 4290 1448; x_wconf 84' lang='grc' dir='ltr'><strong>τι</strong></span> <span class='ocrx_word' id='word_1_162' title='bbox 4353 1395 4508 1465; x_wconf 80' lang='grc' dir='ltr'>κῦμα</span> 
     </span>
    </p>
   </div>
   <div class='ocr_carea' id='block_1_22' title="bbox 1258 1473 3133 1558">
    <p class='ocr_par' dir='ltr' id='par_1_22' title="bbox 1258 1473 3133 1556">
     <span class='ocr_line' id='line_1_22' title="bbox 1258 1473 3133 1556; baseline -0.002 -15"><span class='ocrx_word' id='word_1_163' title='bbox 1258 1495 1535 1555; x_wconf 82' lang='lat' dir='ltr'><strong>acceptam</strong></span> <span class='ocrx_word' id='word_1_164' title='bbox 1583 1485 1840 1546; x_wconf 86' lang='lat' dir='ltr'><strong>ferentes.</strong></span> <span class='ocrx_word' id='word_1_165' title='bbox 1877 1485 1979 1553; x_wconf 84' lang='lat' dir='ltr'><strong>ipsi</strong></span> <span class='ocrx_word' id='word_1_166' title='bbox 2012 1473 2216 1553; x_wconf 78' lang='lat' dir='ltr'><strong>gratias</strong></span> <span class='ocrx_word' id='word_1_167' title='bbox 2251 1501 2499 1556; x_wconf 80' lang='lat' dir='ltr'><strong>agamus,</strong></span> <span class='ocrx_word' id='word_1_168' title='bbox 2539 1502 2602 1541; x_wconf 89' lang='lat' dir='ltr'><strong>ac</strong></span> <span class='ocrx_word' id='word_1_169' title='bbox 2636 1487 2818 1541; x_wconf 91' lang='lat' dir='ltr'><strong>mode-</strong></span> <span class='ocrx_word' id='word_1_170' title='bbox 2920 1488 3133 1541; x_wconf 70' lang='grc' dir='ltr'>ἐπέλθοι</span> 
     </span>
    </p>
   </div>
   <div class='ocr_carea' id='block_1_23' title="bbox 2633 1473 4508 1558">
    <p class='ocr_par' dir='ltr' id='par_1_23' title="bbox 2636 1486 4508 1558">
     <span class='ocr_line' id='line_1_23' title="bbox 2636 1486 4508 1558; baseline -0.002 -17"><span class='ocrx_word' id='word_1_171' title='bbox 2636 1487 2818 1541; x_wconf 85' lang='lat' dir='ltr'><strong>mode—</strong></span> <span class='ocrx_word' id='word_1_172' title='bbox 2920 1488 3163 1553; x_wconf 74' lang='grc' dir='ltr'>ἐπέλθοι,</span> <span class='ocrx_word' id='word_1_173' title='bbox 3190 1490 3263 1558; x_wconf 81' lang='grc' dir='ltr'>μὴ</span> <span class='ocrx_word' id='word_1_174' title='bbox 3297 1487 3689 1557; x_wconf 76' lang='grc' dir='ltr'>βαπτιζώμεοα</span> <span class='ocrx_word' id='word_1_175' title='bbox 3724 1488 3800 1557; x_wconf 80' lang='grc' dir='ltr'>τῷ</span> <span class='ocrx_word' id='word_1_176' title='bbox 3821 1487 3999 1555; x_wconf 84' lang='grc' dir='ltr'>δεινῷ.</span> <span class='ocrx_word' id='word_1_177' title='bbox 4053 1486 4113 1538; x_wconf 93' lang='lat'><strong>&#39;0</strong></span> <span class='ocrx_word' id='word_1_178' title='bbox 4140 1486 4254 1555; x_wconf 80' lang='grc' dir='ltr'><strong>γὰρ</strong></span> <span class='ocrx_word' id='word_1_179' title='bbox 4287 1486 4403 1548; x_wconf 89' lang='grc' dir='ltr'>τοῖς</span> <span class='ocrx_word' id='word_1_180' title='bbox 4445 1488 4508 1553; x_wconf 68' lang='grc' dir='ltr'><strong>ἡ·</strong></span> 
     </span>
    </p>
   </div>
   <div class='ocr_carea' id='block_1_24' title="bbox 1248 1576 3123 1648">
    <p class='ocr_par' dir='ltr' id='par_1_24' title="bbox 1248 1576 3123 1647">
     <span class='ocr_line' id='line_1_24' title="bbox 1248 1576 3123 1647; baseline -0.001 -14"><span class='ocrx_word' id='word_1_181' title='bbox 1248 1588 1340 1633; x_wconf 87' lang='lat' dir='ltr'><strong>-ste</strong></span> <span class='ocrx_word' id='word_1_182' title='bbox 1370 1578 1475 1630; x_wconf 71' lang='lat' dir='ltr'><strong>laeti</strong></span> <span class='ocrx_word' id='word_1_183' title='bbox 1518 1576 1719 1637; x_wconf 88' lang='lat' dir='ltr'><strong>simus;</strong></span> <span class='ocrx_word' id='word_1_184' title='bbox 1756 1584 1810 1630; x_wconf 90' lang='lat' dir='ltr'><strong>at</strong></span> <span class='ocrx_word' id='word_1_185' title='bbox 1839 1578 1931 1631; x_wconf 88' lang='lat' dir='ltr'><strong>ubi</strong></span> <span class='ocrx_word' id='word_1_186' title='bbox 1972 1576 2171 1631; x_wconf 84' lang='lat' dir='ltr'><strong>fluetus</strong></span> <span class='ocrx_word' id='word_1_187' title='bbox 2205 1577 2401 1644; x_wconf 83' lang='lat' dir='ltr'><strong>aliquis</strong></span> <span class='ocrx_word' id='word_1_188' title='bbox 2433 1580 2717 1647; x_wconf 86' lang='lat' dir='ltr'><strong>ingruerit.</strong></span> <span class='ocrx_word' id='word_1_189' title='bbox 2768 1580 2815 1631; x_wconf 91' lang='lat' dir='ltr'><strong>vi</strong></span> <span class='ocrx_word' id='word_1_190' title='bbox 2917 1579 3028 1632; x_wconf 86' lang='grc' dir='ltr'>δέσι</span> <span class='ocrx_word' id='word_1_191' title='bbox 3068 1580 3123 1643; x_wconf 72' lang='grc' dir='ltr'>μὶ</span> 
     </span>
    </p>
   </div>
   <div class='ocr_carea' id='block_1_25' title="bbox 2629 1576 4504 1648">
    <p class='ocr_par' dir='ltr' id='par_1_25' title="bbox 2629 1576 4504 1648">
     <span class='ocr_line' id='line_1_25' title="bbox 2629 1576 4504 1648; baseline -0.002 -17"><span class='ocrx_word' id='word_1_192' title='bbox 2629 1580 2717 1639; x_wconf 88' lang='lat' dir='ltr'><strong>rit,</strong></span> <span class='ocrx_word' id='word_1_193' title='bbox 2768 1580 2815 1631; x_wconf 92' lang='lat' dir='ltr'><strong>vi</strong></span> <span class='ocrx_word' id='word_1_194' title='bbox 2917 1579 3028 1632; x_wconf 88' lang='grc' dir='ltr'>δέσι</span> <span class='ocrx_word' id='word_1_195' title='bbox 3068 1580 3141 1647; x_wconf 82' lang='grc' dir='ltr'>μὴ</span> <span class='ocrx_word' id='word_1_196' title='bbox 3177 1580 3318 1632; x_wconf 85' lang='grc' dir='ltr'>κατά</span> <span class='ocrx_word' id='word_1_197' title='bbox 3346 1580 3505 1647; x_wconf 86' lang='grc' dir='ltr'>λόγον</span> <span class='ocrx_word' id='word_1_198' title='bbox 3533 1578 3833 1648; x_wconf 85' lang='grc' dir='ltr'>χρώμενος,</span> <span class='ocrx_word' id='word_1_199' title='bbox 3859 1579 3974 1641; x_wconf 85' lang='grc' dir='ltr'>τοῖς</span> <span class='ocrx_word' id='word_1_200' title='bbox 4004 1576 4277 1647; x_wconf 74' lang='grc' dir='ltr'>λυπηροῖς</span> <span class='ocrx_word' id='word_1_201' title='bbox 4334 1593 4504 1628; x_wconf 78' lang='grc' dir='ltr'>κατα-</span> 
     </span>
    </p>
   </div>
   <div class='ocr_carea' id='block_1_26' title="bbox 1261 1662 3136 1742">
    <p class='ocr_par' dir='ltr' id='par_1_26' title="bbox 1261 1662 3136 1737">
     <span class='ocr_line' id='line_1_26' title="bbox 1261 1662 3136 1737; baseline 0 -14"><span class='ocrx_word' id='word_1_202' title='bbox 1261 1669 1391 1723; x_wconf 80' lang='lat' dir='ltr'><strong>ntali</strong></span> <span class='ocrx_word' id='word_1_203' title='bbox 1427 1683 1497 1722; x_wconf 90' lang='lat' dir='ltr'><strong>ne</strong></span> <span class='ocrx_word' id='word_1_204' title='bbox 1527 1669 1931 1736; x_wconf 83' lang='lat' dir='ltr'><strong>demergamur.</strong></span> <span class='ocrx_word' id='word_1_205' title='bbox 1962 1668 2026 1721; x_wconf 85' lang='lat' dir='ltr'><strong>Et</strong></span> <span class='ocrx_word' id='word_1_206' title='bbox 2056 1668 2196 1723; x_wconf 89' lang='lat' dir='ltr'><strong>enim</strong></span> <span class='ocrx_word' id='word_1_207' title='bbox 2236 1662 2598 1737; x_wconf 88' lang='lat' dir='ltr'><strong>quijucnndis</strong></span> <span class='ocrx_word' id='word_1_208' title='bbox 2626 1685 2819 1723; x_wconf 83' lang='lat' dir='ltr'><strong>sectm-</strong></span> <span class='ocrx_word' id='word_1_209' title='bbox 2920 1670 3136 1734; x_wconf 74' lang='grc' dir='ltr'>κλύζετι</span> 
     </span>
    </p>
   </div>
   <div class='ocr_carea' id='block_1_27' title="bbox 2631 1662 4506 1742">
    <p class='ocr_par' dir='ltr' id='par_1_27' title="bbox 2631 1668 4506 1742">
     <span class='ocr_line' id='line_1_27' title="bbox 2631 1668 4506 1742; baseline -0.003 -20"><span class='ocrx_word' id='word_1_210' title='bbox 2631 1685 2819 1723; x_wconf 83' lang='lat' dir='ltr'><strong>secun-</strong></span> <span class='ocrx_word' id='word_1_211' title='bbox 2920 1670 3200 1734; x_wconf 74' lang='grc' dir='ltr'>κλύζεται.</span> <span class='ocrx_word' id='word_1_212' title='bbox 3224 1672 3468 1742; x_wconf 74' lang='grc' dir='ltr'>Θᾶτερον</span> <span class='ocrx_word' id='word_1_213' title='bbox 3498 1672 3606 1740; x_wconf 80' lang='grc' dir='ltr'><strong>γὰρ</strong></span> <span class='ocrx_word' id='word_1_214' title='bbox 3634 1672 3694 1723; x_wconf 82' lang='grc' dir='ltr'>τὸ</span> <span class='ocrx_word' id='word_1_215' title='bbox 3720 1670 3917 1723; x_wconf 73' lang='grc' dir='ltr'>λοιπὸν</span> <span class='ocrx_word' id='word_1_216' title='bbox 3953 1668 4251 1739; x_wconf 80' lang='grc' dir='ltr'>προξενεῖ·</span> <span class='ocrx_word' id='word_1_217' title='bbox 4286 1668 4385 1720; x_wconf 78' lang='grc' dir='ltr'>καὶ</span> <span class='ocrx_word' id='word_1_218' title='bbox 4435 1668 4506 1737; x_wconf 78' lang='grc' dir='ltr'><strong>ἢν</strong></span> 
     </span>
    </p>
   </div>
   <div class='ocr_carea' id='block_1_28' title="bbox 1260 1751 3135 1833">
    <p class='ocr_par' dir='ltr' id='par_1_28' title="bbox 1260 1759 3135 1831">
     <span class='ocr_line' id='line_1_28' title="bbox 1260 1759 3135 1831; baseline 0.001 -17"><span class='ocrx_word' id='word_1_219' title='bbox 1260 1765 1380 1817; x_wconf 82' lang='lat' dir='ltr'><strong>dum</strong></span> <span class='ocrx_word' id='word_1_220' title='bbox 1416 1759 1682 1814; x_wconf 81' lang='lat' dir='ltr'><strong>rationem</strong></span> <span class='ocrx_word' id='word_1_221' title='bbox 1710 1775 1815 1813; x_wconf 93' lang='lat' dir='ltr'><strong>non</strong></span> <span class='ocrx_word' id='word_1_222' title='bbox 1853 1760 2043 1824; x_wconf 90' lang='lat' dir='ltr'><strong>utitur,</strong></span> <span class='ocrx_word' id='word_1_223' title='bbox 2082 1759 2128 1813; x_wconf 89' lang='lat' dir='ltr'><strong>is</strong></span> <span class='ocrx_word' id='word_1_224' title='bbox 2157 1774 2184 1811; x_wconf 90' lang='lat' dir='ltr'><strong>a</strong></span> <span class='ocrx_word' id='word_1_225' title='bbox 2218 1760 2462 1815; x_wconf 84' lang='lat' dir='ltr'><strong>tristibus</strong></span> <span class='ocrx_word' id='word_1_226' title='bbox 2486 1762 2639 1830; x_wconf 85' lang='lat' dir='ltr'><strong>quasi</strong></span> <span class='ocrx_word' id='word_1_227' title='bbox 2672 1762 2817 1814; x_wconf 85' lang='lat' dir='ltr'><strong>dilu-</strong></span> <span class='ocrx_word' id='word_1_228' title='bbox 2920 1764 3038 1815; x_wconf 82' lang='grc' dir='ltr'>κατ’</span> <span class='ocrx_word' id='word_1_229' title='bbox 3065 1762 3135 1831; x_wconf 76' lang='grc' dir='ltr'>ἄμ</span> 
     </span>
    </p>
   </div>
   <div class='ocr_carea' id='block_1_29' title="bbox 2628 1751 4503 1833">
    <p class='ocr_par' dir='ltr' id='par_1_29' title="bbox 2628 1751 4503 1833">
     <span class='ocr_line' id='line_1_29' title="bbox 2628 1751 4503 1833; baseline -0.002 -20"><span class='ocrx_word' id='word_1_230' title='bbox 2628 1762 2639 1813; x_wconf 94' lang='lat' dir='ltr'><strong>i</strong></span> <span class='ocrx_word' id='word_1_231' title='bbox 2672 1762 2817 1814; x_wconf 86' lang='lat' dir='ltr'><strong>diltt-</strong></span> <span class='ocrx_word' id='word_1_232' title='bbox 2920 1764 3038 1815; x_wconf 82' lang='grc' dir='ltr'>κατ’</span> <span class='ocrx_word' id='word_1_233' title='bbox 3065 1751 3233 1831; x_wconf 75' lang='grc' dir='ltr'>ἄμφω</span> <span class='ocrx_word' id='word_1_234' title='bbox 3266 1763 3525 1833; x_wconf 84' lang='grc' dir='ltr'>φανῶμεν</span> <span class='ocrx_word' id='word_1_235' title='bbox 3559 1765 3830 1833; x_wconf 80' lang='grc' dir='ltr'>ἀδόκιμοι,</span> <span class='ocrx_word' id='word_1_236' title='bbox 3873 1764 3994 1816; x_wconf 69' lang='grc' dir='ltr'><strong>νυν)⁵</strong></span> <span class='ocrx_word' id='word_1_237' title='bbox 4063 1762 4166 1831; x_wconf 75' lang='grc' dir='ltr'>μὲν</span> <span class='ocrx_word' id='word_1_238' title='bbox 4230 1760 4503 1827; x_wconf 75' lang='grc' dir='ltr'>πλείστην</span> 
     </span>
    </p>
   </div>
   <div class='ocr_carea' id='block_1_30' title="bbox 1260 1849 3135 1927">
    <p class='ocr_par' dir='ltr' id='par_1_30' title="bbox 1260 1849 3135 1927">
     <span class='ocr_line' id='line_1_30' title="bbox 1260 1849 3135 1927; baseline 0.001 -20"><span class='ocrx_word' id='word_1_239' title='bbox 1260 1856 1344 1908; x_wconf 83' lang='lat' dir='ltr'><strong>vio</strong></span> <span class='ocrx_word' id='word_1_240' title='bbox 1368 1853 1601 1922; x_wconf 88' lang='lat' dir='ltr'><strong>quodam</strong></span> <span class='ocrx_word' id='word_1_241' title='bbox 1641 1851 1910 1905; x_wconf 91' lang='lat' dir='ltr'><strong>obruitur.</strong></span> <span class='ocrx_word' id='word_1_242' title='bbox 1941 1849 2027 1904; x_wconf 81' lang='lat' dir='ltr'><strong>Ab</strong></span> <span class='ocrx_word' id='word_1_243' title='bbox 2078 1849 2245 1905; x_wconf 88' lang='lat' dir='ltr'><strong>altero</strong></span> <span class='ocrx_word' id='word_1_244' title='bbox 2305 1866 2536 1920; x_wconf 86' lang='lat' dir='ltr'><strong>namque</strong></span> <span class='ocrx_word' id='word_1_245' title='bbox 2568 1854 2816 1921; x_wconf 80' lang='lat' dir='ltr'><strong>provenit</strong></span> <span class='ocrx_word' id='word_1_246' title='bbox 2849 1903 2889 1927; x_wconf 63' lang='grc' dir='ltr'>η</span> <span class='ocrx_word' id='word_1_247' title='bbox 2918 1855 3135 1924; x_wconf 78' lang='grc' dir='ltr'>αἰσχύντ</span> 
     </span>
    </p>
   </div>
   <div class='ocr_carea' id='block_1_31' title="bbox 2627 1849 4502 1927">
    <p class='ocr_par' dir='ltr' id='par_1_31' title="bbox 2627 1854 4502 1927">
     <span class='ocr_line' id='line_1_31' title="bbox 2627 1854 4502 1927; baseline 0 -22"><span class='ocrx_word' id='word_1_248' title='bbox 2627 1854 2816 1905; x_wconf 75' lang='lat' dir='ltr'><strong>&#39;ovenit</strong></span> <span class='ocrx_word' id='word_1_249' title='bbox 2849 1903 2889 1927; x_wconf 63' lang='grc' dir='ltr'>η</span> <span class='ocrx_word' id='word_1_250' title='bbox 2918 1855 3203 1926; x_wconf 77' lang='grc' dir='ltr'><strong>αἰσχύνην,</strong></span> <span class='ocrx_word' id='word_1_251' title='bbox 3236 1857 3318 1918; x_wconf 70' lang='grc' dir='ltr'>εἰς</span> <span class='ocrx_word' id='word_1_252' title='bbox 3377 1856 3434 1910; x_wconf 76' lang='grc' dir='ltr'>δὲ</span> <span class='ocrx_word' id='word_1_253' title='bbox 3464 1856 3527 1909; x_wconf 73' lang='grc' dir='ltr'>τὸ</span> <span class='ocrx_word' id='word_1_254' title='bbox 3560 1856 3754 1927; x_wconf 77' lang='grc' dir='ltr'>μέλλον</span> <span class='ocrx_word' id='word_1_255' title='bbox 3810 1856 4078 1911; x_wconf 77' lang='grc' dir='ltr'>ἀθάνατον</span> <span class='ocrx_word' id='word_1_256' title='bbox 4113 1856 4250 1925; x_wconf 71' lang='grc' dir='ltr'>ἡμῖν</span> <span class='ocrx_word' id='word_1_257' title='bbox 4320 1854 4502 1914; x_wconf 75' lang='grc' dir='ltr'>αὐτοῖς</span> 
     </span>
    </p>
   </div>
   <div class='ocr_carea' id='block_1_32' title="bbox 1260 1940 3282 2017">
    <p class='ocr_par' dir='ltr' id='par_1_32' title="bbox 1260 1940 3282 2017">
     <span class='ocr_line' id='line_1_32' title="bbox 1260 1940 3282 2017; baseline 0 -16"><span class='ocrx_word' id='word_1_258' title='bbox 1260 1947 1508 2002; x_wconf 83' lang='lat' dir='ltr'><strong>alterum.</strong></span> <span class='ocrx_word' id='word_1_259' title='bbox 1540 1944 1615 1997; x_wconf 80' lang='lat' dir='ltr'><strong>Ac</strong></span> <span class='ocrx_word' id='word_1_260' title='bbox 1643 1943 1687 1997; x_wconf 88' lang='lat' dir='ltr'><strong>si</strong></span> <span class='ocrx_word' id='word_1_261' title='bbox 1722 1942 1937 2012; x_wconf 86' lang='lat' dir='ltr'><strong>quidem</strong></span> <span class='ocrx_word' id='word_1_262' title='bbox 1972 1940 2024 1994; x_wconf 91' lang='lat' dir='ltr'><strong>in</strong></span> <span class='ocrx_word' id='word_1_263' title='bbox 2061 1951 2348 2011; x_wconf 82' lang='lat' dir='ltr'><strong>utramque</strong></span> <span class='ocrx_word' id='word_1_264' title='bbox 2382 1951 2587 2010; x_wconf 84' lang='lat' dir='ltr'><strong>partem</strong></span> <span class='ocrx_word' id='word_1_265' title='bbox 2630 1958 2812 2010; x_wconf 89' lang='lat' dir='ltr'><strong>parum</strong></span> <span class='ocrx_word' id='word_1_266' title='bbox 2846 1940 2890 1961; x_wconf 81' lang='lat'>”</span> <span class='ocrx_word' id='word_1_267' title='bbox 2918 1946 3282 2017; x_wconf 79' lang='grc' dir='ltr'>περιὰψομεν.</span> 
     </span>
    </p>
   </div>
   <div class='ocr_carea' id='block_1_33' title="bbox 1260 2037 4502 2117">
    <p class='ocr_par' dir='ltr' id='par_1_33' title="bbox 1260 2037 4502 2117">
     <span class='ocr_line' id='line_1_33' title="bbox 1260 2037 4502 2117; baseline 0.001 -23"><span class='ocrx_word' id='word_1_268' title='bbox 1260 2056 1356 2095; x_wconf 85' lang='lat' dir='ltr'><strong>nos</strong></span> <span class='ocrx_word' id='word_1_269' title='bbox 1393 2041 1559 2110; x_wconf 90' lang='lat' dir='ltr'><strong>probe</strong></span> <span class='ocrx_word' id='word_1_270' title='bbox 1587 2040 1939 2107; x_wconf 82' lang='lat' dir='ltr'><strong>gesserimus,</strong></span> <span class='ocrx_word' id='word_1_271' title='bbox 1970 2037 2321 2108; x_wconf 81' lang='lat' dir='ltr'><strong>ignominiam</strong></span> <span class='ocrx_word' id='word_1_272' title='bbox 2357 2053 2506 2093; x_wconf 90' lang='lat' dir='ltr'><strong>nunc</strong></span> <span class='ocrx_word' id='word_1_273' title='bbox 2546 2052 2675 2092; x_wconf 90' lang='lat' dir='ltr'><strong>sane</strong></span> <span class='ocrx_word' id='word_1_274' title='bbox 2723 2040 3045 2108; x_wconf 83' lang='lat' dir='ltr'><strong>maximam,</strong></span> <span class='ocrx_word' id='word_1_275' title='bbox 3086 2053 3140 2098; x_wconf 89' lang='lat' dir='ltr'><strong>et</strong></span> <span class='ocrx_word' id='word_1_276' title='bbox 3168 2043 3223 2099; x_wconf 91' lang='lat' dir='ltr'><strong>in</strong></span> <span class='ocrx_word' id='word_1_277' title='bbox 3256 2043 3504 2100; x_wconf 88' lang='lat' dir='ltr'><strong>futurum</strong></span> <span class='ocrx_word' id='word_1_278' title='bbox 3572 2052 3895 2116; x_wconf 89' lang='lat' dir='ltr'><strong>perpetuam</strong></span> <span class='ocrx_word' id='word_1_279' title='bbox 3952 2045 4115 2101; x_wconf 86' lang='lat' dir='ltr'><strong>nobis</strong></span> <span class='ocrx_word' id='word_1_280' title='bbox 4178 2046 4286 2117; x_wconf 89' lang='lat' dir='ltr'><strong>ipsi</strong></span> <span class='ocrx_word' id='word_1_281' title='bbox 4373 2058 4502 2099; x_wconf 82' lang='lat' dir='ltr'><strong>con-</strong></span> 
     </span>
    </p>
   </div>
   <div class='ocr_carea' id='block_1_34' title="bbox 1260 2135 1586 2190">
    <p class='ocr_par' dir='ltr' id='par_1_34' title="bbox 1260 2135 1586 2190">
     <span class='ocr_line' id='line_1_34' title="bbox 1260 2135 1586 2190; baseline -0.012 -1"><span class='ocrx_word' id='word_1_282' title='bbox 1260 2135 1586 2190; x_wconf 85' lang='lat' dir='ltr'><strong>ciliabimus.</strong></span> 
     </span>
    </p>
   </div>
   <div class='ocr_carea' id='block_1_35' title="bbox 1959 2220 3737 2283">
    <p class='ocr_par' dir='ltr' id='par_1_35' title="bbox 1959 2220 3737 2283">
     <span class='ocr_line' id='line_1_35' title="bbox 1959 2220 3737 2283; baseline 0.003 -6"><span class='ocrx_word' id='word_1_283' title='bbox 1959 2220 2120 2277; x_wconf 81' lang='lat' dir='ltr'><strong>LXX.</strong></span> <span class='ocrx_word' id='word_1_284' title='bbox 3660 2230 3737 2283; x_wconf 82' lang='grc' dir='ltr'><strong>θ’.</strong></span> 
     </span>
    </p>
   </div>
   <div class='ocr_carea' id='block_1_36' title="bbox 1334 2337 3209 2415">
    <p class='ocr_par' dir='ltr' id='par_1_36' title="bbox 1334 2337 3209 2408">
     <span class='ocr_line' id='line_1_36' title="bbox 1334 2337 3209 2408; baseline 0.001 -16"><span class='ocrx_word' id='word_1_285' title='bbox 1334 2339 1425 2395; x_wconf 82' lang='lat' dir='ltr'><strong>Vir</strong></span> <span class='ocrx_word' id='word_1_286' title='bbox 1457 2341 1631 2396; x_wconf 88' lang='lat' dir='ltr'><strong>bonus</strong></span> <span class='ocrx_word' id='word_1_287' title='bbox 1662 2339 1759 2393; x_wconf 90' lang='lat' dir='ltr'><strong>tibi</strong></span> <span class='ocrx_word' id='word_1_288' title='bbox 1787 2352 1892 2392; x_wconf 91' lang='lat' dir='ltr'><strong>non</strong></span> <span class='ocrx_word' id='word_1_289' title='bbox 1927 2352 1992 2392; x_wconf 85' lang='lat' dir='ltr'><strong>ex</strong></span> <span class='ocrx_word' id='word_1_290' title='bbox 2025 2337 2261 2400; x_wconf 88' lang='lat' dir='ltr'><strong>fortuna,</strong></span> <span class='ocrx_word' id='word_1_291' title='bbox 2323 2338 2419 2393; x_wconf 89' lang='lat' dir='ltr'><strong>sed</strong></span> <span class='ocrx_word' id='word_1_292' title='bbox 2477 2354 2540 2393; x_wconf 80' lang='lat' dir='ltr'><strong>ex</strong></span> <span class='ocrx_word' id='word_1_293' title='bbox 2577 2340 2821 2394; x_wconf 87' lang='lat' dir='ltr'><strong>morilms</strong></span> <span class='ocrx_word' id='word_1_294' title='bbox 3004 2343 3209 2408; x_wconf 61' lang='grc' dir='ltr'>Ἀγαθὰ</span> 
     </span>
    </p>
   </div>
   <div class='ocr_carea' id='block_1_37' title="bbox 2627 2337 4502 2415">
    <p class='ocr_par' dir='ltr' id='par_1_37' title="bbox 2633 2340 4502 2415">
     <span class='ocr_line' id='line_1_37' title="bbox 2633 2340 4502 2415; baseline 0.002 -22"><span class='ocrx_word' id='word_1_295' title='bbox 2633 2340 2821 2394; x_wconf 84' lang='lat' dir='ltr'><strong>oribus</strong></span> <span class='ocrx_word' id='word_1_296' title='bbox 3004 2343 3230 2408; x_wconf 69' lang='grc' dir='ltr'>Ἀγαθδς</span> <span class='ocrx_word' id='word_1_297' title='bbox 3282 2343 3382 2397; x_wconf 85' lang='grc' dir='ltr'>οὐκ</span> <span class='ocrx_word' id='word_1_298' title='bbox 3416 2344 3480 2398; x_wconf 77' lang='grc' dir='ltr'>ἐκ</span> <span class='ocrx_word' id='word_1_299' title='bbox 3514 2345 3612 2415; x_wconf 81' lang='grc' dir='ltr'>τῆς</span> <span class='ocrx_word' id='word_1_300' title='bbox 3635 2345 3827 2415; x_wconf 85' lang='grc' dir='ltr'>τύχης,</span> <span class='ocrx_word' id='word_1_301' title='bbox 3855 2344 3973 2399; x_wconf 82' lang='grc' dir='ltr'>ἀλλ’</span> <span class='ocrx_word' id='word_1_302' title='bbox 3999 2344 4107 2398; x_wconf 69' lang='grc' dir='ltr'>ἀπὸ</span> <span class='ocrx_word' id='word_1_303' title='bbox 4137 2346 4250 2398; x_wconf 87' lang='grc' dir='ltr'><strong>τῶν</strong></span> <span class='ocrx_word' id='word_1_304' title='bbox 4275 2344 4502 2415; x_wconf 82' lang='grc' dir='ltr'>τρόπων</span> 
     </span>
    </p>
   </div>
   <div class='ocr_carea' id='block_1_38' title="bbox 1262 2429 3137 2508">
    <p class='ocr_par' dir='ltr' id='par_1_38' title="bbox 1262 2429 3137 2502">
     <span class='ocr_line' id='line_1_38' title="bbox 1262 2429 3137 2502; baseline -0.001 -14"><span class='ocrx_word' id='word_1_305' title='bbox 1262 2433 1591 2488; x_wconf 57' lang='lat' dir='ltr'><strong>aestimator:</strong></span> <span class='ocrx_word' id='word_1_306' title='bbox 1623 2446 1727 2485; x_wconf 91' lang='lat' dir='ltr'><strong>non</strong></span> <span class='ocrx_word' id='word_1_307' title='bbox 1755 2430 1847 2499; x_wconf 89' lang='lat' dir='ltr'><strong>qui</strong></span> <span class='ocrx_word' id='word_1_308' title='bbox 1876 2444 2126 2500; x_wconf 83' lang='lat' dir='ltr'><strong>magnam</strong></span> <span class='ocrx_word' id='word_1_309' title='bbox 2164 2429 2460 2499; x_wconf 81' lang='lat' dir='ltr'><strong>potentiam</strong></span> <span class='ocrx_word' id='word_1_310' title='bbox 2508 2429 2688 2496; x_wconf 85' lang='lat' dir='ltr'><strong>habet,</strong></span> <span class='ocrx_word' id='word_1_311' title='bbox 2726 2431 2817 2484; x_wconf 87' lang='lat' dir='ltr'><strong>sed</strong></span> <span class='ocrx_word' id='word_1_312' title='bbox 2920 2434 3137 2502; x_wconf 82' lang='grc' dir='ltr'>κρινέσθ</span> 
     </span>
    </p>
   </div>
   <div class='ocr_carea' id='block_1_39' title="bbox 2624 2429 4499 2508">
    <p class='ocr_par' dir='ltr' id='par_1_39' title="bbox 2624 2431 4499 2508">
     <span class='ocr_line' id='line_1_39' title="bbox 2624 2431 4499 2508; baseline 0.003 -25"><span class='ocrx_word' id='word_1_313' title='bbox 2624 2439 2688 2496; x_wconf 73' lang='lat' dir='ltr'><strong>et,</strong></span> <span class='ocrx_word' id='word_1_314' title='bbox 2726 2431 2817 2484; x_wconf 85' lang='lat' dir='ltr'><strong>sed</strong></span> <span class='ocrx_word' id='word_1_315' title='bbox 2920 2434 3189 2502; x_wconf 81' lang='grc' dir='ltr'><strong>κρινέσθω</strong></span> <span class='ocrx_word' id='word_1_316' title='bbox 3237 2453 3318 2487; x_wconf 85' lang='grc' dir='ltr'><strong>σοι</strong></span> <span class='ocrx_word' id='word_1_317' title='bbox 3346 2453 3358 2467; x_wconf 87' lang='grc'><strong>·</strong></span> <span class='ocrx_word' id='word_1_318' title='bbox 3393 2437 3489 2506; x_wconf 83' lang='grc' dir='ltr'><strong>οὐχ</strong></span> <span class='ocrx_word' id='word_1_319' title='bbox 3511 2439 3807 2508; x_wconf 35' lang='grc' dir='ltr'>ὁλμεγάλην</span> <span class='ocrx_word' id='word_1_320' title='bbox 3839 2439 4070 2508; x_wconf 86' lang='grc' dir='ltr'>δύναμιν</span> <span class='ocrx_word' id='word_1_321' title='bbox 4099 2439 4265 2508; x_wconf 71' lang='grc' dir='ltr'>ἔχων,</span> <span class='ocrx_word' id='word_1_322' title='bbox 4298 2437 4415 2489; x_wconf 82' lang='grc' dir='ltr'>ἀλλ’</span> <span class='ocrx_word' id='word_1_323' title='bbox 4468 2440 4499 2489; x_wconf 82' lang='grc' dir='ltr'>ὀ</span> 
     </span>
    </p>
   </div>
   <div class='ocr_carea' id='block_1_40' title="bbox 1262 2521 3137 2607">
    <p class='ocr_par' dir='ltr' id='par_1_40' title="bbox 1262 2521 3137 2607">
     <span class='ocr_line' id='line_1_40' title="bbox 1262 2521 3137 2607; baseline 0.001 -28"><span class='ocrx_word' id='word_1_324' title='bbox 1262 2540 1380 2580; x_wconf 88' lang='lat' dir='ltr'><strong>eam</strong></span> <span class='ocrx_word' id='word_1_325' title='bbox 1414 2562 1429 2588; x_wconf 91' lang='lat'><strong>,</strong></span> <span class='ocrx_word' id='word_1_326' title='bbox 1462 2538 1582 2593; x_wconf 66' lang='lat' dir='ltr'><strong>qua:</strong></span> <span class='ocrx_word' id='word_1_327' title='bbox 1606 2522 1818 2591; x_wconf 90' lang='lat' dir='ltr'><strong>obtigit,</strong></span> <span class='ocrx_word' id='word_1_328' title='bbox 1854 2536 1952 2590; x_wconf 88' lang='lat' dir='ltr'><strong>pro</strong></span> <span class='ocrx_word' id='word_1_329' title='bbox 2007 2521 2147 2573; x_wconf 79' lang='lat' dir='ltr'><strong>virili</strong></span> <span class='ocrx_word' id='word_1_330' title='bbox 2189 2521 2527 2590; x_wconf 78' lang='lat' dir='ltr'><strong>ampliﬁcat:</strong></span> <span class='ocrx_word' id='word_1_331' title='bbox 2564 2537 2697 2586; x_wconf 91' lang='lat' dir='ltr'><strong>non,</strong></span> <span class='ocrx_word' id='word_1_332' title='bbox 2723 2522 2816 2589; x_wconf 90' lang='lat' dir='ltr'><strong>qui</strong></span> <span class='ocrx_word' id='word_1_333' title='bbox 2920 2526 3020 2607; x_wconf 60' lang='grc' dir='ltr'><strong>’ξὴν</strong></span> <span class='ocrx_word' id='word_1_334' title='bbox 3049 2529 3137 2581; x_wconf 81' lang='grc' dir='ltr'>ὑπι</span> 
     </span>
    </p>
   </div>
   <div class='ocr_carea' id='block_1_41' title="bbox 2623 2521 4498 2607">
    <p class='ocr_par' dir='ltr' id='par_1_41' title="bbox 2623 2522 4498 2607">
     <span class='ocr_line' id='line_1_41' title="bbox 2623 2522 4498 2607; baseline 0.004 -33"><span class='ocrx_word' id='word_1_335' title='bbox 2623 2538 2697 2586; x_wconf 72' lang='lat' dir='ltr'><strong>in,</strong></span> <span class='ocrx_word' id='word_1_336' title='bbox 2723 2522 2816 2589; x_wconf 89' lang='lat' dir='ltr'><strong>qui</strong></span> <span class='ocrx_word' id='word_1_337' title='bbox 2920 2526 3020 2607; x_wconf 63' lang='grc' dir='ltr'><strong>⁸τὴν</strong></span> <span class='ocrx_word' id='word_1_338' title='bbox 3049 2529 3401 2598; x_wconf 78' lang='grc' dir='ltr'>ὑπάρχουσαν</span> <span class='ocrx_word' id='word_1_339' title='bbox 3435 2530 3492 2582; x_wconf 73' lang='grc' dir='ltr'>τὸ</span> <span class='ocrx_word' id='word_1_340' title='bbox 3526 2532 3648 2583; x_wconf 82' lang='grc' dir='ltr'>κατ’</span> <span class='ocrx_word' id='word_1_341' title='bbox 3702 2532 3865 2585; x_wconf 77' lang='grc' dir='ltr'>αὑτὸν</span> <span class='ocrx_word' id='word_1_342' title='bbox 3915 2531 4109 2599; x_wconf 78' lang='grc' dir='ltr'>βελτίω</span> <span class='ocrx_word' id='word_1_343' title='bbox 4139 2532 4311 2583; x_wconf 85' lang='grc' dir='ltr'>ποιῶν</span> <span class='ocrx_word' id='word_1_344' title='bbox 4339 2545 4357 2562; x_wconf 81' lang='grc'><em>’</em></span> <span class='ocrx_word' id='word_1_345' title='bbox 4398 2530 4498 2597; x_wconf 79' lang='grc' dir='ltr'><strong>οὐχ</strong></span> 
     </span>
    </p>
   </div>
   <div class='ocr_carea' id='block_1_42' title="bbox 1265 2612 3140 2693">
    <p class='ocr_par' dir='ltr' id='par_1_42' title="bbox 1265 2612 3140 2689">
     <span class='ocr_line' id='line_1_42' title="bbox 1265 2612 3140 2689; baseline -0.001 -19"><span class='ocrx_word' id='word_1_346' title='bbox 1265 2616 1492 2670; x_wconf 87' lang='lat' dir='ltr'><strong>multum</strong></span> <span class='ocrx_word' id='word_1_347' title='bbox 1520 2615 1638 2668; x_wconf 84' lang='lat' dir='ltr'><strong>auri</strong></span> <span class='ocrx_word' id='word_1_348' title='bbox 1662 2612 1861 2668; x_wconf 79' lang='lat' dir='ltr'><strong>defessi</strong></span> <span class='ocrx_word' id='word_1_349' title='bbox 1895 2613 2153 2682; x_wconf 90' lang='lat' dir='ltr'><strong>possidet,</strong></span> <span class='ocrx_word' id='word_1_350' title='bbox 2178 2615 2270 2668; x_wconf 89' lang='lat' dir='ltr'><strong>sed</strong></span> <span class='ocrx_word' id='word_1_351' title='bbox 2299 2613 2489 2669; x_wconf 82' lang='lat' dir='ltr'><strong>amicis</strong></span> <span class='ocrx_word' id='word_1_352' title='bbox 2522 2614 2819 2683; x_wconf 80' lang='lat' dir='ltr'><strong>largiendo,</strong></span> <span class='ocrx_word' id='word_1_353' title='bbox 2920 2613 2964 2689; x_wconf 83' lang='grc' dir='ltr'>ᾧ</span> <span class='ocrx_word' id='word_1_354' title='bbox 2997 2620 3140 2674; x_wconf 84' lang='grc' dir='ltr'>πολύ.</span> 
     </span>
    </p>
   </div>
   <div class='ocr_carea' id='block_1_43' title="bbox 2623 2612 4498 2693">
    <p class='ocr_par' dir='ltr' id='par_1_43' title="bbox 2623 2613 4498 2693">
     <span class='ocr_line' id='line_1_43' title="bbox 2623 2613 4498 2693; baseline 0.01 -26"><span class='ocrx_word' id='word_1_355' title='bbox 2623 2615 2819 2683; x_wconf 69' lang='grc' dir='ltr'>ιὶθηάο,</span> <span class='ocrx_word' id='word_1_356' title='bbox 2920 2613 2964 2689; x_wconf 84' lang='grc' dir='ltr'>ᾧ</span> <span class='ocrx_word' id='word_1_357' title='bbox 2997 2620 3163 2683; x_wconf 87' lang='grc' dir='ltr'>πολύς</span> <span class='ocrx_word' id='word_1_358' title='bbox 3195 2624 3310 2674; x_wconf 70' lang='grc' dir='ltr'>ἐστι</span> <span class='ocrx_word' id='word_1_359' title='bbox 3338 2622 3536 2692; x_wconf 74' lang='grc' dir='ltr'>χρυσὸς</span> <span class='ocrx_word' id='word_1_360' title='bbox 3590 2624 4105 2693; x_wconf 80' lang='grc' dir='ltr'>κατορωρυγμένος,</span> <span class='ocrx_word' id='word_1_361' title='bbox 4156 2622 4273 2675; x_wconf 80' lang='grc' dir='ltr'>ἀλλ’</span> <span class='ocrx_word' id='word_1_362' title='bbox 4324 2623 4383 2684; x_wconf 79' lang='grc' dir='ltr'>ὃς</span> <span class='ocrx_word' id='word_1_363' title='bbox 4434 2639 4498 2688; x_wconf 80' lang='grc' dir='ltr'><strong>γε</strong></span> 
     </span>
    </p>
   </div>
   <div class='ocr_carea' id='block_1_44' title="bbox 1264 2705 3139 2785">
    <p class='ocr_par' dir='ltr' id='par_1_44' title="bbox 1264 2705 3139 2779">
     <span class='ocr_line' id='line_1_44' title="bbox 1264 2705 3139 2779; baseline 0 -16"><span class='ocrx_word' id='word_1_364' title='bbox 1264 2725 1323 2763; x_wconf 91' lang='lat' dir='ltr'><strong>se</strong></span> <span class='ocrx_word' id='word_1_365' title='bbox 1375 2706 1661 2776; x_wconf 74' lang='lat' dir='ltr'><strong>magnifice</strong></span> <span class='ocrx_word' id='word_1_366' title='bbox 1708 2705 1876 2775; x_wconf 74' lang='lat' dir='ltr'><strong>gerit:</strong></span> <span class='ocrx_word' id='word_1_367' title='bbox 1912 2720 2042 2769; x_wconf 92' lang='lat' dir='ltr'><strong>non,</strong></span> <span class='ocrx_word' id='word_1_368' title='bbox 2098 2707 2189 2773; x_wconf 86' lang='lat' dir='ltr'><strong>qui</strong></span> <span class='ocrx_word' id='word_1_369' title='bbox 2230 2705 2625 2773; x_wconf 86' lang='lat' dir='ltr'><strong>mancipiorum</strong></span> <span class='ocrx_word' id='word_1_370' title='bbox 2663 2706 2821 2775; x_wconf 85' lang='lat' dir='ltr'><strong>quasi</strong></span> <span class='ocrx_word' id='word_1_371' title='bbox 2923 2712 3139 2779; x_wconf 76' lang='grc' dir='ltr'>φίλοις)</span> 
     </span>
    </p>
   </div>
   <div class='ocr_carea' id='block_1_45' title="bbox 2625 2705 4500 2785">
    <p class='ocr_par' dir='ltr' id='par_1_45' title="bbox 2663 2706 4500 2785">
     <span class='ocr_line' id='line_1_45' title="bbox 2663 2706 4500 2785; baseline 0.004 -28"><span class='ocrx_word' id='word_1_372' title='bbox 2663 2706 2821 2775; x_wconf 82' lang='lat' dir='ltr'><strong>quasi</strong></span> <span class='ocrx_word' id='word_1_373' title='bbox 2923 2712 3097 2779; x_wconf 76' lang='grc' dir='ltr'>φίλοις</span> <span class='ocrx_word' id='word_1_374' title='bbox 3120 2714 3493 2781; x_wconf 83' lang='grc' dir='ltr'>λαμπρύνοιτο</span> <span class='ocrx_word' id='word_1_375' title='bbox 3520 2730 3535 2744; x_wconf 86' lang='grc'>·</span> <span class='ocrx_word' id='word_1_376' title='bbox 3566 2714 3677 2767; x_wconf 77' lang='grc' dir='ltr'>οὐδ’</span> <span class='ocrx_word' id='word_1_377' title='bbox 3709 2717 3736 2767; x_wconf 80' lang='grc' dir='ltr'><em>ὁ</em></span> <span class='ocrx_word' id='word_1_378' title='bbox 3768 2716 4199 2785; x_wconf 77' lang='grc' dir='ltr'>περιρῤεόμενος</span> <span class='ocrx_word' id='word_1_379' title='bbox 4228 2714 4500 2783; x_wconf 76' lang='grc' dir='ltr'>ἀνδραπό-</span> 
     </span>
    </p>
   </div>
   <div class='ocr_carea' id='block_1_46' title="bbox 1265 2796 3140 2875">
    <p class='ocr_par' dir='ltr' id='par_1_46' title="bbox 1265 2796 3137 2871">
     <span class='ocr_line' id='line_1_46' title="bbox 1265 2796 3137 2871; baseline 0.001 -18"><span class='ocrx_word' id='word_1_380' title='bbox 1265 2801 1517 2871; x_wconf 77' lang='lat' dir='ltr'><strong>gregibus</strong></span> <span class='ocrx_word' id='word_1_381' title='bbox 1547 2796 2021 2862; x_wconf 76' lang='lat' dir='ltr'><strong>circumfunditur,</strong></span> <span class='ocrx_word' id='word_1_382' title='bbox 2056 2798 2150 2852; x_wconf 72' lang='lat' dir='ltr'><strong>serl</strong></span> <span class='ocrx_word' id='word_1_383' title='bbox 2201 2798 2295 2868; x_wconf 90' lang='lat' dir='ltr'><strong>qui</strong></span> <span class='ocrx_word' id='word_1_384' title='bbox 2323 2799 2517 2853; x_wconf 87' lang='lat' dir='ltr'><strong>servile</strong></span> <span class='ocrx_word' id='word_1_385' title='bbox 2575 2800 2715 2852; x_wconf 84' lang='lat' dir='ltr'><strong>nihil</strong></span> <span class='ocrx_word' id='word_1_386' title='bbox 2766 2800 2819 2853; x_wconf 92' lang='lat' dir='ltr'><strong>in</strong></span> <span class='ocrx_word' id='word_1_387' title='bbox 2922 2802 3028 2855; x_wconf 84' lang='grc' dir='ltr'><strong>δων</strong></span> <span class='ocrx_word' id='word_1_388' title='bbox 3067 2804 3137 2870; x_wconf 84' lang='grc' dir='ltr'>ἀγ</span> 
     </span>
    </p>
   </div>
   <div class='ocr_carea' id='block_1_47' title="bbox 2625 2796 4500 2875">
    <p class='ocr_par' dir='ltr' id='par_1_47' title="bbox 2625 2800 4500 2875">
     <span class='ocr_line' id='line_1_47' title="bbox 2625 2800 4500 2875; baseline 0.002 -23"><span class='ocrx_word' id='word_1_389' title='bbox 2625 2800 2715 2852; x_wconf 82' lang='lat' dir='ltr'><strong>iltil</strong></span> <span class='ocrx_word' id='word_1_390' title='bbox 2766 2800 2819 2853; x_wconf 85' lang='lat' dir='ltr'><strong>ill</strong></span> <span class='ocrx_word' id='word_1_391' title='bbox 2922 2802 3028 2855; x_wconf 90' lang='grc' dir='ltr'><strong>δων</strong></span> <span class='ocrx_word' id='word_1_392' title='bbox 3067 2804 3317 2870; x_wconf 84' lang='grc' dir='ltr'>ἀγέλαις,</span> <span class='ocrx_word' id='word_1_393' title='bbox 3356 2804 3472 2855; x_wconf 82' lang='grc' dir='ltr'>ἀλλ’</span> <span class='ocrx_word' id='word_1_394' title='bbox 3505 2804 3564 2867; x_wconf 85' lang='grc' dir='ltr'>ὃς</span> <span class='ocrx_word' id='word_1_395' title='bbox 3617 2806 3783 2875; x_wconf 79' lang='grc' dir='ltr'>μηδὲν</span> <span class='ocrx_word' id='word_1_396' title='bbox 3810 2806 4216 2875; x_wconf 77' lang='grc' dir='ltr'>ἀνδραποδῶδες</span> <span class='ocrx_word' id='word_1_397' title='bbox 4246 2806 4388 2874; x_wconf 71' lang='grc' dir='ltr'>ἔχων</span> <span class='ocrx_word' id='word_1_398' title='bbox 4440 2806 4500 2856; x_wconf 80' lang='grc' dir='ltr'>ἐν</span> 
     </span>
    </p>
   </div>
   <div class='ocr_carea' id='block_1_48' title="bbox 1268 2890 3143 2965">
    <p class='ocr_par' dir='ltr' id='par_1_48' title="bbox 1268 2890 3143 2964">
     <span class='ocr_line' id='line_1_48' title="bbox 1268 2890 3143 2964; baseline -0.001 -18"><span class='ocrx_word' id='word_1_399' title='bbox 1268 2894 1448 2947; x_wconf 83' lang='lat' dir='ltr'><strong>animo</strong></span> <span class='ocrx_word' id='word_1_400' title='bbox 1483 2906 1693 2962; x_wconf 78' lang='lat' dir='ltr'><strong>gerens,</strong></span> <span class='ocrx_word' id='word_1_401' title='bbox 1721 2890 1821 2945; x_wconf 90' lang='lat' dir='ltr'><strong>sibi</strong></span> <span class='ocrx_word' id='word_1_402' title='bbox 1850 2890 2066 2959; x_wconf 82' lang='lat' dir='ltr'><strong>quidem</strong></span> <span class='ocrx_word' id='word_1_403' title='bbox 2095 2890 2199 2958; x_wconf 83' lang='lat' dir='ltr'><strong>ipsi</strong></span> <span class='ocrx_word' id='word_1_404' title='bbox 2238 2891 2487 2958; x_wconf 74' lang='lat' dir='ltr'><strong>imperat,</strong></span> <span class='ocrx_word' id='word_1_405' title='bbox 2508 2892 2660 2945; x_wconf 89' lang='lat' dir='ltr'><strong>malis</strong></span> <span class='ocrx_word' id='word_1_406' title='bbox 2692 2907 2821 2945; x_wconf 85' lang='lat' dir='ltr'><strong>vero</strong></span> <span class='ocrx_word' id='word_1_407' title='bbox 2923 2898 2986 2963; x_wconf 74' lang='grc' dir='ltr'><strong>τῇ</strong></span> <span class='ocrx_word' id='word_1_408' title='bbox 3017 2894 3143 2964; x_wconf 55' lang='grc' dir='ltr'>ψυχῇ</span> 
     </span>
    </p>
   </div>
   <div class='ocr_carea' id='block_1_49' title="bbox 2623 2890 4498 2965">
    <p class='ocr_par' dir='ltr' id='par_1_49' title="bbox 2623 2892 4498 2965">
     <span class='ocr_line' id='line_1_49' title="bbox 2623 2892 4498 2965; baseline 0.003 -21"><span class='ocrx_word' id='word_1_409' title='bbox 2623 2892 2660 2945; x_wconf 87' lang='lat' dir='ltr'><strong>is</strong></span> <span class='ocrx_word' id='word_1_410' title='bbox 2692 2907 2821 2945; x_wconf 86' lang='lat' dir='ltr'><strong>vero</strong></span> <span class='ocrx_word' id='word_1_411' title='bbox 2923 2898 2986 2963; x_wconf 75' lang='grc' dir='ltr'><strong>τῇ</strong></span> <span class='ocrx_word' id='word_1_412' title='bbox 3017 2894 3186 2964; x_wconf 76' lang='grc' dir='ltr'>ψυχῇ,</span> <span class='ocrx_word' id='word_1_413' title='bbox 3224 2896 3379 2965; x_wconf 78' lang='grc' dir='ltr'>ἄρχει</span> <span class='ocrx_word' id='word_1_414' title='bbox 3408 2896 3507 2965; x_wconf 76' lang='grc' dir='ltr'>μὲν</span> <span class='ocrx_word' id='word_1_415' title='bbox 3552 2898 3714 2962; x_wconf 78' lang='grc' dir='ltr'>αὐτὸς</span> <span class='ocrx_word' id='word_1_416' title='bbox 3745 2898 3931 2962; x_wconf 83' lang='grc' dir='ltr'>αὑτοῦ,</span> <span class='ocrx_word' id='word_1_417' title='bbox 3955 2901 4065 2963; x_wconf 80' lang='grc' dir='ltr'>τοῖς</span> <span class='ocrx_word' id='word_1_418' title='bbox 4090 2900 4147 2952; x_wconf 85' lang='grc' dir='ltr'>δὲ</span> <span class='ocrx_word' id='word_1_419' title='bbox 4196 2902 4386 2961; x_wconf 86' lang='grc' dir='ltr'>κακοῖς</span> <span class='ocrx_word' id='word_1_420' title='bbox 4435 2900 4498 2951; x_wconf 77' lang='grc' dir='ltr'><strong>ού</strong></span> 
     </span>
    </p>
   </div>
   <div class='ocr_carea' id='block_1_50' title="bbox 1265 2981 3140 3061">
    <p class='ocr_par' dir='ltr' id='par_1_50' title="bbox 1265 2981 3140 3049">
     <span class='ocr_line' id='line_1_50' title="bbox 1265 2981 3140 3049; baseline 0.001 -12"><span class='ocrx_word' id='word_1_421' title='bbox 1265 2984 1575 3037; x_wconf 68' lang='lat' dir='ltr'><strong>servitutem</strong></span> <span class='ocrx_word' id='word_1_422' title='bbox 1668 2981 1891 3036; x_wconf 89' lang='lat' dir='ltr'><strong>minime</strong></span> <span class='ocrx_word' id='word_1_423' title='bbox 1966 2981 2154 3035; x_wconf 83' lang='lat' dir='ltr'><strong>servit.</strong></span> <span class='ocrx_word' id='word_1_424' title='bbox 2215 2981 2357 3035; x_wconf 86' lang='lat' dir='ltr'><strong>Idem</strong></span> <span class='ocrx_word' id='word_1_425' title='bbox 2431 2981 2692 3049; x_wconf 88' lang='lat' dir='ltr'><strong>superbos</strong></span> <span class='ocrx_word' id='word_1_426' title='bbox 2768 2992 2824 3036; x_wconf 90' lang='lat' dir='ltr'><strong>et</strong></span> <span class='ocrx_word' id='word_1_427' title='bbox 2922 2986 3140 3039; x_wconf 86' lang='grc' dir='ltr'>δεδούλω</span> 
     </span>
    </p>
   </div>
   <div class='ocr_carea' id='block_1_51' title="bbox 2623 2981 4498 3061">
    <p class='ocr_par' dir='ltr' id='par_1_51' title="bbox 2623 2986 4498 3061">
     <span class='ocr_line' id='line_1_51' title="bbox 2623 2986 4498 3061; baseline 0.005 -27"><span class='ocrx_word' id='word_1_428' title='bbox 2623 2996 2692 3035; x_wconf 53' lang='lat' dir='ltr'><strong>los</strong></span> <span class='ocrx_word' id='word_1_429' title='bbox 2768 2992 2824 3036; x_wconf 87' lang='lat' dir='ltr'><strong>et</strong></span> <span class='ocrx_word' id='word_1_430' title='bbox 2922 2986 3263 3042; x_wconf 74' lang='grc' dir='ltr'>δεδούλωται.</span> <span class='ocrx_word' id='word_1_431' title='bbox 3290 2990 3394 3040; x_wconf 74' lang='grc' dir='ltr'><strong>Τὸν</strong></span> <span class='ocrx_word' id='word_1_432' title='bbox 3412 2988 3468 3041; x_wconf 86' lang='grc' dir='ltr'>δὲ</span> <span class='ocrx_word' id='word_1_433' title='bbox 3493 2989 3805 3059; x_wconf 75' lang='grc' dir='ltr'>ὑπερόπτην</span> <span class='ocrx_word' id='word_1_434' title='bbox 3832 3008 3890 3043; x_wconf 87' lang='grc' dir='ltr'><strong>τε</strong></span> <span class='ocrx_word' id='word_1_435' title='bbox 3915 2992 4009 3044; x_wconf 76' lang='grc' dir='ltr'><strong>καὶ</strong></span> <span class='ocrx_word' id='word_1_436' title='bbox 4027 2992 4245 3061; x_wconf 76' lang='grc' dir='ltr'>ὀργίλον</span> <span class='ocrx_word' id='word_1_437' title='bbox 4272 2993 4498 3061; x_wconf 78' lang='grc' dir='ltr'>τρόπον,</span> 
     </span>
    </p>
   </div>
   <div class='ocr_carea' id='block_1_52' title="bbox 1267 3071 3142 3149">
    <p class='ocr_par' dir='ltr' id='par_1_52' title="bbox 1267 3071 3116 3143">
     <span class='ocr_line' id='line_1_52' title="bbox 1267 3071 3116 3143; baseline 0.001 -12"><span class='ocrx_word' id='word_1_438' title='bbox 1267 3076 1559 3131; x_wconf 64' lang='lat' dir='ltr'><strong>iracundos</strong></span> <span class='ocrx_word' id='word_1_439' title='bbox 1597 3089 1795 3137; x_wconf 89' lang='lat' dir='ltr'><strong>mores,</strong></span> <span class='ocrx_word' id='word_1_440' title='bbox 1829 3072 2018 3143; x_wconf 86' lang='lat' dir='ltr'><strong>quales</strong></span> <span class='ocrx_word' id='word_1_441' title='bbox 2052 3073 2255 3126; x_wconf 87' lang='lat' dir='ltr'><strong>cadunt</strong></span> <span class='ocrx_word' id='word_1_442' title='bbox 2295 3073 2347 3126; x_wconf 93' lang='lat' dir='ltr'><strong>in</strong></span> <span class='ocrx_word' id='word_1_443' title='bbox 2389 3072 2635 3127; x_wconf 83' lang='lat' dir='ltr'><strong>homines</strong></span> <span class='ocrx_word' id='word_1_444' title='bbox 2685 3071 2824 3141; x_wconf 77' lang='lat' dir='ltr'><strong>inju~</strong></span> <span class='ocrx_word' id='word_1_445' title='bbox 2923 3079 2982 3141; x_wconf 78' lang='grc' dir='ltr'>ὃς</span> <span class='ocrx_word' id='word_1_446' title='bbox 3010 3080 3116 3131; x_wconf 83' lang='grc' dir='ltr'><strong>τῶν</strong></span> 
     </span>
    </p>
   </div>
   <div class='ocr_carea' id='block_1_53' title="bbox 2623 3071 4498 3149">
    <p class='ocr_par' dir='ltr' id='par_1_53' title="bbox 2623 3071 4498 3149">
     <span class='ocr_line' id='line_1_53' title="bbox 2623 3071 4498 3149; baseline 0.005 -23"><span class='ocrx_word' id='word_1_447' title='bbox 2623 3089 2635 3126; x_wconf 70' lang='lat'><strong>5</strong></span> <span class='ocrx_word' id='word_1_448' title='bbox 2685 3071 2824 3141; x_wconf 76' lang='lat' dir='ltr'><strong>inju~</strong></span> <span class='ocrx_word' id='word_1_449' title='bbox 2923 3079 3116 3141; x_wconf 78' lang='grc' dir='ltr'>ὅςτῶν</span> <span class='ocrx_word' id='word_1_450' title='bbox 3164 3080 3495 3148; x_wconf 72' lang='grc' dir='ltr'>ὑϐριζόντων</span> <span class='ocrx_word' id='word_1_451' title='bbox 3541 3082 3678 3146; x_wconf 72' lang='grc' dir='ltr'>ἐστὶ,</span> <span class='ocrx_word' id='word_1_452' title='bbox 3738 3082 3834 3136; x_wconf 81' lang='grc' dir='ltr'>καὶ</span> <span class='ocrx_word' id='word_1_453' title='bbox 3883 3084 3985 3149; x_wconf 75' lang='grc' dir='ltr'><strong>λὰξ</strong></span> <span class='ocrx_word' id='word_1_454' title='bbox 4043 3086 4317 3136; x_wconf 81' lang='grc' dir='ltr'>παιόντων</span> <span class='ocrx_word' id='word_1_455' title='bbox 4375 3084 4498 3135; x_wconf 77' lang='grc' dir='ltr'>καθ’</span> 
     </span>
    </p>
   </div>
   <div class='ocr_carea' id='block_1_54' title="bbox 1267 3165 3142 3246">
    <p class='ocr_par' dir='ltr' id='par_1_54' title="bbox 1267 3165 3142 3237">
     <span class='ocr_line' id='line_1_54' title="bbox 1267 3165 3142 3237; baseline 0.001 -15"><span class='ocrx_word' id='word_1_456' title='bbox 1267 3170 1460 3231; x_wconf 72' lang='lat' dir='ltr'><strong>riosos,</strong></span> <span class='ocrx_word' id='word_1_457' title='bbox 1494 3182 1863 3237; x_wconf 88' lang='lat' dir='ltr'><strong>equorumque</strong></span> <span class='ocrx_word' id='word_1_458' title='bbox 1900 3180 2053 3220; x_wconf 87' lang='lat' dir='ltr'><strong>more</strong></span> <span class='ocrx_word' id='word_1_459' title='bbox 2079 3165 2318 3220; x_wconf 88' lang='lat' dir='ltr'><strong>calcibus</strong></span> <span class='ocrx_word' id='word_1_460' title='bbox 2351 3175 2618 3236; x_wconf 86' lang='lat' dir='ltr'><strong>petentes,</strong></span> <span class='ocrx_word' id='word_1_461' title='bbox 2638 3175 2693 3219; x_wconf 88' lang='lat' dir='ltr'><strong>et</strong></span> <span class='ocrx_word' id='word_1_462' title='bbox 2738 3167 2821 3219; x_wconf 89' lang='lat' dir='ltr'><strong>in-</strong></span> <span class='ocrx_word' id='word_1_463' title='bbox 2924 3171 3142 3235; x_wconf 81' lang='grc' dir='ltr'><strong>ἵππους¹</strong></span> 
     </span>
    </p>
   </div>
   <div class='ocr_carea' id='block_1_55' title="bbox 2621 3165 4496 3246">
    <p class='ocr_par' dir='ltr' id='par_1_55' title="bbox 2638 3167 4496 3246">
     <span class='ocr_line' id='line_1_55' title="bbox 2638 3167 4496 3246; baseline 0.004 -27"><span class='ocrx_word' id='word_1_464' title='bbox 2638 3175 2693 3219; x_wconf 89' lang='lat' dir='ltr'><strong>et</strong></span> <span class='ocrx_word' id='word_1_465' title='bbox 2738 3167 2821 3219; x_wconf 88' lang='lat' dir='ltr'><strong>in-</strong></span> <span class='ocrx_word' id='word_1_466' title='bbox 2924 3171 3146 3235; x_wconf 80' lang='grc' dir='ltr'>ἵππους,</span> <span class='ocrx_word' id='word_1_467' title='bbox 3184 3173 3278 3223; x_wconf 79' lang='grc' dir='ltr'>καὶ</span> <span class='ocrx_word' id='word_1_468' title='bbox 3308 3172 3367 3225; x_wconf 83' lang='grc' dir='ltr'>τὸ</span> <span class='ocrx_word' id='word_1_469' title='bbox 3398 3173 3596 3237; x_wconf 75' lang='grc' dir='ltr'>σοϐεῖν,</span> <span class='ocrx_word' id='word_1_470' title='bbox 3622 3174 3714 3227; x_wconf 79' lang='grc' dir='ltr'>καὶ</span> <span class='ocrx_word' id='word_1_471' title='bbox 3746 3175 4041 3246; x_wconf 78' lang='grc' dir='ltr'>ὑπερορᾷν,</span> <span class='ocrx_word' id='word_1_472' title='bbox 4072 3176 4166 3229; x_wconf 76' lang='grc' dir='ltr'>καὶ</span> <span class='ocrx_word' id='word_1_473' title='bbox 4198 3176 4290 3227; x_wconf 71' lang='grc' dir='ltr'><strong>τὸν</strong></span> <span class='ocrx_word' id='word_1_474' title='bbox 4317 3176 4496 3243; x_wconf 77' lang='grc' dir='ltr'>ἄκαμ-</span> 
     </span>
    </p>
   </div>
   <div class='ocr_carea' id='block_1_56' title="bbox 1267 3256 3142 3337">
    <p class='ocr_par' dir='ltr' id='par_1_56' title="bbox 1267 3256 3142 3324">
     <span class='ocr_line' id='line_1_56' title="bbox 1267 3256 3142 3324; baseline -0.004 -8"><span class='ocrx_word' id='word_1_475' title='bbox 1267 3263 1498 3316; x_wconf 86' lang='lat' dir='ltr'><strong>solentes</strong></span> <span class='ocrx_word' id='word_1_476' title='bbox 1532 3260 1798 3322; x_wconf 87' lang='lat' dir='ltr'><strong>incessus,</strong></span> <span class='ocrx_word' id='word_1_477' title='bbox 1822 3266 1875 3312; x_wconf 92' lang='lat' dir='ltr'><strong>et</strong></span> <span class='ocrx_word' id='word_1_478' title='bbox 1900 3258 2129 3311; x_wconf 85' lang='lat' dir='ltr'><strong>aliorum</strong></span> <span class='ocrx_word' id='word_1_479' title='bbox 2172 3257 2625 3324; x_wconf 85' lang='lat' dir='ltr'><strong>contemptiones,</strong></span> <span class='ocrx_word' id='word_1_480' title='bbox 2661 3266 2714 3310; x_wconf 91' lang='lat' dir='ltr'><strong>ct</strong></span> <span class='ocrx_word' id='word_1_481' title='bbox 2743 3256 2825 3309; x_wconf 84' lang='lat' dir='ltr'><strong>in-</strong></span> <span class='ocrx_word' id='word_1_482' title='bbox 2925 3280 3059 3316; x_wconf 83' lang='grc' dir='ltr'>πτον</span> <span class='ocrx_word' id='word_1_483' title='bbox 3090 3264 3142 3315; x_wconf 59' lang='grc' dir='ltr'>αἱ</span> 
     </span>
    </p>
   </div>
   <div class='ocr_carea' id='block_1_57' title="bbox 2621 3256 4496 3337">
    <p class='ocr_par' dir='ltr' id='par_1_57' title="bbox 2621 3256 4496 3337">
     <span class='ocr_line' id='line_1_57' title="bbox 2621 3256 4496 3337; baseline 0.001 -21"><span class='ocrx_word' id='word_1_484' title='bbox 2621 3300 2625 3316; x_wconf 60' lang='grc' dir='ltr'><strong><em>μ</em></strong></span> <span class='ocrx_word' id='word_1_485' title='bbox 2661 3266 2714 3310; x_wconf 78' lang='grc' dir='ltr'><strong>οι</strong></span> <span class='ocrx_word' id='word_1_486' title='bbox 2743 3256 2825 3309; x_wconf 57' lang='lat' dir='ltr'><strong>in-</strong></span> <span class='ocrx_word' id='word_1_487' title='bbox 2925 3280 3059 3316; x_wconf 89' lang='grc' dir='ltr'>πτον</span> <span class='ocrx_word' id='word_1_488' title='bbox 3090 3264 3291 3332; x_wconf 79' lang='grc' dir='ltr'>αὐχένα</span> <span class='ocrx_word' id='word_1_489' title='bbox 3322 3265 3625 3334; x_wconf 72' lang='grc' dir='ltr'>πανταχοῦ,</span> <span class='ocrx_word' id='word_1_490' title='bbox 3682 3268 3776 3319; x_wconf 74' lang='grc' dir='ltr'>καὶ</span> <span class='ocrx_word' id='word_1_491' title='bbox 3828 3266 3888 3320; x_wconf 76' lang='grc' dir='ltr'><strong>τὸ</strong></span> <span class='ocrx_word' id='word_1_492' title='bbox 3952 3270 4496 3337; x_wconf 66' lang='grc' dir='ltr'>προσαγορευόμενοι</span> 
     </span>
    </p>
   </div>
   <div class='ocr_carea' id='block_1_58' title="bbox 1269 3349 3144 3428">
    <p class='ocr_par' dir='ltr' id='par_1_58' title="bbox 1269 3349 3144 3426">
     <span class='ocr_line' id='line_1_58' title="bbox 1269 3349 3144 3426; baseline -0.006 -21"><span class='ocrx_word' id='word_1_493' title='bbox 1269 3356 1434 3408; x_wconf 79' lang='lat' dir='ltr'><strong>flexas</strong></span> <span class='ocrx_word' id='word_1_494' title='bbox 1487 3352 1685 3420; x_wconf 86' lang='lat' dir='ltr'><strong>ubique</strong></span> <span class='ocrx_word' id='word_1_495' title='bbox 1740 3350 2000 3412; x_wconf 81' lang='lat' dir='ltr'><strong>cervices,</strong></span> <span class='ocrx_word' id='word_1_496' title='bbox 2039 3357 2092 3402; x_wconf 82' lang='lat' dir='ltr'><strong>el</strong></span> <span class='ocrx_word' id='word_1_497' title='bbox 2144 3364 2283 3419; x_wconf 91' lang='lat' dir='ltr'><strong>quos</strong></span> <span class='ocrx_word' id='word_1_498' title='bbox 2332 3349 2591 3402; x_wconf 90' lang='lat' dir='ltr'><strong>delicatos</strong></span> <span class='ocrx_word' id='word_1_499' title='bbox 2630 3354 2823 3401; x_wconf 76' lang='lat' dir='ltr'><strong>vocant</strong></span> <span class='ocrx_word' id='word_1_500' title='bbox 2926 3355 3144 3426; x_wconf 47' lang='lat' dir='ltr'><strong>epam,</strong></span> 
     </span>
    </p>
   </div>
   <div class='ocr_carea' id='block_1_59' title="bbox 2624 3349 4499 3428">
    <p class='ocr_par' dir='ltr' id='par_1_59' title="bbox 2630 3354 4499 3428">
     <span class='ocr_line' id='line_1_59' title="bbox 2630 3354 4499 3428; baseline 0.005 -29"><span class='ocrx_word' id='word_1_501' title='bbox 2630 3354 2823 3401; x_wconf 77' lang='lat' dir='ltr'><strong>vocant</strong></span> <span class='ocrx_word' id='word_1_502' title='bbox 2926 3355 3287 3426; x_wconf 75' lang='grc' dir='ltr'>θρύτπῑσθαι,</span> <span class='ocrx_word' id='word_1_503' title='bbox 3321 3357 3573 3426; x_wconf 84' lang='grc' dir='ltr'>ἀλλότρια</span> <span class='ocrx_word' id='word_1_504' title='bbox 3605 3358 3857 3428; x_wconf 77' lang='grc' dir='ltr'>νενόμικε</span> <span class='ocrx_word' id='word_1_505' title='bbox 3888 3358 4069 3411; x_wconf 84' lang='grc' dir='ltr'>καλῶν</span> <span class='ocrx_word' id='word_1_506' title='bbox 4090 3359 4184 3410; x_wconf 69' lang='grc' dir='ltr'>καὶ</span> <span class='ocrx_word' id='word_1_507' title='bbox 4207 3359 4499 3427; x_wconf 74' lang='grc' dir='ltr'>χρηστοτὲ-</span> 
     </span>
    </p>
   </div>
   <div class='ocr_carea' id='block_1_60' title="bbox 1270 3439 3145 3545">
    <p class='ocr_par' dir='ltr' id='par_1_60' title="bbox 1270 3439 3145 3545">
     <span class='ocr_line' id='line_1_60' title="bbox 1270 3439 3145 3545; baseline -0.002 -48"><span class='ocrx_word' id='word_1_508' title='bbox 1270 3455 1475 3515; x_wconf 81' lang='lat' dir='ltr'><strong>gestus,</strong></span> <span class='ocrx_word' id='word_1_509' title='bbox 1529 3444 1598 3498; x_wconf 86' lang='lat' dir='ltr'><strong>ab</strong></span> <span class='ocrx_word' id='word_1_510' title='bbox 1634 3442 1861 3513; x_wconf 82' lang='lat' dir='ltr'><strong>egregiis</strong></span> <span class='ocrx_word' id='word_1_511' title='bbox 1899 3449 1953 3495; x_wconf 90' lang='lat' dir='ltr'><strong>et</strong></span> <span class='ocrx_word' id='word_1_512' title='bbox 2011 3441 2193 3510; x_wconf 89' lang='lat' dir='ltr'><strong>probis</strong></span> <span class='ocrx_word' id='word_1_513' title='bbox 2249 3440 2559 3494; x_wconf 90' lang='lat' dir='ltr'><strong>hominibus</strong></span> <span class='ocrx_word' id='word_1_514' title='bbox 2597 3439 2822 3492; x_wconf 69' lang='lat' dir='ltr'><strong>alienos</strong></span> <span class='ocrx_word' id='word_1_515' title='bbox 2850 3487 2891 3545; x_wconf 61' lang='grc' dir='ltr'><strong>ϐ</strong></span> <span class='ocrx_word' id='word_1_516' title='bbox 2928 3464 3035 3517; x_wconf 77' lang='grc' dir='ltr'><strong>ρων</strong></span> <span class='ocrx_word' id='word_1_517' title='bbox 3062 3447 3145 3498; x_wconf 82' lang='grc' dir='ltr'><strong>ἀνε</strong></span> 
     </span>
    </p>
   </div>
   <div class='ocr_carea' id='block_1_61' title="bbox 2623 3439 4498 3545">
    <p class='ocr_par' dir='ltr' id='par_1_61' title="bbox 2623 3439 4498 3545">
     <span class='ocr_line' id='line_1_61' title="bbox 2623 3439 4498 3545; baseline 0.012 -53"><span class='ocrx_word' id='word_1_518' title='bbox 2623 3439 2822 3492; x_wconf 73' lang='lat' dir='ltr'><strong>alienas</strong></span> <span class='ocrx_word' id='word_1_519' title='bbox 2850 3487 2891 3545; x_wconf 62' lang='grc' dir='ltr'><strong>ϐ</strong></span> <span class='ocrx_word' id='word_1_520' title='bbox 2928 3464 3035 3517; x_wconf 84' lang='grc' dir='ltr'><strong>ρων</strong></span> <span class='ocrx_word' id='word_1_521' title='bbox 3062 3447 3381 3517; x_wconf 83' lang='grc' dir='ltr'>ἀνθρώπων.</span> <span class='ocrx_word' id='word_1_522' title='bbox 3407 3450 3482 3500; x_wconf 78' lang='grc' dir='ltr'><strong>Ού</strong></span> <span class='ocrx_word' id='word_1_523' title='bbox 3530 3449 3636 3517; x_wconf 81' lang='grc' dir='ltr'>μὴν</span> <span class='ocrx_word' id='word_1_524' title='bbox 3658 3449 3905 3511; x_wconf 81' lang='grc' dir='ltr'>κάκεῖνός</span> <span class='ocrx_word' id='word_1_525' title='bbox 3935 3466 3993 3515; x_wconf 86' lang='grc' dir='ltr'><strong>γε</strong></span> <span class='ocrx_word' id='word_1_526' title='bbox 4030 3452 4287 3517; x_wconf 69' lang='grc' dir='ltr'><strong>χρηστὸς.</strong></span> <span class='ocrx_word' id='word_1_527' title='bbox 4314 3450 4371 3512; x_wconf 69' lang='grc' dir='ltr'><strong>ὃς</strong></span> <span class='ocrx_word' id='word_1_528' title='bbox 4408 3448 4498 3499; x_wconf 75' lang='grc' dir='ltr'>λυ⁶</span> 
     </span>
    </p>
   </div>
   <div class='ocr_carea' id='block_1_62' title="bbox 1270 3530 3145 3608">
    <p class='ocr_par' dir='ltr' id='par_1_62' title="bbox 1270 3530 3120 3607">
     <span class='ocr_line' id='line_1_62' title="bbox 1270 3530 3120 3607; baseline 0 -15"><span class='ocrx_word' id='word_1_529' title='bbox 1270 3538 1438 3592; x_wconf 89' lang='lat' dir='ltr'><strong>ducit.</strong></span> <span class='ocrx_word' id='word_1_530' title='bbox 1470 3536 1649 3604; x_wconf 81' lang='lat' dir='ltr'><strong>Neque</strong></span> <span class='ocrx_word' id='word_1_531' title='bbox 1674 3550 1799 3589; x_wconf 87' lang='lat' dir='ltr'><strong>vero</strong></span> <span class='ocrx_word' id='word_1_532' title='bbox 1842 3543 1897 3588; x_wconf 88' lang='lat' dir='ltr'><strong>et</strong></span> <span class='ocrx_word' id='word_1_533' title='bbox 1921 3534 2010 3588; x_wconf 89' lang='lat' dir='ltr'><strong>ille</strong></span> <span class='ocrx_word' id='word_1_534' title='bbox 2031 3532 2170 3601; x_wconf 79' lang='lat' dir='ltr'><strong>frugi</strong></span> <span class='ocrx_word' id='word_1_535' title='bbox 2228 3531 2525 3601; x_wconf 88' lang='lat' dir='ltr'><strong>putandus,</strong></span> <span class='ocrx_word' id='word_1_536' title='bbox 2560 3530 2653 3601; x_wconf 90' lang='lat' dir='ltr'><strong>qui</strong></span> <span class='ocrx_word' id='word_1_537' title='bbox 2698 3532 2822 3585; x_wconf 90' lang='lat' dir='ltr'><strong>aliis</strong></span> <span class='ocrx_word' id='word_1_538' title='bbox 2851 3530 2891 3545; x_wconf 75' lang='lat'><strong>“&#39;</strong></span> <span class='ocrx_word' id='word_1_539' title='bbox 2930 3538 3120 3607; x_wconf 82' lang='grc' dir='ltr'>πεῖτῷ</span> 
     </span>
    </p>
   </div>
   <div class='ocr_carea' id='block_1_63' title="bbox 2622 3530 4497 3608">
    <p class='ocr_par' dir='ltr' id='par_1_63' title="bbox 2622 3530 4497 3608">
     <span class='ocr_line' id='line_1_63' title="bbox 2622 3530 4497 3608; baseline 0.004 -25"><span class='ocrx_word' id='word_1_540' title='bbox 2622 3530 2653 3584; x_wconf 86' lang='lat' dir='ltr'><strong>ti</strong></span> <span class='ocrx_word' id='word_1_541' title='bbox 2698 3532 2822 3585; x_wconf 87' lang='lat' dir='ltr'><strong>aliis</strong></span> <span class='ocrx_word' id='word_1_542' title='bbox 2851 3530 2891 3545; x_wconf 64' lang='grc'><strong>’⁸</strong></span> <span class='ocrx_word' id='word_1_543' title='bbox 2930 3540 3022 3590; x_wconf 87' lang='grc' dir='ltr'><strong>πεῖ</strong></span> <span class='ocrx_word' id='word_1_544' title='bbox 3045 3538 3120 3607; x_wconf 78' lang='grc' dir='ltr'>τῷ</span> <span class='ocrx_word' id='word_1_545' title='bbox 3150 3538 3323 3607; x_wconf 83' lang='grc' dir='ltr'>μέγας</span> <span class='ocrx_word' id='word_1_546' title='bbox 3358 3534 3499 3593; x_wconf 79' lang='grc' dir='ltr'>εἶναι</span> <span class='ocrx_word' id='word_1_547' title='bbox 3526 3554 3542 3571; x_wconf 89' lang='grc'><strong>·</strong></span> <span class='ocrx_word' id='word_1_548' title='bbox 3570 3539 3685 3591; x_wconf 84' lang='grc' dir='ltr'>ἀλλ’</span> <span class='ocrx_word' id='word_1_549' title='bbox 3732 3533 3776 3607; x_wconf 81' lang='grc' dir='ltr'><strong>ᾧ</strong></span> <span class='ocrx_word' id='word_1_550' title='bbox 3828 3539 4161 3604; x_wconf 78' lang='grc' dir='ltr'>συνεύξαιντ⁹</span> <span class='ocrx_word' id='word_1_551' title='bbox 4196 3538 4265 3591; x_wconf 77' lang='grc' dir='ltr'>ἂν</span> <span class='ocrx_word' id='word_1_552' title='bbox 4317 3541 4497 3608; x_wconf 66' lang='grc' dir='ltr'>ἀγαθὰ</span> 
     </span>
    </p>
   </div>
   <div class='ocr_carea' id='block_1_64' title="bbox 1270 3624 3145 3697">
    <p class='ocr_par' dir='ltr' id='par_1_64' title="bbox 1270 3625 3114 3697">
     <span class='ocr_line' id='line_1_64' title="bbox 1270 3625 3114 3697; baseline -0.002 -15"><span class='ocrx_word' id='word_1_553' title='bbox 1270 3628 1637 3697; x_wconf 73' lang='lat' dir='ltr'><strong>magnitudine</strong></span> <span class='ocrx_word' id='word_1_554' title='bbox 1666 3642 1760 3680; x_wconf 88' lang='lat' dir='ltr'><strong>sua</strong></span> <span class='ocrx_word' id='word_1_555' title='bbox 1784 3628 1961 3696; x_wconf 87' lang='lat' dir='ltr'><strong>gravis</strong></span> <span class='ocrx_word' id='word_1_556' title='bbox 1988 3638 2105 3680; x_wconf 90' lang='lat' dir='ltr'><strong>est:</strong></span> <span class='ocrx_word' id='word_1_557' title='bbox 2136 3628 2228 3679; x_wconf 89' lang='lat' dir='ltr'><strong>sed</strong></span> <span class='ocrx_word' id='word_1_558' title='bbox 2262 3625 2347 3680; x_wconf 92' lang='lat' dir='ltr'><strong>cui</strong></span> <span class='ocrx_word' id='word_1_559' title='bbox 2390 3625 2564 3679; x_wconf 88' lang='lat' dir='ltr'><strong>fausta</strong></span> <span class='ocrx_word' id='word_1_560' title='bbox 2590 3640 2820 3693; x_wconf 60' lang='lat' dir='ltr'><strong>quaeque</strong></span> <span class='ocrx_word' id='word_1_561' title='bbox 2925 3628 2973 3678; x_wconf 81' lang='lat' dir='ltr'><strong>oi</strong></span> <span class='ocrx_word' id='word_1_562' title='bbox 3007 3628 3114 3679; x_wconf 82' lang='grc' dir='ltr'><strong>τῶν</strong></span> 
     </span>
    </p>
   </div>
   <div class='ocr_carea' id='block_1_65' title="bbox 2624 3624 4499 3697">
    <p class='ocr_par' dir='ltr' id='par_1_65' title="bbox 2631 3624 4499 3697">
     <span class='ocr_line' id='line_1_65' title="bbox 2631 3624 4499 3697; baseline 0.002 -21"><span class='ocrx_word' id='word_1_563' title='bbox 2631 3640 2820 3693; x_wconf 71' lang='lat' dir='ltr'><strong>meque</strong></span> <span class='ocrx_word' id='word_1_564' title='bbox 2925 3628 2973 3678; x_wconf 79' lang='lat' dir='ltr'><strong>oi</strong></span> <span class='ocrx_word' id='word_1_565' title='bbox 3007 3628 3114 3679; x_wconf 92' lang='grc' dir='ltr'><strong>τῶν</strong></span> <span class='ocrx_word' id='word_1_566' title='bbox 3146 3628 3353 3696; x_wconf 82' lang='grc' dir='ltr'>ἀνδρῶν</span> <span class='ocrx_word' id='word_1_567' title='bbox 3381 3629 3633 3697; x_wconf 84' lang='grc' dir='ltr'>ἀμείνους</span> <span class='ocrx_word' id='word_1_568' title='bbox 3668 3629 3762 3681; x_wconf 79' lang='grc' dir='ltr'>καὶ</span> <span class='ocrx_word' id='word_1_569' title='bbox 3787 3624 4098 3697; x_wconf 72' lang='grc' dir='ltr'>συνη’σθεῖεν</span> <span class='ocrx_word' id='word_1_570' title='bbox 4120 3628 4499 3694; x_wconf 52' lang='grc' dir='ltr'>εὐδαιμονοῦνκ</span> 
     </span>
    </p>
   </div>
   <div class='ocr_carea' id='block_1_66' title="bbox 1270 3714 3145 3791">
    <p class='ocr_par' dir='ltr' id='par_1_66' title="bbox 1270 3714 3115 3787">
     <span class='ocr_line' id='line_1_66' title="bbox 1270 3714 3115 3787; baseline -0.002 -14"><span class='ocrx_word' id='word_1_571' title='bbox 1270 3720 1371 3773; x_wconf 87' lang='lat' dir='ltr'><strong>viri</strong></span> <span class='ocrx_word' id='word_1_572' title='bbox 1421 3727 1731 3785; x_wconf 70' lang='lat' dir='ltr'><strong>praestantes</strong></span> <span class='ocrx_word' id='word_1_573' title='bbox 1780 3728 1988 3787; x_wconf 77' lang='lat' dir='ltr'><strong>aptant,</strong></span> <span class='ocrx_word' id='word_1_574' title='bbox 2052 3724 2104 3770; x_wconf 92' lang='lat' dir='ltr'><strong>et</strong></span> <span class='ocrx_word' id='word_1_575' title='bbox 2136 3714 2391 3771; x_wconf 86' lang='lat' dir='ltr'><strong>secundis</strong></span> <span class='ocrx_word' id='word_1_576' title='bbox 2452 3717 2614 3769; x_wconf 87' lang='lat' dir='ltr'><strong>rebus</strong></span> <span class='ocrx_word' id='word_1_577' title='bbox 2645 3715 2821 3770; x_wconf 89' lang='lat' dir='ltr'><strong>utenti</strong></span> <span class='ocrx_word' id='word_1_578' title='bbox 2924 3722 3115 3783; x_wconf 68' lang='grc' dir='ltr'>τι,καλ</span> 
     </span>
    </p>
   </div>
   <div class='ocr_carea' id='block_1_67' title="bbox 2625 3714 4500 3791">
    <p class='ocr_par' dir='ltr' id='par_1_67' title="bbox 2645 3715 4500 3791">
     <span class='ocr_line' id='line_1_67' title="bbox 2645 3715 4500 3791; baseline 0.002 -22"><span class='ocrx_word' id='word_1_579' title='bbox 2645 3715 2821 3770; x_wconf 86' lang='lat' dir='ltr'><strong>utenti</strong></span> <span class='ocrx_word' id='word_1_580' title='bbox 2924 3738 3000 3783; x_wconf 82' lang='grc' dir='ltr'><strong>τι,</strong></span> <span class='ocrx_word' id='word_1_581' title='bbox 3025 3722 3115 3773; x_wconf 65' lang='grc' dir='ltr'>καὶ</span> <span class='ocrx_word' id='word_1_582' title='bbox 3150 3720 3544 3788; x_wconf 79' lang='grc' dir='ltr'>συναλγήσαιεν</span> <span class='ocrx_word' id='word_1_583' title='bbox 3595 3722 3873 3789; x_wconf 77' lang='grc' dir='ltr'>πάσχοντι.</span> <span class='ocrx_word' id='word_1_584' title='bbox 3908 3722 4068 3773; x_wconf 84' lang='grc' dir='ltr'>Δοκεῖ</span> <span class='ocrx_word' id='word_1_585' title='bbox 4093 3722 4156 3791; x_wconf 82' lang='grc' dir='ltr'>δή</span> <span class='ocrx_word' id='word_1_586' title='bbox 4215 3737 4299 3773; x_wconf 73' lang='grc' dir='ltr'>στι</span> <span class='ocrx_word' id='word_1_587' title='bbox 4331 3722 4500 3773; x_wconf 67' lang='grc' dir='ltr'>πανά-</span> 
     </span>
    </p>
   </div>
   <div class='ocr_carea' id='block_1_68' title="bbox 1272 3807 3147 3882">
    <p class='ocr_par' dir='ltr' id='par_1_68' title="bbox 1272 3807 3147 3881">
     <span class='ocr_line' id='line_1_68' title="bbox 1272 3807 3147 3881; baseline -0.005 -14"><span class='ocrx_word' id='word_1_588' title='bbox 1272 3812 1735 3879; x_wconf 77' lang='lat' dir='ltr'><strong>congratulantnr,</strong></span> <span class='ocrx_word' id='word_1_589' title='bbox 1788 3818 1839 3862; x_wconf 90' lang='lat' dir='ltr'><strong>et</strong></span> <span class='ocrx_word' id='word_1_590' title='bbox 1902 3810 2053 3863; x_wconf 90' lang='lat' dir='ltr'><strong>triste</strong></span> <span class='ocrx_word' id='word_1_591' title='bbox 2080 3807 2211 3877; x_wconf 89' lang='lat' dir='ltr'><strong>quid</strong></span> <span class='ocrx_word' id='word_1_592' title='bbox 2268 3807 2459 3861; x_wconf 91' lang='lat' dir='ltr'><strong>ferenti</strong></span> <span class='ocrx_word' id='word_1_593' title='bbox 2511 3807 2821 3861; x_wconf 90' lang='lat' dir='ltr'><strong>condolent.</strong></span> <span class='ocrx_word' id='word_1_594' title='bbox 2930 3829 3147 3881; x_wconf 78' lang='grc' dir='ltr'>ριστοςι</span> 
     </span>
    </p>
   </div>
   <div class='ocr_carea' id='block_1_69' title="bbox 2615 3807 4490 3882">
    <p class='ocr_par' dir='ltr' id='par_1_69' title="bbox 2618 3807 4490 3882">
     <span class='ocr_line' id='line_1_69' title="bbox 2618 3807 4490 3882; baseline 0.002 -22"><span class='ocrx_word' id='word_1_595' title='bbox 2618 3807 2821 3861; x_wconf 79' lang='lat' dir='ltr'><strong>dolent.</strong></span> <span class='ocrx_word' id='word_1_596' title='bbox 2930 3829 3113 3881; x_wconf 86' lang='grc' dir='ltr'>ριστος</span> <span class='ocrx_word' id='word_1_597' title='bbox 3142 3813 3295 3875; x_wconf 76' lang='grc' dir='ltr'>οὗτος</span> <span class='ocrx_word' id='word_1_598' title='bbox 3340 3809 3504 3877; x_wconf 77' lang='grc' dir='ltr'>εἶναι,</span> <span class='ocrx_word' id='word_1_599' title='bbox 3533 3814 3628 3865; x_wconf 77' lang='grc' dir='ltr'>καὶ</span> <span class='ocrx_word' id='word_1_600' title='bbox 3669 3813 3847 3881; x_wconf 77' lang='grc' dir='ltr'>βούλει</span> <span class='ocrx_word' id='word_1_601' title='bbox 3887 3813 4096 3873; x_wconf 73' lang='grc' dir='ltr'>πάντας</span> <span class='ocrx_word' id='word_1_602' title='bbox 4146 3812 4490 3882; x_wconf 80' lang='grc' dir='ltr'>ἀνθρώπους,</span> 
     </span>
    </p>
   </div>
   <div class='ocr_carea' id='block_1_70' title="bbox 1270 3898 3145 3974">
    <p class='ocr_par' dir='ltr' id='par_1_70' title="bbox 1270 3898 3110 3973">
     <span class='ocr_line' id='line_1_70' title="bbox 1270 3898 3110 3973; baseline 0.001 -18"><span class='ocrx_word' id='word_1_603' title='bbox 1270 3902 1492 3955; x_wconf 76' lang='grc' dir='ltr'>ιιίοείιιο</span> <span class='ocrx_word' id='word_1_604' title='bbox 1523 3901 1616 3954; x_wconf 90' lang='lat' dir='ltr'><strong>tibi</strong></span> <span class='ocrx_word' id='word_1_605' title='bbox 1649 3900 1727 3952; x_wconf 88' lang='lat' dir='ltr'><strong>vir</strong></span> <span class='ocrx_word' id='word_1_606' title='bbox 1759 3898 2002 3951; x_wconf 90' lang='lat' dir='ltr'><strong>omnium</strong></span> <span class='ocrx_word' id='word_1_607' title='bbox 2049 3898 2545 3967; x_wconf 66' lang='lat' dir='ltr'><strong>praestantissimus</strong></span> <span class='ocrx_word' id='word_1_608' title='bbox 2597 3912 2718 3952; x_wconf 88' lang='lat' dir='ltr'><strong>esse</strong></span> <span class='ocrx_word' id='word_1_609' title='bbox 2749 3898 2824 3951; x_wconf 85' lang='lat' dir='ltr'><strong>vi-</strong></span> <span class='ocrx_word' id='word_1_610' title='bbox 2925 3905 3110 3973; x_wconf 80' lang='grc' dir='ltr'>ὥσπερ</span> 
     </span>
    </p>
   </div>
   <div class='ocr_carea' id='block_1_71' title="bbox 2615 3898 4490 3974">
    <p class='ocr_par' dir='ltr' id='par_1_71' title="bbox 2615 3898 4490 3974">
     <span class='ocr_line' id='line_1_71' title="bbox 2615 3898 4490 3974; baseline 0.005 -23"><span class='ocrx_word' id='word_1_611' title='bbox 2615 3913 2718 3952; x_wconf 73' lang='lat' dir='ltr'><strong>:sse</strong></span> <span class='ocrx_word' id='word_1_612' title='bbox 2749 3898 2824 3951; x_wconf 80' lang='lat' dir='ltr'><strong>vi-</strong></span> <span class='ocrx_word' id='word_1_613' title='bbox 2925 3905 3110 3973; x_wconf 80' lang='grc' dir='ltr'>ὥσπερ</span> <span class='ocrx_word' id='word_1_614' title='bbox 3148 3906 3375 3971; x_wconf 53' lang='grc' dir='ltr'>ἐκεῖνον,</span> <span class='ocrx_word' id='word_1_615' title='bbox 3408 3907 3583 3972; x_wconf 81' lang='grc' dir='ltr'>φιλεῖν</span> <span class='ocrx_word' id='word_1_616' title='bbox 3633 3921 3713 3968; x_wconf 88' lang='grc' dir='ltr'><strong>σε,</strong></span> <span class='ocrx_word' id='word_1_617' title='bbox 3745 3906 3963 3973; x_wconf 83' lang='grc' dir='ltr'>ἄριστον</span> <span class='ocrx_word' id='word_1_618' title='bbox 4010 3906 4219 3974; x_wconf 69' lang='grc' dir='ltr'>ἀνδρῶν</span> <span class='ocrx_word' id='word_1_619' title='bbox 4252 3923 4312 3957; x_wconf 88' lang='grc' dir='ltr'><strong>σε</strong></span> <span class='ocrx_word' id='word_1_620' title='bbox 4340 3908 4490 3973; x_wconf 62' lang='grc' dir='ltr'>νομί-</span> 
     </span>
    </p>
   </div>
   <div class='ocr_carea' id='block_1_72' title="bbox 1272 3988 3147 4065">
    <p class='ocr_par' dir='ltr' id='par_1_72' title="bbox 1272 3988 3129 4061">
     <span class='ocr_line' id='line_1_72' title="bbox 1272 3988 3129 4061; baseline 0.001 -16"><span class='ocrx_word' id='word_1_621' title='bbox 1272 3992 1472 4046; x_wconf 79' lang='lat' dir='ltr'><strong>detnr?</strong></span> <span class='ocrx_word' id='word_1_622' title='bbox 1503 4001 1659 4061; x_wconf 86' lang='lat' dir='ltr'><strong>teque</strong></span> <span class='ocrx_word' id='word_1_623' title='bbox 1689 3990 1840 4059; x_wconf 89' lang='lat' dir='ltr'><strong>cupis</strong></span> <span class='ocrx_word' id='word_1_624' title='bbox 1873 3988 1941 4042; x_wconf 91' lang='lat' dir='ltr'><strong>ab</strong></span> <span class='ocrx_word' id='word_1_625' title='bbox 1997 3989 2269 4043; x_wconf 77' lang='lat' dir='ltr'><strong>universis</strong></span> <span class='ocrx_word' id='word_1_626' title='bbox 2316 3988 2648 4050; x_wconf 91' lang='lat' dir='ltr'><strong>hominibus,</strong></span> <span class='ocrx_word' id='word_1_627' title='bbox 2689 3989 2831 4058; x_wconf 83' lang='lat' dir='ltr'><strong>opti-</strong></span> <span class='ocrx_word' id='word_1_628' title='bbox 2937 3996 3129 4058; x_wconf 82' lang='grc' dir='ltr'>ζοντας</span> 
     </span>
    </p>
   </div>
   <div class='ocr_carea' id='block_1_73' title="bbox 2620 3988 4495 4065">
    <p class='ocr_par' dir='ltr' id='par_1_73' title="bbox 2620 3989 4495 4065">
     <span class='ocr_line' id='line_1_73' title="bbox 2620 3989 4495 4065; baseline 0.005 -26"><span class='ocrx_word' id='word_1_629' title='bbox 2620 4006 2648 4050; x_wconf 67' lang='grc' dir='ltr'><strong>ι,</strong></span> <span class='ocrx_word' id='word_1_630' title='bbox 2689 3989 2831 4058; x_wconf 84' lang='lat' dir='ltr'><strong>opti-</strong></span> <span class='ocrx_word' id='word_1_631' title='bbox 2937 3996 3165 4058; x_wconf 80' lang='grc' dir='ltr'>ζοντας;</span> <span class='ocrx_word' id='word_1_632' title='bbox 3198 3995 3352 4048; x_wconf 76' lang='grc' dir='ltr'>Οὕτω</span> <span class='ocrx_word' id='word_1_633' title='bbox 3380 3996 3661 4064; x_wconf 80' lang='grc' dir='ltr'>πείθομαι.</span> <span class='ocrx_word' id='word_1_634' title='bbox 3694 3996 3856 4048; x_wconf 80' lang='grc' dir='ltr'>Ὥστε</span> <span class='ocrx_word' id='word_1_635' title='bbox 3915 3996 4312 4065; x_wconf 63' lang='grc' dir='ltr'>ζηλοτυποῦκστι</span> <span class='ocrx_word' id='word_1_636' title='bbox 4374 3996 4495 4056; x_wconf 81' lang='grc' dir='ltr'>τοὺς</span> 
     </span>
    </p>
   </div>
   <div class='ocr_carea' id='block_1_74' title="bbox 1275 4077 3150 4157">
    <p class='ocr_par' dir='ltr' id='par_1_74' title="bbox 1275 4077 3143 4151">
     <span class='ocr_line' id='line_1_74' title="bbox 1275 4077 3143 4151; baseline 0 -14"><span class='ocrx_word' id='word_1_637' title='bbox 1275 4100 1421 4138; x_wconf 85' lang='lat' dir='ltr'><strong>mum</strong></span> <span class='ocrx_word' id='word_1_638' title='bbox 1481 4091 1535 4137; x_wconf 87' lang='lat' dir='ltr'><strong>te</strong></span> <span class='ocrx_word' id='word_1_639' title='bbox 1600 4077 1774 4136; x_wconf 84' lang='lat' dir='ltr'><strong>virum</strong></span> <span class='ocrx_word' id='word_1_640' title='bbox 1810 4080 2265 4141; x_wconf 77' lang='lat' dir='ltr'><strong>existimantibus,</strong></span> <span class='ocrx_word' id='word_1_641' title='bbox 2329 4080 2511 4133; x_wconf 89' lang='lat' dir='ltr'><strong>itidem</strong></span> <span class='ocrx_word' id='word_1_642' title='bbox 2559 4080 2728 4148; x_wconf 84' lang='lat' dir='ltr'><strong>diligi,</strong></span> <span class='ocrx_word' id='word_1_643' title='bbox 2771 4089 2831 4134; x_wconf 90' lang='lat' dir='ltr'><strong>ut</strong></span> <span class='ocrx_word' id='word_1_644' title='bbox 2938 4084 3143 4151; x_wconf 74' lang='grc' dir='ltr'>ἀγαθοὺ</span> 
     </span>
    </p>
   </div>
   <div class='ocr_carea' id='block_1_75' title="bbox 2618 4077 4493 4157">
    <p class='ocr_par' dir='ltr' id='par_1_75' title="bbox 2620 4080 4493 4157">
     <span class='ocr_line' id='line_1_75' title="bbox 2620 4080 4493 4157; baseline 0.003 -23"><span class='ocrx_word' id='word_1_645' title='bbox 2620 4080 2728 4148; x_wconf 76' lang='lat' dir='ltr'><strong>ligi,</strong></span> <span class='ocrx_word' id='word_1_646' title='bbox 2771 4089 2831 4134; x_wconf 85' lang='lat' dir='ltr'><strong>ut</strong></span> <span class='ocrx_word' id='word_1_647' title='bbox 2938 4084 3177 4151; x_wconf 73' lang='grc' dir='ltr'>ἀγαθοὺς</span> <span class='ocrx_word' id='word_1_648' title='bbox 3230 4083 3427 4155; x_wconf 77' lang='grc' dir='ltr'>ζηλοῦν</span> <span class='ocrx_word' id='word_1_649' title='bbox 3500 4087 3766 4157; x_wconf 77' lang='grc' dir='ltr'>προσήκει</span> <span class='ocrx_word' id='word_1_650' title='bbox 3825 4087 3994 4139; x_wconf 77' lang='grc' dir='ltr'>τῶνδε</span> <span class='ocrx_word' id='word_1_651' title='bbox 4054 4087 4181 4149; x_wconf 83' lang='grc' dir='ltr'>τοὺς</span> <span class='ocrx_word' id='word_1_652' title='bbox 4240 4089 4493 4155; x_wconf 77' lang='grc' dir='ltr'>τρόπους.</span> 
     </span>
    </p>
   </div>
   <div class='ocr_carea' id='block_1_76' title="bbox 1273 4168 3148 4247">
    <p class='ocr_par' dir='ltr' id='par_1_76' title="bbox 1273 4168 3115 4243">
     <span class='ocr_line' id='line_1_76' title="bbox 1273 4168 3115 4243; baseline -0.001 -17"><span class='ocrx_word' id='word_1_653' title='bbox 1273 4174 1360 4227; x_wconf 88' lang='lat' dir='ltr'><strong>ille</strong></span> <span class='ocrx_word' id='word_1_654' title='bbox 1397 4170 1678 4243; x_wconf 85' lang='lat' dir='ltr'><strong>diligitur?</strong></span> <span class='ocrx_word' id='word_1_655' title='bbox 1722 4170 1812 4225; x_wconf 84' lang='lat' dir='ltr'><strong>Sic</strong></span> <span class='ocrx_word' id='word_1_656' title='bbox 1842 4170 2087 4238; x_wconf 89' lang='lat' dir='ltr'><strong>equidem</strong></span> <span class='ocrx_word' id='word_1_657' title='bbox 2145 4183 2437 4238; x_wconf 78' lang='lat' dir='ltr'><strong>persuaSns</strong></span> <span class='ocrx_word' id='word_1_658' title='bbox 2491 4182 2633 4221; x_wconf 89' lang='lat' dir='ltr'><strong>sum.</strong></span> <span class='ocrx_word' id='word_1_659' title='bbox 2669 4168 2829 4222; x_wconf 85' lang='lat' dir='ltr'><strong>Decet</strong></span> <span class='ocrx_word' id='word_1_660' title='bbox 2943 4176 3115 4243; x_wconf 82' lang='grc' dir='ltr'>Ζήλου</span> 
     </span>
    </p>
   </div>
   <div class='ocr_carea' id='block_1_77' title="bbox 2483 4168 4358 4247">
    <p class='ocr_par' dir='ltr' id='par_1_77' title="bbox 2491 4168 4358 4247">
     <span class='ocr_line' id='line_1_77' title="bbox 2491 4168 4358 4247; baseline 0.005 -26"><span class='ocrx_word' id='word_1_661' title='bbox 2491 4182 2633 4221; x_wconf 88' lang='lat' dir='ltr'><strong>sum.</strong></span> <span class='ocrx_word' id='word_1_662' title='bbox 2669 4168 2829 4222; x_wconf 86' lang='lat' dir='ltr'><strong>Decet</strong></span> <span class='ocrx_word' id='word_1_663' title='bbox 2943 4176 3115 4243; x_wconf 82' lang='grc' dir='ltr'>Ζήλου</span> <span class='ocrx_word' id='word_1_664' title='bbox 3150 4193 3239 4240; x_wconf 83' lang='grc' dir='ltr'><strong>μοι</strong></span> <span class='ocrx_word' id='word_1_665' title='bbox 3270 4176 3479 4241; x_wconf 81' lang='grc' dir='ltr'>τούσδε,</span> <span class='ocrx_word' id='word_1_666' title='bbox 3498 4178 3623 4238; x_wconf 78' lang='grc' dir='ltr'>τοὺς</span> <span class='ocrx_word' id='word_1_667' title='bbox 3649 4177 3693 4229; x_wconf 88' lang='grc' dir='ltr'>δ’</span> <span class='ocrx_word' id='word_1_668' title='bbox 3728 4177 3901 4239; x_wconf 79' lang='grc' dir='ltr'>ἄλλως</span> <span class='ocrx_word' id='word_1_669' title='bbox 3919 4177 4138 4247; x_wconf 77' lang='grc' dir='ltr'>ἔχοντας</span> <span class='ocrx_word' id='word_1_670' title='bbox 4169 4178 4358 4245; x_wconf 72' lang='grc' dir='ltr'>φεῦγε.</span> 
     </span>
    </p>
   </div>
   <div class='ocr_carea' id='block_1_78' title="bbox 1277 4261 4499 4339">
    <p class='ocr_par' dir='ltr' id='par_1_78' title="bbox 1277 4261 4499 4339">
     <span class='ocr_line' id='line_1_78' title="bbox 1277 4261 4499 4339; baseline 0.002 -22"><span class='ocrx_word' id='word_1_671' title='bbox 1277 4280 1405 4335; x_wconf 85' lang='lat' dir='ltr'><strong>ergo</strong></span> <span class='ocrx_word' id='word_1_672' title='bbox 1433 4276 1483 4320; x_wconf 90' lang='lat' dir='ltr'><strong>te</strong></span> <span class='ocrx_word' id='word_1_673' title='bbox 1514 4268 1684 4319; x_wconf 86' lang='lat' dir='ltr'><strong>bonos</strong></span> <span class='ocrx_word' id='word_1_674' title='bbox 1737 4263 2101 4329; x_wconf 62' lang='lat' dir='ltr'><strong>amulantem,</strong></span> <span class='ocrx_word' id='word_1_675' title='bbox 2159 4276 2336 4317; x_wconf 89' lang='lat' dir='ltr'><strong>mores</strong></span> <span class='ocrx_word' id='word_1_676' title='bbox 2387 4261 2629 4331; x_wconf 88' lang='lat' dir='ltr'><strong>ipsorum</strong></span> <span class='ocrx_word' id='word_1_677' title='bbox 2696 4264 2960 4321; x_wconf 82' lang='lat' dir='ltr'><strong>aemulari.</strong></span> <span class='ocrx_word' id='word_1_678' title='bbox 3017 4266 3146 4334; x_wconf 81' lang='lat' dir='ltr'><strong>llos,</strong></span> <span class='ocrx_word' id='word_1_679' title='bbox 3190 4269 3437 4339; x_wconf 85' lang='lat' dir='ltr'><strong>inquam,</strong></span> <span class='ocrx_word' id='word_1_680' title='bbox 3496 4269 3785 4333; x_wconf 83' lang='lat' dir='ltr'><strong>admirare,</strong></span> <span class='ocrx_word' id='word_1_681' title='bbox 3844 4279 4009 4339; x_wconf 83' lang='lat' dir='ltr'><strong>atque</strong></span> <span class='ocrx_word' id='word_1_682' title='bbox 4070 4271 4228 4325; x_wconf 89' lang='lat' dir='ltr'><strong>aliter</strong></span> <span class='ocrx_word' id='word_1_683' title='bbox 4279 4271 4499 4325; x_wconf 67' lang='lat' dir='ltr'><strong>allectos</strong></span> 
     </span>
    </p>
   </div>
   <div class='ocr_carea' id='block_1_79' title="bbox 1276 4362 1474 4432">
    <p class='ocr_par' dir='ltr' id='par_1_79' title="bbox 1276 4362 1474 4432">
     <span class='ocr_line' id='line_1_79' title="bbox 1276 4362 1474 4432; baseline 0.01 -18"><span class='ocrx_word' id='word_1_684' title='bbox 1276 4362 1474 4432; x_wconf 81' lang='lat' dir='ltr'><strong>fugito.</strong></span> 
     </span>
    </p>
   </div>
   <div class='ocr_carea' id='block_1_80' title="bbox 1964 4473 3786 4538">
    <p class='ocr_par' dir='ltr' id='par_1_80' title="bbox 1964 4473 3786 4538">
     <span class='ocr_line' id='line_1_80' title="bbox 1964 4473 3786 4538; baseline 0.002 -4"><span class='ocrx_word' id='word_1_685' title='bbox 1964 4473 2146 4534; x_wconf 73' lang='lat' dir='ltr'><strong>LXXI.</strong></span> <span class='ocrx_word' id='word_1_686' title='bbox 3662 4486 3786 4538; x_wconf 77' lang='lat' dir='ltr'><strong>OA&#39;.</strong></span> 
     </span>
    </p>
   </div>
   <div class='ocr_carea' id='block_1_81' title="bbox 1351 4594 3226 4668">
    <p class='ocr_par' dir='ltr' id='par_1_81' title="bbox 1351 4594 3226 4665">
     <span class='ocr_line' id='line_1_81' title="bbox 1351 4594 3226 4665; baseline -0.001 -14"><span class='ocrx_word' id='word_1_687' title='bbox 1351 4599 1545 4651; x_wconf 81' lang='lat' dir='ltr'><strong>Animo</strong></span> <span class='ocrx_word' id='word_1_688' title='bbox 1573 4611 1702 4651; x_wconf 78' lang='lat' dir='ltr'><strong>cave</strong></span> <span class='ocrx_word' id='word_1_689' title='bbox 1732 4594 2043 4665; x_wconf 87' lang='lat' dir='ltr'><strong>percellaris</strong></span> <span class='ocrx_word' id='word_1_690' title='bbox 2073 4594 2141 4646; x_wconf 89' lang='lat' dir='ltr'><strong>ob</strong></span> <span class='ocrx_word' id='word_1_691' title='bbox 2173 4608 2262 4648; x_wconf 88' lang='lat' dir='ltr'><strong>res</strong></span> <span class='ocrx_word' id='word_1_692' title='bbox 2315 4594 2581 4651; x_wconf 79' lang='lat' dir='ltr'><strong>secundas</strong></span> <span class='ocrx_word' id='word_1_693' title='bbox 2633 4594 2835 4662; x_wconf 86' lang='lat' dir='ltr'><strong>impro—</strong></span> <span class='ocrx_word' id='word_1_694' title='bbox 3014 4596 3085 4649; x_wconf 80' lang='grc' dir='ltr'><strong>Σὺ</strong></span> <span class='ocrx_word' id='word_1_695' title='bbox 3122 4596 3226 4649; x_wconf 90' lang='grc' dir='ltr'><strong>τῶν</strong></span> 
     </span>
    </p>
   </div>
   <div class='ocr_carea' id='block_1_82' title="bbox 2626 4594 4501 4668">
    <p class='ocr_par' dir='ltr' id='par_1_82' title="bbox 2633 4594 4501 4668">
     <span class='ocr_line' id='line_1_82' title="bbox 2633 4594 4501 4668; baseline 0.002 -23"><span class='ocrx_word' id='word_1_696' title='bbox 2633 4594 2835 4662; x_wconf 86' lang='lat' dir='ltr'><strong>impro—</strong></span> <span class='ocrx_word' id='word_1_697' title='bbox 3014 4596 3085 4649; x_wconf 79' lang='grc' dir='ltr'><strong>Σὺ</strong></span> <span class='ocrx_word' id='word_1_698' title='bbox 3122 4596 3229 4649; x_wconf 90' lang='grc' dir='ltr'><strong>τῶν</strong></span> <span class='ocrx_word' id='word_1_699' title='bbox 3258 4597 3510 4667; x_wconf 77' lang='grc' dir='ltr'>πονηρῶν</span> <span class='ocrx_word' id='word_1_700' title='bbox 3539 4596 3957 4667; x_wconf 80' lang='grc' dir='ltr'>εὖπραγούντων</span> <span class='ocrx_word' id='word_1_701' title='bbox 3992 4598 4067 4668; x_wconf 79' lang='grc' dir='ltr'>μὴ</span> <span class='ocrx_word' id='word_1_702' title='bbox 4100 4597 4501 4668; x_wconf 82' lang='grc' dir='ltr'>καταπλήττου,</span> 
     </span>
    </p>
   </div>
   <div class='ocr_carea' id='block_1_83' title="bbox 1281 4683 3156 4759">
    <p class='ocr_par' dir='ltr' id='par_1_83' title="bbox 1281 4683 3156 4756">
     <span class='ocr_line' id='line_1_83' title="bbox 1281 4683 3156 4756; baseline -0.003 -11"><span class='ocrx_word' id='word_1_703' title='bbox 1281 4695 1621 4751; x_wconf 83' lang='lat' dir='ltr'><strong>lmrnm,nec</strong></span> <span class='ocrx_word' id='word_1_704' title='bbox 1654 4687 1893 4756; x_wconf 79' lang='lat' dir='ltr'><strong>improbe</strong></span> <span class='ocrx_word' id='word_1_705' title='bbox 1943 4693 2184 4754; x_wconf 87' lang='lat' dir='ltr'><strong>agentem</strong></span> <span class='ocrx_word' id='word_1_706' title='bbox 2242 4683 2533 4748; x_wconf 73' lang='lat' dir='ltr'><strong>aemuleris,</strong></span> <span class='ocrx_word' id='word_1_707' title='bbox 2584 4684 2835 4751; x_wconf 87' lang='lat' dir='ltr'><strong>quamvis</strong></span> <span class='ocrx_word' id='word_1_708' title='bbox 2949 4688 3087 4755; x_wconf 70' lang='grc' dir='ltr'>μηδὲ</span> <span class='ocrx_word' id='word_1_709' title='bbox 3131 4690 3156 4750; x_wconf 76' lang='grc' dir='ltr'><em>ζ</em></span> 
     </span>
    </p>
   </div>
   <div class='ocr_carea' id='block_1_84' title="bbox 2625 4683 4500 4759">
    <p class='ocr_par' dir='ltr' id='par_1_84' title="bbox 2625 4684 4500 4759">
     <span class='ocr_line' id='line_1_84' title="bbox 2625 4684 4500 4759; baseline 0.005 -26"><span class='ocrx_word' id='word_1_710' title='bbox 2625 4684 2835 4737; x_wconf 86' lang='lat' dir='ltr'><strong>namvis</strong></span> <span class='ocrx_word' id='word_1_711' title='bbox 2949 4688 3087 4755; x_wconf 69' lang='grc' dir='ltr'>μηδὲ</span> <span class='ocrx_word' id='word_1_712' title='bbox 3131 4688 3380 4759; x_wconf 76' lang='grc' dir='ltr'>ζηλώσῃς</span> <span class='ocrx_word' id='word_1_713' title='bbox 3434 4689 3888 4757; x_wconf 81' lang='grc' dir='ltr'>πονηρευόμενον,</span> <span class='ocrx_word' id='word_1_714' title='bbox 3939 4688 4042 4742; x_wconf 77' lang='grc' dir='ltr'>κᾶν</span> <span class='ocrx_word' id='word_1_715' title='bbox 4104 4688 4500 4758; x_wconf 76' lang='grc' dir='ltr'>Ἀλεξάνδρους.</span> 
     </span>
    </p>
   </div>
   <div class='ocr_carea' id='block_1_85' title="bbox 1283 4774 3158 4848">
    <p class='ocr_par' dir='ltr' id='par_1_85' title="bbox 1283 4774 3158 4847">
     <span class='ocr_line' id='line_1_85' title="bbox 1283 4774 3158 4847; baseline 0.001 -18"><span class='ocrx_word' id='word_1_716' title='bbox 1283 4780 1635 4843; x_wconf 71' lang='grc' dir='ltr'><strong>Λιιξχιιιιάΐοε,</strong></span> <span class='ocrx_word' id='word_1_717' title='bbox 1688 4777 1935 4847; x_wconf 88' lang='lat' dir='ltr'><strong>quamvis</strong></span> <span class='ocrx_word' id='word_1_718' title='bbox 2000 4775 2189 4842; x_wconf 83' lang='lat' dir='ltr'><strong>Cyros,</strong></span> <span class='ocrx_word' id='word_1_719' title='bbox 2248 4776 2498 4845; x_wconf 87' lang='lat' dir='ltr'><strong>quamvis</strong></span> <span class='ocrx_word' id='word_1_720' title='bbox 2571 4774 2834 4835; x_wconf 65' lang='lat' dir='ltr'><strong>Cwsarcs,</strong></span> <span class='ocrx_word' id='word_1_721' title='bbox 2947 4780 3052 4834; x_wconf 78' lang='grc' dir='ltr'>κᾶν</span> <span class='ocrx_word' id='word_1_722' title='bbox 3091 4780 3158 4832; x_wconf 82' lang='grc' dir='ltr'>Κι</span> 
     </span>
    </p>
   </div>
   <div class='ocr_carea' id='block_1_86' title="bbox 2630 4774 4505 4848">
    <p class='ocr_par' dir='ltr' id='par_1_86' title="bbox 2630 4777 4505 4848">
     <span class='ocr_line' id='line_1_86' title="bbox 2630 4777 4505 4848; baseline -0.001 -20"><span class='ocrx_word' id='word_1_723' title='bbox 2630 4790 2834 4835; x_wconf 71' lang='lat' dir='ltr'><strong>csarcs,</strong></span> <span class='ocrx_word' id='word_1_724' title='bbox 2947 4780 3052 4834; x_wconf 78' lang='grc' dir='ltr'>κᾶν</span> <span class='ocrx_word' id='word_1_725' title='bbox 3091 4777 3325 4848; x_wconf 81' lang='grc' dir='ltr'>Κύρους,</span> <span class='ocrx_word' id='word_1_726' title='bbox 3379 4778 3481 4831; x_wconf 79' lang='grc' dir='ltr'>κᾶν</span> <span class='ocrx_word' id='word_1_727' title='bbox 3527 4778 3830 4847; x_wconf 77' lang='grc' dir='ltr'>Καισαρας,</span> <span class='ocrx_word' id='word_1_728' title='bbox 3882 4779 3982 4831; x_wconf 78' lang='grc' dir='ltr'>κᾶν</span> <span class='ocrx_word' id='word_1_729' title='bbox 4018 4778 4178 4831; x_wconf 78' lang='grc' dir='ltr'><strong>πάνθ’</strong></span> <span class='ocrx_word' id='word_1_730' title='bbox 4232 4780 4373 4847; x_wconf 76' lang='grc' dir='ltr'>ὁμοῦ</span> <span class='ocrx_word' id='word_1_731' title='bbox 4420 4780 4505 4830; x_wconf 81' lang='grc' dir='ltr'><strong>τὸν</strong></span> 
     </span>
    </p>
   </div>
   <div class='ocr_carea' id='block_1_87' title="bbox 1283 4856 3158 4951">
    <p class='ocr_par' dir='ltr' id='par_1_87' title="bbox 1283 4866 3158 4951">
     <span class='ocr_line' id='line_1_87' title="bbox 1283 4866 3158 4951; baseline -0.004 -27"><span class='ocrx_word' id='word_1_732' title='bbox 1283 4872 1538 4943; x_wconf 80' lang='lat' dir='ltr'><strong>quamvis</strong></span> <span class='ocrx_word' id='word_1_733' title='bbox 1577 4868 1950 4923; x_wconf 86' lang='lat' dir='ltr'><strong>beatissimum</strong></span> <span class='ocrx_word' id='word_1_734' title='bbox 2010 4880 2283 4935; x_wconf 88' lang='lat' dir='ltr'><strong>quemque</strong></span> <span class='ocrx_word' id='word_1_735' title='bbox 2317 4866 2521 4920; x_wconf 75' lang='lat' dir='ltr'><strong>divitiis</strong></span> <span class='ocrx_word' id='word_1_736' title='bbox 2563 4874 2617 4920; x_wconf 90' lang='lat' dir='ltr'><strong>et</strong></span> <span class='ocrx_word' id='word_1_737' title='bbox 2665 4867 2833 4935; x_wconf 86' lang='lat' dir='ltr'><strong>gloria</strong></span> <span class='ocrx_word' id='word_1_738' title='bbox 2872 4898 2911 4951; x_wconf 68' lang='grc' dir='ltr'>υ</span> <span class='ocrx_word' id='word_1_739' title='bbox 2946 4866 3158 4933; x_wconf 81' lang='grc' dir='ltr'>εύδαίμι</span> 
     </span>
    </p>
   </div>
   <div class='ocr_carea' id='block_1_88' title="bbox 2632 4856 4507 4951">
    <p class='ocr_par' dir='ltr' id='par_1_88' title="bbox 2665 4856 4507 4951">
     <span class='ocr_line' id='line_1_88' title="bbox 2665 4856 4507 4951; baseline 0.001 -34"><span class='ocrx_word' id='word_1_740' title='bbox 2665 4867 2833 4935; x_wconf 88' lang='lat' dir='ltr'><strong>gloria</strong></span> <span class='ocrx_word' id='word_1_741' title='bbox 2872 4898 2911 4951; x_wconf 69' lang='grc' dir='ltr'>υ</span> <span class='ocrx_word' id='word_1_742' title='bbox 2946 4866 3237 4933; x_wconf 78' lang='grc' dir='ltr'>εὐδαίμονα</span> <span class='ocrx_word' id='word_1_743' title='bbox 3257 4865 3500 4936; x_wconf 81' lang='grc' dir='ltr'>παρέλθῃ</span> <span class='ocrx_word' id='word_1_744' title='bbox 3516 4865 3726 4935; x_wconf 83' lang='grc' dir='ltr'>πλούτῳ</span> <span class='ocrx_word' id='word_1_745' title='bbox 3754 4867 3844 4918; x_wconf 73' lang='grc' dir='ltr'>καὶ</span> <span class='ocrx_word' id='word_1_746' title='bbox 3865 4866 4007 4936; x_wconf 80' lang='grc' dir='ltr'><strong>δόξῃ.</strong></span> <span class='ocrx_word' id='word_1_747' title='bbox 4030 4856 4241 4934; x_wconf 54' lang='grc' dir='ltr'>Μηδία</span> <span class='ocrx_word' id='word_1_748' title='bbox 4262 4886 4346 4928; x_wconf 85' lang='grc' dir='ltr'><strong>τις</strong></span> <span class='ocrx_word' id='word_1_749' title='bbox 4373 4869 4507 4935; x_wconf 77' lang='grc' dir='ltr'>ἱερο-</span> 
     </span>
    </p>
   </div>
   <div class='ocr_carea' id='block_1_89' title="bbox 1284 4955 3159 5033">
    <p class='ocr_par' dir='ltr' id='par_1_89' title="bbox 1284 4957 3142 5033">
     <span class='ocr_line' id='line_1_89' title="bbox 1284 4957 3142 5033; baseline -0.005 -16"><span class='ocrx_word' id='word_1_750' title='bbox 1284 4971 1521 5033; x_wconf 80' lang='lat' dir='ltr'><strong>superet.</strong></span> <span class='ocrx_word' id='word_1_751' title='bbox 1557 4961 1664 5015; x_wconf 82' lang='lat' dir='ltr'><strong>Nec</strong></span> <span class='ocrx_word' id='word_1_752' title='bbox 1704 4960 1747 5015; x_wconf 91' lang='lat' dir='ltr'><strong>si</strong></span> <span class='ocrx_word' id='word_1_753' title='bbox 1776 4959 1897 5027; x_wconf 89' lang='lat' dir='ltr'><strong>quis</strong></span> <span class='ocrx_word' id='word_1_754' title='bbox 1923 4958 2246 5027; x_wconf 85' lang='lat' dir='ltr'><strong>sacrilegiis,</strong></span> <span class='ocrx_word' id='word_1_755' title='bbox 2282 4958 2508 5026; x_wconf 89' lang='lat' dir='ltr'><strong>rapinis,</strong></span> <span class='ocrx_word' id='word_1_756' title='bbox 2541 4958 2836 5028; x_wconf 49' lang='lat' dir='ltr'><strong>grassatio.</strong></span> <span class='ocrx_word' id='word_1_757' title='bbox 2946 4957 3142 5017; x_wconf 83' lang='grc' dir='ltr'>συλῶν,</span> 
     </span>
    </p>
   </div>
   <div class='ocr_carea' id='block_1_90' title="bbox 2629 4955 4504 5033">
    <p class='ocr_par' dir='ltr' id='par_1_90' title="bbox 2629 4955 4504 5026">
     <span class='ocr_line' id='line_1_90' title="bbox 2629 4955 4504 5026; baseline -0.001 -17"><span class='ocrx_word' id='word_1_758' title='bbox 2629 4958 2836 5012; x_wconf 70' lang='grc' dir='ltr'>ιεεειιίο-</span> <span class='ocrx_word' id='word_1_759' title='bbox 2946 4957 3142 5017; x_wconf 84' lang='grc' dir='ltr'>συλῶν,</span> <span class='ocrx_word' id='word_1_760' title='bbox 3170 4955 3813 5025; x_wconf 73' lang='grc' dir='ltr'>ἁρπάζων,λωποδυτῶν,</span> <span class='ocrx_word' id='word_1_761' title='bbox 3847 4957 3940 5009; x_wconf 74' lang='grc' dir='ltr'>καὶ</span> <span class='ocrx_word' id='word_1_762' title='bbox 3981 4957 4117 5026; x_wconf 78' lang='grc' dir='ltr'>πρὸς</span> <span class='ocrx_word' id='word_1_763' title='bbox 4145 4956 4245 5025; x_wconf 81' lang='grc' dir='ltr'>μὲν</span> <span class='ocrx_word' id='word_1_764' title='bbox 4272 4959 4334 5009; x_wconf 80' lang='grc' dir='ltr'><strong>τὺ</strong></span> <span class='ocrx_word' id='word_1_765' title='bbox 4358 4959 4504 5010; x_wconf 77' lang='grc' dir='ltr'>Θεῖον</span> 
     </span>
    </p>
   </div>
   <div class='ocr_carea' id='block_1_91' title="bbox 1286 5046 3161 5120">
    <p class='ocr_par' dir='ltr' id='par_1_91' title="bbox 1286 5048 3161 5120">
     <span class='ocr_line' id='line_1_91' title="bbox 1286 5048 3161 5120; baseline -0.005 -12"><span class='ocrx_word' id='word_1_766' title='bbox 1286 5058 1445 5109; x_wconf 85' lang='lat' dir='ltr'><strong>uibus</strong></span> <span class='ocrx_word' id='word_1_767' title='bbox 1490 5053 1727 5117; x_wconf 85' lang='lat' dir='ltr'><strong>infamis,</strong></span> <span class='ocrx_word' id='word_1_768' title='bbox 1785 5050 2141 5120; x_wconf 85' lang='lat' dir='ltr'><strong>Nnminisque</strong></span> <span class='ocrx_word' id='word_1_769' title='bbox 2198 5049 2363 5103; x_wconf 88' lang='lat' dir='ltr'><strong>divini</strong></span> <span class='ocrx_word' id='word_1_770' title='bbox 2414 5060 2739 5113; x_wconf 82' lang='lat' dir='ltr'><strong>contemtor,</strong></span> <span class='ocrx_word' id='word_1_771' title='bbox 2789 5059 2843 5104; x_wconf 88' lang='lat' dir='ltr'><strong>et</strong></span> <span class='ocrx_word' id='word_1_772' title='bbox 2944 5048 3161 5118; x_wconf 72' lang='grc' dir='ltr'>ὀλιγωρι</span> 
     </span>
    </p>
   </div>
   <div class='ocr_carea' id='block_1_92' title="bbox 2627 5046 4502 5120">
    <p class='ocr_par' dir='ltr' id='par_1_92' title="bbox 2634 5046 4502 5118">
     <span class='ocr_line' id='line_1_92' title="bbox 2634 5046 4502 5118; baseline -0.001 -16"><span class='ocrx_word' id='word_1_773' title='bbox 2634 5061 2739 5113; x_wconf 83' lang='lat' dir='ltr'><strong>lor,</strong></span> <span class='ocrx_word' id='word_1_774' title='bbox 2789 5059 2843 5104; x_wconf 88' lang='lat' dir='ltr'><strong>et</strong></span> <span class='ocrx_word' id='word_1_775' title='bbox 2944 5048 3247 5118; x_wconf 79' lang='grc' dir='ltr'>ὀλιγωρῶν,</span> <span class='ocrx_word' id='word_1_776' title='bbox 3275 5049 3356 5111; x_wconf 68' lang='grc' dir='ltr'><strong>εἰς</strong></span> <span class='ocrx_word' id='word_1_777' title='bbox 3379 5048 3435 5100; x_wconf 78' lang='grc' dir='ltr'>δὲ</span> <span class='ocrx_word' id='word_1_778' title='bbox 3451 5048 3573 5110; x_wconf 80' lang='grc' dir='ltr'>τοὺς</span> <span class='ocrx_word' id='word_1_779' title='bbox 3591 5048 3787 5116; x_wconf 79' lang='grc' dir='ltr'>νόμους</span> <span class='ocrx_word' id='word_1_780' title='bbox 3810 5046 4063 5117; x_wconf 77' lang='grc' dir='ltr'>ὑϐρίζων,</span> <span class='ocrx_word' id='word_1_781' title='bbox 4083 5048 4236 5117; x_wconf 76' lang='grc' dir='ltr'>ἄρξει</span> <span class='ocrx_word' id='word_1_782' title='bbox 4260 5049 4502 5109; x_wconf 81' lang='grc' dir='ltr'>Σκυθῶν,</span> 
     </span>
    </p>
   </div>
   <div class='ocr_carea' id='block_1_93' title="bbox 1284 5138 3159 5215">
    <p class='ocr_par' dir='ltr' id='par_1_93' title="bbox 1284 5138 3159 5215">
     <span class='ocr_line' id='line_1_93' title="bbox 1284 5138 3159 5215; baseline -0.005 -15"><span class='ocrx_word' id='word_1_783' title='bbox 1284 5148 1512 5201; x_wconf 78' lang='lat' dir='ltr'><strong>violator</strong></span> <span class='ocrx_word' id='word_1_784' title='bbox 1541 5145 1738 5215; x_wconf 83' lang='lat' dir='ltr'><strong>legum.</strong></span> <span class='ocrx_word' id='word_1_785' title='bbox 1770 5140 1985 5213; x_wconf 75' lang='lat' dir='ltr'><strong>Scythis</strong></span> <span class='ocrx_word' id='word_1_786' title='bbox 2007 5142 2368 5211; x_wconf 86' lang='lat' dir='ltr'><strong>imperaverit.</strong></span> <span class='ocrx_word' id='word_1_787' title='bbox 2400 5158 2463 5195; x_wconf 82' lang='lat' dir='ltr'><strong>ac</strong></span> <span class='ocrx_word' id='word_1_788' title='bbox 2496 5143 2657 5195; x_wconf 78' lang='lat' dir='ltr'><strong>totius</strong></span> <span class='ocrx_word' id='word_1_789' title='bbox 2688 5142 2838 5195; x_wconf 89' lang='lat' dir='ltr'><strong>orbis</strong></span> <span class='ocrx_word' id='word_1_790' title='bbox 2946 5138 3098 5209; x_wconf 80' lang='grc' dir='ltr'>ἄρξει</span> <span class='ocrx_word' id='word_1_791' title='bbox 3124 5159 3159 5192; x_wconf 84' lang='grc' dir='ltr'><strong>π</strong></span> 
     </span>
    </p>
   </div>
   <div class='ocr_carea' id='block_1_94' title="bbox 2629 5138 4504 5215">
    <p class='ocr_par' dir='ltr' id='par_1_94' title="bbox 2636 5138 4504 5209">
     <span class='ocr_line' id='line_1_94' title="bbox 2636 5138 4504 5209; baseline -0.001 -16"><span class='ocrx_word' id='word_1_792' title='bbox 2636 5158 2657 5193; x_wconf 80' lang='lat' dir='ltr'><strong>s</strong></span> <span class='ocrx_word' id='word_1_793' title='bbox 2688 5142 2838 5195; x_wconf 88' lang='lat' dir='ltr'><strong>orbis</strong></span> <span class='ocrx_word' id='word_1_794' title='bbox 2946 5138 3098 5209; x_wconf 81' lang='grc' dir='ltr'>ἄρξει</span> <span class='ocrx_word' id='word_1_795' title='bbox 3124 5139 3377 5208; x_wconf 83' lang='grc' dir='ltr'>περάτων</span> <span class='ocrx_word' id='word_1_796' title='bbox 3407 5140 3589 5205; x_wconf 81' lang='grc' dir='ltr'>πάσης</span> <span class='ocrx_word' id='word_1_797' title='bbox 3625 5138 3966 5209; x_wconf 80' lang='grc' dir='ltr'>οἰκουμένης,</span> <span class='ocrx_word' id='word_1_798' title='bbox 4008 5140 4186 5206; x_wconf 79' lang='grc' dir='ltr'>πάσης</span> <span class='ocrx_word' id='word_1_799' title='bbox 4225 5143 4504 5209; x_wconf 74' lang='grc' dir='ltr'>ἀοικήτου,</span> 
     </span>
    </p>
   </div>
   <div class='ocr_carea' id='block_1_95' title="bbox 1286 5217 3161 5307">
    <p class='ocr_par' dir='ltr' id='par_1_95' title="bbox 1286 5228 3161 5300">
     <span class='ocr_line' id='line_1_95' title="bbox 1286 5228 3161 5300; baseline -0.004 -11"><span class='ocrx_word' id='word_1_800' title='bbox 1286 5237 1537 5300; x_wconf 72' lang='lat' dir='ltr'><strong>baliitati,</strong></span> <span class='ocrx_word' id='word_1_801' title='bbox 1564 5235 1729 5288; x_wconf 84' lang='lat' dir='ltr'><strong>totius</strong></span> <span class='ocrx_word' id='word_1_802' title='bbox 1758 5233 2128 5286; x_wconf 84' lang='lat' dir='ltr'><strong>inhabitabilis</strong></span> <span class='ocrx_word' id='word_1_803' title='bbox 2163 5233 2296 5287; x_wconf 86' lang='lat' dir='ltr'><strong>lines</strong></span> <span class='ocrx_word' id='word_1_804' title='bbox 2353 5232 2407 5286; x_wconf 88' lang='lat' dir='ltr'><strong>in</strong></span> <span class='ocrx_word' id='word_1_805' title='bbox 2452 5232 2714 5286; x_wconf 85' lang='lat' dir='ltr'><strong>ditionem</strong></span> <span class='ocrx_word' id='word_1_806' title='bbox 2754 5247 2840 5285; x_wconf 86' lang='lat' dir='ltr'><strong>re-</strong></span> <span class='ocrx_word' id='word_1_807' title='bbox 2947 5228 3161 5298; x_wconf 83' lang='grc' dir='ltr'>θαυμαο</span> 
     </span>
    </p>
   </div>
   <div class='ocr_carea' id='block_1_96' title="bbox 2629 5217 4504 5307">
    <p class='ocr_par' dir='ltr' id='par_1_96' title="bbox 2630 5217 4504 5307">
     <span class='ocr_line' id='line_1_96' title="bbox 2630 5217 4504 5307; baseline -0.002 -21"><span class='ocrx_word' id='word_1_808' title='bbox 2630 5248 2714 5286; x_wconf 90' lang='lat' dir='ltr'><strong>em</strong></span> <span class='ocrx_word' id='word_1_809' title='bbox 2754 5247 2840 5285; x_wconf 86' lang='lat' dir='ltr'><strong>re-</strong></span> <span class='ocrx_word' id='word_1_810' title='bbox 2947 5228 3261 5298; x_wconf 85' lang='grc' dir='ltr'>θαυμαστός</span> <span class='ocrx_word' id='word_1_811' title='bbox 3287 5245 3368 5281; x_wconf 85' lang='grc' dir='ltr'><strong>σοι</strong></span> <span class='ocrx_word' id='word_1_812' title='bbox 3397 5217 3762 5299; x_wconf 77' lang='grc' dir='ltr'>φαινέσθωτῷ</span> <span class='ocrx_word' id='word_1_813' title='bbox 3782 5232 3880 5299; x_wconf 80' lang='grc' dir='ltr'>τῆς</span> <span class='ocrx_word' id='word_1_814' title='bbox 3904 5230 4078 5307; x_wconf 78' lang='grc' dir='ltr'>ἀρχῆς</span> <span class='ocrx_word' id='word_1_815' title='bbox 4099 5230 4268 5300; x_wconf 81' lang='grc' dir='ltr'>δγκῳ.</span> <span class='ocrx_word' id='word_1_816' title='bbox 4298 5233 4378 5284; x_wconf 80' lang='grc' dir='ltr'><strong>Οὐ</strong></span> <span class='ocrx_word' id='word_1_817' title='bbox 4406 5233 4504 5301; x_wconf 72' lang='grc' dir='ltr'><strong>γὰρ</strong></span> 
     </span>
    </p>
   </div>
   <div class='ocr_carea' id='block_1_97' title="bbox 1283 5320 3158 5398">
    <p class='ocr_par' dir='ltr' id='par_1_97' title="bbox 1283 5320 3158 5398">
     <span class='ocr_line' id='line_1_97' title="bbox 1283 5320 3158 5398; baseline -0.005 -16"><span class='ocrx_word' id='word_1_818' title='bbox 1283 5328 1511 5398; x_wconf 81' lang='lat' dir='ltr'><strong>degerit,</strong></span> <span class='ocrx_word' id='word_1_819' title='bbox 1562 5326 1631 5380; x_wconf 87' lang='lat' dir='ltr'><strong>ob</strong></span> <span class='ocrx_word' id='word_1_820' title='bbox 1682 5322 1888 5391; x_wconf 89' lang='lat' dir='ltr'><strong>imperii</strong></span> <span class='ocrx_word' id='word_1_821' title='bbox 1924 5321 2117 5376; x_wconf 89' lang='lat' dir='ltr'><strong>molem</strong></span> <span class='ocrx_word' id='word_1_822' title='bbox 2148 5321 2485 5376; x_wconf 86' lang='lat' dir='ltr'><strong>admirabilis</strong></span> <span class='ocrx_word' id='word_1_823' title='bbox 2524 5321 2618 5374; x_wconf 92' lang='lat' dir='ltr'><strong>tibi</strong></span> <span class='ocrx_word' id='word_1_824' title='bbox 2653 5320 2837 5373; x_wconf 88' lang='lat' dir='ltr'><strong>videa-</strong></span> <span class='ocrx_word' id='word_1_825' title='bbox 2948 5321 3158 5389; x_wconf 77' lang='grc' dir='ltr'>εὐδαίμι</span> 
     </span>
    </p>
   </div>
   <div class='ocr_carea' id='block_1_98' title="bbox 2629 5320 4504 5398">
    <p class='ocr_par' dir='ltr' id='par_1_98' title="bbox 2653 5320 4504 5391">
     <span class='ocr_line' id='line_1_98' title="bbox 2653 5320 4504 5391; baseline 0.001 -18"><span class='ocrx_word' id='word_1_826' title='bbox 2653 5320 2837 5373; x_wconf 82' lang='lat' dir='ltr'><strong>videa-</strong></span> <span class='ocrx_word' id='word_1_827' title='bbox 2948 5321 3236 5389; x_wconf 77' lang='grc' dir='ltr'>εὐδαίμων,</span> <span class='ocrx_word' id='word_1_828' title='bbox 3269 5322 3370 5373; x_wconf 77' lang='grc' dir='ltr'>οὐκ</span> <span class='ocrx_word' id='word_1_829' title='bbox 3404 5321 3608 5391; x_wconf 82' lang='grc' dir='ltr'>ἄρχων,</span> <span class='ocrx_word' id='word_1_830' title='bbox 3650 5322 3709 5373; x_wconf 70' lang='grc' dir='ltr'>οὗ</span> <span class='ocrx_word' id='word_1_831' title='bbox 3766 5321 4038 5390; x_wconf 78' lang='grc' dir='ltr'>βασιλεὺς,</span> <span class='ocrx_word' id='word_1_832' title='bbox 4065 5323 4163 5374; x_wconf 82' lang='grc' dir='ltr'>οὐκ</span> <span class='ocrx_word' id='word_1_833' title='bbox 4222 5323 4504 5391; x_wconf 74' lang='grc' dir='ltr'>ἄνθρωπος</span> 
     </span>
    </p>
   </div>
   <div class='ocr_carea' id='block_1_99' title="bbox 1283 5410 3158 5482">
    <p class='ocr_par' dir='ltr' id='par_1_99' title="bbox 1283 5411 3158 5482">
     <span class='ocr_line' id='line_1_99' title="bbox 1283 5411 3158 5482; baseline -0.005 -12"><span class='ocrx_word' id='word_1_834' title='bbox 1283 5428 1391 5471; x_wconf 88' lang='lat' dir='ltr'><strong>tur.</strong></span> <span class='ocrx_word' id='word_1_835' title='bbox 1424 5414 1536 5469; x_wconf 85' lang='lat' dir='ltr'><strong>Non</strong></span> <span class='ocrx_word' id='word_1_836' title='bbox 1563 5416 1704 5469; x_wconf 83' lang='lat' dir='ltr'><strong>enim</strong></span> <span class='ocrx_word' id='word_1_837' title='bbox 1738 5415 1825 5469; x_wconf 90' lang='lat' dir='ltr'><strong>ille</strong></span> <span class='ocrx_word' id='word_1_838' title='bbox 1861 5414 2054 5467; x_wconf 89' lang='lat' dir='ltr'><strong>beatus</strong></span> <span class='ocrx_word' id='word_1_839' title='bbox 2099 5421 2200 5477; x_wconf 90' lang='lat' dir='ltr'><strong>est,</strong></span> <span class='ocrx_word' id='word_1_840' title='bbox 2262 5428 2369 5465; x_wconf 89' lang='lat' dir='ltr'><strong>non</strong></span> <span class='ocrx_word' id='word_1_841' title='bbox 2404 5413 2679 5482; x_wconf 89' lang='lat' dir='ltr'><strong>princeps,</strong></span> <span class='ocrx_word' id='word_1_842' title='bbox 2730 5426 2837 5465; x_wconf 91' lang='lat' dir='ltr'><strong>non</strong></span> <span class='ocrx_word' id='word_1_843' title='bbox 2949 5411 3158 5479; x_wconf 81' lang='grc' dir='ltr'>ἀληθῶς</span> 
     </span>
    </p>
   </div>
   <div class='ocr_carea' id='block_1_100' title="bbox 2629 5410 4504 5482">
    <p class='ocr_par' dir='ltr' id='par_1_100' title="bbox 2633 5410 4504 5479">
     <span class='ocr_line' id='line_1_100' title="bbox 2633 5410 4504 5479; baseline -0.001 -14"><span class='ocrx_word' id='word_1_844' title='bbox 2633 5428 2679 5477; x_wconf 91' lang='lat' dir='ltr'><strong>s,</strong></span> <span class='ocrx_word' id='word_1_845' title='bbox 2730 5426 2837 5465; x_wconf 89' lang='lat' dir='ltr'><strong>non</strong></span> <span class='ocrx_word' id='word_1_846' title='bbox 2949 5411 3185 5479; x_wconf 81' lang='grc' dir='ltr'>ἀληθῶς,</span> <span class='ocrx_word' id='word_1_847' title='bbox 3219 5410 3318 5464; x_wconf 79' lang='grc' dir='ltr'>κᾶν</span> <span class='ocrx_word' id='word_1_848' title='bbox 3348 5412 3489 5473; x_wconf 81' lang='grc' dir='ltr'>ἆπας</span> <span class='ocrx_word' id='word_1_849' title='bbox 3523 5412 3690 5476; x_wconf 71' lang='grc' dir='ltr'>λίθος,</span> <span class='ocrx_word' id='word_1_850' title='bbox 3724 5413 3825 5465; x_wconf 83' lang='grc' dir='ltr'><strong>κᾶν</strong></span> <span class='ocrx_word' id='word_1_851' title='bbox 3851 5413 3996 5465; x_wconf 79' lang='grc' dir='ltr'>ἇπαν</span> <span class='ocrx_word' id='word_1_852' title='bbox 4030 5412 4185 5475; x_wconf 80' lang='grc' dir='ltr'>ζῶον,</span> <span class='ocrx_word' id='word_1_853' title='bbox 4223 5415 4330 5465; x_wconf 67' lang='grc' dir='ltr'>κᾶν</span> <span class='ocrx_word' id='word_1_854' title='bbox 4364 5417 4504 5467; x_wconf 75' lang='grc' dir='ltr'>πᾶσι</span> 
     </span>
    </p>
   </div>
   <div class='ocr_carea' id='block_1_101' title="bbox 1282 5501 3157 5573">
    <p class='ocr_par' dir='ltr' id='par_1_101' title="bbox 1282 5501 3157 5573">
     <span class='ocr_line' id='line_1_101' title="bbox 1282 5501 3157 5573; baseline -0.003 -15"><span class='ocrx_word' id='word_1_855' title='bbox 1282 5522 1399 5569; x_wconf 79' lang='lat' dir='ltr'><strong>rex,</strong></span> <span class='ocrx_word' id='word_1_856' title='bbox 1424 5522 1527 5559; x_wconf 89' lang='lat' dir='ltr'><strong>non</strong></span> <span class='ocrx_word' id='word_1_857' title='bbox 1567 5519 1753 5573; x_wconf 82' lang='lat' dir='ltr'><strong>reapse</strong></span> <span class='ocrx_word' id='word_1_858' title='bbox 1782 5504 1937 5557; x_wconf 84' lang='lat' dir='ltr'><strong>homo</strong></span> <span class='ocrx_word' id='word_1_859' title='bbox 1962 5542 1979 5568; x_wconf 93' lang='lat'><strong>,</strong></span> <span class='ocrx_word' id='word_1_860' title='bbox 2012 5504 2132 5557; x_wconf 90' lang='lat' dir='ltr'><strong>licet</strong></span> <span class='ocrx_word' id='word_1_861' title='bbox 2164 5503 2213 5555; x_wconf 92' lang='lat' dir='ltr'><strong>id</strong></span> <span class='ocrx_word' id='word_1_862' title='bbox 2240 5503 2417 5556; x_wconf 92' lang='lat' dir='ltr'><strong>omnis</strong></span> <span class='ocrx_word' id='word_1_863' title='bbox 2474 5502 2629 5571; x_wconf 89' lang='lat' dir='ltr'><strong>lapis,</strong></span> <span class='ocrx_word' id='word_1_864' title='bbox 2684 5515 2843 5554; x_wconf 90' lang='lat' dir='ltr'><strong>omne</strong></span> <span class='ocrx_word' id='word_1_865' title='bbox 2953 5501 3157 5567; x_wconf 78' lang='grc' dir='ltr'>φύσιςό</span> 
     </span>
    </p>
   </div>
   <div class='ocr_carea' id='block_1_102' title="bbox 2634 5501 4509 5573">
    <p class='ocr_par' dir='ltr' id='par_1_102' title="bbox 2684 5501 4509 5573">
     <span class='ocr_line' id='line_1_102' title="bbox 2684 5501 4509 5573; baseline 0 -19"><span class='ocrx_word' id='word_1_866' title='bbox 2684 5515 2843 5554; x_wconf 87' lang='lat' dir='ltr'><strong>omne</strong></span> <span class='ocrx_word' id='word_1_867' title='bbox 2953 5501 3111 5567; x_wconf 77' lang='grc' dir='ltr'>φύσις</span> <span class='ocrx_word' id='word_1_868' title='bbox 3136 5501 3459 5571; x_wconf 78' lang='grc' dir='ltr'>ἀνθρώπων,</span> <span class='ocrx_word' id='word_1_869' title='bbox 3484 5505 3592 5556; x_wconf 79' lang='grc' dir='ltr'><strong>πᾶν</strong></span> <span class='ocrx_word' id='word_1_870' title='bbox 3623 5504 3866 5571; x_wconf 79' lang='grc' dir='ltr'>ἔμψυχόν</span> <span class='ocrx_word' id='word_1_871' title='bbox 3890 5520 3945 5556; x_wconf 81' lang='grc' dir='ltr'><strong>τε</strong></span> <span class='ocrx_word' id='word_1_872' title='bbox 3972 5505 4066 5557; x_wconf 78' lang='grc' dir='ltr'>καὶ</span> <span class='ocrx_word' id='word_1_873' title='bbox 4096 5505 4327 5573; x_wconf 58' lang='grc' dir='ltr'>ἄψυχον,</span> <span class='ocrx_word' id='word_1_874' title='bbox 4356 5506 4509 5558; x_wconf 80' lang='grc' dir='ltr'>τοῦτο</span> 
     </span>
    </p>
   </div>
   <div class='ocr_carea' id='block_1_103' title="bbox 1285 5593 3160 5664">
    <p class='ocr_par' dir='ltr' id='par_1_103' title="bbox 1285 5593 3155 5663">
     <span class='ocr_line' id='line_1_103' title="bbox 1285 5593 3155 5663; baseline -0.002 -14"><span class='ocrx_word' id='word_1_875' title='bbox 1285 5598 1506 5660; x_wconf 88' lang='lat' dir='ltr'><strong>animal,</strong></span> <span class='ocrx_word' id='word_1_876' title='bbox 1537 5596 1717 5650; x_wconf 87' lang='lat' dir='ltr'><strong>omnis</strong></span> <span class='ocrx_word' id='word_1_877' title='bbox 1779 5595 2056 5649; x_wconf 88' lang='lat' dir='ltr'><strong>hominum</strong></span> <span class='ocrx_word' id='word_1_878' title='bbox 2112 5604 2323 5658; x_wconf 85' lang='lat' dir='ltr'><strong>natura,</strong></span> <span class='ocrx_word' id='word_1_879' title='bbox 2374 5594 2604 5662; x_wconf 80' lang='lat' dir='ltr'><strong>quodvis</strong></span> <span class='ocrx_word' id='word_1_880' title='bbox 2640 5593 2846 5646; x_wconf 82' lang='lat' dir='ltr'><strong>anima-</strong></span> <span class='ocrx_word' id='word_1_881' title='bbox 2956 5597 3111 5663; x_wconf 80' lang='grc' dir='ltr'>φαῖεν</span> <span class='ocrx_word' id='word_1_882' title='bbox 3143 5611 3155 5623; x_wconf 90' lang='grc'>·</span> 
     </span>
    </p>
   </div>
   <div class='ocr_carea' id='block_1_104' title="bbox 2632 5593 4507 5664">
    <p class='ocr_par' dir='ltr' id='par_1_104' title="bbox 2640 5593 4507 5664">
     <span class='ocr_line' id='line_1_104' title="bbox 2640 5593 4507 5664; baseline 0 -18"><span class='ocrx_word' id='word_1_883' title='bbox 2640 5593 2846 5646; x_wconf 78' lang='lat' dir='ltr'><strong>anitna-</strong></span> <span class='ocrx_word' id='word_1_884' title='bbox 2956 5597 3111 5663; x_wconf 80' lang='grc' dir='ltr'>φαῖεν</span> <span class='ocrx_word' id='word_1_885' title='bbox 3143 5611 3155 5623; x_wconf 86' lang='grc'><em>’</em></span> <span class='ocrx_word' id='word_1_886' title='bbox 3189 5594 3324 5647; x_wconf 71' lang='grc' dir='ltr'>ἀλλὰ</span> <span class='ocrx_word' id='word_1_887' title='bbox 3354 5597 3451 5663; x_wconf 78' lang='grc' dir='ltr'>τῆς</span> <span class='ocrx_word' id='word_1_888' title='bbox 3502 5596 3599 5664; x_wconf 77' lang='grc' dir='ltr'><strong>μὲν</strong></span> <span class='ocrx_word' id='word_1_889' title='bbox 3639 5597 3884 5661; x_wconf 74' lang='grc' dir='ltr'>ἔξουσίας</span> <span class='ocrx_word' id='word_1_890' title='bbox 3913 5596 3979 5648; x_wconf 77' lang='grc' dir='ltr'>ἂν</span> <span class='ocrx_word' id='word_1_891' title='bbox 4025 5596 4107 5663; x_wconf 88' lang='grc' dir='ltr'><strong>εῖη</strong></span> <span class='ocrx_word' id='word_1_892' title='bbox 4138 5597 4231 5647; x_wconf 72' lang='grc' dir='ltr'>καὶ</span> <span class='ocrx_word' id='word_1_893' title='bbox 4261 5598 4372 5648; x_wconf 85' lang='grc' dir='ltr'><strong>τῶν</strong></span> <span class='ocrx_word' id='word_1_894' title='bbox 4427 5598 4507 5649; x_wconf 74' lang='grc' dir='ltr'><strong>ἐπὶ</strong></span> 
     </span>
    </p>
   </div>
   <div class='ocr_carea' id='block_1_105' title="bbox 1291 5683 3166 5757">
    <p class='ocr_par' dir='ltr' id='par_1_105' title="bbox 1291 5683 3166 5754">
     <span class='ocr_line' id='line_1_105' title="bbox 1291 5683 3166 5754; baseline -0.002 -13"><span class='ocrx_word' id='word_1_895' title='bbox 1291 5698 1403 5741; x_wconf 91' lang='lat' dir='ltr'><strong>tum</strong></span> <span class='ocrx_word' id='word_1_896' title='bbox 1443 5696 1495 5740; x_wconf 90' lang='lat' dir='ltr'><strong>et</strong></span> <span class='ocrx_word' id='word_1_897' title='bbox 1525 5687 1761 5740; x_wconf 89' lang='lat' dir='ltr'><strong>inanime</strong></span> <span class='ocrx_word' id='word_1_898' title='bbox 1791 5686 1962 5741; x_wconf 90' lang='lat' dir='ltr'><strong>dicat:</strong></span> <span class='ocrx_word' id='word_1_899' title='bbox 1989 5686 2079 5740; x_wconf 89' lang='lat' dir='ltr'><strong>sed</strong></span> <span class='ocrx_word' id='word_1_900' title='bbox 2114 5693 2434 5754; x_wconf 88' lang='lat' dir='ltr'><strong>potestatem</strong></span> <span class='ocrx_word' id='word_1_901' title='bbox 2462 5683 2606 5751; x_wconf 86' lang='lat' dir='ltr'><strong>quod</strong></span> <span class='ocrx_word' id='word_1_902' title='bbox 2632 5684 2843 5746; x_wconf 86' lang='lat' dir='ltr'><strong>attinet,</strong></span> <span class='ocrx_word' id='word_1_903' title='bbox 2952 5686 3049 5753; x_wconf 78' lang='grc' dir='ltr'>τῆς</span> <span class='ocrx_word' id='word_1_904' title='bbox 3071 5702 3166 5752; x_wconf 85' lang='grc' dir='ltr'><strong>σκη</strong></span> 
     </span>
    </p>
   </div>
   <div class='ocr_carea' id='block_1_106' title="bbox 2633 5683 4508 5757">
    <p class='ocr_par' dir='ltr' id='par_1_106' title="bbox 2633 5684 4508 5757">
     <span class='ocr_line' id='line_1_106' title="bbox 2633 5684 4508 5757; baseline 0.001 -21"><span class='ocrx_word' id='word_1_905' title='bbox 2633 5684 2843 5746; x_wconf 85' lang='lat' dir='ltr'><strong>attinet,</strong></span> <span class='ocrx_word' id='word_1_906' title='bbox 2952 5686 3049 5753; x_wconf 78' lang='grc' dir='ltr'>τῆς</span> <span class='ocrx_word' id='word_1_907' title='bbox 3071 5685 3274 5752; x_wconf 80' lang='grc' dir='ltr'>σκηνῆς</span> <span class='ocrx_word' id='word_1_908' title='bbox 3306 5687 3745 5754; x_wconf 56' lang='grc' dir='ltr'>ὑποκμνομένων</span> <span class='ocrx_word' id='word_1_909' title='bbox 3770 5687 3937 5753; x_wconf 76' lang='grc' dir='ltr'>αὐτὴν</span> <span class='ocrx_word' id='word_1_910' title='bbox 3960 5686 4134 5754; x_wconf 84' lang='grc' dir='ltr'>πολλῴ</span> <span class='ocrx_word' id='word_1_911' title='bbox 4152 5686 4508 5757; x_wconf 83' lang='grc' dir='ltr'>γελοιότερος,</span> 
     </span>
    </p>
   </div>
   <div class='ocr_carea' id='block_1_107' title="bbox 1286 5774 3161 5848">
    <p class='ocr_par' dir='ltr' id='par_1_107' title="bbox 1286 5778 3135 5848">
     <span class='ocr_line' id='line_1_107' title="bbox 1286 5778 3135 5848; baseline -0.002 -16"><span class='ocrx_word' id='word_1_912' title='bbox 1286 5780 1458 5848; x_wconf 77' lang='lat' dir='ltr'><strong>magis</strong></span> <span class='ocrx_word' id='word_1_913' title='bbox 1489 5791 1569 5834; x_wconf 90' lang='lat' dir='ltr'><strong>cst</strong></span> <span class='ocrx_word' id='word_1_914' title='bbox 1594 5780 1661 5833; x_wconf 84' lang='lat' dir='ltr'><strong>iis</strong></span> <span class='ocrx_word' id='word_1_915' title='bbox 1684 5794 1897 5848; x_wconf 88' lang='lat' dir='ltr'><strong>quoque</strong></span> <span class='ocrx_word' id='word_1_916' title='bbox 1937 5778 2221 5842; x_wconf 86' lang='lat' dir='ltr'><strong>ridiculus,</strong></span> <span class='ocrx_word' id='word_1_917' title='bbox 2259 5778 2350 5846; x_wconf 90' lang='lat' dir='ltr'><strong>qui</strong></span> <span class='ocrx_word' id='word_1_918' title='bbox 2383 5778 2686 5844; x_wconf 85' lang='lat' dir='ltr'><strong>principum</strong></span> <span class='ocrx_word' id='word_1_919' title='bbox 2724 5792 2850 5843; x_wconf 85' lang='lat' dir='ltr'><strong>per-</strong></span> <span class='ocrx_word' id='word_1_920' title='bbox 2956 5780 3052 5845; x_wconf 72' lang='grc' dir='ltr'>τῆς</span> <span class='ocrx_word' id='word_1_921' title='bbox 3084 5778 3135 5829; x_wconf 81' lang='grc' dir='ltr'>δὲ</span> 
     </span>
    </p>
   </div>
   <div class='ocr_carea' id='block_1_108' title="bbox 2632 5774 4507 5848">
    <p class='ocr_par' dir='ltr' id='par_1_108' title="bbox 2640 5774 4507 5846">
     <span class='ocr_line' id='line_1_108' title="bbox 2640 5774 4507 5846; baseline -0.002 -19"><span class='ocrx_word' id='word_1_922' title='bbox 2640 5791 2686 5827; x_wconf 84' lang='grc' dir='ltr'><strong>ιιι</strong></span> <span class='ocrx_word' id='word_1_923' title='bbox 2724 5792 2850 5843; x_wconf 82' lang='lat' dir='ltr'><strong>per-</strong></span> <span class='ocrx_word' id='word_1_924' title='bbox 2956 5780 3052 5845; x_wconf 72' lang='grc' dir='ltr'>τῆς</span> <span class='ocrx_word' id='word_1_925' title='bbox 3084 5778 3135 5829; x_wconf 80' lang='grc' dir='ltr'>δὲ</span> <span class='ocrx_word' id='word_1_926' title='bbox 3170 5777 3314 5845; x_wconf 74' lang='grc' dir='ltr'>ζωῆς</span> <span class='ocrx_word' id='word_1_927' title='bbox 3344 5774 3726 5846; x_wconf 80' lang='grc' dir='ltr'>σχετλιώτερος</span> <span class='ocrx_word' id='word_1_928' title='bbox 3756 5776 3862 5828; x_wconf 83' lang='grc' dir='ltr'><strong>τῶν</strong></span> <span class='ocrx_word' id='word_1_929' title='bbox 3897 5777 4070 5845; x_wconf 75' lang='grc' dir='ltr'>λέπρα</span> <span class='ocrx_word' id='word_1_930' title='bbox 4095 5780 4184 5827; x_wconf 70' lang='grc' dir='ltr'>καὶ</span> <span class='ocrx_word' id='word_1_931' title='bbox 4208 5776 4358 5845; x_wconf 76' lang='grc' dir='ltr'><strong>λώϐῃ</strong></span> <span class='ocrx_word' id='word_1_932' title='bbox 4383 5792 4507 5829; x_wconf 80' lang='grc' dir='ltr'>κατ-</span> 
     </span>
    </p>
   </div>
   <div class='ocr_carea' id='block_1_109' title="bbox 1287 5866 3162 5938">
    <p class='ocr_par' dir='ltr' id='par_1_109' title="bbox 1287 5867 3162 5938">
     <span class='ocr_line' id='line_1_109' title="bbox 1287 5867 3162 5938; baseline -0.003 -14"><span class='ocrx_word' id='word_1_933' title='bbox 1287 5884 1449 5924; x_wconf 80' lang='lat' dir='ltr'><strong>souas</strong></span> <span class='ocrx_word' id='word_1_934' title='bbox 1504 5871 1555 5924; x_wconf 93' lang='lat' dir='ltr'><strong>in</strong></span> <span class='ocrx_word' id='word_1_935' title='bbox 1610 5884 1771 5925; x_wconf 85' lang='lat' dir='ltr'><strong>scena</strong></span> <span class='ocrx_word' id='word_1_936' title='bbox 1829 5873 2129 5925; x_wconf 81' lang='lat' dir='ltr'><strong>sustinent:</strong></span> <span class='ocrx_word' id='word_1_937' title='bbox 2183 5869 2327 5938; x_wconf 82' lang='lat' dir='ltr'><strong>quod</strong></span> <span class='ocrx_word' id='word_1_938' title='bbox 2364 5867 2547 5930; x_wconf 83' lang='lat' dir='ltr'><strong>vitam,</strong></span> <span class='ocrx_word' id='word_1_939' title='bbox 2599 5867 2845 5921; x_wconf 73' lang='lat' dir='ltr'><strong>miserior</strong></span> <span class='ocrx_word' id='word_1_940' title='bbox 2956 5870 3162 5938; x_wconf 72' lang='grc' dir='ltr'>εχομέιιι</span> 
     </span>
    </p>
   </div>
   <div class='ocr_carea' id='block_1_110' title="bbox 2635 5866 4510 5938">
    <p class='ocr_par' dir='ltr' id='par_1_110' title="bbox 2635 5866 4510 5938">
     <span class='ocr_line' id='line_1_110' title="bbox 2635 5866 4510 5938; baseline -0.003 -17"><span class='ocrx_word' id='word_1_941' title='bbox 2635 5867 2845 5921; x_wconf 79' lang='lat' dir='ltr'><strong>tiscrior</strong></span> <span class='ocrx_word' id='word_1_942' title='bbox 2956 5870 3249 5938; x_wconf 75' lang='grc' dir='ltr'>εχομέ-ιων.</span> <span class='ocrx_word' id='word_1_943' title='bbox 3302 5869 3421 5919; x_wconf 79' lang='grc' dir='ltr'>Οἵδε</span> <span class='ocrx_word' id='word_1_944' title='bbox 3465 5868 3570 5936; x_wconf 71' lang='grc' dir='ltr'>γὰρ</span> <span class='ocrx_word' id='word_1_945' title='bbox 3604 5867 3961 5934; x_wconf 78' lang='grc' dir='ltr'>θρηνούμενοί</span> <span class='ocrx_word' id='word_1_946' title='bbox 4019 5882 4078 5917; x_wconf 84' lang='grc' dir='ltr'><strong>τε</strong></span> <span class='ocrx_word' id='word_1_947' title='bbox 4129 5866 4219 5918; x_wconf 77' lang='grc' dir='ltr'>καὶ</span> <span class='ocrx_word' id='word_1_948' title='bbox 4252 5866 4356 5919; x_wconf 78' lang='grc' dir='ltr'>οὐκ</span> <span class='ocrx_word' id='word_1_949' title='bbox 4395 5868 4510 5918; x_wconf 77' lang='grc' dir='ltr'>ἑπι-</span> 
     </span>
    </p>
   </div>
  </div>
