4748 6512
223 477 331 531 Eb?)

1174 431 1577 525 remeam
1609 452 2129 523 EDUCATIONIS
2164 463 2447 525 naeus.

1569 509 1577 523 .
1609 452 2129 523 EDUCATIONIS
2164 463 2447 525 REGI/E.
3345 464 3444 525 {(36

222 579 523 651 τιμώμενοι
543 598 558 616 ο
591 582 619 635 ὁ
648 582 705 635 δὲ
736 580 958 644 δικαίως
995 580 1322 650 μισούμενός
1339 595 1395 631 τε
1427 580 1519 651 καὶ
1541 578 1786 647 συριττόο
1818 584 1861 639 Α
1892 576 2097 631 infecti:

1573 578 1786 647 υριττόο
1818 584 1861 639 Α
1892 576 2106 631 infectis
2128 576 2292 641 lepra.
2328 573 2461 630 Nam
2484 576 2674 630 borum
2697 590 2823 630 sane
2850 590 2968 631 sors
2992 576 3262 648 deplorari
3284 578 3445 641 solet,

226 690 412 743 iuva:-

994 850 1067 904 B'.

948 853 1067 906 OB'.

311 944 373 998 '0
403 945 515 1006 τοῖς
536 941 763 1009 ἀγαθοῖς
795 940 969 994 συνὼν
999 941 1183 1010 ἀγαθά
1221 941 1533 1012 πορίζετατο
1567 943 1595 995 δ
1616 942 1673 994 δὲ
1702 958 1787 1011 μισ

1889 680 1995 719 non
2028 668 2378 733 reprehendi:
2413 676 2466 722 at
2496 667 2642 722 illum
2668 667 2807 723 odiis
2830 666 3022 722 merito
3042 680 3447 739 persequentes.

1887 757 2249 827 explodimus.

2564 848 2772 903 ωωιιι.

1959 940 2111 996 Licet
2163 941 2253 1004 ei,
2316 940 2409 1009 qui
2457 955 2580 995 cum
2619 943 2775 996 bonis
2827 949 3101 1008 versatur,
3166 943 3451 1014 acquirere

225 1030 497 1104 fvdpzvo;
529 1036 721 1095 κακοῖς
744 1032 835 1086 καὶ
868 1033 961 1085 τὸν
990 1033 1121 1087 ίδιον
1136 1034 1394 1087 ἀπόλλυσι
1431 1033 1572 1098 νοῦν,
1590 1033 1669 1095 ὥς
1709 1050 1792 1095 τις
1892 1033 2035 1087 bona
2061 1051 2073 1087 :

1590 1033 1669 1095 ὥς
1709 1050 1792 1095 τις
1892 1033 2073 1087 bona:
2106 1033 2199 1102 qui
2231 1047 2359 1087 vero
2394 1048 2454 1086 se
2500 1034 2658 1086 malis
2697 1033 2986 1099 admiscet,
3021 1045 3257 1089 mentem
3316 1050 3451 1105 quo-

227 1129 338 1197 ἔφη
360 1128 468 1180 τῶν
500 1125 757 1196 ποιητῶν.
801 1125 991 1178 Ὀποῖα
1044 1125 1151 1195 γὰρ
1180 1125 1246 1199 ἂν
1271 1121 1303 1197 ᾖ
1333 1126 1402 1177 τά
1430 1125 1541 1177 τῶν
1586 1122 1794 1193 ἀνθρώ-

225 1234 354 1269 πων
382 1216 510 1286 ἤθη,
530 1215 758 1268 τοιαῦτα
781 1214 1002 1277 καὶτοῖς
1019 1214 1200 1277 ἄλλοις
1228 1215 1490 1284 παρέχειν
1512 1214 1790 1267 δύνανται.

228 1307 367 1362 Οὐδὲ
400 1309 507 1373 γὰρ
554 1305 841 1375 ἀντλήσεις
893 1306 1002 1359 ἀπὸ
1054 1310 1237 1375 πηγῆς
1298 1306 1333 1375 ἢ
1378 1308 1559 1360 ὁποῖον
1613 1305 1797 1374 βλύζει

233 1398 450 1468 ῥεῖθρον
474 1398 783 1466 ἀειδήποτε.
815 1397 1162 1467 Συνδιάτρισε
1197 1397 1378 1450 τοίνυν
1411 1401 1525 1459 τοῖς
1546 1397 1793 1465 ἀγαθοῖς,

229 1494 384 1551 ὅπως
423 1491 626 1557 ἀγαθὸς
659 1489 839 1558 γένοιο
869 1506 884 1522 ο
915 1488 1010 1560 καὶ
1049 1492 1169 1552 ταῖς
1202 1490 1341 1559 πρὸς
1376 1491 1569 1548 αὐτοὺς
1616 1508 1800 1544 συνου·

232 1583 381 1643 σίαις
404 1582 534 1650 νέμε
561 1597 612 1633 τι
646 1580 862 1649 σεμνὸν,
911 1579 1003 1634 καὶ
1066 1582 1275 1650 πρέπον
1332 1581 1493 1651 ἀρχῇ.
1548 1580 1797 1633 Γλῶτταν

227 1671 288 1722 δέ
322 1686 382 1721 σε
412 1669 777 1737 βλάπτουσαν,
837 1669 1026 1738 ὥσπερ
1082 1671 1335 1738 μέλιτταν
1384 1672 1591 1739 κέντρῳ
1630 1669 1800 1739 πλήτ-

230 1777 464 1825 τουσαν,
478 1761 693 1814 ἔλαυνε.
737 1762 832 1813 Ἂν
852 1762 994 1815 οὕτω
1028 1761 1282 1831 πράττων
1311 1762 1578 1832 διατελῇς,
1605 1764 1665 1815 οὐ
1699 1762 1798 1830 μό-

1893 1137 1999 1191 que
2033 1137 2186 1177 suam
2215 1124 2438 1188 amittit,
2474 1131 2585 1178 uta
2612 1134 2771 1193 poeta
2823 1125 3058 1195 quodam
3116 1126 3320 1180 dictum
3347 1135 3450 1207 est.

1894 1213 2092 1279 Quales
2118 1216 2261 1269 enim
2295 1229 2475 1269 mores
2494 1224 2619 1269 sunt
2646 1216 2887 1284 ipsorum
2913 1216 3216 1280 hominum,
3246 1218 3378 1271 tales
3400 1226 3453 1271 et

1895 1303 2015 1358 aliis
2075 1304 2332 1359 exhibere
2387 1316 2636 1374 possunt.
2697 1302 2831 1361 Nam
2889 1322 3143 1376 aquame
3176 1306 3321 1361 fonte
3344 1322 3453 1360 non

1897 1394 2115 1449 hauries
2144 1394 2329 1458 aliam,
2365 1410 2527 1464 quam
2566 1397 2870 1465 cujusmodi
2898 1413 3110 1467 semper
3143 1414 3207 1454 et
3239 1414 3303 1452 eo
3330 1413 3456 1467 pro-

1898 1491 2101 1538 manat.
2132 1486 2500 1550 Quamobrem
2528 1503 2648 1540 cum
2673 1488 2829 1541 bonis
2861 1504 3200 1555 conversare,
3234 1505 3337 1560 quo
3355 1490 3457 1543 bo-

1899 1593 2001 1631 nus
2035 1578 2267 1632 evadas:
2304 1589 2357 1632 et
2392 1577 2757 1635 familiaribus
2796 1581 2991 1633 borum
3024 1582 3315 1651 colloquiis
3347 1581 3453 1635 ali-

1898 1667 2029 1735 quid
2084 1669 2364 1737 gravitatis
2421 1671 2770 1738 decentisque
2823 1672 3115 1740 principem
3178 1672 3457 1736 dignitatis

1899 1758 2174 1814 adhibeto.
2230 1760 2490 1831 Linguam
2547 1778 2675 1817 vero
2711 1763 2949 1828 noxiam,
2992 1763 3141 1817 Velut
3180 1764 3321 1833 apim
3355 1762 3458 1817 sti-

228 1868 324 1904 νον
354 1852 585 1922 ἀνδράσι
633 1852 747 1914 τοῖς
796 1852 1045 1917 ἀγαθοῖς,
1107 1853 1243 1906 ἀλλὰ
1284 1853 1377 1906 καὶ
1431 1855 1565 1906 πᾶσι
1629 1853 1800 1919 δόξεις
1830 1913 1869 1923 _
1902 1850 2103 1905 mulof

1629 1853 1800 1919 δόξεις
1830 1913 1869 1923 _
1902 1850 2050 1905 mulo
2080 1852 2387 1918 ferientem,
2428 1853 2651 1922 abigito.
2679 1853 2797 1919 Quo
2828 1868 2961 1908 sane
2992 1864 3148 1921 pacto
3182 1855 3226 1909 si
3256 1864 3309 1907 te
3333 1868 3458 1923 pcr-

218 1913 638 2011 ﬁptdtw.zival.
679 1943 811 1995 ’Δπὸ
844 1913 954 2013 map
973 1913 1083 1997 των
1103 1945 1440 2013 φιλουμὲνων
1464 1947 1574 2009 τοῖς
1601 1913 1799 2017 ἄρχοι)ἑ
1830 1913 1873 1973 Β
1900 1950 2062 2010 petuo

1601 1946 1799 2017 ἄρχου·
1830 1913 1873 1973 Β
1900 1950 2062 2010 petuo
2122 1955 2299 2011 geres,
2352 1958 2457 1996 non
2519 1943 2675 1997 bonis
2708 1953 2912 1997 tantum
2973 1934 3126 2007 viris,
3159 1942 3252 1999 sed
3290 1947 3454 1998 etiam

232 2051 324 2087 σιν
371 2036 422 2087 οί
480 2033 648 2087 τῶνδε
699 2032 892 2108 τρόποι
942 2035 1243 2103 κρίνονται.

236 2323 510 2389 Τοιοῦτος
542 2324 563 2392 (
591 2326 699 2395 γάρ
750 2340 915 2412 φησιν
943 2323 961 2395 )
992 2324 1269 2391 ἕκαστος,
1330 2319 1543 2467 οῖσῗὲρ
1597 2326 1801 2414 fiderat

1504 2414 1685 2450 vrmr.

1504 2414 1685 2450 υνων.

237 2489 499 2558 ’Λρχοντι
519 2488 576 2542 δὲ
606 2488 704 2543 καὶ
737 2489 797 2541 τὸ
834 2490 1016 2543 δοκεῖν
1049 2491 1171 2558 οὐχὶ
1205 2491 1498 2560 παρέργως
1527 2493 1585 2544 ιν
1618 2493 1799 2563 χρείᾳ.

234 2581 353 2649 Mt;
406 2580 512 2649 γὰρ
567 2583 801 2650 πτέρυγι
849 2582 1052 2651 πτηνὸν
1100 2582 1213 2635 οὒτ’
1252 2583 1570 2652 ἐκφεύξεται
1599 2586 1801 2651 κακὸν,

232 2671 349 2725 οὒτ’
377 2671 445 2725 ἀν
486 2672 691 2741 ἀγαθοῦ
720 2690 863 2736 τινος
897 2674 1069 2742 τύχοι.

963 2764 1080 2820 Ol".

307 2856 616 2927 ’Υμνηνται
651 2858 751 2927 μὲν
783 2857 991 2913 ἄνωθεν
1022 2858 1177 2927 παρά
1228 2859 1406 2921 πάσας
1448 2860 1646 2931 ἀρετὰς
1674 2863 1806 2931 φρό-

233 2966 415 3019 νησις,
436 2950 647 3018 ἀνδρία,
679 2951 994 3021 δικαιοσύνη
1060 2951 1151 3003 καὶ
1193 2951 1517 3021 σωφροσύνη
1544 2968 1558 2983 ’
1596 2952 1805 3022 βουλοί-

242 3058 357 3111 μην
388 3041 435 3094 δ’
462 3043 528 3093 ἂν
561 3040 737 3109 ἔγωγε
769 3042 845 3110 μὴ
893 3041 1222 3111 κεχωρίσθαι
1254 3042 1469 3095 τουτουϊ
1512 3043 1602 3095 τοῦ
1646 3040 1805 3113 χοροῦ⁹

236 3135 466 3201 ἀγάπην
502 3134 595 3199 καὶ
628 3134 956 3203 μετριότητα
977 3150 991 3164 ο
1024 3133 1134 3184 εἴτε
1168 3132 1275 3202 γὰρ
1304 3132 1472 3202 ἐχρῆν
1502 3133 1597 3194 τάς
1626 3139 1805 3204 κρείτ-

1902 2031 2175 2086 universis
2229 2033 2711 2101 prmstantissimus
2737 2035 3030 2089 habebere.
3078 2033 3208 2088 Nam
3240 2051 3304 2088 ex
3343 2051 3459 2088 mo-

1830 2110 1835 2117 ’
1899 2123 2053 2177 ribus
2082 2138 2293 2191 eorum,
2334 2126 2426 2194 qui
2458 2126 2793 2195 principibus
2848 2127 3000 2181 ehari
3032 2134 3183 2190 sunt,
3210 2128 3452 2195 ipsorum

1903 2215 2207 2284 principum
2256 2230 2437 2270 mores
2471 2215 2814 2270 aestimantur
2840 2256 2854 2281 ,
2891 2225 2949 2269 ut
2979 2218 3119 2271 enim
3157 2218 3245 2273 ille
3289 2218 3457 2273 dixit:

1971 2325 2067 2381 Est
2088 2327 2312 2398 quisque
2336 2328 2458 2381 talis
2479 2329 2656 2399 quales
2684 2324 2801 2400 quis
2832 2331 2973 2386 adest
3003 2332 3188 2387 libens.

1904 2486 2141 2555 Principi
2192 2500 2324 2541 vero
2380 2489 2542 2543 etiam
2587 2489 2716 2544 illud
2754 2492 2931 2557 ipsum
2970 2494 3175 2558 haberi,
3215 2511 3323 2550 non
3366 2499 3462 2551 abs

1907 2590 1964 2630 re
2019 2577 2142 2631 usui
2190 2578 2371 2631 fuerit.
2428 2578 2636 2633 Etenim
2690 2581 2806 2636 avis
2843 2598 2951 2638 una
3004 2592 3216 2639 tantum
3253 2586 3337 2641 ala
3366 2602 3464 2641 nee

1907 2666 2106 2722 malum
2137 2668 2377 2739 effugiet,
2411 2685 2510 2725 nec
2544 2672 2727 2740 aliquo
2760 2673 2903 2728 bono
2928 2677 3183 2744 potietur.

2563 2763 2796 2819 LXXIII.

1975 2852 2094 2907 Jam
2134 2854 2266 2907 olim
2329 2869 2492 2922 supra
2559 2857 2784 2911 \‘irlutcs
2819 2866 3045 2915 caeteras
3077 2860 3307 2917 laudatre
3341 2873 3467 2918 sunt

1908 2945 2218 3015 prudentia,
2261 2945 2542 3009 fortitudo,
2596 2947 2807 3017 jnstitia
2844 2960 2898 3005 et
2944 2957 3323 3022 temperantia.
3355 2956 3466 3028 Ego

1910 3053 2037 3092 vero
2090 3038 2248 3093 velim
2303 3038 2371 3091 ab
2426 3038 2527 3091 hoe
2577 3040 2839 3094 virtutum
2897 3045 3067 3098 choro
3113 3058 3222 3099 non
3253 3045 3459 3118 dijungi

1912 3132 2230 3185 charitatem
2266 3139 2320 3185 et
2358 3130 2810 3188 moderationem.
2863 3132 2997 3188 Nam
3044 3137 3161 3192 sive
3212 3147 3472 3206 praestan-

237 3242 369 3287 τους
406 3224 758 3294 ἀπαριθμεῖν,
785 3224 884 3278 εἴτ’
912 3226 976 3277 ὲκ
1001 3225 1202 3293 μέρους
1231 3224 1291 3277 τὸ
1315 3227 1423 3276 πᾶν
1458 3224 1680 3291 διδόναι,
1709 3226 1809 3279 οὐκ
1835 3249 1880 3311 C
1914 3226 2079 3278 tiores

1596 3243 1680 3291 Ιαι,
1709 3226 1880 3311 οὺκο
1914 3226 2079 3278 tiores
2140 3224 2526 3277 enumeranda:
2583 3225 2893 3290 veniebant,
2939 3228 3052 3283 site
3099 3237 3270 3284 totum
3317 3242 3471 3300 parte

236 3316 408 3384 ὲχρῆν
424 3316 645 3368 ἐκείνων
664 3314 866 3378 ταύτας
886 3314 1293 3382 ἀπολειφθῆναι.
1332 3316 1577 3384 Ἀγόιπης
1597 3317 1706 3388 γάρ
1736 3319 1810 3386 μὴ

235 3407 542 3477 παρούσης,
589 3406 742 3461 οὐδὲν
769 3404 1086 3475 ὠφελοῦμαι
1118 3421 1133 3437 ⁶
1194 3405 1288 3458 καὶ
1335 3407 1684 3474 μετριότητος
1737 3410 1813 3477 μὴ

238 3497 571 3566 προσούσης,
605 3499 738 3552 κενά
781 3496 976 3550 πάντα.
1014 3496 1208 3549 Παοῶν
1237 3494 1330 3549 οὖν
1357 3495 1479 3565 ἔχου
1541 3497 1647 3549 τῶν
1682 3500 1812 3567 ἀρε-

238 3587 373 3652 τῶν,
407 3588 503 3640 καὶ
536 3586 767 3657 μάλιστά
798 3603 860 3655 γε
890 3586 997 3641 τῶν
1028 3585 1109 3650 ἔξ.

959 3678 1080 3734 ΟΔ’.

315 3772 531 3841 Νήφειν
565 3771 751 3837 καλὸν,
788 3772 883 3825 καὶ
914 3773 1225 3827 τούναντίον
1256 3774 1449 3828 κακόν.
1480 3774 1673 3828 Πολλοὶ
1704 3775 1811 3845 γὰρ

240 3864 305 3915 οὐ
333 3864 402 3915 δι’
433 3864 677 3931 ἄγνοιαν,
732 3862 872 3915 ἀλλά
910 3862 980 3915 δι’
1015 3863 1299 3932 ἀμέλειαν,
1342 3867 1566 3934 ἄμεινον
1603 3868 1665 3919 τδ
1695 3869 1808 3936 χεῖ-

245 3974 341 4027 ρον
382 3957 743 4024 ἡγησάμενοι,
773 3957 886 4017 τοῖς
929 3954 1211 4026 βλαὸεροῖς
1264 3959 1495 4021 ἑαυτοὺς
1539 3959 1815 4029 περιέπει-

248 4066 373 4119 ραν.
436 4047 913 4118 Παραπεπηγέναι
965 4049 1069 4117 γάρ
1124 4064 1257 4116 φασι
1297 4052 1418 4112 ταῖς
1447 4052 1671 4118 ἀρεταῖς
1715 4053 1812 4113 τὰς

243 4140 469 4205 κακίας,
517 4142 614 4193 καὶ
651 4140 985 4210 ἀγχιθύρους
1040 4158 1157 4205 πως
1194 4137 1335 4195 εἶναι
1359 4158 1374 4173 ·
1407 4144 1503 4196 καὶ
1544 4130 1616 4196 οὐ
1668 4145 1812 4197 πάνυ

247 4234 489 4303 χαλεπὸν
516 4233 864 4304 ἀπατηθῆναι
906 4232 999 4287 τὸν
1054 4235 1127 4302 μὴ
1164 4234 1524 4304 προσέχοντα.
1577 4236 1812 4298 Πολλοὺς

247 4328 313 4381 ἂν
337 4327 521 4395 εὕροις
545 4326 687 4395 μέγα
719 4325 1049 4395 φρονοῦντας
1077 4324 1193 4379 ἀντ’
1216 4325 1417 4396 ἀρετῆς
1443 4330 1812 4397 κεχρημένους

245 4423 315 4488 τῇ
351 4416 735 4488 γειτνιαζούσῃ
788 4416 962 4488 ταύτῃ
995 4418 1185 4487 κακίᾳ.
1233 4414 1385 4471 Εἶδον
1414 4420 1651 4488 ὲσχάτην
1689 4420 1811 4472 δουο

248 4512 401 4562 λείαν
448 4509 708 4578 πρόνοιαν
755 4509 1200 4577 ὀνομαζομένην,
1236 4511 1329 4562 καὶ
1377 4509 1549 4578 θυμὸν
1592 4512 1811 4581 ἀνδρίαν

250 4600 631 4668 καλούμενον’
689 4600 783 4652 καὶ
851 4601 1025 4668 μυρία.
1064 4598 1261 4654 ταῦτα.
1321 4600 1528 4669 Πολλῆς
1576 4600 1669 4653 οὖν
1720 4602 1814 4670 νή-
1848 4582 1889 4636 1)

249 4693 401 4759 ψεως
451 4691 535 4744 δεῖ
565 4689 904 4761 καθαρεῦσαι
962 4692 1195 4760 ταυτησὶ
1242 4693 1340 4758 τῆς
1374 4692 1612 4760 ἀπάτης.
1646 4694 1817 4745 Σπουο

250 4783 352 4848 δῆς
388 4780 498 4850 γὰρ
528 4782 652 4851 περὶ
679 4781 747 4833 τά
778 4782 992 4851 χρηστὰ
1018 4782 1173 4860 οὖδῆν
1200 4780 1628 4853 ὠφελιμώτερον
1654 4782 1817 4847 νέοις,

252 4872 449 4941 ὥσπερ
486 4869 804 4925 τούναντίον
828 4872 927 4940 τῆς
959 4872 1256 4943 ῥᾳθυμίας.
1296 4874 1355 4925 '0
1379 4873 1422 4925 δ’
1448 4872 1636 4937 ὕπνοις
1673 4874 1822 4927 ἔκδο-

251 4981 344 5024 τος
374 4963 472 5030 ὣν,
500 4962 599 5018 καὶ
624 4962 947 5017 ἀνακεῖσθαι
975 4963 1166 5027 θέλων,
1195 4964 1291 5016 καὶ
1318 4964 1607 5033 ῥᾳθυμεῖν,
1631 4965 1697 5017 τά
1721 4965 1820 5031 μιν

252 5055 406 5123 αὐτῷ
464 5053 946 5123 τεθησαυρισμένα
1001 5053 1270 5123 πατρόθεν
1330 5055 1548 5125 ἴσως,ἢ
1603 5056 1739 5108 κατά
1770 5073 1821 5108 τι

257 5145 578 5215 συμπίπτον
602 5145 794 5217 τύχης,
832 5145 1034 5215 ῥαδίως
1077 5147 1144 5199 ἀν
1172 5146 1459 5209 ἀποϐάλοι,
1496 5147 1709 5209 πολλοῖς
1738 5165 1821 5200 τι-

257 5255 346 5291 σιν
377 5232 536 5307 οἴμαι
564 5236 807 5306 τρόποις·
832 5238 944 5290 τῶν
973 5237 1030 5291 δὲ
1054 5238 1220 5307 μήπω
1242 5253 1305 5305 γε
1325 5236 1638 5305 ληφθέντων
1659 5253 1824 5306 προσ-

254 5327 509 5396 κτήσαιτ’
538 5326 603 5380 ἀν
635 5326 771 5397 μηδὲ
798 5325 876 5379 ἓν.

990 5499 1109 5555 OE'.

335 5596 537 5663 ’Δρτος
584 5591 797 5662 σώματι
824 5592 1036 5662 τροφή*
1068 5594 1215 5663 ψυχῇ
1261 5592 1317 5645 δὲ
1345 5593 1581 5663 μάθησις
1621 5592 1823 5665 ἀγαθή.

1916 3314 2261 3374 tradendum.
2296 3315 2362 3367 ab
2424 3314 2530 3369 illis
2591 3315 2687 3370 has
2746 3317 2935 3373 abesse
2980 3334 3087 3374 non
3166 3324 3469 3391 oportebat.

1916 3406 2125 3474 Quippe
2146 3405 2189 3457 si
2219 3405 2457 3457 Charitas
2516 3406 2680 3467 absit,
2721 3407 2851 3459 nihil
2886 3408 3147 3476 proficio:
3198 3420 3250 3464 ct
3276 3412 3319 3466 si
3359 3428 3475 3465 mo-

1916 3494 2125 3549 deratio
2152 3509 2260 3547 non
2292 3496 2455 3559 adsit,
2476 3496 2658 3548 omnia
2687 3511 2820 3550 vana
2858 3496 3081 3553 fuerint.
3115 3498 3354 3556 Virtutes
3375 3503 3474 3573 igi-

1918 3591 2007 3637 tur
2036 3585 2342 3648 universas,
2375 3594 2430 3638 et
2460 3585 2557 3637 bas
2586 3587 2858 3653 praecipue
2884 3603 2977 3643 sex
3019 3590 3369 3660 amplectere.

2575 3676 2809 3733 LXXIV.

1990 3772 2267 3827 Sobrietas
2293 3774 2504 3842 egregia
2540 3790 2627 3828 res
2648 3784 2731 3828 est
2765 3791 2778 3827 :
2813 3785 2869 3828 ut
2909 3774 3131 3838 malum,
3155 3791 3264 3831 non
3294 3778 3476 3833 sobrie

1918 3866 2018 3921 sibi
2043 3866 2367 3935 prospicere.
2404 3864 2536 3919 Nam
2564 3868 2716 3919 multi
2749 3882 2852 3919 nou
2876 3882 2941 3920 ex
2975 3868 3337 3937 ignoratione,
3372 3871 3469 3923 sed

1918 3956 2264 4026 negligentia,
2303 3957 2445 4023 quod
2491 3957 2690 4009 malum
2753 3970 2855 4026 pro
2910 3955 3056 4010 bono
3108 3958 3386 4022 ducerent,
3418 3972 3476 4011 se

1921 4048 2068 4114 ipsos
2115 4046 2330 4100 damnis
2366 4045 2683 4100 all'ecerunt.
2732 4046 2943 4115 Quippe
2982 4047 3277 4100 virtutibus
3321 4046 3475 4100 affixa

1916 4140 2205 4208 perhibent
2255 4154 2374 4193 esse
2409 4138 2560 4203 vitia,
2594 4140 2858 4207 quasique
2887 4139 3142 4192 tit-iniam
3184 4140 3473 4208 quamdam

1920 4231 2110 4285 horum
2140 4244 2300 4294 esse;
2334 4245 2431 4283 nee
2462 4230 2751 4283 admodum
2782 4240 2862 4283 est
2888 4229 3124 4296 difficile,
3157 4244 3262 4284 non
3297 4238 3475 4284 atten-

1918 4326 2031 4373 tum
2074 4319 2273 4389 decipi.
2302 4319 2503 4373 Multos
2544 4319 2790 4373 invenias
2810 4318 3197 4388 jactabundos,
3230 4318 3322 4386 qui
3357 4319 3476 4372 loco

1918 4412 2136 4466 virtutis
2188 4412 2377 4465 vitium
2410 4411 2595 4464 virtuti
2630 4410 2868 4465 vicinum
2902 4410 3133 4479 amplexi
3178 4419 3324 4465 sunt.
3355 4408 3477 4465 Vidi

1920 4506 2231 4557 servitutem
2262 4512 2580 4567 extremam,
2633 4516 2752 4571 quae
2781 4502 3123 4571 providentia
3169 4503 3479 4555 nominare—

1920 4606 2028 4659 tur,
2063 4596 2505 4665 cti:acundi_am,
2560 4609 2681 4663 quae
2738 4593 2999 4649 fortitudo
3056 4594 3476 4663 perbiberetur;

1919 4686 2135 4755 aliaque
2166 4687 2290 4740 talia
2322 4686 2554 4740 intinita.
2584 4684 2763 4750 Quare
2812 4700 3003 4753 magna
3041 4700 3180 4754 Opus
3209 4696 3295 4740 est
3333 4688 3474 4754 vigi-

1904 4774 2108 4840 lantia,
2148 4783 2205 4827 ut
2242 4774 2310 4828 ab
2337 4774 2762 4843 haeimpostura
2802 4774 2957 4827 liberi
2991 4775 3191 4828 simus.
3227 4772 3364 4828 Nam
3388 4775 3481 4844 jn-

1924 4865 2152 4917 venibus
2209 4865 2350 4918 serio
2375 4880 2557 4918 rerum
2595 4865 2859 4917 bonarum
2893 4864 3074 4917 studio
3101 4863 3232 4917 nihil
3271 4864 3478 4923 utilius.

1922 4956 2069 5009 velut
2096 4970 2126 5009 e
2170 4955 2389 5009 diverso
2414 4955 2738 5025 negligentia
2765 4952 2903 5006 nihil
2938 4954 3159 5006 noxium
3198 4954 3389 5023 magis.
3415 4960 3483 5007 At

1922 5046 2016 5114 qui
2047 5059 2241 5099 somno
2293 5046 2511 5099 deditus
2542 5052 2643 5107 est,
2690 5051 2743 5098 et
2770 5043 2956 5112 jacere
2980 5042 3207 5111 supinus
3232 5050 3397 5107 amat,
3431 5054 3483 5097 et

1923 5138 2133 5192 otiosus
2159 5151 2303 5202 esse,
2335 5138 2533 5205 partim
2567 5134 2795 5190 collecta
2838 5144 3065 5203 paterno
3091 5132 3328 5189 fortasse
3360 5145 3479 5189 stu-

1924 5229 2036 5292 dio,
2072 5232 2154 5282 vel
2188 5229 2373 5297 aliquo
2392 5226 2624 5281 fertuum
2655 5242 2808 5291 casu,
2851 5226 3007 5281 facile
3026 5226 3210 5281 multis
3252 5227 3333 5296 (ut
3364 5229 3481 5295 Opi-

1926 5320 2044 5378 nor)
2088 5318 2265 5372 modis
2313 5318 2599 5383 amiserit;
2657 5319 2851 5388 partim
2878 5333 2942 5372 ex
2974 5318 3060 5383 iis,
3093 5332 3211 5386 quae
3235 5318 3477 5372 nondum

1926 5419 2258 5463 consecutus
2285 5417 2386 5474 est,
2422 5424 2491 5464 ne
2516 5409 2682 5464 hilum
2712 5409 2932 5477 quidem
2962 5410 3334 5480 acquisiverit.

2568 5531 2572 5534 ι
2602 5499 2810 5555 LXXV.

1933 5582 1939 5589 ’
2000 5590 2070 5645 Ut
2094 5592 2248 5660 panis
2278 5592 2593 5646 alimentum
2628 5600 2712 5647 est
2736 5594 3003 5661 corporis,
3025 5594 3106 5649 sic
3132 5595 3298 5649 animi
3337 5593 3479 5649 bona

261 5689 484 5754 Ὠσπερ
515 5680 609 5737 οὖν
638 5683 902 5753 ἑρυθριᾷν
932 5684 994 5737 οὐ
1020 5676 1364 5753 γιγνόμενον,
1394 5684 1612 5737 ἐπειδὰν
1640 5684 1829 5737 ἐσθίω-
1930 5683 2136 5738 doctrin

1611 5684 1829 5737 tabiw—
1930 5683 2201 5738 doctrina.
2258 5683 2729 5750 Quemadmodum
2781 5698 2911 5756 ergo
2942 5700 3048 5740 non
3075 5687 3331 5741 convenit
3358 5701 3486 5740 eru-

265 5791 411 5843 μεν,
451 5771 595 5826 οὕτω
640 5773 721 5825 δεῖ
771 5774 864 5825 καὶ
914 5773 1013 5835 τὰς
1070 5773 1331 5842 μαθήσεις
1383 5770 1827 5840 ἀνεπαισχύντως

260 5864 588 5932 λαμϐάνειν.
618 5863 692 5917 Οὐ
740 5864 849 5933 γὰρ
887 5862 1055 5928 ἐστιν,
1087 5864 1187 5917 οὐκ
1235 5863 1348 5917 ἐστι
1388 5866 1529 5932 μέγα
1562 5865 1682 5925 ταῖς
1722 5880 1828 5931 μα-

1930 5775 2173 5838 bescere,
2209 5789 2333 5828 cum
2360 5774 2720 5837 comedimus.
2750 5776 2830 5829 sic
2880 5791 3096 5829 omnem
3133 5779 3269 5831 citra
3312 5777 3491 5845 pudo-

1935 5881 2045 5921 rem
2102 5875 2153 5920 et
2216 5866 2475 5921 dominae
2543 5874 2669 5919 sunt
2718 5867 3094 5936 percipienda.
3154 5866 3268 5922 Non
3312 5878 3489 5939 patcst
