4748 6512
223 463 331 517 ξῖίιυ

1180 465 1275 523 PR
1289 466 1588 525 .ECEPTA
1627 466 2062 526 EDUCATION
2079 465 2092 522 l
2107 465 2144 523 S
2181 467 2456 525 REGIE.

3345 465 3453 529 370

221 569 429 636 ρόντων
461 567 816 621 πλεονεκτοῦν
849 585 862 600 ο
886 571 979 623 καὶ
1019 572 1270 640 ὴλλάξατ’
1299 577 1363 629 ἀν
1394 594 1480 639 τις
1511 579 1791 639 πιέζοντος
1824 590 1863 642 Α
1897 583 2068 634 sentia

1579 579 1791 639 έζοντος
1824 590 1863 642 Α
1897 583 2068 634 sentia
2098 596 2195 635 sua
2216 580 2469 649 deprimit
2493 577 2740 633 absentia
2773 580 2951 634 mala:
2987 579 3145 636 facile
3170 589 3230 636 ut
3258 580 3454 651 aliquis

219 661 429 728 κούφου
469 661 895 731 ἐμϐριθέστερον
929 664 1141 731 μέλλον.
1176 668 1266 719 Διὸ
1313 669 1407 720 καὶ
1441 672 1551 732 τοῖς
1582 671 1780 723 ἀποῦσι

219 752 654 823 προστρέχομεν,
683 753 780 807 κᾶν
815 747 916 806 ὦσι
955 756 1122 823 μείζω
1156 758 1264 810 τῶν
1291 759 1478 812 ὄντων.
1509 761 1568 812 Ei
1607 761 1650 813 δ’
1684 763 1782 813 αὑ-

218 847 335 905 τοῖς
383 844 726 914 ἐντύχοιμεν,
780 847 1114 916 ἐπαινοῦμεν
1159 846 1316 912 αὖθις
1368 855 1435 904 τά
1481 852 1782 919 φθάσαντα.

220 933 334 984 Καὶ
360 935 621 997 πολλάκις
671 951 733 1002 γε
774 938 935 1007 τυχὸν
961 939 1118 992 τοῦτο
1159 940 1412 1010 δράσειεν
1444 943 1506 994 ἄν
1539 961 1639 1005 τις,
1673 946 1783 997 Καὶ

217 1022 496 1090 δηλοῦσιν,
549 1025 598 1077 οἳ
647 1027 940 1095 φεύγοντες
987 1031 1079 1084 τὸν
1126 1033 1368 1103 σίδηρον,
1420 1035 1784 1104 ὑποϐρυχίους

218 1117 451 1177 ἑαυτοὺς
508 1119 788 1173 ποιοῦσιν·
833 1119 954 1177 εἶτα
1004 1128 1249 1195 ναυαγίῳ
1301 1127 1658 1197 χρησάμενοι,
1693 1134 1788 1183 καλ⁸

219 1205 632 1271 κινδυνεύοντες
663 1213 980 1280 καταδῦναι,
1025 1215 1283 1285 διστόμου
1324 1220 1596 1289 μαχαίρας
1625 1221 1786 1290 δράτ-

220 1314 434 1352 τονται.
462 1300 573 1353 Καί
606 1303 707 1355 πού
745 1322 826 1366 τις
868 1307 1074 1359 καπνὸν
1102 1307 1320 1376 φεύγων
1346 1313 1786 1381 ἀπερισκέπτως,

222 1390 306 1451 είς
343 1390 455 1458 πῦρ
503 1391 726 1446 ἐνέπεσε
753 1412 768 1428 ο
805 1398 896 1451 καὶ
931 1394 1000 1453 αὖ
1045 1401 1179 1468 πυρὶ
1215 1402 1566 1470 φλεγόμενος,
1595 1405 1668 1467 ὼς
1696 1406 1788 1458 ἐπὶ

223 1482 580 1550 παραμύθιον
607 1486 698 1539 τδν
751 1491 997 1558 κρημνὸν
1045 1493 1302 1563 ἔδραμεν.
1341 1496 1406 1548 Ol
1450 1497 1556 1564 γὰρ
1604 1499 1789 1550 πολλοὶ

219 1571 334 1621 τῶν
387 1571 726 1643 ἀνθρώπων.
789 1579 948 1650 δεινῶ
1017 1582 1112 1634 τοῦ
1183 1585 1449 1654 λογισμοῦ
1503 1589 1789 1656 συσχεθέν-

220 1681 341 1730 τος,
369 1664 451 1719 ὅτι
490 1668 589 1736 μὲν
621 1669 915 1741 φεύγομεν,
962 1675 1119 1744 ῖσμεν
1146 1692 1160 1706 ο
1192 1678 1314 1730 ὅποι
1353 1678 1408 1730 δέ
1455 1681 1790 1748 καταφευξὸ-

225 1751 388 1819 μεθα,
416 1755 574 1809 τοῦτο
603 1757 667 1828 δὴ
704 1758 778 1824 ὡς
810 1761 987 1816 ἔοικεν
1033 1765 1357 1836 ἀγνοοῦμεν.
1395 1769 1507 1822 Καὶ
1557 1771 1649 1822 ἐπὶ
1683 1772 1789 1822 τῶν

222 1843 630 1911 εύφραινόντων
682 1847 838 1903 δὲτὰ
876 1851 966 1906 ῖσα
1012 1855 1220 1919 τούτοις
1271 1859 1574 1928 πάσχομεν.
1624 1861 1788 1914 Οὐδὲν

220 1933 332 2000 γὰρ
357 1934 524 2004 δήπου
555 1937 664 1990 τῶν
687 1939 952 1996 ποθεινῶν
980 1947 1230 2014 στήσειεν
1256 1949 1321 2000 ἂν
1353 1951 1484 2019 ἡμῖν
1508 1951 1593 2019 ἐφ’
1616 1951 1792 2022 ἐαυτῷ
1824 1941 1865 1996 Β

222 2025 324 2095 τὴν
356 2027 674 2097 ἐπιθυμίαν.
712 2032 820 2086 Καὶ
852 2035 1128 2090 δείκνυσιν
1162 2040 1298 2111 αὑτὴ
1347 2043 1551 2111 τρυφὴ,
1597 2043 1662 2095 ἵν’
1693 2045 1788 2113 ἀφ’

223 2117 410 2180 ἑστίας
441 2121 574 2188 ἡμῖν
618 2123 802 2195 δειχθῇ
839 2127 898 2180 τδ
930 2131 1312 2200 προκείμενον.
1348 2134 1471 2186 Τῶν
1528 2134 1636 2204 γὰρ
1681 2138 1792 2206 ἡδί-

221 2226 367 2262 στων
399 2212 764 2280 ἀπολαύοντες
792 2219 868 2281 είς
892 2221 1069 2289 κόρον,
1093 2218 1255 2292 ἧττον
1282 2225 1460 2277 αὐτῶν
1482 2225 1789 2296 ὀρεγόμεθα

219 2301 333 2353 τῶν
389 2304 780 2376 ἀφισταμένων
839 2312 1028 2376 ἁπλῶς
1062 2314 1256 2383 ἡδέων.
1304 2315 1422 2368 Κᾶν
1462 2318 1538 2380 είς
1597 2319 1788 2388 ἡδονὴν

219 2394 443 2449 ἔλαττον
473 2398 569 2468 ἔχῃ
602 2401 660 2452 τὸ
707 2404 1180 2474 προσδοκώμενον,
1218 2409 1430 2477 πέφυκε
1467 2409 1678 2478 θέλγειν
1709 2411 1787 2481 τῷ

219 2486 629 2554 προσδοκᾶσθαι
656 2509 669 2522 ο
700 2495 796 2546 καί
841 2498 945 2547 πού
983 2515 1068 2558 τις
1095 2499 1413 2570 ἐπεθύμησε
1445 2502 1660 2564 πολλοῖς
1692 2521 1789 2555 πε-

222 2580 575 2649 ριρρεόμενος
627 2585 875 2651 ἀγαθοῖς,
913 2587 940 2639 δ
975 2589 1110 2658 μηδὲ
1148 2594 1260 2653 τοῖς
1300 2591 1507 2654 δούλοις
1549 2593 1613 2646 ἂν
1644 2594 1790 2658 ἔδοξε

223 2671 511 2738 μεθεκτόν.
544 2676 634 2728 Δεῖ
655 2676 716 2745 δὴ
750 2680 1068 2747 φρονήσεως
1093 2683 1246 2750 ἡμῖν,
1275 2684 1416 2737 ῶστε
1461 2685 1538 2755 τῷ
1584 2686 1658 2756 νῷ
1687 2704 1792 2739 πα-

221 2761 552 2829 ραϐάλλουσι
584 2767 652 2818 τὰ
700 2768 828 2821 εντα
871 2771 984 2833 τοῖς
1017 2771 1269 2839 ἀποῦσιν,
1313 2774 1480 2845 ὀρθήν
1519 2793 1638 2830 τινα
1684 2776 1788 2847 ψῆ-

219 2873 319 2922 φον
349 2857 679 2924 ἐξενεγκεῖν.

1886 673 2004 726 leve
2056 673 2280 734 malum,
2335 672 2481 740 quod
2519 671 2739 740 premit,
2783 687 2907 726 cum
2973 673 3156 728 futuro
3207 673 3459 743 graviore

1887 763 2326 816 commutaverit.
2387 760 2460 815 Ea
2499 772 2722 830 propter
2784 771 2836 816 et
2876 777 3036 817 cursu
3086 764 3151 818 ad
3185 764 3275 818 illa
3299 763 3457 831 quasi

1887 868 2243 922 [imperamus
2259 853 2422 918 mala,
2451 869 2570 923 quae
2592 854 2809 918 absunt,
2848 855 3065 907 tametsi
3097 856 3457 922 praesentibus

1888 945 2093 1012 majora
2121 945 2250 998 siut.
2289 944 2364 997 Ad
2387 946 2573 999 eadem
2607 959 2736 1000 vero
2761 945 2950 1010 delati,
2985 959 3204 998 rursum
3235 955 3457 1012 praeter-

1888 1033 1958 1088 ita
1987 1035 2291 1088 laudamus.
2345 1035 2496 1101 Quod
2525 1035 2744 1105 quidem
2771 1035 3086 1099 usuvenire,
3117 1036 3200 1089 vel
3233 1035 3310 1088 illi
3331 1043 3460 1089 sunt

1890 1124 2114 1187 indicio,
2135 1124 2225 1192 qui
2261 1124 2466 1180 ferrum
2495 1125 2784 1193 fugientes,
2824 1126 2877 1178 in
2906 1125 3082 1180 undas
3115 1139 3237 1182 sese
3261 1124 3457 1193 praeci-

1890 1216 2084 1284 pitant,
2113 1215 2305 1270 deinde
2328 1215 2673 1286 naufragium
2697 1216 2862 1284 passi,
2891 1225 2944 1268 et
2967 1215 3368 1270 submersionis
3402 1215 3456 1268 in

1890 1306 2132 1374 periculo
2155 1309 2458 1370 constituti,
2496 1308 2732 1378 gladium
2763 1307 3051 1376 ancipitem
3092 1307 3456 1375 prehendunt.

1890 1403 2045 1456 Alius
2069 1400 2467 1455 inconsiderate
2498 1399 2710 1454 fumum
2749 1398 2985 1466 fugiens,
3016 1398 3067 1451 in
3097 1399 3273 1467 ignem
3306 1395 3457 1460 ruit;

1891 1507 1955 1546 ac
1984 1491 2226 1547 vicissim
2260 1491 2328 1542 ab
2362 1490 2470 1557 igni
2501 1490 2629 1542 dum
2664 1489 2863 1552 uritur,
2891 1489 2954 1541 ad
3001 1489 3330 1556 praecipitem
3367 1503 3458 1538 ru-

1891 1598 2037 1653 pem,
2069 1582 2236 1636 veluti
2263 1580 2516 1634 solatium
2545 1580 2843 1649 quoddam,
2891 1581 3148 1633 accurrit.
3182 1579 3316 1632 Nam
3349 1578 3461 1647 ple-

1892 1675 2047 1742 rique
2077 1672 2353 1737 mortales,
2405 1671 2534 1725 dum
2591 1671 2728 1724 ratio
2759 1671 2807 1723 vi
2844 1670 2968 1723 mali
2998 1670 3283 1737 premitur,
3313 1670 3458 1737 quod

1892 1767 2186 1836 fugiamus,
2208 1766 2449 1818 scimus:
2477 1777 2586 1832 quo
2612 1776 2740 1817 vero
2758 1761 3158 1828 confugiamus,
3182 1760 3323 1814 scire
3351 1775 3456 1812 non

1892 1872 2208 1926 possumus.
2258 1854 2579 1909 Consimilia
2648 1854 2804 1908 nobis
2833 1863 2886 1908 et
2945 1853 3081 1907 lzetis
3114 1853 3276 1906 rebus
3310 1851 3458 1906 acci-

1896 1951 2047 2002 dunt.
2074 1945 2210 2001 Nam
2245 1963 2330 2002 res
2362 1947 2520 2016 plane
2571 1946 2717 2000 nulla
2749 1955 2852 2009 est,
2892 1962 2956 1999 ex
2983 1946 3239 1999 universo
3278 1959 3459 1998 rerum

1898 2053 2148 2102 numero,
2183 2052 2321 2106 quas
2359 2036 2606 2091 homines
2631 2043 2913 2104 expetunt,
2946 2051 3063 2105 quae
3089 2035 3143 2088 in
3171 2050 3229 2089 se
3251 2033 3464 2103 cupidi-

1898 2139 2060 2183 tatem
2109 2138 2350 2183 nostram
2387 2130 2581 2182 sistere
2635 2129 2832 2198 possit.
2864 2130 3201 2198 Argumenta
3229 2137 3311 2182 est
3344 2127 3460 2193 ipsa

1894 2224 2167 2291 voluptas,
2223 2221 2498 2286 utalare,
2553 2221 2698 2291 quod
2759 2221 2933 2286 aiunt,
2985 2235 3095 2272 rem
3129 2220 3459 2287 propositam

1898 2313 2271 2367 ostendamus.
2323 2311 2530 2380 Quippe
2589 2327 2711 2364 cum
2739 2310 3160 2379 jucundissimis
3193 2310 3354 2363 rebus
3394 2309 3462 2364 ad

1893 2408 2197 2462 satietatem
2221 2404 2472 2465 fruimur,
2509 2403 2690 2455 minus
2719 2417 2810 2455 eas
2837 2403 3342 2470 appetimus,quam
3365 2397 3457 2468 ju-

1892 2498 2068 2552 cunda
2094 2495 2436 2563 simpliciter,
2473 2509 2594 2563 qua:
2627 2509 2733 2546 non
2767 2493 2985 2547 adsunt.
3021 2491 3095 2546 Ac
3128 2494 3253 2546 licet
3281 2492 3462 2546 minus

1892 2590 2182 2659 voluptatis
2217 2588 2434 2647 habeat,
2472 2588 2617 2655 quod
2674 2587 2726 2638 in
2773 2585 3178 2653 exspectatione
3218 2585 3458 2652 positum

1894 2694 1996 2744 est,
2028 2693 2204 2735 tamen
2239 2680 2355 2748 ipsa
2384 2677 2468 2732 sui
2489 2677 2896 2745 exspectatione
2931 2675 3205 2730 delectare
3235 2688 3463 2730 consue-

1896 2777 1995 2829 vit.
2034 2774 2150 2826 lmo
2191 2771 2443 2842 pluribus
2471 2770 2592 2838 quis
2644 2770 2803 2823 bonis
2849 2769 3098 2829 aﬂluens.
3153 2769 3206 2822 id
3254 2768 3462 2836 appetit

1895 2865 2208 2934 aliquando,
2245 2862 2401 2930 cujus
2440 2861 2552 2913 fieri
2598 2861 2894 2928 participes
2944 2877 3012 2914 ne
3045 2860 3188 2914 servi
3236 2859 3459 2928 quidem

219 2947 438 3003 vellent.
494 2951 759 3008 Nimirum
815 2956 1102 3026 prudentia
1168 2959 1328 3016 nobis
1363 2971 1447 3018 est
1494 2977 1659 3035 opus,
1723 2969 1781 3016 ut
1822 2964 2004 3014 mente
2031 2963 2414 3025 comparantes
2435 2952 2721 3022 praesentia
2759 2966 2880 3005 cum
2911 2951 2998 3018 iis,
3059 2966 3180 3020 qua:
3237 2951 3454 3012 absunt.

218 3046 423 3093 rectam
448 3044 736 3108 quamdam
759 3050 1081 3102 sententiam
1104 3048 1364 3104 feramus.

944 3140 1065 3194 08'.

287 3223 473 3293 Ζημία
519 3227 753 3298 μεγίστη
788 3231 899 3290 τοῖς
936 3231 1230 3300 πράγμασι
1275 3232 1334 3284 τὸ
1361 3234 1662 3300 διαχεῖσθαι
1689 3233 1781 3286 τὸν

2555 3130 2791 3186 LXXIX.

1961 3225 2361 3280 Tristissimum
2393 3224 2559 3278 rebus
2590 3223 2782 3277 alferre
2805 3221 3065 3277 damnum
3097 3222 3457 3278 soletanimo—

215 3314 345 3365 νοῦν
379 3317 490 3377 τοῖς
527 3316 805 3385 ἀρχουσιν.
840 3317 970 3372 Ὅτε
1003 3319 1061 3372 δὲ
1090 3320 1350 3374 ἀδύνατον
1376 3322 1531 3391 φλογὶ
1569 3321 1784 3391 φροντί-
1813 3354 1855 3411 C
1892 3336 2011 3374 rum
2067 3320 2080 3373 i

1584 3321 1784 3391 ρροντί-
1813 3354 1855 3411 C
1892 3336 2011 3374 rum
2067 3320 2125 3373 in
2161 3318 2498 3387 principibus
2525 3315 2871 3369 exhilaratio.
2938 3315 3044 3368 Sed
3077 3315 3296 3382 quando
3340 3315 3459 3368 fieri

215 3403 322 3456 δων
349 3406 706 3478 ἐγκαρτερεῖν
735 3411 1000 3479 διηνεκῶς
1035 3415 1126 3465 τὸν
1158 3416 1487 3484 κρατοῦντα,
1530 3416 1785 3469 τοσοῦτον

216 3497 242 3546 ὁ
275 3495 399 3558 νοῦς
429 3497 782 3551 ἀπολελύσθω
817 3503 1136 3569 φροντίδων,
1168 3506 1291 3556 ὅσον
1320 3523 1378 3557 τε
1409 3507 1510 3573 τὴν
1545 3507 1785 3575 ἀθυμίαν

217 3586 583 3654 ἀποσοϐῆσαι,
637 3589 730 3642 καὶ
777 3593 851 3659 μὴ
907 3596 1191 3662 συνεχέσιν
1238 3596 1469 3666 ὄμϐροις
1520 3598 1614 3650 τοῦ
1661 3599 1786 3668 τῇδε

218 3679 336 3745 βίου
393 3683 853 3752 κατακλυσθῆναι.
905 3687 1122 3740 Πολλῶν
1169 3691 1278 3758 γὰρ
1315 3691 1483 3744 δντων
1516 3691 1610 3743 καὶ
1669 3709 1785 3744 ποι-

219 3773 412 3835 κίλων,
444 3775 554 3825 τῶν
608 3776 929 3845 μεθημέραν
962 3779 1055 3831 καὶ
1103 3781 1321 3850 νύκτωρ
1368 3783 1784 3850 ἀναγκαζόντων

217 3865 547 3932 φροντίζειν,
566 3867 802 3930 εὐκόλως
833 3869 898 3922 ἂν
931 3872 1024 3923 καὶ
1051 3873 1078 3924 ὁ
1105 3872 1287 3940 ἀρχων
1315 3874 1412 3942 τὴν
1438 3873 1580 3943 ζωὴν
1609 3893 1782 3944 προσ.

216 3958 528 4022 ἀπολέσειε,
565 3961 857 4030 πράγμασι
903 3964 1152 4017 παλαίων
1202 3967 1308 4029 ἀεὶ,
1347 3969 1614 4037 μηδαμῶς
1665 3971 1782 4030 τοῖς

215 4052 504 4119 λογισμοῖς
534 4055 839 4123 ἐκεχειρίαν
880 4056 1102 4108 διδοῦσι.
1136 4059 1274 4109 Φασὶ
1302 4059 1358 4110 δὲ
1379 4059 1472 4112 καί
1520 4076 1640 4113 τινα
1677 4061 1784 4112 τῶν

215 4143 386 4195 παλαι
425 4144 718 4211 μεγίστων,
770 4145 955 4216 ἁϐρῶς
999 4151 1111 4210 τοῖς
1146 4149 1324 4216 φίλοις
1373 4152 1784 4221 συνευωχούμε-

212 4253 328 4300 νον,
363 4238 558 4302 είπεῖν,
593 4239 704 4290 δεῖν
755 4239 844 4292 τδν
895 4239 1018 4293 νοῦν
1057 4243 1358 4312 φροντίδων
1392 4245 1558 4312 λύειν,
1595 4245 1782 4316 ὥσπερ

212 4329 282 4377 τὰ.
315 4329 443 4391 τόξα
479 4331 586 4381 τῶν
613 4332 821 4399 νευρῶν
844 4333 1178 4402 ἀπολύομεν,
1209 4338 1256 4387 εί
1286 4336 1576 4404 μέλλοιμεν
1601 4337 1782 4401 αὐτοῖς

216 4419 464 4487 ἰσχυροῖς
490 4417 645 4483 αὖθις
676 4423 935 4490 χρῆσθαι,
984 4425 1392 4478 ἐπαναλαϐοῦσι
1422 4426 1523 4496 τὴν
1571 4429 1782 4480 οίκείαν

209 4513 464 4579 δύναμιν.
502 4514 650 4582 Πλήν
673 4532 736 4582 γε
763 4519 829 4586 τῇ
862 4517 1110 4586 ῥᾳστώνῃ
1142 4518 1424 4587 χρώμεθα,
1454 4519 1529 4582 ῶς
1551 4537 1653 4584 τινι
1683 4522 1781 4590 τῆς

209 4603 452 4669 ἀθυμίας
479 4603 785 4673 βοηθήματι
809 4624 824 4639 ο
856 4607 1029 4668 ἄλλως
1059 4608 1116 4660 δὲ
1143 4608 1312 4676 αὐτὴν
1343 4610 1778 4680 ἀπορῤίπτομεν.

208 4698 301 4748 ἵνα
337 4695 411 4762 μὴ
442 4695 574 4748 πολὺ
614 4698 825 4766 τρυφᾷν
849 4699 1178 4767 ἐφιεμένοις,
1203 4701 1340 4753 πολὺ
1379 4704 1517 4770 πρὸς
1544 4704 1770 4756 τούναν·

204 4791 326 4840 τίον
359 4791 491 4858 ἡμῖν
539 4793 772 4859 περιστῇ
822 4791 882 4842 τὸ
920 4791 1189 4860 βούλημα.
1233 4795 1306 4847 Τὸ
1342 4798 1451 4865 γὰρ
1498 4798 1555 4856 ἐς
1602 4795 1773 4863 ἀκρον

206 4881 514 4950 διαχεῖσθαι
547 4882 604 4944 ἐς
638 4883 805 4952 ἀκρον
834 4886 1196 4938 συνεστάλθαι
1225 4890 1400 4940 ποιεῖν
1435 4887 1648 4942 εῖωθεν.

959 5062 1043 5116 [Γ.

290 5151 406 5204 Ούκ
435 5149 582 5203 ἐστιν
612 5152 788 5214 οὐδεὶς
819 5155 874 5206 ἐν
907 5152 1239 5224 ἀνθρώποις,
1265 5154 1322 5216 ὃς
1356 5157 1423 5210 ἀν
1451 5156 1655 5225 σπουδῇ
1686 5157 1781 5209 κα)⁸

212 5246 407 5303 πόνοις
459 5242 726 5312 διηνεκῶς
775 5247 1080 5314 χρήσαιτο’
1125 5247 1239 5300 ἀλλ’
1291 5248 1518 5318 ἡφύσις
1565 5251 1780 5317 ἑκάστῳ

212 5333 578 5397 σπουδάζοντι
609 5336 701 5387 καὶ
727 5336 1083 5404 παραμυθίας
1112 5339 1259 5400 τινὸς
1295 5339 1530 5407 ἐφίεται.
1566 5340 1778 5402 Ἀλλοις

213 5427 316 5488 μὲν
347 5424 439 5477 οὖν
465 5425 600 5478 ἄλλα
623 5426 758 5495 πρὸς
788 5426 1058 5497 ρᾳθυμίαν
1085 5429 1405 5499 ἐξεύρηταιο
1442 5429 1523 5481 σοὶ
1553 5429 1608 5481 δὲ
1638 5431 1777 5496 μετά

211 5519 416 5577 πόνους
448 5516 574 5576 τοὺς
605 5516 886 5586 βασιλεῦσι
917 5521 1297 5589 προσήκοντας
1327 5521 1569 5590 ἀρκείτω
1591 5523 1657 5575 τά
1695 5522 1776 5590 βι-

212 5607 363 5668 ϐλία,
397 5607 492 5660 καὶ
529 5607 589 5660 τὸ
627 5608 830 5673 πεδίον,
867 5609 1126 5677 ἑκάτερον
1173 5613 1312 5680 μετά
1352 5612 1546 5682 καιροῦ
1572 5629 1586 5644 ο
1616 5615 1712 5665 καὶ
1743 5615 1775 5679 ἡ

211 5697 421 5766 σχέδιος
453 5700 578 5750 σκιά
632 5703 859 5770 σκηνῆς,
895 5701 926 5770 ἢ
974 5702 1209 5769 φύλλων,
1263 5703 1294 5773 ἢ
1332 5703 1542 5774 ἄντρων
1567 5720 1581 5735 °
1624 5705 1714 5757 καὶ
1741 5707 1773 5773 ἡ

208 5789 416 5858 ἀηδὼν,
449 5790 498 5842 εί
525 5789 680 5859 τύχοι
703 5806 717 5820 ·
746 5792 780 5859 ἦ
802 5791 848 5843 τ’
883 5795 1216 5862 ἀναπηδῶσα
1241 5797 1412 5866 πηγὴ,
1442 5798 1532 5849 καὶ
1561 5799 1613 5849 αί
1648 5798 1775 5866 περὶ

205 5879 420 5951 ταύτην
443 5882 664 5951 βοτάναι
689 5900 702 5916 °
740 5883 884 5938 λιτόν
915 5904 971 5938 τε
996 5889 1089 5939 καὶ
1121 5889 1425 5957 αὐτόματον
1448 5889 1597 5957 ὄψον,
1627 5891 1776 5956 ἥδιον

1893 3412 2103 3482 nequit,
2135 3419 2191 3464 ut
2217 3417 2480 3478 perpetuo
2503 3422 2762 3463 curarum
2797 3405 3069 3460 flammam
3098 3409 3364 3462 sustineat
3391 3408 3458 3473 is,

1888 3506 1980 3574 qui
2023 3518 2203 3557 rerum
2260 3502 2486 3569 potitur,
2530 3509 2756 3555 eatenus
2819 3514 2972 3554 mens
3004 3500 3156 3554 curis
3191 3502 3458 3561 solvatur,

1887 3604 2158 3666 quatenus
2183 3601 2238 3647 et
2259 3593 2424 3645 animi
2458 3593 2759 3646 molesnam
2787 3591 3041 3660 depellat,
3062 3606 3164 3646 nec
3191 3592 3460 3646 imbribus

1891 3688 2056 3757 hujus
2090 3688 2213 3740 vita:
2234 3686 2510 3740 continuis
2533 3686 2812 3739 obruatur.
2839 3685 2972 3739 Nam
2989 3701 3109 3738 cum
3142 3687 3305 3739 multa
3329 3687 3460 3752 sint,

1889 3796 2067 3848 eaque
2092 3779 2264 3841 varia,
2317 3793 2436 3847 quae
2471 3787 2577 3831 tam
2616 3778 2878 3839 interdiu,
2911 3793 3072 3846 quam
3106 3787 3268 3832 noctu
3308 3779 3460 3847 prin-

1887 3873 2063 3941 cipem
2100 3870 2390 3924 sollicitum
2431 3884 2552 3922 esse
2615 3879 2838 3938 cogunt,
2878 3869 3035 3922 facile
3061 3871 3225 3924 vitam
3265 3873 3458 3925 amise-

1889 3958 1982 4020 rit,
2017 3972 2227 4025 semper
2260 3972 2384 4011 cum
2432 3958 2665 4027 negotiis
2705 3959 3054 4012 colluctando
3077 3999 3092 4022 ,
3127 3976 3247 4028 qua:
3280 3962 3460 4016 nullas

1885 4048 2104 4101 omnino
2129 4047 2809 4114 c0gitationibusimlucias
2832 4051 3146 4104 concedant.
3164 4051 3459 4106 Perhibent

1882 4138 2175 4208 quemdam
2235 4140 2535 4191 maximum
2594 4141 2870 4208 quondam
2905 4143 3105 4206 virum,
3143 4141 3291 4198 laute
3328 4161 3454 4197 cum

1886 4231 2078 4285 amicis
2113 4233 2449 4300 epulantem,
2512 4234 2740 4297 dixisse,
2777 4245 3013 4290 mentem
3043 4239 3192 4293 curis
3230 4240 3459 4294 solven-

1886 4324 2009 4378 dam
2040 4339 2180 4390 esse,
2209 4326 2352 4379 sicut
2377 4341 2538 4379 arcus
2568 4343 2829 4382 enervare
2855 4329 3150 4396 soleamus,
3183 4333 3457 4401 siquidem

1885 4415 1993 4467 illis
2026 4416 2217 4468 iterum
2251 4416 2444 4470 validis
2481 4417 2558 4469 uti
2593 4417 2824 4474 velimus
2851 4459 2864 4481 ,
2920 4419 3236 4477 instauratis
3264 4439 3452 4478 eorum

1886 4505 2116 4560 viribus.
2147 4506 2253 4560 Sed
2292 4508 2392 4561 hac
2425 4518 2606 4562 tamen
2639 4509 2969 4565 relaxatione
2992 4513 3183 4566 saltem
3224 4517 3452 4582 utimur,

1888 4597 2054 4650 veluti
2103 4601 2338 4668 quodam
2386 4601 2731 4670 aegritudinis
2784 4605 2955 4656 animi
3021 4607 3294 4673 remedio;
3329 4626 3452 4663 cum

1807 4681 1850 4736 Ι)
1879 4705 2001 4745 eam
2063 4689 2355 4758 ceteroqui
2395 4691 2733 4760 rejiciamus,
2772 4709 2839 4747 ne
2886 4695 3188 4764 voluptates
3221 4698 3450 4753 nimium

1878 4783 2243 4851 captantibus,
2265 4783 2316 4836 in
2333 4783 2604 4838 diversam
2625 4793 2832 4852 partem
2854 4787 3068 4842 animus
3085 4789 3292 4842 tendat.
3315 4787 3450 4842 Nam

1887 4881 2128 4927 extrema
2177 4872 2422 4942 quaedam
2488 4873 2812 4928 exhilaratio
2863 4890 3026 4931 causa
3061 4879 3300 4934 vicissim
3332 4895 3455 4934 esse

1881 4966 2133 5020 maeroris
2153 4965 2386 5019 extremi
2407 4967 2568 5020 solet.

2554 5058 2768 5113 LXXX.

1956 5149 2191 5203 Omnino
2247 5147 2558 5202 mortalium
2600 5163 2761 5202 nemo
2794 5159 2897 5214 est,
2951 5151 3044 5218 qui
3094 5152 3253 5205 seriis
3288 5155 3452 5206 rebus

1886 5252 2048 5311 atque
2077 5241 2360 5297 laboribus
2389 5242 2634 5298 intentus
2656 5257 2776 5297 esse
2814 5253 3077 5311 perpetuo
3107 5247 3277 5312 possit
3305 5264 3316 5300 :
3353 5249 3446 5301 sed

1888 5335 2000 5403 ipsa
2035 5343 2226 5387 natura
2248 5333 2518 5402 cujusque
2541 5334 2681 5389 seria
2708 5336 3021 5397 tractantis,
3042 5335 3256 5402 aliquod
3283 5337 3448 5392 etiam

1889 5425 2148 5480 solatium
2179 5423 2477 5478 desiderat.
2532 5425 2666 5478 Aliis
2696 5425 2862 5494 igitur
2894 5425 3000 5478 alia
3037 5426 3246 5481 levandi
3281 5430 3447 5482 animi

1889 5531 2055 5571 causa
2090 5525 2304 5585 reperta
2334 5524 2482 5568 sunt.
2525 5518 2591 5568 At
2639 5517 2734 5569 tibi
2770 5526 2893 5582 post
2939 5519 3325 5572 convenientes
3363 5535 3450 5572 re-

1885 5611 2042 5680 gibus
2063 5609 2279 5664 labores
2310 5608 2433 5663 libri
2465 5607 2735 5663 suiﬁciant
2757 5617 2810 5662 et
2837 5623 3063 5678 campus
3089 5628 3102 5674 ;
3130 5620 3447 5678 utrumque,

1885 5719 2007 5758 cum
2041 5701 2387 5758 commodum
2423 5702 2528 5756 erit
2556 5721 2568 5766 ;
2613 5711 2665 5756 et
2695 5702 2885 5756 umbra
2917 5701 3146 5770 simplex
3185 5716 3249 5756 ac
3281 5702 3450 5756 inela-

1886 5796 2075 5849 borata
2113 5795 2192 5849 vel
2241 5795 2460 5849 tentorii
2520 5794 2602 5847 ve!
2639 5793 2938 5858 frondium,
2996 5793 3078 5846 vel
3111 5802 3395 5847 autrorum
3427 5835 3438 5858 ,

1883 5899 1935 5944 ct
1959 5888 2211 5955 luscinia,
2250 5887 2295 5943 si
2353 5889 2526 5950 adsit;
2572 5896 2625 5941 ct
2652 5887 2775 5942 fons
2809 5888 3030 5952 saliens,
3060 5893 3113 5940 et
3147 5886 3288 5942 circa
3321 5884 3442 5940 fon-
