4748 6512
1175 427 1269 486 371

2322 433 2374 489 Μ
2387 433 2716 491 ANUELIS
2760 433 3197 494 ΡΑιίἘΟιΟϐΙ

4289 441 4416 502 3’72

1174 549 1280 590 tem
1313 535 1493 590 herba:
1520 555 1531 598 ;
1567 544 1621 587 et
1653 535 1756 588 vile
1785 537 2003 603 quidem
2054 538 2342 591 obsonium
2381 541 2734 605 oblatumque
2761 547 2806 606 Α
2836 544 2890 594 δὲ
2936 562 3049 594 πειι

2547 547 2806 606 .unqueA
2836 544 2890 594 δὲ
2936 548 3226 612 πεινήσασι
3276 545 3367 596 καὶ
3424 545 3756 608 πανδαισίας
3794 547 3895 614 τῆς
3924 547 4085 601 οῐκοι.
4135 549 4241 599 Ἐὦ
4292 550 4422 616 γὰρ

1176 629 1442 692 fortuito;
1506 626 1599 680 sed
1654 627 1849 682 famem
1902 629 2273 691 aﬂ’ercntibus,
2341 631 2504 683 etiam
2562 631 2728 683 dubia

1175 732 1351 780 mena,
1383 718 1527 771 domi
1576 727 1806 780 structa,
1860 718 2176 784 jucundius.
2210 719 2362 773 Mitto
2397 735 2629 786 namque
2667 720 2732 771 de

1172 809 1443 864 ambrosia
1474 819 1525 862 et
1559 808 2070 874 nectare,fabulosis
2102 809 2472 877 rebus,loqui.
2501 810 2736 864 Accedat

1174 903 1261 956 iis
1300 902 1393 954 tibi
1429 901 1626 954 charus
1654 915 1852 968 equus,
1883 909 1936 953 et
1976 901 2127 952 canis
2156 910 2208 954 et
2241 901 2526 968 accipiter,
2575 911 2628 954 et
2657 911 2734 954 te-

1174 995 1352 1046 lorum
1389 993 1440 1045 in
1475 991 1616 1045 feras
1645 992 1886 1054 emissio,
1925 1007 2070 1045 nunc
2093 994 2230 1046 clam
2254 1033 2266 1053 ,
2304 1007 2447 1045 nunc
2481 993 2637 1061 pleno
2660 992 2736 1044 fa-

1175 1083 1364 1137 cienda
1389 1098 1576 1140 cursu,
1602 1092 1756 1150 prout
1794 1083 1922 1150 ips-.e
1952 1091 2123 1136 semet
2158 1083 2480 1135 obtulerint.
2515 1084 2617 1136 Sed
2652 1083 2733 1136 his

1178 1183 1348 1235 utere,
1381 1189 1486 1226 non
1517 1183 1772 1242 tanquam
1811 1175 1934 1232 ﬁne.
1965 1173 2058 1227 sed
2088 1174 2277 1227 melius
2315 1174 2518 1242 aliquid
2560 1173 2734 1241 respi-

1179 1267 1350 1330 ciens,
1375 1276 1432 1319 ut
1463 1267 1826 1320 valetudinem
1865 1267 2080 1327 bonam,
2126 1276 2182 1319 ut
2217 1267 2655 1334 p0pularitati-m.
2680 1276 2737 1318 ut

1180 1357 1591 1424 experientiam,
1619 1370 1736 1422 qum
1762 1356 1957 1408 milites
1978 1356 2183 1410 deceat.
2217 1355 2290 1407 Ita
2321 1355 2430 1416 ﬁet,
2465 1364 2523 1405 ut
2556 1353 2733 1421 praeda

1184 1461 1288 1498 non
1319 1448 1540 1514 potitus,
1578 1462 1739 1515 quam
1770 1461 1981 1513 semper
2012 1445 2235 1512 adipisci
2270 1461 2372 1497 non
2402 1445 2549 1509 licet,
2583 1443 2736 1495 volu-

1183 1550 1326 1610 ptate
1361 1549 1542 1594 tamen
1568 1542 1620 1594 in
1665 1543 1732 1595 iis
1763 1542 1984 1594 minime
2020 1555 2230 1603 careas,
2263 1554 2381 1608 (ιιιςιι
2415 1539 2602 1591 abesse
2636 1549 2929 1608 nequeunt,
2962 1552 3014 1596 et
3048 1558 3281 1611 quorum
3355 1559 3522 1599 causa
3591 1545 3828 1600 venandi

1185 1650 1286 1702 pne
1322 1633 1579 1702 suscipis.

1846 1723 2081 1777 LXXXI.

1254 1813 1397 1866 Cave
1459 1813 1773 1881 permiseris
1809 1813 1874 1866 ad
1909 1822 1958 1867 te
1989 1814 2172 1867 venire
2207 1812 2426 1883 propius
2486 1812 2742 1882 hypocri-
2775 1838 2818 1891 Β

1190 1915 1321 1967 tam,
1354 1905 1446 1958 sed
1478 1906 1653 1959 omnis
1682 1905 1957 1959 simulatio
1990 1906 2083 1959 tibi
2114 1903 2468 1960 exsecrabilis
2497 1912 2642 1967 esto,
2680 1919 2746 1956 ne

1191 1997 1506 2064 imprudens
1541 1997 1665 2063 lupo
1705 2011 1765 2048 ac
1820 1997 2012 2064 pirata;
2063 1995 2242 2058 ﬁdem,
2301 2009 2400 2062 pro
2433 2002 2648 2061 pastore
2686 2009 2748 2047 ac

1192 2088 1573 2154 gubernatore,
1602 2087 1823 2139 habeas.
1849 2086 1904 2139 lu
1933 2086 2158 2154 eos.qui
2178 2085 2308 2139 false
2331 2095 2561 2154 carpunt
2586 2085 2745 2149 alios,

1194 2178 1340 2232 nullo
1385 2193 1507 2232 cum
1561 2179 1800 2246 ipsorum
1855 2177 2058 2243 fructu,
2091 2177 2298 2232 salibus
2342 2178 2457 2246 ipse
2507 2175 2751 2245 paternis

1196 2272 1398 2324 utitor:
1439 2279 1496 2324 ut
1524 2270 1622 2324 hos
1658 2270 1876 2338 quidem
1914 2270 2207 2338 ignominia
2247 2270 2467 2332 liberes,
2516 2269 2606 2338 qui
2631 2283 2753 2320 car-

1197 2371 1399 2428 puntur
1431 2362 1671 2429 inquam,
1706 2361 1825 2415 illos
1857 2376 1983 2413 vero
2016 2360 2369 2414 modestiores
2391 2360 2754 2414 eﬁicias.Cre—

1198 2453 1307 2505 dita
1349 2451 1591 2505 ﬁdeitua‘.
1623 2450 1787 2504 verba
1812 2465 1920 2503 non
1945 2450 2098 2503 aliter
2132 2450 2427 2514 custodies,
2462 2466 2524 2502 ac
2551 2450 2595 2505 si
2633 2450 2753 2518 quis

1199 2544 1470 2612 ingentem
1506 2541 1619 2595 auri
1649 2541 1755 2594 vim
1785 2543 1924 2608 apud
1987 2554 2034 2595 te
2067 2541 2432 2610 deposuisset.
2465 2540 2756 2594 Juramen-

1202 2638 1269 2688 tis
1295 2645 1348 2688 tu
1370 2635 1584 2704 quidem
1615 2634 1932 2696 abstinebis,
1967 2633 2058 2688 sed
2079 2633 2292 2687 interim
2330 2640 2510 2687 mores
2539 2634 2614 2686 tui
2638 2633 2758 2686 uni-

1204 2726 1373 2782 versis
1409 2728 1609 2794 optima
1646 2741 1872 2795 quaeque
1897 2725 1960 2779 de
1996 2735 2045 2778 te
2077 2725 2456 2794 polliceantur.
2494 2722 2757 2776 Votorum

1204 2818 1609 2887 conceptionem
1658 2817 1872 2885 putabis
1910 2831 2030 2871 esse
2080 2831 2193 2870 rem
2237 2815 2446 2884 plenam
2489 2815 2755 2880 horroris,

1207 2911 1296 2965 sed
1329 2921 1379 2964 tu
1418 2918 1523 2962 tam
1563 2907 1692 2971 Deo,
1725 2923 1883 2976 quam
1941 2908 2275 2972 hominibus,
2314 2908 2587 2976 promissa
2619 2921 2758 2973 prae-

1209 3002 1397 3056 stabis.
1463 3001 1664 3054 Decere
1692 3007 1743 3055 te
1781 3001 2159 3061 arhitraberis,
2214 3007 2272 3051 ut
2315 3009 2662 3067 acceptorum
2695 2999 2762 3052 ab

1208 3096 1326 3148 a‘iis
1359 3093 1740 3147 beneﬁciorum
1781 3091 2115 3157 memineris,
2151 3091 2244 3145 sed
2277 3091 2397 3144 aliis
2424 3091 2520 3145 abs
2553 3100 2603 3145 te
2627 3106 2762 3159 pra:-

2835 631 3015 696 λέγειν
3051 631 3359 700 ἀμϐροσίαν
3404 641 3494 685 καὶ
3527 635 3747 703 νέκταρ,
3789 635 3856 688 τά
3890 638 4119 704 μυθικὰ,
4155 638 4291 706 πρὸς
4331 633 4422 698 οἷς

2836 722 2863 771 ὁ
2898 721 3048 788 φίλος
3086 739 3165 774 σοι
3203 723 3387 786 ἵππος,
3419 726 3446 776 ὀ
3483 725 3654 791 κύων,
3698 729 3723 778 ὁ
3753 726 3926 795 ίέραξ,
3960 729 3991 795 ἡ
4020 728 4155 797 πρὸς
4196 730 4264 780 τά
4312 730 4425 796 θη-

2842 812 2933 879 ρία
2966 813 3071 865 τῶν
3125 813 3296 882 βελῶν
3346 814 3562 882 ἄφεσις,
3616 817 3744 869 ποτέ
3787 818 3886 886 μὲν
3916 819 4113 888 λάθρα,
4169 822 4300 871 ποτέ
4356 820 4420 871 δὲ

2841 902 3024 972 δρόμῳ
3058 907 3346 972 χρωμένῳ,
3389 909 3611 961 ἐπειδὰν
3646 910 3922 971 κάκείνοις
3967 912 4164 962 ταυτὸν
4208 912 4422 977 γίγνη-

2843 1011 2954 1046 ται.
2983 995 3073 1062 Μὴ
3099 997 3213 1063 χρῶ
3242 997 3293 1048 δὲ
3323 996 3535 1060 τούτοις
3559 1000 3632 1061 ὡς
3661 1002 3825 1063 τέλει,
3852 1001 3966 1052 ἀλλ’
3990 1002 4214 1069 ἀφορῶν
4241 1001 4326 1062 είς
4358 1018 4420 1052 τι

2845 1084 3072 1152 βέλτιον,
3105 1087 3341 1151 εὐεξίαν,
3379 1091 3684 1154 κοινωνίαν,
3720 1093 4012 1159 ἐμπειρίαν
4039 1092 4424 1159 στρατιώταις

2843 1181 3181 1248 πρέπουσαν.
3236 1182 3423 1252 Ταύτῃ
3454 1184 3677 1249 καὶτῆς
3726 1185 3896 1252 θήρας
3947 1186 4236 1253 ἀποτυχὼν
4265 1186 4425 1245 (οὐδὲ

2843 1269 2948 1335 γὰρ
2988 1270 3075 1320 ἀεὶ
3105 1272 3395 1339 τυγχάνειν
3428 1270 3538 1325 οἶόν
3562 1275 3673 1340 τε),
3709 1277 3808 1343 τῆς
3840 1276 4183 1345 εὐφροσύνης
4213 1278 4310 1326 οῦκ
4347 1275 4422 1326 ἂν

2843 1358 3129 1425 ἁμάρτοις,
3181 1361 3236 1413 ἐν
3285 1359 3366 1424 οἶς
3420 1365 3520 1415 οὐκ
3580 1364 3726 1417 ἔστιν
3770 1367 4085 1434 ἀποτυχεῖν,
4139 1367 4205 1418 δι’
4241 1365 4274 1419 ἃ.
4327 1381 4422 1416 σοι

2845 1446 3123 1513 προύργου
3157 1447 3402 1515 γίγνεται
3433 1451 3492 1501 τὸ
3524 1451 3718 1521 θηρᾷν.

3901 1545 4142 1599 laborem
4218 1543 4419 1614 ιιι-κρί-

3569 1723 3696 1780 IIA'.

2931 1813 3245 1883 ’Υπόκρισις
3274 1814 3416 1866 ἔστω
3441 1832 3522 1869 σοι
3557 1817 3810 1885 μισητὸν,
3846 1817 3941 1868 καὶ
3973 1817 4189 1885 μακράν
4220 1817 4248 1867 δ
4278 1817 4423 1868 ταύ-

2847 1924 2945 1976 την
2977 1907 3368 1975 ἐργαζόμενος,
3408 1909 3479 1975 μή
3538 1925 3667 1960 ποτε
3705 1908 3874 1979 λάθῃς
3913 1908 4212 1968 πιστεύσας
4265 1906 4423 1973 λύκῳ

2848 2012 2906 2046 τε
2931 1995 3024 2046 καὶ
3050 1998 3280 2064 πειρατῇ
3307 1997 3426 2048 ἀντὶ
3465 1997 3723 2064 ποιμένος
3750 2000 3842 2048 καὶ
3880 1998 4237 2066 κυϐερνήτου.
4266 1997 4426 2046 Σκῶ-

2851 2103 2950 2139 πτε
2982 2086 3036 2138 δέ
3073 2089 3352 2156 πατρικῶς
3381 2090 3506 2148 τοῦς
3559 2087 3833 2140 σκώπτειν
3865 2088 4058 2150 ἄλλους
4111 2087 4420 2149 ἐθέλοντας,

2851 2179 2947 2231 οὐκ
2977 2177 3241 2246 ὡφελείας
3268 2179 3430 2231 ἕνεκα
3449 2196 3461 2210 °
3489 2181 3635 2241 ὅπως
3666 2180 3792 2240 τοὺς
3818 2180 3916 2247 μὲν
3947 2179 4208 2246 αἰσχύνης
4241 2176 4425 2228 ἀπαλ-

2854 2269 3092 2333 λάξειας,
3128 2269 3270 2336 λέγω
3301 2269 3364 2338 δὴ
3412 2270 3537 2332 τοὺς
3571 2271 3903 2338 πάσχοντας,
3934 2271 4058 2332 τοὺς
4092 2270 4146 2320 δὲ
4199 2284 4426 2334 σωφροο

2853 2359 3142 2428 νεστέρους
3175 2361 3454 2430 ἐργάσαιο.
3503 2357 3872 2414 Πιστευθέντα
3899 2361 3954 2414 δέ
4003 2378 4084 2412 σοι
4117 2360 4274 2427 λόγον
4308 2360 4427 2410 δια-

2857 2451 3114 2519 φύλαττε,
3148 2450 3179 2519 ἢ
3213 2451 3266 2502 εί
3294 2468 3376 2513 τις
3425 2452 3489 2504 ἀν
3523 2469 3605 2504 σοι
3655 2453 3876 2520 χρυσίον
3913 2451 4073 2520 ἁδρὸν
4101 2448 4425 2519 ¹παρέθετο.

2859 2542 3078 2611 Ὀρκων
3115 2541 3171 2594 δέ
3206 2557 3300 2592 σου
3337 2541 3681 2608 φειδομένου,
3717 2542 4048 2609 ἐπαγγελίας
4077 2539 4287 2606 ἀγαθὰς
4319 2541 4429 2590 πᾶ-

2859 2649 2944 2684 σιν
2974 2635 3020 2684 οί
3051 2633 3240 2701 τρόποι
3269 2633 3580 2686 διδότωσαν.
3612 2634 3844 2701 Φρικτὸν
3877 2633 3976 2701 μέν
4011 2628 4233 2684 εἶναιτὸ
4271 2633 4430 2696 εὖξαι

2863 2724 2987 2776 σθαι
3023 2725 3163 2776 πάνυ
3198 2722 3406 2790 νόμιζε,
3435 2724 3534 2784 τὰς
3575 2723 3896 2791 ὑποσχέσεις
3927 2723 3981 2774 δέ
4029 2723 4147 2791 Θεῷ
4176 2724 4270 2774 καὶ
4310 2726 4430 2784 τοῖς

2861 2816 3170 2884 ἀνθρώποις
3206 2815 3436 2868 ἐκτέλει.
3469 2814 3795 2883 Μεμνῆσθαι
3828 2816 4009 2882 μέντοι
4053 2814 4163 2865 τῶν
4193 2815 4331 2881 πρὸς
4363 2814 4431 2866 σδ

2861 2908 2967 2960 τῶν
2994 2907 3168 2961 ἀλλων
3193 2906 3448 2958 εὐποιιῶν
3475 2907 3752 2976 προσῆκον
3779 2902 3918 2959 εἷναί
3947 2923 4038 2957 σου
4072 2906 4286 2973 νόμιζε,
4315 2905 4429 2956 τῶν

2865 2996 3019 3066 παρὰ
3061 2995 3153 3047 σοῦ
3208 2996 3344 3065 πρὸς
3391 2995 3588 3057 ἄλλους
3637 2997 4164 3064 ἐπιλανθανόμενος·
4205 2995 4328 3047 θέλε
4373 2995 4432 3046 δὲ

2867 3089 3226 3151 πλεονεκτεῖν,
3273 3087 3369 3155 οὐχ
3397 3087 3642 3154 ὑστερεῖν
3680 3087 4061 3156 ἀμειϐόμενος.
4097 3087 4213 3138 Κᾶν
4253 3085 4433 3137 ταῦτα

1211 3190 1460 3240 stitorum
1496 3184 1861 3239 obliviscaris.
1893 3185 1955 3236 lit
2006 3182 2230 3251 quidem
2266 3183 2482 3234 vincere
2510 3196 2765 3249 compen-
2795 3186 2839 3246 ο
2870 3178 3086 3246 πράττω

2557 3196 2765 3249 )mpen-
2795 3186 2839 3246 C
2870 3178 3126 3246 πράττων
3178 3177 3443 3246 διατελῇς,
3501 3178 3718 3245 φεύγων
3750 3179 3843 3229 καὶ
3878 3177 3938 3229 τὸ
3991 3177 4190 3243 ὕφαλον
4240 3171 4432 3243 αἶσχος

1213 3278 1394 3332 sandis
1448 3276 1747 3337 beneﬁciis,
1783 3289 1888 3326 non
1955 3274 2100 3325 vinci
2169 3272 2325 3325 velis.
2360 3271 2493 3336 Qua:
2518 3273 2559 3325 si
2592 3271 2767 3324 facere

1215 3385 1318 3423 non
1369 3367 1608 3431 desines,
1670 3366 1945 3419 occultum
2004 3379 2220 3433 quoque
2275 3364 2510 3419 dedecus
2554 3364 2768 3431 fugiens

1217 3465 1362 3530 (nam
1395 3461 1542 3513 larva
1562 3472 1832 3526 scenaque
1863 3458 1948 3510 vix
1971 3458 2134 3509 etiam
2163 3457 2366 3510 scurris
2399 3455 2767 3514 concedenda.

1217 3554 1307 3620 qui
1341 3552 1422 3605 vel
1446 3551 1702 3618 colaphos
1748 3548 1995 3616 accipere
2058 3563 2166 3601 non
2201 3547 2472 3606 dubitant.
2510 3556 2562 3599 ut
2597 3546 2766 3598 risum

1221 3644 1339 3696 aliis
1363 3640 1666 3709 moveant):
1727 3640 2028 3693 orationem
2066 3647 2213 3691 tuam
2265 3636 2627 3706 jurisjurandi
2657 3638 2772 3691 luco

1223 3733 1547 3788 mortalibus
1574 3732 1845 3786 universis
1875 3729 2227 3784 suffecturam
2265 3729 2526 3783 arbitror.

1879 3820 2135 3874 LXXXII.

1294 3917 1439 3971 Viris
1473 3914 1807 3985 principibus
1844 3912 1985 3965 haud
2024 3912 2162 3964 male
2188 3909 2776 3976 conveniuntgravitas

1227 4025 1387 4080 atque
1418 4005 1971 4080 magniﬁcentia;scd
2026 4003 2302 4057 miscenda
2350 4002 2448 4055 tibi
2473 4016 2689 4069 semper
2728 4000 2775 4052 ei

1227 4101 1441 4172 frigori,
1474 4099 1617 4169 quod
1641 4096 1817 4150 inesse
1851 4094 2101 4162 gravitati
2135 4093 2350 4146 videtur
2379 4099 2504 4160 apta
2531 4091 2776 4158 quautam

1228 4195 1503 4248 suavitas:
1541 4199 1594 4244 et
1624 4189 1926 4250 severitati,
1951 4202 2071 4256 quae
2103 4185 2520 4252 magniﬁcentia:
2563 4182 2780 4235 videtur

1232 4297 1430 4346 inesse,
1471 4289 1618 4349 grata
1653 4277 1898 4347 quaedam
1930 4274 2265 4344 popularitas
2291 4290 2306 4326 :
2332 4280 2391 4326 ut
2423 4273 2508 4326 his
2563 4286 2782 4339 quoque

1233 4373 1648 4442 rebusinipcrio
1676 4380 1768 4424 tuo
1830 4370 1995 4422 decus
2047 4367 2334 4427 concilies,
2395 4373 2448 4417 et
2495 4364 2782 4416 audientes

1233 4470 1379 4522 dicto
1402 4467 1650 4520 subditos
1683 4464 1736 4516 in
1776 4461 1842 4515 iis
1865 4461 2088 4524 habeas,
2124 4474 2243 4527 qua:
2259 4459 2308 4510 vi
2343 4457 2544 4511 mentis
2571 4455 2777 4524 optime

1235 4557 1605 4629 perspexeris;
1643 4555 1850 4620 absque
1881 4566 1988 4618 quo
2017 4550 2105 4611 sit,
2135 4548 2270 4601 nihil
2329 4547 2476 4602 utilis
2534 4547 2610 4600 rei
2666 4544 2781 4597 ﬁeri

1237 4651 1448 4720 poterit.
1480 4649 1540 4701 Et
1572 4663 1635 4700 ex
1671 4654 1793 4697 voto
1830 4657 1961 4696 sane
1989 4656 2076 4694 res
2114 4640 2211 4692 tibi
2238 4653 2343 4692 non
2376 4652 2565 4706 parum
2603 4649 2786 4690 succe-

1235 4745 1344 4807 dct,
1378 4741 1422 4795 si
1459 4739 1750 4807 benignum
1790 4743 1842 4788 et
1899 4730 2301 4786 formidabilem
2365 4731 2420 4782 in
2478 4741 2592 4790 eos,
2647 4739 2785 4794 quos

1238 4832 1508 4893 convenit,
1543 4841 1591 4882 te
1619 4842 1794 4896 geres,
1829 4839 1927 4878 nec
1949 4825 2038 4891 jus
2071 4832 2221 4876 tuum
2259 4821 2310 4874 in
2337 4819 2594 4874 omnibus
2620 4832 2786 4871 accu-

1242 4936 1353 4978 rate
1375 4920 1665 4990 spectabis,
1692 4926 1744 4970 ct
1779 4929 1968 4985 poenas
1997 4928 2103 4966 non
2137 4912 2203 4964 ab
2253 4911 2505 4964 omnibus
2564 4907 2784 4974 exiges:

1241 5014 1473 5067 maxime
1515 5025 1663 5074 vero,
1690 5008 1734 5063 si
1773 5023 1877 5060 non
1914 5006 2091 5059 tniuus
2117 5003 2294 5066 factis,
2358 5016 2520 5069 quam
2579 4999 2786 5061 verbis,

1242 5121 1332 5158 cos
1361 5102 1732 5173 persuadebis,
1753 5098 1954 5153 rectius
1983 5097 2101 5161 tibi,
2134 5109 2292 5164 quam
2312 5093 2576 5161 ipsismet.
2603 5105 2788 5143 eorum

1241 5213 1361 5251 csse
1383 5202 1662 5262 perspecta
1694 5190 1997 5245 commoda.
2058 5188 2266 5254 Quippe
2306 5184 2349 5237 si
2405 5183 2649 5236 futurum
2700 5197 2794 5249 pa-

1244 5292 1435 5352 ruerit,
1474 5297 1531 5340 ιιι
1559 5285 1779 5339 monitis
1815 5283 1922 5336 tuis
1961 5282 2424 5348 obtemperantes,
2492 5277 2609 5344 ejus
2667 5276 2796 5328 obe-

1245 5380 1462 5435 dientia:
1497 5379 1730 5431 fructum
1774 5373 1966 5436 ferant,
2004 5373 2165 5425 etiam
2202 5371 2357 5424 factis
2395 5370 2646 5421 hortatus
2674 5375 2794 5420 tuos

1248 5481 1582 5526 antevertcre
1626 5467 1936 5522 Studebunt.
1968 5463 2076 5517 Hoc
2110 5461 2355 5523 medicis,
2397 5459 2499 5511 hoc
2525 5456 2798 5526 guberna-

1249 5564 1478 5625 toribus,
1506 5564 1606 5612 hoc
1632 5557 1942 5626 pastoribus
1988 5555 2234 5623 largitur,
2273 5550 2515 5603 utetiam
2572 5547 2797 5601 nutibus

1250 5655 1522 5725 impellere
1535 5651 1767 5723 possint.

1874 5736 2162 5792 LXXXIII.

1325 5840 1528 5895 Imitari
1561 5838 1696 5892 nolis
1736 5835 1847 5902 cjns
1876 5833 2041 5887 animi
2069 5829 2268 5895 studia,
2300 5841 2455 5896 quem
2486 5839 2594 5880 non
2627 5839 2798 5889 amas,

2874 3272 2955 3342 (τὸ
2984 3271 3093 3340 γὰρ
3141 3274 3507 3339 προσωπεῖον.
3545 3272 3638 3322 καὶ
3666 3272 3696 3341 η
3728 3271 3920 3339 σκηνὴ,
3957 3271 4109 3338 μόλις
4159 3287 4265 3323 που
4303 3286 4437 3334 συγ-

2870 3363 3121 3433 χωρητέα
3162 3362 3546 3428 γελωτοποιοῖς
3596 3363 3929 3432 ἀνθρώποις,
3963 3363 4010 3414 οἳ
4051 3361 4144 3414 καὶ
4181 3362 4272 3412 ἐπὶ
4309 3361 4436 3429 κόρ-

2873 3456 2974 3524 ρης
3006 3453 3349 3523 ῥαπίζονται,
3397 3452 3534 3504 ὥστε
3569 3453 3694 3514 τοὺς
3742 3453 3934 3514 ἄλλους
3974 3451 4246 3516 γελάσαι),
4280 3446 4437 3517 οἶμαί

2875 3563 2956 3596 σοι
2987 3546 3079 3596 καὶ
3123 3545 3279 3610 λόγον
3313 3542 3430 3597 ἀνθ’
3482 3545 3646 3612 ὅρκου
3689 3546 3825 3613 προς
3876 3546 4124 3604 ἃπαντας
4181 3543 4439 3611 ἀρκέσειν

2874 3638 3212 3707 ἀνθρώπους.

3593 3813 3715 3867 ΠΒ’.

2950 3909 3223 3977 Σεμνότης
3253 3909 3348 3960 καὶ
3381 3905 3826 3976 μεγαλοπρέπεια
3855 3902 4118 3972 ἡγεμόσιν
4155 3902 4257 3954 ούκ
4289 3902 4436 3970 ἀπᾲο

2879 4003 2977 4054 δει.
3008 4002 3098 4052 Δεῖ
3145 4016 3201 4050 σε
3237 3999 3292 4051 δέ
3327 4000 3520 4067 κιρνᾷν
3558 3998 3646 4049 ἀεὶ
3700 3996 3793 4047 τοῦ
3850 3996 3948 4062 μὲν
3990 3994 4191 4061 σεμνοῦ
4247 3998 4316 4062 τῇ
4354 3994 4438 4044 δο-

2881 4093 3051 4162 κούσῃ
3085 4091 3386 4159 ψυχρότητι
3416 4089 3514 4157 τὴν
3561 4089 3893 4156 γιγνομένην
3942 4087 4198 4156 ήδύτητα,
4252 4084 4350 4137 τοῦ
4385 4085 4441 4136 δὲ

2887 4179 3340 4252 μεγαλοπρεποῦς
3384 4179 3460 4248 τῷ
3504 4178 3801 4248 ἀμειλίκτῳ
3848 4177 4093 4230 δοκοῦντι
4149 4179 4440 4229 κοινωνίαν

2883 4276 3216 4342 χαρίεσσαν·
3257 4273 3409 4333 ὅπως
3457 4271 3670 4336 φαίνοιο
3700 4269 3790 4320 καὶ
3829 4269 4004 4321 τοῖσδε
4055 4268 4287 4338 πρέπων
4316 4272 4444 4336 ἠγε-

2888 4365 3068 4432 μονίᾳ,
3101 4361 3195 4413 καὶ
3229 4362 3417 4430 σχοίης
3462 4378 3524 4427 γε
3559 4362 3682 4422 τοὺς
3724 4360 3829 4412 ὑπὸ
3861 4360 3921 4410 σέ
3958 4359 4340 4426 πειθομένους,
4368 4354 4444 4420 οἷς

2889 4455 2953 4507 ἂν
2986 4455 3059 4513 ὡς
3090 4455 3287 4521 ἄριστα
3313 4453 3499 4520 γνοίης
3525 4467 3540 4481 ⁸
3576 4447 3634 4504 οῦ
3664 4453 3831 4520 χωρὶς
3861 4452 4008 4503 οὐδὲν
4042 4450 4158 4502 ἐστι
4187 4450 4443 4515 γενέσθαι

2891 4548 2997 4599 τῶν
3029 4546 3222 4612 ὀνῆσαι
3264 4543 3598 4610 δυναμένων.
3641 4540 3844 4593 Τούτου
3872 4541 3928 4592 δὲ
3960 4538 4219 4607 ἐπιτυχὴς
4254 4539 4322 4591 ἂν
4355 4541 4441 4604 γέ·

2889 4653 3021 4699 νοιο,
3053 4637 3150 4704 οὐχ
3191 4636 3394 4704 ἥκιστα
3424 4633 3523 4702 μὲν
3567 4632 3640 4684 ὢν
3670 4633 3906 4701 χρηστὸς
3951 4633 4046 4683 καὶ
4090 4631 4322 4699 φοϐερδς
4371 4625 4448 4691 οἷς

2888 4727 3179 4796 προσήκει,
3214 4726 3306 4777 καί¹
3359 4725 3432 4793 μὴ
3478 4725 3538 4776 τὸ
3581 4723 3780 4776 σαυτοῦ
3835 4723 4052 4774 σκοπῶν
4093 4722 4343 4790 ἀκριϐῶς
4397 4724 4448 4773 ἐν

2889 4818 3081 4881 ἀπασι,
3116 4818 3207 4869 καὶ
3243 4816 3400 4878 δίκας
3424 4817 3484 4868 οὐ
3523 4817 3674 4884 παρὰ
3719 4814 3938 4866 πάντων
3977 4814 4306 4885 λαμϐάνωνο
4349 4813 4450 4881 μά-

2890 4911 3047 4962 λιστα
3074 4910 3150 4974 δέ,
3184 4910 3232 4962 εί
3267 4908 3478 4970 πείθεις
3523 4907 3718 4969 αὐτοὺς
3758 4907 3937 4977 ἔργοις
3979 4906 4079 4973 οὐχ
4108 4901 4273 4975 ἦττον
4301 4905 4334 4973 ἢ
4370 4904 4451 4954 λό-

2893 5017 3033 5066 γοις,
3065 5001 3140 5062 ὼς
3167 5001 3252 5069 ἄρ’
3289 4999 3511 5050 ἐκείνων
3554 4999 3775 5066 ἄμεινον
3809 4997 3868 5048 τὸ
3902 4996 4125 5048 ἐκείνων
4171 4996 4452 5063 συμφέρον

2894 5093 3196 5143 ἐπίστασαι.
3239 5089 3446 5158 Σαφοῦς
3481 5089 3588 5158 γὰρ
3625 5088 3908 5156 γεγονότος
3959 5088 4187 5149 ἐκείνου,
4225 5087 4300 5149 ὠς
4338 5103 4452 5138 πει-

2898 5183 3147 5252 θομένοις
3180 5200 3262 5234 σοι
3319 5181 3672 5250 παραινοῦντι
3704 5180 3762 5233 εὖ
3809 5180 3875 5232 ἂν
3925 5180 4077 5246 σχοίη
4127 5180 4370 5230 τουτοισὶ
4398 5179 4452 5228 τὸ

2900 5276 3209 5336 πεπεῖσθαι,
3243 5275 3444 5343 φθάσαι
3477 5290 3570 5324 σου
3599 5274 3693 5335 τὰς
3727 5273 4073 5340 παραινέσεις
4109 5271 4452 5339 ἐθελήσουσιν

2900 5368 3099 5437 ἔργοις.
3152 5366 3319 5417 Τοῦτο
3375 5366 3600 5433 ίατροῖς,
3649 5363 3808 5414 τοῦτο
3861 5362 4244 5430 κυϐερνήταις,
4301 5360 4452 5413 τοῦτο

2901 5459 3123 5528 ποιμέσι
3151 5457 3332 5509 δίδωσι
3361 5456 3421 5508 τὸ
3447 5457 3539 5509 καὶ
3569 5458 3681 5517 τοῖς
3716 5454 3980 5522 νεύμασιν
4009 5453 4187 5520 ἀγειν.

3623 5723 3666 5775 II
3677 5723 3746 5775 I".

2976 5817 3081 5883 Ἧς
3135 5818 3228 5878 μὲν
3289 5818 3386 5870 οὐκ
3427 5818 3553 5885 ἐρᾷς
3587 5815 3783 5883 ψυχῆς,
3833 5813 3908 5878 ὡς
3943 5813 4040 5867 οὐκ
4096 5811 4311 5874 ἐρώσης
4352 5807 4448 5861 τῶν
