4748 6512
227 472 333 530 E73

1177 463 1581 528 I‘RxECEPTA
1623 469 2089 529 EDUCATIONI
2105 471 2143 529 S
2180 470 2463 530 REGIFE.

3341 468 3451 528 374

224 583 429 649 καλῶν,
470 581 673 651 ταύτης
710 582 782 651 μὴ
813 581 982 652 μιμοῦ
1009 580 1076 633 τὰ
1109 582 1516 651 ἐπιτηδεύματα
1537 603 1549 615 ·
1654 582 1698 634 δ’
1726 576 1790 634 αὖ
1819 606 1866 667 Α
1897 582 2038 634 velut
2072 581 2099 634 h

1587 575 1698 655 ᾖδ’
1726 576 1790 634 αὖ
1819 606 1866 667 Α
1897 582 2038 634 velut
2072 581 2424 635 honestarum
2479 593 2661 634 rerum
2726 579 2944 635 minime
3000 579 3326 635 studiosum.
3386 583 3453 632 At

229 673 489 728 σύνοισθα
530 673 732 741 ἀγαθά,
783 673 938 743 τήνδε
987 673 1176 742 ζήλου.
1211 673 1428 726 Μᾶλλον
1474 674 1550 733 δὲ.
1598 673 1786 741 ἐπειδὴ

229 767 423 837 μηδεὶς
475 765 776 834 ἀνθρώπων
812 766 960 818 ἐστὶν
1009 765 1042 834 ἢ
1101 765 1258 819 πάνθ’
1299 764 1434 833 όμοῦ
1486 763 1718 831 τάγαθά,
1751 764 1784 832 ἢ

229 855 401 925 μηδέν
429 873 484 908 τι
538 854 895 924 κεκτημένος,
932 855 1025 908 καὶ
1075 852 1253 905 ἔνεστί
1295 868 1399 905 που
1446 852 1538 904 καὶ
1584 850 1788 919 φαῦλον

225 947 397 1014 ἄνδρα
430 946 664 1016 χρηστὸν
708 945 863 1013 λόγον
911 945 1107 1007 εἰπεῖν,
1143 943 1234 994 καλ⁸
1279 940 1593 995 τούναντίον
1629 939 1785 1006 γενέ·-

225 1038 374 1101 σθαι,
403 1040 656 1105 κρεῖσσον
685 1021 890 1088 είπόντι
946 1035 1113 1087 καλὸν
1145 1034 1452 1102 πεισθῆναι,
1487 1031 1591 1085 κᾶν
1646 1031 1788 1083 ἐκεῖ·

225 1145 316 1189 νος
344 1129 443 1180 οὐκ
471 1127 794 1198 ἐργάζηται,
834 1127 866 1196 ἢ
903 1128 1070 1180 τᾶλλα
1103 1128 1201 1196 μὲν
1231 1124 1343 1177 δντι
1370 1123 1611 1194 χρηστῷ,
1647 1123 1785 1191 φαῦ-

223 1220 318 1272 λον
373 1219 421 1272 δ’
471 1219 677 1272 εἰπόντι
729 1218 1037 1272 συνθέσθαι.
1093 1218 1276 1270 Κακὸν
1326 1219 1358 1287 ἡ
1405 1217 1520 1292 ἔρις
1583 1217 1676 1269 καὶ
1727 1216 1787 1268 τὸ

222 1313 518 1366 ἀντίτυπον
539 1326 554 1343 ⁶
593 1312 764 1366 κακὸν
798 1311 857 1363 τὸ
897 1313 1066 1364 πᾶσιν
1099 1309 1435 1373 ἀκολουθεῖν,
1467 1311 1559 1363 καὶ
1583 1311 1644 1362 τὸ
1679 1327 1786 1375 μα-

221 1402 515 1454 λάττεσθαι
541 1412 620 1467 τε,
651 1405 747 1455 καὶ
773 1401 1029 1454 ἕλκεσθαι
1055 1400 1146 1454 νοῦ
1190 1401 1502 1470 χαυνότητι.
1542 1402 1635 1453 Ἐκ
1664 1401 1782 1454 δια⁶

225 1495 429 1563 μέτρου
474 1495 574 1563 μὲν
626 1494 783 1547 ταυτὶ
837 1493 1096 1562 διέχετον,
1147 1493 1316 1563 ἄμφω
1363 1493 1418 1545 δὲ
1468 1493 1616 1562 λύμη
1673 1495 1784 1557 τοῖς

221 1587 606 1656 κεκτημένοις.
641 1587 721 1641 Τὸ
763 1588 808 1641 δ’
841 1589 1012 1642 εῐκειν
1038 1589 1241 1656 ,λόγοις
1276 1589 1520 1657 ἀγαθοῖς,
1569 1588 1690 1641 ὅθεν
1719 1590 1784 1644 ἀν

223 1697 356 1732 ποτε
388 1681 652 1747 λέγοιντο,
689 1682 848 1735 τοῦτο
882 1682 938 1735 δὲ
985 1682 1150 1747 μέσον
1178 1682 1340 1748 ἐστὶν,
1383 1681 1625 1752 ἐντορνον
1665 1683 1784 1735 ὅλον

220 1771 485 1842 ἀκριϐῶς,
528 1773 663 1843 μηδὲ
694 1771 769 1843 τῷ
799 1773 976 1843 μώμῳ
1010 1772 1180 1843 λαϐὴν
1211 1773 1472 1844 παρέχον.
1506 1765 1784 1843 Προίγάρ

218 1865 314 1917 τὸν
343 1866 612 1934 φεύγοντα
658 1866 753 1930 τὰς
785 1867 1091 1937 ἀκρότητας
1129 1867 1252 1936 μηδ’
1292 1866 1357 1920 ἂν
1387 1868 1597 1918 ἐκεῖνον
1631 1861 1783 1934 οἶμαι

1894 673 2050 740 cujus
2076 673 2170 725 tibi
2203 673 2431 727 virtutes
2463 681 2605 726 notae
2631 679 2780 734 sunt,
2826 687 2950 726 eum
3002 676 3281 725 aemulare.
3339 671 3455 725 lmo

1893 766 2101 834 potius,
2139 779 2261 817 cum
2300 765 2548 818 mortalis
2577 779 2736 818 neuio
2768 764 2859 826 sit,
2908 764 2958 816 in
2999 778 3106 832 quo
3142 763 3222 816 vel
3254 773 3450 816 cuncta

1893 856 2054 909 simul
2086 856 2194 910 sint
2231 855 2389 918 bona,
2426 855 2509 910 vel
2553 857 2777 909 omnino
2804 857 3037 918 nullum,
3071 870 3304 923 cumque
3328 856 3446 908 fieri

1893 947 2089 1014 possit,
2117 955 2173 999 ut
2198 947 2280 1000 vir
2305 947 2482 1001 malus
2519 948 2796 1017 egregium
2827 948 3053 1001 verbum
3094 945 3358 1015 proferat,
3389 961 3453 999 ae

1893 1036 2010 1090 vice
2042 1051 2195 1092 versa
2231 1055 2245 1091 :
2279 1046 2499 1106 praestat
2527 1039 2573 1091 ei
2600 1053 2813 1108 parere,
2848 1040 2936 1108 qui
2968 1039 3094 1093 boni
3119 1037 3248 1107 quid
3269 1047 3454 1106 protu-

1887 1128 1974 1194 lit,
2008 1129 2221 1183 tametsi
2255 1129 2435 1183 verbis
2466 1129 2606 1185 facta
2660 1147 2770 1184 non
2834 1131 3232 1199 respondeant,
3286 1144 3450 1198 quam

1895 1219 2100 1274 homini
2133 1221 2424 1289 cteteroqui
2461 1221 2624 1287 bono,
2651 1221 2746 1274 sed
2778 1220 2868 1289 qui
2904 1220 3029 1273 mali
3052 1219 3177 1287 quid
3204 1234 3451 1283 pronun-

1879 1311 2067 1375 tiavit,
2097 1312 2374 1367 assentiri.
2397 1311 2595 1365 Malum
2638 1311 2769 1381 quid
2795 1321 2880 1365 est
2912 1310 3193 1364 contentio
3246 1319 3300 1363 et
3357 1309 3453 1361 ad-

1891 1404 2129 1458 versatio
2163 1421 2176 1457 :
2203 1405 2430 1470 malum,
2462 1419 2654 1460 omnes
2677 1404 2853 1474 sequi,
2872 1403 3033 1469 flecti,
3061 1403 3278 1456 levitate
3298 1416 3451 1454 men-

1893 1492 1961 1546 tis
1996 1491 2218 1560 impelli.
2256 1493 2466 1547 Distant
2492 1493 2604 1547 haec
2639 1494 2858 1562 quidem
2899 1508 2928 1545 a
2977 1507 3034 1546 se
3087 1491 3321 1544 invicem
3387 1503 3453 1541 ex

1891 1583 2199 1652 intervallo,
2240 1585 2332 1639 sed
2369 1586 2530 1640 ambo
2590 1585 2886 1655 perniciem
2949 1583 3186 1637 afferunt
3249 1581 3343 1646 iis,
3398 1580 3450 1632 in

1891 1676 2089 1746 quibus
2115 1677 2404 1733 exsistunt.
2435 1678 2504 1731 At
2534 1675 2874 1731 orationibus
2941 1673 3136 1729 cedere
3188 1672 3368 1734 bonis,
3422 1684 3452 1722 a

1890 1785 2216 1840 quocunque
2243 1770 2456 1824 tandem
2505 1768 2878 1839 proferantur,
2918 1767 2969 1821 id
2993 1781 3117 1820 vero
3147 1773 3199 1820 et
3230 1765 3452 1836 politis-

1890 1862 2090 1916 simum
2128 1863 2288 1933 plane
2320 1861 2574 1930 quiddam
2622 1869 2725 1924 est,
2757 1874 2821 1914 ac
2877 1874 2944 1914 ne
2991 1857 3171 1911 Momo
3228 1860 3451 1927 quidem

219 1958 621 2027 ἀναισχυντεῖν.
665 1960 769 2012 Καλ⁸
808 1959 1082 2030 πανταχοῦ
1110 1960 1165 2013 δὲ
1209 1959 1489 2028 χρώμενον
1527 1961 1646 2021 ταῖς
1683 1975 1780 2028 με·
1811 1966 1852 2021 Β
1881 1955 1982 2024 ipsi
2009 1968 2094 2022 rep

1577 1961 1646 2021 it;
1683 1975 1780 2028 με·
1811 1966 1852 2021 Β
1881 1955 1982 2024 ipsi
2009 1953 2450 2022 reprehensionis
2483 1967 2674 2005 ansam
2704 1951 2926 2020 praebet.
2962 1948 3175 2017 Quippe
3201 1965 3267 2004 ne
3310 1949 3452 2003 hunc

221 2049 435 2118 σότησι,
492 2047 702 2116 φαίνοιο
752 2050 817 2103 ἂν
859 2053 978 2114 ταῖς
1011 2052 1231 2118 ἀρεταῖς
1282 2050 1582 2121 χρώμενος.
1620 2051 1785 2121 Ὅρος

218 2142 334 2211 γάρ
361 2141 540 2196 αὐτῶν
581 2144 639 2195 τὸ
668 2142 834 2213 μέσον
859 2143 1035 2211 ἔδοξεν
1066 2139 1229 2199 εἶναι.

942 2431 1064 2484 ῐ1Δ’.

293 2542 514 2598 Ἥκιστ’
543 2544 928 2614 ἀν’ἀρμόσειεν
951 2545 1315 2616 αὐτοκράτορι
1339 2545 1370 2615 ἦ
1401 2545 1618 2615 βουλαῖς
1656 2547 1786 2600 ὐπο-

217 2638 500 2707 τετάχθαι,
526 2637 601 2700 ὡς
625 2637 716 2704 ὑφ’
740 2638 1040 2706 ἁρμοσταῖς
1075 2638 1265 2690 ἑαυτὸν
1298 2639 1560 2704 ποιοῦντι,
1586 2639 1619 2708 ἦ
1644 2655 1786 2691 τισιν

219 2730 524 2795 ἀξιολόγοις
547 2730 870 2798 ἐπιχειρεῖν,
902 2730 976 2797 μὴ
1010 2729 1189 2791 καλῶς
1222 2729 1661 2800 βεϐουλευμένῳ,
1693 2731 1787 2784 καὶ

220 2823 321 2882 τάς
353 2821 576 2889 γνώμας
620 2821 798 2888 ἔχοντι
854 2821 962 2872 τῶν
1007 2822 1327 2888 φιλούντων.
1385 2823 1708 2875 Βουλευτέον
1740 2821 1784 2875 δ’

223 2915 292 2967 ἂν
322 2915 404 2979 εἴη
439 2914 498 2966 τὸ
555 2915 680 2984 μήτ’
728 2913 988 2966 ἀδύνατον
1032 2913 1218 2975 καλὸν,
1250 2915 1387 2982 μήτε
1419 2915 1640 2983 εὐχερὲς
1687 2915 1786 2983 μὲν

222 3007 558 3076 πραχθῆναι,
587 3007 756 3059 κακὸν
782 3006 856 3071 δὲ,
888 3008 1026 3076 μήτε
1062 3024 1112 3059 τι
1141 3007 1250 3058 τῶν
1283 3006 1596 3068 ἀναγκαίως
1626 3008 1786 3074 ἐπερ-

222 3100 472 3166 χομένων
494 3113 506 3128 '
554 3097 673 3151 ἀλλ’
705 3098 733 3150 ὂ
772 3099 1010 3165 σπουδῆς
1041 3099 1132 3150 καὶ
1168 3099 1479 3169 φρονήσεως
1512 3097 1673 3168 ἔργον
1703 3097 1784 3164 ὃν,

221 3191 408 3256 ὀνήσει
437 3205 498 3255 γε
551 3188 732 3251 καλῶς
769 3188 1042 3258 πραχθέν·
1077 3189 1168 3241 καὶ
1210 3189 1284 3258 μὴ
1317 3188 1578 3256 πραχθὲν,
1611 3187 1643 3257 ἢ
1686 3205 1786 3241 κα-

1887 2045 2104 2114 quidem
2129 2044 2366 2097 arbitror
2391 2043 2736 2114 impudenter
2766 2043 3034 2096 adversus
3082 2040 3234 2093 illum
3265 2054 3450 2110 agere,

1887 2134 1978 2202 qui
2001 2134 2376 2187 extremitates
2400 2133 2552 2186 vitat.
2591 2132 2832 2201 Denique
2861 2131 2907 2185 si
2956 2130 3133 2183 media
3179 2129 3345 2184 rebus
3398 2131 3452 2186 in

1887 2223 2140 2278 omnibus
2168 2225 2512 2293 amplecteris
2549 2225 2799 2277 virtutes.
2855 2221 2989 2275 Nam
3020 2236 3208 2276 earum
3249 2221 3446 2274 finitio.

1888 2330 2011 2370 nem
2045 2315 2250 2385 placuit
2279 2331 2344 2371 ex
2376 2331 2461 2382 eo,
2487 2317 2632 2385 quod
2683 2316 2921 2370 medium
2960 2316 3053 2380 sit,
3094 2314 3450 2369 constituere.

2529 2428 2812 2484 LXXXIV.

1963 2547 2211 2603 Decuerit
2231 2547 2651 2617 haudquaquam
2679 2545 3085 2612 imperatorem,
3106 2544 3188 2598 vel
3205 2542 3449 2598 consiliis

1885 2643 2080 2696 alienis
2106 2655 2228 2695 esse
2256 2639 2586 2710 subjectum,
2629 2637 2787 2707 quasi
2835 2636 3274 2690 moderatoribus
3329 2650 3451 2690 sese

1886 2731 2316 2793 submittentem,
2339 2729 2422 2783 vel
2444 2727 2676 2798 alicujus
2698 2727 2958 2781 momenti
2986 2742 3072 2780 res
3096 2726 3272 2779 moliri
3299 2728 3450 2793 prius

1885 2837 2048 2892 quam
2081 2831 2228 2876 recte
2258 2820 2667 2884 consultaverit,
2705 2833 3006 2887 eorumque
3065 2817 3388 2879 sententias,
3421 2832 3450 2870 a

1885 2916 2082 2984 quibus
2107 2913 2372 2982 diligitur,
2394 2912 2676 2966 habeat.ln
2705 2910 3163 2966 consultationem
3201 2924 3328 2963 vero
3356 2909 3449 2962 de-

1886 3006 2214 3069 ducendum,
2250 3020 2348 3059 nec
2380 3005 2606 3069 bonum,
2644 3004 2789 3073 quod
2823 3005 2938 3058 fieri
2995 3003 3207 3072 nequit,
3264 3017 3360 3057 nec
3405 3003 3448 3055 si

1886 3095 2012 3166 quid
2046 3095 2238 3150 eﬂ'ectu
2271 3096 2446 3160 facile,
2485 3096 2580 3150 sed
2635 3096 2984 3169 malumnnec
3035 3095 3301 3164 quidquid
3360 3111 3453 3148 ne-

1886 3187 2124 3241 cessario
2149 3195 2362 3241 constat
2413 3195 2732 3241 eventurum
2777 3187 2917 3244 :.sed
2947 3187 3089 3256 quod
3115 3202 3237 3240 cum
3271 3188 3450 3240 studio

222 3280 358 3345 κῶς,
412 3279 618 3348 ζημίαν
662 3282 904 3348 ἐνεγκεῖν
937 3279 1182 3332 δύναται.
1228 3279 1422 3340 Καλῶς
1451 3280 1507 3331 δὲ
1555 3277 1621 3332 ἂν
1666 3278 1782 3331 τότε
1810 3303 1852 3360 c
1893 3281 2097 3348 pruden

1570 3277 1621 3332 itv
1666 3278 1782 3331 τότε
1810 3303 1852 3360 c
1893 3281 2287 3348 prudentiaque
2310 3278 2492 3346 perfici
2530 3279 2729 3346 possit,
2758 3287 2904 3332 recte
2927 3276 3128 3332 factum
3156 3278 3445 3340 conducet,

222 3365 519 3440 πραχθείη,
553 3367 744 3444 ὅτανῇ
801 3371 919 3438 μεθ’
950 3370 1144 3423 ἑαυτοῦ
1194 3369 1533 3438 κεκτημένον
1580 3368 1784 3422 τούτων

222 3465 287 3530 δὴ
320 3463 428 3515 τῶν
461 3456 692 3516 τελικῶν
723 3463 1070 3532 καλουμένων
1101 3461 1423 3531 ὁλόκληρον,
1463 3462 1510 3514 ει
1539 3458 1780 3526 δυνατὸν,

221 3558 326 3622 τὴν
371 3554 572 3618 ἑξάδα·
621 3557 670 3608 εί
699 3556 756 3608 δὲ
803 3555 896 3624 μὴ,
939 3555 1007 3606 τά
1051 3554 1226 3606 πλείω
1267 3552 1493 3616 τούτων,
1531 3552 1563 3620 ἢ
1618 3553 1685 3605 τά
1724 3570 1783 3620 γε

222 3644 461 3713 κρείττω
521 3646 614 3697 καὶ
668 3642 990 3711 τελεώτερα.
1046 3642 1225 3695 Καλὸν
1276 3642 1331 3694 δὲ
1382 3640 1476 3694 καὶ
1533 3642 1638 3708 πρὸ
1684 3641 1786 3708 τῆς

222 3737 418 3807 χρείας
451 3735 801 3806 βουλεύεσθαι
822 3751 836 3764 ⁸
869 3735 944 3797 ὡς
970 3731 1036 3804 ἢν
1060 3733 1254 3804 ἐπείγῃ
1284 3733 1343 3784 τὸ
1375 3732 1783 3802 βουλευόμενον,

224 3830 474 3898 ταραχῆς
521 3829 617 3891 τάς
649 3827 890 3889 διανοίας
935 3827 1224 3896 ἐμπιπλῶν
1254 3825 1504 3895 ἐμποδὼν
1549 3823 1679 3877 αὐτὸ
1705 3823 1786 3890 γί-

223 3936 377 3972 νεται
412 3920 477 3989 τῇ
509 3917 684 3985 οἰκεία
710 3916 1017 3988 διορθώσει.

941 4203 1066 4258 HE’.

310 4322 370 4374 Ὀ
399 4319 650 4389 βασιλεὺς
696 4321 931 4389 ἐννόμως
975 4319 1105 4382 ζῶν,
1149 4317 1240 4371 καὶ
1271 4318 1453 4386 νόμοις
1483 4319 1630 4385 ἄγων
1663 4321 1787 4380 τοὺς

227 4412 324 4464 ὑπ’
353 4410 536 4476 αὐτὸν,
569 4409 826 4472 καθάπαξ
884 4409 1126 4470 ἐναντίος
1181 4409 1297 4460 ἐστὶ
1342 4410 1454 4470 τοῖς
1505 4411 1787 4478 τυραννεῖν

226 4504 530 4562 ἐθέλουσιν.
561 4503 609 4555 οῖ
655 4503 820 4571 νόμον
849 4500 1200 4569 ἀπαράϐατον
1234 4501 1416 4568 ἔχουσι
1450 4501 1544 4563 τὰς
1579 4502 1787 4552 ἑαυτῶν

225 4595 443 4662 ἡδονάς.
494 4595 762 4647 Ἐοικέναι
796 4595 900 4661 γὰρ
950 4594 1099 4646 δοκεῖ
1128 4592 1188 4644 τὸ
1224 4591 1529 4660 βασιλεύειν
1564 4591 1642 4661 τῷ
1690 4609 1785 4643 τυ-

226 4686 468 4755 ραννεῖν.
523 4685 844 4737 Διίστασθον
873 4684 931 4738 δὲ
966 4683 1231 4752 ἀλλήλων,
1289 4683 1412 4735 ὅσον
1454 4684 1563 4735 οὐδ’
1610 4684 1788 4762 εἰπεῖν

225 4777 478 4843 εὐχερές.
515 4775 604 4844 Τῷ
632 4775 728 4845 μὲν
760 4779 868 4844 γάρ
911 4776 1158 4845 τυράννῳ
1190 4775 1248 4827 τὺ
1279 4772 1539 4828 δύνασθαι
1576 4774 1636 4826 τὸ
1666 4776 1792 4837 τοὺς

226 4869 324 4920 ὑπ’
361 4866 550 4935 ἐκείνῳ
606 4866 834 4935 χαυνοῦν
881 4868 1030 4918 ἐστι’
1067 4867 1172 4920 κᾶν
1213 4867 1366 4934 ἰσχὺν
1414 4865 1690 4937 προσλάϐῃ
1738 4867 1791 4918 τδ

227 4958 431 5020 κοινὸν,
469 4959 804 5027 ὀνειροπολεῖ
841 4957 940 5025 τὴν
966 4956 1130 5010 αὐτοῦ
1162 4959 1484 5026 καθαίρεσιν
1504 4974 1517 4988 ·
1545 4958 1574 5009 δ
1596 4959 1639 5010 δ’
1666 4957 1794 5025 άλη-

228 5049 341 5109 θῶς
378 5047 628 5117 βασιλεὺς
657 5052 766 5110 τοῖς
812 5048 1266 5119 ὑποταττομένοις
1299 5049 1347 5100 of
1387 5049 1639 5118 πλήθεσι,
1689 5066 1793 5102 πα-

226 5140 380 5209 τρὸς,
412 5140 688 5208 ποιμένος,
720 5139 924 5208 ἰατροῦ,
950 5138 1290 5204 διδασκάλου,
1321 5140 1414 5192 καὶ
1445 5139 1498 5191 el’
1519 5157 1571 5191 τι
1601 5139 1786 5208 σχῆμα

226 5233 455 5286 δύναται
501 5229 718 5295 σώζειν,
759 5233 922 5283 τόπον
977 5230 1164 5295 σώζων
1209 5231 1493 5300 τυγχάνει.
1536 5232 1789 5299 Νομίζων

226 5327 284 5377 δὲ
313 5327 370 5376 ὲν
399 5322 477 5392 τῷ
506 5323 670 5387 κοινῷ
702 5323 1051 5376 συνίστασθαι
1087 5322 1328 5375 τόκείνου
1369 5325 1667 5392 συμφέρον,
1699 5323 1790 5375 καὶ

228 5416 456 5488 Χριστῷ
484 5416 765 5480 διακονῶν,
800 5417 893 5468 καὶ
926 5413 1256 5486 μιμούμενος
1291 5415 1453 5468 αὐτὸν
1485 5416 1686 5484 μᾶλλον
1713 5415 1790 5486 τῷ

226 5511 499 5562 διακονεῖν
529 5509 562 5577 ἢ
608 5507 685 5576 τῷ
735 5508 943 5578 ἄρχειν,
1003 5508 1177 5579 χαίρει
1223 5509 1446 5579 βελτιῶν
1471 5508 1569 5578 τὴν
1615 5508 1792 5579 ἀρχὴν

227 5603 341 5652 τῶν
398 5599 792 5670 βελτιουμένων
837 5599 1080 5670 ἄμεινον.
1135 5599 1266 5671 Είης
1317 5617 1407 5669 μοι
1453 5598 1708 5665 τοιοῦτος,
1749 5593 1792 5654 ὧ

229 5693 483 5760 φίλτατε.

1891 3385 1952 3424 ac
1989 3385 2093 3422 non
2121 3370 2319 3422 factum
2343 3371 2423 3422 vel
2446 3368 2644 3422 factum
2673 3369 3228 3432 male,detrimentum
3257 3368 3451 3423 afferre

1891 3464 2105 3529 poterit.
2130 3458 2280 3514 Tunc
2312 3470 2490 3514 autem
2516 3469 2661 3516 recte
2689 3458 2890 3514 factum
2921 3462 3043 3525 erit,
3065 3477 3187 3514 cum
3217 3462 3446 3532 integre,

1893 3553 1937 3606 si
1984 3552 2096 3604 fieri
2138 3552 2358 3620 poterit,
2397 3567 2489 3606 sex
2521 3552 2639 3606 illas
2679 3552 2934 3618 virtutes,
2969 3569 3107 3621 quas
3167 3563 3446 3605 extremas

1891 3653 2110 3713 vocant,
2132 3642 2464 3698 continebit:
2487 3646 2570 3699 sin
2606 3653 2811 3709 autem,
2830 3647 2915 3698 vel
2949 3647 3204 3716 majorem
3233 3647 3445 3699 illarum

1893 3745 2120 3805 partem,
2141 3737 2223 3790 vel
2252 3737 2654 3805 prtestantiores
2683 3746 2846 3806 atque
2873 3737 3244 3805 perfectiores.
3274 3737 3444 3790 Etiam

1892 3829 2094 3884 bonum
2121 3838 2224 3891 est,
2257 3829 2680 3884 deliberationes
2713 3831 2884 3898 prius.
2935 3845 3099 3899 quam
3159 3831 3230 3884 sit
3282 3846 3444 3896 Opus,

1895 3918 2141 3983 institui;
2170 3918 2390 3986 quippe,
2423 3918 2561 3984 quod
2595 3919 2646 3970 iu
2698 3919 3154 3974 consultationem
3205 3920 3372 3981 venit,
3402 3921 3448 3973 si

1892 4008 2121 4061 nimium
2171 4018 2376 4075 urgeat,
2412 4009 2811 4074 perturbatione
2877 4018 3086 4063 mentes
3137 4010 3344 4077 implet,
3397 4021 3449 4063 et

1893 4111 2001 4165 quo
2031 4097 2210 4150 minus
2236 4096 2419 4151 haberi
2456 4098 2750 4151 remedium
2785 4099 2973 4167 possit,
3005 4099 3246 4168 impedit.

2539 4207 2796 4261 LXXXV.

1964 4317 2166 4386 Etipse
2190 4317 2487 4372 secundum
2512 4317 2658 4386 leges
2716 4318 2926 4382 vivens,
2977 4329 3029 4374 et
3074 4321 3325 4376 subditos
3382 4337 3447 4376 ex

1895 4409 2070 4477 legum
2097 4409 2412 4477 praescripto
2439 4409 2743 4478 gubernans
2769 4424 2887 4473 rex,
2918 4412 3079 4479 plane
3105 4413 3358 4469 diversus
3383 4415 3453 4469 ab

1894 4502 1959 4556 iis
1987 4509 2089 4564 est,
2124 4502 2215 4570 qui
2253 4502 2591 4571 tyrannidem
2633 4517 2890 4558 exercere
2951 4504 3140 4559 volunt
3171 4523 3185 4571 ;
3251 4521 3451 4560 unam-

1895 4610 1999 4663 que
2027 4593 2193 4662 legem
2231 4592 2593 4646 inviolabilem
2621 4593 2838 4658 habent,
2867 4609 2998 4649 suas
3033 4596 3289 4650 nimirum
3327 4598 3450 4652 libi-

1894 4686 2072 4740 dines.
2096 4683 2232 4738 Nam
2264 4684 2507 4752 qutedam
2535 4684 2676 4736 inter
2706 4684 2912 4752 regium
2979 4687 3338 4754 dominatum,
3399 4699 3452 4744 et

1895 4777 2258 4856 tvrannidem,
2286 4791 2404 4831 esse
2443 4777 2737 4830 similitudo
2769 4778 2982 4831 videtur
3010 4796 3021 4833 :
3048 4781 3140 4833 sed
3176 4791 3387 4835 tantum
3422 4798 3450 4836 a

1896 4869 2206 4925 seinvicem
2245 4867 2580 4938 discrepant,
2644 4879 2908 4937 quantum
2942 4885 3009 4923 ne
3057 4871 3288 4926 dicendo
3331 4874 3453 4940 qui-

1896 4961 2017 5013 dem
2044 4959 2304 5028 explicari
2337 4958 2494 5013 facile
2518 4969 2713 5028 potest.
2744 4961 3028 5028 Tyrannus
3065 4963 3118 5016 in
3166 4980 3231 5018 eo
3261 4976 3453 5034 poten-

1900 5051 2026 5103 tiam
2060 5065 2212 5104 suam
2242 5051 2398 5103 sitam
2425 5060 2599 5115 putat.
2630 5051 2674 5104 si
2696 5065 2824 5104 suos
2855 5051 2968 5119 ipse
3004 5052 3253 5109 subditos
3297 5055 3450 5108 debi-

1900 5138 2053 5204 litet;
2094 5153 2157 5194 ac
2185 5140 2228 5194 si
2271 5155 2357 5193 res
2390 5141 2603 5208 publica
2660 5143 2826 5196 robur
2890 5143 3110 5212 aliquod
3180 5147 3448 5215 acquirat,

1899 5231 2235 5286 eversionem
2259 5231 2503 5300 protinus
2531 5233 2644 5301 ipse
2667 5249 2820 5288 suam
2850 5235 3103 5289 somniat.
3162 5237 3329 5292 Verus
3354 5253 3454 5293 au-

1900 5333 2008 5377 tem
2049 5339 2139 5377 rex
2169 5338 2295 5392 erga
2323 5326 2596 5394 subjectos
2627 5327 2729 5379 sibi
2784 5328 3033 5394 populos,
3095 5329 3288 5397 patris,
3356 5346 3455 5400 pa-

1900 5416 2084 5478 storis,
2125 5417 2342 5480 medici,
2374 5418 2633 5483 doctoris,
2666 5429 2716 5472 et
2745 5419 2787 5473 si
2821 5435 2927 5486 qua
2958 5420 3118 5473 saluti
3171 5422 3453 5475 consolere

1899 5522 2126 5576 persona
2167 5516 2364 5576 potest,
2389 5507 2506 5576 ejus
2547 5510 2722 5564 locum
2758 5511 2985 5564 obtinet.
3028 5510 3274 5580 Cumque
3301 5527 3452 5566 com-

1903 5597 2121 5650 modum
2146 5612 2305 5651 suum
2347 5599 2612 5654 contineri
2667 5600 2885 5668 publico
2946 5611 3115 5670 putet,
3166 5610 3220 5654 et
3250 5601 3452 5656 Christi

1905 5689 2149 5744 minister
2178 5691 2266 5753 sit,
2294 5692 2543 5760 eimagis
2587 5691 2738 5745 illum
2799 5693 3040 5747 imitetur
3087 5694 3455 5756 iuserviendo,

227 5798 398 5855 quam
425 5783 738 5850 imperando
767 5800 780 5838 :
808 5784 927 5854 plus
974 5785 1271 5854 voluptatis
1319 5785 1488 5855 capit,
1560 5798 1782 5854 regnum
1827 5783 2019 5840 melius
2045 5783 2343 5850 elliclendo,
2385 5799 2548 5855 quam
2589 5784 2686 5852 ilii,
2721 5784 2784 5839 ad
2814 5799 2950 5856 quos
3005 5785 3124 5856 ejus
3195 5787 3271 5841 rei
3333 5784 3452 5840 fru-

232 5887 359 5929 etus
389 5876 654 5946 pervenit.
685 5873 832 5933 Talis
866 5877 995 5934 mihi
1023 5880 1118 5945 sis,
1154 5881 1474 5936 cltarissiuze
1509 5878 1601 5933 fili.
