4748 6512
184 505 295 572 381

1178 511 1587 573 ΡΒΛΞΕΕΡΤΑ
1630 512 2150 572 EDUCA'I‘IONIS
2195 512 2341 571 ΙίΕο
2356 512 2467 572 UE.

3328 504 3439 571 382

186 620 383 681 νίτρον
407 611 547 668 εἶναι
568 617 785 682 λογίζου
812 619 1060 686 εὐφυΐας,
1092 620 1185 673 καὶ
1218 620 1428 688 σοφίας,
1462 619 1555 671 καὶ
1569 618 1769 688 ψυχῆς,
1803 627 1840 679 Α
1875 620 2061 674 reddut

1569 618 1769 688 ψυχῆς,
1803 627 1840 679 Α
1875 620 2127 674 reddunt.
2155 616 2359 687 Aquam
2389 622 2588 677 autem,
2626 622 2681 667 et
2706 626 2976 681 mappam,
3017 619 3071 664 et
3099 610 3298 664 uitrum
3319 627 3439 666 εεερ

186 706 424 777 πρᾶξιν,
460 710 719 778 σπουδὴν,
753 711 1079 781 καρτερίαν.

932 893 1027 958 id"

996 930 1013 945 Δ
1033 932 1048 946 ο

271 981 547 1052 Στοχάζου
592 1001 682 1054 μοι
712 986 824 1047 τοῖς
853 984 1094 1052 φθάσασι
1129 983 1223 1036 καὶ
1257 985 1365 1045 τοῖς
1394 982 1629 1053 παροῦσι
1662 982 1771 1035 τῶν

198 1074 514 1141 μελλόντων
539 1091 552 1106 ’
589 1076 687 1128 καὶ
735 1075 880 1129 λεῖον
931 1077 1030 1146 μέν
1078 1092 1159 1127 σοι
1198 1076 1286 1128 τὸν
1323 1075 1517 1144 ’καιρὸν
1550 1074 1772 1126 ἔσεσθαι

194 1165 545 1233 προσδοκῶν,
574 1170 724 1231 ὅπως
753 1167 828 1235 μὴ
859 1165 1195 1237 τραχύτερον
1222 1167 1530 1234 ἀποφήνῃς.
1564 1165 1772 1234 ἀμελὴς
1801 1151 1808 1159 ⁸

190 1255 500 1321 γενόμενος
524 1262 644 1315 ταῖς
681 1260 1078 1327 χρηστοτέραις
1112 1258 1347 1323 ἐλπίσιν,
1383 1259 1520 1325 ὅπερ
1553 1258 1599 1308 οἰ
1640 1256 1769 1309 πολ-

190 1347 283 1399 λοὶ
317 1349 609 1417 πάσχουσιι
633 1351 869 1419 δυσχερῆ
895 1352 951 1403 δὲ
977 1351 1074 1402 καὶ
1093 1352 1368 1417 προσάντη
1398 1350 1463 1401 τὰ
1488 1349 1773 1418 πράγμαθ’

192 1438 548 1505 ὑποπτεύων,
606 1441 783 1510 πειρῶ
848 1441 1243 1510 συναιρομένου
1298 1440 1394 1493 τοῦ
1462 1441 1773 1509 κρείττονος

193 1528 531 1595 μεταϐαλεῖν
610 1534 693 1593 εἰς
760 1531 821 1583 τὸ
868 1531 1102 1600 βέλτιον,
1149 1530 1331 1600 ψυχῆς
1374 1529 1669 1599 θερμότητί
1712 1545 1773 1579 τε

192 1622 297 1672 καὶ
325 1621 655 1691 ἑδραιότητι,
686 1622 782 1677 καὶ
809 1623 1035 1694 προσέτι
1062 1622 1345 1689 λογισμοῖς
1380 1622 1595 1673 συνέσει
1620 1638 1776 1673 κεκι-

188 1711 484 1779 νημένοις,
513 1711 583 1765 δι’
612 1706 687 1766 ὧν
740 1714 958 1776 πολλοῖς
996 1712 1274 1781 ἐξεγένετο
1307 1711 1564 1778 ἀφύκτων
1598 1712 1774 1765 ἀπαλ-

190 1800 458 1870 λαγῆναι.
494 1803 722 1873 Χαίρειν
752 1805 809 1858 δὲ
856 1806 1158 1859 πολύποσιν
1213 1803 1524 1877 ἀνθρώποις
1559 1804 1652 1857 καὶ
1680 1822 1775 1873 χα-

193 1893 487 1956 μαιλέουσι
518 1896 755 1964 φράσας,
787 1898 948 1960 αὐτὸς
974 1897 1125 1961 ἀξίου
1152 1896 1442 1962 φαίνεσθαι
1477 1898 1504 1949 ό
1532 1896 1693 1957 αὐτὸς
1716 1897 1773 1947 ὲν

1874 710 2136 777 cogitabis
2156 708 2380 778 ingenii,
2400 706 2661 761 doctrinae
2685 704 2850 757 animi
2871 702 3159 770 actionem,
3176 703 3442 770 studium,

1872 805 2273 859 assiduitatem.

2576 889 2736 944 XCV.

1943 987 2165 1057 Oportet
2194 1002 2259 1040 ex
2317 984 2601 1054 prmtcritis
2648 994 2700 1037 et
2735 982 3093 1051 praesentibus
3133 980 3200 1036 de
3242 979 3441 1036 futuris

1874 1083 2241 1150 conjecturam
2270 1089 2320 1133 te
2351 1075 2545 1131 facere.
2570 1076 2816 1144 Cumque
2840 1075 3049 1143 placido
3069 1083 3120 1129 te
3147 1074 3438 1128 fruiturum

1875 1182 2115 1240 tempore
2146 1184 2350 1235 speras.
2386 1183 2515 1222 cave
2548 1167 2686 1221 faxis
2731 1166 3002 1228 acerbius,
3037 1166 3315 1235 negligens
3370 1170 3440 1219 ob

1875 1279 2021 1333 spem
2063 1262 2337 1315 meliorem
2376 1259 2567 1319 fartus.
2597 1257 2739 1326 quod
2772 1257 3143 1323 compluribus
3199 1256 3442 1309 accidere

1875 1354 2028 1409 solet.
2061 1354 2129 1407 At
2159 1368 2280 1405 cum
2312 1353 2601 1404 immittere
2632 1348 2874 1403 difficilia
2898 1349 3216 1415 suspicaris.
3244 1347 3445 1400 ardua-

1875 1460 1980 1514 que
2013 1444 2249 1512 negotia,
2278 1441 2460 1495 divino
2509 1440 2731 1508 juvante
2763 1437 3007 1501 numine,
3049 1438 3101 1491 in
3134 1437 3330 1491 melius
3375 1451 3439 1490 ea

1874 1543 2212 1589 commutare
2260 1533 2453 1595 nitere,
2491 1541 2603 1583 tum
2636 1530 2842 1583 fervido
2872 1530 3074 1598 impetu
3101 1528 3439 1582 constantia-

1875 1641 1981 1695 que
2009 1626 2201 1690 animl,
2236 1632 2347 1677 tum
2406 1622 2567 1677 etiam
2616 1621 2874 1690 profectis
2902 1637 2931 1674 a
2967 1620 3256 1689 prudentia
3290 1619 3441 1686 cogi-

1878 1715 2201 1780 tationibus,
2233 1729 2329 1784 per
2356 1728 2493 1780 quas
2553 1712 2962 1777 inevitabilibus
3016 1710 3171 1763 malis
3220 1709 3442 1762 liberari

1877 1808 2120 1880 pluribus
2151 1805 2398 1872 conligit.
2429 1804 2541 1861 Illis
2568 1811 2749 1857 autem
2773 1803 3108 1866 hominibus,
3138 1801 3226 1870 qui
3260 1800 3441 1870 polypi

1877 1909 2002 1956 sunt
2028 1909 2080 1953 et
2110 1897 2547 1957 ebammleontes,
2579 1897 2757 1949 valere
2803 1894 2972 1962 jussis
3024 1891 3273 1947 eumdem
3327 1892 3441 1959 ipse

190 1984 373 2037 ἅπασι
394 1988 505 2046 τοῖς
532 1990 765 2054 καιροῖς·
799 1989 893 2042 καὶ
920 1988 995 2060 μὴ
1029 1988 1523 2057 μεταϐαλλομένοις
1560 1987 1771 2051 τούτοις
1806 1968 1845 2020 Β
1873 1989 2065 2044 cunt-lit

1563 1987 1771 2051 τούτοις
1806 1968 1845 2020 Β
1873 1989 2082 2044 cunt-tis
2122 1985 2456 2054 temporibus
2488 1984 2744 2038 exhibere
2779 1994 2830 2036 te
2852 1983 3000 2044 velis,
3035 1996 3134 2036 nec
3183 1996 3303 2035 cum
3337 1981 3438 2042 eis,

194 2076 753 2143 συμμεταϐάλλεσθαι
783 2084 921 2147 προς
955 2080 985 2131 ὃ
1028 2096 1079 2131 τι
1113 2078 1180 2131 ἂν
1225 2077 1592 2148 μεταϐληθεὶς
1651 2078 1769 2146 χεί-

194 2183 316 2232 ρων
361 2166 538 2237 δόξῃς.
593 2168 749 2220 Οὕτω
798 2170 857 2223 δὲ
907 2170 1198 2233 διατεθεὶς,
1250 2169 1346 2222 καὶ
1410 2168 1581 2231 οὕτως
1632 2168 1770 2237 ἔχων

194 2272 261 2321 γε
300 2257 551 2328 γνώμης,
584 2261 758 2329 πειρῶ
780 2261 989 2333 φέρειν,
1014 2264 1151 2332 ὅπερ
1180 2262 1245 2315 ἂν
1266 2262 1294 2314 ό
1315 2260 1446 2324 Θεὸς
1468 2258 1616 2329 διδῷ,
1646 2275 1770 2327 γεν-

196 2349 396 2411 ναίως.

930 2450 1064 2515 HC?-

270 2534 494 2587 Μᾶλλον
541 2537 767 2608 ἀνόητός
803 2542 972 2607 ἐστιν,
1021 2546 1069 2597 εἰ
1101 2545 1197 2598 καί¹
1224 2547 1529 2618 παράδοξον
1567 2549 1765 2617 εἰπεῖν,

193 2626 297 2678 τοῦ
346 2627 423 2698 μὴ
475 2630 674 2693 εἰδότος
727 2650 781 2684 τι
835 2636 1094 2705 χρηστὸν,
1140 2639 1273 2707 μηδὲ
1331 2640 1704 2709 ἐνεργοῦντος,
1742 2644 1770 2695 ό

201 2718 388 2771 πάντα
441 2720 540 2788 μὲν
591 2723 770 2787 εἰδὼς,
815 2724 851 2777 ἃ.
906 2728 1035 2797 χρὴ,
1078 2730 1247 2798 μηδὲν
1298 2731 1354 2784 δὲ
1399 2732 1507 2784 τῶν
1541 2732 1770 2787 δεόντων

199 2808 599 2878 ἐργαζόμενος.
641 2814 879 2869 ’Ἄτοπον
924 2804 1038 2887 γάρ
1076 2820 1358 2885 ἐπιεικῶς,
1405 2824 1772 2891 ἐπιστάμενον

200 2899 389 2964 καλῶς
433 2901 460 2954 ὃ
492 2920 543 2955 τι
582 2904 852 2960 συνοίσειν
905 2902 1014 2961 οἶόν
1063 2928 1145 2976 τε,
1177 2913 1508 2981 ἐργάζεσθαι
1542 2914 1609 2967 τὰ
1642 2915 1769 2985 βλά-

201 3008 427 3048 πτοντα.
453 2995 867 3066 Σωφρονοῦντος
909 3002 1016 3071 γάρ
1049 3003 1266 3072 ἀνδρὸς,
1305 3005 1398 3057 τὸν
1448 3006 1661 3059 ὄλισθον
1691 3009 1770 3059 εἰ·

200 3084 354 3147 δότα,
400 3087 687 3160 ἅποπηδᾷν
714 3107 728 3122 ο
761 3093 856 3143 καὶ
910 3093 1276 3164 μελαγχολίαν
1328 3096 1611 3160 νοσοῦντος
1650 3097 1770 3150 κατ’

200 3170 429 3238 ἄγνοιαν
461 3178 823 3242 παραπαίειν.
852 3180 925 3233 Τὸ
947 3181 1004 3233 δὲ
1035 3183 1229 3238 ἑκόντα
1260 3185 1419 3239 τοῦτο
1447 3188 1645 3250 ποιεῖν,
1676 3186 1770 3240 καῖ⁵

1870 2081 2080 2151 quoties
2114 2088 2415 2141 mutantur,
2469 2090 2574 2130 una
2604 2074 2800 2129 mutari
2837 2092 2849 2127 :
2884 2072 3187 2142 praesertim
3246 2071 3291 2125 si
3323 2087 3443 2124 mu-

1870 2173 2073 2227 tatione
2106 2169 2579 2230 secuta,dcterior
2627 2183 2747 2222 esse
2782 2167 2958 2222 factus
3008 2166 3296 2220 videberis.
3349 2165 3442 2219 Sic

1869 2275 2049 2319 autem
2099 2262 2346 2326 affectus,
2374 2269 2537 2329 atque
2586 2260 2691 2314 hoc
2739 2261 2922 2312 animo
2972 2257 3254 2326 praeditus,
3280 2255 3442 2309 enixe

1869 2355 2023 2410 dabis
2044 2368 2288 2424 operam,
2334 2360 2390 2405 ut
2429 2350 2557 2421 quid
2596 2352 2736 2403 Deus
2776 2348 3002 2414 dederit,
3039 2347 3250 2402 fortiter
3277 2346 3438 2401 feras.

2550 2440 2736 2497 XCVI.

1940 2529 2048 2585 Res
2090 2528 2303 2599 qu'dem
2341 2527 2523 2581 auditu
2581 2542 2718 2580 nova
2744 2534 2799 2581 et
2829 2524 3095 2588 insolens,
3122 2525 3216 2580 sed
3261 2532 3441 2577 tamen

1869 2638 1952 2685 eo,
1981 2622 2067 2689 qui
2096 2636 2192 2675 nec
2224 2620 2349 2674 boni
2377 2619 2668 2687 quidquam
2702 2617 2873 2682 novit,
2898 2632 2998 2671 nec
3023 2616 3173 2681 facit,
3196 2616 3445 2672 stolidior

1871 2718 1916 2771 is
1977 2726 2081 2778 est,
2117 2714 2209 2783 qui
2243 2712 2393 2767 novit
2424 2713 2603 2767 omnia
2658 2726 2782 2780 quae
2841 2712 2983 2766 scire
3041 2710 3296 2765 convenit
3336 2726 3349 2761 :
3389 2717 3445 2763 at

1873 2808 2005 2861 nihil
2036 2820 2249 2873 eorum,
2281 2819 2402 2874 quae
2439 2805 2552 2859 fieri
2595 2819 2693 2873 par
2722 2812 2859 2868 erat,
2888 2803 3034 2858 facit.
3064 2803 3278 2868 Etenim
3310 2800 3444 2855 satis

1871 2899 2166 2953 absurdum
2198 2907 2304 2960 est,
2339 2912 2461 2952 eum
2512 2895 2604 2965 qui
2638 2905 2784 2949 recte
2827 2894 2988 2958 sciat,
3028 2893 3298 2963 quidquid
3345 2908 3446 2946 ex-

1872 2991 2053 3062 pedire
2085 2990 2276 3058 possit,
2301 2988 2461 3042 noxia
2502 2987 2697 3041 facere
2734 2984 2850 3039 Viri
2897 3000 3131 3054 namque
3161 2983 3443 3053 prudentis
3518 2978 3523 2983 θ

1870 3090 1973 3147 est,
2014 3081 2059 3134 si
2090 3079 2219 3149 quid
2262 3078 2525 3132 lubricum
2577 3076 2742 3144 norit,
2781 3077 2847 3131 ab
2898 3091 2963 3131 eo
3025 3075 3256 3138 resilire,
3298 3075 3442 3129 sicut

1873 3172 2012 3241 ejus,
2046 3171 2139 3241 qui
2198 3169 2549 3224 melancholia
2608 3169 2840 3232 laborat,
2878 3183 2978 3237 per
3048 3166 3441 3237 ignorationem

202 3267 805 3360 παρδνὰπαλλαγῆναι,
842 3274 916 3343 μὴ
948 3274 1255 3344 βούλεσθαι,
1307 3277 1426 3341 πῶς
1459 3280 1558 3333 οὐκ
1590 3280 1769 3347 αἰνίγ-
1797 3302 1839 3360 C
1878 3265 2077 3319 deum"

1590 3280 1769 3347 αἰνίγ-
1797 3302 1839 3360 C
1878 3265 2130 3319 delirare.
2162 3261 2229 3316 At
2259 3276 2389 3316 vero
2417 3261 2670 3315 consulto
2707 3260 2757 3312 id
2789 3258 2992 3323 facere,
3025 3273 3257 3327 cumque
3304 3257 3445 3311 desi-

203 3373 338 3424 ματι
365 3356 549 3426 Eous;
583 3362 692 3414 Kal.
721 3364 1035 3432 κρείττονος
1066 3367 1159 3419 τοῦ
1194 3368 1450 3432 λύσοντος
1475 3371 1535 3421 τὸ
1561 3370 1767 3438 ἄπορον
1803 3351 1839 3360 ⁷
1876 3367 2018 3414 ﬂere
2043 3358 2074 3410 Ιί

1561 3370 1767 3438 ἄπορον
1803 3351 1839 3360 ⁷
1876 3367 2018 3414 stere
2043 3358 2218 3419 liceat,
2249 3354 2523 3421 nolle,quo
2551 3361 2707 3421 pacto
2742 3368 2845 3406 non
2871 3352 3143 3422 zenigmati
3168 3351 3428 3420 quiddam

200 3447 336 3516 ἡμῖν
367 3446 535 3502 δεῖται
581 3451 613 3521 ἢ
655 3454 797 3506 κατὰ
842 3454 934 3507 τὸν
980 3456 1149 3508 πάλαι
1189 3458 1462 3511 Οἰδίποδα.
1517 3460 1620 3511 Τὸν
1662 3462 1769 3530 γὰρ

207 3538 284 3604 μὴ
316 3538 612 3608 δυνάμενον
643 3543 843 3609 γνῶναι
889 3546 993 3600 κᾶν
1023 3547 1215 3618 ἐχθρὸς
1251 3550 1485 3619 ἠλέησεν
1515 3550 1769 3621 ἁμαρτή-

205 3630 500 3692 σαντα.”ος
517 3631 561 3682 δ’
583 3632 651 3686 ἂν
673 3637 1013 3707 γευσάμενος
1035 3640 1129 3693 τοῦ
1151 3642 1406 3711 χρηστοῦ,
1429 3640 1599 3694 ἔπειτ’
1618 3638 1775 3705 αὖθις

200 3719 367 3773 αὑτὸν
388 3722 567 3793 ὲκδοίη
592 3726 817 3794 φαύλοις
868 3729 1194 3799 πράγμασιν
1226 3732 1344 3802 (οὐχ
1371 3727 1532 3802 ἦττον
1552 3732 1609 3784 δὲ
1646 3733 1771 3801 περὶ

199 3812 444 3879 ἐμαυτοῦ
469 3812 611 3882 λέγω
646 3816 679 3886 ἢ
708 3820 836 3888 περὶ
880 3822 1099 3875 πάντων
1129 3822 1485 3891 ἀνθρώπων),
1522 3822 1624 3873 κᾶν
1670 3822 1769 3873 αὑ-

199 3904 293 3968 τὸς
324 3906 486 3960 αὑτὸν
518 3908 746 3975 εἰκότως
784 3914 1088 3982 μισήσειεν.
1141 3916 1217 3968 Οὐ
1269 3915 1403 3984 πρὸς
1451 3914 1643 3983 ἀνδρὸς
1676 3910 1769 3966 οὖν

202 3996 412 4062 ἀγαθοῦ
444 3999 646 4054 εἰδέναι
676 4006 768 4055 καί
793 4004 1086 4072 διδάσκειν,
1110 4006 1144 4059 ἃ
1174 4006 1300 4077 χρὴ,
1335 4006 1507 4059 ἔπειτ’
1531 4005 1770 4073 ἀποφαί-

203 4102 319 4138 νειν
342 4087 523 4155 αὑτὸν,
555 4083 634 4152 οἷς
659 4092 720 4144 οὐ
754 4094 882 4163 χρὴ,
919 4095 1261 4152 δουλεύοντα.

1877 3458 1961 3503 est
1989 3447 2163 3501 simile
2192 3446 2215 3499 ?
2244 3444 2534 3499 Subtiliore
2565 3445 2782 3513 quidem
2825 3445 2979 3500 nobis
3004 3459 3139 3513 Opus
3167 3454 3249 3499 est
3276 3444 3446 3497 inter-

1879 3548 2051 3607 prete,
2086 3538 2151 3590 ad
2192 3535 2598 3590 dissolvendum
2625 3537 2722 3588 hoc
2751 3534 2999 3598 dubium,
3029 3549 3188 3601 quam
3230 3533 3442 3601 priscus

1882 3632 1970 3686 ille
2002 3630 2161 3684 fuerit
2192 3628 2448 3697 (Edipus.
2476 3627 2721 3681 Hominis
2746 3626 2888 3680 enim
2923 3626 3128 3693 jnd’eio
3175 3626 3444 3691 cognitio—

1872 3738 2048 3793 neque
2098 3721 2363 3785 destituti,
2394 3720 2438 3778 si
2496 3719 2679 3786 lapsus
2713 3719 2803 3779 sit,
2845 3715 2928 3770 vel
2970 3716 3139 3771 hostis
3187 3718 3442 3770 misertus

1873 3814 2059 3869 fuerit.
2093 3814 2159 3881 At
2202 3811 2296 3880 qui
2355 3812 2639 3877 degustato
2697 3809 2835 3861 bono
2882 3808 3078 3861 deinde
3128 3823 3186 3861 se
3262 3807 3437 3877 ipsum

1872 3919 2064 3959 rursus
2124 3901 2303 3969 pravis
2346 3903 2509 3954 rebus
2556 3898 2827 3953 addixerit
2864 3901 2987 3965 (nec
3038 3898 3217 3952 minus
3258 3898 3324 3951 de
3354 3913 3440 3952 me

1870 3996 1987 4064 ipso
2037 4007 2200 4063 quam
2240 3991 2564 4045 mortalibus
2611 3988 2878 4044 universis
2941 3990 3179 4059 loquor),
3231 3991 3278 4043 is
3310 4004 3439 4043 vero

1869 4104 1977 4142 non
2012 4086 2109 4141 abs
2162 4100 2221 4137 re
2264 4084 2480 4138 sibimet
2520 4082 2625 4151 ipsi
2658 4081 2782 4137 odio
2830 4081 3016 4138 fuerit.
3066 4081 3433 4148 Quamobrem

198 4178 303 4232 νίτὶ
356 4178 483 4234 boni
519 4197 627 4236 non
695 4192 798 4250 est,
831 4193 942 4241 tum
990 4202 1175 4255 nosse,
1247 4198 1359 4245 tum
1399 4188 1595 4244 docere
1647 4199 1765 4257 quae
1803 4186 2036 4251 oportet,
2101 4192 2166 4232 ac
2214 4175 2408 4232 deinde
2473 4189 2532 4230 se
2585 4174 2757 4244 ipsum
2800 4175 3057 4231 exhibere
3116 4174 3438 4232 servientem

200 4271 289 4334 iis,
316 4272 510 4341 quibus
540 4275 680 4331 haud
709 4292 806 4347 par
829 4288 966 4333 erat.

946 4377 1057 4441 ιιΖο.

2550 4358 2759 4413 XCVII.

1936 4454 2072 4510 Esse
2099 4453 2198 4508 sibi
2236 4452 2450 4521 cognita
2503 4450 2549 4506 si
2600 4452 2884 4504 conﬁrmet
2915 4448 3108 4519 aliquis
3132 4448 3437 4514 hominum,

1864 4561 1983 4617 qun
2015 4544 2265 4599 faciunda
2297 4544 2426 4605 siut,
2470 4541 2801 4611 interimque
2832 4557 2938 4595 non
2990 4548 3274 4609 appareat,
3321 4540 3438 4594 hate

271 4458 377 4510 'Hv
412 4475 496 4522 τις
538 4459 881 4531 ἰσχυρίζηται
932 4462 1041 4515 τῶν
1099 4462 1426 4531 ἀνθρώπων,
1474 4461 1510 4516 ά
1542 4476 1606 4530 γε
1653 4456 1760 4528 χρὴ

195 4551 375 4603 ποιεῖν
398 4554 722 4618 ἔγνωκέναι,
762 4553 953 4607 ἔπειτα
985 4554 1060 4624 μὴ
1093 4557 1352 4625 φαίνηται
1387 4556 1558 4608 ταῦτα
1591 4553 1763 4623 πράτ-

193 4660 327 4706 των,
357 4642 392 4712 ἢ
421 4643 751 4712 ψευδόμενός
782 4645 1008 4717 ὲστιν,ἢ
1048 4647 1187 4718 πρὸς
1223 4646 1429 4716 βλάϐην
1458 4643 1652 4699 ἑαυτοῦ
1696 4641 1757 4694 τδ
1863 4652 1986 4692 cum
2028 4636 2068 4690 fa

1561 4643 1652 4697 τοῦ
1696 4641 1757 4694 τδ
1863 4652 1986 4692 cum
2028 4636 2186 4691 factis
2225 4644 2501 4704 praestare,
2531 4632 2614 4688 vel
2665 4634 2893 4687 mendax
2920 4641 3022 4693 est.
3057 4630 3139 4684 vel
3182 4644 3337 4685 suum
3370 4629 3436 4682 ad

192 4732 395 4799 γνῶναι
429 4734 785 4803 κεκτημένος.
819 4737 927 4788 Καὶ
952 4737 1160 4798 πάντας
1194 4738 1293 4804 μὲν
1324 4736 1390 4791 ἂν
1413 4736 1588 4804 ἔχοιμι
1615 4734 1748 4803 πρὸς
1782 4734 1824 4788 D
1854 4726 2067 4779 ἀεικίιηε

1552 4752 1588 4787 ιι
1615 4734 1748 4803 πρὸς
1782 4734 1824 4788 ι)
1854 4726 2234 4779 detrimentum
2269 4739 2331 4778 ea
2356 4722 2662 4792 cognitione
2723 4722 2998 4792 praeditus.
3045 4721 3098 4775 In
3118 4734 3180 4775 ea
3204 4735 3262 4773 re
3279 4720 3427 4774 nemi

191 4822 353 4875 τοῦτο
404 4824 920 4893 συμφθεγγομινους
940 4841 955 4859 ο
1003 4826 1160 4898 ἄθρει
1190 4827 1247 4880 δὲ
1278 4828 1373 4881 καὶ
1401 4826 1494 4880 τὸν
1526 4825 1757 4894 Σωτῆρα
1866 4832 1990 4870 nem
2044 4834 2066 4869 ll

1560 4825 1757 4894 ιωτῆρα
1866 4832 1990 4870 nem
2044 4816 2174 4869 mihi
2216 4831 2323 4870 non
2370 4830 2722 4870 assensurum
2768 4824 2972 4883 putem.
3015 4812 3123 4868 Sed
3165 4813 3287 4867 vide
3312 4827 3435 4881 pro-

189 4915 337 4968 τοῦτ¹
371 4916 805 4986 ἀποφαινόμενον
848 4919 1147 4989 ἁριδήλως,
1190 4919 1270 4988 τῷ
1300 4919 1503 4987 λέγειν,
1542 4916 1758 4987 μέλλειν
1863 4909 2064 4962 nuntia!

1559 4916 1758 4970 ιέλλειν
1863 4909 2204 4962 nuntiantem
2242 4909 2345 4963 hoc
2379 4908 2730 4961 Servatorem
2757 4920 2971 4976 quoque
2994 4914 3236 4960 nostrum
3268 4903 3434 4958 claris

190 5008 526 5077 δαρήσεσθαι
559 5008 651 5061 τδν
678 5008 836 5076 ὀλίγα
882 5010 1081 5078 γνώσει
1112 5008 1594 5081 προσκεκρουκότα
1622 5008 1757 5077 μᾶλ-
1858 5000 2062 5066 verbis.

1561 5027 1594 5061 at
1622 5008 1757 5077 μᾶλ-
1858 5000 2062 5066 verbis,
2088 5016 2208 5053 cum
2231 5000 2327 5063 ait,
2361 4999 2738 5067 vapulaturum
2767 4998 2935 5067 magis
2965 5011 3110 5061 eum,
3134 4997 3222 5066 qui
3249 4996 3431 5049 sciens

190 5100 281 5151 λον
305 5096 403 5151 τοῦ
446 5098 517 5152 τὰ
539 5098 763 5168 μείζονα
796 5100 918 5153 κατ’
950 5100 1174 5167 ἄγνοιαν
1217 5100 1564 5161 ἐπταικότος.
1598 5097 1755 5151 Ὠσθ’
1856 5092 2063 5160 ιπυόεη

1554 5138 1564 5153 ,
1598 5097 1755 5151 Ὠσθ’
1856 5092 2096 5160 prudens
2112 5089 2580 5158 oﬂ'cnderit,qnam
2608 5090 2699 5156 qui
2726 5089 2928 5157 majora
2953 5102 3047 5155 per
3070 5086 3429 5154 ignorantiam

188 5194 215 5246 ό
244 5190 304 5243 τὸ
335 5190 500 5244 καλὸν
526 5191 706 5253 καλῶς
730 5192 903 5256 εἰδὼς,
932 5192 1109 5255 καλῶς
1143 5194 1201 5246 δὲ
1230 5193 1387 5246 τοῦτο
1415 5193 1489 5263 μὴ
1518 5178 1749 5261 πράξας,
1854 5183 2057 5237 adnlise

1555 5191 1749 5261 κράξας,
1854 5182 2150 5237 admiserit.
2190 5182 2307 5247 Quo
2353 5182 2605 5241 efficitur.
2638 5192 2695 5233 ut
2744 5181 2859 5249 qui,
2891 5180 3032 5250 quod
3091 5180 3289 5233 bonum
3323 5186 3430 5243 est,

189 5283 494 5352 ὲζημίωται
514 5284 592 5353 τῷ
616 5284 842 5352 γνῶναι.
882 5286 990 5338 Καὶ
1037 5284 1240 5352 ταύτην
1266 5287 1365 5351 τὴν
1397 5285 1622 5354 γνώμην
1652 5285 1753 5337 οὐκ
1853 5283 2000 5329 ῐεοιθ
2061 5290 2064 5326 ἰ

1557 5302 1622 5354 ην
1652 5285 1753 5337 οὐκ
1853 5283 2000 5329 recte
2061 5275 2230 5336 novit,
2264 5288 2362 5327 nec
2422 5282 2599 5325 tamrn
2628 5272 2679 5326 id
2733 5281 2882 5325 recte
2925 5270 3074 5334 facit,
3103 5285 3197 5338 per
3240 5270 3432 5337 ipsam'

188 5379 267 5431 ἔνι
298 5375 797 5445 παραλογίσασθαι,
844 5377 951 5429 οὐδ’
995 5377 1060 5447 ἢν
1092 5377 1319 5447 συνέλθῃ
1349 5380 1414 5447 τῇ
1460 5379 1620 5447 σοφίᾳ
1650 5376 1748 5445 τῆς
1857 5367 2059 5435 cogniti

1555 5379 1620 5447 mg;
1650 5376 1748 5445 τῆς
1857 5367 2224 5435 eoguitionetn
2244 5366 2440 5417 damno
2464 5364 2695 5432 quodam
2732 5360 2953 5415 allectus
2984 5361 3070 5414 sit.
3108 5362 3283 5426 Atque
3315 5360 3430 5413 haec

188 5469 292 5538 γῆς
335 5469 553 5536 ἀπάσης
583 5470 615 5538 ἡ
650 5468 757 5520 τῶν
785 5468 1035 5535 ἀγγέλων
1077 5469 1356 5522 ἁπάντων.
1402 5468 1596 5522 Θεόθεν
1639 5471 1748 5539 γὰρ
1848 5472 1978 5511 sane
2013 5472 2063 5511 se

1547 5486 1596 5522 εν
1639 5471 1748 5539 γὰρ
1848 5472 1978 5511 sane
2013 5456 2276 5511 sententia
2313 5455 2541 5524 perverti
2587 5468 2747 5522 prave
2798 5451 3172 5506 ratiocinando
3205 5450 3422 5517 nequit,

190 5564 321 5632 ἡμῖν
351 5562 499 5613 ἐστιν
530 5561 949 5631 εξενηνεγμένη,
981 5563 1089 5625 ὅλῳ
1132 5565 1228 5616 καὶ
1268 5563 1434 5617 παντὶ
1460 5562 1538 5631 τῷ
1569 5580 1747 5631 γιγνο.
1848 5550 2065 5605 etiamsi

1569 5580 1747 5631 γιγνο.
1848 5550 2070 5605 etiamsi
2112 5563 2233 5601 cum
2257 5548 2506 5600 universa
2557 5544 2797 5598 terrestri
2826 5543 3141 5612 angelorum
3176 5542 3420 5595 omnium

192 5652 339 5720 μένῳ
387 5652 803 5722 κεκοσμημένη.
860 5652 1027 5706 Στενὰ
1052 5653 1109 5706 δὲ
1162 5654 1231 5707 τὰ
1281 5654 1525 5725 ἡμέτερα
1559 5656 1748 5709 ἑκατέ-
1847 5639 2067 5707 snDiem3

1559 5656 1748 5709 ἑκατέ-
1847 5638 2114 5707 Sapientia
2146 5646 2317 5691 coeat.
2357 5636 2622 5688 Divinitus
2667 5636 2813 5687 enim
2867 5634 3071 5703 prolata
3109 5632 3264 5686 nobis
3310 5641 3415 5694 est,

1804 5766 1807 5767 ν
1848 5730 1997 5785 omni
2050 5729 2302 5798 aequitate
2334 5728 2714 5781 condecorata.
2749 5726 2851 5780 Res
2890 5724 3103 5778 interim
3132 5732 3333 5777 nostra:
3367 5723 3421 5776 in

1847 5830 2022 5876 artum
2072 5821 2327 5889 utrinque
2363 5830 2651 5889 coguntur.
2726 5816 2852 5871 Nam
2884 5828 2939 5871 et
2986 5817 3248 5884 imperitia
3306 5831 3423 5868 ma-

1846 5912 1950 5965 lum
1990 5912 2119 5982 quid
2167 5920 2269 5975 est,
2305 5919 2358 5964 et
2405 5910 2663 5974 cognitio,
2701 5906 3063 5969 formidabile,
3101 5921 3223 5959 cum
3272 5906 3422 5975 reri-

1847 6006 2027 6059 Culum
2076 6021 2139 6059 cx
2177 6019 2236 6059 ca
2266 6019 2371 6060 non
2413 6003 2663 6067 cxig'ruzu
2718 6001 2873 6055 nobis
2911 6000 3240 6064 impendeat.

191 5740 384 5813 ρωθεν.
436 5744 509 5795 ’⁸ἰί
556 5759 613 5795 τε
662 5743 770 5812 γὰρ
815 5743 1115 5813 άϐελτηρία
1173 5745 1378 5811 κακὸν,
1419 5746 1452 5815 ἦ
1496 5763 1556 5798 τε
1606 5747 1745 5814 γνῶ-

188 5850 270 5896 σις
320 5833 574 5904 φοϐερδν,
613 5833 674 5888 οῦ
717 5833 912 5904 μικρδιν
961 5834 1050 5887 τὸν
1100 5835 1341 5890 κίνδυνον
1389 5837 1520 5908 ἡμῖν
1569 5830 1742 5908 ἐξαρὲ

185 5942 327 5980 τωσα
343 5964 357 5980 ο
