4748 6512
167 417 260 479 385

195 553 641 569 ...ιη-*Ψ

1584 404 1872 467 ORATIO
1916 403 1965 464 Ι.

3278 401 3389 465 388

2714 548 3120 557 —————-——————.
3131 548 3255 553 “ﬂ-

645 718 1051 871 MAN
1062 710 1614 872 UELIS
1729 707 2879 864 PAL/EOLOGI

1441 980 1542 1041 AD
1582 978 1958 1042 JOANNEM
1991 980 2269 1041 FILIUM

461 1175 1286 1292 ORATIONES
1362 1174 1578 1289 VII
1696 1168 3069 1284 ETHICO-POLITICIE.

864 1533 944 1591 A'.

160 1636 344 1707 Λόγος
368 1630 798 1707 προτρεπτικρς
819 1629 1175 1707 είςηλρτους,
1215 1622 1312 1678 καί
1339 1621 1471 1691 περί
1494 1617 1715 1689 ἀρετῆς

572 1701 673 1756 καὶ
709 1698 935 1768 ἀγαθοῦ
963 1698 1281 1767 ἄρχοντος.

226 1819 332 1871 Τοῦ
358 1816 538 1879 καλῶς
563 1813 888 1881 ἐπίστασθαι
906 1813 1088 1880 λέγειν
1117 1809 1271 1862 οὐδὲν
1299 1809 1364 1862 ἂν
1395 1808 1606 1877 γένοιτο
1621 1804 1716 1856 λυ-

164 1912 533 1979 σιτελέστερον
553 1910 816 1979 ἄρχουσιν
849 1906 1128 1959 ἐθέλουσιν
1159 1901 1385 1971 ἀγαθοῖς
1417 1896 1586 1961 εἶναι,
1624 1895 1717 1952 νοῦ

163 2024 219 2059 τε
253 2004 415 2077 βάρος
440 2003 653 2073 έχουσι,
680 2002 777 2055 καὶ
802 1998 936 2070 πρὸς
964 1996 1027 2050 τδ
1056 1999 1206 2065 κοινῇ
1237 1995 1481 2049 συνοῖσον
1528 1990 1718 2061 ὁρῶσι,

163 2099 272 2152 τῶν
300 2116 359 2152 τε
405 2095 630 2166 ἀγαθῶν
685 2094 879 2166 ἐρῶσι,
937 2092 1033 2146 καὶ
1092 2089 1256 2161 μηδὲν
1301 2090 1403 2153 τῆς
1463 2084 1721 2153 ἀληθείας

165 2191 498 2263 προτιμῶσι.
533 2187 708 2241 Τοῦτο
748 2186 987 2241 τουτοισὶ
1040 2186 1152 2247 τοῖς
1201 2180 1432 2250 ἀνδράσι
1468 2180 1714 2247 κρεῖττον

163 2282 459 2353 ἀτεχνῶςῆ
496 2280 775 2341 πλουτεῖν,
802 2280 899 2332 καὶ
922 2277 1049 2338 τοὺς
1091 2273 1186 2326 τοῦ
1218 2272 1456 2343 Κροίσου
1517 2270 1724 2336 θησαυ-

166 2378 294 2447 ροὺς
319 2376 398 2438 είς
430 2372 737 2441 ἀσφαλείας
764 2370 925 2438 λόγον
963 2366 1101 2420 πολὺ
1129 2363 1319 2430 νικῶν,
1370 2363 1621 2431 ίσχυρότε
1633 2375 1723 2423 ρον

161 2471 265 2538 τῆς
325 2467 525 2539 Ξέρξου
590 2464 968 2534 πολυχειρίας,
1024 2458 1316 2529 σφενδόνης
1386 2454 1562 2521 Γύγου
1596 2450 1726 2520 πῆς

166 2559 403 2629 μυθικῆς
436 2559 535 2613 σὺν
560 2556 639 2626 τῷ
662 2552 813 2622 καλῷ
848 2552 1159 2623 βιαιότερον
1180 2564 1195 2582 ο
1238 2548 1331 2600 καὶ
1359 2545 1497 2608 ὅλως
1520 2542 1726 2596 τούτων

160 2649 575 2719 ἁνυσιμώτερόν
601 2664 661 2699 τε
694 2646 788 2698 καὶ
842 2642 1192 2714 τιμιώτερον,
1243 2639 1370 2692 ὅσον
1405 2636 1513 2690 οὐδ’
1551 2637 1727 2688 εἰπεῖν

162 2745 232 2799 ἂν
259 2746 343 2811 είη
376 2743 484 2796 τῶν
529 2740 797 2810 εύχερῶν.
828 2736 1132 2803 Σκοπῶμεν
1172 2731 1238 2802 δὴ
1267 2731 1377 2785 τῶν
1421 2728 1729 2798 εἰρημένων

161 2836 377 2905 ἀνδρῶν
404 2834 652 2898 ἕκαστον,
688 2831 784 2884 καὶ
831 2829 882 2880 τί
928 2843 1059 2880 ποτε
1091 2823 1407 2889 δεδύνηνται
1448 2816 1723 2887 κατορθῶ-
1761 2865 1802 2919 Β

166 2947 286 2993 σαι,
310 2928 378 2980 δι’
409 2920 483 2979 ῶν
509 2942 574 2992 γε
598 2922 925 2992 νενομίκασι
968 2918 1112 2988 μέγα
1148 2933 1202 2969 τι
1234 2915 1328 2969 καὶ
1361 2914 1610 2982 γενναῖον
1632 2910 1726 2961 δυ-

166 3019 431 3093 νήσεσθαι
480 3016 823 3088 δεδρακέναι.
887 3013 1121 3065 Ἔπειτα
1167 3009 1259 3063 τὸν
1300 3007 1481 3074 λόγοις
1516 3003 1721 3055 εὐδόκιυ

166 3092 272 3182 μον
332 3108 571 3163 τουτοισὶ
636 3104 1065 3175 παραϐάλωμεν,
1112 3100 1241 3153 ὄντα
1284 3114 1349 3165 γε
1413 3096 1507 3149 καὶ
1560 3092 1729 3147 τᾶλλα

161 3202 414 3258 τοιοῦτον
446 3194 832 3271 ᾶρχοντα,οἴον
860 3196 1024 3257 εὐθὺς
1056 3187 1599 3264 ὲπροοιμιασὰμεθα.
1620 3184 1729 3237 Καὶ

165 3299 283 3366 γὰρ
315 3294 443 3364 τῇδέ
475 3309 552 3361 πη
603 3289 1000 3357 διακρίνοντας,
1067 3286 1166 3337 οὐκ
1218 3281 1375 3351 οἶμαί
1406 3296 1467 3348 γε
1532 3278 1731 3348 ῥαδίως

161 3390 316 3459 ἡμᾶς
343 3383 749 3454 ὲξαμαρτήσειν
777 3380 877 3447 τῆς
910 3378 1190 3447 ἀληθείας.
1234 3374 1293 3429 '0
1324 3375 1421 3444 μὲν
1444 3371 1537 3424 οὖν
1563 3369 1731 3430 πολὺς

160 3482 379 3541 ἐκεῖνος
410 3479 611 3548 χρυσδς
630 3475 723 3528 τὸν
752 3475 842 3527 ἐπ’
867 3470 1018 3540 αὑτῷ
1062 3469 1207 3539 μέγα
1245 3465 1545 3537 φρονοῦντα
1567 3464 1731 3533 Κροῖ-

162 3588 264 3628 σον
293 3569 601 3638 ψευσθέντα
644 3564 754 3617 τῶν
805 3562 1035 3615 ἐλπίδων
1068 3562 1342 3626 ἀπέφηνε,
1386 3556 1480 3608 καὶ
1507 3554 1730 3621 γέγονεν

159 3667 432 3730 ἄντικρυς
456 3659 602 3728 αὐτῷ
634 3656 824 3725 συκίνη
884 3652 1175 3721 έπικουρία
1232 3652 1267 3720 ἡ
1313 3649 1407 3702 επὶ
1453 3649 1731 3716 χρήμασιν

160 3755 353 3817 ἐλπὶς,
378 3750 578 3806 οὑτωσὶ
612 3750 829 3818 νεκροῖς
861 3746 1142 3815 κειμένοις
1167 3742 1237 3796 δι’
1266 3739 1591 3812 ἀχρηστίαν.
1621 3738 1733 3789 Καὶ

163 3852 281 3920 μὴν
325 3849 420 3899 καὶ
450 3844 537 3896 διὰ
583 3839 775 3894 τοῦτον
826 3835 1070 3891 ἀπόλωλε
1102 3834 1239 3905 πρὸς
1275 3834 1352 3902 τῷ
1384 3832 1548 3901 μηδὲν
1602 3845 1734 3883 κατ-

156 3918 489 4013 ωρθωκέναι
539 3933 649 3987 τῶν
697 3930 818 3984 κατ’
851 3928 1059 3981 ἐλπίδα.
1094 3926 1295 3979 Καινὸν
1350 3923 1407 3975 δὲ
1439 3918 1594 3991 οἶμαι
1630 3937 1732 3990 μη-

156 4012 277 4096 δὲν,
316 4029 451 4101 μηδὲ
480 4023 727 4089 ἀπεικὸς,
757 4024 805 4074 εί
830 4019 1193 4090 περιέστηκεν
1218 4014 1365 4085 αύτῷ
1406 4015 1541 4083 πρὸς
1570 4012 1732 4065 τούν-

156 4126 355 4181 αντίον
388 4123 421 4193 ἠ
460 4120 610 4184 δόξα,
650 4114 916 4187 μηδαμῶς
968 4112 1056 4165 ἐπ’
1096 4112 1290 4181 ἀρετῇ,
1322 4106 1438 4161 ἀλλ’
1483 4107 1574 4158 ἐπὶ
1633 4120 1731 4174 με·

2575 1520 2615 1573 l.

1821 1617 2005 1670 Oratio
2021 1617 2322 1669 hortatorta
2341 1613 2409 1665 nd
2430 1614 2741 1679 eloquentia!
2778 1610 2977 1678 studia,
3002 1612 3164 1678 deque
3203 1612 3391 1665 virtuts

2344 1701 2403 1737 ac
2436 1686 2568 1734 bono
2590 1684 2843 1753 principe.

1892 1800 1999 1867 Qui
2027 1800 2156 1855 boni
2186 1813 2305 1854 esse
2328 1798 2600 1867 principes
2623 1795 2833 1860 volunt,
2859 1801 2911 1847 et
2945 1792 3141 1847 mentis
3171 1790 3390 1860 aliquod

1820 1895 2031 1964 pondus
2064 1893 2284 1954 habent,
2314 1891 2405 1960 qui
2440 1890 2713 1958 publicam
2744 1896 2996 1956 spectant
3024 1886 3393 1940 utilitatemet

1821 1986 2093 2053 bonarum
2117 1998 2296 2038 rerum
2325 1991 2594 2045 amantes,
2622 1979 2762 2033 nihil
2796 1979 3030 2032 veritate
3058 1977 3265 2029 ducunt
3297 1989 3395 2027 an-

1823 2078 2053 2147 tiquius,
2079 2076 2146 2131 iis
2176 2074 2324 2129 nulla
2357 2089 2446 2128 res
2478 2072 2599 2127 usui
2633 2072 2806 2141 magis
2840 2086 2960 2125 esse
2989 2078 3185 2139 potest,
3227 2085 3389 2139 quam

1822 2178 1969 2226 recte
1987 2166 2247 2235 loquendi
2267 2164 2519 2219 scientia.
2541 2161 2725 2216 Potius
2744 2162 2885 2215 enim
2912 2165 3017 2217 hoc
3036 2162 3115 2215 eis
3138 2168 3243 2224 est,
3276 2175 3392 2213 om.

1825 2277 1948 2318 nem
1968 2268 2120 2315 extra
2153 2258 2611 2316 controversiam,
2638 2271 2801 2325 quam
2835 2270 3000 2321 opum
3027 2254 3229 2321 copias;
3253 2268 3393 2323 pne-

1827 2356 1951 2412 sidii
1992 2355 2112 2424 plus
2147 2352 2309 2407 habet
2348 2364 2511 2419 quam
2542 2349 2715 2403 ϐιωθί
2758 2348 2900 2416 regis
2949 2346 3183 2399 thesauri
3220 2360 3234 2409 ;
3271 2345 3391 2413 plus

1826 2445 2060 2508 roboris,
2116 2458 2278 2513 quam
2336 2442 2642 2495 immensus
2684 2439 2772 2492 ille
2815 2436 3010 2491 Xerxis
3071 2435 3387 2489 exercitus.

1827 2541 1948 2609 plus
1989 2536 2210 2600 virium,
2261 2550 2385 2589 cum
2442 2533 2692 2596 honesto,
2736 2546 2899 2598 quam
2952 2530 3117 2601 Gygis
3166 2529 3255 2583 illa
3307 2530 3389 2582 fa.

1830 2632 2021 2687 bulosa
2072 2629 2244 2699 pala':
2282 2627 2516 2696 denique
2566 2634 2720 2678 tanto
2777 2624 2861 2677 his
2918 2634 2970 2676 et
3021 2622 3293 2677 efficacius
3340 2633 3394 2677 et

1830 2723 2058 2792 majoris
2109 2731 2189 2776 est
2237 2720 2418 2790 pretii,
2454 2727 2717 2787 quantum
2770 2732 2835 2771 ne
2888 2715 3119 2770 dicendo
3169 2714 3389 2785 quidem

1831 2813 2089 2885 explicari
2124 2812 2281 2865 facile
2312 2809 2506 2879 possit.
2538 2807 2599 2860 Et
2618 2808 3032 2860 consideremus
3054 2821 3186 2860 sane
3203 2821 3392 2876 quem-

1831 2910 1959 2964 libet
1987 2909 2202 2969 borum,
2238 2918 2375 2972 quos
2406 2902 2671 2962 diximus,
2702 2914 2931 2968 quaeque
2958 2899 3039 2954 vis
3081 2915 3268 2952 earum
3304 2916 3393 2953 re-

1830 3017 1949 3057 rnm
1984 2998 2168 3062 fuerit,
2195 2996 2396 3065 quibus
2428 2994 2505 3047 illi
2545 2992 2707 3046 rebus
2758 3006 2817 3047 se
2868 3000 3086 3060 patrare
3138 3007 3391 3061 magnum

1830 3091 2102 3163 quoddam
2129 3104 2193 3143 ac
2223 3087 2405 3142 nobile
2423 3086 2637 3140 facinus
2668 3099 2827 3153 posse
2875 3092 3159 3153 putarunt.
3192 3083 3394 3138 Deinde

1831 3184 2033 3241 nostris
2060 3183 2208 3237 hisee
2225 3178 2669 3234 commendatum
2688 3176 3026 3231 oratiOuibus
3042 3180 3108 3231 ad
3138 3191 3232 3231 eos
3249 3192 3395 3231 com-

1832 3290 2108 3347 paremus,
2136 3274 2439 3343 principem
2472 3279 2664 3325 caatera
2690 3286 2910 3339 quoque
2939 3271 3123 3333 talem,
3174 3272 3390 3340 qualem

1832 3367 2012 3424 statim
2038 3369 2105 3421 ab
2133 3364 2287 3418 initio
2314 3362 2951 3431 delineavimus.Quippe
2973 3361 3018 3416 si
3046 3362 3393 3432 hocquodam

1833 3461 1995 3514 modo
2015 3471 2243 3513 examen
2281 3456 2618 3521 instituatur,
2659 3455 2802 3508 haud
2835 3454 2995 3510 facile
3028 3470 3127 3510 nos
3186 3471 3216 3510 a
3266 3471 3394 3511 vero

1832 3554 2186 3607 aberraturos
2209 3547 2467 3601 arbitror.
2508 3546 2700 3615 Ingens
2726 3546 2888 3614 igitur
2910 3546 2999 3598 illa
3017 3546 3096 3600 vis
3113 3546 3254 3608 auri,
3276 3561 3363 3615 ma
3377 3575 3398 3590 -

1832 3657 1967 3713 gnos
1994 3641 2063 3695 ob
2087 3654 2205 3693 eam
2240 3647 2514 3707 gerentem
2544 3637 2760 3689 animos
2809 3635 3057 3690 Crcesum
3109 3613 3397 3706 exspecta-

1836 3736 1981 3789 tione
2014 3746 2113 3786 sua
2146 3729 2465 3783 frustratum
2500 3728 2686 3795 elusit,
2722 3744 2999 3798 quamque
3019 3745 3168 3798 spem
3200 3745 3397 3799 posue-

1835 3834 1919 3882 rat
1951 3825 2004 3878 in
2037 3823 2289 3893 pecunia,
2313 3836 2433 3887 quae
2458 3821 2589 3874 nulli
2618 3821 2765 3890 quod
2790 3830 2935 3875 esset
2969 3824 3117 3887 usui,
3181 3832 3394 3876 mortua

1834 3920 1987 3990 quasi
2008 3918 2224 3988 jacebat
2253 3958 2269 3983 ,
2306 3931 2370 3970 ea
2404 3917 2562 3983 plane
2584 3915 2839 3970 ficulnum
2855 3915 2902 3969 ei
2934 3916 3240 3985 praesidium
3274 3916 3395 3972 fuit.

1835 4015 1949 4068 lmo
1986 4019 2205 4081 propter
2236 4009 2342 4065 hoc
2391 4010 2568 4078 ipsum
2604 4023 2823 4072 aurum,
2856 4017 3215 4078 praeterquam
3248 4009 3397 4079 quod

1836 4105 1968 4161 nihil
1992 4118 2183 4159 eorum
2208 4099 2459 4170 perfecit,
2492 4115 2614 4170 quae
2641 4115 2739 4169 spe
2789 4102 3177 4167 destinaverat,
3231 4103 3396 4156 etiam

152 4218 387 4277 τάλλοις
438 4209 831 4283 τεθαρρηκότι.
892 4203 1065 4260 Ταυτὶ
1113 4204 1223 4273 γὰρ
1247 4203 1358 4263 τοῖς
1422 4196 1727 4269 χρωμένοις
1756 4195 1798 4253 C
1831 4197 2010 4267 periit.

1523 4196 1727 4267 ipévot;
1756 4195 1798 4253 C
1831 4197 2010 4267 periit.
2029 4194 2216 4263 Neque
2235 4209 2364 4248 vero
2382 4208 2580 4246 novum
2601 4200 2690 4245 aut
2710 4192 3027 4260 absurdum,
3046 4208 3161 4246 mea
3180 4194 3398 4263 quidem

152 4310 381 4370 αὐτοῖς,
416 4308 489 4366 ὡς
523 4302 652 4374 χρὴ,
688 4300 805 4371 μετ’
848 4298 1167 4366 ἐπιστήμης
1198 4292 1350 4361 ἀνδρὶ
1407 4286 1729 4358 πρεπούσης

148 4402 318 4456 δ’)κεῖ
368 4415 422 4450 τι
447 4397 736 4450 κάλλιστον
773 4402 911 4445 ειναι
942 4389 1019 4459 τῷ
1049 4389 1149 4459 βίῳ
1193 4385 1389 4453 τούτῳ.
1441 4383 1534 4445 Εἰς
1585 4377 1730 4431 τοῦτ’

150 4491 319 4559 αὐτῷ
346 4490 404 4543 δί
442 4491 603 4559 μόνον
634 4485 825 4555 ὁρῶσι,
869 4484 931 4536 τὸ
978 4468 1359 4549 θησαυρίζειν,
1409 4474 1505 4527 καὶ
1557 4472 1733 4524 εὐδαι-

153 4583 366 4655 μονίαν
392 4582 484 4634 καὶ
513 4579 665 4640 τέλος
695 4575 859 4630 τοῦτο
889 4572 1225 4643 νομίζουσιν,
1254 4567 1539 4636 ὑπηρέτης
1574 4565 1728 4615 ἀπω-

146 4677 318 4736 λείας
344 4676 373 4726 ὁ
401 4672 652 4735 πλοῦτος,
706 4669 800 4723 καὶ
854 4667 1127 4737 μεγίστων
1160 4662 1379 4716 ὀνειδῶν
1413 4658 1605 4720 αίτιος.
1671 4655 1731 4708 '0

147 4770 214 4821 δέ
240 4783 314 4834 γε
335 4765 433 4819 καὶ⁸
458 4763 563 4834 πρὸ
588 4761 684 4815 τοῦ
714 4758 850 4814 Θσοῦ
889 4760 952 4811 τὸ
988 4755 1342 4825 θησαυρίζειν
1363 4750 1516 4820 οἶμαι
1536 4748 1731 4812 τιθεὶς,

148 4859 263 4912 καὶ
317 4858 396 4918 είς
430 4855 592 4925 μόνον
622 4853 715 4905 τὸν
749 4851 954 4922 χρυσὸν
1011 4846 1389 4916 ἀνηρτημένος
1446 4842 1729 4912 ὑπάρχων,

150 4948 379 5020 χρυσὸν
404 4947 611 4998 ἐκεῖνον
644 4944 735 4996 τδν
788 4940 1005 4995 ἐοικότα
1055 4938 1245 4999 λίθοις,
1290 4937 1403 4998 τοῖς
1460 4934 1734 4987 ὑποκεκα-

148 5036 475 5108 λυμμένοις
507 5036 725 5104 συχνοῖς
762 5032 970 5095 ὕδασιν,
998 5027 1050 5081 οῖ
1078 5028 1211 5096 πρὸς
1233 5025 1386 5079 οὐδὲν
1420 5023 1729 5092 όνήσουσιν,

149 5134 213 5185 si
251 5130 337 5199 μή
372 5144 477 5182 που
507 5127 602 5179 καὶ
630 5126 876 5193 γένοιντο
902 5120 1178 5188 ναυαγίων
1212 5119 1398 5179 αιτιοι,
1439 5111 1735 5184 ἠλαζονεύ-

149 5238 315 5276 σατο
332 5220 443 5273 πᾶν
476 5217 720 5273 ἀνύσειν.
762 5216 901 5278 Τοὺς
919 5214 1032 5284 γὰρ
1063 5211 1164 5281 τῆς
1192 5207 1372 5278 ψυχῆς
1418 5204 1734 5274 ὀφθαλμοὺς

147 5312 552 5387 ἀμϐλυώττων
596 5312 625 5363 ὁ
659 5310 892 5379 Κροῖσος
914 5305 993 5374 τῷ
1018 5305 1119 5373 τῆς
1168 5297 1532 5371 φιλαργυρίας
1578 5296 1736 5365 νοσή-

152 5421 335 5476 ματι,
370 5400 706 5473 πορρωτέρω
740 5399 851 5451 τῶν
897 5397 1049 5467 παρὰ
1105 5394 1270 5456 πόδας
1310 5391 1578 5459 κειμένων
1635 5387 1735 5441 οὐκ

1834 4287 2126 4351 sententia,
2150 4300 2262 4340 rem
2288 4286 2445 4338 aliter
2472 4284 2761 4347 cecidisse,
2782 4299 2944 4354 quam
2973 4285 3116 4338 illius
3140 4297 3256 4339 erat
3281 4286 3401 4356 Opi-

1834 4382 2043 4449 nio,qui
2074 4378 2323 4433 fiduciam
2349 4392 2455 4430 non
2488 4377 2540 4429 in
2575 4375 2795 4441 virtute,
2815 4376 2911 4431 sed
2940 4378 3173 4432 metallis
3218 4377 3400 4433 collo-

1832 4480 2075 4529 caverat.
2099 4469 2233 4524 Nam
2269 4469 2358 4524 illa
2386 4478 2530 4524 recte
2553 4467 2851 4533 utentibus,
2877 4482 2974 4522 ceu
2994 4482 3092 4536 par
3106 4478 3209 4531 est,
3228 4483 3403 4537 eaque

1831 4583 1952 4622 cum
1971 4564 2278 4636 prudentia,
2302 4576 2421 4631 qua:
2442 4560 2613 4613 virum
2635 4566 2812 4623 decet,
2834 4558 3253 4625 pulcherrimum
3278 4561 3403 4615 vita:

1834 4659 1996 4726 hujus
2025 4664 2410 4711 ornamentum
2447 4666 2570 4707 esse
2600 4651 2876 4707 videnlur.
2908 4650 3010 4717 Qui
3046 4666 3173 4705 vero
3228 4652 3399 4707 solam

1836 4750 2219 4805 thesaurorum
2264 4744 2641 4800 collectionem
2684 4743 3000 4811 respiciunt,
3026 4758 3256 4813 eamque
3286 4752 3397 4797 tum

1836 4841 2168 4903 felicitatem,
2187 4847 2297 4891 tum
2325 4836 2483 4890 finem
2509 4837 2684 4905 ipsum
2706 4845 2974 4901 statuunt,
2994 4836 3059 4889 iis
3081 4850 3209 4904 opes
3231 4836 3295 4889 ad
3323 4836 3404 4889 inc

1834 4932 2055 4988 teritum
2083 4930 2350 4993 serviunt,
2372 4926 2718 4997 infamiaeque
2736 4927 2988 4982 maxima:
3019 4942 3242 4982 causam
3267 4944 3403 4996 pne-

1837 5026 1981 5080 bent.
2007 5020 2315 5076 A.Croesus
2338 5020 2429 5073 ille
2460 5026 2669 5083 noster,
2697 5020 2789 5088 qui
2827 5020 3086 5088 majorem
3101 5034 3403 5090 congeren-

1836 5116 2029 5171 darum
2051 5127 2236 5182 opum,
2254 5126 2416 5181 quam
2440 5110 2631 5181 ipsius,
2652 5118 2712 5164 ut
2733 5111 2991 5173 arbitror,
3012 5110 3102 5164 Dei
3131 5110 3402 5165 rationem

1837 5206 2094 5269 habebat,
2116 5211 2165 5259 et
2188 5219 2217 5257 a
2250 5204 2369 5258 solo
2403 5202 2669 5273 pendebat
2706 5216 2863 5267 auro,
2890 5203 2982 5257 illo
3025 5204 3249 5274 inquam
3303 5220 3403 5257 au-

1838 5313 1923 5364 ro,
1950 5295 2095 5367 quod
2127 5294 2194 5350 iis
2223 5301 2344 5349 erat
2362 5294 2541 5348 simile
2566 5293 2861 5362 lapidibus,
2887 5295 2979 5363 qui
3024 5293 3314 5362 profundis
3351 5295 3407 5349 in

1838 5390 1999 5460 aquis
2036 5386 2228 5454 abditi,
2254 5387 2458 5440 nullam
2489 5387 2556 5439 ad
2582 5401 2695 5441 rem
2720 5395 2847 5441 sunt
2876 5386 3059 5451 utiles,
3077 5386 3181 5440 nisi
3206 5385 3408 5441 fortas-

144 5498 404 5552 ἐδύνατο
427 5495 666 5564 βλέπειν.
694 5492 859 5544 Ὅθεν
890 5490 957 5560 δὴ
982 5489 1076 5542 καὶ
1101 5487 1163 5539 τὸ
1190 5481 1610 5554 κατορωρύχθαι
1633 5497 1729 5534 πο-
1759 5515 1812 5577 υ
1838 5498 1897 5537 se
1928 5496 2019 5536 nat

1525 5481 1610 5533 θαι
1633 5497 1729 5534 πο-
1759 5515 1812 5577 υ
1838 5498 1897 5537 se
1928 5478 2224 5548 naufragiis
2254 5489 2314 5533 ut
2344 5478 2691 5535 occasionem
2736 5480 3035 5550 praebeant,
3101 5479 3287 5533 omnia
3338 5493 3400 5534 se

142 5586 451 5657 λὺνοαὺτῷ
479 5586 681 5657 χρυσὸν
711 5583 1005 5653 σωτηρίαν,
1038 5581 1133 5634 καὶ
1166 5578 1398 5649 τρυφὴν.
1434 5576 1528 5645 καὶ
1580 5574 1731 5644 βασι-

137 5681 327 5733 λείαν
360 5678 599 5744 ἐνόμιζε.
628 5677 737 5730 Καὶ
774 5676 943 5736 πολὺς
971 5669 1040 5742 ἦν
1071 5672 1161 5725 διὰ
1192 5670 1350 5723 τοῦτο
1405 5669 1547 5721 κατὰ
1594 5666 1732 5720 πάν-

136 5789 275 5825 των
320 5768 703 5836 ιπαιρόμενος,
734 5770 827 5820 καὶ
855 5763 1125 5834 μηδαμῶς
1176 5761 1540 5828 κοιμώμενος,
1600 5755 1736 5825 μηδὲ

136 5858 497 5930 κραιπαλῶν
539 5842 686 5925 οϊνῳ,
724 5860 946 5927 μονονοὺ
998 5854 1413 5923 παρεφθὲγγετο
1436 5866 1450 5880 ο
1482 5851 1573 5900 καὶ
1607 5848 1738 5902 ταῦ-

1838 5573 2199 5644 perfecturam
2221 5574 2577 5641 gloriabatur.
2597 5571 2729 5627 Nam
2752 5574 2894 5643 quod
2913 5573 3089 5628 oculis
3105 5570 3272 5625 animi
3309 5587 3383 5625 ea

1845 5664 2063 5728 cutiret,
2083 5666 2151 5719 ob
2183 5665 2426 5719 avaritiae
2454 5668 2724 5727 morbum.
2751 5666 3065 5731 remotiora,
3092 5681 3255 5735 quam
3292 5680 3414 5735 qua:

1846 5767 1971 5811 ante
1998 5756 2155 5824 pedes
2183 5765 2343 5810 erant
2385 5756 2510 5818 sita,
2540 5758 2852 5825 prospicere
2898 5773 3005 5812 non
3039 5764 3266 5828 poterat.
3294 5756 3415 5822 Quo

1849 5850 2030 5913 fiebat,
2058 5856 2113 5902 ut
2141 5850 2456 5902 immensam
2485 5850 2600 5900 auri
2624 5850 2727 5901 vim
2750 5850 3047 5913 defossam,
3080 5866 3181 5921 pro
3211 5849 3393 5905 salute
