4748 6512
1236 422 1339 484 387

2395 428 2792 488 MANUELIS
2828 429 3272 496 PAL:EOLOG[

4392 441 4499 501 P83

1239 557 1335 609 pro
1355 537 1582 602 deliciis,
1619 555 1714 608 pro
1751 556 1915 621 regno
1935 541 2177 597 duceret.
2203 542 2283 597 Ob
2306 543 2445 596 hanc
2477 558 2698 597 causam
2725 541 2822 594 ad-
2849 557 2900 614 Α
2927 545 2993 599 τά
3025 563 3110 614 γε,

2623 559 2698 595 am
2725 541 2822 594 ad-
2849 557 2900 614 Α
2927 545 2993 599 τά
3025 563 3110 614 γε,
3138 551 3275 616 πρὸς
3306 551 3474 620 ἄνδρα
3512 550 3898 621 διαλεγόμενος
3923 546 3964 618 ᾧ
4004 570 4066 619 γε
4128 552 4267 620 πρἂς
4311 553 4498 605 εἰδαιλ

1235 647 1429 688 versus
1455 648 1643 685 omnes
1670 620 1897 687 nimium
1932 645 2196 702 quantum
2227 643 2461 695 tumens,
2491 650 2591 687 nec
2647 635 2808 687 ullam

1245 727 1468 792 capiens
1501 725 1762 793 quietem,
1790 741 1887 779 nec
1923 727 2051 778 vino
2086 741 2144 779 se
2182 726 2458 779 inebrians
2506 733 2714 778 tantum
2759 725 2813 779 in

1240 832 1498 872 sermone
1544 817 1813 871 delirabat
1845 833 1860 869 :
1894 825 1947 870 et
1983 816 2072 870 illo
2093 817 2316 886 quidem
2350 831 2473 870 cum
2510 815 2625 870 viro
2653 817 2817 870 collo.

1237 925 1438 977 quens,
1459 909 1548 977 qui
1580 924 1759 961 veram
1801 909 1864 960 ad
1893 907 2202 962 felicitatem
2224 923 2417 962 aurum
2449 922 2555 960 non
2590 907 2689 960 nisi
2718 922 2814 975 pro

1242 1001 1478 1054 ludibrio
1516 1001 1769 1062 habebat,
1817 1001 2032 1054 etiamsi
2069 1002 2190 1069 quis
2223 1001 2431 1067 integra
2465 1014 2594 1062 saxa
2630 1001 2681 1051 in
2715 1015 2817 1052 au-

1239 1110 1360 1146 rum
1398 1109 1683 1159 conversa,
1721 1095 1842 1161 ejus
1890 1095 1954 1147 ad
1994 1095 2154 1162 pedes
2191 1094 2498 1162 abjecisset.
2541 1093 2671 1145 Erat
2725 1093 2814 1145 hic

1238 1187 1584 1240 Atheniensis
1613 1187 1700 1240 ille
1744 1187 2043 1255 legislator,
2081 1186 2168 1238 cui
2203 1201 2401 1240 nomen
2441 1186 2628 1248 Solon,
2651 1200 2814 1253 quem

1239 1278 1490 1332 homines
1536 1277 1945 1329 admirabantur
1991 1276 2220 1329 Athenis
2271 1276 2378 1329 illis
2423 1276 2640 1336 aureis,
2692 1288 2814 1343 quae

1241 1371 1410 1438 plenae
1438 1368 1488 1421 id
1522 1369 1780 1436 temporis
1812 1367 2226 1421 admirabilihus
2257 1366 2389 1420 viris
2427 1376 2605 1418 erant.
2634 1366 2698 1418 Et
2722 1367 2812 1434 qui

1240 1477 1348 1514 non
1379 1475 1591 1527 aequum
1624 1467 1759 1519 erat,
1780 1474 1970 1512 omnes
1995 1459 2145 1511 illum
2173 1459 2431 1511 admirari
2454 1459 2476 1510 ‘l
2497 1456 2626 1510 Nam
2673 1459 2815 1511 inter

1241 1561 1320 1604 tot
1342 1551 1633 1619 praeclaros
1650 1560 1704 1603 et
1727 1551 1975 1619 egregios
2001 1551 2164 1611 viros,
2192 1551 2282 1618 qui
2305 1549 2488 1603 referti
2517 1549 2669 1617 copia
2693 1551 2814 1618 plu-

1241 1643 1382 1693 rium
1408 1642 1763 1694 honestarum
1794 1642 2173 1709 bonarumque
2193 1656 2372 1694 rerum
2399 1649 2606 1702 essent,
2640 1656 2812 1694 unum

1242 1733 1475 1802 aliquem
1507 1747 1836 1800 quocunque
1869 1733 2030 1787 modo
2056 1744 2283 1787 caeteros
2333 1735 2589 1794 anteisse,
2623 1748 2812 1801 parum

1241 1826 1417 1888 abest,
1441 1827 1571 1893 quin
1605 1825 1761 1878 tidem
1788 1839 2049 1893 superare
2083 1825 2358 1879 videatur.
2390 1824 2490 1877 Hic
2530 1832 2712 1879 tamen
2762 1833 2817 1878 et

2925 641 3114 707 μονίαν
3143 643 3241 710 τὴν
3277 642 3452 712 ἀληθῆ
3485 644 3660 711 γέλως
3696 641 3762 716 ἦν
3799 646 3974 716 σαφὴς
3996 649 4022 698 ὁ
4060 649 4289 715 χρυσὸς,
4323 647 4381 699 εί
4415 665 4499 708 τις

2918 731 2982 800 δὴ
3007 733 3102 784 καὶ
3142 733 3326 795 λίθους
3359 735 3514 798 ὅλους
3563 737 3728 808 τέχνῃ
3781 736 4021 807 χρυσοῦς
4085 741 4497 808 ἐργασάμενος,

2920 825 3102 892 φέρων
3162 826 3331 878 ἐτίθει
3368 827 3699 898 τούτῳ’πρὸ
3753 830 3861 883 τῶν
3914 832 4109 885 ποδῶν.
4165 834 4497 901 Νομοθέτης

2929 917 3172 986 Ἀθηνῶν
3233 920 3442 980 οὑτοσὶ,
3482 922 3663 974 Σόλων
3719 926 4269 992 προσαγορευόμενος
4293 921 4386 992 ἦν,
4439 928 4498 977 ὲν

2915 1011 3036 1072 ταῖς
3088 1015 3320 1079 χρυσαῖς
3364 1013 3617 1081 Ἀθήναις
3663 1014 4096 1084 θαυμαζόμενος,
4149 1016 4497 1084 θαυμαστῶν

2916 1100 2992 1166 τῷ
3028 1102 3333 1169 τηνικαῦτα
3361 1103 3662 1171 γεμούσαις
3695 1105 3925 1173 ἀνδρῶν.
3988 1107 4180 1158 Καίτοι
4221 1109 4340 1170 πῶς
4391 1111 4497 1160 οὐκ

2918 1192 3069 1256 ἄξιον
3092 1195 3300 1255 πάντας
3330 1196 3642 1265 θαυμάσαις
3673 1199 3746 1251 Τὸ
3776 1200 3888 1268 γὰρ
3916 1201 3972 1251 έν
4003 1201 4245 1253 τοσοῖσδε
4294 1203 4497 1263 καλοῖς

2916 1303 2976 1337 τε
3005 1289 3100 1339 καὶ
3146 1288 3373 1354 ἀγαθοῖς
3419 1289 3703 1359 ἀνδράσιν,
3745 1291 4226 1360 ἐμπεπλησμένοις
4275 1293 4500 1345 πολλῶν

2915 1377 3098 1430 καλῶν
3155 1395 3214 1430 τε
3274 1381 3369 1430 καὶ
3409 1380 3652 1447 ἀγαθῶν,
3680 1383 3776 1434 ἕνα
3805 1384 3926 1436 τινὰ
3977 1385 4099 1436 καθ’
4135 1386 4309 1438 ὁτιοῦν
4366 1387 4498 1448 τοὺς

2917 1469 3116 1530 ἄλλους
3155 1470 3494 1536 ὑπερελάσαι
3548 1473 3748 1541 μικροῦ
3801 1475 3910 1526 δεῖν
3964 1477 4266 1529 κινδυνεύει
4312 1478 4501 1545 παρέ-

2917 1577 3034 1627 χειν
3057 1560 3387 1615 διαπιστεῖν.
3439 1564 3580 1617 Ἀλλ’
3622 1560 3779 1627 οὗτός
3802 1582 3863 1632 γε
3912 1567 4008 1619 καὶ
4054 1570 4110 1618 ὲν
4138 1570 4318 1630 αὐτοῖς
4354 1573 4501 1636 μετὰ

2916 1648 2977 1700 τὸ
2996 1647 3138 1700 θεῖον
3201 1651 3528 1720 σεϐάσμιος,
3562 1654 3620 1706 ού
3675 1653 3754 1724 τῷ
3797 1655 4010 1725 χρυσδνν
4049 1660 4343 1724 κεκτῆσθαι
4403 1664 4500 1710 καὶ

2917 1745 3194 1810 χορηγεῖν.
3227 1743 3373 1795 Οὖδὲ
3404 1745 3511 1812 γὰρ
3535 1741 3604 1816 ἦν
3653 1748 3847 1818 ἐκείνῳ
3874 1751 4043 1811 πολὺς
4089 1753 4308 1820 χρυσὸς,
4367 1754 4496 1804 οὑδέ

2918 1850 2982 1900 γε
3015 1834 3297 1907 προύργου
3357 1838 3680 1908 τάργύριον,
3737 1843 3784 1893 εί
3820 1842 4110 1911 μὴκαλῶς
4160 1844 4497 1913 ἁθροίζοιτο,

1243 1917 1384 1971 inter
1412 1918 1560 1979 illos,
1594 1917 1894 1970 secundum
1933 1918 2122 1981 Deum,
2159 1917 2492 1971 venerabilis
2514 1926 2653 1980 erat,
2707 1931 2814 1970 non
2853 1905 2897 1965 Β
2926 1927 3020 1978 καὶ
3065 1945 3118 1996 xl

2622 1926 2653 1980 ιν
2707 1931 2814 1970 non
2853 1905 2897 1965 Β
2926 1927 3020 1978 καὶ
3065 1931 3318 1996 κρεῖττον
3380 1931 3750 2005 ἀναλίσκοιτο,
3798 1935 3894 1986 καὶ
3959 1936 4220 2005 ἑκάτερον
4273 1937 4380 1988 σὺν
4417 1937 4497 2006 τῷ

1241 2012 1383 2077 quod
1416 2024 1606 2062 aurum
1634 2008 1954 2076 possideret,
1989 2021 2052 2061 ac
2083 2007 2477 2075 suppeditaret.
2515 2007 2632 2061 Non
2669 2007 2814 2061 enim

1243 2101 1553 2155 abundabat
1580 2114 1736 2164 auro,
1763 2114 1865 2153 nec
1882 2108 2166 2168 argentum
2194 2099 2502 2153 habebatin
2525 2099 2818 2169 pretio,ni-

1241 2194 1287 2248 si
1305 2204 1446 2248 recte
1474 2193 1899 2262 colligeretur,et
1919 2193 2116 2246 melius
2133 2191 2551 2261 expenderetur,
2567 2193 2692 2246 etin
2740 2193 2820 2246 lo-

1241 2298 1308 2337 co
1344 2294 1634 2350 utrumque
1655 2283 1832 2336 ﬁeret.
1859 2282 2068 2350 Quippe
2101 2297 2201 2336 nec
2235 2284 2370 2351 ipse,
2407 2297 2508 2336 nec
2564 2283 2637 2335 illi
2683 2299 2820 2352 quos

1242 2376 1388 2428 dicto
1412 2374 1690 2427 audientes
1717 2373 1970 2435 habebat,
2007 2381 2290 2440 tantopere
2325 2373 2594 2440 putabant
2641 2387 2806 2443 expe-

1245 2465 1439 2517 tendas
1466 2463 1588 2516 illas
1624 2463 1743 2515 auri
1789 2477 2026 2529 massas,
2062 2478 2294 2532 quarum
2327 2478 2457 2518 sane
2488 2465 2818 2533 mancipium

1243 2569 1366 2608 cum
1410 2555 1630 2608 Crcesus
1663 2563 1828 2616 esset,
1857 2569 1954 2622 pro
1979 2555 2200 2608 domino
2252 2570 2312 2609 se
2366 2557 2605 2624 gerebat.
2665 2557 2822 2612 Unde

1249 2661 1349 2699 nec
1375 2661 1518 2699 cura:
1537 2645 1722 2699 Soloni
1763 2645 1884 2706 fuit,
1922 2655 1981 2698 ut
2003 2655 2171 2698 artem
2206 2645 2443 2714 aliquam
2466 2646 2678 2701 civibus
2702 2647 2819 2702 suis

1250 2736 1543 2798 inveniret,
1562 2751 1665 2804 qua
1693 2737 1918 2788 omnino
1943 2736 2272 2790 ditescerent
2295 2754 2307 2789 :
2334 2751 2441 2789 non
2469 2737 2610 2792 haue
2634 2737 2822 2792 metal-

1250 2831 1434 2892 licam,
1468 2844 1566 2882 nec
1621 2828 1792 2891 illam,
1819 2828 2031 2895 opinor,
2061 2828 2148 2882 cui
2179 2828 2247 2882 ab
2278 2843 2412 2881 auro
2455 2830 2817 2884 conﬁciendo-

1245 2937 1442 2976 nnmen
1475 2930 1555 2973 est
1583 2920 1792 2973 datum.
1815 2919 1929 2972 Non
1957 2923 2052 2974 has
2078 2921 2149 2974 ob
2172 2936 2258 2974 res
2281 2921 2363 2973 vir
2381 2923 2616 2990 optimus
2641 2923 2709 2976 ab
2725 2938 2825 2993 op-

1245 3012 1396 3065 tinnis
1419 3012 1570 3074 viris,
1605 3011 1874 3064 maximus
1903 3027 1932 3064 a
1964 3013 2220 3065 maximis
2253 3013 2573 3077 habebatur,
2596 3023 2650 3066 et
2685 3029 2827 3068 nunc

1247 3117 1465 3172 qquue
1486 3101 1698 3154 cunctis
1727 3100 1896 3155 fuisse
1917 3101 2130 3156 videtur
2159 3120 2171 3155 ε
2203 3103 2295 3156 sed
2325 3105 2470 3172 quod
2493 3115 2688 3173 praeter
2704 3106 2811 3158 alia

2919 2019 3098 2090 καιρῷ
3121 2023 3385 2088 γίγνοιτο.
3432 2023 3569 2077 Οὑτε
3609 2027 3715 2094 γὰρ
3750 2027 3899 2096 αὑτῷ
3948 2029 4157 2100 τάνδρὶ,
4193 2030 4313 2082 οὔτε
4383 2031 4499 2100 μὴν

2918 2115 3032 2175 τοῖς
3062 2115 3413 2182 πειθομένοις
3449 2117 3616 2185 αὐτῷ,
3643 2115 3789 2171 οὕτω
3825 2101 4293 2188 περισπούδαστον
4318 2118 4397 2191 ἦν
4431 2124 4500 2176 τὰ

2921 2208 3015 2260 τοῦ
3042 2206 3249 2276 χρυσοῦ
3275 2207 3563 2276 ψήγματα,
3589 2202 3664 2262 ὧν
3697 2210 3725 2261 δ
3752 2212 3984 2280 Κροῖσος
4004 2212 4188 2275 δοῦλος
4217 2214 4310 2278 ῶν,
4334 2217 4502 2284 ἠγεῖ-

2921 2313 2983 2348 το
3008 2295 3199 2365 κύριος
3225 2292 3389 2350 εἶναι.
3428 2298 3591 2350 Ὅθεν
3624 2297 3750 2351 οὑδὲ
3798 2302 4110 2370 μηχανὴνδ
4164 2304 4339 2357 Σόλων
4374 2306 4496 2371 ἔξεο

2926 2386 3168 2456 ζήτησεν
3225 2389 3521 2458 εὑρηκέναι
3551 2392 3668 2454 τοῖς
3705 2393 3950 2456 πολίταις
3993 2397 4108 2458 τοῖς
4141 2397 4303 2448 αὑτοῦ
4355 2399 4500 2468 πρὸς

2921 2481 2984 2531 τὸ
3039 2481 3335 2550 δυνηθῆναι
3378 2485 3818 2552 χρηματίζεσθαι
3867 2489 4049 2538 πάντα
4087 2491 4317 2558 τρόπον·
4369 2490 4497 2541 οὔτε

2923 2571 3134 2642 ταύτην
3159 2573 3220 2642 δή
3260 2591 3401 2642 φημι
3450 2574 3549 2642 τὴν
3584 2575 3936 2646 μεταλλικὴν,
3965 2577 4088 2632 οὔτε
4137 2581 4242 2650 μὴν
4285 2583 4389 2651 τὴν
4427 2580 4503 2635 οἷ-

2930 2683 3028 2734 μαι
3063 2666 3456 2736 χρυσοποιικὴν
3489 2666 3857 2736 καλουμένην.
3890 2671 4003 2722 Οὑκ
4049 2673 4154 2742 ἄρα
4207 2675 4290 2726 διά
4321 2674 4499 2727 ταῦτα

2927 2757 3146 2825 ἄριστος
3178 2755 3445 2826 ἀρίστοις,
3470 2761 3564 2813 καὶ
3612 2761 3873 2826 μέγιστος
3913 2763 4193 2831 μεγίστοις
4224 2766 4365 2836 ἀνὴρ
4412 2769 4503 2818 ἀν-

2928 2847 3089 2914 δράσι
3126 2847 3422 2916 νομίζοιτο,
3447 2851 3543 2900 καὶ
3568 2849 3664 2902 νῦν
3702 2867 3764 2916 γε
3793 2853 3955 2905 πᾶσιν
3993 2853 4073 2906 ἔτι
4109 2855 4258 2907 δοκεῖ
4287 2874 4297 2884 ·
4329 2859 4414 2926 τῷ
4447 2860 4500 2911 δὲ

2929 2940 3128 3006 νόμους
3182 2939 3426 3006 ἀγαθοὺς
3489 2941 3582 2992 ἐπὶ
3629 2941 3846 3006 πολλοῖς
3898 2961 3955 2995 τε
3996 2946 4088 2997 καὶ
4116 2947 4298 3008 καλοῖς
4329 2948 4502 3015 ἐφθα-

2933 3030 3058 3082 κόσι
3089 3031 3336 3093 πολίταις
3389 3033 3564 3085 πάντα
3599 3036 3828 3102 ἀγαθοῖς
3871 3038 4205 3092 τεθεικέναι.
4243 3041 4501 3111 Τοσούτῳ

2932 3119 2988 3172 δὲ
3015 3121 3373 3191 ὑπερήλασαν
3419 3125 3544 3185 τοὺς
3584 3125 3995 3195 πρεσϐυτέρους
4035 3130 4085 3180 οί
4132 3133 4286 3200 παρά
4343 3133 4501 3187 τοῦδε

1251 3195 1418 3249 multa
1449 3195 1814 3262 praeclaraque
1844 3193 2007 3256 facta,
2053 3210 2175 3262 quae
2217 3209 2630 3263 praecesserant,
2681 3199 2824 3268 leges
2853 3243 2895 3300 ϐ
2933 3228 3126 3281 γεγενη

2626 3239 2630 3257 .
2681 3199 2824 3268 19885
2853 3243 2895 3300 ε
2933 3213 3320 3281 γεγενημένοι,
3351 3215 3458 3281 ὅσῳ
3485 3193 3834 3280 τελευταίους
3860 3193 4058 3283 αὐτοὺς
4083 3193 4370 3287 γενέσθαι,
4409 3232 4501 3278 καὶ

1249 3289 1419 3342 bonas
1445 3287 1654 3341 civibus
1687 3286 2004 3340 omnimodo
2035 3287 2193 3341 bonis
2222 3288 2427 3344 tulerit.
2474 3288 2651 3343 Tanto
2692 3306 2821 3344 vero

1249 3381 1618 3450 prastiterunt
1649 3393 1813 3446 opere
1839 3377 2032 3446 priscis
2086 3377 2292 3447 legibus
2346 3381 2415 3432 ab
2469 3381 2613 3449 ipso
2646 3380 2823 3445 factae,

1248 3471 1440 3541 quanti
1473 3469 2039 3531 venitzestimandutn,
2065 3470 2210 3536 quod
2244 3470 2326 3523 ha:
2373 3480 2662 3539 postremae
2710 3472 2826 3526 fue-

1253 3563 1735 3626 rint,etaetcrnunt
1756 3560 1962 3614 civitati
1994 3559 2334 3614 duraverint.
2366 3561 2500 3616 Nam
2536 3564 2666 3617 visa:
2690 3573 2822 3617 sunt

1255 3654 1382 3718 illis,
1403 3655 1604 3723 quibus
1620 3661 1774 3706 erant
1794 3652 1931 3715 latas,
1957 3653 2188 3721 publicis
2208 3653 2448 3722 ipsorum
2471 3657 2824 3719 ornamentis,

1248 3760 1570 3814 quanquam
1596 3759 1658 3797 ea
1686 3743 1968 3797 civitatum
1999 3743 2228 3796 aliarum
2254 3756 2578 3798 ornamenta
2610 3761 2831 3815 supera-

1256 3846 1399 3899 rent,
1435 3839 1590 3905 longe
1617 3835 1958 3901 illustriores,
2002 3836 2226 3904 ipsaque
2253 3851 2402 3901 arce,
2436 3852 2598 3906 quam
2649 3838 2831 3890 muni-

1257 3931 1451 3984 tiorem
1481 3929 1693 3982 caeteris
1724 3928 1922 3997 ubique
1952 3937 2216 3980 terrarum
2244 3929 2820 3993 existimabant,insi-

1256 4024 1435 4093 gniter
1469 4021 1814 4085 munitiores,
1846 4021 2008 4089 longo
2035 4020 2268 4087 denique
2323 4020 2611 4074 intervallo
2666 4022 2831 4075 rebus

1261 4113 1386 4174 illis,
1416 4111 1612 4178 quibus
1643 4125 1701 4163 se
1726 4109 2031 4178 jactabant,
2059 4109 2332 4171 meliores.
2384 4111 2442 4164 ln
2494 4111 2640 4165 hunc
2691 4127 2825 4181 ergo

1257 4203 1479 4253 modum
1514 4199 1678 4266 Solon
1694 4200 1969 4268 sapientia:
1986 4199 2200 4252 culmen
2234 4202 2433 4269 attigit,
2467 4203 2610 4270 quod
2637 4217 2696 4255 ea
2725 4218 2833 4270 pra:

1263 4293 1459 4360 quovis
1491 4307 1626 4346 auro
1657 4293 1711 4344 in
1734 4292 1907 4360 pretio
1930 4292 2243 4347 haberetur.
2274 4293 2582 4348 AtCraasus
2603 4296 2739 4350 adeo
2760 4308 2836 4351 te-

1252 4383 1541 4436 mulentus
1567 4399 1628 4436 ex
1655 4383 1749 4436 illo
1779 4383 1909 4436 vitio
1934 4397 2054 4445 suo,
2076 4383 2508 4438 animadvertere
2533 4401 2640 4439 non
2681 4397 2834 4454 potc-

1262 4486 1365 4539 rat,
1393 4475 1570 4541 qualis
1603 4474 1690 4526 ille
1723 4473 1804 4527 vir
1835 4483 2002 4535 esset,
2033 4485 2084 4527 et
2110 4475 2253 4541 apud
2281 4476 2495 4542 qualem
2550 4476 2832 4533 hominem

2929 3302 3240 3355 διαιωνίσαι
3303 3307 3368 3373 τῇ
3431 3305 3607 3359 πόλει.
3659 3306 3887 3373 Ἐδοξαν
3935 3313 4044 3382 γὰρ
4101 3318 4236 3378 τοῖς,
4296 3318 4364 3370 δι’
4413 3319 4504 3381 οὓς

2929 3391 3201 3457 ἐγένοντο,
3241 3392 3454 3462 κόσμου
3514 3397 3613 3464 μὲν
3665 3398 3760 3449 τοῦ
3795 3401 3927 3468 παρ’
3990 3404 4174 3467 αὐτοῖς
4215 3407 4500 3478 δημοσίου,

2931 3483 3109 3534 καίτοι
3173 3502 3234 3551 γε
3281 3486 3736 3551 πλεονεκτοῦντος
3789 3492 3896 3545 τῶν
3956 3496 4014 3545 ἐν
4046 3497 4234 3561 ἄλλαις
4292 3504 4499 3568 πόλεσι,

2936 3574 3135 3642 κομιδῆ
3166 3579 3627 3647 περιφανέστεροι
3653 3595 3667 3609 ·
3704 3583 3873 3648 αιῖτῆς
3901 3585 3956 3637 δὲ
3997 3589 4374 3658 ἀκροπόλεως,
4407 3598 4502 3662 τῆς

2933 3665 3114 3727 αὐτοῖς
3175 3666 3542 3737 νομιζομένης
3584 3671 3996 3743 ἀσφαλεστέρας
4031 3679 4137 3730 τῶν
4179 3682 4501 3753 ἁπανταχοῦ

2935 3757 3056 3824 γῆς,
3086 3758 3384 3828 ὑπερφυῶς
3414 3762 3810 3833 ἀσφαλέστεροι
3834 3783 3846 3797 ο
3872 3770 3963 3820 καὶ
3994 3770 4130 3831 ὅλως
4170 3789 4231 3838 γε
4260 3775 4502 3842 βελτίους

2935 3849 3064 3935 τῶν,
3098 3846 3180 3913 οἷς
3213 3853 3498 3927 ἐφρόνουν³
3531 3855 3709 3924 πολλῴ
3736 3857 3814 3927 τῷ
3857 3861 4033 3929 μέσῳ.
4070 3864 4227 3917 Οὕτω
4268 3870 4370 3935 μὲν
4417 3867 4505 3921 οἷν

2934 3933 3091 4001 οὗτος
3124 3943 3263 4011 ἀνὴρ
3287 3942 3500 4013 προῦϐη
3536 3947 3671 4015 πρὸς
3699 3947 3870 4018 ἀκρον
3899 3954 4110 4019 σοφίας,
4139 3955 4218 4024 τῷ
4243 3933 4506 4025 τιμᾶσθαι

2936 4031 3144 4100 ταύτην
3173 4035 3373 4096 παντὸς
3395 4037 3652 4104 χρυσίουδ
3683 4039 3827 4092 οὕτω
3878 4043 3932 4094 δὲ
3967 4045 4186 4112 μεθύων
4220 4049 4302 4115 τῷ
4346 4052 4505 4101 πάθει

2936 4123 3191 4188 Κροῖσος,
3235 4125 3332 4193 οὑχ
3365 4124 3478 4189 οἷός
3503 4129 3547 4180 τ’
3575 4125 3641 4198 ἦν
3674 4131 4050 4194 αἰσθάνεσθαι,
4082 4131 4189 4199 οἷος
4235 4139 4314 4190 ὧν
4368 4144 4505 4192 ἐκεῖ·

2937 4227 3026 4272 νος
3090 4215 3373 4281 τυγχάνει,
3417 4219 3506 4269 καὶ
3567 4220 3701 4288 πρὸς
3766 4215 3878 4273 οἷον
3925 4216 4299 4281 ἐπεδείκνυτο.
4350 4230 4502 4282 Τουτῖ

2940 4303 3050 4370 γὰρ
3100 4303 3274 4371 δήπου
3328 4307 3388 4357 τὸ
3435 4309 3603 4370 πάθος
3665 4305 3739 4363 ὧν
3772 4311 3837 4364 ἄν
3871 4313 4128 4378 καθάπαξ
4186 4322 4505 4389 κρατήσειε,

2941 4393 3147 4445 τούτων
3180 4398 3297 4451 ταῖς
3327 4397 3529 4467 ψυχαῖς
3582 4402 3797 4470 ἑντήκει
3857 4403 4052 4457 ἑαυτοῦ
4107 4409 4341 4478 διηνεκῆ
4396 4431 4506 4463 τίκα

2942 4485 3139 4553 δίψαν·
3187 4488 3254 4558 ﬁv
3306 4491 3366 4541 τὸ
3400 4493 3764 4560 μετεχὸμενον
3817 4497 4109 4565 ἀειδήποτε
4179 4506 4505 4568 προσαῖξον,

1254 4567 1620 4635 gloriarezur.
1657 4565 1808 4630 Quos
1838 4566 1986 4617 enim
2020 4566 2209 4618 vitium
2246 4565 2353 4620 hoc
2383 4568 2550 4621 semel
2582 4580 2834 4638 occupat,
2870 4583 2912 4638 ι)
2939 4576 3012 4640 ὡς
3064 4579 3122 4630 ω

2628 4580 2834 4638 ccupat,
2870 4576 3012 4640 θὼς
3064 4579 3164 4647 ὕλη
3216 4581 3326 4650 πῦρ
3375 4599 3434 4632 τε
3486 4585 3581 4636 καὶ
3621 4585 3815 4652 φλόγα,
3860 4588 3980 4649 ταῖς
4038 4592 4144 4641 τῶν
4191 4565 4503 4647 ἑαλωκότα».

1259 4673 1453 4711 eorum
1483 4657 1680 4710 animis
1703 4657 1992 4726 quamdam
2018 4658 2100 4709 sui
2131 4669 2444 4726 perpetuam
2470 4659 2614 4713 sitim
2652 4659 2838 4714 instil-

1265 4748 1562 4814 latzquam
1615 4747 1748 4799 illud
1803 4747 2002 4814 ipsum,
2030 4747 2171 4814 quod
2213 4747 2534 4816 percipitur,
2560 4765 2837 4819 nunquam

1262 4854 1377 4893 non
1413 4841 1585 4907 magis
1617 4853 1679 4890 ac
1701 4839 1873 4906 magis
1905 4852 2132 4906 augens,
2163 4840 2239 4893 uti
2264 4840 2517 4893 materies
2557 4841 2734 4906 ignem
2788 4852 2842 4896 et
2874 4847 2879 4853 '

1264 4928 1565 4989 (laminam,
1606 4935 1816 4981 mentes
1866 4937 2239 4995 correptorum
2270 4929 2373 4983 hoc
2417 4931 2606 4984 morbo
2651 4933 2840 4999 vitiat;

1266 5020 1475 5089 quippe
1539 5021 1652 5072 heri
1721 5020 1931 5087 nequit,
1963 5027 2019 5071 ut
2041 5021 2291 5089 quiteger
2324 5027 2409 5074 est
2436 5022 2638 5087 animo,
2664 5038 2843 5079 mente

1264 5127 1440 5165 sanus
1468 5112 1558 5164 sit.
1587 5111 1642 5164 ld
1676 5113 1836 5164 etiam
1855 5109 2047 5165 Cratso
2079 5110 2353 5164 usuvenit.
2381 5114 2713 5181 Argutncnto
2739 5125 2841 5182 est,

1265 5204 1416 5274 quod
1451 5203 1669 5257 Solonis
1697 5203 1761 5256 ad
1789 5203 1969 5272 ipsum
1996 5203 2237 5260 monitus
2258 5205 2589 5275 consiliaque
2618 5222 2842 5277 respue-

1275 5297 1369 5358 rit,
1389 5310 1507 5362 ηοω
1529 5294 1608 5347 vel
1631 5294 1872 5363 Ulysses,
1898 5294 1976 5346 vel
1995 5290 2206 5358 Nestor,
2228 5295 2306 5348 vel
2327 5297 2504 5365 quivis
2523 5298 2681 5364 alius,
2701 5301 2846 5353 civili

1267 5387 1548 5454 sapientia
1585 5387 1744 5453 longe
1772 5385 1984 5438 caeteris
2021 5395 2305 5454 prmstans,
2335 5389 2526 5442 merito
2561 5393 2846 5457 reteritus,

1269 5493 1398 5531 tneo
1419 5477 1641 5545 quidem
1667 5476 1897 5544 judicio,
1919 5477 2128 5542 fuisset,
2162 5494 2225 5531 ac
2258 5482 2735 5536 suismetdecretis
2758 5499 2850 5536 an-

1257 5571 1616 5637 tcpowisset.
1635 5569 1705 5622 At
1721 5568 1939 5622 Croesus
1959 5585 2061 5622 non
2084 5570 2153 5620 ita
2175 5585 2187 5632 ;
2209 5575 2298 5623 sed
2322 5581 2528 5624 tantum
2551 5588 2654 5626 non
2677 5573 2852 5631 ridere

1259 5679 1482 5725 senem,
1503 5677 1738 5731 spesque
1765 5661 1829 5714 de
1849 5662 2095 5728 pecuniis
2120 5677 2166 5728 pi
2184 5678 2342 5716 orsus
2363 5665 2639 5718 inutilibus
2659 5682 2852 5720 conce-

1277 5765 1422 5824 ptas,
1451 5763 1504 5807 ct
1528 5769 1691 5806 vanas
1723 5753 1964 5821 quidem,
1988 5754 2189 5806 ducere
2216 5757 2448 5820 potiores
2471 5758 2855 5813 admonitioni-

1273 5847 1378 5899 bus
1402 5860 1593 5915 reapse
1629 5845 1832 5907 aureis,
1880 5857 2109 5911 quaeque
2141 5845 2330 5899 salutis
2355 5856 2405 5900 et
2439 5849 2621 5915 gloriae
2655 5864 2852 5917 puran-

2945 4686 3048 4738 φρε
3062 4672 3111 4721 si.
3143 4670 3490 4739 λυμαίνεται.
3528 4677 3601 4727 Οὑ
3629 4677 3737 4746 γὰρ
3763 4677 3879 4729 ἐστι
3919 4680 4181 4733 νοσοῦντα
4209 4685 4311 4752 τὴν
4339 4688 4506 4755 ψυχὴν

2944 4761 3112 4828 ὑγιῶς
3149 4762 3296 4832 ἔχειν
3342 4765 3440 4826 τὰς
3474 4767 3702 4834 φρένας.
3761 4769 3934 4822 Ταυτὶ
3973 4774 4066 4824 καὶ
4115 4775 4343 4846 Κροίσῳ
4382 4797 4508 4841 συμ-

2946 4850 3173 4920 ϐέϐηκε.
3211 4855 3501 4923 Καὶ-δηλοῖ
3523 4858 3582 4909 τὸ
3609 4857 3906 4912 διαπτύσαι
3928 4861 4025 4924 τὰς
4065 4867 4203 4934 πρὸς
4234 4870 4404 4920 αὑτὸν
4425 4872 4506 4921 το]

2947 4943 3186 5007 Σόλωνος
3241 4951 3617 5016 παραινέσεις,
3649 4954 3743 5004 καὶ
3785 4953 3852 5006 τὰ
3906 4953 4261 5025 βουλεύματα
4287 4975 4301 4990 ⁶
4355 4961 4392 5014 ἃ.
4422 4962 4506 5014 κᾶν

2958 5033 3269 5100 Ὀδυσσεὺς,
3321 5037 3424 5090 κᾶν
3456 5039 3708 5108 Νέστωρ,
3745 5043 3850 5095 κᾶν
3915 5046 4164 5098 ὁστισοῦν
4209 5050 4304 5100 ἐπὶ
4358 5050 4507 5119 σοφίᾳ

2949 5125 3203 5196 πολιτικῇ
3265 5129 3399 5180 πολὺ
3431 5129 3539 5182 τῶν
3593 5131 3773 5184 ἄλλων
3804 5133 4123 5200 διενεγκὼν,
4170 5140 4418 5209 ᾐσχύνθη
4458 5155 4503 5191 τε

2948 5209 3102 5282 οἶμαι
3131 5217 3377 5279 δικαίως,
3409 5221 3503 5270 καὶ
3539 5221 3646 5274 τῶν
3685 5223 3832 5274 ἰδίων
3857 5224 4146 5293 δογμάτων
4180 5229 4486 5300 προῦθηκεν

2962 5305 3100 5387 Ἀλλ’
3131 5307 3157 5357 ὁ
3188 5309 3424 5376 Κροῖσός
3459 5327 3518 5378 γε
3562 5312 3658 5382 οὑχ
3705 5313 3911 5378 οὕτως’
3945 5317 4080 5369 ἀλλά
4130 5325 4363 5387 μονονοὺ
4397 5339 4506 5375 κατ-

2953 5385 3118 5462 εγέλα
3152 5399 3248 5450 τοῦ
3280 5399 3554 5470 γέροντος,
3598 5404 3691 5455 καὶ
3749 5405 3931 5475 πολλῷ
3967 5385 4212 5475 βελτίους
4257 5407 4365 5479 ἦγε
4423 5415 4505 5473 τὰς

2954 5489 3061 5539 ἀπὸ
3090 5489 3390 5557 χρημάτων
3430 5492 3566 5553 ὅλως
3600 5495 3891 5562 ἀχρήστων
3937 5498 4101 5557 κενάς
4141 5487 4370 5561 ἐλπίδας
4402 5520 4506 5554 νου-

2955 5580 3151 5631 θεσιῶν
3190 5582 3407 5649 χρυσῶν
3453 5583 3532 5648 τῷ
3577 5584 3715 5648 δντι,
3757 5588 3851 5640 καὶ
3911 5589 4188 5658 σωτηρίας
4240 5594 4503 5661 ἀφορμὰς.

2957 5672 3048 5723 καὶ
3073 5670 3230 5736 δόξης
3271 5675 3682 5741 παρεχομένων.
3717 5675 3903 5739 Οὕτως
3949 5679 4092 5732 ἑάλω
4151 5681 4248 5732 τοῦ
4288 5686 4502 5751 χρυσοῦ,

2957 5764 3050 5814 καὶ
3074 5763 3222 5813 τόνδε
3251 5763 3410 5830 μόνον
3432 5765 3729 5832 θαυμάζων
3784 5763 3874 5836 ἦν,
3934 5769 4039 5832 ἕως
4081 5771 4148 5823 ὲκ
4178 5773 4282 5840 τῆς
4328 5776 4506 5841 πείρας

2961 5853 3131 5920 αὐτῆς
3171 5853 3480 5923 μεμάθηκε,
3516 5858 3607 5908 καὶ
3663 5859 3878 5924 ἐπέγνω
3922 5859 4113 5912 ἑαυτὸν
4162 5863 4503 5928 ἐξηπατημέ-
