4748 6512
201 474 318 543 389

1676 484 1963 545 ORATIO
1992 486 2044 547 Ι.

3341 505 3450 572 390

202 611 323 648 νον.
356 594 492 650 οὐδὲ
517 597 730 666 χρόνος,
759 596 935 667 οἶμαι,
969 600 1160 661 πολὺς,
1215 597 1311 652 xui.
1358 600 1385 652 ό
1408 598 1599 670 νεκρὸς
1626 601 1767 653 ἐκεῖ·
1794 596 1844 655 Α
1872 599 1953 652 «ιω
1978 602 2077 655 rati

1569 619 1599 663 ης
1626 601 1767 653 ἐκεῖ·
1794 596 1844 655 Δ
1872 599 1953 652 da:
1978 602 2213 657 rationes
2240 608 2661 675 suppeditarent.
2690 607 2870 678 Usque
2890 613 3024 669 adeo
3039 614 3106 670 ab
3133 632 3268 673 auro
3288 622 3444 675 reda-

200 705 298 751 νος
358 690 562 757 χρυσὸς
611 692 919 760 μετάμελον
977 692 1126 761 αύτῷ
1185 694 1462 762 παρέσχεν
1509 695 1768 763 ἀνόνητον

197 782 301 831 καὶ
334 781 435 849 τῆς
469 785 598 851 περὶ
629 783 779 836 τόνδε
831 784 1064 852 πλάνης,
1098 784 1191 838 καὶ
1222 785 1332 837 τῶν
1369 786 1631 848 ἀπονοίας
1673 789 1769 856 ρη-

202 871 423 938 μάτων,
454 869 536 936 οἷς
566 875 813 928 ἀπειθῶν
834 875 910 946 τῷ
937 878 1330 945 σωφρονίζοντι
1365 878 1763 949 κατεκέχρητο.

205 965 313 1025 ’ος
342 963 450 1035 γὰρ
477 965 606 1034 χθὲς
635 966 725 1019 καὶ
757 969 1022 1039 πρότριτα
1059 969 1147 1021 διὰ
1168 970 1260 1021 τὸν
1316 969 1545 1023 πλοῦτον
1599 970 1765 1036 ἐκόμ-

196 1054 403 1118 παζεν,
428 1056 596 1125 αἴρων
618 1057 811 1125 ὀφρὺν,
839 1059 932 1110 καὶ
963 1059 1304 1129 ἀκροϐατῶν,
1365 1063 1457 1113 καὶ
1520 1060 1609 1115 τὸν
1663 1062 1763 1113 αὺ-

194 1144 339 1212 χένα
373 1148 568 1199 τείνων
607 1149 689 1210 είς
738 1149 986 1218 οὐρανὸν,
1019 1150 1157 1213 ὅλως
1208 1153 1569 1223 ἐπαιρόμενος
1619 1156 1761 1209 κατὰ

192 1238 311 1289 τῶν
336 1237 503 1291 αὐτοῦ
532 1240 839 1309 βελτιόνων,
888 1241 1160 1313 Ἀθηναίῳ
1192 1242 1392 1297 Σόλωνι
1434 1244 1760 1314 διαλεγόμε-

193 1346 315 1393 νος,
342 1328 498 1392 οῦτος
538 1329 702 1394 αὐτὸς
729 1333 869 1400 μετὰ
903 1332 1111 1403 βραχύν
1168 1352 1291 1387 τινα
1335 1335 1548 1404 χρόνον,
1578 1332 1755 1406 οἶμαι,

188 1426 267 1476 δι’
294 1427 495 1488 αὐτοὺς
524 1426 587 1495 δὴ
617 1428 744 1488 τοὺς
786 1431 1000 1497 σωροὺς
1034 1428 1143 1480 τῶν
1191 1428 1471 1497 μετάλλων
1507 1429 1664 1500 ὤφθη
1694 1447 1757 1498 γε

190 1516 383 1570 κλάων
428 1518 566 1587 μετά
594 1517 750 1587 βοῆς.
800 1518 1089 1588 Ἀθηναίου
1124 1520 1470 1589 μεμνημένος
1500 1520 1755 1587 Σόλωνος,

185 1610 432 1679 ὁπηνίκα
457 1610 568 1680 πῦρ
608 1609 848 1675 ὲξάλοιτο
884 1610 1006 1663 κατ’
1027 1610 1215 1675 αὑτοῦ,
1251 1611 1345 1664 καὶ
1379 1612 1468 1664 διὰ
1497 1612 1754 1682 τῷπλούο

182 1721 269 1771 τῳ
301 1702 547 1772 θαρρεῖν,
598 1703 916 1767 όνειδίζοιτο
947 1705 1097 1773 παρὰ
1154 1703 1362 1774 Κύρου,
1419 1705 1511 1759 τοῦ
1537 1707 1635 1770 τὰς
1665 1709 1754 1761 εύ-

182 1794 343 1855 νοίας
368 1796 473 1846 τῶν
511 1794 600 1846 ὑπ’
632 1796 800 1866 αὐτῷ,
830 1797 924 1849 καὶ
965 1796 1233 1865 φρουρὰν,
1279 1797 1375 1850 καὶ
1415 1797 1749 1871 θησαυροὺς,

1873 704 1991 748 ctus
2011 696 2062 749 in
2083 706 2398 767 potestatem
2420 712 2555 769 crat,
2576 703 2736 774 idque
2752 706 2925 760 solum
2946 708 3337 779 admirabatur,
3354 715 3449 768 do-

1870 800 1971 839 nec
1995 788 2110 855 ipsa
2135 788 2329 844 didicit
2354 796 2710 861 experientia,
2738 812 2903 866 seque
2932 796 3218 869 deceptum
3243 820 3444 874 cogno-

1873 878 1971 933 vit.
2012 878 2122 936 Nec
2149 884 2405 950 multum,
2430 886 2643 955 opinor,
2674 894 2934 959 temporis
2965 894 3297 961 intercessit,
3317 914 3439 952 cum

1868 981 2145 1027 mortuum
2190 976 2320 1029 illud
2350 992 2540 1032 aurum
2574 980 2721 1046 fecit,
2744 993 2797 1034 ut
2828 999 2952 1037 eum
2994 988 3143 1041 nullo
3172 988 3284 1057 jam
3310 1004 3434 1042 cum

1866 1063 2045 1118 fructu
2080 1070 2370 1134 ptruiteret
2402 1078 2513 1123 tum
2542 1075 2747 1128 erroris
2772 1074 2837 1128 de
2871 1093 3005 1131 auro
3031 1079 3138 1145 sui,
3174 1090 3285 1134 tum
3308 1097 3435 1151 pro-

1866 1153 2129 1209 fecmrum
2162 1158 2228 1211 ab
2276 1163 2512 1216 amentia
2550 1165 2857 1232 verborum,
2894 1169 3113 1237 quibus,
3148 1174 3431 1242 eaStigauti

1864 1262 1971 1300 non
2001 1248 2406 1320 obtemperans,
2434 1272 2565 1310 usus
2588 1255 2789 1312 fuerat.
2824 1259 2926 1324 Qui
2972 1263 3118 1316 enim
3168 1266 3280 1317 heri
3326 1282 3429 1319 nu-

1862 1340 2093 1409 diusque
2118 1346 2309 1399 tertius
2343 1362 2401 1401 se
2431 1359 2650 1417 prepter
2683 1366 2814 1420 opes
2848 1354 3134 1423 magnifice
3157 1356 3426 1425 jactabat,

1861 1433 2119 1487 attollens
2152 1438 2465 1504 supercilia,
2494 1443 2831 1508 summisque
2851 1447 3045 1513 pedum
3067 1448 3251 1516 digitis
3276 1450 3426 1502 ince-

1858 1521 2013 1588 dens,
2044 1535 2095 1577 et
2124 1526 2189 1578 ad
2216 1528 2411 1582 caelum
2437 1544 2610 1597 usque
2624 1533 2889 1587 cervicem
2922 1537 3225 1605 porrigens,
3252 1548 3427 1592 totus-

1857 1628 1962 1679 que
1991 1624 2206 1669 tumens
2229 1618 2489 1675 adversus
2517 1622 2765 1679 homines
2790 1640 2848 1679 se
2866 1627 3136 1693 meliores,
3158 1646 3267 1699 quo
3288 1640 3426 1685 tern-

1857 1719 1988 1772 pore
2012 1721 2132 1759 cum
2158 1706 2355 1764 Solone
2374 1712 2691 1769 Atheniensi
2723 1717 3132 1783 colloquebatur
3156 1739 3170 1773 :
3196 1724 3281 1776 hic
3311 1724 3426 1791 ipse

1858 1804 1977 1862 post
2002 1798 2159 1851 breve
2184 1808 2418 1870 tempus,
2457 1814 2514 1858 ut
2567 1807 2823 1875 arbitror,
2853 1821 3073 1879 pr0pter
3118 1813 3240 1869 illus
3277 1817 3425 1884 ipsos

186 1885 289 1936 καὶ
315 1886 422 1954 ὅτῳ
459 1885 524 1937 ἂν
554 1885 810 1952 βασιλεὺς
865 1887 1091 1951 σώζοιτό
1124 1905 1182 1941 τε
1247 1890 1342 1942 καὶ
1373 1884 1432 1943 εὖ
1494 1894 1745 1977 πράττοι,
1780 1928 1825 1988 Β
1854 1889 2061 1942 metallo

1546 1894 1745 1959 ράττοι,
1780 1928 1825 1988 Β
1854 1889 2197 1943 metallorum
2231 1908 2460 1949 acervos
2488 1897 2596 1950 alta
2633 1913 2766 1952 voce
2821 1902 3039 1969 plorare
3088 1918 3421 1974 conspecuts

186 1977 420 2045 μεγέθει
448 1981 765 2048 φρονήσεως
814 1984 1174 2051 κεκτημένου.
1218 1983 1379 2036 Ἀλλὰ
1425 1985 1533 2054 μὴν
1563 1974 1749 2039 κάκείο

181 2087 295 2132 νως
332 2070 523 2137 γέγονε
559 2070 719 2141 δῆλον
751 2070 811 2125 τὸ
844 2074 943 2141 τῆς
989 2074 1182 2144 σοφίας
1232 2077 1326 2128 καὶ
1359 2076 1452 2129 τοῦ
1512 2078 1745 2131 πλούτου

178 2163 465 2233 διάφορόν.
507 2164 585 2215 Δι’
612 2165 819 2217 ἐκεῖνον
851 2166 949 2235 μὲν
982 2167 1088 2237 γὰρ
1124 2168 1152 2220 ό
1193 2170 1535 2239 κεκτημένος
1583 2173 1745 2226 αὑτὸν

177 2254 457 2308 ἐκέκαυτο
478 2270 493 2285 °
531 2255 768 2326 τοῦνομα
795 2257 851 2310 δὲ
886 2258 977 2311 τοῦ
1011 2259 1248 2322 Σόλωνος
1276 2260 1440 2315 αὑτὸν
1475 2263 1744 2333 ἐρρύσατο

175 2346 285 2413 τῆς
316 2346 533 2415 φλογὸς,
561 2348 702 2402 κατὰ
732 2350 1012 2419 πάρεργον
1048 2351 1233 2422 ῥηθέν.
1280 2354 1352 2405 Οὐ
1388 2353 1494 2424 γὰρ
1522 2356 1583 2422 δὴ
1608 2356 1743 2426 πρὸς

178 2440 469 2509 σωτηρίαν
507 2440 641 2495 ὲὸόα
674 2442 907 2510 Κροῖσος
940 2442 1024 2504 τὸ,
1060 2443 1259 2509 Σόλων,
1293 2445 1491 2509 Σόλων,
1521 2447 1637 2500 ἀλλ’
1666 2448 1741 2511 ὼς

181 2528 335 2597 μάλα
359 2546 421 2597 γε
459 2530 758 2600 θαυμάζων
790 2533 882 2585 τὸν
918 2533 1104 2603 ἄνδρα,
1164 2536 1241 2588 ὅτ’
1281 2537 1371 2591 ἐπὶ
1406 2537 1514 2591 τῶν
1569 2539 1740 2603 ξύλων

176 2617 501 2685 ὲφήπλωτο,
547 2623 761 2681 τούτοις
806 2622 1336 2694 συγκανθησόμενος.
1397 2626 1575 2697 Ἐὼρα
1630 2631 1739 2700 γὰρ

173 2709 278 2777 τὴν
318 2711 374 2763 ὲν
413 2711 605 2781 ἐκείνῳ
654 2715 847 2780 σοφίαν
901 2714 997 2766 καὶ
1038 2717 1521 2785 προφητεύουσανο
1559 2720 1737 2785 ἔξεστι

171 2800 232 2850 δέ
270 2818 355 2853 σοι
387 2802 775 2873 καθαρώτερον
805 2802 1006 2869 γνῶναι
1039 2804 1110 2857 τὰ
1158 2806 1282 2877 περὶ
1328 2807 1518 2870 τῶνδε,
1553 2811 1646 2863 ἐάν
1673 2829 1733 2878 γε

171 2887 208 2963 ᾗ
244 2891 557 2962 βουλομένῳ
591 2893 906 2960 διεξελθεῖν,
943 2896 995 2948 εί
1025 2897 1106 2956 τίς
1138 2914 1195 2949 τε
1242 2898 1401 2961 ἄλλος
1431 2902 1563 2968 περὶ
1612 2903 1736 2954 τού-

171 3000 285 3034 των
306 2984 584 3053 ἱστόρηκε,
614 2985 709 3064 καὶ
730 2986 829 3048 τὰς
855 2986 1142 3056 Ἡροδότου
1171 2989 1410 3053 Μούσας.
1436 2991 1607 3044 Ταυτὶ
1634 2994 1734 3064 μὲν

169 3073 269 3129 οῦν
299 3078 434 3146 ἡμῖν
460 3059 773 3144 ἀρκούντως
795 3080 929 3147 ἡμῖν
957 3079 1092 3149 ἔχει,
1124 3080 1221 3135 ὅσα
1263 3086 1355 3134 καὶ
1418 3085 1610 3150 σοφίαν
1635 3059 1732 3155 *μισ

169 3171 306 3236 κρδν
335 3169 596 3237 ὑμνῆσαι,
630 3169 722 3220 καὶ
744 3168 1021 3236 ἐξελέγξαι
1044 3170 1130 3224 τὸν
1154 3171 1383 3225 πλοῦτον
1402 3176 1567 3243 μηδὲν
1596 3178 1729 3247 άλη-

1854 1989 1955 2045 est,
1986 1981 2202 2036 Solonis
2228 1983 2376 2040 illius
2393 1986 2743 2044 Atheniensis
2770 1992 3111 2058 recordatus,
3134 2011 3256 2049 cum
3279 1997 3420 2066 ignis

1854 2072 1907 2127 in
1938 2089 2061 2129 eum
2096 2076 2351 2143 insiliret,
2383 2087 2435 2132 et
2463 2081 2607 2148 quod
2641 2081 2695 2135 in
2738 2082 2932 2151 Opibus
2964 2084 3217 2139 fiduciam
3247 2088 3419 2141 collo-

1852 2174 2029 2219 casset
2052 2209 2064 2231 ,
2096 2169 2473 2238 objurgaretur
2500 2186 2529 2225 a
2554 2172 2717 2242 Cyro,
2747 2175 2839 2243 qui
2869 2177 3215 2232 subditorum
3249 2179 3415 2234 benc-

1849 2256 2237 2325 volentiam,et
2263 2261 2498 2330 prmaidii
2532 2262 2744 2329 loco,et
2777 2268 3254 2335 thesaurorum,ct
3285 2288 3413 2341 qua-

1848 2351 2054 2405 rumvis
2088 2367 2293 2418 rerum,
2326 2354 2529 2424 quibus
2560 2365 2614 2410 et
2637 2357 2986 2414 incolumitas
3015 2367 3415 2432 etprosperitas

1847 2442 1992 2511 regia
2007 2445 2282 2498 continete
2295 2461 2337 2511 r,
2353 2447 2519 2500 animi
2538 2450 2960 2519 magnitudinem
2977 2468 3408 2524 comparaverat.

1848 2531 1987 2598 Quin
2016 2544 2077 2588 et.
2114 2536 2203 2590 illa
2234 2552 2313 2603 re,
2343 2541 2616 2606 quodnam
2644 2551 2791 2597 esset
2816 2551 2928 2597 tum
2975 2547 3405 2615 sapientiai,tuni

1844 2638 2006 2693 Opum
2029 2627 2350 2695 discrimen,
2377 2632 2650 2699 apparuit.
2670 2630 2802 2685 Nam
2828 2645 3047 2704 propter
3075 2654 3204 2706 opes
3232 2640 3295 2705 is,
3315 2645 3407 2711 qui

1842 2730 1936 2770 eas
1970 2719 2305 2787 possidebat,
2340 2732 2566 2778 exustus
2600 2724 2788 2780 fuisset
2820 2744 2834 2781 :
2870 2738 2925 2781 at
2950 2728 3168 2785 Solonis
3211 2747 3407 2788 nomen

1841 2807 2014 2863 obiter
2030 2826 2371 2880 expressum,
2387 2830 2416 2868 e
2432 2815 2659 2870 ﬂammis
2680 2819 2949 2875 hominem
2969 2824 3183 2893 eeruit.
3201 2824 3409 2897 Quippe

1840 2915 1949 2954 non
1975 2902 2166 2957 salutis
2196 2905 2548 2974 impetrandae
2570 2924 2735 2964 causa
2766 2911 2983 2967 Solonis
3010 2931 3205 2971 nomen
3249 2921 3402 2973 Crte-

1839 3007 1934 3048 sus
1955 2995 2345 3064 ingeminabztt,
2375 3001 2469 3053 sed
2493 3003 2637 3070 quod
2665 3019 2991 3074 magnopere
3026 3007 3197 3063 virum
3226 3013 3401 3067 admi-

1838 3097 2074 3153 raretur,
2100 3104 2209 3158 quo
2240 3099 2479 3159 tempore.
2516 3094 2675 3162 lignis
2698 3097 2985 3164 impositus
3016 3101 3251 3169 jacehat,
3275 3122 3399 3162 cum

1836 3176 2037 3231 eisdem
2063 3182 2516 3236 eoucremandus.
2541 3183 2934 3258 Videbatzenim
2958 3194 3274 3261 sapientiam
3302 3199 3403 3253 So-

167 3260 282 3321 θῶς
312 3260 466 3323 ὅντα,
533 3260 581 3313 εί
622 3259 696 3330 μὴ
744 3257 812 3312 δι’
845 3260 1033 3330 ἕτερόν
1087 3279 1141 3314 τι
1183 3264 1489 3333 συνάγοιτο,
1523 3270 1613 3321 καὶ⁸
1665 3270 1731 3322 δι’
1759 3280 1803 3339 C
1834 3268 1976 3324 Ionis
2006 3284 2042 3323 el

1523 3270 1613 3321 καὶ
1665 3270 1731 3322 δι’
1759 3280 1803 3339 C
1834 3268 1976 3324 Ionis
2006 3269 2166 3323 etiam
2183 3272 2514 3326 vaticinandi
2541 3276 2589 3328 vi
2619 3257 2922 3345 praeditam.
2955 3257 3157 3338 Et-luec
3179 3290 3392 3354 quidem

162 3352 351 3404 ἐκεῖνο
400 3352 564 3405 πάλιν
597 3352 965 3422 σκορπίζοιτο,
1000 3355 1094 3406 καὶ
1117 3357 1228 3407 τοῖν
1259 3358 1574 3427 εἰρημένων
1604 3363 1730 3415 έχά-

165 3461 329 3513 τερον
358 3445 417 3496 οὐ
446 3444 532 3497 διὰ
562 3444 754 3514 θυμὸν,
790 3444 901 3497 οὐδ’
963 3446 1154 3517 ὀργὴν,
1195 3448 1305 3502 οὐδ’
1330 3450 1628 3521 ἐπιθυμίαν
1651 3454 1726 3526 μὴ

165 3536 450 3603 σώφρονα,
483 3535 618 3589 ἀλλὰ
646 3536 786 3603 λόγῳ
822 3535 1083 3604 γίγνοιτο.
1115 3538 1268 3590 Δοκῶ
1308 3541 1415 3609 γάρ
1457 3559 1545 3609 μοι
1573 3545 1721 3611 εἰρηα-

161 3625 324 3678 κέναι
371 3626 620 3679 τοσοῦτον
643 3627 807 3682 ἓνεκα
832 3627 925 3681 τοῦ
959 3629 1323 3698 προκειμένου
1355 3632 1579 3697 σκοποῦ,
1599 3635 1723 3686 ὅσον

156 3718 222 3781 ἐξ
280 3717 514 3787 ὀνύχων,
584 3720 738 3787 φασὶ,
798 3722 892 3773 καὶ
948 3722 1013 3772 ἐκ
1069 3720 1163 3774 τοῦ
1218 3723 1548 3790 κρασπέδου,
1596 3725 1721 3778 νοῦν

156 3809 346 3877 ἔχουσι
401 3809 589 3862 λέοντα
622 3810 716 3862 καὶ
757 3809 987 3879 ὕφασμα
1046 3812 1331 3882 ἀρκέσειεν
1378 3812 1446 3865 ἂν
1500 3816 1722 3871 εἰδέναι.

156 3897 289 3953 Οἵον
323 3901 432 3969 γάρ
455 3918 537 3964 τις
570 3902 693 3971 ὄρος
727 3918 817 3970 μοι
854 3902 1111 3970 φαίνεται
1142 3904 1293 3955 τουτὶ
1326 3905 1387 3956 τὸ
1414 3906 1723 3961 τελευταῖον

156 3993 327 4062 ῥηθὲν
375 3993 468 4045 τοῦ
504 3992 683 4057 καλῶς
740 4012 800 4047 τε
837 3994 1212 4065 θησαυρίζειν,
1276 3997 1372 4049 καὶ
1421 4000 1517 4067 μή.
1559 4000 1722 4053 Ὅθεν

158 4086 396 4139 ὕστατον
425 4086 583 4140 τοῦτο
610 4090 825 4156 φράσας
857 4089 988 4154 περὶ
1024 4090 1118 4141 τοῦ
1150 4089 1381 4141 πλούτου
1418 4106 1477 4142 τε
1509 4092 1716 4158 ἁπλῶς,

152 4179 251 4230 καὶ
287 4178 382 4230 τοῦ
434 4180 637 4249 τρόπου
676 4180 945 4249 βασιλέως
998 4180 1209 4248 Λυδῶν,
1238 4180 1332 4233 τοῦ
1377 4182 1506 4250 περὶ
1537 4184 1716 4237 αὐτῶν

148 4273 575 4343 ἀπαλλάττομαι
604 4275 785 4340 λόγου.

1837 3356 2043 3413 clarius
2090 3375 2419 3430 cognoscere
2471 3367 2692 3433 poteris,
2725 3368 2770 3421 si
2813 3372 3085 3443 perlegere
3114 3387 3223 3430 tum
3257 3381 3399 3437 alios

1835 3448 2072 3503 volueris
2104 3451 2410 3518 historicos,
2439 3462 2550 3507 tum
2578 3455 2836 3513 Herodoti
2867 3461 3071 3520 Musas.
3107 3467 3393 3527 Nobisista

1833 3557 1967 3595 sane
1998 3542 2291 3609 suﬂiciant,
2325 3546 2523 3615 quibus
2551 3557 2605 3604 ct
2631 3552 2897 3620 sapientia
2929 3559 3115 3623 paucis
3167 3563 3390 3619 laudata

1832 3634 1922 3699 sit,
1942 3645 1994 3689 ct
2019 3648 2293 3690 ostensum
2328 3654 2517 3707 reapse
2547 3643 2680 3694 nihil
2703 3658 2823 3699 esse
2853 3648 3091 3717 divitias,
3122 3656 3222 3709 nisi
3249 3663 3385 3714 alte-

1831 3727 1941 3781 rius
1961 3728 2037 3782 rei
2058 3742 2218 3783 causa
2241 3730 2586 3799 colligantur,
2610 3744 2660 3788 et
2678 3738 2746 3789 ob
2770 3742 3014 3795 eamdem
3041 3760 3254 3801 rursum
3270 3751 3383 3805 dis-

1824 3828 2158 3887 pergantnr:
2190 3832 2351 3889 atque
2379 3823 2569 3876 horum
2604 3834 2896 3897 utrumque
2919 3847 3022 3885 non
3049 3838 3381 3901 periracun-

1822 3910 1987 3973 diam,
2015 3925 2112 3964 nec
2147 3909 2304 3975 iram,
2342 3928 2442 3966 nec
2471 3914 2820 3981 cupiditatem
2851 3936 3039 3987 parum
3076 3926 3376 3997 honestam,

1821 4004 1913 4057 sed
1942 4020 2063 4056 eum
2091 4003 2302 4059 ratione
2330 4006 2436 4061 fiat.
2467 4005 2675 4076 Quippe
2703 4017 2910 4062 tantum
2942 4028 2971 4065 a
3007 4017 3162 4071 nobis
3210 4020 3277 4073 de
3325 4039 3382 4075 re

1821 4096 2093 4165 preposita
2123 4097 2324 4150 dictum
2359 4100 2611 4165 arbitror,
2646 4112 2905 4170 quantum
2929 4119 3108 4161 mente
3140 4114 3387 4178 praeditis

1825 4188 1957 4241 satis
1985 4189 2472 4257 sitagnoscendum
2510 4206 2572 4244 ex
2606 4195 2900 4263 unguibus,
2933 4202 3075 4266 quo.l
3100 4203 3274 4266 aiunt,
3326 4218 3379 4259 ει

1825 4280 2042 4342 lacinia,
2074 4290 2185 4333 tum
2212 4279 2448 4342 leonem,
2482 4290 2593 4333 tum
2623 4298 2880 4350 pannum.
2911 4286 3041 4341 Nam
3078 4292 3208 4345 mihi
3258 4296 3379 4363 qui-

146 4364 271 4417 dem
301 4365 405 4419 hoc
446 4375 721 4433 postremo
756 4369 877 4422 loco
906 4367 1108 4423 dictum
1142 4370 1355 4425 videtur
1373 4387 1493 4426 esse
1515 4375 1668 4441 quasi
1706 4376 1788 4431 lex
1822 4376 2067 4446 quaedam
2106 4382 2263 4426 recta:
2298 4371 2639 4429 collectionis
2663 4378 3065 4449 thesaurorum,
3100 4388 3180 4440 vel
3213 4403 3376 4445 secus

145 4458 429 4513 institutae.
467 4458 700 4529 Ideoque
734 4476 1048 4529 supremum
1100 4462 1201 4517 hoc
1227 4471 1336 4516 tam
1392 4464 1458 4518 de
1487 4464 1690 4520 divitiis
1724 4466 2064 4538 simpliciter,
2094 4479 2253 4533 quam
2285 4463 2350 4517 de
2373 4461 2642 4534 Lydorum
2681 4469 2823 4538 regis
2856 4473 3076 4542 ingenio
3124 4481 3367 4547 prolocu-

144 4568 255 4617 tus,
284 4556 523 4622 amplius
562 4558 626 4611 de
657 4559 737 4611 eis
765 4558 948 4612 dicere
970 4557 1324 4626 supersedeo.

212 4656 308 4706 Δεῖ
360 4620 417 4705 δέ
476 4669 577 4705 που
635 4653 782 4706 τόνδε
845 4620 1182 4724 μεταγαγεῖν
1235 4656 1327 4706 ἐπὶ
1362 4655 1458 4725 τὴν
1506 4655 1704 4725 Ξέρξου
1740 4663 1781 4716 ι)
1882 4652 2087 4707 Traduc

1506 4655 1704 4725 Ξέρξου
1740 4663 1781 4716 ι)
1882 4649 2236 4707 Traducenda
2270 4664 2402 4705 vero
2426 4649 2492 4705 ad
2525 4651 2794 4720 ingentem
2839 4653 3031 4711 Xerxis
3066 4663 3372 4715 exercitum

144 4749 413 4819 στρατιὰν
442 4747 539 4814 τὴν
573 4747 797 4816 πολλὴν,
847 4746 947 4815 τὴν
994 4748 1238 4815 φρίττειν
1271 4751 1699 4818 παρασκευάσα-

138 4856 236 4891 σαν
273 4837 530 4905 δύναμιν,
568 4836 659 4888 καὶ
688 4835 868 4887 πάντα
896 4835 1155 4889 σείσασαν
1181 4838 1411 4906 πέρατα,
1442 4840 1508 4908 τῇ
1542 4840 1699 4910 φήμῃ

134 4945 196 4980 τε
251 4928 348 4979 καὶ
405 4927 522 4986 ταῖς
582 4924 923 4994 ἀπειλαῖς·ἢ
955 4924 1018 4995 δὴ
1072 4926 1317 4996 σκηπτοῦ
1354 4944 1499 4990 τινος
1542 4930 1699 4996 δίκην

135 5016 504 5086 ἔπενεχθεῖσα
531 5014 804 5084 πολλαχοῦ
834 5014 962 5083 γῆς,
996 5015 1123 5066 ἔνθα
1162 5018 1236 5085 μὴ
1265 5012 1332 5086 ἦν
1383 5017 1577 5085 ἀρετὴ,
1610 5012 1696 5069 οἷα

139 5111 241 5178 μὲν
274 5109 453 5161 ἐδίδου
473 5107 700 5178 θαρρεῖν
728 5106 807 5175 τῷ
833 5106 1167 5176 συνειλοχότι
1194 5107 1401 5177 ταύτην
1419 5108 1695 5177 λαμπραῖς

134 5201 351 5253 ἐλπίσιν
376 5215 394 5264 ;
426 5194 537 5251 οἷον
566 5199 609 5252 δ’
632 5197 823 5251 ἔπειτα
853 5199 1090 5268 παρέσχε
1157 5200 1460 5269 μετάμελον
1503 5202 1694 5270 ἀνόνη-

130 5309 264 5355 cev;
299 5291 561 5348 Εἰκότως.
604 5289 699 5341 Ἐκ
734 5288 832 5357 μὲν
876 5290 982 5360 γὰρ
1019 5289 1203 5351 ἁπλῶς
1248 5290 1356 5342 τῶν
1410 5292 1689 5360 κατορθωο

133 5384 323 5452 μάτων
350 5381 522 5447 μείζω
557 5382 783 5449 παρεῖχε
815 5381 1215 5450 τεκμαίρεσθαι
1247 5382 1356 5435 τῶν
1382 5382 1485 5453 ἤδη
1525 5399 1686 5449 γεγε-

128 5475 401 5542 νημένων·
432 5473 514 5525 ὅτι
552 5471 606 5525 δὲ
633 5474 790 5526 ταυτὶ
824 5473 920 5541 τῆς
957 5473 1147 5543 τύχης,
1200 5474 1299 5525 οὐκ
1335 5475 1543 5543 ἀρετῆς
1594 5472 1681 5545 ἦν,

124 5568 252 5629 τοὺς
301 5565 445 5619 κατὰ
474 5565 675 5632 ταύτης
734 5566 1123 5635 ἐπαιρομένους
1191 5566 1291 5618 οὐκ
1352 5567 1573 5636 ἀληθεῖς
1622 5585 1685 5634 γε

127 5661 348 5728 μάντεις
386 5658 654 5727 ἀπέφηνε.
699 5658 820 5720 Πῶς
873 5659 979 5727 γὰρ
1011 5658 1077 5709 ἂν
1126 5660 1455 5728 κρατήσειεν
1484 5660 1685 5729 ἀρετῆς

122 5750 285 5817 τύχη,
318 5750 385 5817 ἦν
420 5748 495 5817 μὴ
522 5748 579 5799 τὺ
609 5748 753 5801 θεῖον
806 5749 1094 5819 ὀργίζηται
1142 5751 1235 5801 καὶ
1269 5751 1535 5819 περιορᾷς
1574 5750 1681 5803 Καὶ

121 5840 275 5890 τοῦτο
298 5843 489 5907 γέγονε
518 5840 696 5909 δῆλον,
729 5843 826 5908 οὐχ
851 5836 1010 5910 ἦττον
1080 5842 1180 5911 μὲν
1204 5843 1295 5895 καὶ
1328 5846 1441 5905 τοῖς
1477 5841 1679 5912 προλα-

122 5928 273 5982 ϐοῦσι
299 5930 688 5996 κατορθώμασι
728 5931 839 5983 τῶν
872 5931 1138 6000 Ἑλλήνων
1164 5950 1176 5965 ’
1217 5934 1453 6001 μάλιστα
1493 5933 1546 5984 δὲ
1584 5949 1681 5985 κα-

1807 4747 2000 4807 oratie,
2031 4753 2083 4797 ct
2146 4743 2211 4795 ad
2262 4742 2381 4796 illas
2424 4744 2631 4811 copias,
2681 4760 2802 4813 quae
2854 4746 2995 4802 fama
3048 4753 3250 4819 pariter
3301 4771 3365 4808 ac

1808 4839 1971 4892 minis
2046 4851 2236 4889 omnes
2282 4834 2413 4888 lines
2455 4844 2508 4889 et
2552 4838 2823 4905 trepidare
2866 4844 3243 4910 compulerunt
3309 4859 3377 4901 et.

1806 4936 2533 4997 ronquassarunt:quaeque
2587 4928 2638 4981 in
2700 4932 2973 4996 complura
3034 4943 3193 4989 terrze
3248 4937 3371 4992 lora

1808 5021 2050 5075 fulminis
2080 5020 2130 5073 in
2167 5034 2371 5073 morem
2405 5021 2616 5086 delatas,
2674 5022 2762 5074 ubi
2800 5024 2942 5076 nulla
2993 5026 3164 5081 virtus
3219 5039 3363 5088 erat.

1802 5123 2068 5182 quantum
2104 5111 2177 5165 illi
2203 5112 2431 5173 li.luci:e,
2456 5128 2657 5180 quzeso,
2677 5115 3116 5183 suppeditabant,
3149 5123 3239 5188 qui
3265 5137 3369 5176 ens

1800 5204 2074 5272 splendida
2113 5204 2342 5272 quadam
2375 5219 2469 5272 spe
2515 5204 2838 5271 collegerat?
2872 5220 3133 5273 quantum
3184 5214 3358 5278 pmui~

1800 5295 1980 5348 tentia:
2013 5294 2269 5362 deinceps
2301 5295 2507 5348 inutilis
2533 5297 2666 5349 attul
2690 5298 2874 5351 nunt?
2906 5298 2966 5349 Et
2997 5302 3186 5353 merito
3229 5304 3357 5370 qui-

1794 5384 1953 5447 dem;
2010 5400 2131 5436 nam
2188 5385 2511 5451 simplic‘ter
2555 5402 2619 5439 ex
2663 5388 2824 5440 rebus
2882 5404 3139 5457 prospere
3188 5404 3361 5460 geste

1793 5473 1997 5541 majora
2048 5475 2332 5541 praeteritis
2385 5477 2659 5545 conjicere
2697 5478 2917 5533 dabant.
2954 5479 3056 5533 Sed
3090 5484 3354 5551 quoniam

1791 5566 1879 5618 illa
1916 5565 2162 5629 fortunae,
2191 5580 2294 5619 non
2338 5566 2554 5619 virtutis
2582 5576 2757 5631 erant,
2792 5568 2996 5623 ideirco
3027 5574 3355 5640 superbit-n-

1788 5664 1868 5711 tes
1929 5657 2190 5711 adversus
2260 5658 2420 5717 hanc,
2475 5667 2624 5712 vates
2659 5660 2884 5715 minime
2924 5678 3140 5717 veraces
3173 5667 3356 5719 exsti-

1786 5757 1985 5801 terunt.
2016 5747 2135 5813 Quo
2160 5748 2303 5801 enim
2356 5756 2513 5817 pacto
2551 5747 2765 5803 fortuna
2823 5754 3072 5809 virtutem
3134 5754 3349 5817 vicerit,

1784 5839 1883 5892 nisi
1922 5839 2059 5892 Deus
2093 5841 2257 5893 iratus
2286 5841 2446 5902 sit,et
2478 5842 2809 5896 conniveat?
2838 5847 2977 5911 quod
3018 5858 3147 5897 sane
3174 5846 3355 5899 mani-

1785 5931 1921 5984 Γιιδιο
1964 5930 2137 5997 paruit
2173 5942 2283 5984 tum
2319 5934 2385 5986 de
2432 5933 2774 5997 superiorum
2835 5943 3141 5995 temporum
3200 5934 3337 5987 lari-
3402 5948 3403 5951 ‘
