4748 6512
247 558 353 621 393

1684 554 1967 613 ΟίίΑΤίΟ
2011 553 2053 612 1.

3366 541 3471 603 394

242 670 512 742 χρηστοὺς
546 668 770 738 ζηλοῦσι
797 669 1008 736 γονέας.
1037 668 1271 737 ’ᾘδεσαν
1299 667 1408 736 γάρ
1429 704 1444 730 .
1473 667 1546 729 ὡς
1576 668 1808 733 ταυτησὶ
1838 671 1882 725 Α
1915 667 2060 721 υιιιηὶ
2081 682 2111 722 e

1597 668 1808 733 ταυτησὶ
1838 671 1882 725 Α
1915 667 2060 721 omni
2081 666 2421 731 excellentia,
2456 667 2754 735 tneritoquc
2792 666 2937 720 velut
2980 666 3265 719 luereditas
3322 682 3472 732 qna:-

245 768 323 835 μὴ
362 762 644 833 παρούσης
683 761 792 813 οὐδ’
816 760 959 813 ἆπαν
990 761 1053 811 τὸ
1086 760 1184 827 τῆς
1223 759 1428 828 ἀρετῆς
1466 760 1655 827 χρῆμα
1696 757 1808 809 οἶόν

242 874 304 908 τε
360 854 627 907 συνοίσειν
676 851 987 922 ἀνθρώπῳ·
1045 852 1174 918 περὶ
1223 844 1286 920 ἧς
1340 866 1401 916 γε
1455 850 1810 918 μετριότητος

248 945 488 1017 ἔροῦμέν
528 964 582 999 τι
623 942 1075 1013 προύργιαίτερον
1116 942 1258 994 κατᾶ
1298 940 1495 1010 σχολὴν
1540 940 1675 1008 μετὰ
1718 941 1809 991 τοῦ

247 1038 465 1108 καιροῦ,
512 1037 900 1105 συνιιρομένου
941 1036 1034 1088 τοῦ
1081 1034 1405 1103 κρείττονος.
1451 1032 1564 1085 Νῦν
1607 1032 1661 1084 δὲ
1704 1033 1810 1083 τῶν

250 1130 629 1198 προκειμένων
654 1127 927 1196 ἐχώμεθα.
958 1126 1103 1179 Ἔδει
1136 1127 1235 1195 μὲν
1263 1124 1374 1189 οὖν,
1394 1126 1450 1177 εἰ
1484 1124 1577 1176 καὶ
1609 1125 1811 1183 πάντας

251 1223 495 1291 ἐλελήθει
542 1221 855 1291 βαρὸἀρους
896 1220 957 1273 τὸ
1000 1220 1100 1289 τῆς
1146 1220 1348 1288 ἀρετῆς
1389 1218 1606 1285 περιὸν,
1649 1218 1810 1270 αὑτὸν

248 1312 385 1379 γοῦν
425 1313 647 1380 βασιλέα
693 1313 768 1380 μὴ
808 1310 1109 1378 λεληθέναι,
1156 1310 1289 1376 μηδὲ
1332 1309 1573 1377 νομίζειν
1619 1308 1812 1376 πλήθει

250 1403 549 1470 κρατήσειν
584 1400 1036 1469 προαιρουμένων
1071 1398 1292 1467 πολέμῳ
1326 1397 1547 1449 πίπτειν
1582 1396 1685 1465 πρὸ
1717 1396 1810 1448 τοῦ

249 1493 494 1562 δεδέχθαι
522 1509 574 1544 τι
603 1492 711 1543 τῶν
741 1492 1003 1559 αἰσχρῶν.
1028 1490 1238 1554 Ἕδειξε
1270 1490 1378 1559 γὰρ
1410 1491 1437 1540 ό
1469 1486 1657 1556 χρόνος
1685 1490 1811 1550 τοὺς

252 1584 453 1651 ἄνδρας
486 1582 673 1635 τούσδε
709 1582 888 1647 πολλῷ
922 1598 985 1649 γε
1022 1584 1273 1650 κρεῖττον
1306 1580 1719 1647 ἀσπαζομένους
1752 1579 1811 1629 τ’)

255 1672 376 1740 μεθ’
399 1671 576 1725 ὅπλων
606 1671 1041 1739 ἀγωνιζομένους
1067 1670 1322 1724 τεθνάναι
1351 1669 1491 1739 ὑπὲρ
1519 1669 1628 1721 τῶν
1658 1669 1811 1736 σφίσι

249 1760 638 1829 διαφερόντων,
666 1760 698 1829 ἢ
726 1760 870 1821 τινὲς
900 1761 1237 1825 ἀσπάζονται
1267 1758 1604 1828 πανηγύρεις
1629 1762 1812 1830 τρυφῇ

254 1852 349 1903 καὶ
376 1851 617 1922 ῥᾳθυμίᾳ
645 1852 1082 1921 προσηλωμένοι.
1111 1852 1170 1905 'O
1197 1852 1253 1904 δὲ
1278 1853 1343 1920 τῇ
1370 1850 1478 1902 τῶν
1502 1850 1814 1917 εὐτυχημά-

252 1959 365 1994 των
399 1942 711 2011 κραιπάλῃ,
743 1943 835 1995 καὶ
866 1944 934 2011 τῇ
972 1944 1137 2011 μανίᾳ
1171 1942 1280 1992 τῶν
1313 1938 1460 2006 αὐτῷ
1496 1937 1808 2008 προσδοκω-

260 2034 437 2103 μένων
466 2035 907 2105 κατορθωμάτων
934 2034 1183 2103 καθάπερ
1214 2032 1365 2102 κῦμα
1389 2032 1614 2085 τύπτειν
1639 2030 1810 2101 ἠξίου,

256 2124 407 2179 εἶκον
433 2126 651 2197 ἀνέμοις
682 2127 832 2196 παρὰ
861 2127 921 2179 τδ
952 2125 1111 2192 δόξαν
1140 2124 1288 2195 αὑτῷ
1311 2141 1326 2157 ο
1360 2124 1504 2177 οὕτω
1535 2123 1814 2177 κάνταῦθα

255 2218 510 2285 νενόμικε
539 2216 900 2287 (θρασύτητος
926 2216 1186 2287 ἀκρασία)
1216 2216 1421 2269 καπνοῦ
1446 2234 1500 2269 τι
1530 2216 1693 2285 μέρος
1718 2216 1815 2283 ἀρ-

256 2312 442 2365 κέσειν
466 2309 613 2380 αὑτῷ
640 2310 732 2362 τοῦ
762 2312 819 2363 ἐν
848 2312 913 2381 τῇ
942 2310 1087 2381 ψυχῇ
1121 2309 1292 2380 πυρὸς
1320 2310 1555 2373 ζέοντος,
1587 2308 1728 2370 λέγω
1753 2307 1817 2378 δὴ

258 2408 356 2457 τοῦ
384 2404 532 2474 παρὰ
557 2404 712 2472 λόγον
740 2404 941 2474 θυμοῦ,
964 2403 1229 2456 πασσυδεὶ
1252 2403 1376 2464 τοὺς
1395 2402 1662 2470 ’Έλληνας
1691 2403 1819 2453 ἀνα-

259 2497 456 2549 λῶσαι.
500 2496 638 2549 Ἀλλ’
670 2497 704 2567 ὴ
752 2497 846 2564 τῆς
898 2496 1129 2565 ἀκαίρου
1181 2493 1493 2563 φιλοτιμίας
1546 2492 1820 2562 ὑπερὸολὴ

259 2588 416 2640 οὐδὲν
453 2587 644 2655 ἐκείνῳ
683 2587 848 2656 τιμῆς
890 2586 1152 2654 ἀπένειμε
1177 2600 1190 2619 ⁸
1240 2586 1374 2653 πρὸς
1414 2584 1471 2639 δὲ
1510 2584 1821 2637 τούναντίον

265 2678 452 2745 σαφῶς
493 2676 640 2747 αύτῷ
681 2677 779 2746 τὴν
823 2676 1150 2747 προσδοκίαν
1192 2674 1575 2743 άντέστρεψεν.
1617 2672 1673 2727 '0
1713 2674 1823 2744 γὰρ

263 2774 334 2841 τῇ
370 2770 561 2841 βροντῇ
592 2770 691 2839 τῆς
725 2771 912 2838 φήμης
942 2769 1008 2820 τὰ
1038 2766 1146 2819 τῶν
1178 2765 1389 2819 πολλῶν
1424 2767 1665 2834 κυκήσας
1700 2780 1825 2833 φρο-

264 2865 501 2933 νήματα,
531 2864 623 2916 καὶ
649 2860 873 2923 τούτους
900 2858 1079 2923 δείξας
1108 2857 1556 2926 καλινδουμένους
1582 2856 1689 2925 πρὸ
1717 2855 1824 2907 τῶν

266 2954 447 3007 ποδῶν
493 2953 678 3019 αὐτοῦ,
727 2952 1024 3020 φθάνοντας
1075 2952 1143 3005 τὰ
1190 2951 1344 3003 τοῦδε
1399 2946 1825 3019 προστάγματα,

266 3048 497 3117 ἀκονητὶ
536 3049 629 3100 καὶ
657 3045 761 3117 τὴν
794 3046 1022 3100 Ἐλλάδα
1062 3042 1514 3113 προσκτήσασθαι
1554 3042 1826 3109 φανταζό-

271 3158 471 3209 μενος,
508 3140 601 3193 καί¹
637 3138 956 3209 παμπληθελ¹
986 3137 1049 3190 τὸ
1079 3136 1391 3205 Ἑλληνικὸν
1424 3134 1672 3206 καθάπερ
1707 3138 1831 3188 παῖ-

266 3235 367 3297 δάς
409 3251 557 3298 τινας
603 3233 767 3297 ἑλεῖν,
813 3230 1005 3294 παῖδάς
1049 3248 1114 3299 γε
1158 3230 1266 3284 τῶν
1308 3228 1700 3298 θρυπτομένων
1741 3229 1829 3280 ἐπ’

1915 760 2037 813 dam
2065 761 2314 813 devoluta
2349 767 2489 819 esset
2517 762 2581 812 ad
2612 770 2858 828 posteros
2883 759 3045 823 frugi,
3088 759 3225 825 frugi
3265 776 3474 827 parcn-

1916 862 2027 903 tum
2060 852 2421 903 :rmulatores.
2456 849 2658 905 Norant
2686 852 2853 914 enim,
2896 852 2939 904 si
2962 851 3092 903 haec
3122 865 3226 901 non
3259 850 3473 904 atii-Suet

1918 960 1984 997 ue
2018 944 2233 1012 quidem
2262 944 2568 995 universam
2599 958 2625 988 ν
2652 943 2806 995 rtutis
2830 943 2933 992 vim
2986 940 3187 993 homini
3218 941 3475 1006 prodi-sse

1915 1052 2115 1105 posse:
2156 1038 2223 1089 de
2262 1052 2367 1103 qua
2399 1035 2768 1087 uunleratione
2801 1035 3102 1087 studiosius
3146 1034 3348 1102 aliquid
3382 1050 3475 1100 per

1918 1127 2110 1191 otium,
2147 1128 2333 1180 divino
2364 1126 2588 1192 juvante
2619 1124 2862 1188 nurnine,
2893 1140 2993 1177 suo
3025 1136 3267 1192 tempore
3300 1126 3478 1193 profe-

1919 1234 2121 1271 remus.
2163 1218 2320 1270 Nunc
2353 1218 2441 1280 iis,
2478 1234 2597 1285 quae
2633 1216 2905 1281 proposita
2945 1214 3101 1268 nobis
3137 1226 3285 1274 sunt.
3342 1217 3473 1267 iusi-

1916 1320 2145 1363 stamus.
2182 1309 2335 1363 Licet
2383 1324 2532 1371 ergo.
2577 1325 2698 1374 qu:e
2749 1309 2966 1361 virtutis
3020 1308 3328 1372 praistautia
3386 1309 3477 1365 sit,

1915 1416 2107 1455 omnes
2135 1404 2444 1469 ignorarent
2465 1400 2683 1454 Barbari
2715 1417 2729 1464 ;
2784 1416 2960 1469 regem
2993 1401 3165 1467 ipsum
3203 1399 3250 1453 id
3285 1401 3477 1454 saltem

1917 1496 2171 1562 ignorare
2202 1510 2309 1546 non
2357 1495 2623 1560 Oportuit,
2666 1508 2839 1559 neque
2891 1504 3081 1560 putare
3115 1496 3378 1555 futurum,
3422 1506 3479 1541 ιιι.

1918 1588 2200 1641 hominum
2238 1585 2408 1652 copiis
2460 1594 2555 1637 eos
2595 1584 2647 1636 in
2690 1593 3011 1649 potestatem
3052 1584 3335 1648 redigeret,
3386 1585 3478 1650 qui

1918 1679 2056 1731 bello
2111 1677 2304 1731 cadere
2364 1675 2614 1735 mallent,
2666 1690 2825 1738 quam
2888 1682 3046 1741 turpe
3097 1675 3225 1741 quid
3279 1675 3481 1728 admit~

1918 1783 2048 1826 tere.
2108 1769 2322 1838 Quippe
2380 1781 2595 1837 tempus
2631 1769 2804 1831 ipsum
2844 1769 3162 1830 declaravit,
3222 1768 3307 1820 his
3348 1768 3484 1819 viris

1916 1865 2071 1931 longe
2100 1861 2267 1915 fuisse
2296 1860 2536 1924 chariu-,
2573 1860 2615 1912 si
2658 1858 2869 1923 armati,
2904 1873 2999 1926 pro
3032 1858 3193 1911 rebus
3219 1860 3352 1912 suis
3403 1852 3487 1911 di-

1919 1954 2205 2016 micantes,
2256 1951 2643 2004 occumberent
2670 1990 2684 2011 ,
2739 1964 2902 2017 quam
2938 1947 3079 2009 aliis,
3133 1948 3395 2016 voluptati
3431 1956 3485 1999 et

1918 2043 2146 2110 ignaviae
2175 2040 2397 2105 'deditis,
2449 2042 2584 2109 grati
2633 2040 2885 2093 ludorum
2926 2037 3049 2093 festi
3081 2038 3198 2091 dies
3230 2053 3350 2091 esse
3386 2052 3481 2091 so-

1916 2133 2080 2186 leant.
2104 2131 2311 2187 Xerxes
2342 2146 2469 2184 vero
2484 2146 2864 2200 prosperorum
2886 2145 3235 2184 successuum
3265 2128 3484 2196 crapula

1918 2227 2075 2294 quasi
2107 2224 2337 2292 quadam
2379 2224 2665 2291 impulsus,
2718 2232 2772 2275 et
2802 2221 2989 2275 furore
3021 2222 3267 2289 profecto
3298 2221 3365 2275 de
3391 2236 3485 2288 spe

1922 2316 2281 2387 gerendarum
2319 2315 2555 2369 feliciter
2584 2330 2785 2377 rerum,
2815 2314 2980 2367 veluti
3015 2328 3163 2367 mare
3185 2313 3338 2382 prius
3362 2328 3487 2366 ver-

1923 2408 2098 2462 berari
2134 2406 2397 2476 jusserat,
2460 2406 2604 2471 quod
2662 2405 2836 2458 ventis
2902 2413 3099 2472 praeter
3151 2405 3483 2457 voluntatem

1924 2516 2075 2555 suam
2106 2502 2354 2563 cederet;
2389 2501 2461 2551 ita
2493 2497 2718 2567 putabat
2750 2496 2836 2551 hic
2858 2510 3075 2565 quoque
3109 2500 3164 2562 (ο
3217 2497 3488 2561 intempe-

1925 2602 2132 2646 rantem
2174 2591 2480 2661 audaciam)
2518 2591 2735 2662 paulum
2772 2589 2904 2642 fumi
2936 2588 3005 2642 de
3049 2589 3170 2656 igne
3224 2588 3317 2656 qui
3369 2587 3488 2654 ejus

1928 2687 1981 2738 in
2016 2685 2201 2737 animo
2229 2682 2498 2752 ﬂagraret,
2549 2681 2618 2735 de
2675 2681 2955 2735 iracundia
3003 2680 3231 2733 rationis
3264 2687 3488 2747 experte

1927 2776 2068 2841 dico,
2095 2773 2298 2829 Graecis
2318 2775 2562 2828 funditus
2587 2771 2940 2826 absumendis
2971 2771 3350 2824 suffecturum.
3380 2769 3487 2822 Sed

1929 2867 2095 2921 nimia
2130 2869 2211 2920 vis
2241 2867 2463 2921 absurdi
2518 2866 2681 2920 studii
2717 2865 2848 2918 nihil
2880 2865 2927 2918 ei
2982 2864 3185 2935 peperit
3241 2864 3487 2926 honoris,
3538 2866 3556 2890 '

1931 2973 1995 3013 ac
2026 2959 2299 3013 diversum
2331 2958 2513 3027 potius
2577 2958 2782 3011 exitum
2834 2955 2947 3024 spei
2986 2956 3151 3010 dedit.
3214 2952 3344 3006 Nam
3395 2953 3492 3021 qui

1932 3052 2168 3105 rumoris
2202 3051 2404 3104 tonitru
2434 3048 2794 3118 complurium
2820 3048 3232 3116 perturbaverat
3252 3045 3490 3107 animos,

1934 3156 2107 3209 eoque
2137 3143 2439 3211 redegerat,
2480 3149 2540 3194 ut
2572 3140 2837 3208 imperata
2896 3140 3064 3207 ipsius
3101 3138 3489 3206 auticipantes.

1934 3232 2000 3287 ad
2025 3233 2189 3301 pedes
2220 3232 2341 3299 ejus
2370 3245 2489 3286 sese
2519 3240 2964 3300 prosternerent;
2998 3229 3127 3283 dum
3157 3229 3362 3298 absque
3409 3228 3495 3282 la-

267 3328 503 3394 ἀγορίς,
546 3325 641 3377 καὶ
690 3321 1065 3392 προσεχόντων
1110 3320 1414 3389 ἀθύρμασι,
1459 3320 1553 3372 καὶ
1601 3319 1827 3389 μηδενὸς
1856 3310 1899 3367 C
1933 3326 2063 3381 bore
2089 3340 2142 3379 se

1617 3319 1827 3389 ιηδενὸς
1856 3310 1899 3367 C
1933 3326 2063 3381 bore
2089 3340 2147 3379 se
2178 3322 2438 3378 Graaciam
2473 3338 2695 3393 quoque
2737 3322 2927 3377 ditioni
2982 3323 3317 3389 adjecturum
3357 3322 3492 3373 ima-

269 3418 404 3486 γούν
438 3418 804 3484 γεγευμένους
845 3414 1215 3483 προσήκοντος
1254 3412 1511 3481 ἀνδράσιν
1544 3411 1830 3479 ἐπιτηδεύ-

276 3527 477 3581 ματος,
511 3508 623 3562 ἁλλ⁹
646 3508 704 3559 ἓν
735 3522 797 3573 γε
825 3506 982 3559 τοῦτο
1013 3502 1431 3574 μεμαθηκότας,
1463 3502 1741 3572 ὀρχεῖσθαί
1772 3519 1830 3553 τε

272 3603 372 3657 καὶ
399 3598 745 3663 ἀκκίζεσθαι,
775 3594 1129 3666 γυναικώδεις
1158 3595 1253 3647 καί
1280 3596 1377 3663 τὴν
1408 3595 1587 3664 φύσιν,
1621 3594 1713 3646 καὶ
1738 3594 1833 3663 τὴν

271 3696 535 3764 γνώμην,
565 3694 659 3746 καὶ
688 3692 786 3759 τὴν
819 3688 1064 3743 παιδείαν
1095 3689 1440 3759 ὑπάρχοντας
1465 3704 1479 3718 ⁸
1510 3691 1538 3741 ὁ
1569 3686 1798 3755 σοϐαρὸς
1817 3726 1831 3749 ,

272 3786 373 3840 καὶ
408 3784 728 3853 ὑπερνεφῶν
748 3822 764 3845 ,
796 3782 890 3834 καὶ
926 3781 1376 3849 γεγαυρωμένος,
1410 3781 1437 3830 ὁ
1470 3776 1708 3830 τοσαῦτα
1742 3776 1839 3845 ἐμ-

276 3878 526 3930 ϐατεύων
568 3880 648 3939 εἰς
687 3875 757 3927 τὰ.
794 3873 1065 3941 Ἐλλήνων
1103 3872 1427 3942 πράγματα,
1469 3871 1567 3923 ὅσα
1609 3874 1701 3922 καὶ
1741 3872 1840 3938 τὴν

275 3968 445 4021 τῶνδε
498 3970 603 4034 γῆν
654 3969 764 4028 τοῖς
815 3964 1123 4035 σατράπαις
1172 3963 1443 4032 διανέμειν
1496 3965 1575 4024 εἰς
1627 3961 1836 4029 ἀρχὴν,

276 4059 473 4130 ὥσπερ
502 4059 566 4112 ἂν
592 4060 640 4109 εί
665 4056 869 4126 ταύτην
898 4054 1063 4107 πάλαι.
1095 4054 1416 4123 προείληφεν
1437 4067 1451 4082 °
1478 4053 1671 4106 ὁπόσον
1699 4052 1844 4105 οἴκο-

279 4154 375 4204 θεν
406 4150 614 4219 σπουδῇ
642 4149 737 4203 ἐπὶ
763 4148 864 4216 τὴν
897 4144 1124 4200 Ἐλλάδα
1150 4146 1256 4215 γῆν
1285 4146 1533 4215 ἔτρεχεν,
1568 4145 1844 4212 ὀνειροπο-

278 4245 454 4312 λήσας
481 4242 578 4304 τὰς
608 4243 723 4294 ἐκεῖ
749 4240 929 4302 νίκας,
958 4238 1052 4292 καὶ
1078 4237 1145 4291 τὰ
1175 4237 1281 4289 ἀπὸ
1310 4237 1417 4288 τῶν
1446 4235 1657 4304 ἐχθρῶν
1687 4236 1844 4302 ἐγερ-

281 4334 564 4402 Οησόμενα
604 4330 779 4399 τούτῳ
819 4329 1089 4397 τρόπαια,
1134 4324 1385 4379 τοσοῦτον
1428 4325 1542 4378 ἀνω
1586 4324 1845 4391 ποταμῶν

280 4423 669 4493 παλινδρομῶν
694 4422 1054 4486 ἀνεδείκνυτο,
1080 4419 1199 4473 οὐδὲ
1227 4419 1359 4486 γοῦν
1384 4418 1552 4485 αὐτὴν
1575 4418 1673 4486 τὴν
1699 4417 1847 4485 πρώ-

281 4537 389 4589 την
420 4507 529 4581 οίός
558 4533 617 4569 τε
649 4515 938 4584 γενόμενος
970 4512 1289 4577 ὑπενεγκεῖν
1321 4506 1647 4579 προσδολήν.
1686 4506 1845 4558 Ὀπό-

286 4628 383 4664 σον
416 4612 527 4677 γὰρ
563 4608 629 4677 δὴ
662 4606 760 4675 τὴν
794 4605 1057 4674 ταχίστην
1094 4601 1179 4654 ἐπ’
1208 4600 1448 4661 ἐκείνους
1489 4599 1687 4667 ἤλαυνε
1708 4638 1724 4659 ,
1759 4613 1847 4649 το-

286 4703 444 4756 σόνδε
472 4702 694 4760 τούτους
726 4697 964 4765 αἰσχρῶς
991 4694 1276 4761 διέφευγε,
1309 4691 1469 4761 σῶμα
1500 4690 1594 4744 καὶ
1622 4691 1847 4758 γνώμην

288 4794 388 4847 καὶ
412 4790 590 4863 ψυχὴν
615 4787 752 4857 πρὸς
774 4784 1083 4838 τούναντίον
1107 4783 1253 4837 ἀπαν
1278 4782 1530 4851 τραπεὶς,
1562 4783 1658 4835 καὶ
1683 4782 1851 4844 πᾶσιν

286 4884 360 4955 ἦν
390 4885 661 4952 ἀφόρητος
691 4882 758 4949 τῇ
795 4876 1017 4945 σπουδῇ.
1056 4874 1404 4942 Ἐπεθύμησε
1434 4872 1537 4940 γῆς
1570 4873 1850 4940 Περσίδος,

287 4974 614 5041 ἐπεθύμησε
647 4968 742 5021 τοῦ
776 4966 980 5033 ταύτης
1022 4962 1231 5016 καπνοῦ
1253 5002 1267 5025 ,
1304 4964 1446 5014 κατὰ
1481 4962 1570 5013 τὸν
1611 4961 1851 5029 Ὀμήρου

290 5066 651 5134 πλανώμενον
688 5058 968 5113 Ὀδυσσέα.
998 5058 1095 5109 Ἂν
1187 5072 1239 5106 τι
1270 5058 1449 5124 χεῖρον
1477 5055 1572 5107 καὶ
1604 5054 1813 5105 καπνοῦ
1837 5091 1851 5115 ,

293 5159 457 5227 φίλον
487 5153 636 5221 αὐτῷ
664 5148 938 5214 δέξασθαι,
972 5148 1019 5200 εί
1056 5147 1215 5215 μόνον
1243 5145 1327 5215 είη
1360 5144 1467 5197 τῶν
1499 5144 1730 5196 οἴκοθεν.
1771 5144 1857 5205 Ὧς

291 5253 477 5316 ἔγωγε
503 5242 656 5314 οἶμαι
680 5244 769 5294 τὸν
795 5238 965 5309 ἀνδρα
991 5237 1180 5290 τοῦτον
1204 5232 1308 5290 ὦδε
1339 5235 1688 5303 μεταϐαλεῖν,
1717 5234 1857 5287 ὥστε

292 5340 513 5411 χαίρειν
555 5336 795 5390 ἐάσαντα
865 5330 1161 5397 στεφάνους
1199 5345 1258 5382 τε
1304 5327 1397 5381 καὶ
1439 5327 1722 5397 θρίαμϐον,
1767 5330 1859 5380 καὶ

293 5434 400 5501 τὴν
429 5433 493 5482 ὲκ
521 5428 614 5495 τῆς
645 5426 801 5493 νίκης
832 5423 1011 5475 πᾶσαν
1039 5420 1417 5488 λαμπρότητα,
1453 5419 1618 5487 μηδὲν
1650 5420 1861 5488 θαυμά.

299 5524 421 5588 ζειν
456 5521 644 5588 ἕτερον
684 5516 821 5586 πλὴν
859 5512 1061 5581 φυγῆς,
1100 5512 1448 5583 ἀνδραπόδοις
1490 5513 1590 5563 ούκ
1631 5513 1697 5564 ἂν
1735 5530 1862 5581 πρε-

300 5613 531 5682 πούσης.
573 5608 733 5662 Ὅθεν
771 5605 880 5659 οὐδ’
910 5603 1167 5665 ἀπεικὸς,
1211 5602 1264 5653 εί
1300 5619 1380 5664 τις
1421 5604 1619 5655 ἔδωκεν
1658 5605 1863 5655 ἐκεῖνον

305 5708 440 5761 ίδείν
468 5704 564 5764 τάς
598 5706 655 5753 ἐν
681 5703 748 5770 τῇ
780 5695 1182 5766 γυναικωνίτιδι
1218 5696 1413 5765 κόρας,
1448 5696 1696 5764 στέργειν
1725 5699 1865 5749 κατὰ

300 5797 514 5866 κόρρης
552 5790 923 5859 τυφθήσεσθαι
968 5788 1099 5856 παρ’
1123 5787 1302 5839 αὐτῶν
1336 5786 1499 5838 ἕνεκα
1534 5786 1633 5855 τῆς
1675 5804 1865 5854 γυναι-

303 5887 514 5946 manu;
544 5882 711 5936 αὑτοῦ
742 5881 938 5949 φυγῆς.
966 5878 1055 5948 Τῷ
1084 5880 1191 5949 γὰρ
1222 5878 1418 5931 αὐτίκα
1444 5881 1741 5949 τετράφθαι
1770 5883 1867 5949 τὴν

300 5978 521 6048 ψυχὴν,
549 5975 645 6030 καὶ
672 5976 796 6036 τοὺς
826 5972 1149 6039 λογισμοὺς,
1178 5971 1269 6021 καὶ
1297 5970 1544 6026 τοσοῦτον
1573 5974 1861 6043 ὀρρωδεῖν,

671 6068 944 6127 PnaoL.
976 6066 1089 6128 (ΞΒ.
1134 6061 1311 6122 CLVI

1935 3421 2174 3489 ginatur,
2213 3426 2492 3488 totamque
2529 3417 2840 3471 Graecorum
2875 3417 3144 3470 nationem
3185 3424 3494 3482 capturum,

1934 3526 2033 3564 ceu
2068 3526 2274 3581 pueros
2301 3511 2590 3580 quosdam,
2621 3511 2710 3579 qui
2741 3508 2960 3562 delicias
2991 3509 3041 3560 in
3078 3509 3193 3561 loro
3225 3506 3488 3566 facerent.

1933 3614 1986 3657 et
2020 3604 2241 3674 ludicris
2268 3604 2458 3657 intenti
2488 3613 2671 3657 essent
2695 3641 2710 3664 ,
2746 3615 2845 3655 nec
2878 3600 3045 3654 ullum
3101 3598 3318 3667 aliquod
3355 3614 3497 3666 opus

1937 3694 2086 3748 virile
2120 3696 2525 3762 degustassent,
2551 3691 2645 3746 sed
2702 3691 3083 3746 tantummodo
3135 3690 3331 3745 saltare
3358 3690 3501 3743 didi-

1936 3788 2159 3850 cissent,
2187 3802 2250 3841 ac
2280 3786 2529 3841 lascivire
2549 3827 2563 3849 ,
2600 3800 2700 3839 nec
2738 3800 2841 3838 non
2867 3784 3156 3837 muliebres
3187 3794 3239 3837 et
3268 3782 3501 3851 ingeniis

1937 3888 2141 3945 essent,
2189 3889 2241 3932 et
2292 3880 2504 3941 animis,
2546 3888 2600 3933 et
2656 3878 2977 3933 educatione
3026 3874 3244 3939 τίει-οι,
3282 3875 3500 3944 inquam

1938 3972 2047 4033 ille,
2079 3985 2350 4040 supraque
2391 3971 2564 4025 nubes
2591 3969 2792 4032 elatus,
2832 3978 2998 4038 atque
3034 3968 3375 4037 superbiens,
3404 3966 3499 4035 qui

1941 4074 2091 4117 tanto
2141 4080 2264 4117 cum
2303 4049 2441 4117 fastu
2501 4060 2810 4117 Grateorum
2850 4064 2903 4115 iu
2959 4062 3096 4115 bona
3133 4061 3318 4130 pedem
3362 4059 3504 4113 infe-

1945 4159 2095 4211 rchat
2143 4167 2201 4211 ut
2233 4172 2419 4210 eorum
2450 4167 2647 4210 terram
2685 4168 2904 4227 quoque
2955 4155 3188 4224 satrapis
3237 4154 3351 4209 suis
3378 4168 3501 4207 cum

1944 4258 2205 4319 potestate
2236 4248 2525 4302 tenendam
2557 4248 2933 4313 distribueret,
2964 4261 3026 4301 ac
3048 4246 3093 4300 si
3122 4245 3328 4315 pridem
3356 4245 3504 4297 illam

1948 4350 2307 4410 occupasset;
2364 4340 2449 4395 hic
2512 4355 2663 4410 ergo,
2724 4348 2926 4408 quanta
2977 4353 3102 4393 cum
3158 4337 3507 4392 festinatione

1949 4434 2112 4486 domo
2142 4431 2436 4501 profectus,
2486 4425 2747 4485 Graeciam
2790 4446 2958 4485 cursu
3016 4429 3248 4498 petebat,
3287 4428 3377 4482 ubi
3428 4427 3509 4481 vi-

1950 4524 2152 4577 ctorias
2186 4522 2300 4591 ipse
2334 4522 2436 4576 sibi
2475 4521 2860 4587 somniaverat,
2883 4521 3277 4588 statuendaque
3308 4518 3377 4573 de
3406 4519 3510 4571 ho-

1881 4617 2123 4701 Dstibus
2176 4626 2394 4685 tropaea,
2455 4623 2599 4669 tanta
2653 4614 2895 4669 vicissim
2948 4628 3070 4667 cum
3131 4611 3513 4681 properatione

1955 4710 2237 4775 repetebat
2295 4705 2553 4759 adversos
2589 4719 2799 4770 amnes,
2833 4717 2957 4756 cum
2987 4716 3055 4756 ne
3104 4701 3341 4769 primum
3389 4699 3512 4769 qui-

1955 4798 2077 4852 dem
2108 4794 2415 4851 conflictum
2453 4794 2723 4849 suStinere
2774 4793 3060 4862 potuisset.
3097 4790 3231 4844 Nam
3278 4799 3513 4859 quanto-

1957 4903 2083 4956 pere
2112 4902 2299 4941 versus
2329 4886 2428 4940 hos
2457 4885 2660 4954 impetu
2694 4884 3050 4938 celeberrimo
3076 4882 3355 4951 pergebat,
3390 4891 3513 4935 tan-

1959 4989 2144 5047 topere
2169 4978 2407 5032 vicissim
2440 4978 2508 5031 ab
2540 4977 2647 5031 illis
2676 4976 2818 5045 turpi
2847 4976 3160 5030 discedebat
3208 4975 3331 5045 fuga
3359 4991 3374 5040 ;
3406 4974 3517 5041 jam

1957 5070 2095 5124 alius
2122 5068 2280 5138 plane
2310 5078 2416 5120 tam
2450 5082 2700 5136 corpore,
2748 5081 2911 5135 quam
2959 5066 3171 5134 judicio
3228 5068 3518 5133 animoque

1960 5160 2156 5214 factus.
2181 5156 2449 5213 Omnibus
2476 5158 2546 5211 ob
2569 5158 2973 5213 festinationem
2999 5157 3353 5216 intolerabilis
3375 5167 3516 5211 erat.

1964 5248 2312 5303 Desiderabat
2343 5258 2540 5302 terram
2599 5248 2889 5311 Persidem,
2928 5248 3127 5299 fumum
3164 5248 3281 5313 ejus
3336 5262 3521 5302 exem-

1963 5342 2052 5410 plo
2083 5340 2382 5411 tagabuudi
2419 5338 2629 5409 Ulyssis
2670 5340 2815 5394 illius
2856 5339 3127 5393 Homerici
3156 5338 3519 5392 desiderabat.

1962 5433 2134 5486 Etiam
2166 5433 2210 5485 si
2256 5432 2384 5500 quid
2417 5431 2566 5485 fumo
2599 5433 2856 5494 deterius,
2906 5430 3190 5484 admittere
3238 5429 3522 5497 gestiebat.

1966 5522 2128 5575 modo
2179 5521 2327 5575 domi
2358 5532 2684 5576 versaretur.
2723 5522 2838 5587 Quo
2872 5523 2948 5587 lit,
2981 5534 3037 5574 ut
3083 5521 3331 5589 equidem
3379 5524 3522 5573 arbi-

1968 5619 2102 5673 trer,
2144 5613 2291 5666 hunc
2344 5613 2519 5665 virum
2561 5613 2696 5665 adeo
2740 5612 2913 5667 fuisse
2950 5621 3213 5664 mutatum
3277 5620 3336 5663 ut
3375 5626 3529 5663 coro~

1968 5694 2055 5757 υἷε
2086 5713 2139 5757 et
2190 5704 2483 5771 triumpho,
2520 5713 2683 5771 atque
2722 5704 2870 5756 omni
2923 5704 3162 5757 victoria:
3214 5702 3526 5768 splendore.

1971 5796 2149 5849 valere
2179 5796 2364 5864 justis,
2400 5795 2549 5848 aliud
2607 5796 2740 5848 nihil
2770 5811 2932 5863 quam
2982 5794 3179 5861 "ngam,
3212 5808 3279 5846 ne
3306 5792 3528 5860 quidem

1974 5888 2245 5956 mancipia
2299 5889 2602 5953 decentem,
2668 5888 3049 5940 admiraretur.
3106 5887 3219 5939 Nec
3284 5884 3531 5938 absim-de

1971 5992 2122 6042 vero,
2150 5978 2195 6033 si
2222 5978 2343 6047 quis
2365 5992 2488 6031 eum
2518 5977 2706 6047 puellis
2730 5979 2960 6047 gynwcei
2986 5976 3337 6041 spectandum
3377 5970 3531 6026 eihi-

3098 6068 3167 6128 13
