4748 6512
1171 451 1285 515 395

2332 448 2380 503 Μ
2396 446 2730 506 ANUELIS
2772 449 2858 505 ΡΛ
2874 449 3216 507 L.tit)l.:)GI

4278 454 4397 516 396

1171 569 1399 627 buissc't,
1428 563 1566 634 aequi
1599 562 1836 630 bonique
1899 561 2168 613 facturum
2200 556 2392 621 fuisse,
2449 558 2496 612 si
2543 558 2625 611 vel
2656 558 2723 611 ab
2753 562 2797 618 Α
2825 562 2948 614 ὅσον
2978 564 3046 613 ὲν(

2543 558 2625 611 vel
2656 558 2723 611 ab
2753 562 2797 618 Α
2825 562 2948 614 ὅσον
2978 562 3194 629 ἐνόμιζε
3232 561 3445 624 φοϐεῖν,
3482 564 3666 628 ἡγεῖτό
3705 566 3751 615 οἱ
3790 565 3863 632 μὴ
3899 567 4007 616 δεῖν
4044 564 4221 616 ποδῶν
4260 584 4405 635 προς

1168 661 1248 710 eis
1309 656 1447 724 fugae
1510 654 1793 707 nmliebiis
1850 666 2015 706 causa
2094 648 2358 719 colaphos
2432 649 2729 717 acciperet.

1168 752 1303 804 Nam
1340 750 1466 817 quia
1524 746 1707 801 subito
1759 753 1998 797 mutatus
2028 752 2148 795 erat
2197 742 2434 803 animus,
2471 755 2574 793 una
2606 754 2728 792 cum

1167 838 1611 909 cogitationibus,
1670 836 1890 904 jamque
1950 842 2160 887 tantum
2216 831 2515 894 metuebat,
2556 844 2731 898 quan-

1169 942 1283 982 tum
1353 935 1507 980 antea
1558 940 1617 978 se
1663 926 1887 977 terroris
1935 924 2175 977 incutere
2227 923 2491 991 putabat:
2528 934 2632 973 non
2663 919 2729 973 ad

1167 1008 1479 1089 fugiendum
1512 1018 1731 1071 domum
1766 1031 1923 1085 egere
1972 1030 2029 1069 se
2059 1015 2285 1084 pedibus
2322 1010 2690 1079 arbitrabatur
2712 1049 2727 1075 ,

1167 1125 1263 1164 nec
1295 1110 1476 1176 equis,
1504 1109 1552 1161 vi
1585 1122 1777 1162 cursus
1802 1108 1947 1175 ipsos
1975 1120 2162 1160 cervos
2185 1103 2569 1173 superantibus
2592 1141 2608 1168 ,
2638 1100 2731 1156 sed

1169 1203 1271 1256 alis
1306 1199 1646 1270 simpliciter,
1683 1209 1735 1252 et
1766 1213 1951 1251 earnm
1974 1197 2192 1261 quidem
2224 1196 2427 1254 avium.
2458 1209 2579 1262 qua:
2600 1193 2732 1246 levi-

1169 1303 1276 1346 tate
1298 1300 1523 1345 exteras
1550 1289 1837 1342 escedunt.
1866 1286 2008 1341 Satis
2036 1286 2238 1339 homini
2265 1296 2360 1338 stre
2380 1299 2509 1348 nuo,
2529 1282 2734 1337 Helles-

1167 1397 1392 1452 punmm
1429 1382 1508 1434 vel
1544 1390 1654 1433 rate
1689 1379 2029 1445 ti'ansjicere,
2066 1378 2211 1446 quod
2246 1387 2433 1430 natare
2459 1390 2567 1431 non
2614 1390 2734 1445 pos-

1165 1484 1268 1529 set.
1302 1472 1481 1542 Usque
1507 1472 1639 1525 adeo
1668 1470 1732 1523 de
1765 1470 1873 1523 alio
1899 1469 1949 1521 in
1977 1468 2147 1532 aliud,
2181 1477 2235 1521 et
2287 1468 2341 1521 in
2388 1467 2729 1521 contrarium

1166 1566 1344 1632 potius
1378 1572 1615 1617 mutatus
1647 1569 1763 1613 erat
1800 1578 1811 1613 :
1843 1575 1963 1613 nam
2002 1559 2095 1628 qui
2155 1559 2319 1613 densa
2354 1557 2569 1611 navium
2605 1571 2735 1609 eoa-

1165 1676 1250 1717 eta
1282 1662 1458 1730 COpia,
1493 1669 1545 1713 et
1573 1667 1823 1712 accurata
1866 1656 2178 1711 earumdem
2212 1656 2609 1723 commissura,
2630 1670 2729 1709 ceu

1166 1763 1329 1821 ponte
1354 1752 1588 1820 quodam
1626 1749 1730 1803 tale
1782 1758 2102 1817 tantumque
2146 1762 2300 1801 mare
2330 1755 2730 1810 constraverat,

1164 1846 1308 1913 quod
1339 1858 1401 1897 ex
1424 1843 1552 1898 Asia
1585 1845 1635 1895 in
1685 1843 1954 1910 Europam
1990 1841 2178 1895 eadem
2216 1840 2292 1894 uti
2343 1839 2732 1904 transjectione

1164 1949 1287 1986 eum
1322 1932 1679 1986 caeteris-ante
1711 1945 1769 1985 se
1818 1938 2130 1993 recusaret;
2166 1928 2372 1997 majore
2400 1943 2524 1983 cum
2558 1928 2725 1981 animi

1162 2024 1487 2092 dejectione,
1536 2032 1696 2091 atque
1742 2021 2003 2075 humilius
2057 2020 2385 2092 transfugit,
2437 2036 2601 2091 quam
2644 2020 2728 2075 vel

1166 2118 1276 2182 ipsa
1312 2115 1602 2181 mancipia,
1653 2113 1735 2166 vel
1771 2112 1992 2166 calones
2039 2111 2271 2175 faciant,
2317 2128 2598 2181 nunquam
2645 2126 2725 2166 reo

1162 2206 1462 2273 spiciendo.
1483 2219 1705 2260 cursum
1728 2203 1877 2257 illum
1897 2218 2055 2259 suum
2083 2217 2299 2272 semper
2324 2218 2545 2273 urgens.
2564 2202 2729 2273 Opta-

1166 2298 1276 2359 bat,
1310 2294 1563 2360 arbitror,
1587 2307 1931 2361 nequaquam
1956 2291 2189 2362 amplius
2216 2293 2592 2362 insequentum
2619 2309 2732 2346 ma-

1159 2402 1267 2441 nus
1291 2386 1539 2448 evadere,
1561 2384 1736 2453 deque
1753 2383 1964 2439 caeteris
1984 2382 2238 2437 omnibus
2255 2383 2445 2437 leviter
2460 2382 2727 2437 sollicitus

1163 2488 1301 2533 erat.
1320 2475 1431 2530 lloc
1452 2477 1626 2545 ipsum
1648 2475 2087 2544 persequebatur,
2104 2485 2162 2528 ut
2186 2474 2485 2544 aufugeret,
2504 2483 2559 2527 ut
2576 2482 2723 2543 terga

1163 2572 1340 2629 daret.
1366 2579 1420 2622 ut
1438 2582 1631 2622 versus
1650 2568 1907 2621 orientem
1923 2566 2093 2620 solem
2126 2565 2317 2619 itinere
2332 2574 2611 2625 contento,
2630 2578 2728 2617 nec

1164 2660 1479 2723 intermisso
1507 2666 1782 2727 pergeret;
1815 2666 1871 2710 ut
1893 2671 1996 2710 non
2029 2657 2313 2720 dormiret,
2341 2671 2447 2708 non
2479 2655 2726 2723 quiesce-

1124 2794 1139 2813 κ
1163 2764 1268 2816 ret,
1301 2767 1565 2820 nusquam
1601 2748 1945 2803 subsisteret.
1974 2746 2107 2801 Nam
2137 2750 2353 2802 charam
2381 2746 2525 2799 illam
2576 2746 2725 2814 prius

1164 2846 1434 2910 Europam
1472 2842 1562 2908 qui
1594 2850 1749 2908 putas
1802 2838 1854 2893 id
1888 2838 2147 2905 temporis
2173 2838 2401 2891 oderat?
2429 2837 2571 2890 lnter
2604 2852 2726 2890 cur-

1163 2935 1389 2987 rendth
1425 2940 1601 2985 mente
1640 2930 1785 2984 domi
1817 2938 1963 2983 totus
2008 2936 2145 2993 erat,
2178 2929 2395 2983 domum
2430 2927 2723 2991 clamabat,

1162 3027 1382 3079 domum
1413 3038 1580 3077 cursu
1632 3020 1905 3085 tendebat,
1947 3034 2141 3075 manus
2176 3019 2229 3074 in
2259 3019 2563 3073 anteriores
2594 3018 2725 3071 diri-

1162 3134 1316 3187 gens,
1364 3116 1553 3183 eisque
1601 3113 1707 3167 vim
1756 3126 2003 3180 magnam
2048 3110 2333 3173 adhibens,
2378 3117 2587 3162 tantum
2619 3122 2723 3161 non

2832 654 2932 722 τὴν
2961 653 3145 706 οἶκαδε
3178 653 3375 720 φυγὴν.
3412 654 3533 721 μηδ’
3557 656 3742 707 ἵππων
3771 657 4135 723 αἱσχυνόντων
4166 657 4409 722 ἐλάφους

2831 744 2999 812 ἀρετῇ
3043 747 3270 814 δρόμου,
3312 746 3447 800 ἀλλά
3495 747 3711 814 πτερῶν
3752 747 4012 815 ἀτεχνῶς,
4056 748 4150 800 καὶ
4192 749 4409 800 τούτων

2833 835 3032 904 ὀρνέων
3060 836 3301 901 ἐκείνων,
3329 836 3437 887 τῶν
3462 837 3550 887 ἐπὶ
3581 837 3875 905 κουφότητι
3900 836 4009 888 τῶν
4034 838 4209 889 ἄλλων
4242 838 4406 889 πλεο-

2833 924 3182 978 νεκτούντων.
3220 928 3437 995 Ἡγάπα
3473 927 3539 981 ἀν
3570 931 3597 980 6
3630 930 3889 994 γεννάδας
3927 930 4111 998 σχεδία⁸
4147 930 4407 997 διαϐῆναι

2832 1017 2924 1068 τὸν
2958 1017 3367 1082 Ἑλλήσποντον.
3402 1018 3478 1079 ὡς
3511 1020 3611 1071 οὐκ
3644 1020 3764 1072 ἐνὸν
3794 1019 3943 1087 αὒτῷ
3978 1020 4261 1088 νήχεσθαι.
4298 1021 4410 1072 Οὖ-

2832 1123 2938 1168 τως
2964 1109 3057 1173 ἀφ’
3086 1109 3273 1177 ἑτέρου
3305 1110 3438 1177 πρὸς
3464 1109 3672 1178 ἕτερον,
3704 1110 3904 1179 μᾶλλον
3926 1111 3983 1165 δὲ
4010 1112 4148 1178 πρὸς
4171 1113 4405 1164 τούνανυ

2832 1201 2944 1253 τίον
2989 1202 3298 1267 μετέϐαλεν.
3335 1202 3393 1254 '0
3434 1204 3540 1272 γάρ
3582 1202 3719 1256 νεῶν
3762 1202 3962 1271 συνόδῳ
4006 1205 4148 1257 πάνυ
4194 1208 4405 1271 πυκνῇ,

2833 1294 2925 1343 καὶ
2966 1292 3184 1362 ἀκριδεῖ
3223 1310 3285 1360 γε
3330 1293 3536 1346 τούτων
3582 1296 3941 1363 προσαρμογῇ
3985 1295 4086 1362 τὴν
4128 1296 4408 1361 τοσαύτην

2834 1384 2927 1435 καὶ
2947 1385 3202 1450 τοιαύτην
3224 1385 3492 1438 θάλατταν
3515 1384 3843 1453 γεφυρώσας
3861 1424 3877 1448 ,
3903 1386 4005 1438 οὐκ
4029 1386 4196 1448 ἀξιῶν
4220 1386 4322 1453 τὴν
4349 1385 4409 1448 ἐξ

2845 1475 3024 1537 Ἀσίας
3054 1476 3189 1543 πρδς
3216 1476 3316 1546 τὴν
3346 1474 3619 1546 Εὐρώπην
3642 1476 3893 1529 διάϐασιν
3922 1476 4020 1544 τὴν
4049 1476 4220 1545 αὐτὴν
4254 1475 4407 1542 αύτῷ

2839 1567 3082 1634 γενέσθαι
3115 1568 3229 1628 τοῖς
3270 1567 3377 1635 πρὸ
3415 1566 3580 1619 αὑτοῦ
3627 1568 4171 1636 μικροπρεπέστερόν
4204 1584 4266 1619 τε
4310 1570 4409 1622 καὶ

2832 1656 3212 1725 ταπεινότερον
3237 1657 3345 1709 τῶν
3370 1658 3774 1727 ἀργυρωνήτων
3803 1659 3896 1711 καὶ
3923 1658 4273 1726 σκευοφόρων
4296 1658 4409 1710 διε-

2832 1751 3139 1819 δίδρασκεν,
3164 1750 3576 1816 ἀμεταστρεπτὶ
3598 1751 3688 1802 τὸν
3712 1750 3911 1820 δρόμον
3937 1751 4024 1803 ἀεὶ
4051 1750 4403 1826 ποιούμενος.

2837 1842 3031 1911 Ηῦχετ⁹
3062 1841 3148 1907 ἂν,
3181 1836 3356 1911 οἶμαι,
3381 1842 3712 1908 διολισθῆσαι
3744 1842 3854 1893 τῶν
3886 1842 4069 1893 ούκέτι
4090 1842 4406 1894 διωκόντων

2830 1935 2993 1986 αὐτὶν
3040 1936 3139 1994 τάς
3186 1935 3409 2001 χεῖρας,
3464 1934 3559 1985 καὶ
3610 1932 3738 2001 περὶ
3783 1932 3894 1984 τῶν
3944 1932 4119 1994 ἀλλὀν
4171 1933 4397 1984 πάντων

2829 2022 3003 2091 κούφη
3032 2040 3114 2084 τις
3144 2017 3211 2089 ἦν
3241 2021 3432 2090 ἐκείνῳ
3464 2022 3705 2091 φροντίς.
3734 2022 3874 2075 Αύτό
3903 2038 3966 2089 γε
3996 2020 4155 2074 τοῦτο
4184 2021 4401 2074 διώκων

2826 2109 2927 2184 ἦν,
2962 2114 3022 2165 τλι
3054 2112 3503 2180 ἀποδιδράσκειν,
3539 2112 3601 2164 τὸ
3634 2111 3894 2181 φεύγειν.
3929 2112 3988 2164 τὸ
4017 2113 4118 2181 τὴν
4152 2111 4293 2178 πρὸς
4324 2110 4401 2164 ιω

2828 2205 3056 2272 πορείαν
3085 2204 3337 2256 σύντονόν
3364 2220 3424 2255 τε
3450 2204 3545 2256 καὶ
3570 2202 3804 2271 ἄληκτον
3829 2202 3977 2270 αὐτῷ
4004 2203 4311 2268 γίγνεσθαι,
4337 2204 4400 2254 τι»

2832 2296 2904 2365 μὴ
2938 2294 3240 2354 καθεύδειν,
3274 2294 3343 2346 τὸλ
3372 2294 3445 2362 μὴ
3480 2294 3730 2362 ἠρεμεῖν,
3760 2293 3822 2345 τὸ
3860 2292 3934 2362 μὴ
3968 2292 4247 2346 ἵστασθαι.
4282 2294 4399 2363 Τὴν

2827 2388 2957 2449 πρὶν
2985 2387 3093 2455 γάρ
3121 2385 3282 2452 φίλην
3311 2385 3578 2453 Εὐρώπην
3604 2384 3717 2447 πῶς
3745 2386 3846 2437 οῐει
3894 2384 4015 2437 τότε
4047 2386 4395 2454 μεμίσηκενς

2829 2478 2991 2531 Ὤλον
3022 2477 3159 2529 οἶκοι
3188 2476 3280 2528 τὸν
3309 2476 3433 2527 νοῦν
3461 2471 3573 2543 εἶχε
3606 2474 3743 2527 θέων
3761 2515 3776 2539 ,
3806 2474 3981 2527 οἷκαδ⁹
4008 2476 4136 2529 ὲδόα
4157 2517 4174 2541 ,
4207 2477 4398 2531 οτκαδε

2826 2570 2917 2623 τδν
2944 2569 3140 2639 δρόμον
3169 2568 3458 2636 είργάζετο
3477 2609 3490 2631 ,
3523 2567 3714 2620 τείνων
3741 2566 3817 2621 τὼ
3846 2570 3995 2638 χεῖρε
4022 2572 4135 2629 τοῖς
4166 2570 4361 2639 πρόσω
4382 2613 4395 2630 ,

2825 2658 2919 2711 καὶ
2959 2657 3179 2725 μονονοὺ
3222 2655 3546 2718 κονδυλίζων
3580 2656 3867 2719 τουτουσὶ,
3902 2656 4095 2724 κομιδῇ
4135 2655 4401 2723 βιαζόμε-

2826 2764 2934 2809 νος.
2959 2742 3067 2799 Ἦν
3096 2747 3290 2808 αὐτοὺς
3317 2746 3411 2798 καὶ⁵
3436 2749 3501 2815 τῇ
3536 2747 3629 2815 βοῇ
3659 2746 3912 2815 καθάπερ
3942 2746 4167 2813 μάστιγι
4196 2763 4399 2814 προσε-

2825 2836 3061 2897 λαύνων,
3103 2835 3179 2905 τῷ
3225 2836 3415 2905 μηδενὶ
3464 2834 3571 2914 τῶν
3608 2836 3838 2892 ,πάντων
3883 2837 4196 2902 ἀρκεῖσθαι.
4242 2838 4272 2890 6
4320 2839 4398 2907 μὴ

2825 2931 3051 2998 δύναμιν
3106 2930 3171 2982 ἀν
3224 2925 3368 2997 εἶχεν
3420 2926 3669 2997 αὖθωρδν
3727 2928 3892 2981 αὑτὸν
3944 2930 4397 2997 διασφενδονῆσαι

2828 3022 2961 3092 πρὸς
3004 3021 3105 3090 τὴν
3154 3020 3413 3089 πατρίδα.
3450 3018 3616 3074 Ὅθεν
3655 3018 3774 3073 δέον
3820 3019 4042 3083 τούτους
4092 3020 4401 3089 θαυμάζειν

2825 3119 2924 3185 τῆς
2953 3116 3274 3186 ιπιρελείας
3303 3116 3397 3169 τοῦ
3426 3116 3629 3186 δρόμου
3649 3156 3665 3182 ,
3695 3117 3778 3170 δτι
3809 3116 3874 3185 δὴ
3906 3118 4001 3169 καὶ
4029 3117 4219 3170 τοῦτο]
4249 3114 4400 3188 εἰχον

1165 3224 1374 3278 pugnos
1400 3204 1698 3274 ingerebat.
1728 3203 1957 3259 Eosdem
1986 3217 2135 3269 voce,
2165 3204 2316 3272 quasi
2341 3200 2571 3271 ﬂagello,
2599 3215 2726 3255 con—
2752 3229 2794 3283 ο
2829 3209 3040 3260 autem

2523 3215 2571 3263 ο,
2599 3215 2726 3255 οοη-
2752 3229 2794 3283 c
2829 3209 3057 3260 κατόπιν
3084 3206 3175 3258 τὸν
3202 3204 3375 3267 οὕτως
3406 3205 3782 3273 ιπειγόμενον,
3812 3208 3841 3257 6
3868 3206 3924 3258 δδ
3959 3208 4049 3258 καὶ
4078 3208 4398 3260 τούναντίον

1167 3299 1391 3359 citabat,
1426 3294 1568 3363 quod
1604 3292 1751 3347 nulla
1795 3306 2018 3362 prorsus
2050 3307 2109 3345 re
2154 3298 2439 3346 contentus
2504 3289 2727 3357 acquie-

1168 3396 1364 3453 sceret,
1392 3402 1513 3458 qua:
1536 3401 1643 3441 non
1656 3385 1841 3439 eadem
1862 3384 2033 3453 ipsum
2063 3382 2194 3437 hora
2231 3382 2283 3436 in
2311 3384 2535 3450 patriam
2571 3380 2725 3450 quasi

1166 3479 1512 3548 fundaejactu
1543 3473 1835 3531 transferre
1868 3485 2071 3543 posset.
2108 3473 2261 3529 Unde
2300 3462 2479 3537 flebat,
2520 3486 2580 3528 ut
2601 3489 2725 3527 cum

1165 3584 1263 3624 eos
1286 3568 1356 3622 ob
1385 3566 1657 3637 singulare
1686 3566 1740 3622 in
1758 3580 1923 3621 cursu
1940 3565 2180 3620 studium
2216 3564 2475 3619 admirari
2507 3564 2728 3620 deberet

1166 3662 1257 3730 qui
1281 3676 1309 3713 a
1330 3669 1477 3729 tergo
1502 3659 1796 3728 ipsummet
1817 3659 1951 3713 adeo
1972 3655 2312 3712 festinantem
2338 3657 2723 3725 relinquerent,

1166 3752 1500 3805 Contrarium
1528 3752 1706 3819 potius
1723 3758 1926 3818 ageret,
1950 3764 2152 3817 eosque
2175 3749 2404 3817 graviter
2424 3764 2499 3802 ac.
2522 3761 2720 3803 usaret.

1166 3844 1375 3912 Quippe
1403 3842 1731 3896 celeritatem
1758 3857 1945 3895 eorum
1982 3840 2154 3909 ipsius
2208 3842 2273 3893 ad
2309 3840 2485 3909 fugam
2530 3840 2726 3893 alaeri-

1168 3947 1252 3989 tas
1310 3948 1405 4004 pro
1439 3934 1692 3988 tarditate
1733 3933 1965 4003 quadam
1999 3932 2249 3987 habebat.
2281 3931 2502 4001 Semper
2530 3934 2723 3986 exhor-

1170 4026 1384 4079 tabatur
1409 4024 1636 4085 comites
1657 4038 1873 4089 cursus,
1895 4039 1993 4078 nec
2017 4024 2070 4077 in
2093 4038 2161 4079 eo
2184 4037 2244 4078 se
2265 4038 2723 4094 supervacaneum

1171 4117 1373 4187 aliquid
1429 4116 1606 4171 facere
1627 4115 2109 4171 animadvertebat.
2133 4114 2252 4171 Non
2283 4117 2427 4170 enim
2456 4114 2529 4169 illi
2552 4114 2730 4168 feren-

1169 4208 1297 4260 dum
1331 4207 1439 4260 ullo
1464 4208 1626 4260 modo
1660 4209 1941 4274 putabant,
1966 4206 2010 4259 si
2048 4219 2155 4258 non
2181 4205 2430 4259 eumdem
2457 4219 2579 4256 cum
2602 4216 2729 4272 rege

1171 4313 1392 4351 cursum
1425 4296 1772 4359 conficerent,
1804 4310 1941 4364 quos
1992 4296 2128 4348 idem
2158 4310 2283 4348 cum
2315 4294 2406 4346 illo
2450 4304 2626 4347 metus
2676 4292 2729 4345 in

1170 4405 1407 4443 errorem
1442 4387 1763 4455 impulisset.
1798 4388 1996 4455 quique
2043 4401 2267 4454 prorsus
2302 4385 2367 4437 ab
2402 4384 2557 4437 initio
2594 4383 2732 4451 fugae.

1171 4500 1227 4533 sc
1253 4496 1378 4535 cum
1407 4495 1473 4533 eo
1501 4479 1794 4532 dedissent.
1817 4475 1873 4531 Si
1897 4478 1987 4544 qui
2022 4477 2305 4545 nequirent
2324 4476 2606 4545 consequi,
2636 4489 2731 4529 eos

2836 3299 3021 3365 σαφῶς
3062 3296 3267 3361 ιποίει,
3307 3296 3404 3349 καὶ
3448 3295 3812 3363 διαφερόντως
3854 3297 4051 3357 αὐτοὺς
4092 3299 4396 3365 ἐμέμφετο.

2838 3390 2949 3459 Τὴν
2975 3388 3083 3458 γάρ
3110 3388 3289 3441 αὐτῶν
3312 3387 3585 3456 ταχυτῆτα
3616 3386 3921 3456 βραδυτῆτά
3947 3403 4062 3450 πως
4092 3389 4399 3456 ἀπέφαινεν

2837 3479 2868 3547 ὴ
2918 3476 3053 3544 πρὸς
3090 3474 3189 3544 τὴν
3222 3474 3397 3543 φυγὴν
3430 3474 3729 3543 προθυμία.
3768 3477 4138 3557 Διεκελεύετο.
4164 3480 4268 3547 μὲν
4310 3482 4399 3533 ἀεὶ

2834 3568 2945 3628 τοῖς
2976 3564 3122 3635 αὐτῷ
3155 3565 3435 3618 συνθέουσι
3456 3607 3471 3629 ,
3504 3568 3778 3633 παρίλκον
3805 3584 3857 3619 τι
3888 3569 3982 3621 καί
4013 3571 4273 3639 περιττὸν
4300 3573 4400 3624 οὐκ

2836 3658 3225 3722 αἰσθανόμενον
3254 3657 3443 3711 ποιῶν.
3471 3658 3543 3709 Ού
3574 3658 3685 3728 γάρ
3714 3658 3941 3711 ἀνεκτόν
3965 3676 4028 3724 γε
4058 3662 4276 3724 πάντως
4305 3664 4402 3714 αύ-

2835 3754 2944 3811 τοίς
2974 3750 3049 3818 μὴ
3072 3750 3164 3801 τὶν
3191 3748 3350 3800 αὐτὸν
3380 3747 3561 3799 ἀνύειν
3588 3748 3788 3816 δρόμον
3816 3747 3893 3817 τῷ
3923 3748 4164 3814 βασιλεῖ,
4195 3751 4270 3819 τῷ
4299 3754 4399 3821 τεῳ

2835 3840 3008 3906 τούτῳ
3033 3838 3187 3907 φόὸῳ
3216 3842 3649 3907 παρατραπείσι,
3682 3839 3775 3889 καὶ
3808 3840 4084 3901 παντελῶς
4117 3840 4218 3909 τὴν
4250 3844 4399 3910 πρῶ·

2834 3946 2933 3997 την
2978 3929 3072 3980 σὺν
3110 3927 3256 3996 αὑτῷ
3308 3928 3445 3993 σφᾶς
3498 3928 3694 3989 αὐτούς
3740 3928 4060 3982 ὲκδεδςυκὸσι
4106 3934 4171 4000 τῇ
4225 3937 4394 4001 φυγῇ.

2836 4019 2973 4079 Τοὺς
3004 4018 3051 4071 δ’
3074 4018 3173 4070 οὐκ
3202 4016 3505 4084 ἀρκοῦντας
3534 4017 3870 4080 ἀκολουθεῖν,
3903 4022 4125 4083 τούτους
4153 4022 4200 4072 δ’
4222 4023 4279 4084 ἐς
4311 4040 4401 4076 κε-

2840 4126 3011 4178 ρακας
3041 4109 3415 4177 ἀποπέμπων,
3448 4109 3597 4171 ἀξιον
3624 4110 3717 4162 καί
3746 4110 3795 4161 οί
3827 4110 4104 4179 προσῆκον
4137 4114 4400 4182 πράττειν

2836 4202 2864 4251 6
2897 4200 3133 4266 γενναῖος
3170 4200 3438 4265 ἐνόμιζεν.
3466 4197 3625 4261 Ὀλος
3660 4200 3767 4265 γάρ
3804 4194 3871 4267 ἦν
3904 4201 4002 4270 τῆς
4035 4202 4236 4271 φυγῆς,
4271 4205 4399 4265 ὅλας

2836 4293 2933 4354 τὰς
2963 4292 3114 4359 ἡνίας
3146 4292 3317 4358 ἐφεὶς,
3351 4293 3490 4359 ὁρῶν
3522 4294 3601 4350 εἰς
3638 4293 3799 4359 μόνον
3826 4294 3919 4345 τὸν
3950 4295 4164 4363 καιρὸν,
4195 4299 4291 4348 καὶ
4325 4298 4399 4366 μὴ

2838 4381 2971 4451 πρὸς
3015 4380 3203 4449 ἕτερον
3254 4380 3491 4449 βλέπων.
3530 4380 3689 4432 ’Δλλά
3745 4382 3850 4451 μὴν
3901 4384 4022 4435 ἀντὶ⁸
4064 4383 4252 4437 πεδίου
4300 4386 4400 4455 τὴν

2838 4470 3072 4541 ὀρεινὴν,
3111 4471 3233 4523 ἀντὶ
3273 4469 3331 4521 δὲ
3370 4469 3709 4537 ψαμμώδους
3745 4472 3845 4539 τὴν
3890 4472 4051 4524 λίθων
4094 4473 4399 4541 γέμουσαν,

1170 4571 1235 4624 ad
1268 4585 1461 4626 corvos
1496 4571 1645 4624 abire
1663 4570 1885 4639 jnhens,
1912 4584 2007 4623 sua
2036 4584 2091 4622 se
2117 4567 2196 4621 vir
2224 4577 2478 4622 strenuus
2505 4580 2734 4635 persona
2771 4568 2811 4622 D
2842 4564 2958 4614 ἀντὶ
2984 4562 3038 4613 δὲ

2519 4580 2734 4633 persona
2771 4568 2811 4622 D
2842 4564 2958 4614 ἀντὶ
2984 4562 3038 4613 δὲ
3069 4562 3219 4622 λείας
3248 4560 3367 4614 ὁδοῦ
3391 4556 3490 4631 τὴν
3515 4565 3774 4631 τραχεῖαν
3804 4564 3897 4615 καὶ
3928 4564 4147 4616 σκολιὰν
4174 4564 4394 4634 ﬁlum,

1169 4643 1391 4733 dignum
1446 4661 1575 4729 quid
1624 4675 1782 4729 agere
1820 4660 2093 4728 putabat:
2137 4675 2261 4712 nam
2317 4669 2463 4713 totus
2504 4668 2622 4712 erat
2676 4659 2729 4711 in

1174 4755 1323 4823 fuga,
1379 4762 1521 4806 totas
1568 4751 1846 4805 laxaverat
1893 4750 2129 4803 habenas
2158 4790 2172 4813 ,
2210 4748 2347 4801 alius
2388 4748 2461 4801 rei
2510 4748 2730 4813 nullius,

1174 4861 1336 4913 quam
1386 4841 1641 4911 temporis
1686 4842 1947 4893 rationem
1978 4838 2227 4892 habebat.
2270 4838 2592 4902 Quinetiam
2637 4852 2734 4906 pro

1174 4935 1489 5002 campestri,
1522 4948 1618 5001 per
1666 4944 2009 4984 niontuosum
2034 4944 2053 4996 ;
2081 4943 2177 4997 pro
2215 4943 2463 4994 arenoso,
2512 4942 2607 4997 per
2648 4942 2736 4982 sa-

1178 5043 1360 5091 xeum;
1388 5038 1484 5095 pro
1507 5023 1645 5085 laevi,
1675 5037 1769 5090 per
1792 5022 1894 5075 iter
1918 5034 2169 5091 asperum
2194 5020 2586 5088 obliquumque
2613 5027 2735 5072 len-

1174 5120 1357 5173 debat.
1392 5116 1539 5170 Diem
1574 5128 1669 5184 pro
1697 5123 1851 5167 nocte
1882 5112 2133 5176 ducebat,
2170 5122 2485 5178 noctemque
2510 5110 2733 5179 profun-

1175 5210 1300 5260 dam
1348 5220 1443 5274 pro
1486 5203 1631 5257 clara
1678 5202 1817 5255 luce.
1862 5199 1929 5256 At
1974 5204 2151 5268 qualis
2188 5201 2285 5264 vir,
2332 5200 2604 5254 obsecro?
2642 5200 2735 5268 qui
2780 5220 2787 5225 ·

1178 5296 1387 5348 ι-ειιςιηιο
1418 5294 1665 5356 meridie,
1692 5292 1830 5347 coelo
1871 5292 2025 5355 sudo,
2059 5307 2307 5357 campum
2341 5290 2659 5359 aequabilem
2686 5300 2737 5344 et

1180 5391 1421 5455 memn,
1463 5399 1560 5437 nec
1590 5384 1693 5437 ulla
1725 5400 1781 5437 re
1820 5384 2129 5446 molestum,
2163 5368 2423 5451 gradatim
2475 5398 2537 5435 ac
2568 5382 2734 5444 tarde,

1179 5494 1288 5543 pne
1320 5473 1719 5543 magnificentia
1769 5470 2044 5539 fastuque,
2096 5471 2181 5523 vix
2224 5470 2423 5538 alioqui
2463 5470 2737 5523 transiret.

1176 5567 1337 5636 Atqui
1378 5567 1536 5617 modo
1568 5563 1613 5617 si
1643 5560 2032 5617 comedendum
2058 5572 2221 5625 esset,
2272 5562 2485 5615 aliudve
2512 5560 2638 5629 quid
2664 5560 2738 5613 rei

1179 5657 1497 5712 necessaria:
1532 5654 1855 5716 faciendum,
1894 5655 1966 5714 id,
2002 5654 2267 5723 siquidem
2302 5661 2543 5722 urgeret,
2576 5651 2739 5720 equi-

1179 5757 1323 5809 taus,
1374 5747 1555 5809 credo,
1600 5744 1852 5799 faciebat.
1904 5743 2085 5813 Usque
2128 5744 2263 5797 adeo
2306 5758 2414 5812 pra:
2452 5742 2743 5797 formidine

1180 5847 1415 5893 mentem
1451 5838 1594 5893 velut
1624 5836 1899 5906 amiserat,
1947 5851 2043 5891 nec
2081 5835 2243 5891 ullam
2280 5834 2361 5890 vel
2392 5834 2623 5900 honesti,
2660 5834 2742 5891 vel

2834 4653 2931 4722 τὴν
2965 4653 3135 4705 νύκτα
3174 4654 3271 4720 μὲν
3306 4652 3517 4721 ἡμέραν
3550 4652 3900 4719 λογιζόμενος
3923 4693 3938 4717 ,
3973 4654 4142 4723 αὐτὴν
4176 4655 4235 4705 δὲ
4272 4672 4370 4707 om

2835 4745 3076 4813 τομήνην
3102 4745 3294 4795 ἀκτῖνα
3324 4743 3471 4812 μάλα
3496 4744 3912 4807 ἀστράπτουσαν
3930 4760 3945 4776 ⁸
3974 4745 4069 4797 καὶ
4092 4746 4287 4809 ταῦτα,
4317 4752 4398 4805 τῖς

2838 4834 2956 4885 ποτ’
2982 4833 3226 4902 ἁνδρῶν;
3262 4835 3290 4886 6
3326 4834 3677 4903 μεσημῦρίας
3715 4834 4021 4903 σταθερᾶς,
4058 4838 4278 4904 αίθρίας
4313 4838 4397 4889 οἰ-

2840 4925 3169 4993 σης,π;δίον
3201 4924 3403 4992 ὁμαλόν
3436 4942 3493 4976 τε
3530 4925 3623 4977 καὶ
3658 4924 3817 4989 λεῖον,
3853 4927 3949 4978 καὶ
3985 4927 4154 4996 μηδέν
4186 4944 4241 4979 τι
4276 4929 4373 5002 δυσ

2840 5016 3031 5084 χερὲς,
3068 5015 3229 5085 σχολῇ
3272 5018 3361 5067 καὶ
3404 5016 3571 5084 βάδην
3630 5016 3735 5069 ὑπὸ
3790 5018 4273 5087 μεγαλοπρεπείας
4314 5024 4401 5071 χλ

2840 5108 3009 5175 τύφου
3048 5107 3199 5175 μόλις
3234 5107 3623 5176 πορευόμενος.
3658 5108 3768 5161 Καὶ
3807 5107 3914 5177 μὴν
3945 5109 4145 5177 δεῆσαν
4178 5114 4392 5175 φαγεῖν,

2842 5200 2873 5265 ἡ
2903 5214 2953 5249 τι
2987 5197 3094 5249 τῶν
3123 5198 3430 5265 ἐπάναγκες
3464 5200 3723 5267 πράττειν
3746 5242 3760 5265 ,
3792 5201 4080 5255 ἐλαύνοντά
4134 5219 4198 5270 γε
4252 5198 4399 5273 οἶμαι

2840 5288 2899 5341 τὸ
2942 5291 3263 5356 κατεπεῖγον
3305 5291 3466 5342 αὑτὸν
3506 5290 3857 5358 ἐργάζεσθαι.
3906 5291 4063 5345 Οὕτω
4109 5310 4191 5345 τοι
4237 5294 4403 5365 δειλίᾳ.

2842 5396 2938 5441 τας
2980 5381 3183 5449 φρένας
3225 5379 3414 5450 ὥσπερ
3456 5382 3721 5447 ἀπόλωλε,
3759 5384 3857 5435 καὶ
3897 5383 4051 5436 οὐδὲν
4086 5384 4239 5453 αὐτῷ
4280 5389 4403 5455 περὶ

2842 5472 2934 5521 τοῦ
2976 5471 3142 5522 καλοῦ
3176 5488 3235 5523 τε
3274 5472 3368 5523 καὶ
3407 5472 3740 5541 καθήκοντος
3784 5472 3995 5541 ἔμελεν.
4034 5475 4191 5526 Οὕτω
4234 5476 4401 5543 πάντη

2844 5560 3122 5629 λογισμῶν
3149 5565 3249 5614 ἀπε
3262 5563 3506 5619 πταικὼς
3534 5564 3797 5634 τηλικῷδε
3827 5567 4068 5635 σχήματι
4098 5569 4401 5636 προσηκόνο

2843 5666 2968 5713 των,
3004 5653 3133 5719 πρὸς
3163 5653 3238 5719 τῷ
3274 5653 3513 5722 μηδόλως
3545 5654 3897 5723 αἰσχύνεσθαι
3924 5655 4034 5707 οὐδ’
4059 5655 4403 5722 ύπελογέξεῖο

2846 5740 2953 5791 τῶν
2988 5741 3174 5792 δεινῶν
3208 5742 3381 5804 οὐδὲν,
3420 5743 3480 5793 οὐ
3527 5742 3658 5813 πῦρ,
3695 5743 3754 5795 οὐ
3799 5743 3993 5812 θῆρας,
4025 5744 4126 5795 οὐκ
4168 5743 4401 5807 δλισθον,

2847 5834 2905 5884 οὗ
2945 5832 3245 5903 βόρϐορον,
3276 5835 3335 5887 ού
3374 5834 3670 5902 σκόπελον,
3704 5836 3763 5889 ού
3801 5835 4079 5905 κρημνὸν,
4116 5836 4177 5888 ού
4213 5834 4399 5903 λιμιν,
