4748 6512
231 409 339 465 397

1651 394 1934 451 CR.-\TIO
1971 392 2012 448 Ι.

3369 380 3473 445 398

229 512 333 563 οὐκ
378 509 596 573 ἀδοξίαν
644 509 835 578 αὐτήν.
887 508 1070 562 Πάντα
1104 509 1297 577 ἑορτὴν
1349 507 1532 574 ήγεῖτο
1577 506 1644 557 τὰ
1672 506 1797 557 δυσ-
1832 512 1873 563 Α
1905 500 2083 553 decori

1595 506 1644 557 τὰ
1672 506 1797 557 δυσ-
1832 512 1873 563 Α
1905 500 2083 553 deeozi
2136 497 2396 551 rationem
2450 497 2702 551 habitat.
2756 494 2939 564 Usque
2994 494 3128 548 adeo
3172 507 3394 561 prm'sns
3444 510 3470 543 ιι

229 602 410 675 χερῆ·
461 603 637 656 πάντα
690 602 999 671 πανήγυριν
1073 602 1141 652 τὰ
1207 602 1379 653 δεινά.
1425 598 1609 667 Μηδὲν
1659 598 1797 664 πλὴν
1898 591 2099 656 Cogitat

1597 617 1609 648 ι
1659 598 1797 664 πλὴν
1898 591 2318 656 cogitationibus
2352 631 2366 655 ,
2441 599 2602 643 tanta:
2654 587 2925 655 majestati
2974 586 3429 641 convenientibus
3458 625 3472 648 ,

243 692 550 760 Ἀθηναίων
595 692 826 762 φοϐερὸν
853 731 867 755 ,
923 692 1089 761 μηδὲν
1142 693 1374 759 φευκτὸν
1418 690 1545 743 ἄνευ
1594 689 1794 740 αὐτῶν.

233 785 438 846 Μόνοις
469 785 682 846 τούτοις
723 784 931 846 πάντας
970 785 1083 836 δεῖν
1114 783 1399 853 πρωτείων
1435 782 1650 842 πάντως
1694 798 1799 831 πα-

238 878 510 944 ραχωρεῖν
543 877 637 928 ἐπὶ
668 876 776 928 τῶν
810 876 1066 929 ἁπάντων
1087 893 1101 908 ο
1142 877 1238 928 καὶ
1267 875 1394 936 τοὺς
1426 872 1585 926 τοῦτο
1624 874 1798 942 πράτ-

231 984 429 1030 τοντας
458 968 726 1037 μηδαμῶς
754 968 1133 1038 αἰσχύνεσθαι.
1163 968 1227 1020 Τί
1255 968 1362 1036 χρὴ
1392 966 1559 1018 πολλά
1588 965 1799 1031 λέγειν;

232 1061 418 1129 Σεμνά
453 1061 554 1128 μὲν
585 1062 761 1116 πάντα
787 1063 855 1115 τά
883 1061 1100 1131 ἄκοσμα
1118 1101 1132 1125 ,
1161 1060 1352 1130 κέρδος
1382 1058 1437 1111 δὲ
1469 1059 1674 1129 ζημίαν
1701 1060 1805 1110 πᾶ-

234 1169 335 1205 σαν
362 1151 631 1221 ενόμιζεν,
661 1154 710 1207 εί
738 1154 843 1216 σῶς
871 1154 1335 1223 ὲπαναστρέψειεν
1360 1152 1577 1224 οἴκαδε*
1604 1149 1803 1204 οὔκουν

234 1244 606 1312 ἠρυθρίασεν,
658 1246 845 1315 ἕτερος
903 1246 1251 1299 παντάπασιν
1300 1246 1358 1309 ἐξ
1409 1245 1573 1299 ἄλλου
1626 1244 1802 1313 πάντη

236 1332 585 1400 φαινόμενος.
631 1332 753 1385 υῡδ⁹
783 1336 966 1402 ἠγεῖτο
1010 1335 1280 1404 χαλεπὸν,
1328 1336 1376 1387 εί
1417 1332 1593 1403 ὁρῷτο
1638 1335 1805 1402 χείρω

236 1423 464 1489 πάσχων
507 1424 752 1487 ἐκείνων,
805 1424 841 1478 ἃ.
890 1427 1073 1496 μικρῷ
1121 1426 1355 1496 πρόσθεν
1406 1426 1621 1494 ἠπείλει
1671 1428 1805 1490 τοῖς,

237 1516 329 1582 ὑφ’
365 1513 440 1567 ῶν
494 1517 644 1570 ταῦτ’
680 1518 910 1587 ἔπασχε.
967 1520 1160 1572 Καίτοι
1210 1520 1263 1571 τί
1318 1519 1438 1571 ποτ’
1474 1519 1542 1573 ἂν
1596 1522 1806 1586 αἴσχιον

237 1609 413 1671 εῐποις
466 1611 566 1679 τῆς
642 1609 814 1670 οὕτως
876 1613 934 1674 ἐς
1002 1612 1172 1681 ἄκρον
1240 1612 1575 1682 μεταϐολῆς,
1634 1610 1808 1675 οὕτως

235 1699 437 1768 ἀθρόον
483 1704 897 1771 γεγενημένης;
930 1702 1091 1765 Γένος
1126 1702 1416 1773 βατράχων
1469 1701 1697 1771 μηδενὸς
1724 1702 1809 1754 δε-

235 1790 557 1860 διττομένου
606 1793 706 1847 οὐκ
752 1796 810 1856 ἐς
861 1794 1023 1863 βυθὸν
1073 1795 1451 1859 καταδύονται,
1486 1793 1561 1858 ὡς
1600 1797 1809 1863 ἀφανι-

238 1882 434 1951 σθῆναι
463 1888 574 1949 τοῖς
605 1886 890 1956 τέλμασιν.
923 1882 1089 1949 Οὗτος
1118 1886 1176 1939 δὲ
1210 1887 1468 1956 ἠνέσχετο
1499 1887 1746 1957 πάσχων,
1780 1890 1808 1941 ὁ

239 1975 434 2045 μηδενὶ
472 1976 581 2029 τῶν
630 1978 856 2031 πώποτε
905 1980 1293 2047 γεγενημένων
1342 1976 1645 2049 ἀνθρώπων
1687 1982 1809 2044 ταῖς

238 2069 374 2139 παρ’
418 2069 612 2121 ἑαυτοῦ
658 2071 980 2134 φαντασίαις
1025 2069 1398 2138 ἐξισούμενος,
1442 2071 1579 2141 ὅπερ
1618 2072 1730 2124 οὐδ’
1758 2072 1809 2123 οἱ

241 2160 459 2228 πτῶκες
509 2156 793 2211 ποιοῦσιν*
844 2159 1097 2226 ἔφευγεν,
1148 2157 1392 2227 ἔτρεχεν.
1436 2158 1538 2209 οὐκ
1587 2157 1810 2225 ἠρέμει,

246 2250 382 2319 μηδὲ
412 2251 502 2303 τὸν
531 2250 796 2303 διώκοντα
825 2250 1061 2320 βλέπων,
1091 2251 1123 2318 ἢ
1152 2250 1311 2303 σκιὶν
1344 2250 1484 2319 ὁρῶν
1515 2250 1748 2309 ἐκείνου,
1775 2250 1807 2318 ἢ

244 2340 432 2407 φωνῆς
480 2341 615 2403 ὅλως
673 2340 911 2394 ἀκούων.
970 2341 1129 2401 Ἴσως
1176 2356 1239 2408 γε
1297 2342 1671 2410 παρεμυθεῖτο
1720 2341 1812 2391 τὶν

246 2429 539 2497 ἄνθρωπον
569 2431 743 2482 ταῦτα
777 2430 1075 2498 πάσχοντα,
1107 2423 1261 2498 οἶμαι
1288 2429 1343 2481 δὲ
1376 2432 1472 2482 καὶ
1500 2428 1811 2499 προῦτρεπε

240 2521 383 2591 πρὸς
416 2520 514 2590 τήν
553 2521 959 2591 ἀνυπέρϐλητόν
993 2538 1052 2573 τε
1081 2520 1177 2573 καὶ⁵
1206 2520 1595 2590 ἀπαράϐλητον
1624 2520 1815 2589 ἐκτρο-

242 2612 376 2679 πὴν,
402 2612 463 2664 τὸ
508 2613 636 2674 τοὺς
692 2611 1296 2679 συναλαζονευομένους
1330 2610 1498 2679 αὐτῷ
1547 2610 1814 2680 πρότερον

240 2700 367 2753 τότε
410 2703 830 2772 συμφεύγοντας
858 2702 990 2772 ὀρᾷν
1013 2702 1166 2755 οὐδὲν
1197 2700 1410 2754 ἐκείνου
1448 2701 1812 2771 σχολαίτερον.

245 2795 475 2847 Πάντων
506 2796 614 2863 γάρ
658 2794 939 2865 προύργου
973 2796 1200 2863 γέγονεν
1236 2795 1419 2857 αὐτοῖς
1456 2795 1489 2863 ή
1539 2794 1677 2864 πρὸς
1720 2796 1816 2847 τὸν

243 2883 395 2939 οἷκον
433 2887 711 2949 ἐπάνοδος.
744 2886 961 2956 Ταύτης
992 2887 1092 2941 οὐκ
1142 2887 1209 2942 ἂν
1255 2886 1527 2955 ἠλλάξατο
1561 2885 1818 2955 βασιλεὺς

247 2979 360 3030 εὗδ’
396 2973 469 3031 ὧν
495 2982 665 3048 χωρὶς
691 2978 792 3031 οὒκ
820 2979 887 3032 ἂν
909 2977 1062 3048 ἠξίου
1092 2978 1153 3031 τὸ
1184 2978 1315 3046 πρὶν
1355 2977 1567 3048 βιῶναι.
1597 2977 1815 3049 Ταύτης

247 3070 431 3122 πάντα
472 3069 701 3139 δεύτερα
751 3065 857 3157 ᾖγε
904 3070 1001 3123 καὶ
1050 3069 1337 3139 βασιλείαν
1394 3068 1584 3139 αὐτὴν,
1615 3070 1819 3141 κλῆρον

1901 683 2215 745 destitutus,
2240 693 2597 750 praeterquam
2620 682 2761 751 quod
2789 681 2989 734 nullius
3014 694 3135 732 cum
3154 678 3228 732 rei
3254 678 3477 743 puderet

1905 790 2003 826 nec
2038 774 2263 842 periculi
2294 774 2589 841 quidquam
2619 778 2681 825 :ul
2710 773 2954 837 animum
2989 771 3281 825 revocabat
3316 785 3328 819 :
3367 786 3471 822 non

1905 865 2121 933 igncm,‘
2150 879 2255 918 non
2310 863 2472 926 feras,
2532 879 2635 917 non
2692 864 2923 926 ruinam,
2975 876 3081 916 non
3118 876 3337 924 cennm,
3369 876 3475 913 non

1904 960 2208 1027 scopulum,
2240 974 2345 1012 non
2385 959 2709 1027 praecipitem
2731 959 2934 1021 locum,
2958 972 3071 1009 non
3115 957 3334 1021 famem,
3370 973 3475 1009 non

1907 1055 2075 1118 ipsam
2127 1049 2425 1104 infamiam.
2469 1051 2662 1104 Omnia
2719 1051 2944 1105 molesta
2999 1065 3097 1117 pro
3144 1047 3304 1111 festo,
3359 1050 3476 1101 dira

1909 1160 2004 1212 pro
2037 1143 2285 1198 ludorum
2321 1145 2630 1198 celebritate
2654 1143 2920 1207 ducebat;
2962 1143 3093 1196 nihil
3137 1142 3185 1196 ei
3217 1141 3478 1194 lormida-

1906 1235 2032 1298 bile,
2058 1246 2257 1303 praeter
2278 1234 2635 1288 Athenienses
2658 1251 2671 1298 ;
2695 1228 2827 1286 nihil
2851 1233 3093 1300 exceptis
3116 1231 3242 1295 illis,
3269 1229 3481 1299 fugien-

1906 1327 2032 1377 dum
2073 1343 2085 1377 :
2126 1325 2209 1378 his
2251 1324 2384 1378 solis
2416 1338 2605 1376 omnes
2648 1322 2873 1374 omnino
2906 1322 3104 1373 debere
3157 1321 3381 1387 primas,
3424 1320 3478 1370 in

1911 1415 2072 1467 rebus
2101 1414 2378 1476 omnibus,
2416 1414 2749 1478 concedere;
2782 1427 2879 1466 nec
2925 1413 2974 1464 id
3015 1411 3340 1465 facientibus
3371 1411 3481 1463 ullo

1911 1507 2070 1559 modo
2101 1505 2292 1573 pudori
2323 1519 2443 1559 esse
2472 1519 2648 1571 posse.
2673 1504 2811 1570 Quid
2838 1504 3022 1556 multis
3043 1517 3181 1570 opus
3210 1500 3331 1554 est?
3361 1516 3482 1553 om-

1914 1599 2001 1651 nia
2036 1598 2288 1651 indecora
2315 1612 2412 1665 pro
2444 1597 2707 1656 honestis,
2732 1611 2895 1648 omne
2923 1594 3181 1647 damnum
3212 1607 3306 1660 pro
3329 1592 3482 1645 lucro

1915 1687 2190 1753 ducebat;
2225 1688 2385 1740 modo
2411 1686 2595 1740 salvus
2621 1686 2841 1737 domum
2878 1691 3262 1735 reverteretur.
3297 1679 3483 1746 Itaque

1913 1794 2021 1832 non
2048 1777 2422 1835 erubescebat,
2456 1775 2599 1844 quod
2622 1774 2785 1827 alium
2827 1786 3050 1842 prorsus
3081 1787 3143 1823 ex
3188 1770 3294 1824 alio
3319 1786 3377 1823 se
3406 1770 3486 1824 fa-

1842 1845 1881 1898 Β
1909 1883 2059 1923 etum
2090 1869 2433 1933 ostenderet;
2463 1882 2563 1921 nec
2592 1882 2751 1937 grave
2776 1865 3016 1935 putabat,
3049 1864 3094 1917 si
3126 1862 3405 1915 hominum
3427 1862 3484 1915 in

1912 1962 2084 2017 oculis
2111 1961 2272 2016 etiam
2307 1961 2576 2015 deteriora
2614 1966 2906 2029 pateretur,
2940 1972 3100 2025 quant
3149 1971 3269 2024 qua:
3323 1956 3485 2024 paulo

1914 2063 2037 2108 ante
2060 2054 2370 2107 minabatur
2395 2054 2483 2116 iis,
2508 2068 2536 2104 a
2559 2054 2759 2121 quibus
2781 2052 2895 2104 haec
2912 2050 3237 2119 patiebatur.
3266 2050 3333 2101 At
3358 2063 3485 2103 vero

1913 2145 2042 2213 quid
2075 2144 2180 2199 dici
2236 2144 2448 2212 turpius
2499 2144 2600 2197 hac
2649 2144 2948 2197 mutatione
3002 2143 3172 2211 possit
3215 2150 3483 2205 extrema,

1916 2246 2022 2290 tam
2057 2237 2237 2291 subito
2265 2236 2442 2290 facta?
2470 2235 2654 2299 Ranae,
2683 2237 2726 2290 si
2757 2236 2899 2288 nulla
2932 2251 3017 2288 res
3041 2244 3302 2289 terrorem
3333 2237 3485 2289 incn-

1913 2327 2031 2390 tiat,
2065 2328 2115 2380 in
2141 2327 2308 2381 altum
2348 2342 2406 2380 se
2432 2342 2537 2380 non
2566 2327 2906 2395 demergunt,
2943 2338 2999 2381 ut
3035 2327 3233 2381 abditae
3288 2327 3485 2396 palude

1916 2433 2181 2486 nusquam
2202 2427 2517 2487 appareant.
2550 2417 2645 2471 llic
2677 2432 2826 2481 vero,
2850 2419 2941 2487 qui
2980 2419 3110 2472 nulli
3146 2419 3481 2484 mortalium,

1916 2510 2025 2578 qui
2045 2526 2282 2580 unquam
2306 2510 2653 2576 exstiterunt,
2679 2510 3162 2581 imaginationibus
3180 2528 3242 2567 ex
3269 2528 3325 2567 se
3352 2526 3486 2565 con-

1915 2602 2084 2670 ceptis
2112 2616 2207 2671 par
2235 2610 2374 2669 erat,
2407 2603 2459 2657 id
2504 2602 2683 2658 facere
2725 2604 3006 2667 sustinuit,
3044 2608 3185 2674 quod
3224 2622 3289 2660 ne
3332 2606 3485 2674 lepo-

1919 2709 2004 2749 res
2028 2695 2247 2763 quidem
2290 2696 2521 2760 faciunt,
2576 2695 2836 2765 fugiebat,
2871 2698 3146 2771 currebat,
3184 2715 3291 2753 non
3324 2701 3481 2769 quie~

1900 2786 2126 2851 .sccbat,
2146 2801 2268 2840 cum
2286 2802 2383 2842 nec
2404 2797 2817 2857 persequentem
2837 2800 3101 2854 cerneret,
3119 2804 3217 2845 nec
3235 2793 3485 2849 umbram

1919 2879 2036 2947 ejus
2094 2878 2320 2942 videret,
2377 2889 2470 2933 aut
2504 2894 2692 2934 vocem
2731 2879 2894 2933 ullam
2950 2881 3179 2936 audiret.
3234 2881 3486 2938 Fortasse

1920 2971 2303 3026 consolabatur
2351 2973 2627 3026 hominem
2698 2972 2811 3025 haec
2864 2973 3268 3039 perferentem,
3323 2985 3487 3042 atque

1920 3063 2081 3118 etiam
2114 3064 2396 3131 incitabat,
2438 3064 2623 3129 credo,
2654 3064 2719 3118 ad
2753 3081 3026 3119 summam
3055 3074 3109 3119 et
3145 3064 3488 3136 incompara-

244 3162 607 3223 δικαιότατον,
629 3164 691 3215 ἐκ
722 3155 929 3233 πατρὸς
957 3164 1106 3234 αύτῷ
1136 3162 1525 3229 κατελθοῦσαν,
1553 3165 1820 3234 μεγίστην
1846 3182 1890 3242 c
1926 3155 2087 3210 υίιθῐη
2114 3156 2119 3210 1

1609 3165 1820 3234 εγιστην
1846 3182 1890 3242 c
1926 3155 2087 3210 bilem
2114 3156 2251 3211 hanc
2281 3156 2549 3211 insaniam
2577 3173 2591 3223 ;
2628 3158 2768 3226 quod
2794 3173 2907 3223 eos,
2944 3173 3079 3227 quos
3118 3169 3277 3213 antea
3305 3161 3484 3215 socios

244 3251 440 3307 οὖσαν.
492 3256 579 3315 Ὠς
626 3254 732 3323 γὰρ
766 3254 962 3318 ἔοικεν,
1006 3256 1034 3307 ὁ
1089 3254 1253 3322 φόϐος
1298 3255 1479 3324 ψυχῆς
1530 3257 1816 3326 κρατήσας

244 3344 508 3408 καθάπαξ
565 3345 741 3397 δεινόν
778 3362 830 3397 τι
869 3347 1075 3416 ταύτης
1116 3346 1307 3401 ἐλάσαι
1361 3351 1467 3401 πᾶν
1513 3350 1737 3416 ἀγαθὸν,
1770 3353 1817 3404 εί

249 3435 329 3506 μή
356 3437 453 3489 σὺν
482 3437 624 3507 λόγῳ
659 3439 818 3491 τοῦτο
842 3441 1251 3509 προσκτήσαιτο
1277 3439 1354 3509 τῷ
1382 3444 1692 3511 γιγνομένῳ
1724 3445 1818 3497 καὶ

248 3529 539 3597 πρέποντι,
581 3524 700 3583 εἶτα
735 3530 832 3583 καὶ
866 3533 1049 3601 χρόνῳ
1078 3530 1254 3601 τούτῳ
1291 3536 1625 3600 συγγένοιτο.
1664 3535 1718 3597 ὃς
1751 3535 1819 3587 ἂν

246 3620 523 3689 περιόδοις
569 3622 665 3674 καὶ
714 3623 952 3692 μήκεσιν
1004 3624 1150 3693 αὐτῇ
1196 3641 1260 3692 γε
1298 3624 1455 3678 τοῦτο
1509 3626 1819 3697 προστήξας

247 3712 348 3763 καὶ
379 3711 688 3779 παγιώσας,
722 3711 1100 3785 ἀμετάϐλητον
1144 3717 1445 3786 ἀποφήναι.
1482 3719 1667 3770 fiatfiat
1709 3719 1818 3772 δει-

249 3798 343 3851 λία
393 3802 650 3869 τρώσασα
703 3804 849 3867 νοῦν,
907 3803 1135 3875 ἀκράτῳ
1188 3805 1343 3875 φόϐῳ
1392 3806 1813 3875 κατασχεθέντα,

248 3890 454 3961 ῥᾳδίως
476 3893 931 3948 ἀνταλλάττεσθαι
959 3895 1212 3963 μεγάλων
1245 3895 1341 3948 καὶ
1374 3897 1516 3950 πάνυ
1549 3896 1816 3966 λαμπρῶν

247 3982 435 4049 φαῦλα
470 3984 566 4037 καὶ
615 3985 803 4053 γελοία
850 3986 1188 4055 πράγματα,
1241 3989 1334 4039 καὶ
1382 3987 1449 4039 τὰ
1498 3987 1817 4056 δυσχερείας

236 4073 450 4140 μεστὰ,
476 4077 570 4126 καὶ
604 4075 867 4144 μισητέα,
899 4078 995 4129 καὶ
1045 4077 1336 4145 βδελυκτὰ,
1367 4078 1472 4141 ὡς.
1495 4081 1561 4131 τὰ
1608 4079 1818 4143 τούτοις

245 4166 490 4229 ἐναντία,
519 4167 613 4220 σὺν
644 4168 957 4238 εὐφροσύνῃ
989 4168 1270 4239 δέχεσθαι,
1310 4169 1447 4240 πρὸς
1485 4170 1653 4240 μόνην
1686 4172 1819 4224 ἀπο-

245 4255 520 4306 ϐλέποντα
544 4255 642 4325 τήν
672 4256 766 4309 τοῦ
797 4256 1101 4321 λυποῦντος
1129 4258 1473 4326 ἀπαλλαγήν.
1505 4260 1666 4311 Τουτὶ
1715 4277 1820 4313 πα-

244 4343 358 4396 θὼν
401 4343 675 4413 βασιλεὺς,
709 4345 988 4415 βασιλείαν
1042 4346 1141 4415 μὲν
1184 4345 1357 4419 αὐτὴν
1407 4345 1562 4414 παρά
1611 4345 1816 4414 φαῦλον

245 4436 497 4505 θέμενος,
546 4436 608 4488 τὸ
642 4436 1067 4503 προσκυνεῖσθαι
1120 4435 1318 4505 μικρὸν
1364 4436 1690 4505 ἡγούμενος,
1731 4455 1818 4505 μι-

244 4526 388 4593 κροῦ
416 4525 512 4578 καὶ
546 4526 651 4579 ὑπὸ
693 4528 909 4581 πάντων
953 4526 1124 4579 ἐθνῶν
1165 4528 1296 4596 παρ’
1324 4527 1478 4579 οὐδέν
1512 4545 1563 4579 τι
1608 4527 1818 4595 λογιζό-

251 4634 416 4681 μενος
454 4618 514 4668 τὸ
561 4617 665 4669 ὑπὸ
712 4617 803 4669 τὸν
854 4617 947 4670 ὑπ’
978 4617 1141 4669 αὐτὸν
1175 4619 1401 4684 μονονοὺ
1449 4618 1544 4671 καὶ
1586 4619 1674 4670 ι’σα
1697 4619 1818 4689 Θεῷ

247 4707 690 4775 θεραπεύεσθαι,
740 4708 945 4777 ἑορτῶν
985 4725 1045 4779 τε
1102 4708 1377 4779 ἀλογήσας
1431 4710 1526 4761 καὶ
1570 4710 1819 4779 πανηγύ-

250 4809 423 4865 ρεων,
470 4792 558 4858 αἷς
623 4796 834 4867 ἔχαιρε,
886 4778 1139 4866 βασίλειά
1188 4814 1248 4849 τε
1311 4798 1406 4849 καὶ
1460 4778 1819 4868 λουτρά,νκαὶ

245 4886 617 4953 παραδείσους
672 4887 917 4950 ἐκείνους
967 4888 1246 4958 περιιδὼν,
1278 4888 1313 4941 ἃ
1347 4891 1443 4942 καὶ
1492 4892 1583 4943 τοῦ
1619 4895 1816 4955 παντὸς

249 4978 552 5047 προετίμα,
596 4974 749 5049 οἶμαι
779 4979 835 5033 δὲ
864 4980 959 5033 καὶ
987 4981 1164 5051 νήσων
1192 4982 1434 5047 ἐκείνων,
1467 4981 1531 5043 ἃς
1569 4985 1678 5045 τοῖς
1718 4986 1839 5051 μά..

246 5086 453 5137 κιρσιν
482 5070 788 5141 ἀπένειμαν
817 5073 867 5125 οί
895 5072 1017 5125 τότε
1047 5071 1475 5142 παραπαίοντες,
1504 5074 1816 5140 ἀσφοδελῶν

245 5179 310 5213 τε
343 5161 650 5229 λειμώνων,
690 5163 785 5219 καὶ
827 5164 1081 5219 Ἠλυσίου
1134 5164 1339 5227 πεδίου,
1369 5166 1462 5217 καὶ
1499 5166 1609 5218 τῶν
1642 5169 1817 5219 τοιού-

245 5269 361 5303 των
425 5253 707 5319 άπάντων,
767 5255 872 5333 τὴν
926 5257 1136 5308 ίδιώτου
1201 5258 1394 5324 μοῖραν
1449 5257 1661 5327 ἐπῄνει,
1725 5259 1818 5309 καὶ

248 5343 507 5409 στέργειν
550 5344 765 5413 ἕτοιμος
808 5341 877 5415 ἦν
924 5346 1183 5411 δουλείαν,
1230 5349 1323 5398 καὶ
1375 5348 1553 5399 πάντα
1604 5348 1816 5417 φέρειν,

247 5433 417 5501 μόνον
445 5435 494 5485 εί
523 5434 770 5497 σώζοιτο.
805 5437 979 5490 Λίθων
1010 5438 1068 5489 δὲ
1099 5439 1324 5491 ἐκείνων
1358 5438 1467 5491 τῶν
1498 5442 1706 5493 πολλῶν
1755 5460 1814 5494 τε

247 5525 349 5578 καὶ
378 5525 581 5593 καλῶν,
613 5529 706 5580 καὶ
738 5530 1013 5597 μεγάλων,
1047 5526 1126 5593 οἷς
1167 5532 1527 5599 ἐκεκόσμητο,
1562 5536 1651 5584 καὶ
1685 5534 1818 5586 πλα-

243 5621 303 5668 τί
319 5634 412 5668 νου
457 5620 555 5685 τῆς
594 5619 824 5688 χρυσῆς,
862 5624 956 5673 καὶ
999 5621 1062 5690 δὴ
1100 5624 1192 5673 καὶ
1230 5622 1398 5689 τύφου
1453 5625 1651 5685 παντὸς
1692 5627 1818 5677 νὲπι-

243 5708 603 5776 λελησμένος,
663 5712 944 5778 ἠσπάζετό
991 5729 1048 5765 τε
1111 5714 1321 5778 πενίαν,
1386 5716 1479 5767 καὶ
1537 5717 1816 5783 προύτίθει

244 5802 539 5871 σχήματος
578 5804 739 5872 μόνον
784 5806 883 5857 οὐκ
931 5806 1234 5862 ἀθανασίαν
1277 5806 1425 5877 αὑτῷ
1457 5809 1813 5877 παρέχοντος.

1922 3244 2189 3300 habuerat
2222 3247 2572 3313 arrogantiae,
2602 3262 2745 3299 nunc
2765 3248 2935 3301 nihilo
2961 3263 3018 3303 se
3045 3250 3322 3317 segniores
3350 3251 3487 3320 fuga:

1920 3335 2100 3391 socios
2136 3336 2495 3404 conspiceret.
2527 3335 2659 3389 Nam
2707 3337 2841 3390 nihil
2887 3339 2967 3391 eis
3016 3348 3133 3393 erat
3179 3340 3481 3409 antiquius,

1919 3443 2081 3497 quam
2115 3429 2192 3481 uti
2226 3428 2445 3482 domum
2474 3428 2743 3485 redirent,
2765 3426 2901 3484 Cum
2930 3426 3032 3484 hac
3056 3432 3369 3488 reversione
3392 3450 3487 3488 rex

1921 3534 2023 3575 nec
2064 3519 2155 3573 illa
2187 3528 2597 3587 commntasset,
2631 3521 2838 3591 absque
2870 3523 3068 3592 quibus
3096 3534 3253 3578 antea
3299 3541 3365 3580 ne
3406 3527 3487 3580 vi-

1920 3625 2046 3666 vere
2090 3610 2307 3681 quidem
2349 3614 2631 3669 volnisset.
2685 3614 2821 3670 Huic
2869 3616 3051 3670 omnia
3095 3619 3485 3687 postponebat,

1921 3702 2212 3773 ipsumque
2265 3704 2398 3759 adeo
2428 3719 2681 3774 regnum,
2715 3708 2840 3776 jure
2873 3708 3111 3763 debitum
3139 3712 3186 3777 ei
3221 3713 3485 3780 patrimo-

1921 3796 2094 3860 nium,
2131 3796 2273 3864 quod
2304 3797 2698 3866 amplissimum
2739 3816 2768 3853 a
2800 3808 2952 3869 patre
2986 3814 3290 3872 acceperat.
3320 3804 3490 3861 Nimi-

1923 3904 2041 3942 rum
2074 3882 2270 3953 metu's,
2301 3889 2379 3943 uti
2423 3891 2656 3958 videtur,
2692 3892 2737 3946 si
2771 3894 2938 3948 semel
2984 3896 3224 3950 animum
3256 3911 3490 3968 occupa—

1921 3978 2078 4041 verit,
2111 3977 2485 4034 admirabilem
2518 3980 2621 4033 vim
2672 3981 2831 4034 habet
2859 3997 2926 4036 ex
2972 3999 3035 4038 eo
3066 3986 3293 4053 pellendi
3326 4002 3489 4043 omne

1923 4071 2163 4136 bonum;
2202 4071 2254 4123 in
2282 4080 2647 4127 consentanea
2682 4076 3015 4144 decenteque
3044 4078 3250 4133 ratione
3279 4080 3329 4133 id
3371 4084 3489 4135 ani-

1922 4175 2044 4214 mus
2061 4160 2329 4229 acquirat,
2355 4162 2514 4231 eique
2536 4172 2748 4232 tempus
2776 4166 2840 4218 ad
2874 4167 3092 4235 aliquod
3123 4171 3263 4224 adsit
3297 4188 3309 4221 :
3342 4174 3483 4242 φιτά

1924 4251 2013 4305 tibi
2060 4253 2250 4321 spatiis
2288 4254 2611 4322 quihusdam
2659 4254 3137 4324 intercedentibus,
3171 4265 3351 4315 animo
3396 4268 3488 4320 ho-

1923 4359 2047 4397 num
2082 4345 2258 4414 ipsum
2291 4345 2550 4411 infixerit,
2582 4348 2924 4419 solidumque
2960 4350 3188 4420 fecerit,
3226 4357 3482 4411 immuta-

1922 4433 2027 4487 bile
2059 4435 2321 4490 rcdditur.
2356 4435 2665 4505 Trepidatio
2711 4440 2755 4492 si
2811 4451 3045 4495 mentem
3097 4448 3481 4512 vulneraverit,

1848 4541 1892 4595 Β
1924 4519 2215 4579 immodica
2247 4539 2548 4595 correptam
2583 4527 2894 4590 formidine,
2922 4532 3065 4585 facili
3089 4548 3207 4588 eam
3241 4551 3485 4592 momen-

1924 4626 1979 4669 to
2010 4616 2257 4685 impellit,
2289 4627 2348 4671 ut
2383 4633 2505 4671 cum
2542 4620 2750 4686 magnis
2779 4630 2831 4674 et
2870 4623 3024 4677 valde
3062 4624 3357 4692 splendidis
3402 4645 3487 4680 re-

1924 4707 2026 4761 bus
2058 4708 2208 4761 »vilia
2242 4708 2580 4776 ridiettlaque
2609 4721 2941 4777 commutet;
2976 4729 3037 4768 ac
3069 4715 3222 4783 plena
3260 4717 3486 4771 (Ιίίῐίι-ιιιο

1924 4798 2068 4863 tatis,
2104 4797 2335 4867 odioque
2383 4806 2437 4853 et
2479 4802 2851 4854 exsecratione
2883 4803 3063 4869 digna,
3113 4806 3273 4860 veluti
3312 4809 3354 4860 si
3403 4809 3487 4861 his

1921 4891 2193 4944 contraria
2245 4890 2421 4944 forent
2454 4905 2575 4943 cum
2617 4892 2909 4960 voluptate.
2942 4895 3111 4947 solam
3142 4899 3378 4951 molestae
3409 4903 3483 4955 rei

1924 4983 2380 5051 pr0pnlsationem
2417 4996 2691 5052 spectans.
2722 4986 3001 5054 suscipiat.
3036 4986 3147 5041 Hoc
3188 5005 3309 5042 eum
3362 4994 3486 5045 huic

1924 5090 2138 5142 quoque
2168 5076 2276 5145 regi
2314 5075 2618 5131 accidisset.
2650 5092 2874 5146 regnum
2906 5080 3081 5145 ipsum
3124 5082 3483 5151 vilipcndens,

1923 5166 2295 5219 adorationem
2329 5165 2704 5234 parvifaciens,
2734 5185 2838 5236 qua
2871 5184 3035 5238 prope
3059 5174 3272 5228 cunctis
3300 5190 3327 5229 a
3358 5192 3487 5243 gen-

1924 5257 2070 5311 tibus
2118 5260 2437 5323 eolebatnr;
2494 5275 2593 5328 pro
2623 5261 2793 5314 nihilo
2850 5261 3074 5328 ducens,
3126 5268 3269 5335 quod
3309 5270 3425 5321 suis
3455 5285 3484 5322 a

1921 5349 2152 5402 subditis
2197 5350 2245 5403 ei
2284 5351 2461 5403 cultus
2517 5366 2679 5419 prope
2725 5352 2907 5405 divino
2957 5368 3053 5421 par
3084 5356 3483 5421 exhiberetur;

1922 5441 2177 5508 neglectis
2193 5450 2244 5494 ct
2266 5441 2702 5495 solemnitatibus
2714 5450 2767 5495 et
2784 5443 3029 5496 ludorum
3053 5444 3483 5502 celebritatihns.

1920 5532 2123 5599 qubus
2145 5532 2344 5601 alioqui
2370 5532 2760 5597 delectabatur,
2788 5536 3070 5603 regiasque
3098 5551 3223 5590 cum
3252 5538 3483 5594 lavacris

1920 5634 1973 5675 et
2004 5624 2268 5691 paradisis
2301 5633 2641 5693 aspernatus,
2698 5641 2817 5692 qua:
2866 5628 3040 5683 cuivis
3095 5630 3168 5683 rei
3229 5629 3484 5699 praeferre

1919 5715 2166 5779 solebat;
2221 5717 2479 5785 itemque,
2525 5732 2642 5770 mea
2687 5732 2815 5771 sane
2853 5721 3128 5787 opinione,
3166 5724 3284 5776 illas
3334 5724 3482 5787 ipsos

1922 5809 2149 5875 insulas,
2182 5824 2318 5877 quas
2347 5823 2532 5863 eorum
2554 5818 2853 5879 temporum
2870 5812 3024 5867 deliri
3046 5815 3292 5869 ltomines
3314 5814 3485 5870 beatis
