4748 6512
1168 452 1271 516 399

2325 440 2723 510 MANUELIS
2752 412 3200 509 PAL;EOLOGI

4290 445 4402 514 ἤιοο

1169 571 1552 628 attrileerunt,
1603 583 1725 621 cum
1778 568 2027 622 herbosis
2062 567 2170 622 illis
2222 579 2412 636 piatis,
2476 580 2522 622 et
2559 567 2737 638 Elysio
2768 581 2811 628 Α
2843 567 2953 620 Καὶ
3005 583 3041 633 μ

2559 567 2737 638 Elysio
2768 581 2811 628 Α
2843 567 2953 620 Καὶ
3005 565 3110 633 μὴν
3139 565 3366 626 εἰκότως
3412 565 3476 617 ἄν
3507 581 3588 624 τις
3636 565 3779 616 εῖποι
3828 563 4073 626 κάκεῖνο,
4102 561 4186 614 ὅτι
4226 562 4293 630 δὴ
4323 563 4419 613 καὶ

1168 677 1381 728 campo,
1410 670 1463 711 et
1482 661 1598 713 aliis
1624 660 1931 728 hujusmoili
1958 659 2209 713 omnibus
2237 678 2249 712 :
2278 660 2470 727 privati
2499 660 2732 714 hominis

1170 765 1369 805 sortem
1399 753 1727 803 laudabatac
1751 752 2062 803 servitutem
2091 751 2322 802 tolerare.
2350 762 2570 818 paratus
2593 759 2734 812 erat,

1169 839 1464 906 muttiaque
1496 837 1654 899 ferre,
1693 837 1850 897 mo'Lo
1883 839 2064 891 salvus
2085 839 2361 892 eraderet.
2387 838 2734 892 Gemmarum

1172 948 1324 992 vero.
1354 932 1552 999 quibus
1591 939 1643 983 et
1677 931 1878 991 multis,
1931 941 1984 984 et
2017 932 2276 1000 pulchris,
2308 941 2361 984 et
2407 933 2617 1002 magnis
2650 947 2739 987 or-

1172 1033 1332 1075 mltis
1349 1031 1486 1082 erat,
1514 1036 1796 1089 auremque
1817 1024 2037 1086 platani,
2064 1034 2116 1076 et
2138 1020 2500 1078 faslusomuis
2515 1023 2734 1086 oblitus,

1174 1122 1540 1181 paupertatem
1585 1113 2026 1179 ainplerteliatur,
2068 1114 2225 1181 eique
2273 1113 2535 1182 majestati
2585 1124 2737 1167 ante-

1171 1205 1424 1266 ponebat,
1462 1219 1582 1271 qua:
1616 1205 1717 1272 ipsi
1751 1215 1956 1256 tantum
1993 1221 2098 1257 non
2131 1205 2596 1258 immortalitatem
2629 1205 2738 1257 lar-

1171 1299 1434 1363 giebatur.
1469 1293 1575 1347 Nec
1602 1299 1698 1350 alis
1733 1312 1788 1348 re
1816 1297 1938 1362 quis
1959 1297 2176 1362 dixerit,
2196 1313 2340 1358 eum,
2361 1309 2738 1366 quotetnpore

1174 1402 1330 1439 nemo
1384 1401 1489 1438 non
1550 1387 1645 1454 ipsi
1684 1389 2434 1451 assentandoblatidiebatur,
2490 1389 2736 1444 futurum

1170 1487 1392 1544 putasse
1422 1487 1478 1530 ut
1532 1479 1954 1534 immortalitatis
2003 1497 2220 1550 quoque
2265 1493 2483 1550 propter
2512 1499 2737 1551 regnum

1173 1569 1444 1636 particeps
1477 1571 1716 1622 lieret.ld
1741 1572 1883 1623 enim
1913 1586 2126 1638 semper
2149 1573 2201 1624 in
2230 1573 2420 1625 melius
2447 1581 2556 1625 ttiiii
2587 1588 2738 1636 cura,

1165 1671 1284 1713 tum
1316 1661 1513 1713 virtute
1543 1678 1642 1713 sua
1687 1663 2010 1728 proreliens,
2055 1662 2174 1716 loco
2222 1665 2404 1731 pontis
2444 1674 2498 1717 et
2546 1665 2741 1734 gradus

1174 1751 1239 1803 ail
1267 1761 1539 1819 speratam
1575 1751 2040 1806 immortalitatem
2075 1753 2178 1808 sibi
2211 1753 2326 1808 fore
2353 1756 2625 1819 credebat,
2661 1767 2742 1809 at-

1174 1858 1276 1904 que
1303 1841 1440 1894 hanc
1469 1843 1726 1906 \icissiin,
1758 1855 1880 1911 post
1923 1844 2135 1912 longam
2167 1845 2218 1898 in
2255 1847 2414 1900 teriis
2441 1861 2744 1900 commora-

2839 656 3042 723 ταύτης
3070 653 3343 723 ἐνόμιζεν,
3377 655 3542 722 ἡνίκα
3593 655 3743 724 παρὰ
3779 655 3998 708 πάντων
4025 653 4415 716 ὲκολακεύετο,

2843 749 3087 816 μεθέξειν
3122 748 3212 800 διὰ
3262 747 3361 815 τὴν
3405 747 3707 814 βασιλείαν.
3764 748 4026 798 Ἐσεσοαι
4086 748 4195 813 γαρ
4246 747 4418 812 αὐτὴν

2842 839 3056 908 ἐκείνῳ,
3083 838 3430 890 ὲπιδιδοῦσαν
3481 840 3591 890 nisi
3631 840 3765 904 πρὸς
3810 839 4054 906 ἄμεινον,
4093 836 4419 905 ἐπιμελείας

2839 932 2936 997 τῆς
2969 929 3132 982 αὑτοῦ
3160 931 3254 982 καὶ
3293 929 3496 997 ἀρετῆς
3527 930 3732 988 εἵνεκα,
3776 931 4020 996 γέφυραν
4047 930 4141 982 καὶ
4170 927 4421 994 κλίμακα

2841 1021 2939 1088 τῆς
2992 1021 3354 1088 ἐλπιζομένης
3393 1020 3730 1081 ἀθανασίας·
3767 1021 3862 1072 καὶ
3917 1021 4093 1089 αὑτήν
4144 1036 4204 1085 γε
4254 1017 4419 1069 πάλιν

2841 1113 3010 1182 γέρας
3037 1115 3130 1181 τῆς
3164 1112 3444 1180 βασιλείας
3489 1112 3625 1179 μετὰ
3667 1115 3891 1181 μακρὰν
3932 1113 4030 1180 τὴν
4065 1112 4257 1164 ἐνθάδε
4302 1111 4420 1162 δια-

2841 1203 3055 1272 τριϐήν.
3103 1203 3245 1254 Ἀλλ’
3276 1205 3374 1255 οὐκ
3410 1203 3538 1269 ἐνῆν
3587 1205 3867 1272 τραπέντα
3900 1203 4081 1273 ψυχὴν
4133 1205 4234 1273 τὴν
4274 1207 4418 1268 γνὼο

2846 1310 2953 1361 μην
2987 1284 3157 1361 [σχειν
3198 1293 3490 1362 ἀκίνητον·
3523 1294 3666 1346 ὥστε
3718 1295 3817 1363 τὴν
3863 1295 3963 1362 μὲν
4005 1294 4294 1362 βασιλείαν
4337 1294 4421 1346 εύ-

2842 1383 2958 1447 θὺς,
2995 1388 3090 1436 καὶ
3122 1387 3148 1437 ὃ
3174 1388 3224 1437 τί
3253 1403 3360 1453 περ
3402 1385 3603 1452 σεμνὸν
3656 1386 3827 1455 αὐτὴν
3876 1388 4167 1456 ἀποφαίνοι
4203 1388 4417 1458 χρῆμα,

2842 1476 3037 1538 ἐξέωσε
3091 1476 3189 1543 τῆς
3229 1479 3449 1544 μνήμης
3480 1493 3495 1508 ο
3537 1478 3604 1528 τὰ
3631 1479 3837 1548 ταύτης
3875 1479 3932 1531 δὲ
3979 1480 4110 1546 ἡδέα
4166 1480 4264 1530 καὶ
4301 1495 4421 1547 τερ-

2844 1567 2974 1632 πνὰ,
3010 1567 3153 1637 ἅπερ
3181 1569 3248 1620 ἂν
3285 1563 3442 1637 οἶμαι
3479 1569 3668 1622 τοῦτον
3707 1570 4026 1638 προτιθέναι
4077 1570 4172 1622 καὶ
4203 1569 4416 1637 ἀμϐρο-

2846 1659 2964 1719 σίας
2993 1660 3090 1711 καὶ
3119 1660 3404 1727 νέκταρος,
3437 1662 3547 1713 τῶν
3579 1661 3855 1729 λογισμῶν
3883 1661 4147 1714 διεώσατο
4177 1662 4381 1722 τελέως
4402 1679 4415 1691 ·

2843 1751 2936 1802 καὶ
2973 1750 3315 1818 ἀμωσγέπως
3344 1751 3464 1803 οὐδὲ
3498 1753 3778 1820 ἐμέμνητο
3805 1753 3904 1822 τῆς
3931 1754 4061 1822 πρὶν
4095 1754 4416 1821 ἐμπλήκτου

2848 1843 3195 1910 παραφορᾶς.
3260 1841 3346 1904 Ὠς
3393 1843 3569 1909 ἔγωγε
3638 1839 3815 1912 οἶμαι,
3860 1844 3913 1894 εῖ
3965 1861 4048 1905 τις
4103 1846 4255 1913 αὐτῷ
4292 1846 4421 1913 περὶ

1175 1933 1398 1994 tionem,
1433 1933 1582 2000 regni
1626 1933 1927 2000 praemium.
1967 1933 2070 1988 Sed
2117 1936 2228 1988 ﬁeri
2277 1951 2380 1989 noii
2419 1947 2649 2004 poterat,
2691 1951 2748 1994 ut
2779 1921 2822 1978 Β
2853 1932 3050 2001 βατιλει

2547 1950 2649 1998 rat,
2691 1951 2748 1994 ιιι
2779 1921 2822 1978 Β
2853 1932 3132 2001 βατιλείσς
3169 1935 3259 1986 καὶ
3290 1933 3399 1986 τῶν
3439 1935 3654 2006 ἐκείνης
3704 1936 3929 2004 ἀγαθῶν
3959 1937 4268 2004 τηνικαῦτα
4305 1937 4419 1986 δια-

1173 2026 1361 2076 attimo
1423 2033 1661 2078 mutatus
1698 2065 1714 2090 ,
1775 2038 2006 2080 mentem
2083 2027 2360 2082 immotam
2439 2031 2742 2084 retineret:

1174 2121 1359 2182 itaque
1385 2131 1506 2168 mox
1539 2125 1592 2169 et
1625 2132 1873 2184 regnum,
1899 2128 1953 2172 et
1978 2119 2242 2189 quidquid
2274 2121 2392 2190 ejus
2413 2133 2559 2176 esset
2587 2137 2746 2192 gene-

1173 2205 1269 2268 ris,
1306 2215 1363 2258 ut
1403 2216 1644 2274 augustae
1675 2210 1752 2262 rei
1799 2225 1994 2265 nomen
2025 2227 2191 2280 regno
2235 2215 2575 2281 conciliaret,
2636 2231 2746 2269 me-

1173 2297 1342 2348 moria
1392 2297 1659 2363 exclusit;
1694 2314 1924 2368 quaeque
1976 2315 2144 2370 regno
2191 2303 2430 2368 jucunda
2482 2308 2743 2368 inessent,

1164 2386 1474 2439 existimata
1501 2389 1825 2456 cmteroquiu
1870 2389 1938 2444 ab
1969 2391 2085 2460 ipso
2119 2400 2226 2445 tam
2257 2395 2546 2460 ambrosia,
2580 2412 2740 2465 quam

1169 2488 1383 2530 nectare
1429 2479 1662 2546 potiora,
1711 2495 1938 2548 prorsus
1995 2497 2025 2538 e
2075 2484 2496 2552 cogitationibus
2535 2490 2740 2557 ejecit;

1167 2569 1513 2638 quodamque
1575 2570 1742 2624 modo
1809 2573 1953 2626 illius
2006 2575 2245 2642 pristina:
2298 2579 2611 2647 stolidieque
2657 2581 2741 2632 in-

1165 2676 1340 2714 sania:
1384 2678 1450 2715 ne
1481 2663 1696 2731 quidem
1730 2666 2072 2728 meminerat.
2111 2677 2166 2721 ut
2195 2669 2444 2737 equidem
2483 2671 2734 2738 arbitrer,

1168 2755 1212 2802 si
1241 2752 1366 2821 quis
1393 2755 1456 2805 de
1483 2769 1670 2821 regno,
1701 2753 1875 2823 deque
1903 2759 2051 2824 regni
2078 2758 2251 2824 bouis,
2278 2760 2343 2812 ad
2363 2775 2486 2814 eum
2518 2762 2570 2815 id
2599 2772 2739 2816 tem-

1167 2845 1317 2910 poris
1352 2846 1728 2908 disseruisset,
1758 2854 1811 2900 et
1839 2849 2285 2904 molestissimum
2315 2853 2362 2905 ei
2397 2852 2664 2918 futurum,
2685 2863 2740 2908 et

1170 2936 1402 2989 l'ortasse
1439 2938 1918 3005 reprehensionem
1951 2957 2167 3009 quoque
2198 2943 2504 2999 subiturum
2545 2945 2734 3002 fuisse.

1167 3027 1325 3095 Atqui
1354 3029 1530 3095 prius,
1563 3044 1682 3082 cum
1708 3031 1773 3082 ab
1795 3032 1942 3083 omni
1967 3033 2260 3088 sobrietate
2287 3050 2511 3102 prorsus
2529 3037 2736 3091 alienus

1163 3127 1326 3180 esset,
1352 3128 1403 3170 et
1449 3119 1785 3184 admittebat,
1822 3133 1874 3174 et
1919 3123 2365 3191 amplectebatur,
2415 3137 2469 3179 et
2517 3127 2734 3197 largiter

2849 2023 3080 2092 λέγοιτο,
3120 2026 3226 2078 κᾶν
3255 2026 3664 2094 ὲπαχθέστατος
3709 2027 3882 2093 δόξαι,
3914 2032 4007 2081 καί
4039 2045 4142 2080 που
4171 2029 4265 2082 καὶ
4302 2033 4418 2079 ἐπι-

2847 2117 3067 2186 τίμησίν
3124 2135 3244 2170 τινα
3295 2117 3424 2186 παρ’
3476 2119 3642 2171 αύτοῦ
3705 2120 3985 2184 δέξασθαι.
4059 2122 4251 2173 Καίτοι
4323 2123 4417 2172 καὶ

2847 2209 3082 2279 ἐδέχετο,
3113 2213 3206 2263 καὶ
3252 2213 3554 2280 ἠσπάζετο,
3602 2212 3696 2264 καὶ
3756 2216 3969 2281 συχνοῖς
4015 2213 4280 2280 ἠμείϐετο
4321 2215 4419 2264 EtL-

2848 2318 2986 2370 ροις,
3031 2302 3192 2354 ὁπότε
3243 2305 3526 2368 παντελῶς
3572 2306 3980 2372 ἀσωφρόνιστος
4031 2302 4132 2376 ἦν,
4180 2307 4234 2358 ετ
4274 2323 4418 2368 τινες

2845 2393 3050 2446 ἐκεῖνον
3077 2395 3344 2463 ἐτίμησαν
3371 2395 3460 2448 is:
3486 2399 3598 2458 τοῖς
3627 2400 3683 2449 ἐν
3710 2397 3923 2466 ούρανῴ
3948 2398 4416 2461 πολιτευομένκς,

2846 2487 2939 2539 καὶ
2974 2486 3072 2553 τῆς
3105 2487 3294 2540 αὐτόοι
3357 2488 3579 2558 χάριτος
3623 2489 4012 2542 ἀπολαύουσιν.
4053 2490 4194 2542 Ἀλλ’
4240 2491 4345 2560 οὐχ
4391 2495 4420 2544 ὁ

2845 2581 3036 2651 πρώην
3063 2578 3266 2649 Ξέρξης
3291 2575 3380 2650 ἦν,
3401 2584 3870 2652 μετενηνεγμένος
3900 2586 3961 2637 ἐκ
3993 2586 4102 2637 τῶν
4129 2587 4418 2654 προτέρων

2845 2673 2982 2742 πρὸς
3031 2674 3376 2738 τάναντία,ό
3431 2673 3606 2728 ταῦτα
3665 2676 3790 2728 τότε
3838 2679 4340 2748 διαπραττόμενος,
4389 2683 4418 2732 ό

2842 2765 3027 2825 πολὺς.
3058 2766 3084 2816 ὁ
3117 2764 3310 2831 μέγας,
3339 2769 3366 2817 ὁ
3397 2764 3624 2832 θρασὺς,
3652 2767 3680 2818 ό
3711 2767 4044 2838 ὑπερόπτης,
4066 2768 4094 2820 ό
4121 2768 4414 2838 ὑϐριστὴς,

2838 2856 2866 2908 ὁ
2901 2854 3246 2919 κινδυνεύων,
3283 2855 3356 2916 ὥς
3400 2872 3464 2920 γε
3518 2857 3792 2923 ἐφαίνετο,
3825 2858 3918 2910 καὶ
3971 2860 4106 2928 πρὸς
4155 2860 4218 2912 τὸ
4270 2859 4418 2912 Θεῖον

2839 2946 2940 3014 ήδη
2975 2946 3277 3013 κεχρῆσθαί
3318 2964 3461 2999 τισιν
3511 2948 3936 3016 ἀμίλλαις,-ἀλλ’
3983 2951 4172 3020 ἕτερός
4197 2970 4286 3014 τις
4319 2952 4414 3005 τοῦ

2837 3039 3004 3093 πᾶλαι
3051 3039 3274 3109 Ξέρξου,
3307 3041 3396 3092 κα).
3452 3042 3628 3110 πάντη
3687 3041 3855 3106 ξένος.
3911 3043 3982 3095 Τὸ
4024 3045 4130 3112 γὰρ
4176 3045 4242 3112 δη
4279 3047 4416 3112 πρὸς

2837 3133 2938 3201 γῆν
2969 3133 3195 3189 κύπτειν
3233 3134 3566 3202 μεταμελείᾳ
3596 3135 3696 3204 τὴν
3754 3136 3997 3204 κεφαλὴν
4039 3121 4413 3206 βαρυνόμενον

1164 3211 1620 3265 rcmunerabatur
1648 3252 1664 3277 ,
1719 3213 1880 3280 siqui
1920 3231 2042 3268 eum
2085 3218 2200 3281 pari
2233 3233 2354 3270 cum
2391 3218 2496 3272 diis
2533 3220 2730 3272 cmliti-
2754 3252 2799 3315 ρ
2833 3226 2932 3276 οὐκ
2973 3220 3039 3294 ἦν

2536 3220 2799 3315 εωΙὶιί-ρ
2833 3226 2932 3276 οὐκ
2973 3220 3039 3294 ἦν
3088 3226 3185 3292 τῆς
3234 3226 3512 3296 προτέρας
3569 3220 3949 3301 ὑπεροψίας,ᾖ
3983 3248 4046 3297 γε
4105 3231 4411 3300 σύντροφος

1166 3301 1269 3354 lius
1315 3313 1368 3354 et
1399 3303 1604 3356 cmlesti
1645 3306 1816 3370 gratia
1866 3304 2267 3372 pertinentibus
2297 3308 2500 3360 honore
2525 3309 2726 3362 coluis-

1163 3400 1300 3443 sent.
1330 3390 1582 3445 Sedenim
1625 3392 1691 3446 de
1723 3394 1995 3460 prioribus
2020 3396 2084 3448 ad
2117 3397 2390 3449 contraria
2425 3399 2724 3461 traductus,

1164 3496 1271 3534 non
1328 3481 1438 3548 jam
1502 3483 1764 3548 pristinus
1815 3484 1903 3537 ille
1957 3484 2161 3540 Xerxes
2213 3495 2329 3540 erat
2365 3526 2380 3551 ,
2452 3489 2544 3557 qui
2617 3489 2730 3541 hinc

1162 3584 1274 3624 tum
1341 3574 1566 3642 agebat,
1635 3575 1910 3640 celebris,
1983 3579 2227 3645 inquam,
2273 3580 2382 3642 ille,
2446 3597 2724 3648 magnus,

1163 3665 1359 3725 audax,
1392 3666 1590 3727 elatus,
1621 3665 1885 3728 insolens,
1915 3669 2005 3733 qui
2049 3684 2238 3736 parum
2264 3672 2468 3733 aberat,
2495 3672 2571 3724 uti
2602 3673 2726 3740 qui-

1161 3760 1281 3810 dem
1311 3757 1625 3826 apparebat,
1661 3758 1793 3825 quin
1822 3773 1944 3810 cum
1974 3761 2090 3824 ipso
2120 3760 2224 3812 Deo
2249 3771 2519 3813 certamen
2552 3764 2726 3816 susci-

1173 3859 1347 3912 peret,
1393 3849 1487 3901 sed
1524 3849 1666 3901 alius
1693 3850 1760 3900 ab
1791 3847 1883 3899 illo
1907 3851 2182 3916 quondam
2221 3849 2420 3914 Xerxe,
2458 3852 2724 3922 planeque

1161 3939 1428 3990 diversus.
1468 3937 1598 3990 Nam
1621 3953 1683 3990 ex
1710 3939 2052 4004 paenitentia,
2090 3943 2248 4008 quasi
2280 3941 2323 3994 si
2357 3957 2520 4009 grave
2563 3953 2726 4011 caput

1161 4038 1324 4091 esset,
1358 4029 1544 4081 oculos
1582 4029 1634 4082 in
1706 4037 1903 4084 terram
1959 4031 2213 4099 defigere,
2273 4046 2378 4086 non
2416 4034 2562 4088 illius
2603 4045 2722 4087 erat

1161 4121 1428 4187 Superbia:
1476 4121 1693 4189 prioris,
1747 4123 1835 4176 cui
1872 4124 2063 4190 primis
2092 4125 2159 4177 ab
2211 4124 2368 4178 annis
2424 4126 2722 4180 innutritus

1157 4221 1296 4274 erat,
1333 4223 1381 4264 et
1416 4213 1620 4283 absque
1643 4229 1745 4279 qua
1777 4229 1843 4267 ne
1887 4216 2144 4283 temporis
2171 4217 2388 4284 quidem
2444 4230 2723 4271 momento

1161 4306 1402 4371 conspici
1434 4315 1661 4372 ptilcrnl.
1701 4305 1885 4369 Itaque
1927 4309 2150 4359 materie
2198 4305 2406 4359 Xerxes
2434 4308 2574 4360 idem
2608 4324 2722 4361 ma-

1161 4408 1299 4444 nens
1336 4395 1482 4459 (nam
1518 4394 1632 4446 lieri
1681 4402 1888 4446 natura:
1921 4395 2148 4446 mutatio
2195 4397 2500 4464 nequibat),
2543 4399 2719 4450 forma

1159 4471 1400 4536 oxtreme
1427 4492 1657 4547 mutata,
1694 4485 1906 4537 cunctis
1939 4486 2231 4538 maximam
2265 4487 2334 4540 de
2365 4503 2421 4540 se
2449 4490 2720 4555 praebebat

2833 3320 3060 3380 ἐκεῖνος,
3091 3320 3186 3370 καὶ
3216 3315 3282 3390 ἦς
3331 3320 3503 3388 χωρὶς
3553 3321 3665 3371 οὐδ’
3696 3321 3754 3372 ἐν
3809 3323 4011 3387 ἀκαρεῖ
4060 3324 4157 3374 τοῦ
4211 3327 4409 3392 χρόνου

2830 3406 3017 3459 τοῦτον
3059 3405 3129 3476 ἦν
3178 3408 3454 3476 θεαθῆναι.
3500 3411 3662 3462 Ὥστε
3699 3410 3800 3480 τὴν
3835 3411 3966 3479 ὓλην
4010 3416 4037 3465 ό
4070 3416 4239 3477 αὐτὸς
4274 3415 4408 3484 Ξέρ-

2831 3499 2928 3564 ξης
2961 3500 3138 3567 μένων
3169 3500 3249 3569 (οὐ
3293 3501 3400 3567 γὰρ
3435 3500 3562 3568 ἐνῆν
3607 3502 3706 3569 τὴν
3733 3502 3896 3570 φύσιν
3931 3505 4323 3576 μεταϐαλεῖν),
4349 3511 4408 3560 τὸ

2829 3587 2964 3652 εἶδος
3019 3590 3201 3658 ἄκρως
3251 3589 3515 3658 ἀμείψας,
3549 3593 3760 3654 πάντας
3817 3611 3879 3660 γε
3927 3601 4154 3663 παρεῖχε
4189 3597 4406 3667 Θαυμά-

2829 3680 2963 3743 ζειν,
2997 3682 3056 3732 ού
3094 3682 3424 3748 φιλοσοφῶν,
3461 3683 3520 3733 ού
3569 3684 3904 3754 μετριάζων,
3935 3687 4139 3750 πόθενς
4173 3691 4404 3742 τούναν-

2826 3773 2939 3824 τίον
2997 3775 3096 3840 μὲν
3168 3773 3280 3836 οὖν,
3333 3774 3408 3836 ὡς
3489 3774 3567 3844 μὴ
3647 3779 3980 3845 γεγευμένος
4051 3778 4400 3846 φιλοσοφίας.

2830 3865 3145 3933 μετριάζειν
3172 3866 3556 3935 διδασκούσης.
3588 3867 3813 3938 Ταύτης
3849 3872 3958 3938 γὰρ
4007 3866 4161 3931 οὗτος
4193 3872 4402 3940 ἔρημος

2826 3957 2923 4021 ὢν,
2975 3957 3147 4020 οὕτως
3199 3961 3454 4026 ἀκόσμως
3506 3962 3780 4031 ἐχρήσατο
3837 3965 3903 4031 τῇ
3959 3963 4270 4030 μεταϐολῇ,
4325 3965 4401 4025 ὡς

2828 4049 3142 4119 ἀποκρύψαι
3195 4051 3365 4120 ταύτῃ
3419 4051 3751 4115 πολύποδας,
3781 4053 3876 4104 καὶ
3929 4054 4100 4122 λῆρον
4148 4055 4399 4114 ἅπαντας

2825 4140 3103 4208 ἀποφῆναι
3135 4142 3257 4202 τοὺς
3292 4141 3708 4209 χαμαιλέοντας.
3744 4144 3850 4197 Καὶ
3897 4145 4002 4212 γὰρ
4049 4145 4076 4196 ό
4107 4145 4262 4213 ἥρως
4309 4147 4399 4197 ού-

2824 4233 2963 4291 τοσὶ,
2994 4233 3191 4300 μᾶλλον
3222 4232 3278 4282 δὲ
3319 4234 3342 4283 ό
3395 4234 3484 4284 καὶ
3531 4233 3756 4294 τούτους
3801 4234 3965 4294 αὐτὸς
4011 4235 4227 4302 παριὼν
4269 4238 4396 4296 τοὺς

2824 4323 3031 4390 ἥρωας,
3067 4323 3140 4383 ὦς
3195 4339 3257 4388 γε
3310 4320 3464 4390 ᾤετο,
3504 4324 3600 4373 καὶ
3646 4324 3794 4389 Ἴρου
3851 4330 3974 4374 τότε
4029 4325 4121 4375 τοῦ
4165 4327 4396 4393 πένητος

2823 4413 3203 4478 ταπεινότερον
3249 4413 3569 4480 ἐφρόνησεν.
3628 4414 3816 4473 Οῡτως
3867 4414 3926 4475 ἐξ
3984 4415 4200 4483 αἰθέρος
4254 4418 4396 4482 πρὸς

2823 4505 3054 4557 ἄϐυσσον
3088 4503 3480 4566 ἁποπέπτωκε,
3517 4503 3867 4569 κατενεγκὼν
3917 4505 4016 4572 μὲν
4051 4506 4147 4572 τὴν
4197 4508 4390 4570 ὀφρὺν,

1159 4576 1574 4628 admirationem
1608 4594 1620 4628 :
1658 4592 1764 4628 non
1798 4576 2254 4644 pliilosopliando,
2286 4593 2390 4629 non
2436 4581 2715 4633 moderate
2751 4585 2792 4638 ι)
2823 4611 3034 4657 “ﬁt,”

2518 4581 2715 4633 ’άθτίιῑε
2751 4585 2792 4638 D
2823 4594 3168 4658 κατενεγκὼν
3195 4593 3252 4645 δὲ
3280 4594 3441 4661 ὄγκον
3480 4595 3574 4646 καὶ
3609 4595 3868 4661 φρόνημα
3895 4610 3909 4622 ο
3940 4596 4104 4662 ῥίψας
4157 4597 4259 4662 μὲν
4296 4599 4393 4664 τὴν

1159 4683 1218 4720 se
1253 4669 1508 4734 gerendo,
1530 4671 1787 4735 (quonam
1814 4669 1863 4720 id
1892 4668 2101 4736 pacto?)
2126 4669 2218 4721 sed
2240 4669 2352 4722 tice
2375 4684 2549 4733 versa,
2575 4671 2720 4738 quod

1158 4759 1580 4828 philosophiam,
1653 4759 2038 4812 moderationis
2089 4761 2424 4827 magistratu,
2470 4776 2575 4813 non
2622 4761 2718 4813 de-

1156 4861 1443 4916 gustasset.
1477 4851 1556 4904 Ab
1594 4867 1655 4903 ea
1683 4851 1995 4910 destitutus,
2035 4853 2084 4903 in
2120 4850 2499 4904 vicissitudine
2532 4866 2715 4903 rerum

1156 4944 1290 4996 adeo
1322 4957 1379 4994 se
1408 4943 1690 4994 inhoneste
1723 4942 1909 5008 gessit,
1940 4956 1992 4994 ut
2033 4953 2087 4995 et
2136 4943 2364 5011 polypos
2395 4943 2718 4996 obscuraret

1153 5046 1206 5085 et
1231 5034 1672 5094 cliamaaleontes,
1701 5049 1877 5086 meras
1902 5049 2010 5101 pra:
2034 5049 2090 5087 se
2116 5049 2287 5102 nugas
2328 5034 2550 5091 faceret.
2580 5033 2714 5085 Nam

1156 5127 1312 5177 lieres
1337 5127 1458 5186 iste,
1485 5125 1566 5176 vel
1592 5124 1683 5192 qui
1719 5127 1900 5192 potius
1948 5125 2094 5192 ipsos
2152 5125 2357 5178 anteire
2385 5141 2443 5178 se
2495 5127 2716 5193 putabat

1155 5220 1569 5280 heroas,aninio
1598 5217 2017 5286 litindejectiore
2066 5233 2228 5286 (luam
2257 5217 2479 5271 lrttsille
2499 5220 2711 5271 utendi-

1151 5324 1246 5361 cus
1305 5317 1440 5360 erat.
1473 5309 1562 5361 Sic
1602 5309 1666 5359 ad
1689 5311 1941 5378 abyssuin
1975 5325 2039 5364 ex
2091 5313 2292 5364 adhere
2330 5311 2552 5372 decidit,
2604 5321 2710 5362 tam

1151 5402 1475 5467 superciliis,
1503 5417 1664 5469 quant
1717 5412 1928 5456 tumore
1954 5403 2256 5470 Spirituque
2289 5404 2509 5472 dejeclis
2541 5420 2553 5467 ;
2589 5418 2709 5455 cuiu

1150 5495 1364 5547 leonina
1385 5496 1542 5562 pelle,
1573 5495 1768 5547 ferocia
1786 5510 2002 5563 quoque
2019 5496 2260 5563 deposita
2289 5511 2301 5547 :
2331 5507 2435 5548 tam
2462 5498 2710 5548 absolute

1146 5586 1270 5637 deni
1296 5600 1382 5651 lue
1417 5596 1655 5638 mutatus
1684 5604 1744 5639 ex
1781 5589 1884 5640 .ilio
1943 5589 1993 5639 in
2061 5590 2250 5648 alium,
2290 5590 2449 5639 vitam
2496 5600 2549 5638 ut
2599 5589 2709 5654 ipse

1148 5694 1300 5729 suam
1360 5680 1584 5738 odisSCl,
1633 5679 1988 5746 :tlllCtttl.L'Qtttt
2028 5694 2090 5731 ac
2145 5679 2398 5731 Vanitatis
2459 5681 2700 5746 pristina:

1149 5784 1336 5835 ptenus
1358 5769 1468 5835 ipse
1495 5771 1893 5836 quolaiiimodn
1928 5772 1991 5821 de
2022 5776 2201 5838 seipso
2228 5783 2490 5827 sumeret.
2514 5788 2704 5837 quani-

1145 5875 1307 5926 quaiii
1342 5861 1522 5913 animo
1559 5861 1645 5913 illa
1678 5877 1811 5930 puro
1857 5873 2268 5930 spontaucoque
2320 5878 2424 5918 non
2478 5864 2700 5916 laceret.

2822 4682 3063 4755 λεοντῆν,
3097 4687 3259 4754 ῥίψας
3289 4685 3346 4737 δὲ
3375 4685 3714 4754 ἑμϐρίθειαν·
3751 4687 3844 4737 καὶ
3873 4687 4010 4747 ὅλως
4038 4687 4184 4739 οὕτω
4217 4706 4388 4754 μετα-

2819 4778 2997 4829 ϐαλὼν
3034 4776 3274 4846 ἀκριϐῶς
3303 4776 3442 4843 πρδς
3475 4776 3664 4844 ἕτερον
3697 4777 3754 4839 ἐξ
3788 4777 4002 4844 ἑτέρου,
4039 4777 4113 4837 ὡς
4158 4779 4390 4844 μισῆσαι

2817 4869 2908 4919 τὸν
2939 4867 3101 4919 αὑτοῦ
3137 4869 3271 4934 βίον,
3303 4868 3395 4919 καὶ
3428 4868 3585 4928 δίκας
3626 4867 3787 4927 αὐτὸς
3824 4870 3952 4935 παρ’
3987 4869 4152 4919 αὑτοῦ
4184 4872 4391 4935 τρόπον

2817 4960 2879 5028 δή
2909 4979 3031 5014 τινα
3060 4960 3357 5028 λαμϐάνειν
3383 4960 3479 5028 τῆς
3531 4961 3806 5029 προτέρας
3848 4960 4108 5021 ἀπονοίας
4159 4964 4252 5011 καὶ
4289 4980 4389 5030 μα-

2815 5055 3117 5121 ταιότητος,
3155 5054 3201 5105 εί
3239 5055 3333 5104 καὶ
3381 5055 3454 5120 μὴ
3492 5051 3689 5122 γνώμῃ
3717 5053 3936 5122 καθαρᾷ
3965 5056 4059 5104 καὶ
4091 5052 4388 5121 ὲθελουσίῳ

2815 5143 2965 5194 ταῦτ’
3001 5143 3290 5212 ἔπραττεν.
3328 5143 3509 5195 Ὢντδὲ
3557 5144 3617 5194 ἐν
3671 5141 3749 5210 τῷ
3783 5146 4046 5212 σχήματι,
4081 5144 4177 5194 καὶ
4216 5143 4387 5194 ποιῶν

2813 5232 2847 5284 ἃ.
2880 5232 2979 5284 κᾶν
3023 5233 3285 5302 ᾐσχύνετο
3333 5233 3536 5294 δοῦλος.
3567 5234 3852 5286 ἀλλόκοτόν
3909 5249 3959 5285 τι
4005 5235 4170 5300 τέρας
4226 5235 4384 5297 Equi-

2813 5340 2949 5375 νετο.
2983 5324 3161 5392 Τιμᾷν
3209 5325 3314 5389 γὰρ
3352 5324 3416 5392 δὴ
3463 5325 3522 5375 τὸ
3559 5327 3780 5392 μέτρον,
3817 5325 3891 5384 ὡς
3930 5325 4029 5384 δεῖ,
4089 5323 4182 5375 καὶ
4215 5339 4377 5391 προσ-

2813 5416 2958 5481 ἐχειν
3021 5414 3199 5483 ἑαυτῴ
3260 5415 3618 5483 μηδεπώποτε
3673 5415 4020 5484 μεμαθηκὴς
4087 5416 4163 5466 ξδ’
4202 5416 4382 5484 ἀνὴρ,

2812 5505 3062 5566 ἐξώκειλε
3127 5509 3498 5574 μετατραπεὶς
3533 5506 3589 5569 ἐξ
3617 5507 3997 5575 finem-mitto;
4032 5507 4125 5557 καὶ
4165 5505 4379 5574 ὕϐρεως

2812 5600 2888 5653 εἰς
2955 5597 3318 5665 ταπεινότητα
3377 5596 3586 5658 δούλοις
3667 5600 4026 5664 πρέπουσαν,
4080 5597 4261 5661 ἄκραν
4322 5599 4379 5661 ἐξ

2810 5689 3003 5751 διάρας,
3057 5687 3153 5737 σὺ)
3207 5688 3469 5755 ἀκοσμίᾳ.
3509 5687 3693 5748 Οὕτως
3752 5688 3898 5738 ἄπα-ι
3949 5688 4228 5755 βάρϐαρον
4285 5687 4379 5737 καὶ

2809 5773 3149 5833 ἀπαίδευτον,
3202 5774 3248 5823 εί
3303 5776 3402 5840 μὲν
3457 5775 3758 5841 εύπραγεῖ,
3809 5779 3918 5836 τοῖς
3971 5778 4377 5841 ταπεινοτέροις

2809 5864 3077 5934 ἀφόρητον
3106 5881 3117 5892 ·
3155 5869 3203 5918 εἰ
3249 5865 3291 5917 δ’
3349 5867 3699 5934 ἀσθενήσειεν
3747 5868 3898 5934 αύτῲ
3941 5867 3998 5918 τό
4027 5883 4086 5933 γε
4141 5870 4375 5934 παρέχοι
