4748 6512
1199 463 1306 528 403

2349 477 2744 534 MANUEHS
2794 476 3235 534 l‘.-\l.:lZUl.OGl

4333 470 4433 533 404

1203 577 1373 641 ipsam
1410 592 1514 629 non
1554 580 1981 644 repttdiabitmts.
2015 581 2196 649 Itaque
2232 585 2424 635 nerito
2474 585 2604 650 palm
2634 585 2754 652 qni-
2789 590 2829 640 Α
2865 585 3070 635 (ῑῦκοὶν

2564 602 2604 635 :lP
2634 585 2754 652 qui-
2789 590 2829 640 Α
2865 585 3070 635 (ῑύκοὶν
3099 587 3194 652 τὴν
3228 585 3315 635 ἐπὶ
3340 586 3402 650 τῇ
3436 585 3694 653 σφενδόνη
3735 585 3986 652 μηχανὴν
4038 584 4431 651 θαυμάσαιμεν

1199 666 1321 719 tlem
1353 668 1494 721 illius
1531 681 1698 723 artem
1719 674 1821 723 adn
1848 675 2125 736 iraLimur,
2159 676 2350 741 si'qnis
2374 677 2510 728 hanc
2534 677 2753 744 Lydiam

1201 760 1461 819 fabulam.
1521 778 1619 813 ceu
1655 763 1910 830 quiddam
1962 767 2328 824 verissimum.
2363 768 2752 821 admittendam

1199 853 1574 906 concesserit:
1609 865 1826 915 :tteum,
1868 859 1956 919 qui
1996 859 2092 908 hae
2119 869 2230 911 arte
2281 875 2394 912 rem
2453 862 2652 927 peregit
2703 871 2757 912 et

1199 942 1454 1004 confecit,
1517 961 1793 1012 nunquam
1851 951 2086 1012 beatum,
2138 952 2182 1001 si
2237 962 2380 1004 recte
2405 954 2756 1019 pronuntiare

1198 1034 1466 1092 volumus,
1499 1026 1772 1101 nunquam
1803 1039 1977 1116 magni
2008 1039 2309 1092 faciendum
2346 1042 2752 1096 arbitrabimur.

1198 1122 1564 1188 Quamobrem
1602 1127 1738 1179 istuc
1765 1128 1786 1178 ?
1817 1128 1969 1192 Quod
2001 1131 2170 1198 ipsius
2205 1133 2464 1184 machina!
2499 1132 2756 1204 perfectio

1202 1234 1309 1272 non
1349 1219 1562 1288 proprie
1597 1219 1820 1277 bonurn.
1847 1238 1944 1274 nec
1977 1223 2215 1280 beatum,
2247 1239 2345 1276 nec
2378 1223 2753 1278 admirandum

1200 1311 1330 1376 quid
1383 1321 1528 1364 esset
1580 1323 1757 1366 mente
1822 1315 2083 1380 prazditis.
2143 1313 2273 1366 Nam
2324 1315 2468 1381 quod
2499 1331 2523 1364 a
2559 1315 2757 1366 virtute

1202 1413 1439 1460 nonest.
1477 1417 1573 1454 nec
1606 1402 1805 1454 bonum
1851 1412 1933 1455 est
1983 1403 2246 1470 proprie:
2311 1404 2452 1469 quod
2508 1403 2759 1454 inanima:

1202 1510 1418 1562 quoque
1444 1511 1529 1548 res
1556 1497 1825 1548 universa:
1847 1495 2179 1548 clamabunt.
2202 1494 2305 1560 Qui
2335 1497 2546 1549 virtulis
2567 1512 2758 1549 exsors

1201 1585 1532 1646 est,etiarnsi
1564 1585 1764 1652 potitus
1809 1599 1997 1652 regno,
2021 1585 2168 1652 quod
2194 1585 2336 1653 ipsas
2389 1586 2528 1639 ultra
2582 1587 2759 1640 Gades

1205 1692 1263 1728 se
1291 1677 1550 1743 porrigat,
1577 1691 1768 1730 omnes
1794 1690 1947 1742 opes,
1976 1681 2154 1729 omnia
2179 1677 2447 1744 mancipia
2461 1677 2760 1745 collegerit,

1206 1767 1489 1829 etomnia,
1522 1782 1642 1835 qua!
1673 1767 1724 1818 in
1771 1767 1872 1818 hac
1928 1767 2032 1819 vita
2080 1766 2316 1832 jucunda
2367 1778 2492 1820 sunt
2529 1785 2543 1829 ;
2579 1783 2640 1821 ac
2679 1769 2763 1821 his

1205 1857 1402 1910 deinde
1435 1857 1646 1909 fruendi
1700 1865 1906 1910 tantum
1941 1857 2043 1910 sibi
2099 1859 2436 1911 concesserit
2483 1859 2759 1927 temporis,

1205 1958 1468 2016 quantum
1497 1949 1705 2002 libitum
1759 1948 1965 2003 fuerit:
2001 1965 2156 2018 nugae
2210 1951 2358 2004 istaec
2399 1951 2595 2003 virtute
2631 1967 2764 2019 pra:-

1207 2041 1355 2095 ditis.
1383 2041 1654 2110 Quidquid
1687 2042 1828 2095 enim
1858 2043 1938 2095 vel
1965 2050 2175 2111 gestum
2208 2051 2313 2104 est,
2345 2043 2426 2095 vel
2448 2043 2762 2109 percipitur,

1205 2133 1248 2183 si
1278 2148 1400 2186 cum
1433 2133 1644 2194 virtute,
1681 2132 1877 2184 bonum
1928 2149 1940 2184 :
1970 2133 2053 2185 sin
2091 2141 2294 2197 autem,
2315 2133 2667 2185 contrarium.
2697 2133 2764 2185 At

1205 2222 1381 2292 Gyges
1432 2223 1628 2276 virtute
1691 2239 1796 2276 non
1841 2223 2066 2291 adeptus
2099 2233 2181 2278 est
2219 2225 2586 2294 tyrannidem,
2620 2225 2761 2294 quod

1205 2331 1337 2369 sane
1394 2317 1474 2369 vel
1536 2316 1664 2369 hinc
1735 2326 1935 2384 paret:
1980 2317 2110 2370 nihil
2161 2319 2305 2371 enim
2371 2319 2558 2372 virtuti
2617 2333 2765 2372 como

1209 2421 1374 2458 mune
1426 2420 1549 2458 cum
1609 2406 1911 2474 tyrannide,
1974 2422 2072 2460 nec
2133 2407 2411 2476 tyrannide
2473 2423 2762 2476 oppresso-

1207 2511 1328 2548 rum
1395 2497 1532 2549 bona
1610 2512 1733 2551 cum
1816 2499 2110 2561 voluntate,
2179 2514 2411 2560 praeesse
2497 2509 2763 2569 tyrannus

1207 2598 1405 2650 potest.
1463 2588 1695 2654 Quinam
1722 2590 2060 2655 istuc?Quia
2131 2592 2180 2642 vi
2241 2592 2447 2645 coactis
2512 2593 2762 2658 imperat.

1205 2676 1308 2733 Ubi
1339 2688 1518 2732 autem
1552 2681 1651 2739 vis.
1685 2681 1757 2734 ibi
1790 2681 2038 2736 voluntas
2094 2683 2268 2736 abest.
2301 2682 2421 2747 Quo
2483 2684 2560 2744 fit,
2597 2693 2653 2736 ιιι
2685 2686 2764 2736 iu-

1208 2778 1371 2822 veuto
1409 2771 1642 2838 quodam
1683 2782 1736 2825 et
1788 2782 1906 2824 arte
1938 2772 2112 2843 Gyges
2149 2775 2199 2825 in
2231 2783 2552 2842 potestatem
2587 2777 2764 2843 gentis

1212 2861 1377 2914 unius
1409 2877 1637 2930 corpora
1674 2863 1962 2930 redegerit,
1995 2866 2156 2938 etiam
2212 2865 2394 2920 invitze
2421 2883 2436 2930 ;
2463 2881 2561 2921 nec
2592 2871 2764 2922 homi-

1210 2965 1338 3002 num
1364 2965 1525 3018 supra
1547 2953 1756 3006 vicinos
1783 2952 2030 3016 fortium,
2055 2954 2158 3007 nisi
2183 2957 2518 3009 contrarium
2543 2973 2763 3025 quoqtte

1209 3038 1501 3093 dicendum
1532 3051 1614 3094 est
1642 3060 1656 3095 :
1692 3043 1792 3115 hoc
1823 3058 1952 3095 vero
1991 3058 2087 3096 nec
2121 3043 2430 3109 honestum,
2471 3061 2571 3099 nec
2605 3047 2763 3099 dura-

1209 3130 1336 3189 bile.
1389 3133 1532 3199 quod
1565 3134 1809 3199 oppressi
1850 3134 2154 3203 tyrannide,
2215 3135 2358 3188 illam
2392 3137 2456 3189 ad
2489 3137 2763 3191 conditio-

2862 675 2926 725 ἇν
2958 676 3200 737 δικαίως,
3237 679 3282 726 εί
3315 677 3432 742 δοίη
3464 694 3546 737 τις
3582 678 3674 727 τὸν
3705 677 3894 732 Α’ΰιον
3919 675 4110 726 τοῦτον
4151 675 4326 742 μῦθον
4359 678 4432 732 ὡς

2862 766 3227 832 ἀληθέστατον
3266 767 3565 830 δέξασθαιο
3601 769 3691 816 τὸν
3743 768 3796 818 δὲ
3857 768 3920 834 δὴ
3973 768 4290 834 περὰναντα
4345 766 4434 814 κσὶ

2863 855 3266 922 κατωρθωκότα
3422 859 3659 924 μηχανῇ,
3698 857 3797 908 οὐκ
3845 858 3908 908 ἀν
3939 873 4066 908 ποτε.
4097 858 4286 908 δίκαια
4319 873 4437 905 ποι-

2859 945 3051 1002 οὖντε;
3112 945 3404 1010 εὐδαίμονα
3460 948 3790 1013 νομίσαιμεν
3857 948 3950 997 καὶ
4008 947 4258 1013 ζηλωτόν
4315 962 4432 996 τινα

2858 1032 3022 1086 εἶναι.
3054 1036 3149 1086 Διά
3179 1036 3262 1096 τί;
3302 1037 3422 1087 Ὀτι
3455 1037 3516 1087 τδ
3561 1039 3658 1102 τῆς
3689 1038 3942 1104 μηχανῆς
3979 1037 4331 1101 ἀποτέλεσμα
4375 1038 4432 1086 ού

2861 1126 3066 1190 κυρίως
3112 1126 3336 1192 ἀγαθὶν,
3377 1127 3498 1178 οὐδὲ
3555 1126 3836 1194 εὔδαιμον,
3896 1129 4014 1178 οὐδὲ
4072 1128 4319 1193 ζηλωτόν
4372 1143 4432 1189 γε

2859 1217 2983 1268 νοῦν
3031 1219 3268 1285 ἔχουσιν.
3306 1221 3371 1271 Ὀ
3420 1220 3525 1288 γὰρ
3575 1221 3674 1270 οὐκ
3721 1221 3779 1282 ἐξ
3828 1222 4030 1288 ἀρετῆς
4073 1220 4195 1271 οὐδὲ
4230 1220 4434 1282 ἀγαθὶν

2862 1309 3087 1374 κυρίως.
3120 1311 3165 1358 εἰ
3192 1308 3255 1376 δὴ
3284 1314 3375 1361 καὶ
3406 1310 3473 1361 τὰ
3506 1310 3689 1378 ἀψυχα
3732 1310 3913 1362 πάντα
3944 1310 4102 1360 τοῦτο
4133 1311 4438 1375 κεκράξον·

2860 1414 2966 1448 ται.
3007 1399 3126 1450 Κᾶν
3157 1401 3182 1449 ὁ
3211 1398 3420 1464 ταύτης
3455 1400 3701 1466 ἄμοιρος,
3747 1400 3917 1466 ἄρξας
3955 1401 4006 1450 εῐ
4030 1417 4081 1450 τι
4116 1402 4212 1450 καὶ
4251 1401 4438 1450 Γαδείο

2865 1505 2975 1554 ρων
3019 1489 3167 1540 ἐστὶν
3220 1490 3498 1552 ἐπέκεινα,
3524 1491 3752 1560 ἀθροίσῃ
3804 1491 3904 1559 μὲν
3948 1492 4126 1542 πάντα
4181 1486 4467 1554 πλοῦτον,’

2862 1581 3091 1651 ἀθροίσῃ
3151 1581 3207 1633 δὲ
3262 1582 3595 1651 ἀνδράποδα,
3647 1583 3741 1633 καὶ
3799 1584 3978 1635 πάντα
4033 1585 4100 1634 τά
4157 1585 4255 1635 τοῦ
4325 1585 4441 1651 βίον

2861 1672 3100 1737 τερπνά⁸
3135 1665 3255 1722 εἶτα
3299 1669 3478 1738 ἐαυτῷ
3529 1670 3710 1723 πάντα
3755 1671 3829 1740 δῷ
3869 1673 4219 1738 καρποῦσθαι
4253 1675 4443 1740 γριςνον

2863 1761 3057 1813 ὁπόσον
3109 1759 3313 1828 βούλει,
3348 1761 3515 1829 λῆρος
3561 1764 3674 1822 τοῖς
3725 1763 4050 1829 μετέχουσιν
4095 1764 4329 1830 ἀρετῆς.
4376 1765 4446 1814 Τὸ

2798 1904 2836 1955 Β
2865 1855 2970 1920 γὰρ
3016 1852 3495 1921 πεπραγμένον,ἢ
3551 1854 3943 1921 μετεχόμενον,
3981 1855 4028 1905 εἰ
4089 1856 4188 1904 σὺν
4245 1858 4442 1922 ἀρετῇ,

2867 1943 3066 1995 καλόν·
3121 1945 3171 1995 ει
3224 1944 3280 1995 δὲ
3334 1945 3430 2013 μὴ,
3486 1945 3818 1998 τούναντίον.
3889 1947 3946 1997 ’0
3996 1947 4176 2014 Γύγης
4228 1947 4287 1999 δὲ
4347 1949 4446 1998 ούκ

2865 2033 3031 2103 ἀρετῇ
3064 2035 3455 2103 τετυράννηκε.
3493 2035 3604 2088 Καὶ
3649 2034 3810 2088 τοῦτο
3856 2036 4016 2104 δῆλον
4065 2038 4328 2089 αὐτόθεν.
4369 2040 4442 2090 Ού

2865 2128 2974 2194 γάρ
3009 2129 3160 2179 ἐστιν
3188 2127 3340 2179 ούδέν
3380 2129 3559 2180 κοινὸν
3588 2130 3756 2197 ἀρετῇ
3802 2130 3934 2198 πρὸς
3973 2130 4300 2197 τυραννίδα,
4336 2130 4447 2182 οὐδ’

2865 2220 2942 2272 ἔνι
2973 2222 3374 2289 τυραννεύοντα
3407 2223 3602 2292 γνώμῃ
3637 2222 3744 2273 τῶν
3779 2222 4237 2290 τυραννουμένων
4282 2223 4446 2274 τοῦτο

2867 2314 3059 2364 ποιεῖν.
3097 2313 3256 2373 Πῶς;
3290 2313 3412 2364 Ὀτι
3460 2313 3781 2381 βιαζόμενος
3831 2313 4008 2382 ἄρχει.
4041 2314 4151 2365 Καὶ
4211 2314 4302 2366 τνα
4335 2315 4442 2381 βία.

2865 2403 3060 2455 ἄπεστι
3099 2403 3315 2472 γνώμη.
3357 2405 3521 2457 Ὥστε
3563 2407 3839 2467 σωμάτων
3874 2405 4186 2474 κεκράτηκε
4224 2411 4444 2473 μηχανῇ

2864 2509 2968 2544 τινι
3017 2494 3110 2544 καὶ
3153 2495 3317 2562 τέχνῃ
3374 2493 3562 2554 ἔθνους
3630 2494 3892 2554 homini.
3950 2496 4022 2561 μὴ
4074 2495 4443 2564 βουλομένου·

2867 2585 3192 2638 καὶτούτων
3238 2587 3297 2637 ού
3348 2588 3612 2652 γενναίων
3647 2587 3786 2652 ὑπὲρ
3819 2588 3944 2648 τοὺς
3972 2589 4251 2654 γείτονας.
4287 2593 4337 2641 εί
4371 2592 4442 2658 μή

2863 2693 2946 2737 τις
3001 2679 3149 2729 εῖποι
3207 2677 3300 2730 καὶ
3352 2678 3684 2730 τούναντίον.
3731 2679 3902 2731 Τοῦτο
3934 2680 3991 2732 δὲ
4038 2679 4164 2731 οὔτε
4219 2683 4438 2750 σεμνὸν,

2864 2769 2984 2820 οὔτε
3015 2769 3262 2839 μόνιμον,
3291 2769 3401 2819 τῶν
3430 2770 3874 2837 τυραννηθέντων
3907 2771 4151 2823 ἀκόντων
4187 2775 4267 2833 είς
4297 2773 4441 2825 seiz'

2866 2861 3152 2914 ἐλθόντων.
3210 2862 3374 2914 ’Δνευ
3433 2862 3488 2912 δὲ
3551 2861 3661 2913 τῶν
3719 2862 4052 2931 εἰρημένων,
4093 2863 4142 2913 ει
4197 2863 4443 2932 ἀκριϐῶς

2867 2951 3134 3020 θεωρήσει
3190 2969 3292 3015 τις,
3323 2951 3629 3019 ἀνθρώπων
3675 2952 3855 3020 Γύγης
3889 2953 3951 3004 ού
4003 2952 4398 3020 βεϐασίλευκεν
4423 2969 4437 2984 ·

2866 3041 3025 3108 εἴπερ
3055 3042 3087 3108 ἡ
3125 3039 3318 3107 γνώμη
3375 3040 3473 3108 μὲν
3508 3039 3707 3109 ψυχῆς,
3745 3041 3949 3108 κυρίως
3984 3041 4038 3094 δι
4079 3043 4370 3111 ἄνθρωπος
4405 3045 4434 3113 ἡ

2865 3131 3033 3200 ψυχή.
3075 3132 3314 3192 Ἐκεῖνος
3348 3132 3403 3183 δὲ
3435 3133 3692 3201 τύραννος
3717 3131 3792 3183 ῶν
3832 3133 4083 3185 τοσοῦτον
4108 3135 4319 3202 ἀπέσχε
4348 3138 4436 3187 τοῦ

1212 3237 1334 3273 nent
1375 3223 1524 3274 inviti
1556 3225 1921 3290 pervenerint.
1956 3224 2276 3293 Quanquam
2319 3235 2372 3280 et
2425 3229 2628 3296 absque
2659 3230 2762 3293 his,
2794 3219 2837 3279 C
2869 3223 2964 3283 τὶς
2997 3221 3087 3272 τῶη

2563 3245 2628 3282 ue
2659 3230 2762 3293 his,
2794 3219 2837 3279 C
2869 3223 2964 3283 τὰς
2997 3221 3103 3273 τῶν
3134 3223 3583 3289 τυραννηθέντων
3611 3223 3833 3291 γνώμας
3863 3225 4144 3293 κερδᾶναι,
4177 3226 4304 3277 ὅσον
4344 3227 4436 3277 καὶ

1211 3328 1331 3377 quze
1357 3311 1499 3365 dicta
1535 3323 1684 3377 sunt,
1714 3315 1756 3366 si
1787 3316 1910 3383 quis
1950 3326 2203 3368 accurate
2231 3331 2342 3371 rom
2370 3320 2762 3384 considerabit,

1213 3407 1435 3458 minime
1461 3405 1638 3476 Gyges
1669 3423 1758 3460 rex
1793 3409 2074 3461 hominum
2109 3407 2248 3474 fuit;
2285 3411 2552 3478 siquidem
2584 3414 2768 3468 volun-

1215 3507 1316 3552 tas.
1360 3499 1522 3549 auirni
1556 3505 1678 3562 est;
1731 3498 1949 3551 animus
1998 3509 2176 3550 autem
2217 3501 2435 3569 proprie
2470 3512 2552 3556 est
2583 3503 2762 3558 homo.

1213 3589 1413 3644 Atille.
1443 3590 1535 3656 qui
1589 3599 1850 3657 tyrannus
1899 3600 2062 3653 esset,
2097 3601 2302 3643 tantum
2354 3594 2558 3658 aberat,
2593 3605 2648 3647 ιιι
2675 3613 2768 3664 0p-

1216 3697 1526 3746 pressorum
1578 3681 1888 3734 voluntates
1947 3682 2317 3747 lucrifaceret,
2350 3696 2556 3751 quanto
2596 3690 2768 3754 magis

1211 3783 1636 3827 consentaneum
1666 3783 1805 3836 erat,
1841 3788 1964 3826 eum
1998 3774 2050 3827 in
2085 3775 2210 3828 odio
2249 3790 2368 3830 esse
2399 3778 2676 3840 omnibus,
2716 3789 2769 3834 et

1213 3862 1424 3915 insidiis
1455 3877 1639 3916 eorum
1673 3862 1894 3914 omnino
1926 3863 2053 3929 peti.
2086 3861 2206 3916 llaec
2241 3864 2448 3918 scilicet
2474 3865 2560 3917 illa
2590 3875 2770 3934 tyran-

1215 3954 1358 4008 nidis
1394 3953 1531 4006 bona
1565 3963 1712 4016 sunt,
1747 3968 1866 4022 quze
1903 3969 2025 4006 cunt
2073 3968 2135 4006 ea
2170 3955 2328 4008 simul
2359 3965 2413 4007 et
2441 3967 2766 4020 nascuntur,

1213 4051 1267 4094 et
1300 4052 1592 4110 augescunt
1625 4042 1822 4108 quovis
1856 4041 2054 4104 modo;
2085 4051 2138 4094 et
2166 4045 2383 4110 quando
2409 4060 2532 4096 cum
2563 4061 2622 4097 ea
2656 4046 2769 4098 dis-

1215 4135 1519 4194 solvuntur,
1541 4132 1593 4184 in
1616 4131 1976 4186 foedissimum
1997 4131 2251 4200 quiddam
2279 4134 2554 4187 desinunt.
2585 4137 2768 4189 Enim-

1214 4239 1343 4277 vero
1375 4223 1420 4277 si
1451 4223 1718 4276 orationis
1745 4221 1907 4288 hujus
1941 4222 2112 4276 forma
2144 4233 2304 4292 atque
2341 4225 2477 4278 ratio
2509 4227 2770 4293 simplici-

1217 4327 1300 4370 ter
1336 4315 1573 4369 ltistorim
1607 4315 1846 4368 texendae
1874 4324 2190 4381 potestatem
2239 4318 2394 4372 nobis
2425 4321 2765 4384 concederet,

1217 4408 1385 4461 multo
1413 4407 1616 4460 rectius
1668 4420 1829 4474 quant
1887 4409 2043 4460 modo
2071 4410 2472 4465 narrationibus
2505 4411 2769 4464 institutis

2867 3312 3160 3364 ἀκόλουθον
3208 3309 3275 3382 ἦν
3321 3313 3476 3382 παρά
3527 3317 3746 3366 πάντων
3792 3317 3954 3368 αὑτὸν
4010 3317 4309 3383 μισεῖσθαι,
4347 3322 4436 3369 καὶ

2867 3405 3321 3457 ἐπιδουλεύεσθαι
3353 3409 3528 3459 πάντα
3565 3408 3786 3475 τρότον.
3826 3408 4009 3460 Ταῦτα
4038 3409 4102 3476 δὴ
4134 3410 4203 3461 τὰ
4235 3427 4434 3479 τυρανο

2869 3497 3008 3556 νίδος
3039 3497 3240 3562 ἀγαθά,
3270 3500 3362 3549 καὶ
3415 3500 3544 3567 τῇδε
3588 3500 3947 3567 συμνρυόμενά
3990 3518 4047 3552 τε
4082 3504 4178 3552 καὶ
4219 3519 4437 3554 συνεπι-

2867 3583 3081 3637 διδόντα
3126 3587 3218 3638 τὸν
3264 3588 3441 3640 πάντα
3486 3589 3707 3656 τρόπον,
3761 3591 3850 3642 καὶ
3902 3592 4247 3644 τελευτῶντα
4307 3596 4436 3660 πρὸς

2870 3676 3151 3743 αἴσχιστόν
3199 3695 3273 3740 τι,
3334 3680 3548 3748 σύναμα
3590 3681 3762 3749 ταύτῃ
3825 3682 4176 3750 διαλυόμενα.
4218 3686 4293 3736 Ού
4335 3687 4439 3754 μὴν

2870 3769 2985 3820 ἀλλ’
3037 3771 3085 3821 εἰ
3145 3771 3208 3821 τὸ
3249 3769 3435 3838 σχῆμα
3479 3769 3574 3822 τοῦ
3634 3771 3796 3837 λόγου
3841 3774 4100 3842 καθαρῶς
4136 3775 4441 3840 ἐπέτρεπεν

2873 3861 3129 3928 ἱστορεῖν,
3185 3856 3330 3930 εῐχον
3379 3862 3594 3928 ἐλέγξαι
3651 3867 3762 3927 τοῖς
3809 3865 4115 3934 διηγήμασι
4150 3868 4332 3935 πολλῷ
4376 3886 4438 3935 γε

2873 3949 3082 4016 βέλτιον
3133 3953 3163 4020 ἢ
3216 3953 3330 4017 νῦν,
3367 3954 3442 4017 ὡς
3472 3958 3498 4007 ὅ
3537 3973 3592 4008 τε
3637 3958 3844 4025 χρυσίῳ
3876 3958 4018 4009 πάνυ
4051 3958 4293 4027 θαρρῶν,
4326 3962 4353 4012 ὅ
4380 3977 4439 4012 τε

2874 4044 3078 4112 σιδήρῳ
3139 4046 3280 4112 μέγα
3329 4046 3543 4112 φρονῶν
3594 4047 3686 4098 καὶ
3733 4047 3872 4099 λεῶν
3921 4048 4276 4116 ἀθροίσματι,
4307 4051 4334 4101 ὃ
4380 4069 4435 4102 τι

2875 4140 3145 4204 μηχαναῖς
3185 4138 3437 4200 ἐλπίζων,
3478 4140 3571 4190 καὶ
3626 4141 3864 4191 τουτοισὶ
3912 4140 4088 4207 ψιλοῖς
4142 4142 4432 4210 ἐγχειρῶν,

2872 4229 2964 4280 aut
2994 4229 3045 4279 εῐ
3069 4230 3384 4290 τιςτούτοις
3413 4229 3727 4297 ἐφάμιλλος,
3755 4231 3828 4299 μὴ
3864 4234 4168 4300 προσούσης
4202 4237 4432 4300 ἀρετῆς,

2874 4317 3231 4387 ἐξηπάτηται.
3279 4320 3430 4370 Ἐπεὶ
3483 4320 3537 4370 δὲ
3591 4320 3682 4371 νῦν
3734 4322 3794 4372 ού
3849 4323 4256 4391 προηγούμενον
4296 4318 4440 4374 τοῦΤ

2875 4409 3024 4473 ἡμῖν,
3058 4408 3172 4461 ἀλλ’
3227 4408 3611 4462 ἀποδεικνύναι
3668 4415 3960 4481 πειρᾶσθαι
4017 4417 4136 4474 ταῖς
4199 4416 4439 4481 παραθέ-

1217 4504 1444 4568 probare
1474 4513 1686 4568 possem
1714 4515 1729 4562 ;
1769 4506 1822 4551 et
1862 4513 1987 4550 eum
2016 4499 2116 4564 qui
2151 4515 2402 4567 magnam
2455 4501 2507 4555 in
2539 4518 2671 4556 auro
2704 4504 2764 4556 Ιί-
2805 4540 2846 4592 D
2878 4513 3046 4563 σεσιν,
3086 4518 3092 4545 ε

2574 4519 2671 4556 ιιι-ο
2704 4504 2764 4556 ﬁ.
2805 4540 2846 4592 ο
2878 4513 3046 4563 σεσιν,
3086 4499 3159 4562 ὡς
3191 4499 3450 4568 ἄρχουσιν
3476 4502 3750 4553 ἐθέλουσιν
3780 4505 4001 4564 ἀγαθοῖς
4033 4500 4170 4555 εἶναι
4217 4509 4439 4558 πάντων

1217 4593 1431 4646 duciam
1466 4591 1644 4660 ponitr
1667 4599 1720 4644 et
1758 4591 1849 4658 qui
1882 4607 1936 4644 se
1959 4590 2104 4645 ferro
2136 4607 2199 4646 ac
2229 4594 2546 4661 populorum
2579 4597 2774 4649 collec-

1221 4685 1367 4737 tione
1397 4696 1722 4750 magnopere
1747 4681 1935 4748 jactat,
1967 4691 2022 4734 et
2045 4683 2136 4748 qui
2175 4681 2344 4735 fretus
2373 4694 2455 4737 est
2482 4685 2769 4748 machinis,

1219 4775 1422 4841 quique
1463 4773 1592 4826 solis
1621 4772 1704 4826 his
1727 4772 1967 4825 animum
2002 4772 2212 4839 adjicit,
2256 4783 2309 4827 et
2341 4774 2384 4827 si
2421 4775 2544 4840 quis
2581 4776 2769 4829 Itorum

1221 4864 1418 4916 similis
1450 4873 1532 4915 est
1561 4879 1576 4921 ;
1615 4877 1763 4925 eum,
1796 4863 1897 4914 nisi
1944 4862 2117 4916 virtus
2152 4865 2314 4927 adsit,
2348 4864 2456 4917 falli
2489 4875 2648 4933 atqve
2675 4869 2771 4920 de-

1221 4958 1349 5021 cipi.
1379 4957 1576 5008 Verum
1604 4956 1858 5022 quoniam
1886 4955 1986 5006 hoc
2011 4956 2077 5005 ab
2103 4956 2254 5008 initio
2279 4973 2382 5011 non
2415 4959 2768 5018 instituimus.

1221 5049 1312 5100 sed
1353 5058 1558 5098 tantum
1587 5049 1661 5097 uti
1692 5061 1788 5112 per
1830 5047 2267 5114 comparationes
2298 5050 2674 5116 probaremus,
2709 5052 2772 5104 iis

1225 5137 1582 5204 principibus,
1615 5136 1704 5202 qui
1740 5136 1864 5188 boni
1897 5150 2017 5188 esse
2047 5136 2230 5198 velint,
2264 5139 2328 5189 ad
2363 5139 2771 5204 perficiettrlmn,

1222 5244 1344 5298 qua!
1385 5227 1628 5294 cupiant,
1658 5225 1790 5278 nihil
1819 5225 2080 5292 sapientia
2113 5228 2308 5280 melius
2332 5242 2490 5280 esse:
2527 5229 2773 5281 instituto

1225 5330 1412 5372 nostro
1456 5317 1746 5369 convenire
1791 5314 2070 5378 duximus,
2115 5316 2157 5368 si
2193 5331 2292 5369 nec
2322 5331 2508 5369 omnes
2548 5319 2679 5370 tales
2721 5321 2772 5370 in

1222 5411 1456 5463 medium
1477 5409 1919 5478 produceremus,
1949 5423 2014 5458 ne
2039 5407 2244 5460 theatro
2268 5407 2476 5461 molesti
2507 5424 2774 5471 essemus,

1226 5499 1550 5554 ineffabilem
1587 5496 1876 5565 quemdam
1927 5512 2213 5549 numerum
2265 5496 2625 5564 proferendo;
2674 5512 2774 5550 nec

1225 5593 1359 5646 citra
1388 5591 1605 5644 modum
1630 5589 1917 5641 ltiscorum
1950 5588 2191 5641 historiis
2223 5598 2514 5651 uteremur,
2545 5605 2608 5641 ne
2629 5590 2771 5657 quod

1227 5682 1562 5749 propositum
1600 5698 1622 5727 ει
1651 5678 1804 5732 nobis
1831 5686 1931 5739 est,
1970 5678 2020 5729 in
2044 5679 2414 5731 narrationum
2445 5679 2772 5731 infinitarum

1226 5771 1378 5838 quasi
1408 5786 1553 5821 mare
1591 5769 1848 5827 delatum.
1885 5768 2227 5835 naufragium
2264 5769 2485 5821 faceret.
2529 5771 2604 5821 Ac
2632 5779 2775 5821 recte

1226 5862 1442 5931 quidem
1476 5859 1538 5911 ad
1577 5859 1776 5910 exitum
1833 5858 1903 5921 id,
1938 5858 2078 5925 quod
2131 5859 2194 5912 ab
2249 5859 2397 5911 initio
2439 5858 2772 5922 volebamus,

2877 4589 3097 4656 ἀμεινον
3148 4589 3216 4642 ἀν
3270 4591 3356 4657 εἴη
3425 4592 3586 4657 σοφία
3641 4592 3778 4660 πρὸς
3815 4593 3874 4643 τὸ
3909 4595 4207 4660 περαίνειν,
4247 4596 4281 4647 ἃ.
4318 4598 4438 4663 βού-

2874 4677 3048 4730 λοιντο
3076 4695 3088 4706 ·
3131 4679 3384 4746 ἡγήμεθα
3425 4680 3566 4745 μάλα
3617 4680 3937 4746 συμϐαίνειν
3979 4683 4052 4750 τῷ
4087 4689 4437 4754 προκςιμὲνῳ

2877 4766 3063 4834 σκοπῷ
3119 4767 3256 4834 μήτε
3308 4767 3514 4828 πάντας
3560 4767 3788 4832 ἀγαγεῖν
3843 4771 3922 4829 εις
3987 4771 4151 4836 μέσον
4196 4773 4323 4834 τούς
4376 4792 4434 4839 γε

2873 4857 3165 4918 τοιούτους,
3198 4859 3283 4909 ῖνα
3313 4856 3387 4926 μὴ
3407 4856 3466 4908 τὸ
3497 4857 3721 4925 θέατρον
3748 4859 4188 4928 ἀποκναίσωμεν,
4223 4864 4438 4931 ἀμύθη-

2872 4948 2964 4998 τόν
2990 4964 3110 4999 τινα
3139 4947 3370 5016 ἀριθμὸν
3396 4949 3839 5013 παρεισάγοντες,
3865 4951 3988 5017 μήτ’
4015 4952 4269 5020 ἀμέτρως
4301 4957 4434 5022 χρή-

2875 5035 3071 5088 σασθαι
3123 5035 3374 5088 ταυταισὶ
3433 5038 3549 5096 ταῖς
3597 5038 3718 5087 κατ’
3762 5038 3958 5099 αὐτοὺς
4009 5041 4296 5103 ἱστορίαις,
4355 5047 4429 5112 μή

2877 5142 3004 5176 ποτε
3041 5127 3176 5194 πρὸς
3232 5127 3469 5192 πέλαγος
3521 5127 3880 5194 διηγημάτων
3922 5131 4165 5198 ἀπείρων
4204 5134 4267 5183 τὸ
4297 5151 4432 5201 προ-

2875 5219 3129 5282 κείμενον
3169 5221 3298 5287 ἡμῖν
3349 5218 3605 5286 ἐμπεσὸν,
3639 5222 3942 5291 ναυαγήσῃ.
3979 5222 4085 5272 Καὶ
4129 5221 4192 5290 δὴ
4253 5225 4432 5286 καλῶς

2879 5325 2969 5376 μοι
3015 5309 3161 5360 δοκεῖ
3213 5307 3664 5374 συμπεπεράνθαι
3714 5310 3774 5356 το
3824 5308 4098 5374 καταρχὰς
4142 5310 4274 5376 ἡμῖν
4307 5310 4432 5376 βού-

2876 5399 3044 5466 λημα.
3093 5400 3180 5460 Ὠς
3225 5400 3332 5467 γάρ
3380 5417 3431 5450 τι
3488 5400 3833 5466 παράδειγμα
3873 5399 4125 5459 λαϐόντες
4174 5400 4274 5469 ήδη
4307 5403 4430 5464 τοὺς

2876 5491 3072 5558 ἄνδρας
3115 5491 3355 5555 τούτους,
3402 5489 3511 5560 [ὲκ]
3564 5491 3668 5541 τῶν
3697 5490 3895 5557 ὁμοίων
3924 5491 4104 5551 αὐτοῖς
4149 5491 4430 5554 ἀπάντων,

2879 5582 2971 5633 καὶ
3020 5582 3112 5643 τὰς
3165 5583 3399 5650 ἱστορίας
3453 5582 3552 5642 τὰς
3604 5582 3730 5648 περὶ
3788 5579 3988 5631 τούτων
4047 5581 4246 5640 ἱκανῶς
4295 5584 4430 5646 ἀφο-

3733 5671 4052 5737 περιεργίαν
4129 5671 4427 5738 παρέντες,

2879 5765 3014 5815 κατά
3065 5765 3251 5831 καιρὸν
3322 5761 3799 5829 ἀπαλλαττόμεθα,
3861 5761 3932 5823 ὡς
4003 5761 4104 5828 ἐμὲ
4153 5778 4215 5826 γε
4300 5769 4425 5833 περὶ

2878 5856 3063 5916 τούτου
3088 5855 3324 5925 νομίσαι.
3361 5854 3467 5906 Καὶ
3493 5853 3597 5922 γάρ
3621 5870 3703 5905 τοι
3733 5851 4088 5922 μεμιμήμεθα
4111 5853 4281 5920 ὀρθῶς
4306 5854 4422 5910 6:3-

2880 5673 3245 5737 σιωσάμενοι,
3339 5671 3518 5724 πᾶσάν
3599 5688 3656 5722 τε
