4748 6512
238 539 341 603 εο5

1677 542 1961 604 ORATIO
2002 544 2046 601 l.

3368 538 3475 598 405

236 654 581 725 πραξάμενοι
630 655 753 717 τοὺς
792 654 1312 726 ἀργυρογνώμονας,
1370 653 1452 721 οἷς
1492 676 1554 726 γε
1597 658 1713 721 ἔθος
1753 660 1817 712 ὲκ
1846 662 1888 717 Α
1918 658 2111 713 deduc!

1601 658 1713 721 ἔθος
1753 660 1817 712 ὲκ
1846 662 1888 717 Α
1918 658 2209 713 deductum
2250 655 2379 709 mihi
2408 654 2641 709 videtur.
2684 654 2972 725 Postquam
3005 654 3150 709 enim
3181 652 3323 708 viros
3350 655 3476 707 Ιιυςο

236 746 333 799 τοῦ
364 745 562 815 μέρους
594 748 656 798 τδ
707 747 1066 801 πᾶνέίδέναι.
1098 749 1209 800 Rati;
1237 743 1388 817 οἶμαι
1432 750 1632 819 χρῆναι
1665 751 1804 816 ἀγα-

238 838 347 905 πᾷν
393 838 459 906 τῇ
500 836 705 905 μεθόδντ)
738 836 932 907 ταύτῃ.
966 838 1027 889 Εί
1068 839 1177 907 γὰρ
1208 837 1258 890 οἳ
1296 843 1409 902 τοῖς
1440 841 1577 903 ὅλοις
1622 840 1806 903 ἔδοξαν

239 928 375 980 πολὺ
410 929 538 991 τοὺς
566 927 757 991 ἄλλους
788 930 1149 995 παρενεγκεῖν
1176 970 1189 993 ,
1223 930 1430 991 τούτοις
1478 931 1716 1001 ἀτεχνῶς
1749 933 1808 983 τδ

238 1017 490 1089 λαμπρὸν
517 1018 891 1086 τετελευτήκει
914 1019 1050 1088 πρὸς
1075 1020 1228 1072 οὐδὲν
1252 1021 1415 1090 ίερδν,
1442 1024 1591 1090 φασὶ.
1618 1025 1728 1076 τισὶ
1752 1022 1809 1077 δέ

239 1110 321 1159 κα¹
364 1108 501 1175 πρὸς
552 1108 879 1171 τούναντίον,
911 1109 989 1179 τῷ
1039 1110 1113 1180 μὴ
1161 1113 1399 1179 γνησίως
1466 1114 1596 1184 μηδὲ
1631 1104 1811 1179 καλῶς

240 1198 300 1249 τδ
333 1201 431 1265 τῆς
478 1199 679 1266 ἀρετῆς
719 1201 963 1268 μετιέναι
996 1202 1210 1270 χρῆμα,
1250 1204 1413 1274 σχολῇ
1466 1204 1516 1273 γ’
1565 1206 1630 1259 ἂν
1663 1206 1810 1259 ἄλλοι

241 1288 352 1342 τῶν
384 1289 688 1342 ἐλασσόνων
715 1291 931 1360 ἀληθῶς
963 1293 1028 1345 ἂν
1070 1293 1280 1359 δόξαιεν
1328 1296 1643 1365 εὐδαίμονες
1675 1293 1811 1349 εἶναι

242 1380 323 1449 τῷ
352 1381 623 1443 πλουτεῖν,
646 1384 740 1435 καὶ
764 1384 1003 1452 πλήθους
1028 1386 1239 1455 ἄρχειν,
1267 1386 1361 1439 καὶ
1387 1386 1444 1450 ἐξ
1473 1388 1811 1457 οἱασδήτινος

247 1472 499 1540 μηχανῆς
523 1472 673 1539 σφίσι
700 1490 762 1538 γε
790 1475 973 1537 αὐτοῖς
1002 1475 1319 1529 δουλοῦσθαι
1350 1481 1422 1545 μὴ
1456 1479 1814 1547 βουλομένους

244 1560 589 1630 ἀνθρώπους.
630 1564 791 1616 Ὥστε
839 1565 921 1617 δεῖ
946 1565 1055 1618 τῶν
1091 1567 1345 1637 ἱστοριῶν
1380 1570 1671 1638 ἀξρέμενονς
1720 1572 1811 1624 ἅτε

246 1654 341 1704 καὶ
381 1655 555 1724 παρόν
586 1672 667 1707 σοι
721 1656 923 1720 ταύτας
952 1658 1151 1711 εἰδέναι
1197 1660 1351 1730 παρά
1396 1660 1505 1712 τῶν
1537 1660 1814 1731 προῦργου

246 1743 409 1797 τοῦτο
468 1746 866 1815 πεποιηκότων,
921 1749 1252 1819 πειραθῆναι
1306 1752 1545 1804 τουτοισὶ
1575 1755 1684 1813 τοῖς
1725 1754 1815 1803 ἀν-

246 1836 407 1904 δράσι
446 1837 779 1907 παραϐαλεῖν
820 1841 1024 1894 ἐκεῖνον
1053 1841 1119 1913 δὴ
1148 1842 1237 1895 τὸν
1268 1844 1491 1912 ἄριστον
1542 1845 1725 1912 ἄνδρα,
1756 1846 1816 1898 δν

248 1928 309 1990 ἐξ
350 1927 660 1992 ὑποθέσεως
714 1930 1026 1999 ὑπεθέμεθα
1076 1933 1355 2003 καταρχὰς
1413 1933 1606 1997 εὐθύς·
1670 1935 1814 2001 λέγω

246 2016 312 2085 δὴ
354 2018 444 2069 τὸν
473 1989 755 2087 φρόνιμον,
791 1989 900 2073 καὶ·
926 2021 1149 2089 ἀγαθὸν,
1335 1989 1523 2093 σοφόν.
1555 1989 1631 2078 *Ὀ
1679 1989 1811 2093 γοθν
1844 1989 1883 2043 Β

249 2108 489 2181 τοιοῦτος
522 2110 796 2179 βασιλεὺς,
824 2112 857 2183 ἢ
890 2111 1025 2174 ὅλως
1061 2113 1244 2181 ἄρχων
1272 2114 1453 2181 τινῶν,
1486 2116 1814 2186 ἐρρωμένως

250 2200 391 2269 ἔχων
412 2202 508 2270 τὴν
532 2202 729 2272 ψυχὴν,
762 2205 851 2256 καὶ
884 2203 960 2266 ὡς
995 2204 1103 2273 χρὴ
1135 2206 1305 2272 φιλῶν
1328 2204 1399 2259 ὧν
1430 2206 1613 2275 ἄρχει.
1644 2208 1814 2261 θέλων

250 2310 311 2344 τε
342 2292 539 2373 αὐτους
570 2294 701 2362 ὸρᾷν
728 2295 785 2345 ὲν
818 2289 899 2354 οἷς
926 2294 994 2348 ἂν
1016 2290 1256 2362 γένοιντο
1292 2296 1389 2365 τὴν
1418 2299 1638 2367 γνώμην
1665 2300 1819 2369 ἀμεί-

252 2399 398 2449 νους,
435 2386 528 2437 καὶ
554 2384 734 2454 ζητῶν
763 2385 976 2439 ἅπαντα
1006 2390 1223 2455 τρίπον.
1254 2390 1320 2441 δι’
1350 2382 1426 2442 ὧν
1454 2388 1512 2442 εὖ
1541 2392 1815 2444 πείσονται

254 2476 388 2545 παρ’
418 2477 583 2529 αὖτοῦ
603 2492 617 2506 ⁸
652 2476 841 2530 ἔπειτα
869 2478 959 2530 καὶ
989 2480 1055 2546 τῇ
1091 2478 1323 2547 δυνάμει
1354 2479 1461 2532 τῶν
1500 2482 1671 2545 λόγων
1702 2482 1821 2535 πεί-

255 2571 368 2622 θων
396 2569 615 2633 αὐτοὺς,
652 2568 777 2638 μήτ’
807 2568 1121 2633 ἀλαζονείας
1188 2571 1470 2626 τοσῠνολον
1504 2574 1632 2643 μήτ’
1664 2577 1823 2643 είρω-

254 2659 404 2720 νεὲας
435 2658 737 2727 ἁπτόμενος
763 2659 952 2730 (ἄμφω
1000 2662 1108 2731 γὰρ
1140 2662 1320 2730 κακὼ)
1350 2663 1425 2726 ὡς
1454 2665 1538 2733 εἴη
1575 2663 1675 2734 μὶν
1714 2659 1824 2728 οἷός

254 2751 426 2812 ἐστιν,
467 2750 638 2804 ἐθέλοι
691 2750 736 2803 δ’
761 2751 897 2820 ὅπερ
931 2750 1107 2814 ἐθέλει
1132 2768 1147 2783 ·
1178 2754 1206 2804 ό
1255 2754 1318 2824 δὴ
1353 2753 1592 2816 τοιοῦτος
1637 2755 1826 2809 οὐδένα

254 2838 410 2907 λήσει
437 2838 547 2891 τῶν
585 2837 934 2904 ἀγαθῶν,’ώς
965 2840 1039 2891 ῶν
1072 2858 1134 2909 γε
1169 2843 1424 2911 τυγχάνει
1456 2844 1527 2895 τά
1561 2843 1694 2913 πρὸς
1730 2845 1825 2896 αὐ-

253 2930 382 2991 τοὺς
403 2929 498 2981 καὶ
520 2929 721 2999 πατὴρ,
743 2931 833 2982 καὶ
863 2930 1167 2999 οἰκονόμος,
1194 2934 1287 2985 καὶ
1310 2932 1481 3000 φίλος,
1513 2934 1605 2987 καὶ
1635 2933 1829 3003 κυϐερ-

258 3024 449 3089 νήτης,
472 3020 564 3073 καὶ
589 3020 811 3091 ποιμὴν,
831 3024 922 3075 καὶ
949 3023 1153 3094 ἰατρὸς,
1172 3025 1269 3078 καὶ
1289 3025 1467 3079 πάντα
1491 3028 1557 3079 τὰ
1579 3027 1826 3081 τοιαῦτα.

264 3113 457 3164 Ἔσται
505 3113 603 3182 μὲν
644 3114 751 3183 γὰρ
779 3114 961 3176 αὐτοῖς
1018 3116 1223 3186 σωτὴρ,
1260 3116 1411 3169 ἔσται
1450 3118 1507 3172 δὲ
1560 3120 1830 3180 παντοίως

258 3204 554 3274 ὠφέλιμος,
597 3205 654 3257 ἐν
702 3204 873 3258 ἅπασι
925 3209 1140 3276 καιροῖς
1193 3224 1251 3259 τε
1303 3208 1397 3261 καὶ
1452 3211 1829 3279 περιστάσεσι,

1911 765 1971 805 ce
2012 749 2155 802 velut
2174 748 2417 816 exempla
2441 747 2777 815 sumpsimus
2797 748 3059 813 omnium,
3083 746 3161 800 eis
3181 745 3442 799 similium
3461 787 3476 810 ,

1912 841 2298 904 memorimque
2320 840 2385 894 de
2412 831 2543 908 ipsis
2566 839 2795 908 prodita,
2824 840 2960 892 satis
2981 838 3290 905 attigimus,
3315 837 3484 891 omis-

1912 930 2007 991 sis,
2041 943 2380 998 qua-cunque
2419 943 2823 996 supervacanea
2883 925 3061 981 forent
3095 943 3109 980 :
3151 934 3477 995 opportune.

1914 1022 2062 1074 velut
2102 1020 2353 1089 equidem
2392 1020 2646 1081 arbitror,
2700 1020 3043 1073 desistimus.
3077 1018 3290 1072 Etenim
3336 1029 3482 1071 reete

1915 1110 2168 1174 fecimus,
2198 1112 2291 1180 qui
2329 1111 2537 1181 argenti
2587 1112 2992 1166 examinatores
3039 1111 3235 1164 imitati
3264 1110 3436 1163 simus
3465 1127 3477 1169 ;

1914 1203 2111 1273 quibus
2141 1213 2224 1257 est
2258 1203 2311 1256 in
2341 1218 2490 1256 more
2526 1211 2698 1255 totum
2736 1218 2798 1255 ex
2828 1212 2976 1271 parte
3001 1215 3298 1272 agnoscere
3332 1218 3345 1254 :
3373 1215 3478 1267 qua

1913 1310 2045 1350 sane
2084 1296 2233 1350 brevi
2272 1295 2499 1349 docendi
2532 1293 2615 1348 via
2658 1295 2852 1348 debere
2902 1308 3002 1347 nos
3048 1307 3167 1348 esse
3192 1301 3476 1348 contentos

1915 1387 2175 1441 arbitror.
2211 1386 2268 1441 Si
2315 1388 2460 1440 enim
2496 1386 2629 1446 illis.
2685 1387 2775 1452 qui
2817 1385 2980 1438 rebus
3031 1383 3286 1438 emnihns
3320 1384 3479 1451 longe

1915 1489 2135 1532 ett-toros
2165 1480 2369 1531 anteire
2404 1479 2502 1531 visi
2532 1490 2681 1540 sunt,
2725 1475 3011 1530 manifesto
3044 1476 3375 1544 splendoris
3412 1477 3475 1526 al

1917 1569 2060 1623 sacri
2091 1569 2249 1629 nihil,
2279 1569 2419 1635 quod
2449 1570 2623 1629 aiunt,
2656 1569 2870 1621 tandem
2904 1568 3085 1626 rediit.
3110 1584 3169 1620 ac
3210 1567 3486 1619 nonnullis

1917 1660 1972 1713 in
2013 1659 2349 1711 contrariam
2388 1673 2603 1727 quoque
2659 1668 2863 1725 partem
2912 1657 3129 1719 cecidit,
3168 1658 3327 1725 idque
3360 1672 3487 1725 pro-

1918 1765 2125 1822 pterea,
2157 1751 2299 1819 quod
2337 1764 2445 1804 non
2484 1751 2717 1811 sincere,
2753 1765 2854 1803 nec
2890 1759 3033 1803 recte
3073 1748 3271 1801 virtute
3300 1758 3481 1803 secta-

1923 1850 2112 1894 rentur
2145 1856 2159 1892 :
2192 1840 2365 1893 multo
2405 1839 2586 1893 minus
2616 1838 2907 1893 inferiores
2934 1839 3047 1901 alii,
3080 1847 3295 1907 propter
3326 1853 3483 1908 opes.

1918 1941 1972 1985 et
2003 1931 2188 2000 populi
2219 1931 2588 1995 dominatum,
2623 1940 2678 1984 et
2710 1932 2761 1983 in
2790 1932 3110 1984 servitutem
3142 1931 3208 1983 ab
3236 1947 3318 1991 se.
3356 1944 3487 1998 qna-

1917 2038 2133 2090 cunque
2187 2024 2405 2076 tandem
2471 2033 2609 2083 arte,
2656 2022 2904 2075 redactos
2953 2022 3203 2075 homines
3259 2023 3486 2081 invitos.

1919 2128 2045 2167 vere
2074 2111 2215 2165 beati
2249 2127 2369 2165 esse
2402 2111 2746 2164 videbuntur.
2776 2110 3115 2180 Quapropter
3148 2112 3371 2166 omissis
3401 2111 3485 2164 hi-

1924 2202 2132 2269 stet-iis,
2156 2218 2292 2271 quas
2318 2204 2598 2273 percipere
2629 2202 2695 2256 de
2729 2203 2795 2257 iis
2824 2212 2997 2271 potes,
3020 2203 3109 2272 qui
3143 2216 3235 2255 ens
3264 2217 3324 2254 ex
3361 2216 3488 2272 pro-

1917 2294 2062 2349 fesso
2111 2302 2385 2355 tractant,
2440 2293 2752 2346 conandum
2801 2292 2960 2348 nobis
2990 2303 3094 2357 est,
3158 2303 3214 2346 ut
3246 2308 3368 2347 cum
3398 2292 3488 2345 his

1918 2384 2052 2438 viris
2112 2383 2382 2451 optimum
2438 2382 2590 2434 illum
2644 2384 2817 2436 virum
2866 2397 3271 2451 comparemus,
3317 2378 3485 2445 quem

1919 2473 2105 2528 Statim
2161 2474 2229 2527 ab
2285 2472 2442 2526 initio
2497 2472 2831 2539 peculariter
2884 2473 3040 2528 nobis
3076 2474 3487 2542 preposuimus,

1921 2564 2245 2634 prodeuntem
2283 2566 2525 2633 inquam,
2549 2575 2603 2617 et
2634 2565 2861 2629 bonum,
2895 2573 2950 2620 ct
2988 2567 3311 2635 sapientem.
3341 2563 3489 2621 Talis

1924 2671 2053 2724 ergo
2088 2671 2198 2718 rex,
2232 2667 2323 2708 aut
2374 2658 2630 2724 princeps
2665 2656 2890 2710 omnino
2923 2657 3314 2725 quorumdam,
3362 2657 3493 2710 forti

1923 2757 1975 2800 ct
2001 2746 2271 2800 constanti
2321 2747 2577 2814 praeditus
2602 2748 2809 2812 animo,
2842 2746 3044 2818 quique
3076 2750 3355 2817 subjectos
3388 2750 3489 2802 im-

1930 2837 2078 2906 perio
2106 2851 2207 2890 suo
2248 2838 2326 2891 sic
2361 2837 2555 2907 diligit,
2597 2840 2673 2891 nti
2703 2838 2883 2903 debet,
2913 2850 2964 2894 et
2995 2840 3172 2893 videre
3207 2841 3351 2909 cupit
3386 2857 3482 2896 eos

1929 2931 1982 2981 in
2035 2930 2141 2985 illis
2189 2940 2489 2991 versantes,
2544 2932 2744 2999 quibus
2782 2932 3034 2987 meliores
3076 2947 3265 2988 eerum
3319 2935 3489 2988 animi

1927 3020 2266 3084 reddantur;
2303 3019 2561 3087 omnique
2596 3020 2807 3075 ratione
2835 3021 3060 3089 quaerit,
3100 3023 3299 3090 quibus
3331 3024 3502 3077 rebus-

1931 3110 2065 3164 bene
2091 3111 2156 3161 de
2179 3110 2314 3177 ipsis
2343 3112 2536 3163 mereri
2567 3112 2737 3177 possit
2764 3130 2776 3175 ;
2810 3126 2872 3166 ac
2894 3113 3091 3167 deinde
3119 3116 3297 3167 verbis
3328 3114 3490 3167 etiam

1931 3215 2048 3262 eos.
2096 3213 2147 3254 et
2196 3201 2517 3268 eloquentiae
2560 3202 2608 3254 vi
2643 3200 2846 3266 ﬂectit;
2880 3213 2936 3257 ut
2981 3208 3049 3258 ab
3087 3207 3234 3258 omni
3272 3223 3494 3275 prorsus

260 3296 546 3362 γινώσκων
570 3296 670 3364 μὲν
696 3296 755 3349 τὺ
781 3297 917 3349 πᾶσι
944 3301 1187 3351 συνοῖσον
1216 3298 1419 3366 βέλτιον
1444 3301 1660 3353 πάντων
1687 3299 1827 3351 ἐκεί·
1855 3301 1896 3357 C
1930 3308 2135 3361 arrogat

1618 3318 1660 3352 »ν
1687 3299 1827 3351 ὲκεί-
1855 3301 1896 3357 C
1930 3293 2264 3361 arrogantia,
2294 3293 2373 3347 sic
2424 3292 2586 3346 etiam
2629 3292 3067 3351 dissimulatione
3110 3297 3320 3353 alienus
3358 3300 3493 3369 (eteo

260 3408 390 3452 νων,
422 3389 589 3443 θέλων
611 3390 666 3443 δὲ
689 3390 753 3443 αὖ
785 3389 943 3445 τοῦτο
968 3392 1169 3460 σφίσιν,
1200 3392 1232 3460 ἢ
1259 3391 1441 3458 σφίσιν
1471 3391 1652 3451 αὐτοῖς
1677 3390 1824 3442 ὲκείο

261 3498 342 3535 νοι
367 3499 382 3515 ⁶
407 3482 539 3549 πρὸς
565 3481 621 3534 δὲ
639 3483 700 3535 τδ
722 3482 955 3552 περᾶναι
985 3484 1044 3534 τὸ
1072 3482 1231 3547 δόξαν
1260 3482 1475 3551 βέλτιον
1504 3478 1646 3534 εἶναι
1705 3476 1836 3534 ἔπιέ

264 3572 480 3639 στήμην
507 3572 863 3641 κεκτημένος,
892 3574 1093 3643 σπουδῇ
1132 3574 1225 3625 καὶ
1255 3574 1456 3643 εὐφυΐᾳ
1481 3571 1829 3639 συνειλεγμέ-

264 3677 385 3728 νην,
430 3659 496 3730 ἢν
526 3661 588 3713 οὐ
642 3661 837 3730 ῥᾳδίως
877 3663 1174 3730 ὑπερσαλεί
1209 3662 1377 3733 οὐδ”ᾕ
1420 3662 1527 3715 τῶν
1573 3661 1829 3715 ἁπάντων

264 3752 426 3819 ὁμοῦ,
457 3751 600 3821 λέγω
626 3753 691 3823 δὴ
716 3754 823 3807 τῶν
856 3755 960 3807 ὑπὸ
990 3757 1167 3824 χεῖρα,
1201 3754 1567 3825 ἀκρισέστατα
1596 3770 1829 3824 συγκρο-

262 3845 495 3912 τηθείσα
527 3844 660 3913 πρὸς
694 3843 753 3897 ἒν
790 3861 843 3897 τι
873 3846 1087 3915 χρῆμα.
1135 3845 1289 3899 Ὠσθ⁹
1325 3845 1664 3915 ὑποληπτέον
1695 3845 1829 3914 ἡμῖν

266 3935 336 3989 ἂν
394 3937 502 4005 εῐη,
542 3936 677 4006 ὅπερ
729 3937 1024 4003 ἀναγκαῖον
1076 3936 1203 3991 νοῦν
1253 3936 1458 4006 έχουσι.
1510 3936 1575 3988 Τί
1627 3935 1828 4001 cauto;

280 4025 368 4087 Ὧς
395 4026 500 4094 ἀρα
524 4024 728 4095 τάληθῆ
755 4026 1154 4096 πεπεισμένους
1178 4027 1304 4089 τοὺς
1332 4027 1672 4097 ἀρχομένους
1702 4027 1830 4096 περὶ

266 4116 366 4168 τοῦ
399 4115 676 4185 ἄρχοντος,
698 4117 778 4169 ὃτι
806 4117 967 4179 καλός
994 4134 1051 4169 τε
1077 4117 1317 4185 κάγαθός
1346 4118 1480 4179 ἐστι,
1508 4117 1600 4169 καὶ
1619 4118 1685 4169 τὰ
1710 4116 1829 4168 κατ’

266 4205 453 4270 αὐτὸν,
484 4205 576 4258 καὶ
611 4204 678 4257 τά
711 4206 849 4257 κατὰ
885 4204 1072 4258 τούσδε
1095 4244 1110 4267 ,
1148 4205 1303 4257 οῦδὲν
1336 4206 1403 4258 ἂν
1432 4205 1518 4274 εἴη
1552 4204 1614 4257 τὸ
1643 4221 1829 4273 προσι-

269 4298 537 4365 στάμενον
570 4296 817 4366 μεθέξειν
849 4296 1047 4360 αὐτοὺς
1080 4296 1288 4349 πολλῶν
1323 4314 1381 4349 τε
1416 4298 1509 4349 καὶ
1558 4300 1828 4365 μεγίστων

267 4380 513 4456 ἀγαθῶν.
544 4387 714 4440 Ταυτὶ
737 4388 794 4440 δὲ
823 4387 966 4456 λέγω
998 4389 1127 4458 περὶ
1161 4388 1413 4458 χρηστῶν
1446 4404 1505 4439 τε
1531 4388 1625 4441 καὶ
1660 4391 1831 4441 έπιειο

268 4479 547 4547 κεστέρων
595 4477 923 4548 ἀνθρώπων.
958 4478 1063 4530 Τὸν
1115 4477 1225 4547 γὰρ
1277 4477 1503 4541 Ἰούδαν,
1559 4481 1650 4532 καὶ
1706 4479 1829 4541 τοὺς

266 4569 561 4635 τοιούτους,
617 4569 725 4622 οὐδ’
776 4570 810 4637 ἡ
847 4567 940 4621 τοῦ
977 4568 1230 4636 Σωτῆρος
1259 4569 1451 4637 ἀρετὴ,
1500 4570 1533 4638 ἢ
1566 4570 1830 4636 οὐρανοὺς

1931 3385 2040 3438 nim
2062 3394 2351 3452 utrumque
2376 3384 2572 3437 malum
2595 3385 2720 3454 est),
2746 3397 2802 3439 ut
2826 3388 2915 3453 sit,
2944 3389 3119 3455 qualis
3140 3399 3253 3452 est;
3278 3400 3325 3442 ct
3351 3393 3492 3458 quod

1928 3474 2065 3536 vult,
2098 3474 2221 3526 velit
2254 3489 2269 3528 :
2299 3474 2444 3537 talis,
2466 3475 2709 3543 inquam,
2733 3478 2997 3531 bonorum
3025 3479 3190 3533 latere
3218 3482 3491 3535 neminem

1931 3572 2129 3634 potest,
2159 3566 2293 3633 quin
2328 3568 2471 3635 quod
2498 3568 2697 3621 attinet
2728 3570 2898 3637 ipsos,
2929 3580 2979 3623 et
3012 3579 3166 3640 pater
3198 3573 3289 3634 sit,
3318 3584 3371 3627 et
3395 3575 3496 3627 ad-

1932 3654 2292 3722 ministrator,
2324 3667 2376 3710 et
2412 3659 2641 3725 amicus,
2669 3667 2724 3713 et
2745 3661 3097 3729 gubernator,
3126 3675 3176 3718 et
3207 3676 3405 3732 pastor,
3443 3677 3498 3720 et

1932 3745 2197 3805 medicus,
2232 3755 2285 3799 et
2336 3747 2605 3811 ejusmodi
2644 3752 2849 3805 omnia.
2885 3751 3016 3806 Nam
3050 3763 3104 3808 et
3147 3768 3391 3812 servator
3416 3760 3497 3812 eis

1929 3839 2055 3899 erit,
2086 3847 2139 3890 et
2164 3837 2316 3891 utilis
2360 3840 2699 3905 omnimodo,
2733 3844 2926 3911 quovis
2960 3854 3223 3913 tempore,
3259 3849 3493 3915 quibus-

1932 3928 2014 3981 vis
2055 3929 2273 3983 casibus
2312 3946 2323 3979 :
2370 3934 2510 3998 quod
2541 3941 2593 3985 et
2638 3933 2921 4001 profutura
2959 3938 3233 3992 universis
3273 3940 3494 4005 melius,

1932 4035 2094 4087 quam
2126 4020 2225 4089 ipsi
2254 4036 2466 4084 omnes,
2500 4024 2766 4093 intelligat
2794 4044 2806 4089 ;
2839 4036 2892 4078 et
2925 4029 3095 4099 magis
3128 4031 3239 4085 haec
3271 4034 3349 4085 eis
3374 4047 3497 4086 eve-

1936 4112 2053 4164 nire
2091 4111 2298 4179 cupiat,
2332 4127 2492 4179 quam
2544 4114 2644 4179 ipsi
2694 4116 2913 4169 sibimet
2968 4120 3099 4186 ipsis
3151 4130 3380 4188 aptent:
3429 4125 3492 4174 ad

1937 4201 2325 4267 perliciendum
2374 4213 2552 4257 autem
2611 4206 2682 4271 id,
2738 4210 2883 4275 quod
2917 4210 3109 4264 melius
3156 4223 3279 4269 esse
3318 4217 3495 4267 \‘iStIm

1932 4292 2115 4358 fuerit,
2154 4308 2220 4347 ea
2270 4296 2529 4362 praeditus
2562 4296 2632 4350 sit
2662 4300 2973 4366 prudentia,
3012 4311 3125 4356 tum
3159 4308 3344 4367 studii,
3381 4316 3499 4357 tum.

1934 4374 2135 4452 ingenii
2189 4386 2238 4437 vi
2271 4385 2530 4449 collecta;
2560 4403 2722 4455 quam
2762 4405 2867 4443 non
2904 4391 3060 4447 facile
3089 4395 3497 4453 vcl‘accuratis-

1932 4475 2068 4527 sime
2101 4474 2154 4527 in
2178 4490 2344 4529 unum
2376 4478 2607 4531 conﬂata
2633 4481 2795 4534 simul
2848 4484 3091 4537 omnium
3125 4488 3338 4554 peritia,
3366 4492 3495 4544 sub-

1936 4563 2177 4618 ditorum
2209 4566 2450 4634 inquam,
2482 4572 2847 4636 superaverit.
2882 4573 3225 4645 Quapropter
3254 4580 3301 4631 id
3337 4582 3496 4636 nobis

269 4662 531 4730 ἐκάλυψε,
576 4662 715 4715 κατά
762 4662 854 4714 τὸν
905 4661 1209 4730 προφήτην,
1239 4659 1541 4729 ὠφέλησεν.
1576 4661 1731 4715 Οὕτω
1763 4663 1827 4731 δὴ
1862 4667 1907 4723 D
1935 4662 2018 4708 85¢
2050 4656 2144 4707 cxi:

1621 4661 1731 4714 ὓτω
1763 4663 1827 4731 δὴ
1862 4667 1907 4723 ι)
1935 4662 2018 4708 est
2050 4656 2498 4720 existimandum,
2545 4660 2691 4728 quod
2743 4664 3057 4718 existimare
3121 4679 3297 4723 mente
3355 4687 3491 4738 prsc-

271 4754 483 4825 χωροῦν
503 4756 564 4806 τὸ
596 4754 847 4823 πρᾶγμα,
882 4752 1006 4821 μηδ’
1032 4752 1201 4822 ἑτέρῳ
1226 4754 1338 4805 τοῖν
1363 4752 1541 4808 πεδοῑν
1568 4769 1828 4821 παραχω-
1849 4761 1860 4773 “

269 4846 447 4913 λεῦον,
475 4847 537 4899 οὐ
571 4845 821 4915 βραδέως,
846 4846 1172 4915 καταντήσει
1217 4844 1351 4913 πρός
1386 4860 1438 4896 τι
1474 4844 1833 4914 χρηστότερον

270 4939 466 5008 πέρας.
486 4939 596 4991 Καὶ
611 4936 768 4990 τοῦτο
786 4936 949 5004 λέγω,
963 4936 1023 4989 οὺ
1044 4937 1459 5005 μαντευόμενος,
1477 4936 1598 4989 οὐδὲ
1621 4952 1833 5004 προφη-

267 5030 464 5083 τεὺων.
498 5029 571 5081 Τὸ
595 5029 694 5097 μὲν
726 5028 834 5097 γὰρ
857 5028 1140 5097 Τειρεσίου
1169 5027 1262 5080 τοῦ
1294 5028 1484 5090 πάλαι,
1507 5026 1566 5078 τὸ
1583 5026 1641 5077 δὲ
1670 5024 1833 5077 Δαὸιδ

272 5117 735 5189 βασιλέως.Ἐμοὶ
762 5116 814 5169 δὲ
848 5116 1073 5185 θάτερον
1106 5118 1202 5185 μὲν
1232 5116 1306 5185 μὴ
1360 5116 1567 5182 γένοιτο
1610 5114 1689 5175 (οὐ
1723 5115 1832 5181 γὰρ

268 5210 394 5279 Θεῷ
422 5207 860 5277 φίλον),θάτερον
887 5206 946 5260 δὲ
996 5208 1252 5276 μέγιστον
1286 5207 1405 5275 μὲν,
1441 5205 1696 5258 ἀλλ”οὺδὲ
1722 5206 1829 5257 δει-

270 5301 464 5355 κνύναι
491 5298 619 5367 χρὴ,
642 5298 715 5360 ὡς
750 5299 891 5366 ὑπὲρ
920 5299 1088 5367 ἡμᾶς.
1122 5296 1291 5365 Δῆλον
1315 5297 1438 5366 γάρ.
1474 5296 1548 5350 Οὐ
1580 5297 1688 5364 μὴν
1718 5296 1831 5350 ἀλλ’

270 5393 396 5446 οὐδὲ
423 5389 837 5460 τεκμαιρόμεθα
858 5390 1036 5454 τοῦτο,
1066 5391 1140 5451 ὡς
1165 5384 1273 5441 οἶόν
1302 5406 1361 5441 τε
1391 5385 1529 5441 εἶναι
1565 5389 1833 5459 ἐξηπατῆ-

273 5482 421 5535 σθαι.
460 5479 634 5532 Πολλά
665 5479 773 5549 γὰρ
807 5479 874 5533 ἂν
910 5478 1135 5531 τοιαῦτα
1170 5478 1411 5548 συμϐαίη
1431 5483 1543 5542 τοῖς
1570 5479 1831 5548 διισχυριο

270 5568 522 5637 ζομένοις
548 5570 675 5636 περὶ
704 5566 799 5618 τοῦ
830 5565 1153 5634 πράγματος
1175 5566 1283 5618 ἀπὸ
1318 5566 1653 5635 τεκμηρίων.
1693 5566 1830 5616 Ἀλλ’

270 5661 493 5728 ἀνάγκη
527 5655 804 5724 λογισμῶν
837 5654 997 5707 τοῦτο
1026 5655 1279 5725 λέγομεν.
1323 5656 1429 5708 Καὶ
1454 5656 1722 5708 σκοπείτω
1747 5674 1832 5719 τις

268 5750 390 5801 ὡδί.
423 5751 577 5800 Δυοῖν
606 5747 709 5814 γὰρ
738 5748 951 5808 πάντως
990 5745 1200 5815 θατέρῳ
1231 5746 1412 5809 κακῶς
1445 5747 1712 5815 πράξουσι
1740 5750 1831 5799 πό-

270 5840 411 5899 λει·,
443 5838 538 5903 (τῷ
575 5838 680 5904 γὰρ
719 5835 783 5904 δὴ
842 5834 959 5885 κατ’
999 5835 1164 5902 ἄμφω
1198 5833 1444 5899 νοσῆσαι,
1484 5835 1603 5887 οὐδὲ
1649 5836 1830 5898 κακῶς

273 5928 482 5989 πρᾶξαι
513 5927 821 5990 περιέσται·
857 5924 989 5977 ἀλλὰ
1028 5926 1123 5991 τὴν
1152 5925 1410 5994 ταχίστην
1446 5926 1780 5980 ἀπολωλέναι
1811 5934 1826 5995 )

1934 4740 2031 4796 diti
2054 4744 2362 4797 necessario
2390 4745 2608 4799 debent.
2639 4746 2777 4811 Quid
2806 4750 2944 4803 istuc
2966 4751 2988 4802 ?
3009 4751 3063 4803 Si
3094 4769 3215 4807 vere
3236 4754 3345 4808 sint
3372 4773 3493 4823 per-

1934 4836 2085 4888 suasi
2135 4834 2211 4896 de
2237 4836 2483 4906 principe
2538 4838 2762 4904 subditi,
2814 4841 2956 4907 quod
3019 4852 3284 4910 praestans
3321 4847 3392 4900 sit
3440 4860 3493 4903 rt

1933 4927 2207 4994 egregius,
2241 4939 2363 4980 cum
2400 4928 2536 4986 suis.
2570 4938 2681 4983 tum
2706 4930 2949 4999 ipsorum
2983 4934 3034 4985 in
3065 4938 3320 5004 negotiis,
3360 4939 3491 4991 nihil

1934 5027 2054 5067 esse
2082 5013 2490 5082 impedimento,
2518 5033 2626 5086 quo
2651 5021 2831 5073 minus
2859 5028 2910 5072 ct
2936 5027 3173 5077 multoru
3195 5040 3255 5087 η,
3292 5030 3344 5078 cl
3376 5042 3492 5081 mas

1936 5104 2210 5157 ximornm
2262 5107 2524 5166 bonorum
2575 5122 2853 5176 compotes
2888 5116 3052 5178 liant;
3084 5124 3248 5183 atque
3279 5116 3393 5171 haec
3426 5120 3491 5172 de

1934 5195 2091 5249 bonis
2117 5205 2170 5249 et
2193 5199 2453 5253 modestis
2478 5200 2790 5257 hetniuibus
2817 5207 3131 5272 pronuntio.
3160 5206 3291 5260 Nam
3316 5208 3487 5272 Juda3,

1935 5301 2096 5355 atque
2127 5288 2248 5343 aliis
2281 5289 2504 5354 talibus,
2542 5306 2609 5345 ne
2640 5291 2757 5361 ipsa
2790 5295 3009 5363 quidem
3040 5296 3343 5354 Servatoris
3379 5305 3489 5354 vir-

1935 5388 2041 5443 tus,
2090 5394 2211 5449 qua:
2239 5383 2410 5436 caelos
2444 5386 2676 5450 operuit,
2719 5393 2775 5438 ut
2807 5388 3083 5455 prephetae
3115 5393 3291 5446 verbis
3342 5402 3485 5458 utar,

1934 5473 2159 5540 profuit.
2212 5472 2323 5529 Hoc
2369 5475 2527 5530 modo
2571 5477 2617 5531 si
2661 5468 2747 5533 res
2791 5483 3064 5549 procedet,
3100 5499 3197 5538 nec
3226 5485 3487 5540 alterutro

1934 5564 2068 5631 pede
2106 5564 2466 5628 claudicabit;
2502 5581 2840 5638 nequaquam
2895 5573 3041 5627 lente
3087 5578 3283 5629 bonum
3322 5580 3385 5631 ad
3421 5580 3485 5632 ll-

1935 5669 2057 5707 nem
2086 5655 2404 5724 perveniet:
2434 5658 2579 5723 quod
2612 5660 2861 5727 equidem
2888 5677 2988 5716 nec
3012 5675 3070 5718 ut
3099 5668 3364 5733 hariolus,
3389 5686 3485 5726 nec

1934 5754 1992 5798 ut
2018 5746 2277 5815 propheta
2312 5747 2451 5800 dico.
2485 5746 2614 5801 Nam
2666 5749 2808 5805 istud
2873 5754 3018 5810 illius
3071 5759 3232 5824 prisci
3266 5758 3483 5814 Tiresia.-

1928 5836 2141 5900 fuerit;
2183 5837 2285 5890 hoc
2328 5837 2546 5892 Davidis
2602 5843 2762 5910 regis.
2803 5844 2931 5898 Mihi
2985 5862 3112 5902 vero
3151 5850 3314 5904 nolim
3346 5852 3482 5905 alte-

1935 5942 2053 5981 rum
2094 5927 2224 5982 illud
2254 5929 2586 5999 contingere,
2619 5934 2761 6002 quod
2798 5949 3071 6002 acceptum
3102 5940 3207 5996 Deo
3238 5957 3341 5996 non
3373 5944 3480 5997 sit:
