4748 6512
1239 427 1345 489 407

2399 437 2796 499 MANHELIS
2838 443 3295 506 PAL-EOLOGI

4361 454 4465 522 408

1234 546 1467 600 alterum
1520 562 1646 601 vero
1681 549 1974 605 maximum
2005 567 2134 606 sane
2163 554 2416 621 quiddam
2449 566 2550 621 est,
2583 557 2676 611 sed
2705 574 2792 612 su-
2818 559 2867 617 Δ
2896 563 2927 629 ἢ
2977 561 3054 632 τῷ
3087 581 3109 631 μ

2588 557 2676 611 sed
2705 574 2792 612 su-
2818 559 2867 617 Δ
2896 563 2927 629 ἢ
2977 561 3054 632 τῷ
3087 563 3160 632 μὴ
3200 563 3454 630 προνοίας
3480 562 3724 632 χρηστῆς
3757 563 4182 618 ἀπολελαυκέναι
4213 571 4463 637 χρηστῶν

1233 655 1327 706 pra
1374 653 1472 692 nos
1504 655 1625 694 esse
1668 642 1926 708 positum.
1970 661 2035 697 ne
2071 646 2296 699 indicari
2343 650 2561 716 quidem
2606 652 2787 716 debet,

1229 745 1354 780 eum
1384 733 1732 799 perspicuum
1769 735 1858 787 sit.
1893 733 2143 788 Necitem
2177 737 2244 789 tle
2276 739 2609 807 conjecturis
2641 743 2791 795 colli-

1226 822 1425 890 gimus,
1483 833 1542 877 ut
1596 824 1706 879 falli
1749 829 2040 894 possimus.
2092 829 2327 884 Evenire
2379 848 2612 902 namque
2660 836 2785 888 talia

1224 925 1428 979 queunt
1460 914 1546 976 iis,
1581 916 1666 980 qui
1693 916 1760 969 de
1781 932 1838 970 re
1863 919 2114 986 quapiam
2137 937 2201 975 ex
2225 923 2554 990 conjecturis
2581 924 2785 994 aliquid

1227 1001 1520 1057 affirmant.
1555 1005 1790 1060 Adducti
1826 1021 1956 1061 vero
1985 1009 2289 1065 rationibus
2321 1015 2649 1069 necessariis
2683 1015 2785 1069 hoc

1221 1094 1456 1148 dicimus
1487 1111 1500 1146 :
1534 1109 1596 1148 ac
1631 1096 1685 1148 in
1719 1096 1863 1152 hunc
1895 1114 2026 1153 sane
2060 1102 2274 1155 modum
2305 1105 2674 1159 consideratio
2696 1108 2779 1160 in-

1221 1185 1506 1238 stituatur.
1543 1184 1670 1241 Due
1701 1204 1790 1243 res
1822 1201 1968 1254 sunt,
2023 1208 2253 1261 quarum
2287 1210 2466 1248 rerum
2518 1198 2779 1253 alterutra

1221 1273 1472 1329 infelices
1498 1277 1662 1331 urbes
1707 1291 1867 1334 erunt
1895 1283 2118 1351 (quippe
2144 1285 2188 1337 si
2225 1286 2369 1340 vitiis
2407 1289 2678 1346 ambobus
2705 1292 2782 1344 la-

1218 1365 1437 1430 l-orent,
1467 1381 1532 1417 ne
1564 1371 1833 1434 supererit
1865 1371 2079 1439 quidem
2112 1376 2212 1435 eis,
2260 1385 2316 1428 ut
2355 1375 2598 1433 infelices
2631 1383 2778 1446 sint;

1215 1453 1310 1504 sed
1358 1465 1517 1507 erunt
1550 1458 1958 1526 quamprimum
2005 1464 2286 1532 perditae);
2323 1468 2405 1520 vel
2448 1469 2492 1521 si
2540 1469 2776 1525 fructum

1216 1543 1573 1608 providentiae
1609 1547 1782 1612 bonae,
1820 1552 2086 1606 bonormn
2143 1556 2478 1626 principum,
2512 1574 2619 1614 non
2651 1578 2778 1630 per-

1219 1637 1506 1704 crpcrint;
1542 1641 1624 1691 vel
1665 1642 1709 1694 si
1740 1642 1820 1697 eis
1869 1660 2057 1712 parere
2091 1663 2197 1701 non
2233 1651 2528 1705 voluerint.
2560 1655 2639 1707 Ac
2666 1656 2778 1722 pri-

1219 1743 1364 1778 mum
1394 1730 1614 1796 quidem
1677 1733 1808 1787 illud
1847 1745 1930 1788 est
1980 1737 2331 1805 perdifficile:
2365 1741 2540 1797 bonus
2569 1754 2627 1799 ut
2660 1760 2777 1799 om-

1212 1817 1347 1872 nino
1379 1821 1634 1890 princeps
1669 1825 1994 1882 inveniatur.
2030 1828 2269 1884 Altcrum
2302 1847 2432 1886 vero
2481 1848 2652 1903 prope
2682 1851 2774 1891 nec

2895 655 3187 721 ἀρχόντων,
3222 655 3252 722 ἦ
3288 653 3364 723 τῷ
3406 656 3580 706 τοῖσδε
3625 655 3871 707 ἀπειθεῖν
3937 657 4348 724 βεϐουλεῦσθαι.
4394 663 4464 713 Τὸ

2894 748 2995 811 μὲν
3025 742 3118 798 οὖν
3171 746 3387 814 πρῶτον
3422 748 3795 817 παγχάλεπον,
3835 750 4070 819 ἄρχοντα
4116 753 4462 804 παντάπασιν

2889 836 3090 901 ἀγαθὸν
3142 835 3465 904 εὑρεθῆναι·
3517 839 3577 890 τὸ
3608 840 3790 907 μέντοι
3825 840 4078 908 δεύτερον
4125 842 4326 909 μικροῦ
4371 845 4462 894 καὶ

2887 926 3184 993 ἀναγκαῖον
3209 927 3275 980 ἀν
3299 928 3570 996 εῖποιμεν,
3603 931 3790 997 ἀγαθῷ
3823 933 4218 999 γινωσκομένη)
4246 934 4325 1002 τῷ
4362 937 4458 1002 ἄρ-

2886 1032 3032 1083 χοντι
3065 1017 3299 1084 ἀγαθοὺς
3325 1019 3483 1080 ὄντας
3511 1020 3794 1073 πείθεσθαι
3823 1022 3948 1084 τοὺς
3981 1023 4071 1073 ὑπ’
4091 1023 4240 1090 αὐτῷ
4259 1041 4460 1091 τεταγ-

2889 1107 3103 1173 μένονς.
3132 1110 3192 1160 Ei
3240 1111 3345 1180 γὰρ
3395 1112 3530 1180 πρὸς
3579 1110 3708 1174 τούς
3752 1115 3855 1166 ὑπὸ
3890 1117 4048 1182 χεῖρα
4095 1115 4328 1183 πατρὸς,
4366 1119 4456 1167 καὶ

2885 1200 3076 1266 φίλων,
3112 1205 3204 1255 καὶ
3235 1203 3592 1273 κυϐερνήτου,
3611 1206 3704 1259 καὶ
3731 1207 3837 1259 τῶν
3859 1207 4117 1259 τοιούτων
4144 1210 4335 1276 ἐπέχει
4362 1209 4456 1259 τά·

2885 1290 2986 1354 ξκν,
3029 1293 3144 1353 πῶς
3187 1293 3284 1362 οὐχ
3329 1293 3440 1356 ἔξει
3477 1295 3874 1363 πεπεισμένους
3928 1297 4146 1357 αὐτοὺς,
4182 1299 4231 1348 εἰ
4278 1297 4456 1357 καλῶς

2882 1384 3033 1436 ταῦτ’
3062 1384 3286 1450 είδεῖενς
3319 1386 3426 1438 Καὶ
3458 1388 3569 1456 γὰρ
3606 1389 3826 1450 πάντως
3865 1389 4108 1455 ποιμένι,
4157 1389 4252 1440 καὶ
4299 1391 4456 1440 ἱππο-

2882 1475 3090 1545 φορῦᾠ,
3145 1477 3236 1528 καὶ
3265 1476 3525 1546 βουκόλῳ,
3561 1479 3750 1546 ἕψεται
3791 1479 4165 1547 ὲξηγουμένῳ,
4211 1481 4336 1532 ὅποι
4392 1475 4455 1531 ἀν

2881 1569 3190 1634 πορεύοιτο,
3242 1568 3310 1619 τὰ
3343 1569 3475 1637 παρ’
3526 1569 3738 1621 ἐκείνου
3773 1571 4034 1639 προνοίας
4074 1570 4454 1622 ἀπολαύσοντα

2879 1658 3013 1719 ζῶα.
3052 1659 3160 1712 Καὶ
3181 1659 3540 1728 κυϐερνήτης,
3573 1661 3667 1712 καὶ
3699 1660 3901 1727 ίατρδς,
3931 1663 4024 1712 καὶ
4055 1661 4192 1722 ὅλως
4229 1661 4454 1727 εὐεργέ-

2875 1766 2997 1817 της,
3036 1746 3096 1802 εὖ
3148 1751 3293 1820 μάλα
3331 1752 3548 1814 πάντως
3597 1754 3898 1816 πείσουσιν,
3960 1750 4042 1813 οἷς
4080 1770 4140 1818 γε
4209 1754 4455 1822 σωτῆρες

2882 1843 3181 1909 ἐφάνησαν.
3231 1844 3518 1914 Δηλονοτιὴ
3548 1847 3642 1899 καὶ⁸
3677 1843 3884 1913 τυφλῷ,
3923 1847 4087 1912 φησὶν
4119 1845 4144 1895 δ
4181 1848 4451 1912 κωμικὸς,

1217 1913 1516 1966 cessarium
1549 1930 1767 1982 quoque
1791 1917 2090 1974 dixerimus
2118 1940 2130 1984 ;
2167 1933 2223 1976 ut
2260 1923 2514 1993 principi,
2537 1926 2630 1993 qui
2656 1942 2776 1982 esse
2812 1902 2854 1957 Β
2887 1934 2979 1999 ἀφ’
3007 1926 3092 1985 οὗι

2579 1926 2630 1979 ui
2656 1942 2776 1982 esse
2812 1902 2854 1957 Β
2887 1934 2979 1999 ἀφ’
3007 1926 3066 1985 οὗ
3090 1950 3148 1985 σε
3173 1933 3267 1986 νῦν
3295 1937 3323 1987 ό
3343 1935 3603 2004 σοφιστὴς
3630 1935 3756 2003 ἄρτι
3781 1937 3916 2002 πρὸς
3940 1936 4102 2003 ἕτερα
4121 1936 4306 2003 βιϐλία
4334 1954 4454 2004 μετ-

1213 2000 1393 2056 bonus
1443 2009 1783 2071 agnoscitur,
1842 2012 2042 2064 subditi
2075 2023 2130 2066 et
2171 2014 2270 2080 ipsi
2322 2017 2446 2068 boni
2497 2017 2774 2088 obt‘empe-

1219 2103 1362 2146 rent.
1399 2094 1530 2148 Nam
1558 2099 1603 2150 si
1637 2114 1763 2167 erga
1793 2102 2043 2156 subditus
2070 2113 2122 2156 et
2146 2106 2340 2172 patris,
2367 2117 2420 2159 et
2445 2108 2772 2173 amicorum,

1214 2194 1268 2237 et
1291 2185 1694 2254 gubernatoris,
1730 2199 1782 2243 et
1815 2191 2046 2247 aliorum
2084 2195 2388 2264 bujusmodi
2418 2200 2596 2254 locum
2629 2203 2773 2257 obti-

1214 2287 1303 2328 net
1337 2295 1350 2328 :
1388 2293 1497 2345 quo
1535 2291 1691 2346 pacto
1727 2297 1832 2334 non
1869 2299 1966 2338 eos
2013 2286 2161 2340 dicto
2199 2290 2488 2345 audientes
2529 2293 2768 2359 habebit,

1213 2367 1376 2421 modo
1407 2368 1520 2423 hazc
1561 2371 1626 2422 de
1663 2373 1780 2440 ipso
1815 2385 1958 2428 recte
2011 2378 2239 2432 norint?
2269 2378 2506 2436 Omnino
2537 2400 2772 2454 namque

1211 2471 1506 2526 pastorem,
1542 2469 1592 2514 et
1622 2466 1931 2533 equal-ium,
1968 2480 2020 2521 et
2074 2475 2489 2538 armentarium,
2522 2494 2770 2547 quocun-

1211 2565 1320 2616 que
1342 2555 1663 2618 perrexcrit,
1696 2555 1902 2611 itineris
1922 2559 2112 2612 ducem
2142 2577 2462 2632 sequentur,
2511 2584 2768 2636 qumcuu-

1210 2657 1317 2710 que
1348 2644 1601 2698 animalia
1635 2646 1805 2715 ipsius
1851 2652 2192 2717 providentia
2247 2670 2488 2726 curaque
2533 2659 2766 2716 fruitura

1211 2744 1358 2787 sunt.
1394 2735 1582 2790 Itidem
1616 2750 1669 2792 et
1712 2742 2043 2808 gubernator
2080 2747 2252 2810 navis,
2305 2758 2361 2803 et
2413 2751 2678 2818 medicus,
2715 2765 2770 2809 et

1210 2829 1522 2898 quicunque
1548 2833 1683 2886 bene
1730 2837 1797 2889 de
1835 2838 1960 2891 aliis
1991 2851 2256 2902 tueretur,
2287 2845 2512 2899 omnino
2543 2862 2769 2916 persna-

1210 2917 1372 2972 dendi
1399 2919 1504 2972 vim
1533 2922 1596 2974 ad
1623 2937 1712 2978 eos
1753 2925 2026 2981 habebunt
2062 2945 2197 2996 quos
2229 2943 2464 2988 servant.
2498 2935 2762 2991 Nimirum

1211 3009 1294 3061 vel
1319 3026 1461 3063 caeco
1493 3024 1665 3080 paret,
1697 3016 1874 3084 inquit
1900 3021 2145 3073 comit-us
2179 3024 2286 3086 ille,
2313 3041 2340 3077 a
2368 3042 2476 3094 quo
2501 3037 2550 3081 te
2578 3045 2766 3086 recens

1209 3109 1507 3169 praceptor
1542 3113 1667 3160 tuus
1707 3108 1846 3162 alios
1883 3109 1948 3162 ad
1989 3111 2155 3165 libros
2183 3116 2459 3181 traduxit;
2500 3117 2761 3186 futurum,

2888 2029 3158 2096 ενήνοχεν,
3211 2027 3284 2089 ὡς
3321 2027 3389 2095 ἢν
3426 2027 3500 2096 μὴ
3554 2027 3621 2080 δι’
3668 2028 3950 2096 ἁμαρτίαν
4005 2027 4345 2097 ἀντικρούσῃ
4397 2028 4455 2078 τὺ

2889 2119 3064 2181 Θεῖον,
3086 2113 3168 2172 -εὐ
3201 2118 3258 2171 τὸ
3284 2118 3528 2171 τοιοῦτον
3564 2120 3807 2187 ὑπήκοον
3848 2120 4131 2172 πείσονται
4163 2121 4319 2186 παρά
4360 2119 4453 2170 τοῦ

2886 2210 3126 2263 τοιούτου
3167 2211 3453 2266 δεσπότου.
3506 2213 3615 2265 Καὶ
3661 2212 3938 2275 τεύξονταί
3992 2229 4054 2278 γε
4103 2211 4456 2279 εὐδαιμονίας

2883 2293 3276 2370 ἀληθεστάτης,
3314 2305 3548 2372 μακροῖς
3569 2303 3756 2372 ἱδρῶσι
3789 2305 3882 2356 καὶ
3905 2305 4108 2366 πόνοις.
4127 2304 4224 2372 οὐχ
4249 2305 4455 2372 ἥκιστα

2883 2394 2939 2444 δὲ
2980 2393 3072 2445 καὶ
3105 2392 3368 2454 κινδύνοις
3400 2393 3494 2444 τοῦ
3534 2392 3632 2445 σὺν
3658 2393 3842 2454 αὐτοῖς
3866 2393 4004 2461 ὑπὲρ
4035 2394 4216 2445 αὐτῶν
4248 2394 4454 2457 ἀγωνι-

2884 2483 3139 2549 ζομένου,
3174 2483 3266 2536 καὶ
3290 2485 3386 2537 σὺν
3411 2485 3690 2553 ἐπιστήμῃ
3707 2485 3768 2537 τὸ
3791 2486 3997 2551 σκάφος
4020 2485 4268 2551 ἄγοντος.
4293 2482 4453 2536 Οὕτω

2882 2575 2990 2644 γὰρ
3026 2573 3159 2644 πρὸς
3194 2573 3434 2642 ἀγαθοὺς
3475 2577 3752 2644 ὑπηκόους
3795 2577 4002 2644 ἀγαθὸς
4051 2577 4240 2645 ἄρχων
4282 2576 4451 2644 ἔχων,

2885 2669 2976 2718 καὶ
2995 2666 3218 2728 τούτους
3242 2666 3454 2734 βλέπων
3469 2667 3876 2735 ἀνηρτημένους
3899 2667 4060 2719 αὐτοῦ
4074 2666 4150 2736 τῷ
4192 2668 4449 2736 νεύματι,

2884 2757 3244 2826 βουλομένους
3287 2775 3344 2810 τε
3379 2758 3526 2826 αὐτῷ
3563 2761 3656 2811 καὶ
3693 2760 4019 2828 εὐχομένους
4049 2761 4113 2814 τὰ
4154 2761 4446 2824 κάλλιστα,

2883 2852 2938 2902 τί
3017 2851 3114 2901 οὐκ
3178 2850 3243 2902 ἂν
3311 2850 3607 2919 ἐργάσαιτο
3665 2851 3773 2904 τῶν
3843 2852 4065 2917 καλῶν;
4143 2852 4260 2912 πῶς
4329 2853 4449 2920 οὐχὶ

2877 2942 2965 2992 καὶ
2994 2938 3191 3008 ἐαυτῷ,
3216 2941 3444 3003 καὶτοῖς
3471 2941 3817 3010 πειθομένοις
3845 2941 4016 3009 αὐτῷ,
4051 2943 4333 3010 μεγίστων
4368 2944 4447 2994 αῖ-

2877 3050 2986 3093 τιος
3015 3031 3236 3099 ἀγαθῶν
3264 3032 3575 3098 ἀναγκαίως
3609 3032 3675 3084 ἂν
3711 3035 3943 3101 γένοιτο,
3971 3035 4068 3102 τὴν
4108 3034 4275 3103 ὀρθὴν
4307 3037 4446 3103 προς

2875 3124 2936 3174 τὸ
2973 3126 3216 3175 συνοῖσον
3243 3123 3392 3192 αὐτῷ
3420 3123 3685 3193 χωροῦντι
3751 3126 4106 3194 ὲφεπομένων
4141 3128 4400 3180 ἁπάντων
4425 3145 4440 3192 ;

4143 2852 4260 2912 πῶς

1213 3199 1270 3244 ut
1306 3192 1440 3246 tales
1471 3195 1693 3260 subditi,
1735 3199 1778 3251 si
1818 3198 1957 3254 Deus
1982 3203 2210 3272 alitujus
2239 3210 2438 3272 peccati
2471 3225 2633 3266 causa
2659 3229 2763 3268 non
2793 3243 2837 3304 Ο
2875 3214 2968 3272 Τις
2993 3216 3088 3266 οὐκ

2566 3227 2633 3266 Isa
2659 3229 2763 3268 non
2793 3243 2837 3304 Ο
2875 3214 2968 3272 Τις
2993 3216 3090 3266 οὐκ
3114 3215 3182 3266 ἂν
3208 3192 3483 3284 ἀγάμενος
3509 3192 3674 3270 αὐτὸν
3694 3192 4192 3285 τῆςῗγενναιότητος
4226 3220 4441 3270 καὶτῶν

1209 3283 1502 3348 obstiterit,
1537 3289 1604 3340 ab
1634 3289 1906 3357 ejusmodi
1941 3295 2071 3349 liero
2100 3300 2432 3368 pet-benigne
2464 3313 2768 3360 tractentur

1207 3385 1261 3429 et
1287 3380 1839 3451 verissimaLbeatitatc
1859 3389 2163 3456 potiantur;
2192 3393 2351 3460 idque
2376 3396 2638 3453 diuturnis
2657 3409 2767 3453 tum

1207 3473 1522 3540 sudoribus,
1555 3484 1667 3528 tum
1694 3479 1968 3535 laboribus
2001 3497 2098 3536 nec
2122 3485 2298 3535 minus
2323 3488 2576 3551 periculis
2602 3489 2764 3555 illius,

1207 3565 1299 3631 qui
1339 3582 1460 3620 cum
1508 3570 1586 3621 eis
1616 3573 1916 3626 certamina
1951 3590 2049 3641 pro
2097 3578 2178 3630 eis
2208 3579 2460 3645 suscipit,
2493 3597 2554 3634 ac
2587 3587 2763 3637 navim

1211 3656 1381 3720 perite
1428 3661 1763 3715 moderatur.
1807 3663 2018 3733 Quippe
2051 3666 2093 3719 si
2127 3668 2297 3721 bonus
2341 3671 2612 3740 princeps,
2639 3691 2763 3742 erga

1207 3750 1378 3804 bonos
1412 3752 1680 3815 subditos,
1715 3754 1816 3808 hoc
1852 3761 2010 3811 modo
2040 3760 2110 3812 sit
2142 3759 2373 3814 allectus
2402 3781 2415 3816 :
2443 3779 2654 3831 eosque
2687 3767 2764 3820 vi-

1205 3839 1330 3892 deat
1359 3855 1389 3893 a
1417 3856 1515 3893 suo
1539 3851 1672 3894 nutu
1700 3843 2032 3912 pendentes;
2059 3863 2122 3901 ac
2145 3850 2373 3918 principi
2402 3860 2514 3904 tum
2542 3855 2765 3922 cupien-

1202 3942 1307 3992 tes,
1342 3941 1454 3985 tum
1494 3943 1743 4002 optantes
1787 3937 2118 3993 faustissitua
2172 3957 2433 4010 quasque;
2475 3947 2602 4013 quid
2655 3963 2760 4000 non

1202 4024 1290 4075 ille
1322 4025 1395 4078 rei
1431 4027 1704 4092 praeclarae
1738 4028 2026 4095 perfecerit
2052 4030 2073 4082 ?
2096 4046 2208 4099 quo
2237 4043 2397 4101 pacto
2432 4051 2539 4089 non
2571 4045 2623 4089 et
2659 4038 2760 4106 ipsi

1201 4112 1327 4176 sibi,
1362 4122 1416 4165 et
1450 4115 1677 4182 imperio
1721 4119 2058 4184 pereuntibus,
2092 4121 2450 4175 maximorum
2497 4127 2757 4179 bonorum

1202 4214 1387 4257 auctor
1429 4208 1700 4260 cxsdtcrit
1731 4227 1743 4271 ;
1791 4209 2059 4277 siquidem
2090 4212 2239 4265 illum
2275 4215 2342 4267 ad
2374 4215 2422 4267 id
2455 4219 2597 4284 quod
2633 4233 2757 4285 pro-

1200 4295 1444 4349 futurum
1495 4299 1588 4363 sit,
1621 4310 1765 4353 recta
1803 4303 2134 4369 gradientem
2164 4306 2269 4367 via,
2301 4310 2482 4359 cuncti
2512 4321 2759 4376 sequan—

1202 4387 1332 4439 tur?
1362 4388 1493 4452 Quis
1545 4405 1649 4443 non
1699 4392 1768 4445 ob
1801 4407 2123 4461 generosum
2157 4397 2420 4460 animum,
2457 4409 2512 4452 et
2557 4415 2754 4466 mores,

1199 4494 1322 4530 cum
1359 4481 1689 4548 suspiciens,
1718 4483 1771 4536 in
1815 4485 1987 4552 pretio
2015 4501 2179 4554 supra
2211 4503 2296 4543 res
2329 4503 2516 4544 omnes
2557 4491 2756 4545 habue-

2869 3307 3083 3374 τρόπων
3112 3307 3206 3358 τοῦ
3236 3323 3299 3374 γε
3362 3307 3562 3368 παντὸς
3591 3309 3842 3377 τιμήσαι,
3872 3313 3919 3361 εἰ
3957 3311 4031 3379 μὴ
4071 3311 4278 3390 σφόδρα
4315 3312 4442 3378 μαί-

2868 3412 3010 3446 νοιτο
3035 3413 3046 3458 ;
3073 3395 3235 3448 Ὥστε
3262 3397 3530 3466 πρόδηλον
3562 3397 3744 3457 αὐτοῖς
3779 3401 3838 3451 τὸ
3860 3400 4221 3467 εὐδαιμονεῖν.
4249 3404 4344 3453 Δεῖ
4365 3403 4442 3462 δὲ,

2867 3481 3042 3554 οἶμαι,
3080 3488 3215 3556 πρδς
3262 3488 3509 3554 τοιαῦτα,
3549 3490 3641 3541 καὶ
3683 3492 3791 3551 πᾶς
3836 3493 3971 3559 ἐρεῖ,
4007 3492 4296 3544 αἰτιᾶσθαι
4343 3494 4441 3558 μὲν

2867 3577 3086 3646 ἀρετὴν,
3111 3573 3176 3646 ἦς
3199 3579 3467 3646 ἀπούσης,
3489 3575 3766 3648 προῦπτον
3794 3581 3961 3633 κακὸν
3986 3584 4015 3650 ἠ
4047 3582 4280 3634 δοκούσα
4312 3585 4413 3650 εὐη
4430 3613 4441 3623 -

2869 3671 3034 3736 μερία
3052 3685 3064 3697 ·
3089 3671 3202 3730 τοῖς
3229 3669 3336 3740 γὰρ
3363 3664 3462 3721 οὐκ
3494 3671 3665 3736 ἀξίοις
3695 3672 3756 3722 τὸ
3782 3672 4080 3740 εὐπραγεῖν
4111 3674 4211 3724 οὐκ
4241 3674 4442 3740 ὠφέλι-

2868 3779 2966 3830 μον
2994 3780 3004 3791 ·
3040 3762 3310 3814 αἰτιᾶσθαι
3333 3763 3388 3815 δὲ
3413 3763 3539 3826 τοὺς
3570 3763 3761 3831 λόγους
3791 3765 3886 3833 οὐχ
3917 3759 4078 3836 ἧττον
4111 3766 4141 3834 ἦ
4179 3767 4280 3834 τὴν
4311 3769 4437 3838 ἀρε·-

2863 3854 2978 3921 τήν.
3012 3854 3132 3905 Οἵδε
3169 3856 3274 3922 γάρ
3315 3858 3364 3906 οί
3392 3855 3673 3917 πείθοντες
3720 3857 4012 3909 ἀπολαύειν
4055 3861 4164 3911 τιτρν
4216 3862 4436 3929 ἐκείνης

2862 3943 3100 4010 ἀγαθῶν.
3120 3946 3204 4007 Ὠς
3226 3947 3338 4012 εἴγε
3368 3947 3524 3998 τοῦτο
3550 3947 3623 4016 μὴ
3657 3947 3952 4016 βούλοιντο,
3978 3950 4086 4001 οὐδ’
4116 3951 4436 4020 ὠφελήσον-

2861 4050 2951 4084 ται
2983 4033 3309 4103 παράὺτῆς,
3342 4039 3416 4106 μὴ
3450 4041 3809 4105 μετασχόντες
3830 4040 3937 4090 τῶν
3966 4039 4134 4108 αὐτῆς
4166 4043 4395 4107 ἀγαθῶν
4418 4057 4434 4073 ⁶

2863 4126 2978 4185 πῶς
3008 4127 3116 4194 γὰρ
3149 4126 3408 4190 ἀκοντεςς
3450 4127 3612 4180 Ὥστε
3658 4129 3738 4180 δεῖ
3770 4129 3859 4181 τόν
3913 4129 4121 4194 ἀγαθὸν
4169 4132 4430 4199 ἄρχοντα,

2860 4220 2951 4268 καὶ
2982 4217 3198 4284 ἀγαθῶν
3219 4235 3375 4270 τινων
3406 4221 3826 4287 προϊστάμενον,
3859 4222 3951 4272 καὶ
3983 4223 4048 4272 τὰ
4075 4225 4206 4289 περὶ
4237 4226 4432 4290 λόγους

2861 4307 3063 4370 ἀγαθόν
3093 4303 3250 4370 εἶναι,
3279 4307 3344 4358 ἶν’
3368 4306 3478 4374 ἔχοι
3508 4309 3715 4363 πείθειν
3746 4310 3964 4373 αὐτοὺς,
3997 4312 4080 4377 ἐφ’
4111 4311 4190 4374 οἷς
4223 4317 4290 4365 iv
4314 4316 4430 4380 βέλ-

2858 4413 2970 4447 τιον
2994 4399 3076 4466 εἴη
3116 4399 3405 4466 πράττειν·
3431 4399 3519 4450 ἵνα
3549 4402 3623 4466 μὴ
3650 4402 3888 4469 χρηστὸς
3915 4403 4012 4469 μὲν
4034 4402 4140 4470 εἴη,
4176 4407 4430 4472 χρηστῶν

2858 4488 2913 4539 δὲ
2942 4490 3107 4558 ἄρχῃ,
3133 4489 3532 4556 ἀφηνιάζοντας
3555 4489 3598 4540 δ’
3625 4491 3774 4557 ὅμως
3801 4491 3938 4557 ἔχων
3958 4494 4178 4555 αὐτοὺς,
4224 4499 4322 4548 καὶ
4359 4500 4429 4563 μὴ

1200 4570 1288 4633 rit,
1315 4569 1416 4624 nisi
1458 4572 1611 4624 valde
1643 4574 1923 4628 insaniat?
1957 4578 2367 4634 cvidcutissime
2395 4582 2631 4652 denique
2659 4601 2756 4652 pa-
2792 4578 2833 4631 Β
2864 4580 3075 4630 εἴκοντα

2565 4600 2631 4638 uc
2659 4601 2756 4652 pa-
2792 4578 2833 4631 D
2864 4580 3108 4642 εἴκοντας
3141 4576 3222 4641 οἷς
3252 4580 3402 4645 γνοίη
3435 4581 3571 4648 πρὸς
3607 4581 3707 4648 τὴν
3749 4584 4017 4651 σφετέραν
4061 4586 4244 4636 αὐτῶν
4293 4588 4431 4653 ὠφέ-

1197 4670 1300 4723 ret,
1334 4661 1428 4714 hos
1456 4662 1639 4717 beatos
1668 4672 1807 4719 esse.
1833 4666 2084 4722 Arbitror
2112 4679 2291 4725 autem
2326 4672 2459 4741 ipse,
2493 4690 2592 4730 nec
2610 4677 2760 4746 quis—

1205 4766 1366 4815 quam
1423 4753 1774 4822 inficiabitur,
1819 4773 2038 4812 causam
2071 4765 2261 4815 horum
2287 4767 2351 4816 ad
2385 4767 2636 4827 viantcxn
2672 4785 2757 4821 rr-

1197 4842 1514 4907 ferendam;
1565 4847 1769 4915 absque
1816 4865 1919 4914 qna
1970 4853 2059 4917 sit,
2114 4866 2360 4922 apertum
2397 4860 2596 4910 malum
2633 4862 2754 4924 erit,

1196 4951 1318 5002 qua:
1347 4935 1574 4992 felicitas
1623 4955 1745 4994 esse
1777 4942 2010 4996 videtur.
2051 4944 2288 5013 Indignis
2333 4950 2474 5002 enim
2518 4967 2604 5004 res
2636 4967 2757 5018 pro-

1198 5042 1370 5094 sperze
1400 5041 1728 5084 nocumento
1776 5046 1925 5087 sunt.
1963 5034 2149 5102 Neque
2203 5039 2386 5092 minus
2428 5041 2755 5108 eloquentia:

1195 5117 1390 5172 studiis
1446 5119 1560 5174 haec
1599 5132 1728 5178 sunt
1785 5137 2001 5193 accepta
2060 5126 2281 5181 ferendi
2332 5145 2492 5197 quam
2545 5135 2748 5186 virtuti.

1196 5203 1327 5257 Nam
1360 5221 1422 5259 ea
1450 5217 1598 5270 sunt,
1627 5224 1749 5277 quae
1800 5213 2126 5265 mortalibus
2159 5218 2505 5281 persuadent,
2541 5229 2597 5270 ιιι
2645 5220 2748 5272 vir-

1195 5297 1327 5349 tutis
1361 5297 1463 5350 frtti
1491 5301 1646 5354 bonis
1671 5302 1838 5355 velint
1875 5322 1888 5357 :
1925 5305 2124 5372 quippe
2150 5306 2194 5358 si
2224 5306 2322 5358 hoc
2352 5306 2527 5362 facere
2559 5310 2748 5376 nolint,

1193 5386 1329 5437 nihil
1367 5403 1429 5438 ex
1461 5389 1654 5442 virtute
1687 5393 1958 5446 commodi
1985 5396 2306 5463 percipient,
2341 5397 2604 5452 bonorum
2633 5401 2750 5468 ejus

1195 5474 1416 5529 minime
1447 5479 1734 5548 participes
1769 5482 1894 5536 facti
1930 5501 1944 5539 :
1975 5501 2081 5554 quo
2111 5488 2252 5539 enim
2284 5488 2386 5541 hoc
2413 5498 2568 5557 pacto
2593 5491 2750 5544 cadat

1191 5565 1243 5616 in
1275 5566 1518 5620 invitos?
1548 5570 1912 5635 Quamobrem
1950 5575 2119 5629 bonus
2148 5579 2423 5658 princeps,
2443 5590 2495 5633 et
2526 5582 2616 5649 qui
2653 5583 2749 5634 bo-

1193 5655 1277 5708 nis
1307 5657 1580 5726 aliquibus
1615 5673 1833 5727 praeest,
1885 5666 2046 5719 etiam
2099 5671 2381 5737 prmceptis
2405 5655 2748 5738 eloquentia:

1192 5756 1334 5801 recte
1369 5750 1666 5806 instructus
1699 5769 1820 5809 csse
1861 5757 2041 5820 debet,
2077 5770 2132 5811 ut
2163 5775 2291 5813 suos
2321 5760 2595 5829 impellere
2627 5779 2746 5831 per-

1189 5855 1286 5891 sua
1312 5841 1466 5895 lende
1511 5845 1677 5911 possit
1707 5848 1771 5899 ad
1809 5863 1868 5901 ra
1905 5864 2023 5917 qua:
2065 5849 2240 5905 facere
2293 5854 2570 5922 prmstabit
2609 5872 2620 5907 :
2679 5871 2744 5908 ne

2863 4667 3031 4730 λειαν,
3054 4667 3205 4720 οὐδὲν
3229 4669 3468 4730 ἐκείνους
3486 4670 3654 4739 ὀνήσῃ
3680 4687 3694 4701 ·
3719 4671 3838 4722 ἐπεὶ
3861 4674 3950 4724 καὶ
3983 4674 4169 4734 παῖδες
4207 4678 4426 4744 ἰατρῶν,

2861 4757 3034 4811 ἔστων
3064 4760 3119 4812 δὲ
3147 4759 3245 4829 τὴν
3273 4761 3470 4830 τέχνην
3501 4761 3717 4827 ἀγαθοῖ,
3755 4764 3804 4813 εί
3838 4765 3910 4833 μὴ
3946 4765 4040 4816 καὶ
4073 4767 4236 4829 δεξιοί
4290 4785 4427 4830 τ;νες

2861 4843 2988 4908 εἷεν,
3027 4853 3118 4900 καὶ
3150 4850 3335 4902 εἰδεῖεν
3364 4851 3510 4909 ὅπως
3539 4851 3783 4904 πείσουσι
3818 4852 3884 4904 τὰ
3923 4854 4048 4918 παρ’
4086 4858 4310 4908 ἐκείνων
4346 4862 4424 4909 δὲ-

2861 4939 3050 5005 χεσθαι
3083 4939 3377 5009 φάρμακα,
3428 4941 3618 4994 οὐδένα
3654 4959 3755 4993 που
3815 4944 3920 4994 τῶν
3956 4947 4176 4998 πάντων
4207 4950 4422 5014 ὠφελή-

2861 5046 3026 5081 σουσι.
3049 5032 3139 5081 Δεῖ
3159 5032 3287 5100 γάρ,
3309 5029 3486 5100 οἶμαι,
3507 5034 3865 5101 προηγεῖσθαι
3889 5035 4043 5105 δόξης
4070 5039 4424 5110 μὲνχρηστῆς

2859 5122 3051 5184 πειθὼ,
3086 5121 3290 5190 ταύτης
3323 5123 3378 5174 δὲ
3405 5125 3635 5190 δύναμιν
3663 5126 3858 5192 λόγων,
3887 5129 3934 5177 εί
3971 5129 4151 5195 μέλλοι
4185 5149 4270 5192 τις
4312 5135 4418 5183 ἀπό

2857 5231 2998 5274 τινος
3025 5214 3332 5278 ἀναγκαίως
3353 5214 3746 5284 ὠφελήσεσθαι,
3772 5217 4072 5286 δυναμένου
4103 5222 4263 5274 τοῦτο
4289 5225 4418 5290 δρᾶ·

2858 5322 2968 5368 σαι,
2995 5307 3088 5356 καὶ
3114 5307 3336 5372 προσέτι
3365 5307 3787 5370 θέλοντος.”Ωσθ’
3809 5311 3856 5361 οἱ
3881 5311 4028 5377 λόγοι
4054 5315 4149 5365 καὶ
4179 5316 4416 5375 πειθοῦς,

2858 5398 2951 5448 καὶ
3005 5397 3099 5448 τοῦ
3169 5397 3411 5460 δοξάζειν
3480 5399 3661 5464 ἀγαθά
3717 5401 3920 5468 ἀγαθὸν
3989 5403 4231 5470 ὑπήκοον
4291 5411 4418 5476 περὶ

2853 5487 3073 5552 ἀγαθῶν
3119 5490 3416 5558 ἀρχόντων,
3467 5492 3629 5543 αἴτιοι
3662 5493 3851 5559 σαφῶς
3878 5495 4286 5562 ἀναπέφανται·
4326 5501 4415 5549 καὶ

2853 5575 2962 5629 εἷεν
2983 5578 3048 5630 ἀν
3076 5579 3321 5647 χρυσίου,
3352 5582 3441 5631 καὶ
3468 5581 3833 5651 πολυχειρίας,
3854 5586 3945 5636 καὶ
3976 5589 4249 5655 μηχανῆς,
4283 5591 4416 5642 ᾰττα

2852 5669 2914 5733 δὴ
2951 5671 3079 5737 πρὸς
3106 5670 3392 5736 σύγκρισ.ν
3418 5675 3547 5740 ἡμῖν
3570 5678 3910 5744 τοκαταρχάς
3932 5680 4230 5746 παρετέθη,
4258 5682 4416 5747 ἀμεί·

2851 5778 2969 5821 νου-ς
3003 5762 3136 5828 πρὸς
3158 5762 3422 5829 ὠφέλειαν
3446 5766 3694 5833 ἄρχουσι.
3731 5769 3838 5821 Καὶ
3867 5771 3896 5820 ὁ
3929 5769 4023 5820 νῦν
4059 5773 4190 5840 ἡμῖν
4219 5773 4412 5832 διαζω-

2850 5854 3222 5922 γραφούρενος
3253 5855 3453 5926 ἄρχων,
3486 5861 3562 5920 είς
3594 5860 3659 5910 τὰ
3695 5862 3789 5930 τῆς
3823 5862 4000 5931 ψυχῆς
4046 5865 4210 5916 α’τοῦ
4253 5867 4408 5933 πλεοέ
