4748 6512
1108 417 1208 483 ιιι

2265 418 2668 479 MANUEHS
2710 420 3159 486 PALEOLOGI

4244 430 4371 495 “‘2

1111 531 1289 589 (τίθηᾱί
1313 541 1365 587 et
1389 532 1702 602 perficiendi
1730 530 2037 587 facultatem
2086 531 2271 586 habet.
2309 531 2379 586 Ut
2437 535 2581 587 enim
2610 548 2673 587 ex
2708 538 2748 592 Α
2780 551 2986 604 χωρισμ

2499 535 2581 585 lim
2610 548 2673 587 ex
2708 538 2748 592 Α
2780 538 3080 604 χωρισμοϊς
3104 536 3163 588 τὸ
3185 536 3532 607 διεφθάρθαι,
3561 537 3656 591 καὶ
3677 539 3870 608 μηκέτ’
3894 534 4060 597 εἶναι.
4087 541 4162 595 Τδ
4187 541 4245 595 δὲ
4278 546 4374 596 αἶ-

1113 626 1369 694 propiore
1404 624 1469 677 ad
1512 623 1676 676 Deum
1707 640 1930 678 accessu
1962 634 2012 677 et
2044 624 2415 677 familiaritate
2442 625 2687 678 salutem
2722 640 2725 641 '

1111 732 1163 772 et
1190 718 1645 784 incolumitatem,
1672 733 1796 772 cum
1831 719 1953 770 boui
2006 718 2445 786 participatione,
2479 733 2677 771 conse-

1108 811 1351 877 quitnur,
1390 810 1580 863 eodem
1605 809 1765 861 modo
1792 824 1883 877 per
1927 810 2322 877 St'lelCllOlleln
2355 826 2418 861 ac
2441 810 2681 878 diremp-

1110 911 1223 953 tum
1254 900 1560 964 interimus,
1594 909 1646 953 et
1680 901 1729 952 in
1783 900 2011 952 nihilum
2055 901 2375 971 redigiznur.
2437 902 2565 970 Ejus
2598 903 2673 954 rei

1108 1001 1275 1039 causa
1336 996 1421 1041 est
1450 987 1788 1040 admirabilis
1819 988 2064 1054 quaedam
2114 991 2397 1042 harmonia
2435 1005 2611 1043 rerum
2648 1005 2676 1043 a

1108 1092 1272 1131 causa
1325 1077 1692 1146 prolectarum
1756 1090 1810 1134 et
1849 1081 2218 1147 conditarum,
2258 1097 2381 1134 cum
2424 1083 2542 1151 ipso
2576 1098 2677 1136 au-

1110 1182 1264 1223 ctore.
1292 1180 1346 1224 et
1384 1172 1667 1226 conditore
1701 1188 1716 1225 :
1749 1173 2063 1239 itteﬁabilis,
2134 1176 2345 1228 ratione
2372 1175 2679 1229 communi-

1111 1260 1344 1315 cationis
1371 1270 1425 1315 et
1465 1261 1731 1317 effusione
1761 1264 2022 1319 bonitatis
2050 1284 2064 1331 ;
2098 1283 2381 1334 nunquam
2415 1287 2678 1340 rumpen-

1110 1348 1202 1415 da,
1245 1361 1467 1419 propter
1502 1363 1783 1409 auctorem
1817 1357 2022 1409 vinculi
2054 1366 2107 1411 et
2135 1360 2353 1413 uuiouis
2402 1367 2677 1431 magnitu-

1110 1440 1316 1496 dinem.
1352 1445 1549 1497 Eadem
1576 1445 1689 1513 jam
1722 1447 1941 1515 paulum
1976 1450 2321 1519 intelligitur.
2364 1454 2491 1507 dunt
2517 1458 2678 1525 spiri-

1114 1531 1195 1584 tui
1220 1534 1612 1603 contemplanti
1646 1536 1817 1589 lutum
1842 1539 2061 1603 obstat;
2091 1540 2183 1593 sed
2238 1541 2427 1609 purius
2453 1544 2679 1598 intuor-

1116 1623 1325 1677 talitate
1358 1640 1453 1690 per
1483 1628 1945 1685 resurrectionem
2003 1630 2218 1686 donatis
2250 1635 2488 1701 pateﬁet.
2526 1634 2676 1701 Qua-

1115 1724 1334 1784 propter
1364 1732 1607 1771 amorem
1641 1721 1835 1774 mereri
1891 1721 2036 1786 dico,
2093 1738 2200 1776 non
2259 1725 2421 1778 modo
2471 1727 2673 1781 bonunt

2785 643 2900 678 τιον
2930 626 3213 697 θαυμαστή
3247 646 3329 692 τις
3355 629 3594 699 ἁρμονία
3622 630 3730 683 τῶν
3758 631 4017 684 αίτιατῶν
4054 649 4114 685 τε
4148 634 4244 686 καὶ
4266 650 4375 701 γε-

2782 715 3021 782 γονότων
3069 717 3205 781 πρδς
3243 718 3333 770 τὸν
3382 718 3557 771 αίτιον
3584 721 3675 772 καὶ
3716 722 4084 791 πεποιηκότα,
4110 722 4367 793 ἀρρητος

2786 806 2888 874 μὲν
2912 806 2989 877 τῷ
3010 810 3197 878 τρόπῳ
3218 810 3318 874 τῆς
3347 811 3633 873 κοινωνίας
3657 811 3750 863 καὶ
3777 814 3842 881 τῇ
3865 814 3963 881 τῆς
3990 813 4365 883 ἀγαθωσύνης

2784 898 3025 967 ὲκχύσει,
3046 900 3317 971 ἀρῤηκτος
3338 903 3393 956 δὲ
3418 903 3507 956 διὰ
3526 903 3619 955 τὸν
3644 903 4008 973 συνδήσαντα,
4029 905 4120 957 καὶ
4139 905 4201 957 τδ
4218 907 4367 957 πολὺ

2781 985 2883 1052 τῆς
2918 992 3166 1054 ἑνώσεως
3192 1008 3205 1023 ·
3234 992 3412 1061 ὀλίγον
3447 992 3573 1063 ἄρτι
3604 993 4008 1064 γινωσκομένη,
4048 992 4144 1047 τοῦ
4181 992 4367 1062 πηλοῦ

2781 1082 3214 1150 προσισταμένου
3232 1082 3305 1152 τῷ
3324 1082 3614 1152 θεωροῦντι
3647 1082 3921 1151 πνεύματι
3937 1096 3951 1111 ο
3989 1083 4352 1151 φανησομένη

2782 1169 2840 1222 δὲ
2902 1170 3288 1243 καθαρώτερον
3326 1171 3811 1225 ἀπαθανατισθεῐσι
3860 1172 3949 1226 διὰ
3993 1172 4091 1241 τῆς
4120 1173 4369 1226 ἀναστά-

2790 1275 2952 1323 σεως.
2971 1260 3201 1330 Φιλητδν
3215 1261 3342 1330 γοῦν
3364 1256 3503 1315 εἷναί
3527 1279 3669 1331 φημι
3694 1261 3754 1314 οὗ
3780 1261 3941 1333 μόνον
3961 1278 4025 1330 γε
4050 1259 4109 1315 τδ
4127 1263 4368 1330 ἄπειρον

2779 1351 3004 1417 ἀγαθὸν,
3020 1353 3112 1405 καὶ
3128 1352 3225 1423 τὴν
3246 1353 3531 1423 ἀστραπὴν
3550 1353 3641 1406 τοῦ
3661 1352 3915 1418 κάλλους,
3936 1352 4031 1406 καὶ
4055 1354 4156 1421 τῆς
4182 1352 4366 1422 ὥρας,

2782 1445 2875 1496 καὶ
2898 1445 2993 1511 τῆς
3021 1446 3263 1514 χάριτος,
3295 1446 3417 1516 ἥτις
3449 1445 3643 1515 ἐκείνῳ
3678 1445 4055 1514 ξυμπέφυκεν,
4095 1442 4230 1496 ἀλλά
4264 1445 4372 1495 καὶ

2782 1534 2910 1599 πᾶν,
2941 1527 2985 1601 ᾧ
3018 1535 3237 1602 μέτεστι
3271 1535 3438 1587 καλοῦ
3473 1552 3533 1587 τε
3588 1536 3683 1587 καὶ
3724 1533 3962 1603 ἀγαθοῦ,
3996 1534 4065 1587 δι’
4108 1534 4242 1587 αὐτὸ
4306 1533 4371 1587 τὸ

2777 1624 3124 1695 ύπεράγαθον
3152 1627 3247 1678 καὶ
3284 1625 3612 1696 ὑπέρκαλον,
3650 1626 3745 1679 καὶ
3795 1626 3857 1679 τὸ
3903 1626 4042 1696 πρὸς
4091 1625 4222 1677 αὐτὸ
4260 1624 4370 1693 τῆς

2782 1714 2997 1784 φύσεως
3039 1716 3193 1785 ἡμῶν
3228 1717 3511 1783 συγγενές.
3547 1716 3645 1768 Διά
3675 1716 3782 1787 γὰρ
3814 1716 3911 1785 τὴν
3937 1716 4125 1786 κοινὴν
4156 1715 4372 1785 ἀναφο-

1116 1807 1247 1861 illud
1272 1808 1547 1862 infinitum
1601 1818 1656 1862 et
1692 1808 1876 1879 fulgur
1928 1813 2061 1866 illud
2094 1813 2536 1882 pulchritudinis,
2567 1820 2678 1873 ele-
2714 1845 2761 1899 θ
2789 1806 2899 1899 ράγ,
2931 1823 2991 1859 τι

2493 1834 2536 1881 ς,
2567 1820 2678 1873 cie-
2714 1845 2761 1899 Β
2789 1806 2888 1875 ρᾶν
2931 1823 2991 1859 τε
3031 1807 3125 1859 καὶ
3173 1807 3377 1876 σχέσιν,
3406 1807 3482 1870 ὡς
3529 1808 3594 1861 ἀν
3630 1823 3715 1869 τις
3765 1793 3933 1871 είποί,
3963 1804 4065 1876 τὴν
4304 1803 4368 1857 τὺ

1115 1898 1330 1966 κσηιίςε,
1360 1902 1572 1963 gratiae,
1591 1901 1741 1971 quod
1772 1901 1874 1972 ipsi
1897 1912 2091 1959 natura
2115 1906 2281 1975 inest,
2305 1924 2495 1964 verum
2516 1913 2681 1966 etiam

1117 1989 1382 2059 quidquid
1416 1991 1838 2058 pulchritudinis
1871 2004 1953 2049 est
1986 2010 2049 2049 ac
2075 1996 2201 2051 boni
2236 1999 2531 2068 particeps,
2560 2017 2684 2071 pro-

1117 2090 1235 2147 pter
1260 2097 1573 2151 supremum
1626 2084 1759 2140 illud
1794 2084 2023 2152 bonum,
2084 2104 2510 2162 suprcmatnque
2566 2097 2686 2162 pul-

1112 2171 1500 2239 chritudinem,
1522 2189 1586 2229 ac
1603 2186 1802 2231 nostra:
1820 2193 1943 2233 cum
1964 2193 2027 2233 ea
2063 2193 2271 2236 natura:
2290 2186 2685 2248 cognationem.

1117 2263 1252 2317 Nam
1286 2276 1507 2335 propter
1527 2282 1875 2323 communem
1902 2270 2220 2327 relationem
2243 2284 2298 2330 et
2323 2276 2685 2345 affectionem,

1122 2364 1183 2406 ut
1216 2355 1289 2408 ita
1316 2355 1518 2423 dicam,
1552 2358 1619 2411 ad
1677 2359 1914 2428 primum
1942 2361 2094 2427 illud,
2150 2380 2482 2435 omnemque
2526 2385 2687 2436 supra

1121 2447 1511 2513 perfectionem
1546 2452 1784 2515 positum
1808 2452 2035 2517 bonum,
2062 2458 2247 2511 omnia
2289 2469 2343 2513 et
2366 2459 2505 2512 bona
2536 2462 2688 2527 fiunt,

1121 2550 1178 2594 et
1196 2540 1515 2611 diliguntur,
1539 2550 1722 2597 mutua
1743 2542 1972 2610 quadam
1995 2543 2278 2600 affectione
2292 2548 2393 2601 sibi
2417 2549 2690 2615 devincta,

1124 2630 1258 2696 Quae
1294 2634 1437 2686 enim
1462 2620 1632 2689 alicui.
1658 2634 1735 2687 rei
1766 2634 2001 2703 simplici
2045 2644 2277 2701 cognata
2308 2650 2458 2704 sunt,
2496 2657 2687 2695 eorum

1122 2732 1179 2777 et
1209 2723 1436 2780 invicem
1464 2729 1709 2794 quadam
1727 2734 1811 2780 est
1830 2728 2102 2795 cognatio.
2149 2730 2386 2798 Cognata
2438 2747 2564 2785 vero
2603 2736 2687 2787 di-

1124 2816 1241 2886 ligi,
1267 2832 1334 2871 ne
1360 2817 1539 2871 verbis
1557 2816 1776 2886 quidem
1805 2831 1942 2886 opus
1972 2827 2076 2880 est,
2101 2828 2159 2872 ut
2186 2824 2463 2887 probetur.
2490 2826 2692 2882 Omnes

1126 2926 1258 2979 ergo
1286 2911 1479 2973 bonos,
1500 2921 1557 2963 et
1586 2924 1616 2963 a
1642 2911 1807 2973 bono,
1828 2918 1884 2963 et
1908 2911 1972 2965 ad
2002 2911 2200 2966 bonum
2224 2916 2492 2980 conditos,
2525 2933 2689 2970 unum

1130 3001 1196 3053 ιι
1232 3015 1451 3069 scopum
1488 3004 1706 3055 tendere
1738 3002 1858 3057 dico
1880 3002 1902 3073 (
1926 3018 2072 3056 nunc
2114 3005 2257 3057 enim
2288 3005 2353 3060 ad
2384 3006 2691 3063 institutum

1133 3092 1438 3155 revertor),
1476 3092 1569 3159 qui
1599 3101 1703 3155 est,
1737 3106 1923 3146 amare
1944 3093 2170 3156 bonum,
2230 3105 2283 3149 et
2302 3098 2564 3168 quidquid
2589 3100 2695 3153 tale

2791 1898 3005 1967 πρῶτον
3040 1898 3134 1950 καλ⁵
3167 1897 3512 1967 ύπερτὲλειον
3543 1897 3747 1966 ἀγαθὸν
3779 1898 3960 1950 πάντα
4020 1896 4369 1964 ἀγαθύνετα⁹

2787 1992 2881 2043 καὶ
2913 1990 3172 2060 φιλεῖται,
3207 1993 3397 2061 ἔχοντα
3430 1992 3563 2063 πρὸς
3588 1992 3793 2061 ἄλληλα
3831 1992 4117 2061 σχετικῶς.
4148 1991 4233 2043 Τὰ
4251 1990 4372 2058 γάρ

2789 2081 2944 2151 ἀπλῷ
2989 2099 3094 2136 τινι
3137 2084 3372 2152 συγγενῆ
3423 2086 3514 2138 καὶ
3562 2084 3812 2154 ἀλλήλοις
3842 2086 3908 2138 ἂν
3944 2084 4050 2153 εἴη.
4082 2084 4157 2137 Τὸ
4182 2083 4239 2135 δὲ
4273 2101 4372 2152 φι-

2789 2174 2998 2228 λεῖσθαι
3052 2176 3119 2228 τὰ
3157 2175 3393 2244 συγγενῆ
3453 2175 3577 2229 οὐδὲ
3625 2176 3784 2244 λόγου
3840 2176 4012 2228 δεῖται
4059 2175 4367 2229 δεικνύναι.

2791 2264 3003 2326 Πάντας
3037 2264 3136 2333 μὲν
3165 2260 3257 2317 οῦν
3280 2266 3405 2328 τοὺς
3435 2264 3693 2332 ἀγαθοὺς,
3721 2267 3818 2317 καὶ
3857 2264 3951 2317 ὑπ’
3988 2263 4221 2331 ἀγαθοῦ,
4266 2266 4371 2316 καὶ

2791 2358 2877 2409 ἐπ’
2930 2358 3117 2426 ἀγαθῷ
3148 2357 3672 2428 δημιουργηθέντας,
3722 2359 3802 2417 είς
3841 2357 3942 2410 ῑνα
3991 2354 4137 2423 λέγω
4162 2357 4371 2408 τείνειν

2793 2446 2995 2499 σκοπὸν
3025 2448 3147 2517 (ἤδη
3180 2450 3286 2517 γάρ
3313 2447 3613 2517 ἐπάνειμι),
3640 2448 3699 2501 τὸ
3724 2447 3900 2516 φιλεῖν
3925 2447 3984 2501 es
4018 2447 4244 2514 ἀγαθὸν.
4271 2448 4374 2499 καὶ¹

2796 2542 2977 2608 μισεῖν
3003 2541 3063 2594 τὸ
3089 2540 3164 2609 μὴ
3216 2538 3489 2591 τοιοῦτον
3518 2540 3612 2591 καὶ
3637 2537 3856 2591 διώκειν
3881 2538 3942 2591 τὸ
3974 2538 4154 2599 καλὸν,
4185 2540 4281 2590 καὶ
4307 2538 4372 2589 τὸ

2793 2631 2965 2693 ἄλλως
2995 2632 3139 2701 ,ἕχον
3172 2630 3419 2699 φεύγειν.
3469 2630 3771 2700 Συμδαίνει
3818 2631 3871 2684 δὲ
3918 2631 4012 2684 καὶ
4053 2631 4373 2683 τούναντίον

2796 2724 3071 2785 πολλάκις.
3119 2723 3228 2777 Kal.
3258 2723 3367 2794 γὰρ
3415 2722 3679 2792 φιλοῦμεν
3730 2722 3791 2775 τὸ
3842 2722 4007 2776 κακὸν
4051 2723 4198 2775 ἔστιν
4253 2726 4371 2781 ὅτε.

2794 2817 2887 2868 καὶ
2919 2816 2979 2867 τὸ
3012 2814 3217 2882 ἀγαθὸν
3262 2815 3451 2884 ὥσπερ
3496 2815 3802 2884 φεύγομεν·
3871 2816 3965 2883 οὑχ
4017 2815 4097 2867 ὅτι
4169 2832 4251 2876 τις
4311 2816 4373 2867 τὸ

2795 2907 2999 2974 ἀγαθδν
3028 2906 3283 2974 ἐγνωκὼς
3338 2907 3397 2960 ὃν
3454 2906 3684 2976 ἀγαθὸν,
3748 2901 3781 2976 ᾖ
3837 2908 4041 2973 ἀγαθὸν
4097 2908 4371 2977 ἀποστρέ-

2796 3015 2989 3066 φεται·
3050 3000 3082 3068 ἢ
3140 2999 3283 3067 φιλεῖ
3336 3000 3395 3052 τὸ
3455 2999 3725 3068 πονηρὸν,
3880 2999 4137 3069 πονηρὸν,
4192 3001 4370 3051 τοιοῦ-

2796 3109 2886 3143 τον
2929 3092 3059 3143 αύτὺ
3101 3092 3491 3161 ἐπιστάμενος,
3526 3092 3727 3159 πόθεν;
3761 3091 3955 3145 πολλοῦ
4005 3110 4069 3157 γε
4122 3092 4217 3144 καὶ
4248 3093 4367 3144 65E-

1134 3200 1240 3238 non
1272 3192 1378 3249 est,
1411 3185 1592 3240 odisse
1619 3203 1634 3239 :
1667 3186 1950 3240 honestum
1995 3189 2215 3248 sectari,
2258 3190 2513 3258 qttndqtte
2562 3192 2692 3245 επις·
2722 3171 2761 3227 C
2799 3183 2912 3234 ἀλλ’
2944 3185 3002 3234 ὅτ

2495 3207 2513 3243 3
2562 3192 2692 3245 επρ-
2722 3171 2761 3227 C
2799 3183 2912 3234 ἀλλ’
2944 3185 3024 3234 ὅτι
3055 3182 3114 3235 τὸ
3144 3184 3311 3236 κακὸν
3336 3184 3540 3250 ἀγαθὸν
3566 3186 3881 3250 ήγεῖται.Ἢ
3911 3184 4071 3252 φύσις
4100 3187 4209 3252 γὰρ
4236 3187 4370 3253 ἡμῖν

1131 3290 1280 3332 etum
1304 3285 1389 3331 est
1404 3277 1581 3341 aliter,
1605 3276 1812 3344 fugere.
1839 3277 1991 3343 Stepe
2014 3294 2141 3332 vero
2164 3282 2498 3335 contrarium
2522 3285 2699 3351 quod-

1133 3384 1240 3436 que
1268 3366 1532 3436 contingit
1565 3385 1580 3421 :
1623 3368 1824 3437 quippe
1878 3386 2268 3439 nonnunquam
2298 3382 2351 3426 et
2386 3376 2587 3427 malum
2615 3377 2701 3431 di-

1135 3460 1379 3529 ligimus,
1418 3461 1669 3529 quodque
1690 3463 1891 3514 bonum
1949 3471 2031 3515 est
2089 3463 2241 3530 quasi
2268 3463 2529 3531 fugimus,
2579 3482 2689 3521 non

1135 3551 1280 3620 quod
1317 3552 1511 3620 aliquis
1543 3551 1785 3620 agnitum
1823 3551 2051 3617 bonum,
2099 3555 2243 3620 quod
2304 3557 2506 3610 bonum
2600 3559 2698 3621 sit,

1136 3653 1407 3711 quatenus
1439 3650 1523 3696 est
1548 3644 1748 3698 bonum
1771 3644 2107 3709 adversetur,
2127 3648 2453 3701 autmalum
2480 3648 2695 3719 diligat,

1136 3744 1405 3802 quatenus
1434 3736 1631 3788 malum
1664 3744 1767 3797 est,
1798 3749 1923 3789 cum
1953 3735 2152 3789 malum
2204 3752 2323 3792 esse
2373 3740 2512 3794 sciat
2541 3740 2702 3812 (quo-

1138 3838 1262 3876 nam
1296 3822 1347 3876 id
1384 3824 1577 3891 pacto?
1607 3824 1825 3879 minime
1859 3825 2059 3895 sane),
2092 3828 2183 3881 sed
2232 3829 2359 3897 quia
2383 3832 2527 3899 quod
2584 3848 2700 3888 ma-

1138 3917 1251 3969 lutn
1274 3925 1357 3970 est
1376 3916 1576 3969 bonum
1600 3932 1718 3971 esse
1748 3926 1918 3986 putat.
1946 3917 2201 3972 Naturam
2227 3935 2458 3988 namque
2486 3925 2695 3991 proba-

1138 4007 1318 4060 vimus
1346 4022 1410 4059 ex
1440 4007 1582 4060 bono
1611 4016 1665 4059 et
1704 4007 1900 4061 bonam
1939 4022 2083 4071 esse,
2124 4008 2379 4077 quodque
2402 4023 2696 4081 cognatum

1140 4109 1245 4162 est,
1306 4112 1581 4167 querere.
1629 4099 1889 4169 quidquid
1946 4100 2205 4168 alienum,
2265 4102 2472 4172 fugere.
2549 4102 2701 4157 Licet

1141 4201 1321 4245 autem
1351 4207 1476 4245 vere
1499 4192 1579 4245 sic
1617 4201 1928 4260 comparata
1964 4208 2053 4248 res
2092 4194 2182 4254 sit.
2241 4204 2420 4249 tamen
2454 4194 2701 4249 homines

1144 4283 1430 4351 plerosque
1452 4282 1640 4337 videas
1666 4283 1932 4337 deteriora
1956 4298 2063 4352 pra:
2092 4285 2411 4340 melioribus
2437 4286 2701 4354 eligentes

1142 4388 1207 4426 ac
1233 4372 1451 4426 facilius
1482 4388 1509 4425 a
1538 4373 1699 4427 bonis
1732 4371 1799 4427 ad
1832 4375 1974 4427 mala
2003 4390 2166 4442 quam
2193 4391 2221 4429 a
2260 4377 2417 4430 malis
2442 4378 2507 4433 ad
2559 4379 2700 4433 bona

1142 4466 1487 4513 transeuntes
1526 4476 1541 4513 :
1571 4460 1771 4528 quique
1824 4461 1944 4515 illos
1979 4472 2031 4514 et
2054 4463 2398 4519 admirantur
2427 4474 2481 4519 et
2512 4466 2699 4521 beatos

2799 3274 3174 3327 ἀποδέδεικται
3201 3274 3260 3338 ἐξ
3285 3276 3489 3340 ἀγαθοῦ
3514 3294 3571 3327 τε
3605 3278 3699 3329 καὶ
3728 3276 3929 3343 ἀγαθὴ,
3963 3277 4056 3328 καὶ
4082 3276 4141 3327 τ’,
4170 3295 4372 3343 συγγε-

2802 3366 2891 3429 νὲς
2946 3367 3202 3431 ζητοῦσα,
3241 3370 3329 3419 καὶ
3362 3367 3674 3437 τίλλότριον
3715 3369 3860 3422 ἅπαν
3891 3370 4187 3436 φεύγουσα.
4222 3370 4370 3437 Πλὴν

2804 3458 2892 3508 καὶ
2926 3456 3096 3518 οὕτως
3128 3458 3355 3526 ἐχούσης
3390 3460 3487 3527 τῆς
3520 3459 3795 3529 ἀληθείας,
3825 3461 3955 3521 ῐδοις
3987 3461 4053 3513 ἂν
4090 3462 4211 3523 τοὺς
4243 3462 4371 3513 πολ-

2800 3548 2924 3612 λοὺς
2957 3550 3065 3603 τῶν
3102 3550 3407 3622 ἀνθρώπων
3433 3552 3501 3605 τά
3528 3554 3697 3623 χείρω
3733 3554 3842 3607 τῶν
3872 3555 4200 3624 κρειττόνων
4232 3573 4369 3622 προ·

2799 3640 3177 3709 αιρουμένους,
3199 3642 3293 3695 καὶ
3316 3643 3444 3712 ῥᾷον
3466 3644 3573 3696 ἀπὸ
3600 3642 3807 3724 τούτων
3836 3648 3914 3709 είς
3931 3646 3999 3699 τὰ
4025 3648 4169 3701 κακὰ
4201 3666 4373 3717 μετα-

2803 3731 3095 3796 ϐάλλοντας
3128 3734 3160 3802 ἢ
3198 3733 3258 3799 ἐξ
3314 3734 3541 3788 ἐκείνων
3589 3737 3667 3799 είς
3701 3736 3907 3792 ταῦτα·
3943 3724 4233 3802 κάκείνους
4270 3740 4371 3809 μὲν

2802 3824 3119 3894 ζηλοῦντας,
3147 3826 3238 3879 καὶ
3269 3827 3690 3897 μακαρίζοντας,
3718 3829 3941 3891 τούτους
3961 3831 4017 3883 δὲ
4046 3830 4370 3894 ταλαν’ζονο

2801 3933 2922 3979 τας,
2960 3917 3035 3986 τῷ
3072 3918 3146 3989 μὴ
3178 3918 3359 3981 καλῶς
3389 3913 3682 3986 γεγεῦσθαι
3727 3921 3835 3973 τῶν
3874 3921 4091 3991 ἀληθῶς
4121 3924 4367 3990 ἀγαθῶν,

2800 4008 2919 4061 ἀλλ’
2956 4009 3014 4061 ὲν
3037 4008 3147 4074 ἔξει
3187 4009 3294 4062 τῶν
3322 4010 3509 4062 κακῶν
3537 4012 3891 4081 γεγενῆσθαι,
3927 4014 4019 4065 καὶ
4054 4016 4119 4081 τῇ
4154 4018 4373 4080 συνεχεῖ

2803 4098 3009 4151 τούτων
3049 4100 3190 4171 μέθῃ
3244 4101 3377 4169 μηδὲ
3423 4101 3588 4171 νῆψαι
3635 4103 3886 4171 καθαρῶς
3922 4103 4181 4157 δύνασθαι
4211 4121 4226 4135 ·
4258 4106 4373 4157 ἀλλ’

2805 4188 3029 4243 ἐπειδὰν
3057 4192 3150 4243 καὶ
3181 4191 3415 4259 ταυτησὶ
3448 4193 3546 4259 τῆς
3582 4192 3746 4261 μέθης
3782 4194 4165 4260 ἀπαλλαγεῖεν,
4202 4212 4373 4264 πρῆσε

2803 4280 3026 4335 κόπτειν
3056 4278 3211 4343 αὖθις
3247 4282 3499 4350 ἑτοίμους
3531 4279 3674 4335 εἶναι
3705 4285 3792 4336 διὰ
3823 4287 3922 4353 τὴν
3969 4287 4375 4353 ἐπικρατοῦσαν

2802 4371 2881 4424 ἔτι
2901 4372 3232 4441 κραιπάλην,
3258 4373 3351 4438 καὶ
3370 4374 3495 4435 τοὺς
3512 4376 3573 4425 ὲκ
3590 4375 3686 4442 τῆς
3704 4375 3875 4427 ὲωλοκ
3885 4376 4072 4446 ρασίας
4105 4376 4345 4443 ίλίγγους
4358 4417 4372 4431 .

2848 4457 2961 4516 ῦτοι
2979 4464 3213 4527 καὶτοὺς
3241 4465 3480 4531 φαύλους
3504 4464 3827 4535 ἀνθρώπους
3848 4466 4087 4534 ἀγαθοὺς
4120 4466 4377 4535 νομίζον·

1144 4550 1460 4616 przedicant,
1491 4551 1686 4603 horum
1714 4561 1919 4605 sortem
1968 4552 2311 4608 miserantur
2368 4556 2458 4623 qui
2507 4572 2699 4626 reapse
2732 4525 2776 4582 θ
2806 4568 2889 4604 σιν
2926 4548 3019 4604 εῖν(

2507 4572 2699 4626 reapse
2732 4525 2776 4582 θ
2806 4568 2889 4604 σιν
2926 4548 3093 4617 εἶναι,
3134 4525 3230 4605 καὶ
3250 4525 3377 4614 τοὺς
3416 4525 3635 4614 ἀθλίους
3658 4525 4002 4624 εὐδαίμονας.
4048 4525 4376 4622 έφάλλοῖιται

1146 4641 1284 4693 bona
1314 4656 1418 4694 nou
1448 4651 1594 4697 recte
1639 4643 1996 4711 degustat-int,
2040 4647 2132 4699 sed
2162 4646 2401 4700 habitum
2431 4648 2694 4703 malorum

1144 4733 1517 4801 acquisierint.
1555 4744 1610 4787 et
1642 4750 1707 4790 ex
1762 4751 1950 4790 eorum
2006 4736 2368 4793 inebriatione
2436 4741 2699 4795 continua

1143 4840 1210 4877 ne
1240 4824 1452 4891 quidem
1488 4827 1551 4879 ad
1584 4828 1928 4881 sobrietatem
1962 4830 2135 4882 redire
2180 4831 2391 4885 sincere
2442 4832 2652 4898 possint
2686 4852 2701 4897 ;

1145 4915 1255 4968 imo
1293 4917 1394 4971 hac
1453 4917 1569 4988 ipsa
1606 4934 1827 4987 quoque
1870 4921 2084 4974 liberati
2134 4922 2481 4983 temulentia.
2507 4938 2702 4979 rursus

1146 5008 1213 5060 ad
1242 5007 1619 5063 oﬂ‘endendum
1645 5012 1812 5079 parati
1844 5014 1972 5076 sint,
2006 5012 2076 5065 ob
2119 5027 2372 5080 eam.qua
2394 5013 2569 5066 adhuc
2606 5015 2705 5067 de-

1147 5101 1442 5164 t'ueantur,
1474 5102 1749 5169 crapulam
1775 5111 1829 5155 et
1868 5104 2135 5171 profectas
2166 5120 2228 5157 ex
2258 5105 2551 5172 gravedine
2583 5120 2703 5158 ver-

1147 5190 1361 5257 tigines.
1394 5189 1553 5245 Iidem
1573 5202 1624 5246 et
1654 5208 1847 5262 pravos
1878 5194 2125 5248 homines
2175 5194 2345 5249 bonos
2371 5210 2490 5249 esse
2512 5204 2704 5264 putant

1148 5291 1205 5334 et
1237 5284 1467 5337 miseros
1521 5282 1701 5338 felices
1733 5300 1748 5337 :
1779 5285 1977 5353 quippe
2029 5284 2234 5353 judicio
2268 5285 2551 5351 falluntur,
2608 5301 2708 5340 nec

1151 5388 1337 5426 eorum
1373 5388 1573 5441 scopus
1622 5389 1746 5426 cum
1783 5388 1949 5442 scopo
1988 5383 2191 5438 rectam
2251 5374 2534 5429 ferentium
2591 5390 2714 5429 scn-

1154 5463 1396 5522 tentiam,
1431 5462 1484 5515 in
1535 5462 1742 5534 judicio
1779 5462 1845 5515 de
1881 5463 2109 5515 honesto
2134 5474 2183 5515 et
2219 5462 2361 5515 bono
2417 5464 2712 5517 consentit.

1156 5554 1309 5615 Apud
1340 5552 1461 5607 illos
1488 5554 1631 5605 enim
1666 5552 1758 5621 qui
1789 5552 1896 5606 fuci
1922 5558 2179 5607 dicuntur
2238 5553 2353 5623 (eos
2410 5563 2591 5607 autem
2626 5554 2709 5605 iu-

1159 5642 1343 5712 telligo
1373 5643 1466 5711 qui
1525 5657 1613 5695 res
1674 5644 1944 5697 secundas
2002 5656 2100 5711 pro
2137 5642 2391 5696 felicitate
2443 5643 2702 5705 ducunt).

1155 5736 1398 5787 omnium
1458 5735 1510 5787 lii
1567 5734 1861 5789 felicissimi
1916 5744 2345 5802 caeterorutnque
2398 5734 2708 5789 mortalium

1158 5825 1591 5895 prmstautissimi
1626 5826 1940 5895 iudicantur
1974 5840 2115 5893 esse,
2176 5825 2374 5895 quibus
2428 5826 2711 5896 prosperi—

2812 4643 2912 4713 μὲν
2927 4642 3036 4713 γὰρ
3061 4645 3193 4710 περὶ
3209 4644 3306 4709 τὴν
3316 4643 3390 4712 ψῆ
3400 4660 3517 4712 φον,
3539 4646 3600 4697 ού
3618 4646 3830 4715 συνᾴδει
3847 4646 3903 4697 δὲ
3924 4646 4193 4698 κάκείνων
4213 4648 4239 4697 ὁ
4255 4659 4381 4703 σκο-

2810 4735 2931 4798 πδς,
2960 4734 3038 4803 τῷ
3068 4734 3178 4787 τῶν
3210 4734 3390 4804 ὀρθῶς
3411 4736 3753 4805 ποιουμένων
3780 4736 3877 4797 τὰς
3916 4737 4219 4800 ἀποφάσεις
4254 4738 4379 4803 περὶ

2796 4828 2908 4899 τὴν
2934 4830 3028 4883 τοῦ
3061 4828 3226 4882 καλοῦ
3257 4847 3315 4881 τε
3346 4830 3439 4881 καὶ
3466 4829 3671 4897 ἀγαθοῦ
3697 4829 3898 4897 κρίσιν.
3926 4830 4083 4897 Παρά
4121 4830 4227 4898 γὰρ
4274 4833 4379 4887 τοῖς

2810 4920 3163 4990 καλουμένοις
3197 4920 3425 4989 κηφῆσι,
3453 4920 3595 4984 λέγω
3623 4919 3687 4986 δὴ
3720 4923 3834 4982 τοῖς
3851 4920 3947 4989 τὴν
3981 4920 4273 4988 ῥᾳστώνην
4302 4936 4381 4969 τιο

2812 5013 3058 5075 θεμένοις
3085 5012 3442 5081 εὐδαιμονίαν,
3470 5012 3576 5064 οἵδε
3606 5013 3712 5064 τῶν
3734 5012 3947 5063 πάντων
3975 5012 4386 5077 εὐδαιμονέστε-

2821 5120 2904 5173 ροι
2930 5103 3231 5171 κρίνονται,
3256 5105 3350 5155 καὶ
3372 5105 3585 5156 πάντων
3612 5104 3820 5173 ἀνδρῶν
3835 5098 4156 5172 ἇριστοι,οἷς
4185 5104 4252 5156 ἂν
4276 5107 4385 5162 τοῖς

2825 5194 2967 5257 ὅλοις
2996 5190 3396 5263 εὖπράττουσιν
3423 5193 3678 5264 εὐμαρῶς
3711 5194 3915 5263 τάτῇδε
3934 5195 4155 5262 φέροιτο
4178 5193 4383 5245 πάντα*

2824 5288 2915 5338 καὶ
2941 5283 3049 5338 εἷεν
3068 5285 3174 5353 μὲν,
3194 5285 3602 5353 ἀπηλλαγμένοι
3627 5286 3944 5353 φροντίδων,
3962 5284 4261 5336 ἐσθιουσῶν
4292 5285 4389 5347 τὰς

2818 5377 2926 5445 ψυχ
2939 5376 2994 5436 ἅς
3025 5378 3201 5445 σητῶν
3224 5377 3374 5428 οὐδὲν
3396 5371 3576 5447 ἦττον,
3594 5378 3642 5428 εί
3660 5376 3896 5428 τουτοισί
3921 5394 4024 5428 που
4045 5376 4390 5442 συγγένοιντο

4079 5470 4394 5520 ἀποκναίειν

2827 5559 3146 5626 δυναμένων
3197 5562 3290 5611 καὶ
3338 5558 3481 5622 νοῦν,
3507 5559 3597 5609 καὶ
3645 5559 3822 5626 σῶμα·
3855 5558 4063 5611 καὶτοῦ
4089 5561 4188 5625 μὲν
4210 5558 4393 5610 πονεῖν

2824 5650 3083 5713 ἄγευστοι
3110 5666 3121 5679 ’
3164 5652 3191 5700 ὁ
3223 5650 3337 5716 βίος
3365 5650 3419 5701 δὲ
3453 5650 3632 5710 αὐτοῖς
3660 5649 3859 5718 τρυφὴ,
3891 5651 3984 5702 καὶ
4035 5650 4196 5701 πλέον
4220 5649 4391 5701 οὐδέν.

2827 5740 2986 5807 Μέγα
3019 5739 3075 5790 δὲ
3120 5739 3340 5792 κάκεῖνο
3378 5740 3701 5807 νομίζουσιν.
3726 5741 3805 5793 ὅτι
3827 5739 4284 5807 θαυματοποιοὺς,
4303 5740 4393 5791 καὶ

2829 5829 3054 5896 μίμους,
3076 5828 3167 5881 καὶ
3183 5828 3473 5897 ὀρχηστὰς,
3506 5830 3684 5895 σμήνη
3724 5846 3780 5881 τε
3822 5830 4088 5892 κολάκων,
4117 5829 4210 5881 καὶ
4241 5829 4394 5887 ὑδρι-

2830 5469 3102 5536 συνεχῶς·
3159 5466 3268 5519 εἷεν
3316 5470 3371 5521 δὲ
3424 5473 3765 5535 πραγμάτιον
3816 5470 4019 5530 ἑντὶς,
