4748 6512
258 548 357 614 U3

1649 551 1934 613 ORATIO
1961 552 2043 613 II.

3371 538 3482 606 ιιι

259 662 397 715 στῶν
430 661 582 731 ἔθνη,
615 660 710 714 καὶ
740 660 1070 730 παρασίτων
1104 658 1295 730 ὲσμδν,
1324 660 1420 714 καὶ
1445 661 1574 723 τοὺς
1621 661 1811 724 ἀλλους
1844 675 1886 729 Α
1921 670 2030 717 tale
2058 660 2134 717 fru

1621 661 1811 724 ἄλλους
1844 675 1886 729 Α
1921 670 2030 717 tate
2058 660 2388 729 fruentibus,
2418 660 2689 716 universae
2713 673 2801 715 res
2856 656 3020 726 lmjus
3041 654 3167 711 vitae
3196 656 3481 707 commode

257 754 380 817 τοὺς
399 752 673 814 τοιούτους
701 752 762 805 εὖ
777 754 951 804 ποιεῖν
976 752 1228 805 δύνανται
1249 752 1300 803 οί
1325 751 1453 820 παρ’
1476 752 1660 805 αὐτῶν
1676 751 1808 803 θαυ-

256 844 570 914 μαζόμενοι,
595 843 704 896 ἀπὺ
720 842 814 895 τοῦ
832 842 1085 896 πλουτεῖν
1107 842 1167 895 τὸ
1182 840 1443 894 δύνασθαι
1459 842 1810 911 κεκτημένοι.

1917 754 2219 809 succedunt
2250 754 2493 823 ;quique
2514 752 2672 806 liberi
2705 756 2834 805 sunt
2865 758 2918 804 et
2946 755 3219 801 immunes
3252 760 3283 798 a
3307 744 3480 803 curis.

1922 858 2028 897 non
2062 843 2243 899 minus
2275 846 2484 899 animos
2512 842 2947 913 depascentibus,
2969 854 3131 908 quam
3155 838 3309 891 tineae
3341 835 3488 889 sule-

253 943 362 998 aut,
398 934 444 988 si
468 933 782 1002 frequenter
800 934 880 987 eis
905 934 1250 999 adbareaut;
1285 934 1557 988 imnmues
1580 948 1608 985 a
1639 934 1893 1002 negotiis,
1918 949 2040 1003 qua:
2070 946 2303 989 mentem
2334 945 2386 989 et
2417 950 2614 1005 corpus
2637 932 2886 989 cruciare
2924 944 3190 1000 possunt;
3230 933 3486 994 expertes

254 1027 706 1095 laborum,eaque
730 1026 972 1081 fruentes
990 1028 1119 1092 vita,
1138 1044 1259 1098 qua
1287 1028 1420 1082 nihil
1448 1029 1519 1083 sit
1544 1028 1689 1082 aliud
1716 1043 1875 1096 qnam
1900 1044 2062 1083 morte
2084 1030 2571 1099 delicimJlaguum
2598 1040 2649 1083 et
2681 1029 2807 1083 illud
2830 1026 3105 1097 quidpiam
3128 1038 3246 1077 esse
3270 1030 3481 1091 putant.

253 1125 393 1193 quo-l
440 1123 963 1192 pmstigiatores.et
1002 1123 1197 1177 mimos
1227 1133 1281 1178 et
1314 1123 1620 1185 saltatores.
1647 1131 1700 1176 et
1731 1124 2075 1178 adulatorum
2108 1127 2384 1187 examina,
2414 1135 2467 1179 et
2499 1125 2888 1193 flagitiosorum
2923 1122 3195 1179 nationes,
3220 1127 3275 1169 et
3311 1131 3472 1182 para-

253 1217 478 1269 sitorum
510 1231 745 1284 gregem.
779 1227 831 1269 et
852 1216 988 1270 alios
1021 1217 1155 1270 tales
1188 1216 1401 1272 allicere
1423 1214 1704 1272 beneﬁciis
1734 1216 2175 1285 possint,qui'eis
2202 1218 2549 1271 admirationi
2576 1224 2723 1280 sunt,
2759 1228 2881 1269 cum
2908 1212 2958 1265 id
2984 1219 3236 1280 praestare
3258 1214 3481 1277 queant.

254 1308 373 1377 quia
400 1307 602 1359 divitiis
625 1308 952 1361 'abundant.

316 1392 489 1451 Αῦται
523 1400 622 1467 μὲν
656 1400 748 1452 οὖν
800 1401 855 1451 oti
903 1400 1113 1470 κρίσεις
1155 1402 1263 1453 τῶν
1296 1402 1641 1472 φαυλοτέρων
1677 1400 1808 1469 περὶ

251 1491 336 1543 τὸν
390 1491 731 1561 ἀνθρώπινον
782 1491 915 1560 βίον,
956 1496 1048 1544 καὶ
1102 1492 1247 1546 οῦτω
1303 1496 1402 1563 τὴν
1453 1493 1805 1560 εὐδαιμονίαν

252 1578 546 1647 ὁρίζονταιο
589 1580 822 1641 ἐλεεινὸς
866 1581 922 1634 δὲ
953 1582 1265 1649 ἄνθρωπος,
1294 1583 1391 1635 καὶ
1420 1582 1808 1646 ταλανίζεσθαι

252 1669 456 1731 δίκαιος
493 1672 733 1723 τουτοισὶ
768 1675 881 1733 τοῖς
934 1672 1208 1743 μοχθηρίᾳ
1262 1674 1498 1738 συζῶσιν
1530 1675 1689 1737 οὗτος
1725 1674 1808 1726 δυο

254 1762 359 1822 κεῖ,
403 1753 445 1828 ᾧ
492 1762 567 1831 μὴ
599 1763 862 1831 πράττειν
892 1765 1121 1829 ἔξεστιν,
1152 1762 1233 1828 οἷς
1269 1767 1335 1819 ἂν
1362 1767 1555 1837 ἡσθείη
1584 1766 1813 1819 διαπαν⁴

254 1853 365 1917 τὸς,
403 1852 436 1921 ἢ
475 1854 663 1914 πενίας
702 1856 761 1906 ού
792 1857 1203 1926 συγχωρούσης,
1234 1859 1265 1928 ἦ
1298 1858 1397 1928 τῆς
1446 1860 1586 1930 ἥϐης
1632 1878 1811 1931 παρα-

256 1945 561 2013 κμασάσης,
580 1946 613 2014 ἦ
631 1962 769 2007 τινος
793 1948 900 1998 τῶν
923 1948 1156 2017 θύραθεν
1172 1951 1603 2020 συμπτωμάτων
1620 1950 1815 2019 ἀπεῖρ-

1977 1401 2102 1458 Haec
2148 1418 2348 1459 eorum
2406 1401 2737 1472 quirmteris
2793 1406 2921 1451 sunt
2952 1394 3253 1464 praviures,
3284 1394 3349 1446 de
3368 1393 3476 1445 vita

1908 1494 2361 1563 hun'anajudicia
2381 1504 2528 1558 sunt,
2564 1501 2727 1561 atque
2754 1492 2824 1545 ita
2849 1488 3157 1544 felicitatem
3187 1484 3475 1538 definiunt.

1906 1585 2100 1641 Iisdem
2137 1587 2189 1638 in
2218 1584 2366 1638 omni
2426 1583 2661 1650 nequitia
2718 1583 2886 1635 vitam
2941 1577 3281 1647 exigentibus
3316 1578 3478 1629 homo

1908 1678 2069 1731 miser
2100 1683 2155 1730 et
2184 1675 2517 1730 miserabilis
2543 1689 2662 1729 esse
2692 1673 2926 1737 videtur,
2962 1672 3056 1741 qui
3082 1686 3144 1723 ea
3178 1664 3473 1738 peragendi

1910 1770 2224 1824 facultatem
2276 1783 2382 1822 non
2426 1769 2609 1831 habet,
2648 1783 2711 1821 ex
2748 1766 2949 1835 quibus
2981 1778 3196 1832 semper
3230 1762 3474 1827 volupta-

1911 1869 2017 1915 tem
2047 1867 2297 1929 caperet,
2331 1858 2413 1912 vel
2445 1859 2624 1927 inopia
2654 1873 2761 1912 non
2791 1860 3160 1927 permittente,
3188 1855 3268 1906 vel
3295 1852 3473 1905 artajs

1910 1954 2112 2007 amisso
2141 1951 2297 2017 ﬂore,
2328 1950 2409 2004 vel
2437 1951 2675 2005 extrario
2700 1964 2829 2003 casu
2852 1950 3087 2017 quodam
3120 1945 3470 2013 impediente.

255 2050 461 2127 γοντος.
496 2037 648 2127 Παρά
690 2036 745 2089 δὲ
790 2039 904 2127 τοῖς
939 2038 1293 2106 ἡμιφαύλοις,
1321 2042 1397 2103 ὼς
1432 2041 1498 2095 ἀν
1531 2058 1615 2104 τις
1642 2042 1809 2103 εἴποι,
1845 2073 1884 2127 Β
1915 2046 1979 2098 At
2004 2059 2130 2098 vero

1600 2058 1615 2104 ;
1642 2042 1809 2103 εἴποι,
1845 2073 1884 2127 Β
1915 2046 1979 2098 At
2004 2059 2132 2098 vero
2156 2041 2501 2110 scmipravis,
2532 2042 2609 2094 uti
2672 2040 2796 2108 quis
2826 2053 2921 2092 eos
2953 2036 3325 2107 appellaverit,
3353 2035 3475 2102 qui-

256 2124 347 2175 καί
384 2140 529 2186 τινος
558 2124 869 2193 φιλοτιμίας
904 2129 1217 2197 μετέχουσι,
1246 2130 1354 2184 τῶν
1386 2134 1451 2200 τῇ
1490 2133 1673 2201 τρυφῇ
1713 2131 1808 2182 καὶ⁵

256 2213 500 2283 ῥᾳθυμίᾳ
553 2216 998 2284 προσηλωμένων
1038 2219 1451 2290 μακαριώτερος
1481 2220 1652 2290 δήπου
1683 2223 1812 2287 φας-

257 2322 401 2357 νεται
426 2308 454 2357 δ
484 2306 572 2359 διὰ
598 2309 792 2375 χοροὺς
824 2310 1192 2379 ἀνδραπόδων,
1229 2313 1322 2364 καὶ
1352 2312 1577 2364 οἰκετῶν
1606 2312 1810 2380 πλήθη,

253 2399 343 2448 καὶ
380 2396 476 2465 τὴν
514 2398 681 2466 ἀλλην
714 2399 822 2451 τῶν
859 2402 1200 2469 πραγμάτων
1232 2403 1512 2469 ἀφθονίαν,
1547 2406 1643 2457 καὶ
1672 2405 1809 2457 πολέι

251 2488 515 2558 ἀργύριον
539 2490 775 2556 ἀφειδῶς
808 2492 1253 2560 άναλισκόμενον,
1281 2496 1391 2547 τῶν
1415 2496 1627 2564 ἐχθρῶν
1662 2498 1798 2548 ἀνώ-

251 2594 405 2647 τερος
434 2580 743 2649 γινόμενος,
772 2583 867 2636 καὶ
904 2586 971 2653 τῇ
1001 2584 1226 2653 δυνάμει
1257 2590 1485 2639 τουτωνὶ
1515 2588 1813 2657 κατορχούο

257 2687 435 2737 μενος,
471 2673 612 2724 κατά
658 2672 785 2742 ῥοῦν
824 2674 975 2743 αύτῷ
1006 2676 1332 2744 χωρούντων
1370 2678 1478 2730 τῶν
1511 2676 1815 2746 βουλευμά-

250 2780 381 2825 των,
430 2762 495 2816 δι’
544 2764 832 2845 ἡντιναοῦν
879 2767 1054 2837 φοράν
1107 2786 1166 2820 τε
1217 2769 1312 2821 καὶ
1354 2768 1547 2839 τύχην,
1581 2770 1613 2837 ἦ
1647 2771 1703 2822 τὸ
1738 2770 1814 2840 μὴ

251 2856 500 2921 γενναῖον
524 2857 655 2917 ἴσως
686 2856 831 2926 ἔχειν
862 2858 1178 2912 ἀντίπαλον,
1204 2858 1279 2911 Οὐ
1316 2858 1421 2928 γὰρ
1456 2860 1519 2912 ὲκ
1546 2860 1642 2928 τῆς
1677 2861 1816 2927 γνὼ-

255 2966 364 3017 μης
396 2950 505 3003 τῶν
536 2952 898 3021 εύροούντων,
942 2955 1038 3004 καὶ
1084 2952 1179 3005 τοῦ
1206 2952 1458 3019 γενναίου
1495 2955 1647 3020 σφίσι
1678 2970 1813 3023 (ppu.

251 3044 517 3111 νήματος,
546 3042 655 3095 οὐδ’
693 3046 757 3095 ὲκ
786 3044 884 3110 τῆς
935 3042 1142 3111 πολλῆς
1188 3043 1433 3111 ἀνδρίας,
1478 3043 1571 3095 καὶ
1600 3043 1699 3110 τῆς
1728 3058 1815 3093 το-

253 3133 459 3202 σαύτης
488 3136 829 3203 φρονήσεως,
856 3135 950 3186 καὶ
978 3136 1074 3202 τῆς
1106 3136 1233 3201 περὶ
1267 3135 1333 3185 τὰ
1363 3133 1610 3203 πρακτέα
1645 3150 1813 3186 σπου-

250 3226 350 3293 δῆς
375 3242 435 3278 τε
477 3229 573 3280 καὶ
604 3226 1008 3294 γενναιότητος,
1034 3225 1128 3277 καὶ
1164 3224 1464 3293 συλλήὸδην
1491 3226 1590 3293 τῆς
1621 3224 1812 3292 λοιπῆς

251 3318 487 3386 ἀρετῆς’
531 3314 726 3369 οὔκουν
765 3317 873 3369 οὐδ’
922 3316 1028 3371 ἀπὸ
1083 3317 1193 3368 τῶν
1240 3316 1531 3384 πράξεων,
1578 3316 1673 3367 καὶ
1715 3314 1809 3366 τοῦ

1913 2151 2017 2205 que
2046 2134 2230 2203 gloria:
2255 2132 2487 2203 quadam
2514 2131 2811 2201 cupiditate
2832 2130 3127 2190 ducuntur,
3165 2126 3209 2179 is
3233 2140 3352 2179 esse
3378 2140 3475 2176 vo-

1912 2227 2159 2295 luptariis
2214 2236 2269 2281 et
2322 2224 2554 2293 ignaviae
2610 2223 2804 2277 deditis
2853 2221 3067 2276 beatior
3098 2219 3471 2281 existimatur,

1913 2321 2003 2388 qui
2066 2318 2455 2387 mancipiorum
2490 2317 2744 2385 gregibus
2770 2354 2784 2378 ,
2806 2324 2859 2367 et
2884 2312 3054 2382 cupiis
3085 2325 3391 2374 servorum,
3424 2317 3478 2361 et

1921 2421 2118 2465 ca'tera
2148 2424 2328 2461 rerum
2363 2406 2716 2469 abundantia,
2752 2405 3032 2473 multoque
3059 2411 3284 2470 argento
3310 2400 3480 2467 largi-

1916 2514 1997 2555 ter
2030 2516 2295 2569 expenso,
2332 2501 2449 2554 suis
2496 2498 2747 2566 superior
2780 2497 3029 2550 hostibus
3061 2494 3267 2553 evadit,
3296 2500 3351 2545 et
3380 2505 3475 2556 po-

1916 2601 2164 2647 testatem
2206 2607 2395 2644 eorum
2432 2590 2681 2658 proterit,
2714 2588 2961 2642 consiliis
2993 2599 3251 2655 prospere
3274 2583 3479 2636 redeuo

1916 2685 2059 2738 tibus
2088 2698 2217 2737 casu
2249 2683 2529 2751 quopiam,
2567 2681 2649 2734 vel
2674 2679 2812 2734 forte
2842 2680 3080 2741 fortuna,
3111 2676 3193 2729 vel
3219 2674 3361 2743 quod
3389 2675 3485 2727 ad-

1915 2776 2213 2828 versarium
2275 2773 2505 2827 fortasse
2529 2787 2718 2841 parum
2770 2780 3052 2824 strenuum
3114 2768 3328 2821 habeat.
3369 2764 3485 2819 Non

1914 2868 2058 2919 enim
2096 2882 2160 2919 ex
2213 2865 2393 2919 indole
2424 2864 2860 2928 Strenuitateque
2906 2860 3182 2931 prosperis
3212 2858 3483 2911 utentium

1908 2957 2281 3029 successibus,
2319 2970 2418 3010 nec
2450 2970 2644 3024 magna
2680 2953 3018 3020 fortitudine,
3050 2966 3149 3005 nec
3174 2950 3485 3019 prudentia,

1916 3064 2014 3103 nec
2046 3048 2097 3100 in
2125 3048 2349 3115 agendis
2401 3052 2563 3099 rebus
2592 3044 2672 3099 vel
2703 3046 2906 3109 studio,
2944 3044 3026 3097 vel
3053 3044 3345 3104 industria,
3383 3055 3486 3095 nec

1916 3137 2142 3203 reliquis
2185 3136 2283 3198 (ut
2342 3136 2651 3190 smnmatim
2723 3134 2942 3205 dicam)
2995 3134 3316 3187 virtutibus:
3376 3146 3485 3185 non

1914 3230 2077 3283 etiam
2123 3244 2185 3282 ex
2225 3226 2402 3289 factis,
2464 3236 2626 3295 atque
2687 3225 2967 3291 moribus;
3020 3242 3120 3280 nec
3162 3225 3229 3279 de
3260 3224 3486 3277 materie

1919 3321 2255 3389 negotiontm
2291 3336 2410 3388 qua:
2434 3320 2488 3371 iu
2514 3320 2765 3374 manibus
2793 3326 2939 3382 sunt,
2968 3333 3063 3372 nec
3092 3317 3157 3370 de
3186 3314 3485 3369 adversarii

248 3410 471 3477 τρόπου·
505 3408 614 3459 οὔδ’
642 3408 751 3460 ἀπὸ
806 3408 906 3475 τῆς
947 3407 1083 3473 ὕλης
1128 3410 1236 3461 τῶν
1266 3409 1367 3461 ἀνά
1416 3412 1603 3477 χεῖρας
1636 3426 1811 3478 πραγ-
1836 3404 1881 3465 C
1914 3413 2123 3479 explora

1636 3426 1811 3478 πραγ-
1836 3404 1881 3465 C
1914 3412 2313 3479 exploratione,
2372 3426 2607 3479 quanam
2662 3412 2713 3464 iu
2746 3411 2947 3463 virtute
2977 3424 3038 3462 ac
3106 3408 3358 3469 scientia,
3401 3408 3482 3459 vel

254 3502 443 3568 μάτων
471 3514 485 3529 α
518 3499 628 3552 οὐδ’
662 3501 725 3551 lx
758 3498 855 3552 τοῦ
896 3499 988 3551 τὸν
1031 3500 1443 3570 ἀνταγωνιστὴν
1474 3502 1812 3569 βασανίζειν,

248 3594 402 3652 ὅπως
451 3592 653 3658 ἀρετῆς
687 3606 744 3641 τε
780 3590 874 3642 καὶ
908 3590 1242 3659 ἐπιστήμης,
1276 3591 1309 3659 ἢ
1345 3592 1687 3659 φαυλότητος
1719 3595 1814 3645 καὶ

246 3683 609 3745 ἀπαιδευσίας
660 3682 878 3751 μετέχει
899 3696 913 3711 ·
952 3680 1070 3733 ἀλλ’
1104 3682 1167 3733 ὲκ
1198 3682 1299 3751 τῆς
1330 3682 1608 3745 ἐκϐάσεως
1644 3683 1813 3752 μόνης

246 3776 491 3829 τουτοισὶ
546 3775 613 3825 τὰ
665 3774 967 3842 πράγματα
1023 3770 1289 3841 κρίνεται,
1342 3774 1442 3842 τὴν
1479 3774 1678 3844 ἀρετὴν
1718 3790 1813 3841 με-

246 3867 442 3938 τροῦσι
473 3867 583 3925 τοῖς
604 3866 998 3935 εὐτυχήμασιν,
1028 3865 1218 3935 ἀκροις
1259 3866 1308 3933 (ὅ
1336 3866 1489 3934 φασι)
1526 3865 1813 3926 δακτύλοις

246 3960 359 4014 τῶν
396 3958 739 4028 πραγμάτων
773 3959 1197 4025 ὲφαπτομένοις.
1233 3958 1351 4010 Κάν
1378 3957 1521 4010 οὓτω
1550 3958 1648 4028 τὴν
1681 3975 1814 4010 σαυ-

244 4054 346 4107 τοῦ
373 4052 551 4122 ψυχὴν
578 4051 912 4121 ἀσύγκριτον
952 4052 1255 4123 ἀποφήνῃς,
1288 4051 1362 4113 ὡς
1410 4048 1551 4104 εἶναι
1591 4051 1689 4117 μὲν
1718 4054 1814 4120 τῆς

245 4147 529 4214 Νέστορος
566 4146 660 4196 καὶ
699 4144 1048 4211 Σολομῶντος
1086 4144 1503 4213 φρονιμωτέραν
1526 4185 1539 4207 ,
1579 4139 1721 4197 εἶναι
1756 4144 1812 4196 δι

242 4240 350 4306 τῆς
393 4236 677 4306 Ἀχιλλέως
714 4237 806 4287 καὶ
834 4234 1071 4302 Σαμψὼν
1102 4236 1498 4303 άνδρειοτὲραν,
1538 4235 1813 4303 γέμουσάν

242 4350 305 4383 τε
336 4330 567 4400 ἀρετῶν,
594 4321 667 4379 ὧν
696 4327 928 4395 ἧρκεσεν
962 4326 1167 4394 ἑκάστη
1194 4328 1470 4396 κοσμῆσαι
1493 4328 1584 4379 τὸν
1614 4344 1811 4395 κεκτη-

245 4424 435 4491 μένον⁹
466 4419 568 4472 κᾶν
610 4416 753 4470 οὕτω
791 4417 856 4469 τὰ
897 4419 1149 4487 πρακτέα
1182 4418 1492 4488 διενεργῇς,
1526 4420 1601 4483 ὡς
1643 4422 1813 4488 φοδῆ-

242 4532 338 4566 σαι
379 4511 479 4581 μὲν
514 4511 779 4573 ἐναντίον,
816 4509 1085 4579 εὐφρᾶναι
1133 4510 1190 4562 δὲ
1225 4510 1401 4577 φίλον,
1442 4511 1721 4579 θαυμάσαι
1752 4511 1809 4563 δὲ

240 4606 490 4666 πάνταςο
536 4602 728 4655 ιπειτα
767 4601 868 4664 τῆς
913 4600 1083 4669 τύχης
1114 4601 1581 4671 ἀντιπιπτούσης.
1625 4602 1656 4672 ἢ
1715 4620 1811 4655 πε-

238 4699 367 4756 νίας
407 4694 695 4762 παραθῇς,
739 4692 772 4761 ἢ
806 4693 904 4760 τῆς
948 4692 1302 4762 ὑπαρχούσης
1330 4695 1574 4765 ὲκπέσῃς
1614 4695 1798 4765 δόξης,

238 4791 276 4857 ἦ
312 4802 458 4848 τινος
489 4785 669 4853 ἥττων
704 4784 873 4852 ὀφθῇς
902 4783 1094 4851 (πολλά
1138 4783 1194 4836 δὲ
1242 4785 1309 4837 ἂν
1335 4784 1548 4849 γένοιτο
1583 4788 1807 4840 τοιαῦτα

236 4882 379 4947 περὶ
409 4862 500 4928 τδν
531 4874 757 4945 εῦριπον
796 4875 942 4927 τόνδε
982 4874 1116 4943 βίον,
1149 4878 1237 4927 καὶ
1270 4877 1457 4943 γέγονὲ
1493 4894 1577 4939 τις
1607 4879 1805 4933 πολλά-

234 4989 329 5022 κις
370 4967 641 5036 κρείττων
678 4966 869 5032 ἀνδρὸς
926 4967 1219 5018 σπουδαίου
1270 4968 1362 5020 καὶ
1402 4967 1527 5019 νοῦν
1568 4968 1803 5037 ἔχοντος,

238 5059 375 5127 μηδ’
407 5060 688 5126 ἀνδριᾶσιν
722 5058 914 5120 ἐοικὼς
969 5058 1363 5126 ἀπεξεσμένοις
1421 5063 1501 5122 εἰς
1542 5044 1679 5124 εἶδοέ
1714 5062 1806 5113 ἀν·

232 5153 369 5217 δρὺς
399 5148 691 5216 γενναίου),
727 5151 753 5200 ὁ
788 5150 1014 5218 εὐήθης,
1045 5151 1073 5200 ό
1113 5149 1309 5213 δειλὸς,
1340 5152 1368 5201 ὁ
1402 5152 1596 5219 μιαρὸς
1622 5191 1636 5213 ,
1667 5153 1803 5219 ἀκή-

234 5258 380 5301 κοας
416 5239 565 5307 παρά
592 5239 700 5291 τῶν
734 5240 807 5301 ὡς
848 5240 1064 5309 άληθῶς
1101 5241 1358 5294 τοιούτων
1396 5243 1720 5311 ἀνθρώπων,
1761 5244 1810 5295 οἳ

230 5334 302 5401 δή
340 5348 463 5383 τινα
498 5330 868 5399 θαυμάζοντες
906 5332 1295 5400 κατορθοῦντα,
1327 5334 1541 5402 καὶτῆς
1564 5336 1810 5401 γενναιό-

230 5441 411 5492 τητος
446 5424 710 5492 ἀγάμενοι
745 5424 968 5490 σφόδρα,
1004 5427 1097 5475 καὶ
1136 5424 1386 5493 ὶγκώμια
1444 5429 1632 5495 μακρά
1686 5427 1807 5478 κατ’

229 5514 417 5567 αὐτοῦ
443 5514 919 5582 δημιουργοῦντες,
954 5516 1227 5583 ὀστράκου
1263 5517 1437 5583 (φασὶ)
1469 5524 1807 5585 μεταπεσόν-

230 5624 369 5668 τος,
414 5605 849 5671 μεταδαλόντε·,
897 5607 1182 5668 κακίζουσι
1230 5608 1347 5675 μεθ’
1391 5608 1697 5675 ύπερὸολῆς
1748 5610 1807 5661 οὗ

233 5696 725 5767 μεταϐεόλημένον
773 5698 871 5763 τὴν
930 5698 1166 5767 ἀρετὴν,
1202 5698 1260 5751 ὃν
1307 5699 1509 5768 μικρὸν
1572 5700 1807 5767 πρόσθεν

227 5789 506 5857 ἐπῄνουν,
558 5787 650 5838 καὶ⁵
692 5787 773 5838 δτι
837 5787 908 5856 μὴ
976 5791 1067 5841 καὶ
1099 5789 1386 5856 οὐρανίους
1441 5789 1591 5856 αὐτῷ
1641 5792 1805 5856 τιμὰς

224 5876 545 5943 ἀπονέμειν
596 5876 713 5941 ἐξὸν
764 5872 831 5944 ἦν
877 5880 1083 5940 αὐτοῖς,
1132 5880 1531 5948 ἐδυσχέραινον.
1572 5879 1805 5940 Πένθους

226 5970 279 6021 δ’
314 5968 474 6032 ἄξιον
508 5967 691 6020 τοῦτον
743 5971 1053 6039 κρίνωσιν,
1100 5971 1157 6033 ὃς
1192 5974 1254 6023 5-"
1282 5972 1439 6041 δόξης
1472 5973 1678 6040 ἔρημος
1717 5973 1804 6039 τέ’

1915 3503 2163 3557 socordia
2198 3513 2250 3555 et
2286 3502 2500 3556 inscitia
2532 3502 2599 3555 sit
2626 3502 2904 3570 praeditus,
2929 3502 3020 3555 sed
3054 3516 3116 3552 rx
3147 3510 3339 3553 eventu
3365 3500 3515 3568 solo.

1915 3594 1981 3648 de
2024 3596 2185 3649 rebus
2224 3603 2491 3659 statuunt,
2544 3594 2672 3646 dum
2729 3595 2982 3646 virtutem
3034 3609 3095 3646 ex
3135 3591 3484 3645 successibus

1918 3687 2232 3751 metiuntur,
2257 3697 2310 3741 et
2343 3688 2602 3741 extremis
2651 3684 2816 3754 (quod
2856 3684 3030 3752 aiunt)
3068 3684 3248 3754 digitis
3284 3699 3367 3736 res
3398 3692 3484 3736 at-

1916 3777 2149 3845 tingunt.
2200 3775 2352 3829 Licet
2388 3778 2632 3829 animum
2665 3785 2815 3829 tuum
2849 3776 2983 3829 adeo
3008 3775 3242 3844 positum
3266 3789 3480 3826 onmem

1912 3880 2064 3921 extra
2116 3867 2581 3935 comparationem
2635 3868 2853 3935 probes,
2903 3877 2960 3920 ut
2990 3866 3175 3920 animo
3232 3864 3485 3919 Nestoris

1914 3968 2076 4027 atque
2101 3957 2408 4013 Salomonis
2439 3960 2757 4028 prudentior
2788 3959 2879 4022 sit,
2908 3968 2961 4010 et
2986 3958 3210 4011 Achillis
3245 3971 3306 4009 ac
3330 3956 3485 4009 Sant-

1915 4052 2065 4106 sonis
2096 4052 2278 4105 animo
2310 4051 2524 4113 fortior,
2547 4051 2720 4119 iisque
2744 4050 2979 4103 refertus
3007 4049 3321 4113 virtutibus,
3351 4064 3481 4117 qua-

1917 4160 2034 4197 rum
2092 4144 2346 4213 qumlibet
2394 4143 2640 4196 ornando
2672 4140 2974 4210 possessori
3025 4157 3125 4194 suo
3159 4140 3479 4193 sufficeret:

1914 4236 2038 4291 licet
2094 4235 2299 4303 agenda
2331 4236 2409 4289 sic
2450 4235 2721 4303 periit-ias,
2768 4245 2823 4286 ut
2865 4234 3183 4286 alversario
3218 4242 3479 4285 terrorem

1915 4326 2166 4388 incutias,
2202 4325 2529 4394 voluptatem
2586 4326 2766 4391 parias
2810 4325 2987 4377 amieu
3012 4362 3026 4383 ,
3052 4338 3244 4379 omnes
3277 4324 3329 4375 in
3386 4323 3482 4375 ad-

1915 4418 2254 4472 mirationem
2316 4417 2388 4469 tui
2448 4420 2624 4483 rapias
2672 4433 2685 4468 :
2743 4418 2834 4469 sed
2879 4426 3080 4468 unitata
3125 4415 3319 4467 deinde
3372 4414 3481 4466 for-

1916 4519 2067 4568 tuna,
2119 4507 2199 4559 Vel
2259 4506 2313 4559 iu
2350 4514 2722 4575 paupertatem
2783 4505 3062 4566 incideris,
3126 4505 3207 4558 vel
3276 4516 3480 4572 partam

1911 4600 2136 4669 gloriam
2187 4598 2453 4660 amiseris,
2480 4598 2564 4651 vel
2615 4598 2789 4650 vietus
2824 4598 2891 4649 ab
2924 4599 3108 4666 aliquo
3131 4597 3293 4651 fueris
3327 4598 3480 4667 (qua-

1915 4692 1982 4744 lia
2053 4691 2215 4743 multa
2275 4690 2327 4742 iu
2396 4689 2497 4743 hac
2535 4690 2880 4742 vulnbilivila
2928 4691 3144 4741 evenire
3213 4698 3478 4757 possunt,

1916 4784 1969 4834 in
2030 4772 2135 4847 qna
2185 4781 2381 4849 saepius
2428 4781 2668 4844 accidit,
2704 4792 2759 4834 ut
2792 4782 3063 4833 hominem
3113 4789 3220 4831 tum
3260 4781 3475 4844 virtute,

1919 4882 2028 4926 tum
2063 4882 2237 4926 mente
2264 4873 2545 4941 praeditum
2578 4853 2758 4925 vincat
2793 4875 3014 4939 aliquis.
3038 4888 3103 4925 ne
3132 4873 3324 4925 statuis
3353 4873 3476 4940 qui-

1916 4967 2035 5019 dezn
2085 4967 2313 5033 sculptis
2342 4967 2407 5017 ad
2442 4964 2670 5017 formam
2726 4966 2936 5029 strenui
2965 4965 3058 5017 \‘iri
3098 4966 3478 5031 respondens),

1916 5058 2234 5120 etstultum,
2264 5065 2316 5109 et
2349 5057 2622 5115 timidum,
2656 5067 2709 5109 t-t
2744 5058 3011 5123 impurum
3042 5057 3115 5109 illi
3150 5066 3199 5109 te
3242 5056 3479 5125 appella-

1914 5152 2046 5204 bunt
2096 5150 2369 5213 homines,
2414 5150 2507 5218 qui
2560 5164 2748 5215 reapse
2798 5150 2932 5200 lttlt‘s
2978 5161 3129 5213 sunt,
3161 5149 3362 5217 quique
3386 5163 3475 5200 res

1914 5243 2200 5312 praet-lanis
2233 5251 2507 5310 gerentem
2572 5242 2805 5309 aliquem
2856 5239 3215 5303 admirantes,
3259 5250 3309 5291 et
3343 5247 3476 5292 stre-

1914 5338 2179 5386 nuitatetn
2210 5332 2361 5384 valde
2391 5332 2771 5399 suspicientes,
2795 5332 3138 5399 prolixasque
3162 5331 3346 5383 laudes
3381 5332 3476 5381 lio-

1914 5423 2043 5473 tuiui
2068 5422 2386 5483 candentes,
2411 5429 2545 5474 testa
2579 5420 2745 5487 (quod
2770 5419 2945 5488 aiunt)
2970 5433 3233 5471 conversa
3262 5418 3475 5479 mutati,

1913 5528 2077 5579 supra
2110 5513 2329 5565 modum
2366 5511 2506 5564 male
2548 5519 2779 5563 tractant
2808 5511 3030 5562 minime
3068 5517 3335 5561 mutatum
3367 5510 3477 5561 vir-

1914 5613 2025 5657 tute
2066 5603 2262 5665 virum,
2324 5617 2483 5670 quem
2532 5602 2693 5669 paulo
2731 5611 2855 5652 ante
2886 5600 3277 5662 laudabant,et
3326 5601 3470 5665 quod

1917 5697 2157 5749 lionotrs
2178 5695 2224 5747 ei
2278 5694 2530 5747 caelestes
2557 5692 2769 5745 deferre
2806 5705 2910 5743 non
2945 5702 3195 5759 possent,
3240 5692 3467 5743 moleste

1911 5786 2170 5840 ferebant.
2199 5785 2360 5838 Iidem
2390 5782 2679 5850 lugendum
2705 5793 2929 5835 censent
2958 5796 3080 5834 eum
3116 5782 3206 5849 qui
3242 5781 3465 5848 gloriam

1910 5878 2124 5938 amittit,
2153 5892 2257 5929 non
2286 5876 2425 5928 illam
2464 5873 2825 5937 verissimam,
2853 5882 2905 5925 et
2931 5873 3248 5931 durabilem,
3282 5883 3335 5925 et
3360 5889 3464 5925 uua

1883 5987 2004 6023 cum
2046 5969 2235 6038 epirittt
2277 5968 2398 6021 hinc
2430 5968 2772 6035 migtautem,
2802 5965 2893 6018 srd
2921 5966 3059 6018 hanc
3080 5978 3291 6029 vatiam,
3316 5979 3462 6034 qure-
