4748 6512
236 514 336 583 417

1596 504 1880 563 ORATIO
1924 505 2008 564 ΙΙ.

3358 499 3464 563 418

229 629 287 680 δί
317 626 502 680 κλάδοι
535 622 630 690 τῆς
686 619 886 687 ἀρετῆς
911 657 927 681 ,
964 617 997 685 ὴ
1049 616 1160 678 τοῖς
1211 613 1578 682 μετασχοῦσιν
1623 614 1794 679 αὐτῆς
1824 619 1864 673 Α
1901 629 2074 680 neque

1623 614 1794 679 αὐτῆς
1824 619 1864 673 Α
1901 629 2074 680 neque
2112 611 2434 680 corporibus
2465 620 2770 681 parcerent,
2827 625 2927 665 nec
2955 625 3082 679 opes
3115 612 3461 668 admiraren-

233 716 470 784 γνησίως
527 714 750 788 εἰκότως
811 710 876 762 ἂν
933 709 1194 776 τηρήσειε
1243 705 1352 756 τῶν
1391 706 1629 775 ἱδρώτων
1663 707 1791 766 τοὺς

232 807 482 876 καρποὺς
513 804 836 864 ἀθανάτους,
868 802 1003 869 αὐτή
1036 816 1098 869 γε
1137 797 1352 867 πρῶτον
1381 793 1516 850 οὖσα
1543 797 1787 868 τοιαύτη.

228 899 438 968 Χρῆμα
474 899 585 966 γὰρ
627 894 916 948 ἀθάνατον.

313 1143 562 1212 Ἀνδράσι
602 1141 782 1192 τοίνυν
835 1137 1080 1206 ἀγαθοῖς,
1128 1133 1207 1198 οἷς
1241 1153 1300 1203 γε
1345 1138 1377 1204 ἡ
1422 1135 1687 1205 ἐπιθυμία
1732 1137 1791 1189 τὸ

231 1236 334 1304 ζῇν
386 1232 467 1299 εὖ,
523 1233 830 1301 προσούσης
867 1249 928 1300 γε
983 1233 1171 1298 σοιιςίας
1222 1232 1316 1284 καὶ
1365 1230 1637 1298 γνώσεως,
1694 1231 1790 1300 τὴν

229 1329 528 1396 ἐπιθυμίαν
558 1327 740 1386 αὐτοῖς
789 1324 968 1392 καλῶς
1009 1326 1240 1393 περᾶναι
1269 1323 1607 1392 δυναμένων,
1641 1323 1791 1390 εὐχε-

233 1421 344 1487 ρῶς
391 1419 452 1471 τὸ
505 1417 767 1485 συγγενὲς
805 1417 900 1469 καὶ
939 1417 1000 1468 τὸ
1042 1415 1116 1484 μὴ
1161 1413 1398 1466 τοιοῦτον
1442 1414 1788 1483 γνωρίζεται.

231 1514 361 1572 Τοῖς
395 1512 452 1563 δὲ
494 1512 568 1579 μὴ
603 1511 924 1579 μετέχουσιν
951 1505 1163 1574 ἀγαθοῦ
1199 1510 1291 1558 καὶ
1332 1507 1364 1574 ἡ
1403 1505 1556 1558 τοῦδε
1587 1504 1791 1570 γνῶσις

230 1604 333 1656 οὐκ
365 1586 640 1667 εἶῦκριτος.
679 1599 840 1652 Ὀθεν
871 1600 930 1650 ὃν
963 1597 1118 1650 αὐτοὶ
1151 1597 1570 1666 μακαρίζουσιν,
1605 1593 1790 1646 ἄθλιον

235 1697 436 1746 ἐκεῖνοι
470 1692 750 1761 ἡγοῦνται·
779 1691 870 1743 καὶ
902 1690 930 1742 δ
968 1689 1221 1757 ζηλοῦσιν
1248 1689 1468 1752 ἐκεῖνοι,
1500 1686 1792 1754 φεύγουσιν

228 1785 365 1837 οἵδε.
415 1780 559 1835 Εἶεν.
601 1782 818 1834 Πολλῶν
847 1781 901 1833 δὲ
937 1779 1152 1850 θρήνων
1182 1779 1327 1842 ἄξιος
1361 1779 1572 1839 τούτοις
1608 1778 1791 1842 φαίνε-

231 1893 321 1925 ται
370 1877 574 1935 ἐκεῖνος
617 1873 852 1940 μάλιστα
908 1873 1146 1935 πάντων,
1200 1871 1228 1921 6
1275 1870 1414 1938 μήτε
1465 1867 1791 1942 ὣνεάγαθδς

229 1965 418 2024 αὐτὸς,
446 1966 537 2014 καὶ
575 1965 686 2024 τοῖς
728 1962 943 2023 πολλοῖς
977 1961 1395 2029 λυμαινόμενος,
1437 1962 1527 2012 καὶ
1550 1958 1618 2010 δι’
1646 1961 1792 2008 ὲντε-
1825 1944 1862 1996 Β

231 2055 447 2123 λέχειαν
501 2055 754 2123 πράξεων
809 2053 1100 2122 μοχθηρῶν
1145 2054 1269 2122 μήτ’
1318 2052 1517 2103 ἐθέλων
1554 2047 1788 2119 χρηστὸς

230 2149 506 2214 γενέσθαι,
548 2150 683 2217 μήτε
731 2147 1028 2216 δυιὰμενος
1080 2147 1306 2215 ἀμεῖψαι
1354 2144 1509 2212 τήνδε
1539 2143 1633 2211 τὴν
1677 2142 1788 2205 ’ἐξιν

231 2243 371 2308 πρός
403 2258 455 2291 τι
485 2242 593 2290 τῶν
625 2239 1027 2307 ἐπαινουμένων
1068 2255 1125 2288 τε
1163 2237 1256 2288 καὶ
1275 2236 1478 2288 καλῶν.
1513 2228 1677 2293 Οὗτος
1701 2250 1789 2283 κσ-

235 2332 366 2401 μιδῇ
398 2331 565 2398 κακίᾳ.
614 2330 911 2398 σύντροφος
938 2325 1031 2390 ὢν,
1075 2327 1224 2394 παρᾶ
1256 2326 1354 2394 μὲν
1383 2323 1488 2374 τῶν
1525 2322 1785 2374 ἐλεεῖταιο

227 2424 375 2489 λέγω
419 2425 504 2490 δὴ,
538 2423 646 2473 τῶν
691 2421 790 2473 οὐκ
824 2421 1003 2480 ἐλέους
1055 2418 1241 2480 ἀξίων,
1296 2416 1412 2468 ἀλλ’
1453 2414 1743 2482 ἐγκωμίων
1773 2429 1786 2442 '

228 2515 383 2584 παρὰ
434 2514 490 2565 δὲ
538 2513 646 2565 τῶν
677 2514 918 2580 μισεῖται
941 2525 954 2540 ⁸
985 2509 1096 2560 τῶν
1130 2507 1360 2576 μισητέα
1390 2503 1792 2573 διαπραττομέ-

229 2628 362 2673 νων,
410 2609 506 2659 καὶ
561 2606 862 2675 μισούντων
919 2603 1182 2666 ἑαυτοὺς,
1231 2601 1278 2651 εί
1330 2599 1422 2650 καὶ
1479 2594 1783 2664 παρᾲδοξον

231 2699 434 2751 εἰπεῖν.
483 2694 542 2750 Ὀ
593 2695 699 2764 γὰρ
745 2693 1000 2754 καθάπαξ
1058 2690 1289 2757 πονηρὸς
1321 2687 1603 2754 ἅνθρωπος
1657 2685 1791 2750 πρὸς

230 2788 311 2855 τῷ
363 2790 474 2849 τοῖς
521 2788 720 2839 εἰδόσιν
771 2786 934 2838 αὑτὸν
981 2783 1257 2852 μισεῖσθαι
1290 2782 1384 2832 καὶ
1410 2776 1789 2831 διαϐάλλεσθαι

232 2881 330 2932 καὶ
360 2878 535 2948 ὲαυτῷ
570 2878 796 2946 μισητός
830 2877 971 2942 ἐστι,
1005 2875 1200 2944 τρόπον
1237 2874 1298 2942 δὴ
1343 2889 1465 2924 τινα
1501 2873 1790 2940 μισήσαντι

233 2970 311 3037 τῷ
370 2969 635 3021 συνειδότι
685 2969 786 3036 τὴν
821 2966 1124 3037 βδελυρίαν.
1157 2966 1336 3025 ’Δπας
1370 2963 1481 3031 γὰρ
1507 2960 1791 3028 ἅνθρωπος

228 3066 294 3114 το
335 3062 586 3130 πονηρὸν,
641 3063 716 3121 ὡς
771 3058 1049 3128 ἀλλότριον
1081 3057 1270 3126 (ἡγὰρ
1309 3053 1476 3106 κακία
1508 3050 1791 3120 θύραθεν),

235 3156 298 3208 οὐ
328 3155 550 3206 δύναται
584 3152 658 3222 μὴ
696 3153 894 3220 μισεῖν·
937 3150 1123 3219 ὥσπερ
1147 3148 1242 3199 καὶ
1271 3146 1367 3216 τὴν
1396 3144 1613 3215 ἀρετὴν,
1645 3147 1794 3196 ὲπει-

1899 718 2007 767 tur,
2059 719 2160 756 nec
2196 702 2564 768 voluptatibus
2619 701 2912 767 inhiarent,
2951 715 3051 754 nec
3086 699 3248 753 vitam
3287 702 3459 770 ipsam

1897 797 2139 849 honesta:
2193 792 2348 846 fama:
2381 801 2792 860 anteponerent.
2831 792 2905 845 Ea
2931 805 3060 844 vero
3078 792 3293 846 virtutis
3322 796 3456 845 rami

1895 889 2114 956 quidam
2165 896 2314 962 sunt,
2344 898 2463 952 qua:
2508 883 2764 952 germane
2814 898 2874 938 se
2901 884 3084 951 politis
3114 899 3221 935 non
3260 883 3357 937 abs
3400 901 3457 935 re

1895 979 2150 1034 sudorem
2174 977 2380 1031 fructus
2397 975 2727 1029 immortales
2745 976 3167 1042 conservaverit,
3189 990 3312 1028 cum
3345 976 3459 1043 ipsa

1899 1072 2049 1139 prius
2073 1071 2142 1124 sit
2168 1070 2456 1137 ejusmodi.
2483 1066 2667 1122 Virtus
2684 1067 2828 1120 enim
2859 1083 2944 1122 res
2975 1067 3302 1121 immortalis
3343 1079 3455 1121 est.

1970 1162 2008 1212 Α
2043 1161 2198 1213 bonis
2226 1174 2355 1226 ergo
2379 1160 2507 1212 viris
2535 1161 2628 1226 qui
2662 1158 2796 1211 bene
2827 1157 3005 1210 vivere
3035 1160 3278 1226 cupiunt,
3309 1174 3462 1210 accc-

1897 1251 2056 1304 dente
2089 1251 2352 1318 sapientia
2381 1260 2434 1301 et
2463 1249 2731 1311 doctrina,
2761 1264 2883 1317 qua:
2911 1229 3053 1302 recte
3075 1249 3178 1302 hoc
3211 1251 3457 1314 ipsorum

1896 1341 2226 1394 desiderium
2263 1342 2328 1393 ad
2374 1341 2532 1393 finem
2575 1349 2820 1407 optatum
2882 1345 3176 1408 perducere
3201 1350 3457 1408 possunt,

1895 1430 2057 1483 facile
2109 1431 2253 1498 quod
2290 1441 2577 1496 cognatum
2612 1441 2723 1495 est,
2760 1442 2854 1484 aut
2907 1447 3085 1492 secus.
3119 1435 3452 1500 agnosr-itur.

1893 1525 1962 1574 At
2001 1523 2091 1588 qui
2133 1523 2421 1588 participes
2462 1522 2589 1574 boni
2630 1537 2734 1575 non
2786 1536 2936 1585 sunt,
2993 1523 3058 1577 iis
3111 1525 3223 1577 haec
3253 1525 3459 1593 agnitio

1896 1627 2084 1679 parum
2122 1609 2297 1664 facilis
2324 1620 2403 1664 est
2432 1620 2485 1663 ct
2513 1613 2762 1678 expedita
2796 1630 2810 1666 :
2838 1627 2948 1679 quo
2987 1613 3039 1665 tit
3072 1624 3129 1665 ut
3159 1627 3321 1680 quem
3354 1614 3456 1680 ipsi

1896 1703 2115 1756 beatum
2175 1704 2489 1772 praedicant.
2545 1705 2689 1756 hunc
2745 1705 2821 1756 illi
2857 1706 3113 1758 miserum
3145 1714 3333 1770 putent
3361 1721 3374 1768 ;
3402 1714 3456 1758 et

1895 1797 2037 1862 quod
2095 1796 2169 1849 illi
2217 1797 2577 1856 admirantur,
2629 1797 2681 1849 hi
2730 1796 2956 1863 fugiant.
2993 1799 3065 1848 Ac
3093 1799 3163 1850 sit
3196 1798 3268 1850 ita
3300 1813 3453 1850 sane.

1895 1885 2076 1942 Multis
2106 1898 2284 1941 autem
2317 1888 2794 1956 lacrymisdigmrs
2828 1889 2911 1940 his
2942 1888 3184 1941 omnium
3214 1890 3451 1942 maxime

1897 1979 2104 2031 \idetur
2125 1993 2264 2040 esse,
2289 1980 2382 2046 qui
2416 1994 2512 2032 nec
2539 1979 2651 2044 ipse
2687 1979 2857 2032 b-inus
2883 1991 2986 2043 est,
3023 1989 3075 2032 et
3101 1981 3300 2031 multos
3321 1993 3454 2032 cor-

1894 2071 2115 2138 rumpit,
2144 2085 2205 2122 ac
2238 2080 2458 2138 propter
2488 2070 2792 2121 facinorum
2821 2070 3133 2121 vitiosorum
3166 2069 3458 2122 assiduita-

1894 2171 2022 2223 tem,
2081 2177 2254 2230 neque
2309 2163 2419 2214 fieri
2472 2163 2585 2214 \‘ttlt
2613 2163 2808 2226 bonus,
2847 2177 3020 2227 neque
3077 2170 3284 2213 mutare
3312 2161 3457 2215 hunc

1893 2254 2140 2306 habitum
2175 2255 2226 2305 in
2263 2253 2588 2307 laudabilem
2639 2269 2701 2305 ac
2729 2253 3046 2321 praeclarum
3106 2262 3298 2319 potest.
3357 2251 3457 2308 llic

1891 2337 2169 2395 vitiositati
2194 2358 2422 2411 prorsus
2452 2343 2770 2404 innutritus,
2803 2343 2868 2395 ab
2899 2343 2982 2395 his
3007 2343 3447 2396 commiseratio-

1894 2449 2012 2485 nem
2044 2435 2292 2502 impetrat
2319 2436 2405 2503 (de
2436 2434 2538 2486 illis
2564 2434 2777 2500 loquor,
2816 2433 2906 2502 qui
2939 2449 3049 2487 non
3081 2435 3454 2495 miseratione,

1907 2528 2000 2578 scd
2031 2527 2280 2578 laudibus
2321 2526 2467 2594 digni
2495 2525 2667 2593 sunt),
2703 2525 2810 2578 illis
2838 2525 2890 2577 in
2929 2526 3052 2578 odio
3076 2535 3176 2588 est,
3207 2529 3296 2592 qui
3331 2527 3458 2577 odio

1899 2618 2156 2669 nimirum
2199 2618 2365 2685 digna
2413 2626 2696 2685 peragunt,
2727 2633 2788 2669 ac
2817 2616 3022 2683 seipsos
3054 2616 3302 2678 oderunt,
3332 2616 3457 2668 licet

1894 2709 1995 2761 hoc
2040 2709 2185 2761 dictu
2214 2710 2470 2777 quiddam
2526 2723 2722 2760 novum
2782 2709 2850 2762 sit
2875 2719 2927 2762 et
2959 2709 3218 2762 insolens.
3277 2706 3450 2759 llomo

1894 2816 2125 2868 namque
2169 2816 2394 2867 prorsus
2451 2801 2752 2866 improbus,
2807 2807 3162 2868 praeterquam
3215 2797 3457 2865 quodiis

1893 2891 2092 2959 quibus
2113 2901 2195 2944 est
2218 2903 2400 2957 notus,
2422 2893 2473 2942 in
2495 2892 2620 2945 odio
2647 2900 2729 2944 est
2751 2901 2802 2944 et
2830 2891 3258 2959 reprehenditur,
3285 2890 3449 2943 etiam

1895 2985 2009 3052 ipse
2060 2998 2117 3037 se
2168 2987 2327 3036 modo
2376 2985 2606 3050 qundam
2646 2982 2784 3045 odit,
2809 2996 2930 3036 cum
2955 2982 3072 3049 ejus
3117 2980 3468 3036 conscientia

1895 3075 2252 3129 sceleritatem
2304 3076 2430 3127 odio
2473 3085 2852 3143 persequatur.
2897 3074 3087 3126 Onnis
3119 3075 3261 3125 enim
3291 3076 3452 3126 homo

1894 3169 2037 3236 quod
2064 3168 2369 3235 improbum
2395 3177 2499 3229 est,
2551 3168 2695 3219 velut
2728 3168 2965 3218 alienum
3024 3165 3278 3230 quiddam
3309 3165 3457 3233 (nam

232 3248 333 3298 δάν
366 3247 534 3314 αὐτὴν
565 3243 746 3306 καλῶς
777 3241 1071 3314 καταμάθῃ
1116 3239 1321 3308 ἀγαθὸν
1347 3239 1440 3290 καί
1468 3240 1516 3290 οί
1548 3239 1788 3305 γνήσιον,
1820 3259 1866 3320 c
1895 3260 2107 3314 curari:

1577 3239 1788 3305 ’νήσιονν
1820 3259 1866 3320 C
1895 3260 2128 3314 extraria
2158 3258 2422 3311 vitim-itas
2444 3258 2569 3324 ρει),
2600 3274 2704 3310 non
2736 3266 2908 3323 potest
2933 3271 3036 3308 non
3059 3255 3240 3309 odisse
3267 3272 3282 3309 :
3311 3256 3452 3309 sicut

233 3339 296 3389 οὐ
360 3335 582 3388 δύναται
633 3333 706 3402 μὴ
743 3333 941 3402 φιλεῖν.
989 3332 1049 3384 Ὀ
1080 3332 1257 3385 τοίνυν
1305 3329 1577 3400 μοχθηρίᾳ
1617 3328 1791 3390 συζῶν

234 3429 461 3490 ἀτόπως
503 3428 642 3494 ἄγαν
684 3427 981 3486 διάκειται,
1015 3428 1133 3487 ταῖς
1176 3423 1418 3492 γνώμαις
1450 3423 1569 3492 δίχα
1599 3420 1791 3488 τεμνό-

238 3539 424 3591 μενος,
452 3521 547 3573 καὶ
585 3518 886 3573 κινδυνεύει
929 3518 988 3569 τὸ
1017 3517 1133 3568 κατ’
1169 3514 1329 3568 αὑτὸν
1366 3515 1645 3584 αἰνίγματι
1686 3515 1795 3565 ἐοι-

234 3615 414 3677 κέναι,
447 3611 591 3679 φιλεῖ
617 3628 676 3662 τε
710 3613 817 3678 γὰρ
853 3609 969 3677 ἃμα
999 3607 1183 3672 αὑτὸν,
1232 3605 1308 3676 τῷ
1369 3606 1445 3674 μὴ
1484 3606 1582 3674 τὴν
1630 3605 1790 3672 φύσιν

235 3705 586 3779 ἀρνήσασθαι
619 3703 902 3765 δύνασθαι,
945 3703 1040 3753 καὶ
1069 3699 1269 3767 τρόπον
1296 3697 1481 3766 ἓτερον
1519 3698 1666 3763 μισεῖ
1704 3695 1792 3747 διὰ

233 3802 337 3871 τὴν
368 3796 580 3870 φαύλην
609 3794 956 3866 προαίρεσιν,
989 3793 1085 3845 καὶ
1118 3791 1262 3860 ζωὴν
1308 3789 1610 3858 μετάμελον
1654 3789 1797 3839 ὲκεί-

233 3911 314 3961 νιρ
351 3887 730 3958 παρεχομένην
778 3884 922 3936 ἕλκει
955 3882 1239 3950 διηνεκῶς.
1277 3880 1350 3932 Τὸ
1389 3881 1496 3948 γὰρ
1537 3879 1611 3947 μὴ
1652 3879 1796 3930 κατά

237 3982 430 4051 καιρὸν
468 3981 657 4049 χάριεν
706 3977 898 4028 λυπεῖν
948 3974 1164 4040 ἀνάγκη
1202 3969 1516 4039 μετέπειτα.
1553 3969 1793 4038 Λήξαντι

236 4076 347 4142 γὰρ
399 4067 682 4123 ἀκολουθεῖ
714 4064 1044 4127 τούναντίον,
1073 4062 1214 4115 κατὰ
1243 4063 1526 4115 Πλάτωνα.
1559 4061 1666 4112 Καὶ
1699 4058 1792 4110 τοῦ

237 4165 395 4234 ἡδέος
419 4162 480 4214 τὸ
507 4158 752 4229 λυπηρὸν
778 4155 1186 4227 διαρκέστερον.
1206 4153 1410 4205 Ἐκεῖνο
1442 4153 1541 4220 μὲν
1580 4151 1684 4221 γὰρ
1716 4151 1794 4220 τῷ

237 4254 344 4324 βίῳ
375 4250 550 4321 τούτῳ
576 4246 921 4316 συντελευτᾷ,
965 4245 1031 4314 ἢν
1062 4245 1154 4297 ἐπὶ
1195 4244 1459 4313 μήκιστον
1506 4241 1637 4311 ἔλθῃ
1663 4242 1790 4310 χρό-

236 4362 349 4398 νον·
378 4344 439 4396 τὸ
474 4343 529 4395 δὲ
577 4340 781 4394 λυποῦν
831 4337 1251 4406 συμπαραμένει
1289 4338 1347 4405 τῇ
1400 4335 1569 4404 ψυχῇ.
1611 4335 1795 4397 Οὕτως

237 4437 560 4506 ἀσύμφορον
608 4433 668 4485 τὸ
709 4431 902 4496 κακὸν,
935 4430 1077 4496 λέγω
1105 4429 1168 4498 δὴ
1197 4430 1259 4480 τὸ
1296 4430 1404 4488 τοῖς
1434 4430 1618 4488 κακοῖς
1651 4429 1796 4496 ἡμᾶς

239 4529 437 4589 αὐτοὺς
475 4523 759 4578 ἐκδιδόναι.
801 4523 862 4573 El
906 4519 981 4588 μὴ
1030 4520 1138 4588 γὰρ
1172 4519 1406 4586 ἐμαυτὸν
1438 4517 1652 4586 ὲκδοίην
1683 4519 1796 4576 τοῖς

1896 3361 1949 3404 et
1977 3352 2198 3411 virtute,
2256 3359 2606 3417 posteaquam
2642 3359 2786 3400 recte
2820 3347 3138 3413 cognoverit
3183 3362 3300 3398 eam
3331 3360 3453 3398 esse

1892 3443 2094 3496 bonum
2121 3442 2419 3509 quidpiam.
2445 3439 2655 3506 sibique
2678 3447 2987 3504 cognatum,
3017 3454 3121 3488 non
3143 3446 3314 3505 potest
3345 3453 3454 3489 non

1892 3549 2078 3588 amore
2137 3531 2412 3600 prosequi.
2448 3531 2550 3594 Qui
2582 3545 2714 3597 ergo
2746 3529 3061 3582 vitiositatis
3106 3537 3195 3580 est
3217 3529 3362 3581 velut
3397 3529 3449 3579 in

1893 3624 2273 3686 contubernio,
2331 3623 2469 3674 miro
2507 3621 2744 3688 quodam
2771 3632 2820 3674 et
2851 3621 3088 3673 absurdo
3123 3617 3349 3671 affectus
3377 3629 3461 3670 est

1895 3715 2076 3776 modo,
2127 3729 2248 3765 cum
2289 3712 2572 3764 sententiis
2635 3712 2802 3762 animi
2855 3710 3103 3763 bifariam
3134 3711 3452 3762 scindatur:

1896 3804 2138 3869 adeoque
2169 3818 2355 3868 parum
2383 3802 2553 3865 abest,
2575 3808 2713 3868 quod
2744 3801 2917 3868 ipsum
2945 3800 3154 3859 attinet,
3175 3800 3303 3867 quin
3330 3799 3460 3852 teni-

1897 3895 2057 3962 gmati
2087 3893 2279 3945 similis
2308 3894 2395 3944 sit.
2425 3891 2553 3944 Nam
2581 3891 2741 3945 simul
2771 3892 3005 3958 seipsum
3043 3901 3090 3942 et
3117 3889 3450 3957 diligit,cum

1896 3994 2142 4036 nultn'am
2170 3983 2394 4035 inticiari
2417 3991 2667 4046 nequeat,
2693 3991 2744 4034 et
2767 3981 2874 4033 alio
2896 3981 3056 4032 modo
3073 3981 3302 4046 quodam
3320 3981 3454 4041 odit,

1894 4076 2190 4128 voluntatis
2216 4090 2396 4141 pravo:
2429 4090 2631 4136 causa;
2667 4074 2940 4140 vitamque
2990 4081 3248 4140 perpetuo
3279 4072 3458 4138 paeni-

1897 4168 2117 4222 tentiam
2145 4167 2190 4220 ei
2225 4168 2522 4234 parientem
2553 4167 2744 4235 exigit.
2772 4163 2905 4216 Nam
2939 4165 3078 4229 quod
3115 4165 3309 4216 bonum
3347 4179 3456 4227 non

1897 4271 1999 4324 est,
2054 4275 2160 4326 quo
2198 4268 2437 4327 tempore
2490 4258 2787 4324 peragitur,
2821 4256 2870 4309 id
2921 4257 3176 4323 deinceps
3211 4256 3455 4309 dolorem

1899 4351 2079 4419 gignat
2127 4363 2349 4402 necesse
2384 4358 2504 4410 est;
2546 4357 2829 4413 postquam
2862 4347 3004 4399 enim
3053 4345 3238 4410 desiit,
3275 4346 3454 4410 diver¢

1899 4455 2016 4492 sum
2053 4439 2315 4505 sequitur,
2353 4449 2409 4490 ut
2445 4437 2521 4488 ait
2571 4435 2742 4489 Plato.
2780 4435 2846 4489 Et
2885 4435 3036 4488 dolor
3067 4437 3340 4502 voluptate
3359 4439 3458 4489 du-

1901 4528 2125 4581 rabilior
2146 4536 2248 4581 est.
2279 4527 2401 4579 lhec
2435 4528 2578 4578 enim
2609 4542 2730 4580 cum
2757 4526 2858 4579 hac
2883 4527 2989 4579 vita
3025 4525 3243 4590 desinit,
3269 4527 3314 4580 si
3337 4541 3456 4578 ma-

235 4621 337 4672 οὑκ
366 4618 671 4686 ὀνήσουσιν,
703 4613 803 4664 οὐκ
848 4611 914 4662 ἂν
941 4611 1122 4660 ἐκεῖνα
1152 4609 1370 4660 δύναιτο
1416 4607 1698 4676 βλάπτειν.
1733 4606 1794 4658 '0
1822 4596 1865 4649 α
1903 4612 2045 4665 xime
2093 4632 2110 4665 ι

1584 4624 1698 4659 τειν.
1733 4606 1794 4658 '0
1822 4596 1865 4649 α
1903 4612 2045 4665 λίιιιο
2093 4613 2412 4665 diuturnum
2469 4621 2682 4679 tempus
2709 4613 2976 4680 attingat;
3035 4621 3089 4665 at
3121 4628 3249 4666 vero
3304 4614 3459 4666 dolor

242 4713 425 4779 μέντοι
454 4707 688 4776 χρηστὸς
717 4703 1002 4770 ἄνθρωπος
1034 4701 1174 4766 φιλεῖ
1211 4699 1307 4767 μὲν
1349 4699 1602 4768 καθαρῶς
1635 4699 1797 4751 αὑτὸν

234 4804 338 4869 τῆς
366 4799 496 4868 περὶ
524 4797 591 4848 τὰ
636 4796 942 4864 πράγματα
989 4789 1234 4858 γνώμης,
1277 4790 1536 4859 ἡδόμενος
1583 4790 1643 4841 δὲ
1673 4790 1794 4847 δια-

236 4893 386 4943 τελεῖ
413 4888 608 4957 ἡδονὴν
641 4887 739 4938 σὺν
770 4883 848 4951 τῷ
879 4881 1029 4950 καλῷ
1063 4883 1176 4942 τοῖς
1212 4882 1307 4947 τῆς
1340 4880 1639 4949 εὐθύτητος
1668 4880 1795 4949 τρό-

236 4999 388 5043 ποις.
417 4982 488 5031 Ού
513 4976 955 5045 διαιρεῖται’‹ιτοὺς
987 4973 1301 5041 λογισμοὺς.
1325 4972 1512 5041 ὥσπερ
1539 4975 1564 5024 6
1596 4972 1798 5038 φαῦλος

237 5073 465 5130 ἐκεῖνος·
501 5067 615 5118 ἀλλ’
645 5065 790 5116 ἐστιν
825 5065 852 5114 6
879 5062 1040 5121 αὐτὸς
1066 5062 1173 5125 ἀεὶ,
1219 5061 1310 5112 καὶ
1338 5061 1538 5129 ἐαυτῷ,
1567 5062 1660 5113 καὶ
1684 5063 1797 5123 τοῖς

234 5158 408 5212 εἰδόσι
440 5156 728 5226 σύμφωνος
781 5153 875 5206 ὢν.
924 5147 1016 5215 Οἷς
1072 5152 1180 5220 γὰρ
1214 5150 1556 5220 θαυμάζουσι
1583 5150 1795 5214 τοῦτον,

233 5248 341 5316 τὴν
369 5244 524 5308 δόξαν
557 5242 704 5312 αὐτῷ
730 5241 1068 5294 πιστοῦνται.
1105 5242 1212 5292 Καὶ
1253 5241 1360 5310 μὴν
1388 5242 1415 5292 6
1445 5242 1621 5293 πάντα
1661 5243 1798 5311 ἀγαο

234 5341 332 5402 θος
380 5335 572 5406 φθόνου
629 5336 726 5404 μὲν
770 5332 1038 5399 ἀνώτερος
1071 5332 1294 5400 ἕστηκε,
1335 5332 1523 5400 μίσους
1552 5333 1607 5385 δὲ
1642 5335 1795 5395 ἐκτός

237 5437 383 5494 ἐστι,
425 5431 518 5483 καὶ
563 5427 778 5480 οίανοῦν
818 5426 1114 5494 ἀπέχθειαν
1157 5427 1289 5493 παρ’
1318 5427 1495 5479 οὐδέσι
1541 5429 1797 5496 κέκτηται

231 5523 351 5573 τῶν
397 5521 812 5589 σωφρονούντων
865 5517 1203 5585 ἀνθρώπιον·
1262 5519 1380 5570 ἀλλ’
1427 5517 1539 5585 ἔχει
1593 5519 1798 5580 πάντας

234 5611 372 5679 ἑξῆς
403 5610 640 5670 ἐκείνους
670 5609 762 5660 καὶ
796 5609 1152 5677 βουλομένους
1177 5611 1269 5660 καὶ
1299 5611 1626 5675 εὐχομένους
1653 5609 1797 5678 αὑτῴ

230 5707 306 5755 τὰ
345 5699 606 5751 κάλλιστὰ
648 5716 706 5750 τε
738 5701 830 5752 καὶ
868 5701 1172 5767 τιμιώτατα
1205 5699 1291 5751 διὰ
1326 5699 1422 5768 τὴν
1459 5700 1552 5767 τῆς
1593 5703 1799 5771 ἀρετῆς

233 5793 581 5860 τελειότητα,
636 5793 670 5861 ἦ
728 5809 788 5843 τε
836 5792 1012 5861 τούτῳ
1045 5792 1289 5858 γίγνεται
1332 5796 1552 5862 κόσμος,
1587 5798 1681 5847 καὶ
1708 5797 1796 5863 ὑφ’

237 5877 303 5939 οὗ
331 5881 392 5935 τὸ
425 5883 536 5936 ἴσον
567 5882 704 5952 αὕτη
733 5883 1023 5952 λαμϐάνει.
1070 5884 1177 5938 Καὶ
1203 5885 1260 5937 τὸ
1299 5885 1363 5954 δὴ
1395 5886 1652 5955 μέγιστον
1701 5889 1794 5941 καὶ

1899 4719 2020 4756 cum
2048 4703 2163 4771 ipso
2189 4704 2349 4756 durat
2367 4703 2568 4755 animo.
2592 4700 2773 4771 Usque
2796 4702 2933 4754 adeo
2958 4702 3179 4754 noxium
3209 4712 3290 4757 est
3311 4705 3455 4770 quod

1900 4795 2098 4848 malum
2120 4795 2218 4846 hoc
2236 4804 2339 4855 est,
2373 4794 2518 4846 vitiis
2551 4801 2761 4846 nosmet
2809 4792 3058 4847 addicere
3089 4809 3104 4846 :
3130 4793 3326 4861 quippe
3351 4795 3456 4847 nisi

1901 4888 2166 4954 meipsuin
2195 4886 2505 4939 addicerent
2534 4901 2640 4938 non
2674 4885 2995 4954 profuturis,
3019 4886 3104 4937 illa
3148 4902 3233 4938 rue
3264 4887 3455 4939 laedere

1903 4977 2050 5029 nullo
2078 4975 2246 5028 modo
2278 4983 2520 5043 possent.
2555 4974 2733 5028 Bonus
2758 4986 2936 5028 autem
2971 4975 3052 5027 \ir
3070 4984 3123 5027 et
3146 4975 3321 5044 diligit
3345 4978 3456 5029 sin-

1901 5079 2024 5118 Cere
2061 5063 2320 5132 seipsum,
2360 5073 2584 5130 propter
2613 5060 2668 5113 id
2697 5061 2763 5114 de
2816 5061 2977 5115 rebus
3006 5061 3274 5130 judicium
3297 5102 3311 5124 .
3345 5081 3457 5132 quo

1907 5155 2161 5224 praeditus
2204 5163 2304 5217 est,
2332 5163 2385 5206 et
2409 5154 2680 5219 voluptate
2712 5159 2970 5220 perpetua
2993 5150 3187 5204 fruitur
3208 5169 3328 5206 cum
3359 5157 3459 5207 ho-

1903 5255 2076 5304 nesto,
2106 5257 2205 5296 nec
2239 5243 2356 5297 sine
2400 5244 2534 5297 recti
2568 5242 2812 5305 ratione;
2853 5256 2960 5296 non
3013 5242 3161 5294 illius
3224 5243 3458 5310 improbi

1901 5351 2053 5389 more
2103 5335 2523 5403 cogitationibus
2573 5334 2854 5398 dividitur,
2919 5334 3012 5387 sed
3068 5348 3281 5402 semper
3310 5336 3453 5389 idem

1900 5438 2000 5489 est,
2034 5439 2194 5495 atque
2221 5436 2328 5480 tam
2375 5427 2708 5495 secmtripse
2749 5440 2910 5494 quam
2958 5439 3080 5478 cum
3119 5424 3220 5489 iis,
3257 5429 3461 5495 quibus

1901 5530 1980 5572 est
2012 5528 2190 5581 notus,
2226 5518 2519 5580 consentit,
2549 5518 2751 5585 quippe
2776 5518 2902 5570 dum
2935 5516 3214 5570 hominem
3257 5519 3328 5571 ilh
3359 5521 3456 5572 ad-

1905 5610 2189 5674 mirantur,
2216 5609 2533 5677 Opinionem
2568 5609 2688 5676 ejus
2727 5608 3076 5662 confirmant.
3111 5608 3249 5672 Quin
3290 5612 3457 5662 etiam

1902 5703 2125 5756 Omnino
2155 5705 2328 5754 bonus
2377 5702 2466 5754 ille
2527 5717 2691 5770 supra
2726 5716 2943 5755 onmem
2967 5703 3177 5768 positus
3207 5710 3291 5754 est
3319 5703 3458 5754 invi:-

1904 5794 2069 5855 diarn,
2101 5793 2298 5846 ctodio
2324 5803 2496 5856 caret,
2537 5808 2638 5846 nec
2671 5793 2990 5847 inimicitias
3027 5793 3188 5845 ullius
3213 5793 3365 5860 probi
3398 5810 3464 5846 ac

1905 5884 2137 5940 lttOdeSli
2185 5883 2421 5941 hominis
2448 5885 2743 5955 experitur:
2785 5884 2877 5941 sed
2903 5899 3093 5940 omnes
3124 5885 3298 5940 bonos
3335 5903 3464 5956 σει-εει
