4748 6512
1157 435 1260 501 423

2318 427 2711 487 MANUELIS
2758 429 3194 490 l’AL.’lil)LOGl

4290 430 4397 496 {2i

1158 557 1378 624 quidem
1413 551 1466 605 in
1492 545 1676 602 animo
1710 542 1935 603 bonum,
1962 537 2053 592 sed
2088 535 2224 591 adeo
2275 536 2468 604 fiagile
2490 552 2634 601 esse,
2669 549 2725 591 ιιι
2754 544 2799 597 Α
2827 539 3031 607 ἀγαθὸν

2525 552 2634 601 sse,
2669 549 2725 591 ιιι
2754 544 2799 597 Α
2827 539 3051 607 ἀγαθὸν,
3086 535 3225 591 εἶναι
3257 540 3313 592 δὲ
3342 541 3483 594 οὕτω
3511 540 3729 615 σαθρὸν,
3752 542 3827 604 ὡς
3858 545 3967 604 τοῖς
4001 542 4394 613 ἐπιχειρήσου-

1160 648 1304 700 hanc
1339 645 1467 697 boni
1504 634 1889 706 cogitationem
1918 631 2233 683 subvertere
2267 626 2551 681 conaturis
2577 625 2718 695 idip-

1160 753 1280 794 sum
1305 735 1459 790 facile
1487 731 1629 785 factu
1650 724 1999 782 ostendatur:
2026 721 2109 774 vel
2129 735 2159 774 e
2179 717 2576 773 contrarionon
2600 733 2721 772 esse

1159 836 1409 896 paratum
1442 821 1505 875 ad
1542 812 1908 872 resistendum
1939 807 2150 863 fortiter
2179 808 2254 861 rei
2310 806 2591 867 nociturae,
2624 818 2724 857 nec

1159 922 1336 974 factus
1379 912 1668 970 ostendere
1707 923 1826 976 quae
1876 911 2060 958 nostra
2102 901 2154 954 in
2188 907 2461 969 potestate
2509 898 2619 952 sint
2668 908 2721 950 et

1157 1007 1447 1068 electione,
1478 999 1817 1071 plushabere
1853 995 2046 1048 virium
2070 1005 2232 1062 quam
2266 990 2450 1042 omnia
2483 1002 2604 1057 quae
2632 1003 2724 1042 ex-

1158 1102 1432 1153 trinsecus
1475 1092 1849 1148 intenduntur.
1894 1087 2024 1140 Nam
2053 1085 2099 1137 si
2131 1082 2252 1151 quis
2280 1081 2483 1134 bonum
2515 1078 2725 1143 simpli-

1157 1194 1291 1247 citer
1320 1191 1393 1242 ita
1447 1187 1593 1250 velit,
1646 1195 1883 1249 cumque
1926 1178 2120 1233 deinde
2156 1176 2313 1230 faelis
2352 1173 2721 1245 praestandum

1157 1291 1261 1342 est,
1307 1279 1541 1348 segniter
1588 1290 1651 1329 ac
1703 1273 2033 1341 negligenter
2088 1269 2313 1323 allectus
2365 1269 2458 1331 sit,
2495 1267 2541 1321 is
2597 1280 2724 1320 vero

1160 1380 1313 1439 longe
1370 1378 1610 1422 remotus
1663 1380 1692 1418 a
1749 1362 2080 1431 perfectione
2126 1376 2234 1414 non
2278 1361 2512 1430 amplius
2553 1358 2723 1412 estin

1158 1467 1320 1523 bono,
1352 1464 1495 1529 quod
1529 1474 1660 1513 sane
1688 1457 1985 1524 |)t‘l'f(’-t'll.llll
2026 1464 2130 1508 est.
2186 1454 2440 1509 Sedenim
2485 1466 2722 1520 quonam

1159 1557 1256 1605 Ιιοι-
1303 1566 1461 1620 pacto
1528 1550 1684 1602 facile
1753 1547 1955 1615 possim
2003 1546 2260 1614 ell'ugere,
2312 1545 2454 1598 dicet
2506 1542 2722 1610 aliquis.

1156 1646 1290 1698 Nam
1318 1659 1404 1695 res
1438 1655 1514 1694 ea:
1540 1656 1657 1707 qna:
1686 1655 1779 1708 per
1811 1638 2111 1706 voluptates
2148 1635 2306 1689 nobis
2364 1636 2726 1703 imponuutet

1157 1736 1527 1796 llaudiuntnr,
1567 1731 1791 1784 omnino
1822 1745 1928 1781 non
1983 1728 2254 1781 mediocre
2284 1726 2451 1779 rohur
2507 1724 2725 1787 habent,

1157 1827 1235 1880 uti
1262 1826 1329 1879 de
1366 1826 1527 1877 rebus
1559 1820 1690 1885 ipsis
1714 1834 2046 1887 cognoscere
2083 1819 2225 1871 licet.
2262 1816 2414 1870 Alius
2436 1816 2579 1871 enim
2608 1814 2728 1869 aliis

2826 647 2911 683 σιν
2959 628 3109 700 αὐτῴ
3149 630 3241 682 τὸν
3288 630 3547 701 λογισμὸν
3583 634 3911 703 περιτρέψαι
3953 635 4173 687 εὔκολον
4205 637 4395 699 αὐτοῖς

2823 721 3243 775 ἀναδείκνυσθαι
3264 737 3277 753 ³
3321 722 3352 791 ἦ
3386 724 3720 788 τούναντίον,
3755 725 3830 797 μὴ
3860 722 3997 779 είναι
4032 726 4253 795 ἕτοιμον
4293 730 4393 780 ἀν-

2823 810 3075 878 τιστῆναι
3112 810 3378 878 γενναίως
3408 812 3486 881 τῷ
3518 812 3797 880 βλάψοντι,
3831 816 3925 867 καὶ
3953 816 4124 878 δεῖξαι
4152 818 4265 874 τοῖς
4296 815 4394 884 ερ-

2824 917 2963 968 γοις.
2992 902 3066 963 ὡς
3098 902 3421 973 ἰσχυρότερα
3452 905 3519 958 τὰ
3571 905 3654 973 ἐφ’
3704 909 3837 975 ἡμῖν
3871 909 3965 960 καὶ
3998 909 4095 977 τῆς
4129 910 4397 977 προαιρέ-

2830 1010 2967 1055 σεως
3012 993 3120 1045 τῶν
3164 994 3362 1059 ἔξωθεν
3413 996 3770 1065 ἐπαγομένων
3822 999 3948 1065 ἑξῆς
3990 998 4267 1051 ἁπάντων.
4334 998 4397 1051 El

2826 1086 2931 1150 γάρ
2979 1101 3060 1147 τις
3113 1085 3286 1138 ἐθέλει
3333 1086 3393 1138 τὸ
3441 1087 3644 1153 ἀγαθὸν
3682 1089 3912 1141 οὑτωσὶν
3952 1090 4163 1152 ἁπλῶς,
4197 1091 4400 1143 ἔπειτα

2827 1175 3025 1244 δεῆσαν
3067 1177 3351 1245 πράττειν,
3378 1179 3406 1229 ό
3437 1177 3481 1228 δ’
3520 1178 3799 1248 ὀλιγώρως
3832 1180 4101 1233 διάκειται
4131 1182 4231 1233 καὶ
4260 1184 4401 1249 ἡμεο

2827 1265 3103 1335 λημὲνως,
3124 1267 3260 1320 πολὺ
3281 1266 3379 1336 τῆς
3405 1269 3746 1335 τελειότητος
3764 1270 4028 1339 ὑστερῶν,
4049 1272 4233 1323 οὐκέτ’
4249 1272 4400 1323 ἐςτιν

2828 1356 2887 1406 ὲν
2919 1355 2997 1425 τῷ
3023 1356 3229 1424 ἀγαθῷ,
3255 1358 3282 1409 ὅ
3309 1373 3371 1424 γε
3408 1358 3634 1412 τέλειον.
3676 1360 3838 1412 Ἀλλά
3861 1361 3977 1422 πῶς
4002 1361 4070 1412 ἂν
4096 1362 4273 1413 ταῦτα
4303 1366 4401 1431 ρᾳ-

2830 1448 2957 1510 δίως
3003 1448 3360 1518 διαφύγοιμις
3399 1452 3551 1520 φησι.
3591 1452 3716 1514 Τοῖς
3750 1454 3861 1523 γὰρ
3906 1452 3993 1506 διὰ
4037 1453 4147 1505 τῶν
4192 1452 4405 1521 ὴδοιῶν

2829 1536 3142 1599 ἐξαπατῶσι
3171 1541 3264 1593 καὶ
3295 1540 3647 1595 ύποσαίνουσι
3682 1544 4002 1613 πράγμασιν
4033 1547 4133 1597 οὐκ
4160 1546 4264 1611 ἀγε
4283 1548 4403 1605 ivi;

2830 1643 2912 1688 τις
2946 1627 3162 1690 πάντως
3201 1629 3375 1698 ἰσχὺς,
3405 1631 3481 1693 ώς
3510 1632 3619 1684 ἀπὺ
3652 1632 3774 1685 τῶν⁸
3805 1634 4152 1701 πραγμάτοιν
4197 1634 4406 1701 ἔχομεν

2831 1717 3055 1784 γνῶναι.
3096 1718 3288 1782 Ἀλλος
3331 1721 3443 1790 γὰρ
3497 1723 3680 1786 ἄλλοις
3730 1722 4035 1790 ἁλίσκεται,
4064 1724 4166 1778 κᾶν
4196 1726 4409 1777 ὁπόσον

2835 1810 2964 1882 θέλῃ
3011 1813 3341 1881 φιλοσοφεῖν.
3389 1816 3500 1868 Καὶ
3548 1815 3722 1877 οὐδεὶς
3769 1815 3880 1867 τῶν
3929 1816 4067 1868 ὅλων
4099 1818 4403 1885 ἀνώτερος.

1154 1918 1389 1981 capitur,
1444 1918 1869 1979 quantacunque
1904 1908 2071 1961 animi
2113 1906 2460 1960 contentione
2505 1914 2724 1969 utatur;
2762 1898 2801 1949 Β
2830 1903 2963 1955 Οὐδὲ
2998 1906 3023 1956 ὲ

2531 1914 2724 1969 statur;
2762 1898 2801 1949 Β
2830 1903 2963 1955 Οὐδὲ
2998 1904 3107 1971 ἐγὼ
3146 1906 3344 1975 ῥαδίως
3378 1907 3543 1976 φημὶ,
3589 1908 3725 1961 ἀλλά
3756 1910 3958 1979 σπουδῇ
3992 1910 4085 1961 καὶ
4125 1911 4406 1977 καρτερία

1126 2024 1255 2062 ‘nec
1279 2008 1569 2076 quisquam
1623 2005 1880 2057 omnibus
1930 2013 2013 2056 est
2069 2002 2332 2071 superior.
2369 1998 2446 2053 Ne
2505 1997 2721 2067 quidem

1156 2102 1271 2166 ipse
1309 2099 1453 2156 dico,
1506 2110 1663 2163 posse
1690 2095 1825 2146 mala
1874 2093 2031 2146 facile
2082 2092 2262 2153 vitari,
2327 2091 2419 2145 scd
2458 2107 2562 2144 non
2619 2088 2722 2143 nisi

1157 2190 1396 2242 maximo
1436 2196 1543 2240 tam
1574 2184 1754 2239 studio
1805 2198 1967 2252 quam
1992 2182 2297 2245 tolerantia,
2333 2190 2595 2249 quantum
2627 2180 2726 2233 ho-

1156 2281 1289 2334 mini
1324 2278 1406 2332 fas
1444 2287 1544 2330 est.
1589 2276 1753 2343 quue
1815 2275 1951 2328 adeo
1999 2288 2185 2326 verum
2241 2281 2344 2333 est,
2385 2279 2443 2325 ut
2497 2271 2621 2325 licet
2676 2268 2722 2323 ei

1129 2372 1283 2425 ιιιιιιιί
1313 2369 1440 2438 quid
1491 2366 1783 2433 aliquando
1839 2363 2117 2426 acciderit,
2183 2379 2288 2417 non
2342 2373 2621 2431 propterea
2656 2360 2726 2415 sit

1157 2464 1356 2518 malus.
1380 2460 1616 2519 Atenim,
1649 2458 1780 2512 dicit
1812 2456 2028 2526 aliquis,
2063 2455 2340 2523 complura
2392 2455 2542 2523 quasi
2591 2468 2728 2522 quo-

1158 2557 1282 2610 dam
1317 2553 1442 2606 fuco
1482 2551 1642 2605 nobis
1698 2549 2051 2618 imponentia,
2115 2562 2325 2614 nosque
2371 2544 2728 2600 demulcendo

1157 2645 1417 2705 fallentia,
1458 2641 1702 2695 fortassis
1729 2639 2025 2703 evitavero,
2067 2639 2108 2692 si
2149 2637 2423 2706 perpetuis
2456 2650 2539 2689 me
2595 2649 2720 2689 eer-

1158 2736 1453 2791 taminibns
1482 2734 1778 2787 addixere:
1814 2747 1997 2784 verum
2030 2730 2073 2785 si
2124 2745 2209 2784 res
2235 2729 2527 2783 admodum
2584 2742 2730 2781 mor-

1159 2831 1338 2887 dat-es,
1367 2835 1738 2880 etextremum
1766 2823 1819 2876 in
1850 2823 2067 2875 tuodum
2104 2821 2371 2876 violentas
2400 2829 2729 2888 tamqueua-

1158 2930 1279 2972 tura
1311 2916 1702 2979 formidabiles,
1733 2922 1789 2968 ut
1818 2914 2031 2967 animos
2064 2913 2227 2967 etiam
2282 2912 2395 2967 sola
2426 2910 2509 2965 sui
2547 2924 2728 2964 recor-

1159 3010 1377 3062 «latione
1402 3009 1737 3071 concutiant,
1778 3021 1874 3075 per
1924 3019 2059 3072 quas
2099 3018 2316 3068 uxores,
2350 3002 2570 3067 liberos,
2601 3001 2732 3056 cha-

1165 3101 1384 3154 rissima
1416 3114 1667 3167 quaque,
1694 3098 1859 3151 vitam
1908 3098 2082 3167 ipsam
2135 3095 2437 3149 amittimus
2470 3112 2484 3149 :
2521 3094 2605 3149 ha:
2646 3108 2731 3149 res

2828 1994 3060 2066 μεγίστῃ
3081 1995 3147 2048 τά
3170 1998 3314 2049 κακά
3333 1997 3645 2066 διαφεύγειν
3668 1998 3950 2061 δύνασθαι,
3976 2001 4097 2052 ὅσον
4117 2000 4403 2069 ἀνθρώπῳ

2824 2083 3049 2138 δυνατόν
3069 2099 3082 2113 ·
3135 2088 3227 2139 καὶ
3260 2088 3537 2152 τοσοῦτον,
3567 2088 3707 2142 ῶστε
3739 2090 3794 2143 si
3822 2108 3921 2143 που
3956 2092 4053 2154 xui,
4094 2092 4248 2160 ἀλοίη
4289 2109 4411 2145 πα-

2827 2172 2958 2237 θὼν,
2985 2167 3060 2245 μὴ
3082 2175 3170 2228 διὰ
3197 2176 3357 2231 τοῦτο
3389 2179 3558 2230 κακὸν
3583 2174 3745 2233 εἶναι.
3789 2181 3947 2235 Ἀλλά
3976 2182 4044 2234 τὰ
4074 2184 4171 2253 μὲν
4196 2182 4402 2245 πολλὰ,

2827 2267 2986 2334 φησὶ,
3018 2267 3128 2319 τῶν
3165 2270 3567 2337 φενακιξόντων
3618 2289 3678 2324 τε
3728 2273 3822 2324 xui.
3872 2273 4182 2343 κηλούντων
4228 2275 4410 2327 διολι-

2829 2358 3089 2431 σθήσαιμ¹
3143 2360 3209 2412 ἂν
3269 2362 3419 2425 ἴσως,
3474 2362 3712 2430 ἐμαυτὸν
3787 2363 4033 2428 δεδωκὼς
4086 2367 4411 2437 διηνεκέσιν

2826 2454 3039 2521 ἀγῶσι⁸
3072 2453 3267 2525 κομιδῇ
3319 2453 3373 2505 δὲ
3429 2454 3733 2524 πράγματα
3784 2457 4051 2527 δακνηρά.
4110 2458 4410 2529 βιαιότατα

2833 2544 2934 2612 μὲν
2964 2544 3021 2606 ὲς
3060 2542 3251 2611 ἄκρον,
3279 2542 3420 2596 οὕτω
3448 2542 3506 2595 δὲ
3542 2542 3700 2611 φύσει
3728 2546 3959 2616 φοϐερὰ,
3995 2546 4069 2609 ὡς
4097 2549 4187 2600 καὶ
4217 2549 4411 2601 δονεῖν

2829 2632 2927 2694 τάς
2954 2631 3135 2701 ψυχὰς
3182 2633 3321 2702 αὐτῇ
3374 2633 3466 2686 καὶ
3502 2634 3639 2706 μόνῃ
3669 2636 3734 2704 τῇ
3772 2638 3982 2709 μνήμῃ,
4011 2637 4081 2689 δι’
4107 2633 4178 2691 ὦν
4206 2642 4413 2705 γυναῖ-

2830 2740 2954 2789 κας,
2974 2724 3191 2789 παῖδας,
3213 2726 3281 2777 τὰ
3304 2725 3633 2794 τιμιώτατα,
3662 2727 3795 2779 αὐτὸ
3817 2728 3876 2780 τδ
3904 2730 4002 2799 ζῇν
4024 2730 4410 2798 ζημιούμεθα,

2831 2817 2877 2866 εί
2906 2814 3045 2882 μετά
3070 2815 3304 2883 σφοδρᾶς
3326 2816 3606 2886 κωμάσειε
3632 2817 3834 2887 ῥύμης,
3862 2820 3976 2883 πῶς
4001 2820 4069 2873 ἂν
4093 2822 4411 2889 ύποσταίην

2831 2907 3135 2976 ἀειδήποτε,
3167 2906 3304 2960 ἀλλὰ
3350 2909 3424 2980 μὴ
3456 2910 3806 2963 παντάπασιν
3836 2911 4070 2979 είξαιμι,
4094 2916 4185 2965 καὶ
4214 2905 4413 2982 οὗπερ

2832 2999 2899 3055 ἂν
2928 3001 3150 3068 ἀγάγοι,
3176 2999 3478 3070 δεδεμένοις
3506 3000 3890 3072 παραπλήσιον
3919 3001 4218 3072 ἐφεψοίμην
4237 3018 4250 3060 ;
4269 3004 4416 3070 ὲρεῖ

2830 3108 2916 3154 τις
2948 3091 3078 3154 ἴσως
3111 3090 3338 3143 τοιαῦτα
3371 3090 3789 3159 ἀνθυποφέρων.
3830 3092 4145 3146 Ἀκούσεται
4168 3093 4221 3146 δὲ
4252 3093 4415 3163 παρ’

1164 3194 1329 3260 igitur
1361 3193 1408 3245 si
1465 3191 1783 3245 vehemente
1835 3204 1959 3244 eum
1997 3188 2197 3258 impetu
2237 3188 2467 3253 irruant,
2491 3200 2728 3256 quonam
2757 3216 2802 3275 α
2837 3182 3039 3253 ἀνδρῶν

2542 3200 2728 3241 sonam
2757 3216 2802 3275 α
2837 3182 3047 3253 ἀνδρῶν
3074 3184 3130 3235 ὲν
3144 3183 3300 3275 ᾉλόγιρ
3317 3182 3537 3275 ζώντων
3558 3185 3655 3275 καὶ
3674 3185 4018 3255 γενναιότητι
4040 3202 4055 3217 ·
4078 3186 4237 3238 Οὐδὲν
4263 3185 4417 3240 οὖτα

1160 3300 1257 3337 eas
1282 3291 1440 3352 pacto
1467 3296 1681 3349 semper
1701 3280 2033 3344 sustinuero,
2080 3294 2178 3333 nec
2215 3280 2437 3332 omnino
2487 3293 2726 3344 cessero,

1163 3389 1491 3444 quocunque
1523 3372 1796 3437 duxerint,
1840 3372 2140 3426 vinctorum
2173 3371 2231 3431 in,
2280 3384 2483 3424 morem
2542 3370 2730 3424 subse-

1165 3466 1381 3536 quens?
1410 3463 1732 3534 Hujusutodi
1762 3464 1941 3533 denuo
1977 3463 2130 3516 nobis
2167 3462 2437 3531 objiciens
2460 3460 2728 3531 quispiam

1166 3557 1397 3609 fortasse
1420 3553 1723 3624 pratulerit.
1753 3550 1823 3605 At
1841 3553 1956 3607 haec
1983 3551 2221 3606 vicissim
2246 3569 2274 3605 a
2327 3552 2452 3607 viris
2477 3567 2541 3604 ex
2594 3566 2731 3620 prae-

1167 3650 1372 3717 scripto
1401 3647 1624 3702 rationis
1665 3644 2072 3700 etfortitudinis
2112 3645 2438 3709 viventibus,
2500 3645 2680 3698 audiet
2714 3662 2729 3699 :

1166 3740 1354 3808 Neque
1385 3748 1439 3791 tu
1472 3737 1767 3807 quidquam
1814 3736 2002 3801 sentis,
2039 3752 2209 3806 neque
2259 3737 2415 3801 dicis,
2465 3736 2624 3805 cujus
2646 3736 2729 3790 vel

1170 3846 1265 3898 per
1314 3843 1564 3883 somnum
1617 3827 1785 3881 oblati
1831 3827 2007 3881 virum
2072 3828 2282 3881 ratione
2339 3827 2645 3895 praeditum,
2678 3835 2733 3881 et

1169 3925 1351 3977 animo
1384 3919 1530 3983 forti,
1569 3933 1678 3971 non
1708 3919 1902 3972 merito
1950 3918 2227 3987 puduerit.
2263 3929 2318 3972 et
2356 3917 2511 3986 cujus
2566 3932 2731 3973 causa

1171 4029 1282 4067 non
1316 4025 1507 4081 poenas
1544 4018 1893 4079 experrectus
1920 4008 2036 4077 ipse
2061 4008 2129 4061 de
2179 4008 2356 4076 seipso
2413 4009 2729 4076 sumpserit.

1173 4104 1305 4157 Nam
1338 4101 1429 4170 qui
1462 4114 1654 4167 reapse
1710 4097 1808 4153 viri
1865 4107 2015 4160 sunt,
2060 4096 2194 4150 nihil
2238 4110 2412 4165 noque
2460 4097 2734 4165 potentius

1172 4206 1348 4258 neque
1381 4187 1781 4242 formidabilius
1796 4188 2113 4242 existimant
2131 4202 2195 4240 eo
2212 4188 2301 4257 qui
2326 4202 2510 4241 revera
2544 4197 2734 4256 potens

1175 4291 1260 4334 est
1283 4295 1346 4333 ac
1375 4276 1774 4339 formidabilis,
1821 4276 1985 4330 sicuti
2049 4292 2149 4330 nec
2190 4275 2500 4331 amantibus
2544 4276 2737 4343 pudice

1175 4370 1474 4439 quidquam
1506 4366 1882 4420 amabilius‘et
1928 4366 2340 4421 desiderabilius
2396 4381 2578 4422 revera
2618 4366 2737 4437 pul-

1175 4461 1308 4513 chro
1343 4467 1396 4511 et
1430 4460 1593 4511 beno.
1628 4456 1837 4524 Quippe
1869 4456 1985 4510 dira
2016 4457 2231 4525 quidem
2288 4456 2550 4526 ejusmodi
2608 4472 2737 4515 sunt

2839 3276 3076 3343 φρονεῖς,
3110 3273 3235 3327 οὔτε
3265 3274 3465 3341 λέγεις,
3496 3274 3524 3326 δ
3553 3274 3629 3345 μὴ
3657 3276 3761 3328 κᾶν
3790 3275 3921 3344 δναρ
3955 3275 4077 3329 ίδὼν
4103 3278 4237 3345 ἀνὴρ
4262 3293 4422 3345 μιτ-

2834 3368 2976 3437 έχων
3009 3367 3166 3434 λόγου
3217 3367 3310 3419 xai.
3359 3372 3762 3438 γενναιότητος,
3796 3368 4036 3439 ᾐσχύνθη
4063 3387 4120 3422 τε
4154 3371 4287 3424 πάνυ
4321 3371 4421 3425 διο

2844 3459 3037 3521 καίως,
3064 3459 3155 3510 καὶ
3198 3458 3355 3528 δίκην
3402 3476 3466 3528 γε
3510 3462 3610 3531 τὴν
3633 3463 3962 3532 γιγνομένην
3989 3462 4423 3533 ἐξεγειρόμενος

2838 3548 2967 3620 παρ’
2993 3548 3148 3610 αὐτὸς
3186 3548 3354 3602 αὑτοῦ
3384 3550 3601 3621 εῑληφε.
3653 3552 3781 3615 Τοῖς
3812 3552 3921 3623 γὰρ
3940 3554 4020 3617 ὡς
4054 3554 4262 3622 ἀληθῶς
4289 3556 4419 3609 ἀν-

2836 3640 3027 3708 δράσιν
3045 3639 3197 3693 οὐδέν
3225 3654 3278 3691 τι
3310 3640 3679 3714 δυνατώτερόν
3701 3659 3758 3696 τε
3779 3644 3878 3695 καὶ
3900 3645 4271 3715 φοϐερώτερον
4293 3650 4417 3703 τοῦ

2836 3730 3004 3796 δντως
3050 3730 3276 3786 δυνατοῦ
3330 3749 3390 3785 τε
3445 3734 3539 3787 καί⁵
3573 3735 3846 3807 φοϐεροῦο
3880 3737 4067 3810 ὥσπερ
4117 3740 4235 3794 οὐδὲ
4278 3744 4423 3806 τοῖς

2837 3821 3002 3890 ἐρῶσι
3034 3824 3325 3891 σωφρόνως
3356 3824 3771 3896 ἑρασμιὼτερόν
3801 3845 3861 3881 τε
3892 3830 3989 3884 καὶ
4017 3830 4417 3902 ποθεινότερον

2838 3914 2934 3965 τοῦ
2965 3912 3136 3977 ὅντως
3159 3931 3222 3977 γε
3250 3914 3418 3968 καλοῦ
3457 3932 3516 3969 τε
3547 3919 3644 3970 καὶ
3671 3918 3902 3988 ἀγαθοῦ.
3946 3922 4104 3977 Δεινά
4132 3923 4231 3992 μὲν
4262 3926 4417 3995 γὰρ,

2839 4004 2932 4056 καὶ
2960 4005 3104 4074 πέρα
3148 4006 3335 4060 δεινῶν
3367 4007 3437 4060 τά
3465 4009 3691 4063 τοιαῦτα
3715 4028 3729 4043 °
3761 4011 3934 4067 ἔστων
3978 4014 4038 4068 δὲ
4086 4014 4180 4067 καὶ
4228 4032 4420 4071 κατα-

2840 4093 3042 4163 πλῆξαι
3070 4096 3163 4148 καὶ
3201 4101 3521 4152 κατασεῖσαι
3554 4102 3759 4173 σφόδρα
3788 4104 4065 4175 δυνάμενα
4106 4109 4229 4170 τοὺς
4268 4111 4424 4163 πολ-

2839 4183 2987 4250 λοὺς,
3030 4185 3122 4239 κάι
3156 4187 3457 4259 ζημιῶσαι,
3511 4193 3675 4246 πάνθ’
3719 4194 3848 4263 ἑξῆς
3885 4198 4025 4267 μετὰ
4053 4198 4147 4251 τοῦ
4200 4200 4299 4270 ζῆν
4339 4208 4423 4257 τὰ

2841 4277 3084 4344 παρόντα
3116 4279 3241 4342 τοὺς
3294 4281 3478 4345 αὐτοῖς
3531 4285 3986 4357 ἀνθισταμένους,
4038 4291 4125 4345 ῖνα
4157 4310 4250 4345 σου
4293 4296 4425 4348 τῶν

2844 4366 3158 4437 ὑπερόολῶν
3210 4372 3482 4442 μηδεμίαν
3519 4378 3883 4448 ἀφελώμεθα·
3936 4384 3995 4436 ού
4032 4384 4139 4455 μὴν
4183 4386 4427 4442 τοιαῦτὰ

2842 4474 2905 4524 γε
2936 4458 3063 4513 ὄντα
3096 4461 3290 4530 (ἔστων
3319 4464 3372 4516 δὲ
3400 4466 3494 4518 καὶ
3527 4466 3717 4535 πλείω,
3740 4473 3788 4523 εἰ
3813 4471 4043 4544 βούλει),
4064 4476 4283 4540 ἀντάξια
4309 4479 4427 4549 δῆ-

1176 4562 1231 4605 et
1261 4550 1379 4618 plus
1397 4565 1559 4618 quam
1578 4547 1872 4614 dira,Quin
1894 4549 2056 4603 etiam
2086 4549 2300 4610 demus.
2326 4561 2381 4602 ιιι
2403 4550 2650 4607 territare
2682 4567 2747 4610 ac
2778 4563 2822 4617 D
2851 4550 3049 4604 πουθεν

2549 4568 2650 4607 ,πε
2682 4567 2747 4610 ac
2778 4563 2822 4617 ι)
2851 4550 3049 4604 πουθεν
3078 4550 3269 4622 ψυχῆς
3300 4556 3390 4608 καὶ
3436 4556 4038 4634 δόξηςιάληθεστάτης,
4060 4567 4130 4619 δι’
4156 4569 4189 4619 ἆ
4217 4586 4277 4635 γε
4314 4547 4424 4625 atati

1178 4644 1368 4709 Vulgus
1394 4642 1670 4692 hominum
1707 4639 1997 4708 percellere
2042 4641 2388 4694 vehementer
2428 4643 2652 4710 possint,
2686 4655 2740 4698 et

1179 4732 1363 4782 omnia
1402 4730 1556 4795 plane
1586 4729 1725 4782 bona
1763 4729 2047 4798 praesentia
2077 4746 2196 4783 cum
2225 4734 2334 4797 ipsa
2363 4732 2467 4785 vita
2486 4735 2742 4788 resisten-

1180 4820 1328 4871 tib~.s
1359 4818 1617 4882 adimere,
1646 4826 1766 4871 tuas
1794 4828 1853 4872 ut
1887 4819 1979 4873 tibi
2030 4820 2429 4888 superlationes
2475 4822 2591 4875 illas
2629 4839 2743 4876 ont-

1186 4925 1282 4963 nes
1305 4908 1689 4973 concedamus,
1740 4923 1848 4962 non
1901 4920 2102 4972 tamen,
2165 4912 2375 4964 etiamsi
2439 4913 2563 4965 talia
2634 4914 2744 4967 sint

1180 5008 1516 5072 (quanquam
1549 5001 1704 5070 plura
1734 5017 1971 5072 quoque,
2007 5004 2055 5057 si
2091 5005 2262 5064 voles,
2291 5005 2529 5071 iit-inus),
2576 5007 2743 5075 tequi-

1181 5094 1421 5163 parauda
1460 5108 1583 5146 cum
1615 5094 1797 5149 animo
1844 5095 2228 5165 verissimaque
2284 5096 2454 5163 gloria
2500 5098 2742 5160 veniunt,

1182 5201 1415 5255 quorum
1451 5200 1614 5239 causa
1647 5184 1730 5241 vel
1780 5185 1948 5255 ipsam
1996 5186 2181 5251 vitam,
2214 5188 2303 5257 qni
2348 5191 2504 5258 sapit,
2576 5191 2743 5244 multa

1187 5293 1311 5331 cum
1336 5278 1613 5331 alacritate
1646 5276 1964 5344 profuderit.
1988 5279 2090 5331 Par
2115 5280 2256 5332 enim
2309 5281 2451 5334 istud
2488 5296 2571 5334 res
2612 5283 2746 5335 alias

1186 5368 1472 5423 universas
1505 5369 1728 5421 nimium
1766 5381 2025 5437 quantum
2077 5371 2293 5425 excellit
2313 5381 2364 5425 et
2402 5383 2642 5440 superat.
2680 5376 2747 5428 At

1191 5461 1281 5514 illa
1307 5460 1509 5521 gravia,
1540 5475 1659 5528 qua:
1693 5470 1749 5512 tu
1783 5475 2213 5514 commemorans
2260 5463 2642 5517 exhorrescere
2673 5465 2748 5518 vi-

1186 5552 1429 5614 debaris,
1488 5551 1701 5606 etiamsi
1748 5535 1885 5619 quis.
1921 5554 2125 5607 irruere
2168 5554 2453 5608 confertim
2507 5567 2747 5610 extrema

1185 5659 1311 5698 cum
1348 5644 1642 5697 acerbitate
1672 5646 2025 5709 concesserit,
2077 5656 2255 5700 tamen
2289 5663 2387 5701 nec
2431 5649 2612 5702 animo
2654 5650 2750 5702 de-

1188 5735 1508 5789 trimentum
1544 5734 1802 5800 afferunt,
1841 5736 1883 5791 si
1914 5738 2128 5804 quidem
2158 5738 2206 5791 ei
2254 5753 2357 5790 non
2392 5738 2554 5791 etiam
2588 5739 2750 5792 vehe-

1189 5836 1399 5881 menter
1457 5826 1791 5892 conducunt,
1864 5843 1963 5882 nec
2017 5826 2292 5882 infamiam
2358 5829 2669 5895 conciliant,
2709 5829 2752 5883 si

2845 4642 2905 4693 τὸ
2954 4643 3053 4712 ζῇν
3098 4645 3229 4697 αὐτὸ
3275 4646 3392 4712 δοίη
3430 4666 3512 4711 τις
3565 4650 3630 4702 ἂν
3662 4651 3721 4703 εὖ
3770 4654 3988 4722 φρονῶν
4032 4660 4170 4725 μετά
4211 4662 4425 4729 πολλῆς

2849 4733 3175 4801 προθυμίας.
3211 4733 3359 4803 Αὕτη
3400 4736 3509 4806 γὰρ
3542 4738 3574 4806 ἡ
3612 4736 3841 4808 ξυνωρὶς
3873 4744 3964 4795 τοῦ
4005 4748 4200 4808 παντὸς
4238 4748 4425 4819 ὺπέρ-

2849 4840 3025 4877 κειται
3060 4830 3199 4892 μετά
3240 4830 3455 4898 μακρᾶς
3499 4831 3598 4900 τῆς
3648 4832 3976 4903 ὑπερϐολῆς.
4017 4836 4229 4890 Ἐκεῖνα
4256 4840 4311 4891 δὲ
4347 4844 4426 4896 τὰ

2849 4916 3108 4985 δυσχερῆ,
3130 4917 3166 4971 ἃ
3189 4918 3251 4971 σύ
3280 4935 3341 4986 γε
3372 4920 3547 4989 λέγων
3576 4923 3783 4987 ἐδόκεις
3813 4927 4078 4994 φρίττειν,
4108 4931 4207 4981 κᾶν
4235 4931 4427 5000 ἁθρνῐα

2850 5005 2964 5076 δοίη
3000 5024 3083 5069 τις
3111 5009 3458 5078 είσκωμάσαι
3512 5015 3654 5081 μετά
3700 5016 4031 5086 δριμύτητος
4058 5021 4429 5090 ἀκρας,νοῦτε

2854 5098 3080 5168 βλάπτει
3107 5102 3205 5171 τὴν
3230 5103 3430 5173 ψυχὴν,
3456 5108 3503 5158 εί
3538 5108 3613 5179 μὴ
3640 5112 3733 5163 καὶ
3769 5112 3976 5181 σφόδρα
4001 5115 4262 5184 ὀνίνησιν,
4290 5118 4429 5172 οὒτ’

2852 5191 3070 5254 ἀδοξίαν
3126 5196 3398 5263 προξενεῖ,
3434 5201 3481 5250 εί
3538 5201 3610 5269 μὴ
3663 5204 3755 5254 καὶ
3804 5205 4073 5273 λαμπρῶς
4131 5214 4429 5273 στεφανοῖ.

2856 5283 3032 5345 Ὂλως
3079 5284 3135 5336 δὲ
3166 5286 3233 5337 τὰ
3266 5287 3485 5357 λυπηρά
3519 5294 3599 5352 είς
3650 5292 3817 5373 ὲαιίτά
3850 5297 4212 5365 στρεφόμενα,
4240 5298 4315 5360 ὡς
4355 5307 4430 5353 τὰ

2858 5376 3272 5442 πολυφλοίσϐοιο
3324 5380 3588 5452 θαλάττης
3642 5385 3885 5453 κύματα,
3924 5388 4227 5445 διαλύεται.
4271 5393 4339 5444 Εἰ
4373 5396 4432 5448 δὲ

2860 5468 3169 5533 καθάψαιτο
3214 5473 3303 5522 καὶ
3353 5475 3564 5542 μακρὸν
3598 5477 3718 5544 μεθ’
3741 5480 3873 5545 ὅσης
3898 5480 3964 5533 ἀν
3994 5498 4075 5543 τις
4104 5482 4251 5536 είποι
4284 5501 4433 5554 σφο-

2858 5554 3109 5621 δρότητος
3140 5561 3234 5610 καὶ
3263 5560 3598 5629 πλεονεξίας,
3630 5565 3767 5617 ἀλλά
3798 5568 3949 5619 πᾶσα
3979 5570 4010 5637 ὴ
4050 5571 4299 5639 παροῦσα
4327 5574 4432 5641 ζη-

2864 5646 2957 5714 μία
2986 5647 3086 5715 τῆς
3116 5650 3214 5719 ἤδη
3248 5653 3547 5722 τρεχούοης
3600 5657 3743 5707 ἐστὶν
3780 5660 3992 5727 ἡμέρας
4019 5701 4035 5724 ,
4068 5664 4117 5713 εί
4148 5664 4202 5713 δὲ
4241 5663 4432 5731 βούλει

2860 5755 2923 5805 γε
2956 5741 3187 5808 στιγμῆς
3212 5756 3226 5770 ·
3260 5745 3349 5794 καὶ
3384 5745 3440 5794 ἐν
3472 5748 3672 5814 ἀκαρεῖ
3702 5748 3934 5813 γίνεται,
3963 5752 4026 5817 ἢν
4060 5754 4307 5822 ἀκριϐῶς
4346 5774 4434 5818 τις

2865 5830 3114 5902 omnem
3143 5834 3210 5885 τὰ
3261 5838 3386 5904 περὶ
3422 5836 3611 5892 τῶνδε.
3657 5841 3767 5894 Καὶ
3821 5843 4290 5912 συλλαμϐάνονται
4337 5862 4434 5917 μοι
