4748 6512
195 383 299 447 425

1590 373 1876 437 ORATIO
1920 376 2029 438 lIl.

3332 365 3438 428 426

186 500 414 568 ταυτησὶ
444 497 542 568 τῆς
574 498 801 562 ἐννοίας,
826 498 882 551 οἴ
919 514 977 549 τε
1032 501 1184 567 σοφοὶ
1213 498 1322 551 τῶν
1354 496 1758 565 παλαιοτέρων,
1789 498 1833 552 Α
1863 493 2061 560 quiden

1564 496 1758 565 τέρων,
1789 498 1833 552 Α
1863 493 2079 560 quidem
2118 506 2225 545 non
2252 488 2533 559 splendida
2566 487 2748 556 petitis
2784 500 2985 539 corona
3037 486 3261 539 donant.
3315 486 3439 554 Ipsa

188 594 282 645 καὶ
312 593 421 644 τῶν
458 590 580 643 καθ’
610 584 928 659 ἡμᾶς’ίεροί
957 606 1101 651 τινες
1145 589 1358 657 ἄνδρες.
1402 588 1671 656 ’Δκήκοας
1696 588 1752 640 δέ

187 700 238 735 τι
264 681 363 736 καὶ
394 682 525 753 παρ’
564 683 725 753 ⁴ἡμῶν
764 683 895 750 περὶ
923 682 1131 735 τούτων
1162 682 1499 751 σαφέστερον
1530 679 1751 749 είρηκύ-

185 790 295 827 των
320 774 378 827 έν
403 774 481 843 τῷ
510 772 793 843 ἑξηκοστῷ
852 774 1094 843 δευτέρῳ
1123 773 1233 826 τῶν
1264 772 1402 842 πρὸς
1438 773 1495 825 σέ
1533 790 1625 841 μοι
1644 789 1750 823 κε-

186 864 454 931 φαλαίων.
493 863 560 917 Ἦ
587 864 645 918 at
678 862 887 917 τούτων
919 864 988 933 δὴ
1021 864 1130 915 τῶν
1160 863 1423 932 λυπηρῶν
1457 862 1689 930 δύναμις
1717 861 1749 929 ἢ

184 954 243 1005 τδ
268 953 510 1023 φοόἧσαι
532 955 884 1024 προσδοκίαις
911 955 1081 1015 ἐστὶν,
1114 954 1146 1022 ἢ
1176 954 1237 1006 τὸ
1269 954 1515 1020 παρόντα
1543 953 1746 1004 δακεῖν·

185 1044 283 1099 καὶ
312 1045 373 1097 το
419 1047 683 1113 μέγιστον
731 1046 901 1099 κακὸν
930 1044 1226 1113 ἀφελέσθαι
1265 1046 1362 1098 καὶ
1390 1046 1450 1098 τὸ
1488 1045 1609 1113 ζῇν.
1640 1045 1751 1105 Καὶ

182 1136 314 1188 ὅταν
369 1136 527 1189 τοῦτο
578 1135 827 1206 γένηται,
852 1136 971 1188 τότε
1008 1135 1170 1187 πλέον
1200 1135 1353 1188 οὐδέν
1381 1152 1435 1187 τι
1465 1123 1747 1205 δέδρακεν,

184 1226 216 1295 ἢ
252 1226 281 1278 δ
317 1227 530 1289 πάντως
561 1226 770 1281 ἔπεισιν
796 1227 1105 1294 αὐτόματον
1128 1243 1188 1277 τε
1222 1227 1315 1278 καὶ
1350 1228 1748 1296 ἀπαραίτητον.

182 1319 275 1368 Δεῖ
308 1320 415 1387 γὰρ
444 1317 685 1385 γυμνοὺς
716 1316 1077 1385 γεννηθέντας
1109 1318 1349 1385 γυμνοὺς
1380 1322 1473 1369 καί
1503 1318 1746 1378 ἀπιέναι,

184 1406 329 1460 κατὰ
361 1408 460 1476 τὴν
498 1407 620 1460 Ἰὼϐ
652 1408 865 1459 ἐκείνου
895 1406 1099 1474 φωνὴν,
1121 1408 1221 1475 τὴν
1266 1408 1395 1475 ἄχρι
1428 1407 1525 1459 νῦν
1551 1408 1752 1476 ύμνου-

183 1498 381 1568 μένην.
413 1497 634 1551 Μᾶλλον
654 1498 713 1552 δὲ
738 1498 847 1550 οὐδ’
872 1498 1003 1551 αύτδ
1032 1516 1097 1550 συ
1107 1499 1470 1567 μπεριφέρειν
1496 1500 1557 1551 τὸ
1588 1501 1749 1568 σῶμα

179 1589 491 1655 δυνάμεθα,
540 1589 752 1642 ἐνθένδε
806 1590 1205 1658 μεταστάντεςο
1254 1589 1391 1643 ἀλλὰ
1449 1592 1542 1643 καὶ
1591 1590 1751 1646 τοῦτο

180 1678 371 1731 λοιπον
403 1678 642 1747 ἀνάγκη,
672 1682 832 1749 ἄχρις
863 1680 924 1732 οὖ
955 1681 1150 1750 καιρὸς
1198 1682 1582 1748 έπαναλαϐεῖν,
1611 1686 1750 1737 ἀπο·

178 1770 370 1822 δοῦναι
398 1775 465 1841 γῇ
496 1774 561 1841 τῇ
598 1774 785 1842 μητρί.
811 1766 904 1835 Οἷς
921 1768 1023 1847 ,οὖν
1046 1772 1302 1842 όξδρόμος
1326 1773 1575 1839 σύντονος
1598 1777 1749 1829 έπειο

184 1862 421 1929 γὸμενος
452 1864 529 1924 είς
556 1864 784 1931 φθορὰν,
817 1845 1150 1932 καὶὴταύτην
1202 1863 1331 1925 ῐσως
1364 1864 1562 1918 αὐτίκα
1605 1866 1752 1933 μάλα
1772 1845 1826 1921 Β

181 1953 581 2020 γενησομένην,
616 1952 829 2015 τούτοις
873 1954 926 2005 τί
984 1952 1233 2022 μόνιμον,
1255 1954 1310 2006 τί
1378 1956 1668 2026 σταθηρον,
1700 1959 1752 2010 τί

181 2045 387 2109 πάγιον
412 2059 427 2107 ;
457 2044 578 2106 Πῶς
599 2043 665 2097 ἂν
687 2046 721 2114 ἡ
750 2062 800 2097 τι
825 2045 933 2097 τῶν
958 2046 1223 2114 λυπηρῶν
1247 2045 1306 2099 εὖ
1329 2049 1587 2115 φρονοῦσι
1611 2051 1752 2118 μέγα

177 2133 409 2197 δόξειεν,
440 2134 547 2203 ήτι
604 2136 712 2188 τῶν
738 2138 908 2206 ἡδέων
948 2138 1412 2207 προύργιαίτερον
1445 2140 1624 2209 ψυχῆς
1660 2143 1750 2195 καὶ

179 2225 383 2293 δόξης,
413 2226 656 2279 ἀθάνατα
715 2228 1077 2299 διαμενούσης
1127 2231 1187 2294 ἐξ
1248 2232 1469 2300 ἀγαθῶν
1534 2233 1750 2302 έργωνς

186 2318 300 2370 Καὶ
345 2319 526 2371 τοίνυν
579 2321 721 2373 κατά
754 2321 864 2374 τῶν
914 2322 1218 2391 ἀνθρώπων
1280 2325 1506 2377 ἐκείνων
1552 2322 1751 2378 οἷστισι

182 2410 389 2476 γνῶσις
440 2415 533 2465 καὶ
580 2414 856 2482 φρόνημα,
897 2416 1203 2486 παιδαρίοις
1233 2419 1587 2487 παραπλήσια
1617 2419 1751 2489 (τοῖς

182 2503 296 2555 τῶν
327 2504 719 2570 ἀντιλεγόντων
750 2504 794 2555 δ’
820 2505 1073 2557 ἐντεῦθεν
1098 2512 1373 2575 χρήσομαι
1401 2506 1627 2577 λόγοις),
1652 2511 1752 2561 οὐκ

179 2596 420 2664 ἀγεννής
448 2612 531 2656 τις
566 2595 783 2650 πάντως
812 2596 993 2665 ίσχὺς,
1019 2596 1095 2659 ὡς
1122 2596 1231 2649 ἀπὸ
1264 2596 1373 2648 τῶν
1411 2598 1753 2668 πραγμάτων

177 2684 386 2753 ἔχομεν
412 2686 635 2751 γνῶναι.
672 2686 863 2747 Ἀλλός
893 2688 1001 2755 γὰρ
1034 2687 1215 2748 ἄλλοις
1266 2687 1566 2741 ἁλίσκεται.
1600 2690 1750 2741 Ὢσθ⁹

178 2780 210 2830 ὁ
246 2778 318 2831 τὰ
340 2777 566 2831 τοιαῦτα
597 2778 770 2846 λέγων
801 2780 917 2847 ἔχει
949 2795 1019 2847 με
1069 2780 1361 2848 συνᾴδοντά
1393 2798 1449 2831 τε
1487 2783 1580 2832 καὶ
1616 2798 1749 2848 συμ-

183 2860 471 2936 gentici;th
498 2871 599 2924 ὅσα
628 2886 693 2937 γε
721 2871 856 2939 πρὸς
902 2870 1031 2932 τοὺς
1076 2872 1353 2934 τοιούτους
1384 2872 1709 2941 ἀνθρώπους
1733 2892 1747 2907 ·

178 2961 251 3012 οὐ
304 2961 413 3029 μὴν
464 2962 560 3013 καὶ
596 2962 731 3029 πρὸς
772 2962 898 3023 τοὺς
930 2961 1293 3031 βουλομένους
1324 2963 1559 3028 ἀγαθοὺς
1591 2962 1749 3019 εἷναι.

178 3050 315 3111 Τοῖς
364 3052 472 3122 γὰρ
513 3053 586 3123 μὴ
647 3053 847 3123 ῥᾳδίως
898 3053 1217 3106 ἁλίσκεσθαι
1273 3058 1751 3125 προαιρουμένοις,

1858 601 1990 640 vero
2032 584 2225 650 tristia,
2267 585 2423 653 plane
2466 583 2519 636 in
2554 582 2731 648 seipsa
2775 593 3073 641 conversa,
3116 578 3288 632 instar
3333 577 3430 631 ilu-

1859 684 2046 731 ctunm
2089 675 2387 729 turbulenti
2421 675 2610 740 maris,
2650 671 3010 740 dissipantur.
3055 668 3209 733 Quod
3256 668 3301 722 si
3342 669 3437 721 diu

1860 768 2147 837 pungendo
2187 767 2512 828 mordeant,
2555 775 2701 820 tanta
2742 780 2868 818 cum
2918 762 3152 831 ingentis
3202 759 3439 830 impetus

1863 860 2220 923 vehementia,
2242 869 2444 928 quanta
2467 858 2643 912 verbis
2668 874 2695 911 a
2717 870 2993 927 quoquam
3016 855 3212 923 exponi
3239 862 3435 921 potest,

1858 960 2041 1006 tamen
2074 953 2160 1007 illa
2197 960 2310 1007 tota
2361 953 2649 1008 calamitas
2697 951 3065 1019 praesensdiei
3124 948 3285 1002 modo
3315 964 3438 1001 enr-

1860 1043 2032 1097 rentis
2054 1052 2171 1098 est:
2207 1044 2289 1096 vel
2322 1047 2367 1097 si
2395 1045 2587 1103 mavis,
2640 1043 2825 1107 puncti
2856 1040 3147 1107 temporis;
3193 1039 3438 1105 adquiti:

1860 1145 2137 1188 momento
2173 1135 2390 1196 accidit,
2426 1134 2472 1188 si
2511 1133 2633 1202 quis
2663 1141 2919 1187 accurate
2946 1147 3036 1186 res
3082 1132 3226 1199 ipsas
3252 1130 3435 1181 consi-

1858 1227 2151 1280 deraverit.
2180 1228 2357 1296 Atque
2394 1229 2533 1283 hanc
2571 1227 2898 1282 sententiam
2956 1240 3130 1278 meam
3182 1240 3440 1291 compro-

1859 1317 1987 1371 bant
2022 1327 2137 1370 tnm
2174 1319 2247 1372 illi
2279 1320 2447 1386 prisci
2481 1320 2780 1388 sapientes.
2812 1325 2923 1371 tum
2977 1317 3045 1371 de
3085 1318 3287 1370 nostris
3309 1332 3438 1370 san-

1858 1408 1929 1459 cti
1963 1408 2185 1475 quidam
2208 1411 2328 1462 viri.
2353 1410 2620 1465 Praeterea
2664 1413 2731 1465 de
2773 1412 2859 1464 bis
2910 1410 3114 1477 aliquid
3174 1407 3433 1461 audivisti

1857 1500 2061 1559 clarius
2089 1505 2396 1567 expositum
2435 1519 2463 1556 a
2497 1504 2653 1556 nobis
2704 1517 2920 1571 quoque
2974 1500 3314 1569 sexagesimo
3354 1515 3441 1551 se-

1856 1593 2038 1645 cundo
2073 1593 2286 1646 illorum
2322 1594 2562 1660 capitum
2590 1610 2712 1662 quze
2780 1595 2845 1648 ad
2884 1606 2934 1646 te
2991 1591 3434 1661 perscripsimus.

1856 1684 1951 1739 Vis
1978 1694 2159 1740 autem
2197 1686 2391 1740 borum
2416 1687 2658 1740 tristium
2694 1687 2748 1739 in
2780 1702 2847 1740 eo
2883 1686 2988 1740 sita
3010 1694 3117 1743 est,
3153 1692 3212 1736 ut
3241 1696 3437 1749 exspe-

1854 1778 2095 1832 ctatione
2124 1786 2383 1839 terreant,
2409 1778 2495 1831 vel
2526 1787 2584 1832 ut
2614 1778 2899 1847 praesentia
2919 1775 3226 1835 mordeant,
3259 1771 3435 1824 maxi-

1855 1873 2112 1937 mumque
2147 1870 2349 1923 malum
2378 1881 2481 1932 est,
2517 1870 2561 1925 si
2592 1862 2757 1924 vitam
2797 1870 3074 1924 adimant:
3128 1866 3271 1933 quod
3319 1864 3437 1933 qui"

1855 1962 1974 2015 dem
2000 1962 2089 2015 ubi
2122 1963 2326 2016 factum
2354 1976 2457 2029 est,
2489 1965 2623 2018 nihil
2654 1965 2729 2017 rei
2756 1962 2978 2029 majoris
3012 1959 3239 2014 eﬂeccre
3267 1972 3431 2025 quam

1855 2070 1975 2123 qua:
1995 2067 2108 2108 tum
2138 2069 2334 2123 sponte
2354 2071 2473 2120 sua,
2496 2065 2611 2109 tum
2638 2054 3049 2109 inexorabiliter
3070 2050 3292 2105 omnino
3314 2057 3433 2101 tan-

1854 2145 1975 2198 dem
2002 2146 2353 2213 supervenire
2370 2145 2540 2211 solet;
2567 2145 2767 2213 quippe
2784 2142 2959 2196 nudos
2983 2144 3036 2194 in
3063 2141 3238 2194 lurem
3257 2139 3381 2191 editi
3394 2152 3432 2190 is

1854 2238 2017 2287 etiam
2054 2237 2228 2289 nudos
2273 2235 2509 2303 migrare
2545 2247 2765 2287 necesse
2808 2240 2913 2294 εει,
2952 2230 3249 2282 secundum
3301 2226 3430 2277 illud

1854 2327 1973 2379 Jobi
2025 2327 2249 2380 verbum
2285 2328 2425 2393 quod
2477 2326 2740 2379 hactenus
2766 2324 3097 2377 celebratur.
3154 2319 3267 2371 lmo
3304 2332 3434 2369 vero

1857 2431 1925 2469 ne
1957 2431 2156 2482 corpus
2183 2416 2402 2483 quidem
2428 2416 2605 2483 ipsum
2642 2428 2766 2466 eum
2794 2411 2919 2465 hinc
2940 2409 3292 2467 discedimus,
3323 2421 3429 2459 una

1855 2507 2136 2560 nobiscum
2165 2506 2435 2559 abducere
2465 2517 2780 2574 possumus,
2799 2502 2893 2557 sed
2928 2500 3059 2554 illud
3092 2512 3309 2567 quoque
3339 2513 3433 2549 tte-

1854 2612 2010 2652 cesse
2037 2607 2120 2651 est
2162 2604 2324 2651 terra:
2357 2597 2517 2649 matri
2554 2593 2860 2652 tradamus,
2893 2605 3067 2659 usque
3105 2590 3233 2641 dum
3277 2602 3431 2640 resn-

1855 2690 2034 2744 mendi
2056 2687 2272 2758 témpus
2300 2695 2537 2757 appetat.
2572 2685 2863 2753 ltaqneqni
2895 2688 3155 2736 contento
3174 2693 3336 2733 cursu
3360 2678 3429 2731 ad

1856 2779 2138 2832 interitum
2174 2784 2497 2848 properant,
2520 2789 2758 2843 eumque
2778 2771 3066 2827 confestim
3094 2768 3326 2821 fortasse
3344 2779 3431 2818 se-

1854 2883 2130 2931 cuturum.
2164 2872 2292 2939 quid
2318 2868 2520 2922 habent
2542 2866 2809 2928 durabile,
2827 2876 3029 2933 quarso,
3049 2859 3174 2928 quid
3196 2858 3427 2916 stabilis,

1855 2962 1984 3031 quid
2009 2963 2192 3015 solida:
2210 2961 2321 3014 rei?
2349 2960 2467 3026 Qno
2487 2969 2642 3028 pacto
2663 2960 2740 3010 vel
2765 2966 2921 3009 triste
2946 2950 3226 3020 quidpiam
3249 2962 3431 3003 mente.

1855 3053 2093 3122 praeditis
2131 3065 2386 3120 magnum
2440 3047 2609 3103 videri
2644 3046 2837 3115 possit,
2883 3043 2962 3096 vel
2989 3041 3293 3112 jucundum
3328 3040 3429 3091 ali-

180 3143 315 3214 μηδ’
346 3145 592 3213 εὐχερῶς
621 3143 870 3195 ἐθέλουσι
894 3144 1284 3209 καταπίπτειν,
1317 3146 1450 3215 μηδὲ
1483 3148 1542 3198 τὸ
1572 3151 1753 3217 κρεῖτσ-
1778 3165 1824 3224 C
1857 3146 1988 3215 quid
2011 3146 2055 3198 vi

1572 3151 1753 3217 κρεῖτσ-
1778 3165 1824 3224 C
1857 3146 1988 3215 quid
2011 3145 2181 3198 videri
2204 3143 2357 3211 prius
2392 3149 2556 3209 atque
2576 3139 2754 3208 potius
2779 3137 2960 3190 animo
2994 3144 3046 3186 ct
3068 3133 3238 3224 gloria
3271 3131 3427 3224 bonis

176 3253 279 3288 τον
304 3236 401 3303 τῆς
429 3235 606 3305 ψυχῆς
636 3236 732 3289 καὶ
762 3235 1096 3305 ὑψηλότερον
1127 3237 1290 3306 μέρος
1319 3242 1384 3306 τῇ
1422 3240 1658 3310 συζυγίᾳ
1684 3244 1749 3311 τῇ

177 3326 486 3396 κατωτέρω
506 3326 969 3379 καταδουλοῦσθαι
991 3328 1072 3396 (τὸ
1098 3328 1495 3398 ἐπιθυμητικόν
1523 3348 1581 3383 τε
1611 3332 1753 3399 λέγω

179 3420 280 3469 καὶ
308 3418 565 3487 θυμικὸν,
614 3419 649 3471 ἃ
698 3419 981 3488 προσῆκεν
1030 3420 1352 3473 ὑποκεῖσθαι
1386 3425 1481 3475 καὶ
1512 3408 1751 3493 ἠνιοχεῖ-

180 3512 316 3562 σθαι
347 3511 424 3578 τῷ
452 3511 639 3579 λόγῳ),
665 3511 854 3564 παιδιά
878 3528 960 3573 τις
982 3512 1245 3581 ἄντικρυς
1277 3515 1370 3565 καὶ
1390 3514 1566 3581 γέλως
1590 3516 1755 3585 έσχα-

177 3622 279 3666 τος
309 3605 469 3672 ὅλως,
494 3604 642 3658 ἅπαν
664 3606 834 3658 δεινὸν
868 3606 1263 3675 δεδιττόμενον,
1289 3608 1382 3657 καὶ
1410 3608 1437 3657 ὃ
1463 3624 1515 3657 τι
1545 3623 1753 3674 παρεκ-

181 3696 390 3764 τρέπει
441 3697 949 3766 μορμολυττόμενον
992 3696 1117 3749 ὁδοῦ
1150 3698 1245 3750 καὶ
1275 3697 1459 3766 ψήφου
1489 3699 1586 3766 τῆς
1616 3700 1751 3768 ἀλη-

178 3787 341 3850 θοῦς.
373 3789 495 3849 Τοῖς
524 3790 631 3859 γὰρ
657 3789 721 3858 δὴ
757 3791 882 3841 κατ’
932 3789 1132 3856 ἄνδρας
1164 3788 1466 3857 ἀμύνεσθαι
1488 3788 1755 3858 -βουλομέ-

180 3898 328 3941 νοις,
361 3881 453 3931 καὶ
482 3882 698 3934 πάντων
728 3882 1010 3949 αἴσχιστον
1034 3882 1325 3949 οἰομένοις,
1357 3882 1432 3950 μὴ
1459 3882 1583 3943 τοὺς
1613 3882 1752 3951 ὑπὲρ

181 3970 286 4022 τοῦ
340 3971 508 4021 καλοῦ
558 3970 651 4023 καὶ
699 3975 797 4040 τῆς
834 3975 1036 4041 ἀρετῆς
1072 3972 1302 4041 ἱδρῶτάς
1337 3989 1396 4025 τε
1428 3974 1523 4025 καὶ
1558 3970 1753 4036 πόνους

178 4062 546 4129 ὑφίστασθαι,
578 4062 717 4114 ὥστε
751 4063 825 4132 μὴ
857 4064 1149 4126 προδοῦναι
1190 4064 1629 4117 καταπατεῖσθαι
1654 4066 1753 4134 τὴν

178 4157 290 4221 τῆς
318 4156 496 4224 ψυχῆς
525 4155 827 4223 εὐγένειαν,
854 4156 1063 4219 εἰκόνος
1098 4155 1262 4225 οὔσης
1292 4158 1385 4209 τοῦ
1424 4158 1751 4223 πλάσαντος,

183 4242 311 4309 πῶς
345 4248 447 4299 ούκ
478 4247 634 4299 ἔσται
660 4249 879 4301 πάντων
915 4249 1325 4316 περιγενέσθαι,
1353 4248 1443 4301 τὸν
1464 4249 1599 4301 Θεὸν
1628 4250 1757 4301 συλ-

180 4343 445 4411 Αήπτορα
473 4342 827 4409 κεκτημένοις
851 4356 868 4406 ;

1852 3254 1917 3292 ex
1943 3237 2101 3290 factis
2122 3246 2385 3289 aeternum
2412 3232 2642 3286 durante
2666 3230 2687 3281 ?
2708 3230 2880 3297 lgitnr
2900 3225 3168 3280 adversus
3192 3222 3311 3275 illos
3334 3223 3429 3273 bo-

1854 3333 2032 3384 mines
2084 3329 2176 3397 qui
2227 3328 2319 3380 tali
2372 3334 2501 3380 sunt
2546 3322 2897 3390 intelligentia
2918 3318 3124 3387 pra-diti
3158 3325 3211 3370 et
3243 3314 3427 3367 animo

1852 3418 2030 3485 qualis
2059 3416 2412 3479 puerulorum
2438 3420 2521 3465 est
2542 3412 2688 3481 (utar
2708 3419 2886 3462 autem
2912 3408 3093 3460 verbis
3112 3420 3296 3459 eorum
3334 3406 3425 3472 qui

1854 3509 2011 3562 nobis
2031 3505 2454 3571 contradicunt),
2477 3517 2581 3555 non
2602 3502 2824 3555 omnino
2847 3498 3021 3553 debile
3042 3498 3208 3551 robur
3231 3498 3423 3550 horum

1852 3608 1963 3662 est,
1992 3609 2049 3651 ut
2076 3598 2207 3664 ipsis
2229 3612 2295 3651 ex
2340 3596 2498 3649 rebus
2534 3607 2863 3660 cognoscere
2914 3590 3062 3643 licet.
3094 3588 3247 3642 Alius
3278 3590 3423 3642 enim

1858 3691 2248 3757 aliiscapitur.
2265 3688 2366 3754 Qui
2415 3689 2529 3740 haac
2565 3685 2719 3744 dicit,
2753 3697 2838 3736 nte
2868 3682 2970 3735 sibi
3016 3682 3171 3747 plane
3194 3696 3425 3735 consen-

1858 3783 2077 3836 tientem
2112 3781 2293 3843 habet,
2340 3781 2484 3848 quod
2514 3775 2784 3845 ejusmodi
2814 3773 3031 3843 quidetn
3064 3771 3314 3825 homines
3347 3780 3428 3823 at-

1857 3874 2012 3936 tinet,
2044 3888 2229 3925 verutn
2267 3887 2371 3923 non
2398 3870 2607 3923 illorum
2633 3880 2854 3935 quoque
2895 3876 3137 3933 respectu
3172 3864 3265 3932 qui
3298 3864 3423 3916 boni

1856 3980 1978 4019 esse
2019 3966 2221 4017 volunt.
2263 3963 2397 4014 Nam
2429 3962 2517 4029 qui
2561 3961 2700 4012 nolle
2722 3973 2780 4012 se
2807 3957 2965 4010 facile
3008 3956 3127 4025 capi
3159 3955 3274 4009 suis
3302 3970 3424 4008 cum

1864 4057 2060 4110 animis
2091 4056 2452 4111 consumunt.
2483 4069 2580 4105 nec
2603 4052 2666 4103 ad
2690 4052 2981 4105 labendutn
3006 4048 3273 4117 proclives
3303 4062 3426 4101 esse

1864 4152 2071 4214 volunt,
2102 4163 2276 4216 neque
2309 4155 2515 4214 partem
2541 4146 2704 4195 animi
2729 4142 3161 4211 prmstnntioretn
3186 4151 3238 4193 et
3262 4141 3428 4194 subli-

1865 4246 2088 4297 miorcm
2117 4239 2344 4309 geminis
2370 4237 2473 4289 illis
2496 4236 2847 4288 inferioribus
2871 4236 2921 4286 in
2941 4234 3255 4288 servitutem
3276 4232 3377 4285 add
3402 4260 3427 4270 -

1864 4336 2092 4404 cere(de
2116 4334 2165 4383 vi
2201 4342 2315 4384 tum
2361 4327 2809 4395 concupisce-udi,
2861 4336 2972 4379 tum
3020 4327 3311 4389 irascendi,
3348 4326 3427 4378 lo.

181 4450 353 4504 quor,
374 4452 510 4504 quas
542 4449 662 4489 esse
685 4434 877 4488 rationi
900 4433 1166 4502 subject-as
1188 4446 1241 4490 et
1260 4437 1327 4491 ab
1344 4438 1531 4491 eadem
1562 4437 1849 4507 gubernari
1881 4428 2177 4498 convenit),
2199 4428 2264 4481 iis
2284 4435 2560 4480 extremus
2586 4425 2744 4490 plane
2770 4423 2926 4475 ludos
2956 4434 3116 4486 atque
3148 4422 3306 4491 jncus
3325 4442 3334 4468 ι
3355 4437 3380 4475 s
3408 4461 3425 4483 ,

170 4530 457 4597 quidquid
484 4530 705 4583 reidiraa
725 4541 985 4583 terrorem
1026 4528 1207 4590 inlert,
1235 4530 1495 4597 quasique
1518 4531 1663 4583 larva
1695 4530 1928 4599 quadam
1948 4528 2045 4581 fort

1551 4546 1663 4583 trva
1695 4530 1928 4599 quadam
1948 4523 2291 4581 formidinem
2324 4518 2611 4579 incutiens,
2648 4518 2714 4569 ab
2740 4514 2933 4569 itinere
2959 4518 3015 4579 in
3041 4517 3274 4583 ‘.ietoquc
3299 4534 3426 4570 Vero

174 4622 650 4677 abduciLEtenim
672 4623 761 4692 qui
782 4623 988 4675 virilem
1013 4622 1062 4674 in
1080 4624 1295 4675 modum
1315 4638 1372 4677 se
1390 4638 1729 4693 propugnare
1743 4625 1946 4685 volunt,
1966 4617 2313 4682 omniumque
2332 4612 2701 4680 turpissimum
2721 4612 2945 4675 dnrunt,
2967 4628 3071 4665 non
3093 4614 3303 4669 honesti
3322 4617 3428 4668 vir-

172 4721 434 4788 tutisque
456 4733 615 4771 causa
642 4718 868 4771 sudores
887 4724 1047 4785 atque
1066 4716 1277 4769 labores
1293 4718 1586 4779 sustinere,
1606 4732 1672 4771 ne
1702 4720 1858 4785 culpa
1883 4730 1978 4769 sua
2002 4710 2198 4780 proteri
2220 4708 2443 4777 pedibus
2474 4708 2639 4759 animi
2658 4708 2986 4763 nobilitatem
3010 4713 3305 4778 patiantur,
3334 4718 3426 4782 qui

172 4812 506 4867 Conditoris
527 4810 696 4879 ipsius
728 4820 809 4864 est
836 4811 1209 4875 simulacrum,
1230 4826 1337 4876 quo
1355 4821 1509 4877 pacto
1525 4825 1632 4862 non
1664 4812 1737 4863 illi
1768 4809 2074 4879 superiores
2101 4804 2354 4856 omnibus
2392 4802 2682 4865 evaserint,
2709 4818 2830 4855 cuin
2853 4803 3016 4873 Deum
3048 4808 3423 4861 auxiliatorem

176 4908 431 4961 [rubeant
458 4901 481 4953 ’ί

277 4995 441 5047 Ἀ).λά
478 4990 682 5042 τούτων
715 4988 814 5054 μὲν
846 4988 983 5049 ἃλις,
1010 4987 1141 5053 φησί
1167 5001 1181 5016 ο

170 5093 266 5147 ὡς
300 5084 498 5154 ἐχρῆν,
543 5079 700 5149 οἶμαι
725 5095 740 5110 ⁸
772 5080 833 5130 τὸ
880 5079 936 5129 δὲ
992 5079 1113 5129 κατ’
1162 5078 1387 5144 ἄγνοιαν
1424 5077 1694 5146 καθαρὰν,
1721 5079 1754 5145 ἢ

174 5179 421 5249 ἀπάτην
452 5173 684 5242 θύραθεν
716 5169 1159 5236 ἐπιγιγνομένην,
1192 5167 1225 5237 ἢ
1255 5168 1315 5219 τὸ
1345 5157 1634 5236 βιασθέντα
1684 5163 1762 5219 εἴ..

176 5272 285 5335 Eat
318 5266 489 5333 πολλῇ
536 5266 631 5315 καὶ
664 5262 1075 5327 ἀκαταμαχήτῳ
1108 5259 1337 5327 δυνάμει
1372 5261 1456 5327 εἴη
1490 5260 1554 5311 ἂν
1601 5258 1764 5311 ἀκού-

173 5377 314 5414 σιον
368 5352 631 5423 ἀτεχνῶς,
680 5354 775 5405 καὶ⁸
826 5354 967 5403 ποιεῖ
1012 5354 1073 5402 τὸ
1124 5351 1427 5420 ἁμάρτημα
1488 5351 1766 5412 παντελῶς

171 5448 557 5516 ἀνέγκλητον.
605 5442 761 5496 Τοῦτ’
791 5441 857 5494 ἄν
883 5442 1013 5502 ἴσως
1058 5441 1201 5492 είποι
1233 5456 1316 5501 τις
1353 5439 1486 5508 πρὸξ
1512 5442 1581 5491 τὰ
1614 5441 1764 5508 εἰρη-

174 5545 360 5614 μένα,
380 5538 488 5589 Καὶ
506 5534 809 5594 ἀκολούθως
836 5527 991 5597 οἶμαι
1018 5532 1202 5602 ῥηθέν,
1226 5530 1523 5597 ἀναγκάζει
1549 5531 1765 5592 πάντως

168 5639 333 5709 ἡμῖν
359 5633 455 5684 τὸν
490 5631 645 5697 λόγον
669 5628 883 5692 διελεῖν,
916 5630 1011 5679 καὶ
1044 5626 1374 5695 παραδοῦναι
1408 5626 1763 5693 σαφέστερον,

167 5733 252 5786 οὐ
293 5726 443 5795 περὶ⁸
477 5726 574 5792 τῆς
622 5724 996 5791 προαιρέσεως
1051 5721 1233 5787 μόνον,
1285 5718 1420 5769 ἀλλά
1449 5721 1542 5769 καὶ
1570 5720 1620 5768 τί
1653 5718 1767 5769 ποτ’

164 5820 349 5877 ἔστιν
405 5818 581 5869 έκεῖνο
617 5814 676 5864 τὸ
726 5811 979 5878 καθαρῶς
1027 5811 1293 5873 ἑκούσιον,
1325 5811 1417 5861 καὶ
1450 5810 1498 5859 τί
1530 5810 1587 5859 τὸ

482 5911 748 5969 l’AItttJL.
795 5908 909 5965 Gtt.
948 5905 1121 5966 CLVI

1238 4985 1609 5054 συνεπεράνοη
1645 4985 1751 5053 γὰρ
1787 4991 1829 5041 it
1928 4985 2033 5039 Sed
2067 4988 2132 5039 de
2164 4988 2245 5039 bis
2272 4988 2382 5053 jam
2413 4989 2562 5048 satis,
2604 4988 2803 5042 dixerit
2856 4990 3075 5060 aliquis.

1549 4985 1609 5054 θη
1645 4985 1751 5053 γὰρ
1787 4991 1829 5041 it
1928 4985 2033 5039 Sed
2067 4988 2132 5039 de
2164 4988 2245 5039 bis
2272 4988 2382 5053 jam
2413 4989 2562 5048 satis,
2604 4988 2803 5042 dixerit
2856 4990 3075 5060 aliquis.
3129 4994 3225 5047 Ed
3279 4997 3424 5061 t'tLi'jl

1860 5076 1933 5128 ita
1989 5079 2302 5129 conclusum
2358 5080 2810 5147 quemadmodum
2861 5086 3162 5149 oportebat,
3214 5088 3425 5153 opinor.

1864 5170 1927 5220 At
1964 5184 2090 5220 vero
2115 5170 2255 5237 quod
2288 5186 2348 5222 ex
2378 5171 2683 5238 ignorantia
2725 5190 2868 5226 mersi
2906 5176 2985 5240 fit,
3036 5188 3127 5229 aut
3155 5193 3247 5245 per
3278 5196 3433 5232 acce-

1865 5260 2079 5313 dentem
2110 5260 2452 5314 extrinsecus
2482 5264 2725 5316 fraudem
2764 5282 2777 5329 ;
2805 5266 2882 5318 vel
2907 5266 2950 5320 si
2979 5269 3103 5335 quis
3129 5269 3178 5321 vi
3212 5284 3433 5323 coactus

1870 5365 2077 5417 magna:
2112 5366 2175 5403 ac
2205 5354 2605 5418 inexpugnabili
2642 5356 2895 5421 potestati
2932 5358 3190 5416 cesserit,
3227 5359 3277 5411 id
3305 5375 3434 5410 sane

1871 5440 2037 5495 dubio
2062 5444 2246 5510 procul
2280 5446 2705 5498 involuntarintu
2742 5446 2925 5507 fuerit,
2968 5448 3257 5519 ipsumque
3298 5453 3438 5503 deli-

1874 5545 2019 5587 ctum
2053 5530 2196 5586 omni
2226 5537 2384 5604 culpa
2412 5537 2738 5591 liberaverit.
2762 5536 2875 5592 Hoc
2917 5531 3150 5594 fortasse
3166 5542 3435 5611 quispiam

1873 5629 2068 5680 dixerit
2117 5629 2181 5679 ad
2240 5643 2302 5680 ca
2374 5645 2494 5694 qua:
2538 5629 2769 5683 indicata
2834 5639 2979 5684 sunt.
3033 5632 3279 5700 Cumque
3320 5652 3437 5685 nu-a

1875 5733 2005 5769 sane
2035 5718 2287 5783 opinione
2310 5719 2701 5773 convenienter
2728 5722 2930 5774 dictum
2952 5723 3044 5785 sit,
3082 5727 3306 5775 omnino
3344 5740 3438 5773 tius

1878 5810 2016 5878 cogit
2050 5818 2105 5861 ut
2149 5812 2449 5863 orationem
2489 5814 2809 5880 pmtiamur,
2865 5824 2915 5866 ct
2944 5817 3111 5881 mztéis
3158 5834 3435 5886 perspicue

2896 5909 2964 5967 Η-
