  <div class='ocr_page' id='page_1' title='image "/cluster/home/n/w/nwhite01/storage/ocr_20150623/156/nnc1.0046980911/218.png"; bbox 0 0 4748 6512; ppageno 0'>
   <div class='ocr_carea' id='block_1_1' title="bbox 202 569 307 633">
    <p class='ocr_par' dir='ltr' id='par_1_1' title="bbox 202 569 307 633">
     <span class='ocr_line' id='line_1_1' title="bbox 202 569 307 633; baseline -0.01 0"><span class='ocrx_word' id='word_1_1' title='bbox 202 569 307 633; x_wconf 64' lang='grc'><strong>429</strong></span> 
     </span>
    </p>
   </div>
   <div class='ocr_carea' id='block_1_2' title="bbox 1586 560 2014 622">
    <p class='ocr_par' dir='ltr' id='par_1_2' title="bbox 1586 560 2014 622">
     <span class='ocr_line' id='line_1_2' title="bbox 1586 560 2014 622; baseline -0.014 -1"><span class='ocrx_word' id='word_1_2' title='bbox 1586 560 1867 622; x_wconf 80' lang='lat' dir='ltr'><strong>ORATIO</strong></span> <span class='ocrx_word' id='word_1_3' title='bbox 1908 561 2014 617; x_wconf 79' lang='lat' dir='ltr'><strong>lll.</strong></span> 
     </span>
    </p>
   </div>
   <div class='ocr_carea' id='block_1_3' title="bbox 3323 544 3424 608">
    <p class='ocr_par' dir='ltr' id='par_1_3' title="bbox 3323 544 3424 608">
     <span class='ocr_line' id='line_1_3' title="bbox 3323 544 3424 608; baseline -0.02 -1"><span class='ocrx_word' id='word_1_4' title='bbox 3323 544 3424 608; x_wconf 65' lang='lat'><strong>430</strong></span> 
     </span>
    </p>
   </div>
   <div class='ocr_carea' id='block_1_4' title="bbox 207 659 2082 751">
    <p class='ocr_par' dir='ltr' id='par_1_4' title="bbox 207 668 2082 751">
     <span class='ocr_line' id='line_1_4' title="bbox 207 668 2082 751; baseline -0.009 -16"><span class='ocrx_word' id='word_1_5' title='bbox 207 698 294 743; x_wconf 84' lang='grc' dir='ltr'><strong>νος</strong></span> <span class='ocrx_word' id='word_1_6' title='bbox 332 679 502 750; x_wconf 81' lang='grc' dir='ltr'>πολλῇ</span> <span class='ocrx_word' id='word_1_7' title='bbox 538 680 824 751; x_wconf 73' lang='grc' dir='ltr'>περιουσίᾳ</span> <span class='ocrx_word' id='word_1_8' title='bbox 855 678 1158 748; x_wconf 83' lang='grc' dir='ltr'>δυνάμεως,</span> <span class='ocrx_word' id='word_1_9' title='bbox 1190 679 1392 746; x_wconf 84' lang='grc' dir='ltr'>σφόδρα</span> <span class='ocrx_word' id='word_1_10' title='bbox 1430 674 1752 744; x_wconf 65' lang='grc' dir='ltr'>βιαζομένου</span> <span class='ocrx_word' id='word_1_11' title='bbox 1782 677 1832 736; x_wconf 73' lang='grc' dir='ltr'>Α</span> <span class='ocrx_word' id='word_1_12' title='bbox 1858 668 1966 721; x_wconf 93' lang='lat' dir='ltr'><strong>ullo</strong></span> <span class='ocrx_word' id='word_1_13' title='bbox 2012 683 2082 719; x_wconf 81' lang='grc' dir='ltr'>ιη(</span> 
     </span>
    </p>
   </div>
   <div class='ocr_carea' id='block_1_5' title="bbox 1552 659 3427 751">
    <p class='ocr_par' dir='ltr' id='par_1_5' title="bbox 1552 659 3427 744">
     <span class='ocr_line' id='line_1_5' title="bbox 1552 659 3427 744; baseline -0.01 -18"><span class='ocrx_word' id='word_1_14' title='bbox 1552 674 1752 744; x_wconf 67' lang='grc' dir='ltr'>ομένου</span> <span class='ocrx_word' id='word_1_15' title='bbox 1782 677 1832 736; x_wconf 71' lang='grc' dir='ltr'>Α</span> <span class='ocrx_word' id='word_1_16' title='bbox 1858 668 1966 721; x_wconf 92' lang='lat' dir='ltr'><strong>ullo</strong></span> <span class='ocrx_word' id='word_1_17' title='bbox 2012 667 2173 721; x_wconf 88' lang='lat' dir='ltr'><strong>modo</strong></span> <span class='ocrx_word' id='word_1_18' title='bbox 2202 663 2511 720; x_wconf 87' lang='lat' dir='ltr'><strong>commercii</strong></span> <span class='ocrx_word' id='word_1_19' title='bbox 2558 662 2739 725; x_wconf 84' lang='lat' dir='ltr'><strong>fuerit,</strong></span> <span class='ocrx_word' id='word_1_20' title='bbox 2768 676 2833 713; x_wconf 88' lang='lat' dir='ltr'><strong>ne</strong></span> <span class='ocrx_word' id='word_1_21' title='bbox 2862 675 2955 729; x_wconf 87' lang='lat' dir='ltr'><strong>per</strong></span> <span class='ocrx_word' id='word_1_22' title='bbox 2988 659 3427 730; x_wconf 75' lang='lat' dir='ltr'><strong>imaginationem</strong></span> 
     </span>
    </p>
   </div>
   <div class='ocr_carea' id='block_1_6' title="bbox 206 762 1761 837">
    <p class='ocr_par' dir='ltr' id='par_1_6' title="bbox 206 762 1761 837">
     <span class='ocr_line' id='line_1_6' title="bbox 206 762 1761 837; baseline -0.005 -16"><span class='ocrx_word' id='word_1_23' title='bbox 206 766 299 821; x_wconf 86' lang='grc' dir='ltr'><strong>τοῦ</strong></span> <span class='ocrx_word' id='word_1_24' title='bbox 332 770 653 837; x_wconf 79' lang='grc' dir='ltr'>πράγματος</span> <span class='ocrx_word' id='word_1_25' title='bbox 685 766 718 835; x_wconf 76' lang='grc' dir='ltr'>ἢ</span> <span class='ocrx_word' id='word_1_26' title='bbox 751 766 1063 837; x_wconf 79' lang='grc' dir='ltr'><strong>προσώπου,</strong></span> <span class='ocrx_word' id='word_1_27' title='bbox 1088 766 1339 817; x_wconf 86' lang='grc' dir='ltr'>λυπεῖται</span> <span class='ocrx_word' id='word_1_28' title='bbox 1376 766 1494 833; x_wconf 67' lang='grc' dir='ltr'>μὲν,</span> <span class='ocrx_word' id='word_1_29' title='bbox 1518 762 1761 832; x_wconf 79' lang='grc' dir='ltr'>χωροῦν-</span> 
     </span>
    </p>
   </div>
   <div class='ocr_carea' id='block_1_7' title="bbox 205 853 1765 933">
    <p class='ocr_par' dir='ltr' id='par_1_7' title="bbox 205 853 1765 933">
     <span class='ocr_line' id='line_1_7' title="bbox 205 853 1765 933; baseline -0.006 -21"><span class='ocrx_word' id='word_1_30' title='bbox 205 877 296 921; x_wconf 91' lang='grc' dir='ltr'><strong>τος</strong></span> <span class='ocrx_word' id='word_1_31' title='bbox 339 859 433 911; x_wconf 88' lang='grc' dir='ltr'><strong>τοῦ</strong></span> <span class='ocrx_word' id='word_1_32' title='bbox 478 858 676 921; x_wconf 82' lang='grc' dir='ltr'><strong>δεινοῦ,</strong></span> <span class='ocrx_word' id='word_1_33' title='bbox 709 857 864 925; x_wconf 79' lang='grc' dir='ltr'>ζητεῖ</span> <span class='ocrx_word' id='word_1_34' title='bbox 900 858 957 911; x_wconf 78' lang='grc' dir='ltr'>δὲ</span> <span class='ocrx_word' id='word_1_35' title='bbox 989 857 1189 926; x_wconf 81' lang='grc' dir='ltr'><strong>τρόπον</strong></span> <span class='ocrx_word' id='word_1_36' title='bbox 1219 858 1440 933; x_wconf 67' lang='grc' dir='ltr'><strong>ἅπαντα⁴</strong></span> <span class='ocrx_word' id='word_1_37' title='bbox 1487 855 1640 908; x_wconf 84' lang='grc' dir='ltr'>λύσιν</span> <span class='ocrx_word' id='word_1_38' title='bbox 1670 853 1765 904; x_wconf 68' lang='grc' dir='ltr'><strong>τοῦ</strong></span> 
     </span>
    </p>
   </div>
   <div class='ocr_carea' id='block_1_8' title="bbox 206 947 1767 1020">
    <p class='ocr_par' dir='ltr' id='par_1_8' title="bbox 206 947 1767 1020">
     <span class='ocr_line' id='line_1_8' title="bbox 206 947 1767 1020; baseline -0.004 -17"><span class='ocrx_word' id='word_1_39' title='bbox 206 951 449 1020; x_wconf 68' lang='grc' dir='ltr'>χαλεποῦ</span> <span class='ocrx_word' id='word_1_40' title='bbox 479 966 492 979; x_wconf 95' lang='grc'><strong>·</strong></span> <span class='ocrx_word' id='word_1_41' title='bbox 529 952 622 1002; x_wconf 81' lang='grc' dir='ltr'>καὶ</span> <span class='ocrx_word' id='word_1_42' title='bbox 653 950 832 1002; x_wconf 88' lang='grc' dir='ltr'>πάντα</span> <span class='ocrx_word' id='word_1_43' title='bbox 862 949 1010 1001; x_wconf 85' lang='grc' dir='ltr'>λίθον</span> <span class='ocrx_word' id='word_1_44' title='bbox 1040 949 1219 1017; x_wconf 73' lang='grc' dir='ltr'>(φασὶ)</span> <span class='ocrx_word' id='word_1_45' title='bbox 1248 950 1405 1012; x_wconf 83' lang='grc' dir='ltr'>κινεῖ,</span> <span class='ocrx_word' id='word_1_46' title='bbox 1455 947 1548 998; x_wconf 80' lang='grc' dir='ltr'>καὶ</span> <span class='ocrx_word' id='word_1_47' title='bbox 1590 962 1767 1014; x_wconf 85' lang='grc' dir='ltr'>μηχα-</span> 
     </span>
    </p>
   </div>
   <div class='ocr_carea' id='block_1_9' title="bbox 206 1037 1768 1112">
    <p class='ocr_par' dir='ltr' id='par_1_9' title="bbox 206 1037 1768 1112">
     <span class='ocr_line' id='line_1_9' title="bbox 206 1037 1768 1112; baseline -0.004 -18"><span class='ocrx_word' id='word_1_48' title='bbox 206 1044 307 1104; x_wconf 72' lang='grc' dir='ltr'><strong>νὰς</strong></span> <span class='ocrx_word' id='word_1_49' title='bbox 351 1043 445 1093; x_wconf 63' lang='grc' dir='ltr'><strong>ἐπὶ</strong></span> <span class='ocrx_word' id='word_1_50' title='bbox 493 1044 781 1112; x_wconf 80' lang='grc' dir='ltr'><strong>μηχαναῖς,</strong></span> <span class='ocrx_word' id='word_1_51' title='bbox 813 1041 910 1092; x_wconf 72' lang='grc' dir='ltr'>καὶ</span> <span class='ocrx_word' id='word_1_52' title='bbox 954 1042 1172 1094; x_wconf 79' lang='grc' dir='ltr'><strong>ἀνιᾶται</strong></span> <span class='ocrx_word' id='word_1_53' title='bbox 1221 1040 1387 1109; x_wconf 83' lang='grc' dir='ltr'>μηδὲν</span> <span class='ocrx_word' id='word_1_54' title='bbox 1432 1038 1638 1090; x_wconf 88' lang='grc' dir='ltr'>ἀνύων·</span> <span class='ocrx_word' id='word_1_55' title='bbox 1674 1037 1768 1090; x_wconf 69' lang='grc' dir='ltr'><strong>καὶ</strong></span> 
     </span>
    </p>
   </div>
   <div class='ocr_carea' id='block_1_10' title="bbox 205 1129 1765 1201">
    <p class='ocr_par' dir='ltr' id='par_1_10' title="bbox 205 1129 1765 1201">
     <span class='ocr_line' id='line_1_10' title="bbox 205 1129 1765 1201; baseline -0.001 -18"><span class='ocrx_word' id='word_1_56' title='bbox 205 1132 495 1197; x_wconf 81' lang='grc' dir='ltr'><strong>διόρθωσιν</strong></span> <span class='ocrx_word' id='word_1_57' title='bbox 538 1132 794 1195; x_wconf 76' lang='grc' dir='ltr'>λαϐόντος</span> <span class='ocrx_word' id='word_1_58' title='bbox 830 1132 924 1184; x_wconf 88' lang='grc' dir='ltr'><strong>τοῦ</strong></span> <span class='ocrx_word' id='word_1_59' title='bbox 978 1130 1369 1201; x_wconf 70' lang='grc' dir='ltr'>τυραννοῦντος</span> <span class='ocrx_word' id='word_1_60' title='bbox 1417 1130 1519 1200; x_wconf 69' lang='grc' dir='ltr'>ήδη</span> <span class='ocrx_word' id='word_1_61' title='bbox 1568 1129 1765 1193; x_wconf 78' lang='grc' dir='ltr'>κακοῦ,</span> 
     </span>
    </p>
   </div>
   <div class='ocr_carea' id='block_1_11' title="bbox 212 1222 1769 1293">
    <p class='ocr_par' dir='ltr' id='par_1_11' title="bbox 212 1222 1769 1293">
     <span class='ocr_line' id='line_1_11' title="bbox 212 1222 1769 1293; baseline -0.001 -20"><span class='ocrx_word' id='word_1_62' title='bbox 212 1223 330 1284; x_wconf 82' lang='grc' dir='ltr'><strong>πῶς</strong></span> <span class='ocrx_word' id='word_1_63' title='bbox 377 1223 502 1286; x_wconf 85' lang='grc' dir='ltr'>οίει,</span> <span class='ocrx_word' id='word_1_64' title='bbox 549 1225 713 1276; x_wconf 83' lang='grc' dir='ltr'>πόσον</span> <span class='ocrx_word' id='word_1_65' title='bbox 761 1224 990 1292; x_wconf 55' lang='lat' dir='ltr'><strong>ﬁderat;</strong></span> <span class='ocrx_word' id='word_1_66' title='bbox 1042 1224 1208 1276; x_wconf 84' lang='grc' dir='ltr'>πόσον</span> <span class='ocrx_word' id='word_1_67' title='bbox 1253 1224 1474 1293; x_wconf 77' lang='grc' dir='ltr'><strong>χαίρεις</strong></span> <span class='ocrx_word' id='word_1_68' title='bbox 1534 1222 1769 1291; x_wconf 78' lang='grc' dir='ltr'><strong>σκιρτῶν</strong></span> 
     </span>
    </p>
   </div>
   <div class='ocr_carea' id='block_1_12' title="bbox 212 1313 1770 1384">
    <p class='ocr_par' dir='ltr' id='par_1_12' title="bbox 212 1313 1770 1384">
     <span class='ocr_line' id='line_1_12' title="bbox 212 1313 1770 1384; baseline 0 -19"><span class='ocrx_word' id='word_1_69' title='bbox 212 1315 427 1383; x_wconf 80' lang='grc' dir='ltr'>φαιδρῷ</span> <span class='ocrx_word' id='word_1_70' title='bbox 457 1314 536 1382; x_wconf 84' lang='grc' dir='ltr'><strong>τῷ</strong></span> <span class='ocrx_word' id='word_1_71' title='bbox 582 1314 882 1384; x_wconf 77' lang='grc' dir='ltr'><strong>προσώπῳ,</strong></span> <span class='ocrx_word' id='word_1_72' title='bbox 913 1317 1008 1367; x_wconf 78' lang='grc' dir='ltr'>καὶ</span> <span class='ocrx_word' id='word_1_73' title='bbox 1043 1313 1227 1383; x_wconf 86' lang='grc' dir='ltr'>σαφῶς</span> <span class='ocrx_word' id='word_1_74' title='bbox 1280 1317 1393 1376; x_wconf 84' lang='grc' dir='ltr'>τοῖς</span> <span class='ocrx_word' id='word_1_75' title='bbox 1437 1314 1578 1374; x_wconf 80' lang='grc' dir='ltr'>ὅλοις</span> <span class='ocrx_word' id='word_1_76' title='bbox 1607 1314 1770 1365; x_wconf 70' lang='grc' dir='ltr'>αὑτὸν</span> 
     </span>
    </p>
   </div>
   <div class='ocr_carea' id='block_1_13' title="bbox 207 1406 1772 1477">
    <p class='ocr_par' dir='ltr' id='par_1_13' title="bbox 207 1406 1772 1477">
     <span class='ocr_line' id='line_1_13' title="bbox 207 1406 1772 1477; baseline 0 -20"><span class='ocrx_word' id='word_1_77' title='bbox 207 1406 444 1471; x_wconf 79' lang='grc' dir='ltr'>δεικνὺς,</span> <span class='ocrx_word' id='word_1_78' title='bbox 470 1406 546 1469; x_wconf 83' lang='grc' dir='ltr'>ὡς</span> <span class='ocrx_word' id='word_1_79' title='bbox 578 1407 659 1458; x_wconf 87' lang='grc' dir='ltr'>ὅτι</span> <span class='ocrx_word' id='word_1_80' title='bbox 698 1406 773 1476; x_wconf 83' lang='grc' dir='ltr'>μὴ</span> <span class='ocrx_word' id='word_1_81' title='bbox 806 1409 899 1458; x_wconf 79' lang='grc' dir='ltr'>καὶ</span> <span class='ocrx_word' id='word_1_82' title='bbox 941 1407 1135 1459; x_wconf 83' lang='grc' dir='ltr'>θᾶττον</span> <span class='ocrx_word' id='word_1_83' title='bbox 1183 1407 1549 1477; x_wconf 81' lang='grc' dir='ltr'>ἀπήλλακται,</span> <span class='ocrx_word' id='word_1_84' title='bbox 1582 1407 1772 1475; x_wconf 76' lang='grc' dir='ltr'>δυσχε-</span> 
     </span>
    </p>
   </div>
   <div class='ocr_carea' id='block_1_14' title="bbox 209 1496 1775 1566">
    <p class='ocr_par' dir='ltr' id='par_1_14' title="bbox 209 1496 1775 1566">
     <span class='ocr_line' id='line_1_14' title="bbox 209 1496 1775 1566; baseline -0.001 -18"><span class='ocrx_word' id='word_1_85' title='bbox 209 1498 392 1564; x_wconf 77' lang='grc' dir='ltr'>ραίνει</span> <span class='ocrx_word' id='word_1_86' title='bbox 415 1512 428 1527; x_wconf 94' lang='grc'><strong>·</strong></span> <span class='ocrx_word' id='word_1_87' title='bbox 459 1497 553 1548; x_wconf 84' lang='grc' dir='ltr'>καὶ</span> <span class='ocrx_word' id='word_1_88' title='bbox 596 1496 692 1550; x_wconf 89' lang='grc' dir='ltr'><strong>τοῦ</strong></span> <span class='ocrx_word' id='word_1_89' title='bbox 724 1498 927 1560; x_wconf 81' lang='grc' dir='ltr'>παντὸς</span> <span class='ocrx_word' id='word_1_90' title='bbox 962 1499 1030 1550; x_wconf 77' lang='grc' dir='ltr'><strong>ἀν</strong></span> <span class='ocrx_word' id='word_1_91' title='bbox 1082 1497 1170 1565; x_wconf 73' lang='grc' dir='ltr'>εἴη</span> <span class='ocrx_word' id='word_1_92' title='bbox 1201 1496 1376 1565; x_wconf 88' lang='grc' dir='ltr'>τιμῶν</span> <span class='ocrx_word' id='word_1_93' title='bbox 1407 1500 1506 1564; x_wconf 80' lang='grc' dir='ltr'>τήν</span> <span class='ocrx_word' id='word_1_94' title='bbox 1541 1514 1604 1564; x_wconf 86' lang='grc' dir='ltr'><strong>γε</strong></span> <span class='ocrx_word' id='word_1_95' title='bbox 1638 1497 1775 1566; x_wconf 66' lang='grc' dir='ltr'>πρὸς</span> 
     </span>
    </p>
   </div>
   <div class='ocr_carea' id='block_1_15' title="bbox 210 1586 1770 1657">
    <p class='ocr_par' dir='ltr' id='par_1_15' title="bbox 210 1586 1770 1657">
     <span class='ocr_line' id='line_1_15' title="bbox 210 1586 1770 1657; baseline 0.001 -20"><span class='ocrx_word' id='word_1_96' title='bbox 210 1586 373 1639; x_wconf 86' lang='grc' dir='ltr'>τοῦτο</span> <span class='ocrx_word' id='word_1_97' title='bbox 406 1588 680 1655; x_wconf 76' lang='grc' dir='ltr'>φέρουσαν</span> <span class='ocrx_word' id='word_1_98' title='bbox 730 1588 1040 1657; x_wconf 83' lang='grc' dir='ltr'>ταχυτῆτα·</span> <span class='ocrx_word' id='word_1_99' title='bbox 1070 1587 1147 1649; x_wconf 78' lang='grc' dir='ltr'><strong>ὡς</strong></span> <span class='ocrx_word' id='word_1_100' title='bbox 1183 1587 1250 1640; x_wconf 80' lang='grc' dir='ltr'><strong>ἀν</strong></span> <span class='ocrx_word' id='word_1_101' title='bbox 1304 1604 1355 1639; x_wconf 90' lang='grc' dir='ltr'><strong>τι</strong></span> <span class='ocrx_word' id='word_1_102' title='bbox 1392 1589 1599 1639; x_wconf 85' lang='grc' dir='ltr'>τούτων</span> <span class='ocrx_word' id='word_1_103' title='bbox 1635 1589 1770 1656; x_wconf 79' lang='grc' dir='ltr'>ἀπῇ,</span> 
     </span>
    </p>
   </div>
   <div class='ocr_carea' id='block_1_16' title="bbox 211 1676 1777 1747">
    <p class='ocr_par' dir='ltr' id='par_1_16' title="bbox 211 1676 1777 1747">
     <span class='ocr_line' id='line_1_16' title="bbox 211 1676 1777 1747; baseline 0.001 -20"><span class='ocrx_word' id='word_1_104' title='bbox 211 1677 314 1728; x_wconf 81' lang='grc' dir='ltr'>οὐκ</span> <span class='ocrx_word' id='word_1_105' title='bbox 342 1677 488 1728; x_wconf 81' lang='grc' dir='ltr'>ἐστιν</span> <span class='ocrx_word' id='word_1_106' title='bbox 516 1679 837 1747; x_wconf 78' lang='grc' dir='ltr'><strong>ἀμέμπτους</strong></span> <span class='ocrx_word' id='word_1_107' title='bbox 882 1678 1255 1747; x_wconf 75' lang='grc' dir='ltr'>ἀναφανῆναι,</span> <span class='ocrx_word' id='word_1_108' title='bbox 1296 1676 1563 1745; x_wconf 72' lang='grc' dir='ltr'>οὕμενουν</span> <span class='ocrx_word' id='word_1_109' title='bbox 1593 1677 1695 1731; x_wconf 78' lang='grc' dir='ltr'>κᾶν</span> <span class='ocrx_word' id='word_1_110' title='bbox 1726 1678 1777 1729; x_wconf 82' lang='grc' dir='ltr'><strong>εί</strong></span> 
     </span>
    </p>
   </div>
   <div class='ocr_carea' id='block_1_17' title="bbox 215 1759 1776 1836">
    <p class='ocr_par' dir='ltr' id='par_1_17' title="bbox 215 1759 1776 1836">
     <span class='ocr_line' id='line_1_17' title="bbox 215 1759 1776 1836; baseline 0.003 -21"><span class='ocrx_word' id='word_1_111' title='bbox 215 1781 273 1816; x_wconf 85' lang='grc' dir='ltr'><strong>τι</strong></span> <span class='ocrx_word' id='word_1_112' title='bbox 307 1765 718 1833; x_wconf 74' lang='grc' dir='ltr'>προϐάλλοιντο,</span> <span class='ocrx_word' id='word_1_113' title='bbox 747 1765 865 1817; x_wconf 80' lang='grc' dir='ltr'>ἀνθ’</span> <span class='ocrx_word' id='word_1_114' title='bbox 889 1759 963 1819; x_wconf 79' lang='grc' dir='ltr'>ὧν</span> <span class='ocrx_word' id='word_1_115' title='bbox 992 1766 1091 1818; x_wconf 80' lang='grc' dir='ltr'>οὐκ</span> <span class='ocrx_word' id='word_1_116' title='bbox 1120 1766 1305 1834; x_wconf 79' lang='grc' dir='ltr'>ἄρτιον</span> <span class='ocrx_word' id='word_1_117' title='bbox 1337 1764 1468 1836; x_wconf 85' lang='grc' dir='ltr'>παρ’</span> <span class='ocrx_word' id='word_1_118' title='bbox 1512 1767 1690 1818; x_wconf 84' lang='grc' dir='ltr'>αὐτῶν</span> <span class='ocrx_word' id='word_1_119' title='bbox 1717 1767 1776 1819; x_wconf 72' lang='grc' dir='ltr'><strong>τὸ</strong></span> 
     </span>
    </p>
   </div>
   <div class='ocr_carea' id='block_1_18' title="bbox 216 1856 1777 1927">
    <p class='ocr_par' dir='ltr' id='par_1_18' title="bbox 216 1856 1777 1927">
     <span class='ocr_line' id='line_1_18' title="bbox 216 1856 1777 1927; baseline 0.002 -21"><span class='ocrx_word' id='word_1_120' title='bbox 216 1858 496 1923; x_wconf 86' lang='grc' dir='ltr'>προσῆκον</span> <span class='ocrx_word' id='word_1_121' title='bbox 524 1856 793 1922; x_wconf 83' lang='grc' dir='ltr'>γίγνεται.</span> <span class='ocrx_word' id='word_1_122' title='bbox 830 1857 940 1909; x_wconf 71' lang='grc' dir='ltr'><strong>Καὶ</strong></span> <span class='ocrx_word' id='word_1_123' title='bbox 968 1856 1144 1910; x_wconf 75' lang='grc' dir='ltr'>ταῦτα</span> <span class='ocrx_word' id='word_1_124' title='bbox 1193 1860 1291 1927; x_wconf 80' lang='grc' dir='ltr'>μὲν</span> <span class='ocrx_word' id='word_1_125' title='bbox 1335 1858 1461 1927; x_wconf 72' lang='grc' dir='ltr'>περὶ</span> <span class='ocrx_word' id='word_1_126' title='bbox 1488 1858 1579 1910; x_wconf 86' lang='grc' dir='ltr'><strong>τοῦ</strong></span> <span class='ocrx_word' id='word_1_127' title='bbox 1611 1860 1777 1909; x_wconf 81' lang='grc' dir='ltr'>ἀκουο</span> 
     </span>
    </p>
   </div>
   <div class='ocr_carea' id='block_1_19' title="bbox 215 1946 1776 2017">
    <p class='ocr_par' dir='ltr' id='par_1_19' title="bbox 215 1946 1776 2017">
     <span class='ocr_line' id='line_1_19' title="bbox 215 1946 1776 2017; baseline 0.003 -20"><span class='ocrx_word' id='word_1_128' title='bbox 215 1948 336 1998; x_wconf 79' lang='grc' dir='ltr'>σίου</span> <span class='ocrx_word' id='word_1_129' title='bbox 358 1962 374 1975; x_wconf 82' lang='grc'><strong>·</strong></span> <span class='ocrx_word' id='word_1_130' title='bbox 419 1948 547 2015; x_wconf 75' lang='grc' dir='ltr'>περὶ</span> <span class='ocrx_word' id='word_1_131' title='bbox 596 1948 653 2000; x_wconf 75' lang='grc' dir='ltr'>δὲ</span> <span class='ocrx_word' id='word_1_132' title='bbox 698 1946 794 2001; x_wconf 89' lang='grc' dir='ltr'><strong>τοῦ</strong></span> <span class='ocrx_word' id='word_1_133' title='bbox 845 1946 1093 2000; x_wconf 76' lang='grc' dir='ltr'>ἑκουσίου</span> <span class='ocrx_word' id='word_1_134' title='bbox 1130 1949 1331 2017; x_wconf 84' lang='grc' dir='ltr'>φαμὲν,</span> <span class='ocrx_word' id='word_1_135' title='bbox 1360 1949 1433 2010; x_wconf 89' lang='grc' dir='ltr'>ὼς</span> <span class='ocrx_word' id='word_1_136' title='bbox 1461 1948 1522 2001; x_wconf 84' lang='grc' dir='ltr'><strong>ού</strong></span> <span class='ocrx_word' id='word_1_137' title='bbox 1556 1948 1714 2015; x_wconf 83' lang='grc' dir='ltr'>μόνον</span> <span class='ocrx_word' id='word_1_138' title='bbox 1740 1949 1776 2002; x_wconf 74' lang='grc' dir='ltr'><strong>ι</strong></span> 
     </span>
    </p>
   </div>
   <div class='ocr_carea' id='block_1_20' title="bbox 216 2033 1777 2104">
    <p class='ocr_par' dir='ltr' id='par_1_20' title="bbox 216 2033 1777 2104">
     <span class='ocr_line' id='line_1_20' title="bbox 216 2033 1777 2104; baseline 0.003 -18"><span class='ocrx_word' id='word_1_139' title='bbox 216 2033 483 2104; x_wconf 82' lang='grc' dir='ltr'>ποιοῦμεν</span> <span class='ocrx_word' id='word_1_140' title='bbox 533 2035 969 2104; x_wconf 79' lang='grc' dir='ltr'>εὐφραινόμενοι,</span> <span class='ocrx_word' id='word_1_141' title='bbox 1000 2034 1225 2087; x_wconf 71' lang='grc' dir='ltr'>ἑκούσια</span> <span class='ocrx_word' id='word_1_142' title='bbox 1246 2074 1265 2101; x_wconf 92' lang='grc'><strong>,</strong></span> <span class='ocrx_word' id='word_1_143' title='bbox 1299 2034 1433 2089; x_wconf 85' lang='grc' dir='ltr'><strong>ἀλλά</strong></span> <span class='ocrx_word' id='word_1_144' title='bbox 1457 2038 1550 2089; x_wconf 74' lang='grc' dir='ltr'>καὶ</span> <span class='ocrx_word' id='word_1_145' title='bbox 1597 2040 1777 2090; x_wconf 79' lang='grc' dir='ltr'>ἐκεῖνα</span> 
     </span>
    </p>
   </div>
   <div class='ocr_carea' id='block_1_21' title="bbox 216 2126 1780 2197">
    <p class='ocr_par' dir='ltr' id='par_1_21' title="bbox 216 2126 1780 2197">
     <span class='ocr_line' id='line_1_21' title="bbox 216 2126 1780 2197; baseline 0.001 -19"><span class='ocrx_word' id='word_1_146' title='bbox 216 2126 516 2189; x_wconf 80' lang='grc' dir='ltr'>πάντως,ἃ</span> <span class='ocrx_word' id='word_1_147' title='bbox 549 2128 610 2179; x_wconf 85' lang='grc' dir='ltr'>οὐ</span> <span class='ocrx_word' id='word_1_148' title='bbox 643 2126 870 2196; x_wconf 77' lang='grc' dir='ltr'>θέλομεν</span> <span class='ocrx_word' id='word_1_149' title='bbox 922 2128 1121 2188; x_wconf 74' lang='grc' dir='ltr'>ποιεῖν,</span> <span class='ocrx_word' id='word_1_150' title='bbox 1146 2126 1215 2178; x_wconf 84' lang='grc' dir='ltr'>δι’</span> <span class='ocrx_word' id='word_1_151' title='bbox 1264 2126 1431 2196; x_wconf 81' lang='grc' dir='ltr'>ἀλλην</span> <span class='ocrx_word' id='word_1_152' title='bbox 1482 2127 1539 2179; x_wconf 84' lang='grc' dir='ltr'>δὲ</span> <span class='ocrx_word' id='word_1_153' title='bbox 1584 2128 1780 2197; x_wconf 74' lang='grc' dir='ltr'>ἡδονὴν</span> 
     </span>
    </p>
   </div>
   <div class='ocr_carea' id='block_1_22' title="bbox 217 2217 1778 2289">
    <p class='ocr_par' dir='ltr' id='par_1_22' title="bbox 217 2217 1778 2289">
     <span class='ocr_line' id='line_1_22' title="bbox 217 2217 1778 2289; baseline 0 -18"><span class='ocrx_word' id='word_1_154' title='bbox 217 2223 352 2289; x_wconf 74' lang='grc' dir='ltr'>ἡμῖν</span> <span class='ocrx_word' id='word_1_155' title='bbox 386 2222 566 2283; x_wconf 73' lang='grc' dir='ltr'>αὐτοῖς</span> <span class='ocrx_word' id='word_1_156' title='bbox 611 2219 913 2288; x_wconf 81' lang='grc' dir='ltr'>ὲπάγομεν.</span> <span class='ocrx_word' id='word_1_157' title='bbox 951 2219 1058 2275; x_wconf 76' lang='grc' dir='ltr'><strong>Καὶ</strong></span> <span class='ocrx_word' id='word_1_158' title='bbox 1088 2217 1199 2287; x_wconf 73' lang='grc' dir='ltr'><strong>γάρ</strong></span> <span class='ocrx_word' id='word_1_159' title='bbox 1234 2218 1295 2271; x_wconf 79' lang='grc' dir='ltr'><strong>τὸ</strong></span> <span class='ocrx_word' id='word_1_160' title='bbox 1339 2219 1598 2287; x_wconf 85' lang='grc' dir='ltr'>πράττειν</span> <span class='ocrx_word' id='word_1_161' title='bbox 1630 2220 1778 2282; x_wconf 68' lang='grc' dir='ltr'>τινὰς</span> 
     </span>
    </p>
   </div>
   <div class='ocr_carea' id='block_1_23' title="bbox 219 2310 1780 2381">
    <p class='ocr_par' dir='ltr' id='par_1_23' title="bbox 219 2310 1780 2381">
     <span class='ocr_line' id='line_1_23' title="bbox 219 2310 1780 2381; baseline -0.001 -18"><span class='ocrx_word' id='word_1_162' title='bbox 219 2315 430 2375; x_wconf 75' lang='grc' dir='ltr'>ἐκεῖνα,</span> <span class='ocrx_word' id='word_1_163' title='bbox 458 2312 601 2365; x_wconf 76' lang='grc' dir='ltr'>ἔστω</span> <span class='ocrx_word' id='word_1_164' title='bbox 637 2311 715 2374; x_wconf 85' lang='grc' dir='ltr'>δὲ,</span> <span class='ocrx_word' id='word_1_165' title='bbox 756 2311 848 2381; x_wconf 77' lang='grc' dir='ltr'>βίᾳ</span> <span class='ocrx_word' id='word_1_166' title='bbox 882 2311 1115 2381; x_wconf 81' lang='grc' dir='ltr'>μεγίστῃ</span> <span class='ocrx_word' id='word_1_167' title='bbox 1164 2311 1259 2363; x_wconf 78' lang='grc' dir='ltr'>καὶ</span> <span class='ocrx_word' id='word_1_168' title='bbox 1289 2311 1586 2378; x_wconf 84' lang='grc' dir='ltr'>τυραννίδι,</span> <span class='ocrx_word' id='word_1_169' title='bbox 1637 2310 1780 2380; x_wconf 72' lang='grc' dir='ltr'>ἅπερ</span> 
     </span>
    </p>
   </div>
   <div class='ocr_carea' id='block_1_24' title="bbox 217 2403 1780 2473">
    <p class='ocr_par' dir='ltr' id='par_1_24' title="bbox 217 2403 1780 2473">
     <span class='ocr_line' id='line_1_24' title="bbox 217 2403 1780 2473; baseline -0.001 -16"><span class='ocrx_word' id='word_1_170' title='bbox 217 2405 291 2457; x_wconf 74' lang='grc' dir='ltr'>ἂν</span> <span class='ocrx_word' id='word_1_171' title='bbox 318 2404 491 2470; x_wconf 81' lang='grc' dir='ltr'>αὐτῆς</span> <span class='ocrx_word' id='word_1_172' title='bbox 520 2403 764 2473; x_wconf 80' lang='grc' dir='ltr'>ἀπούσης</span> <span class='ocrx_word' id='word_1_173' title='bbox 794 2404 894 2457; x_wconf 79' lang='grc' dir='ltr'>οὐκ</span> <span class='ocrx_word' id='word_1_174' title='bbox 924 2403 990 2456; x_wconf 82' lang='grc' dir='ltr'>ἂν</span> <span class='ocrx_word' id='word_1_175' title='bbox 1023 2404 1312 2473; x_wconf 74' lang='grc' dir='ltr'>ἔπραττον,</span> <span class='ocrx_word' id='word_1_176' title='bbox 1336 2404 1437 2455; x_wconf 76' lang='grc' dir='ltr'><strong>οὐκ</strong></span> <span class='ocrx_word' id='word_1_177' title='bbox 1464 2403 1611 2455; x_wconf 74' lang='grc' dir='ltr'>ἐστιν</span> <span class='ocrx_word' id='word_1_178' title='bbox 1633 2404 1780 2472; x_wconf 84' lang='grc' dir='ltr'>ὅμως</span> 
     </span>
    </p>
   </div>
   <div class='ocr_carea' id='block_1_25' title="bbox 220 2495 1783 2564">
    <p class='ocr_par' dir='ltr' id='par_1_25' title="bbox 220 2495 1783 2564">
     <span class='ocr_line' id='line_1_25' title="bbox 220 2495 1783 2564; baseline 0 -17"><span class='ocrx_word' id='word_1_179' title='bbox 220 2495 459 2557; x_wconf 75' lang='grc' dir='ltr'>ἄκοντας</span> <span class='ocrx_word' id='word_1_180' title='bbox 493 2496 774 2563; x_wconf 89' lang='grc' dir='ltr'>πράττειν,</span> <span class='ocrx_word' id='word_1_181' title='bbox 828 2496 965 2548; x_wconf 86' lang='grc' dir='ltr'><strong>ἀλλά</strong></span> <span class='ocrx_word' id='word_1_182' title='bbox 1011 2495 1321 2548; x_wconf 81' lang='grc' dir='ltr'>τούναντίον</span> <span class='ocrx_word' id='word_1_183' title='bbox 1354 2496 1577 2556; x_wconf 75' lang='grc' dir='ltr'>ἑκόντας</span> <span class='ocrx_word' id='word_1_184' title='bbox 1624 2513 1783 2564; x_wconf 85' lang='grc' dir='ltr'>περι-</span> 
     </span>
    </p>
   </div>
   <div class='ocr_carea' id='block_1_26' title="bbox 218 2585 1783 2656">
    <p class='ocr_par' dir='ltr' id='par_1_26' title="bbox 218 2585 1783 2656">
     <span class='ocr_line' id='line_1_26' title="bbox 218 2585 1783 2656; baseline 0 -20"><span class='ocrx_word' id='word_1_185' title='bbox 218 2585 430 2653; x_wconf 77' lang='grc' dir='ltr'>φανῶς,</span> <span class='ocrx_word' id='word_1_186' title='bbox 470 2587 629 2654; x_wconf 82' lang='grc' dir='ltr'>είπερ</span> <span class='ocrx_word' id='word_1_187' title='bbox 664 2587 881 2649; x_wconf 71' lang='grc' dir='ltr'>ἑκόντες</span> <span class='ocrx_word' id='word_1_188' title='bbox 911 2587 1135 2649; x_wconf 80' lang='grc' dir='ltr'>ἑαυτοὺς</span> <span class='ocrx_word' id='word_1_189' title='bbox 1168 2588 1248 2648; x_wconf 84' lang='grc' dir='ltr'><strong>είς</strong></span> <span class='ocrx_word' id='word_1_190' title='bbox 1273 2589 1503 2654; x_wconf 79' lang='grc' dir='ltr'>ταυτηνὶ</span> <span class='ocrx_word' id='word_1_191' title='bbox 1536 2588 1633 2656; x_wconf 79' lang='grc' dir='ltr'>τὴν</span> <span class='ocrx_word' id='word_1_192' title='bbox 1661 2587 1783 2656; x_wconf 82' lang='grc' dir='ltr'>βίαν</span> 
     </span>
    </p>
   </div>
   <div class='ocr_carea' id='block_1_27' title="bbox 216 2677 1784 2748">
    <p class='ocr_par' dir='ltr' id='par_1_27' title="bbox 216 2677 1784 2748">
     <span class='ocr_line' id='line_1_27' title="bbox 216 2677 1784 2748; baseline 0 -19"><span class='ocrx_word' id='word_1_193' title='bbox 216 2679 542 2747; x_wconf 80' lang='grc' dir='ltr'>εἰσήγαγον,</span> <span class='ocrx_word' id='word_1_194' title='bbox 577 2678 677 2747; x_wconf 85' lang='grc' dir='ltr'>τὴν</span> <span class='ocrx_word' id='word_1_195' title='bbox 707 2678 880 2748; x_wconf 75' lang='grc' dir='ltr'>ἀρχὴν</span> <span class='ocrx_word' id='word_1_196' title='bbox 925 2677 1019 2730; x_wconf 85' lang='grc' dir='ltr'><strong>τοῦ</strong></span> <span class='ocrx_word' id='word_1_197' title='bbox 1066 2677 1357 2747; x_wconf 81' lang='grc' dir='ltr'>βιασθῆναι</span> <span class='ocrx_word' id='word_1_198' title='bbox 1391 2678 1602 2731; x_wconf 67' lang='grc' dir='ltr'>οἴκοθεν</span> <span class='ocrx_word' id='word_1_199' title='bbox 1629 2679 1784 2730; x_wconf 76' lang='grc' dir='ltr'>αὐτοὶ</span> 
     </span>
    </p>
   </div>
   <div class='ocr_carea' id='block_1_28' title="bbox 191 2770 1785 2838">
    <p class='ocr_par' dir='ltr' id='par_1_28' title="bbox 191 2770 1785 2838">
     <span class='ocr_line' id='line_1_28' title="bbox 191 2770 1785 2838; baseline 0.001 -17"><span class='ocrx_word' id='word_1_200' title='bbox 191 2771 751 2838; x_wconf 51' lang='grc' dir='ltr'>,παρεισαγαγόντεᾳ</span> <span class='ocrx_word' id='word_1_201' title='bbox 788 2770 899 2824; x_wconf 73' lang='grc' dir='ltr'><strong>Καὶ</strong></span> <span class='ocrx_word' id='word_1_202' title='bbox 939 2770 1136 2837; x_wconf 80' lang='grc' dir='ltr'>γένοιτ’</span> <span class='ocrx_word' id='word_1_203' title='bbox 1180 2770 1247 2823; x_wconf 83' lang='grc' dir='ltr'>ἂν</span> <span class='ocrx_word' id='word_1_204' title='bbox 1281 2771 1491 2822; x_wconf 75' lang='grc' dir='ltr'>ἐκεῖθεν</span> <span class='ocrx_word' id='word_1_205' title='bbox 1540 2786 1785 2838; x_wconf 78' lang='grc' dir='ltr'>καταφα-</span> 
     </span>
    </p>
   </div>
   <div class='ocr_carea' id='block_1_29' title="bbox 220 2859 1787 2930">
    <p class='ocr_par' dir='ltr' id='par_1_29' title="bbox 220 2859 1787 2930">
     <span class='ocr_line' id='line_1_29' title="bbox 220 2859 1787 2930; baseline 0.001 -19"><span class='ocrx_word' id='word_1_206' title='bbox 220 2862 339 2921; x_wconf 75' lang='grc' dir='ltr'>νές.</span> <span class='ocrx_word' id='word_1_207' title='bbox 383 2860 443 2913; x_wconf 88' lang='lat'><strong>&#39;0</strong></span> <span class='ocrx_word' id='word_1_208' title='bbox 493 2862 599 2930; x_wconf 80' lang='grc' dir='ltr'><strong>γὰρ</strong></span> <span class='ocrx_word' id='word_1_209' title='bbox 645 2861 894 2930; x_wconf 81' lang='grc' dir='ltr'>τυράννῳ</span> <span class='ocrx_word' id='word_1_210' title='bbox 952 2860 1147 2928; x_wconf 85' lang='grc' dir='ltr'>μισθοῦ</span> <span class='ocrx_word' id='word_1_211' title='bbox 1202 2859 1492 2925; x_wconf 80' lang='grc' dir='ltr'>δουλεύων,</span> <span class='ocrx_word' id='word_1_212' title='bbox 1523 2861 1679 2923; x_wconf 75' lang='grc' dir='ltr'>εἰδὼς</span> <span class='ocrx_word' id='word_1_213' title='bbox 1710 2862 1787 2923; x_wconf 84' lang='grc' dir='ltr'><strong>ὡς</strong></span> 
     </span>
    </p>
   </div>
   <div class='ocr_carea' id='block_1_30' title="bbox 222 2951 1784 3021">
    <p class='ocr_par' dir='ltr' id='par_1_30' title="bbox 222 2951 1784 3021">
     <span class='ocr_line' id='line_1_30' title="bbox 222 2951 1784 3021; baseline 0.001 -18"><span class='ocrx_word' id='word_1_214' title='bbox 222 2952 377 3003; x_wconf 74' lang='grc' dir='ltr'>ἐστιν</span> <span class='ocrx_word' id='word_1_215' title='bbox 409 2952 621 3021; x_wconf 79' lang='grc' dir='ltr'>ἀνάγκη</span> <span class='ocrx_word' id='word_1_216' title='bbox 652 2952 913 3021; x_wconf 76' lang='grc' dir='ltr'>πράττειν</span> <span class='ocrx_word' id='word_1_217' title='bbox 943 2951 1005 3003; x_wconf 84' lang='grc' dir='ltr'><strong>τὺ</strong></span> <span class='ocrx_word' id='word_1_218' title='bbox 1031 2952 1208 3020; x_wconf 85' lang='grc' dir='ltr'>τούτῳ</span> <span class='ocrx_word' id='word_1_219' title='bbox 1253 2952 1434 3016; x_wconf 79' lang='grc' dir='ltr'>δόξαν,</span> <span class='ocrx_word' id='word_1_220' title='bbox 1478 2952 1511 3021; x_wconf 72' lang='grc' dir='ltr'>ἢ</span> <span class='ocrx_word' id='word_1_221' title='bbox 1553 2952 1670 3021; x_wconf 84' lang='grc' dir='ltr'>μετ’</span> <span class='ocrx_word' id='word_1_222' title='bbox 1700 2955 1784 3005; x_wconf 79' lang='lat' dir='ltr'><strong>ai-</strong></span> 
     </span>
    </p>
   </div>
   <div class='ocr_carea' id='block_1_31' title="bbox 224 3042 1789 3118">
    <p class='ocr_par' dir='ltr' id='par_1_31' title="bbox 224 3042 1789 3118">
     <span class='ocr_line' id='line_1_31' title="bbox 224 3042 1789 3118; baseline 0 -22"><span class='ocrx_word' id='word_1_223' title='bbox 224 3046 437 3113; x_wconf 79' lang='grc' dir='ltr'>σχύνης</span> <span class='ocrx_word' id='word_1_224' title='bbox 463 3044 555 3096; x_wconf 75' lang='grc' dir='ltr'><strong>καῖ</strong></span> <span class='ocrx_word' id='word_1_225' title='bbox 588 3042 810 3112; x_wconf 78' lang='grc' dir='ltr'>πληγῶν</span> <span class='ocrx_word' id='word_1_226' title='bbox 836 3042 1195 3112; x_wconf 82' lang='grc' dir='ltr'>ἀφαιρεθῆναι</span> <span class='ocrx_word' id='word_1_227' title='bbox 1224 3045 1283 3096; x_wconf 78' lang='grc' dir='ltr'><strong>τὺ</strong></span> <span class='ocrx_word' id='word_1_228' title='bbox 1314 3046 1442 3113; x_wconf 76' lang='grc' dir='ltr'>ζῇν·</span> <span class='ocrx_word' id='word_1_229' title='bbox 1475 3045 1643 3118; x_wconf 72' lang='grc' dir='ltr'>ἔπειτ’</span> <span class='ocrx_word' id='word_1_230' title='bbox 1667 3047 1789 3098; x_wconf 84' lang='grc' dir='ltr'>ἀνε-</span> 
     </span>
    </p>
   </div>
   <div class='ocr_carea' id='block_1_32' title="bbox 224 3135 1786 3206">
    <p class='ocr_par' dir='ltr' id='par_1_32' title="bbox 224 3135 1786 3206">
     <span class='ocr_line' id='line_1_32' title="bbox 224 3135 1786 3206; baseline 0.002 -20"><span class='ocrx_word' id='word_1_231' title='bbox 224 3135 345 3187; x_wconf 81' lang='grc' dir='ltr'>λεῖν</span> <span class='ocrx_word' id='word_1_232' title='bbox 398 3135 626 3197; x_wconf 75' lang='grc' dir='ltr'>άθὼους,</span> <span class='ocrx_word' id='word_1_233' title='bbox 677 3135 1025 3200; x_wconf 83' lang='grc' dir='ltr'>λωποδυτεῖν,</span> <span class='ocrx_word' id='word_1_234' title='bbox 1061 3135 1389 3206; x_wconf 78' lang='grc' dir='ltr'>ἱεροσυλεῖν.</span> <span class='ocrx_word' id='word_1_235' title='bbox 1417 3139 1523 3189; x_wconf 81' lang='grc' dir='ltr'>πᾶν</span> <span class='ocrx_word' id='word_1_236' title='bbox 1572 3137 1786 3189; x_wconf 89' lang='grc' dir='ltr'>ἀνόσιον</span> 
     </span>
    </p>
   </div>
   <div class='ocr_carea' id='block_1_33' title="bbox 226 3226 1789 3295">
    <p class='ocr_par' dir='ltr' id='par_1_33' title="bbox 226 3226 1789 3295">
     <span class='ocr_line' id='line_1_33' title="bbox 226 3226 1789 3295; baseline 0.002 -17"><span class='ocrx_word' id='word_1_237' title='bbox 226 3230 432 3290; x_wconf 82' lang='grc' dir='ltr'>ποιεῖν,</span> <span class='ocrx_word' id='word_1_238' title='bbox 466 3228 555 3278; x_wconf 84' lang='grc' dir='ltr'><strong>ὑπ’</strong></span> <span class='ocrx_word' id='word_1_239' title='bbox 597 3227 803 3278; x_wconf 75' lang='grc' dir='ltr'>ἐκείνου</span> <span class='ocrx_word' id='word_1_240' title='bbox 835 3226 1157 3295; x_wconf 80' lang='grc' dir='ltr'>βιαζόμενος</span> <span class='ocrx_word' id='word_1_241' title='bbox 1189 3226 1467 3289; x_wconf 87' lang='grc' dir='ltr'>τοσοῦτον,</span> <span class='ocrx_word' id='word_1_242' title='bbox 1501 3228 1576 3290; x_wconf 85' lang='grc' dir='ltr'><strong>ὡς</strong></span> <span class='ocrx_word' id='word_1_243' title='bbox 1607 3229 1700 3281; x_wconf 75' lang='grc' dir='ltr'>καὶ</span> <span class='ocrx_word' id='word_1_244' title='bbox 1731 3229 1789 3281; x_wconf 83' lang='grc' dir='ltr'>τὸ</span> 
     </span>
    </p>
   </div>
   <div class='ocr_carea' id='block_1_34' title="bbox 223 3315 1785 3387">
    <p class='ocr_par' dir='ltr' id='par_1_34' title="bbox 223 3315 1785 3387">
     <span class='ocr_line' id='line_1_34' title="bbox 223 3315 1785 3387; baseline 0.003 -20"><span class='ocrx_word' id='word_1_245' title='bbox 223 3317 385 3385; x_wconf 82' lang='grc' dir='ltr'>ξίφος</span> <span class='ocrx_word' id='word_1_246' title='bbox 430 3317 806 3384; x_wconf 81' lang='grc' dir='ltr'>ὲπισειόμενον</span> <span class='ocrx_word' id='word_1_247' title='bbox 865 3316 1012 3384; x_wconf 84' lang='grc' dir='ltr'><strong>αὑτῷ</strong></span> <span class='ocrx_word' id='word_1_248' title='bbox 1065 3316 1307 3385; x_wconf 79' lang='grc' dir='ltr'>καθορᾷν</span> <span class='ocrx_word' id='word_1_249' title='bbox 1356 3315 1503 3368; x_wconf 81' lang='grc' dir='ltr'>δυοῖν</span> <span class='ocrx_word' id='word_1_250' title='bbox 1538 3316 1785 3387; x_wconf 77' lang='grc' dir='ltr'>ἓνεκα,ἣ</span> 
     </span>
    </p>
   </div>
   <div class='ocr_carea' id='block_1_35' title="bbox 1870 754 3433 829">
    <p class='ocr_par' dir='ltr' id='par_1_35' title="bbox 1870 754 3433 829">
     <span class='ocr_line' id='line_1_35' title="bbox 1870 754 3433 829; baseline -0.006 -16"><span class='ocrx_word' id='word_1_251' title='bbox 1870 761 2091 829; x_wconf 83' lang='lat' dir='ltr'><strong>quidem</strong></span> <span class='ocrx_word' id='word_1_252' title='bbox 2129 773 2511 827; x_wconf 84' lang='lat' dir='ltr'><strong>quamcunque</strong></span> <span class='ocrx_word' id='word_1_253' title='bbox 2542 757 2623 811; x_wconf 97' lang='lat' dir='ltr'><strong>vel</strong></span> <span class='ocrx_word' id='word_1_254' title='bbox 2670 754 3059 824; x_wconf 87' lang='lat' dir='ltr'><strong>cogitationum</strong></span> <span class='ocrx_word' id='word_1_255' title='bbox 3123 754 3433 821; x_wconf 70' lang='lat' dir='ltr'><strong>mentisque</strong></span> 
     </span>
    </p>
   </div>
   <div class='ocr_carea' id='block_1_36' title="bbox 1872 845 3431 919">
    <p class='ocr_par' dir='ltr' id='par_1_36' title="bbox 1872 845 3431 919">
     <span class='ocr_line' id='line_1_36' title="bbox 1872 845 3431 919; baseline -0.005 -15"><span class='ocrx_word' id='word_1_256' title='bbox 1872 850 2313 919; x_wconf 75' lang='lat' dir='ltr'><strong>conceptionem.</strong></span> <span class='ocrx_word' id='word_1_257' title='bbox 2341 848 2493 913; x_wconf 83' lang='lat' dir='ltr'><strong>Quod</strong></span> <span class='ocrx_word' id='word_1_258' title='bbox 2523 848 2566 901; x_wconf 88' lang='lat' dir='ltr'><strong>si</strong></span> <span class='ocrx_word' id='word_1_259' title='bbox 2589 846 2717 915; x_wconf 93' lang='lat' dir='ltr'><strong>quid</strong></span> <span class='ocrx_word' id='word_1_260' title='bbox 2748 845 3106 899; x_wconf 88' lang='lat' dir='ltr'><strong>omninonon</strong></span> <span class='ocrx_word' id='word_1_261' title='bbox 3130 847 3318 900; x_wconf 91' lang='lat' dir='ltr'><strong>volens</strong></span> <span class='ocrx_word' id='word_1_262' title='bbox 3348 848 3431 898; x_wconf 85' lang='lat' dir='ltr'><strong>l&#39;a-</strong></span> 
     </span>
    </p>
   </div>
   <div class='ocr_carea' id='block_1_37' title="bbox 1868 922 3433 1003">
    <p class='ocr_par' dir='ltr' id='par_1_37' title="bbox 1868 922 3433 1003">
     <span class='ocr_line' id='line_1_37' title="bbox 1868 922 3433 1003; baseline -0.004 -8"><span class='ocrx_word' id='word_1_263' title='bbox 1868 956 1991 996; x_wconf 88' lang='lat' dir='ltr'><strong>cere</strong></span> <span class='ocrx_word' id='word_1_264' title='bbox 2015 950 2236 995; x_wconf 86' lang='lat' dir='ltr'><strong>coactus</strong></span> <span class='ocrx_word' id='word_1_265' title='bbox 2265 922 2630 1002; x_wconf 74' lang='lat' dir='ltr'><strong>fuerit,nimia</strong></span> <span class='ocrx_word' id='word_1_266' title='bbox 2655 938 2704 990; x_wconf 98' lang='lat' dir='ltr'><strong>vi</strong></span> <span class='ocrx_word' id='word_1_267' title='bbox 2732 936 3014 1003; x_wconf 80' lang='lat' dir='ltr'><strong>potestatis</strong></span> <span class='ocrx_word' id='word_1_268' title='bbox 3041 934 3328 998; x_wconf 86' lang='lat' dir='ltr'><strong>adductus,</strong></span> <span class='ocrx_word' id='word_1_269' title='bbox 3350 937 3433 988; x_wconf 88' lang='lat' dir='ltr'><strong>vel</strong></span> 
     </span>
    </p>
   </div>
   <div class='ocr_carea' id='block_1_38' title="bbox 1878 1026 3437 1101">
    <p class='ocr_par' dir='ltr' id='par_1_38' title="bbox 1878 1026 3437 1101">
     <span class='ocr_line' id='line_1_38' title="bbox 1878 1026 3437 1101; baseline -0.006 -14"><span class='ocrx_word' id='word_1_270' title='bbox 1878 1041 2057 1097; x_wconf 84' lang='lat' dir='ltr'><strong>re,vel</strong></span> <span class='ocrx_word' id='word_1_271' title='bbox 2086 1047 2315 1101; x_wconf 90' lang='lat' dir='ltr'><strong>persona</strong></span> <span class='ocrx_word' id='word_1_272' title='bbox 2345 1030 2598 1101; x_wconf 86' lang='lat' dir='ltr'><strong>quapiam</strong></span> <span class='ocrx_word' id='word_1_273' title='bbox 2626 1030 2825 1083; x_wconf 84' lang='lat' dir='ltr'><strong>acriter</strong></span> <span class='ocrx_word' id='word_1_274' title='bbox 2847 1039 3091 1096; x_wconf 78' lang='lat' dir='ltr'><strong>cogente,</strong></span> <span class='ocrx_word' id='word_1_275' title='bbox 3110 1026 3264 1080; x_wconf 84' lang='lat' dir='ltr'><strong>dolor</strong></span> <span class='ocrx_word' id='word_1_276' title='bbox 3280 1028 3437 1093; x_wconf 81' lang='lat' dir='ltr'><strong>equi-</strong></span> 
     </span>
    </p>
   </div>
   <div class='ocr_carea' id='block_1_39' title="bbox 1869 1117 3435 1190">
    <p class='ocr_par' dir='ltr' id='par_1_39' title="bbox 1869 1117 3435 1190">
     <span class='ocr_line' id='line_1_39' title="bbox 1869 1117 3435 1190; baseline -0.006 -12"><span class='ocrx_word' id='word_1_277' title='bbox 1869 1125 1989 1178; x_wconf 87' lang='lat' dir='ltr'><strong>dem</strong></span> <span class='ocrx_word' id='word_1_278' title='bbox 2026 1126 2255 1178; x_wconf 86' lang='lat' dir='ltr'><strong>allieitur</strong></span> <span class='ocrx_word' id='word_1_279' title='bbox 2272 1126 2341 1177; x_wconf 91' lang='lat' dir='ltr'><strong>ob</strong></span> <span class='ocrx_word' id='word_1_280' title='bbox 2376 1124 2504 1175; x_wconf 90' lang='lat' dir='ltr'><strong>mali</strong></span> <span class='ocrx_word' id='word_1_281' title='bbox 2535 1136 2906 1190; x_wconf 88' lang='lat' dir='ltr'><strong>progressum,</strong></span> <span class='ocrx_word' id='word_1_282' title='bbox 2932 1121 3024 1173; x_wconf 88' lang='lat' dir='ltr'><strong>sed</strong></span> <span class='ocrx_word' id='word_1_283' title='bbox 3046 1119 3238 1188; x_wconf 76' lang='lat' dir='ltr'><strong>quovis</strong></span> <span class='ocrx_word' id='word_1_284' title='bbox 3271 1117 3435 1170; x_wconf 90' lang='lat' dir='ltr'><strong>modo</strong></span> 
     </span>
    </p>
   </div>
   <div class='ocr_carea' id='block_1_40' title="bbox 1872 1211 3434 1283">
    <p class='ocr_par' dir='ltr' id='par_1_40' title="bbox 1872 1211 3434 1283">
     <span class='ocr_line' id='line_1_40' title="bbox 1872 1211 3434 1283; baseline -0.006 -13"><span class='ocrx_word' id='word_1_285' title='bbox 1872 1220 1948 1272; x_wconf 88' lang='lat' dir='ltr'><strong>rei</strong></span> <span class='ocrx_word' id='word_1_286' title='bbox 1968 1220 2209 1272; x_wconf 67' lang='lat' dir='ltr'><strong>molestae</strong></span> <span class='ocrx_word' id='word_1_287' title='bbox 2240 1217 2398 1269; x_wconf 82' lang='lat' dir='ltr'><strong>ﬁnem</strong></span> <span class='ocrx_word' id='word_1_288' title='bbox 2420 1215 2633 1283; x_wconf 65' lang='lat' dir='ltr'><strong>quaerit,</strong></span> <span class='ocrx_word' id='word_1_289' title='bbox 2663 1228 2989 1281; x_wconf 87' lang='lat' dir='ltr'><strong>omnemque</strong></span> <span class='ocrx_word' id='word_1_290' title='bbox 3009 1211 3237 1281; x_wconf 86' lang='lat' dir='ltr'><strong>lapidem</strong></span> <span class='ocrx_word' id='word_1_291' title='bbox 3265 1211 3434 1280; x_wconf 84' lang='lat' dir='ltr'><strong>(quod</strong></span> 
     </span>
    </p>
   </div>
   <div class='ocr_carea' id='block_1_41' title="bbox 1873 1303 3437 1375">
    <p class='ocr_par' dir='ltr' id='par_1_41' title="bbox 1873 1303 3437 1375">
     <span class='ocr_line' id='line_1_41' title="bbox 1873 1303 3437 1375; baseline -0.005 -15"><span class='ocrx_word' id='word_1_292' title='bbox 1873 1307 2050 1375; x_wconf 81' lang='lat' dir='ltr'><strong>aiunt)</strong></span> <span class='ocrx_word' id='word_1_293' title='bbox 2076 1317 2279 1369; x_wconf 88' lang='lat' dir='ltr'><strong>movet,</strong></span> <span class='ocrx_word' id='word_1_294' title='bbox 2312 1322 2374 1361; x_wconf 90' lang='lat' dir='ltr'><strong>ac</strong></span> <span class='ocrx_word' id='word_1_295' title='bbox 2408 1305 2721 1358; x_wconf 87' lang='lat' dir='ltr'><strong>molitiones</strong></span> <span class='ocrx_word' id='word_1_296' title='bbox 2777 1303 3155 1356; x_wconf 82' lang='lat' dir='ltr'><strong>molitinuibus</strong></span> <span class='ocrx_word' id='word_1_297' title='bbox 3190 1303 3437 1355; x_wconf 81' lang='lat' dir='ltr'><strong>cumulat</strong></span> 
     </span>
    </p>
   </div>
   <div class='ocr_carea' id='block_1_42' title="bbox 1872 1392 3434 1466">
    <p class='ocr_par' dir='ltr' id='par_1_42' title="bbox 1872 1392 3434 1466">
     <span class='ocr_line' id='line_1_42' title="bbox 1872 1392 3434 1466; baseline -0.004 -16"><span class='ocrx_word' id='word_1_298' title='bbox 1872 1399 1963 1451; x_wconf 79' lang='lat' dir='ltr'><strong>sed</strong></span> <span class='ocrx_word' id='word_1_299' title='bbox 1993 1398 2123 1451; x_wconf 82' lang='lat' dir='ltr'><strong>nihil</strong></span> <span class='ocrx_word' id='word_1_300' title='bbox 2148 1398 2408 1466; x_wconf 79' lang='lat' dir='ltr'><strong>prolicere</strong></span> <span class='ocrx_word' id='word_1_301' title='bbox 2426 1397 2573 1451; x_wconf 90' lang='lat' dir='ltr'><strong>dolet</strong></span> <span class='ocrx_word' id='word_1_302' title='bbox 2610 1412 2622 1448; x_wconf 94' lang='lat'><strong>:</strong></span> <span class='ocrx_word' id='word_1_303' title='bbox 2658 1404 2944 1465; x_wconf 81' lang='lat' dir='ltr'><strong>postquam</strong></span> <span class='ocrx_word' id='word_1_304' title='bbox 2978 1394 3209 1462; x_wconf 88' lang='lat' dir='ltr'><strong>denique</strong></span> <span class='ocrx_word' id='word_1_305' title='bbox 3232 1392 3434 1444; x_wconf 87' lang='lat' dir='ltr'><strong>malum</strong></span> 
     </span>
    </p>
   </div>
   <div class='ocr_carea' id='block_1_43' title="bbox 1874 1487 3437 1557">
    <p class='ocr_par' dir='ltr' id='par_1_43' title="bbox 1874 1487 3437 1557">
     <span class='ocr_line' id='line_1_43' title="bbox 1874 1487 3437 1557; baseline -0.004 -16"><span class='ocrx_word' id='word_1_306' title='bbox 1874 1489 2006 1542; x_wconf 90' lang='lat' dir='ltr'><strong>illud</strong></span> <span class='ocrx_word' id='word_1_307' title='bbox 2032 1490 2135 1542; x_wconf 85' lang='lat' dir='ltr'><strong>vim</strong></span> <span class='ocrx_word' id='word_1_308' title='bbox 2164 1489 2397 1543; x_wconf 85' lang='lat' dir='ltr'><strong>aﬂ&#39;erens</strong></span> <span class='ocrx_word' id='word_1_309' title='bbox 2443 1489 2555 1557; x_wconf 85' lang='lat' dir='ltr'><strong>jam</strong></span> <span class='ocrx_word' id='word_1_310' title='bbox 2614 1487 2960 1540; x_wconf 83' lang='lat' dir='ltr'><strong>emendatum</strong></span> <span class='ocrx_word' id='word_1_311' title='bbox 3025 1495 3126 1548; x_wconf 90' lang='lat' dir='ltr'><strong>est,</strong></span> <span class='ocrx_word' id='word_1_312' title='bbox 3174 1493 3437 1552; x_wconf 84' lang='lat' dir='ltr'><strong>quantum</strong></span> 
     </span>
    </p>
   </div>
   <div class='ocr_carea' id='block_1_44' title="bbox 1874 1576 3437 1650">
    <p class='ocr_par' dir='ltr' id='par_1_44' title="bbox 1874 1576 3437 1650">
     <span class='ocr_line' id='line_1_44' title="bbox 1874 1576 3437 1650; baseline -0.006 -16"><span class='ocrx_word' id='word_1_313' title='bbox 1874 1590 2035 1650; x_wconf 83' lang='lat' dir='ltr'><strong>putas</strong></span> <span class='ocrx_word' id='word_1_314' title='bbox 2072 1582 2366 1649; x_wconf 89' lang='lat' dir='ltr'><strong>voluptatis</strong></span> <span class='ocrx_word' id='word_1_315' title='bbox 2416 1577 2689 1649; x_wconf 79' lang='lat' dir='ltr'><strong>percipit?</strong></span> <span class='ocrx_word' id='word_1_316' title='bbox 2717 1589 2980 1646; x_wconf 88' lang='lat' dir='ltr'><strong>quantum</strong></span> <span class='ocrx_word' id='word_1_317' title='bbox 3043 1576 3283 1630; x_wconf 59' lang='lat' dir='ltr'><strong>laetitiae?</strong></span> <span class='ocrx_word' id='word_1_318' title='bbox 3309 1576 3437 1628; x_wconf 91' lang='lat' dir='ltr'><strong>dum</strong></span> 
     </span>
    </p>
   </div>
   <div class='ocr_carea' id='block_1_45' title="bbox 1876 1667 3441 1738">
    <p class='ocr_par' dir='ltr' id='par_1_45' title="bbox 1876 1667 3441 1738">
     <span class='ocr_line' id='line_1_45' title="bbox 1876 1667 3441 1738; baseline -0.005 -13"><span class='ocrx_word' id='word_1_319' title='bbox 1876 1673 2055 1726; x_wconf 84' lang='lat' dir='ltr'><strong>fronte</strong></span> <span class='ocrx_word' id='word_1_320' title='bbox 2086 1672 2246 1725; x_wconf 84' lang='lat' dir='ltr'><strong>hilari</strong></span> <span class='ocrx_word' id='word_1_321' title='bbox 2295 1672 2550 1734; x_wconf 80' lang='lat' dir='ltr'><strong>exsultat,</strong></span> <span class='ocrx_word' id='word_1_322' title='bbox 2585 1679 2638 1722; x_wconf 92' lang='lat' dir='ltr'><strong>et</strong></span> <span class='ocrx_word' id='word_1_323' title='bbox 2678 1670 2834 1738; x_wconf 82' lang='lat' dir='ltr'><strong>plane</strong></span> <span class='ocrx_word' id='word_1_324' title='bbox 2862 1670 3023 1722; x_wconf 83' lang='lat' dir='ltr'><strong>rebus</strong></span> <span class='ocrx_word' id='word_1_325' title='bbox 3052 1668 3305 1721; x_wconf 90' lang='lat' dir='ltr'><strong>omnibus</strong></span> <span class='ocrx_word' id='word_1_326' title='bbox 3347 1667 3441 1719; x_wconf 73' lang='lat' dir='ltr'><strong>dc-</strong></span> 
     </span>
    </p>
   </div>
   <div class='ocr_carea' id='block_1_46' title="bbox 1875 1762 3439 1832">
    <p class='ocr_par' dir='ltr' id='par_1_46' title="bbox 1875 1762 3439 1832">
     <span class='ocr_line' id='line_1_46' title="bbox 1875 1762 3439 1832; baseline -0.005 -13"><span class='ocrx_word' id='word_1_327' title='bbox 1875 1764 2066 1827; x_wconf 86' lang='lat' dir='ltr'><strong>clarat,</strong></span> <span class='ocrx_word' id='word_1_328' title='bbox 2099 1765 2483 1832; x_wconf 85' lang='lat' dir='ltr'><strong>permolestum</strong></span> <span class='ocrx_word' id='word_1_329' title='bbox 2527 1764 2630 1816; x_wconf 85' lang='lat' dir='ltr'><strong>sibi</strong></span> <span class='ocrx_word' id='word_1_330' title='bbox 2665 1762 2935 1825; x_wconf 86' lang='lat' dir='ltr'><strong>accidere,</strong></span> <span class='ocrx_word' id='word_1_331' title='bbox 2967 1764 3112 1830; x_wconf 90' lang='lat' dir='ltr'><strong>quod</strong></span> <span class='ocrx_word' id='word_1_332' title='bbox 3138 1762 3299 1815; x_wconf 90' lang='lat' dir='ltr'><strong>citius</strong></span> <span class='ocrx_word' id='word_1_333' title='bbox 3332 1777 3439 1813; x_wconf 85' lang='lat' dir='ltr'><strong>non</strong></span> 
     </span>
    </p>
   </div>
   <div class='ocr_carea' id='block_1_47' title="bbox 1879 1852 3442 1921">
    <p class='ocr_par' dir='ltr' id='par_1_47' title="bbox 1879 1852 3442 1921">
     <span class='ocr_line' id='line_1_47' title="bbox 1879 1852 3442 1921; baseline -0.001 -16"><span class='ocrx_word' id='word_1_334' title='bbox 1879 1852 2140 1906; x_wconf 83' lang='lat' dir='ltr'><strong>liberatus</strong></span> <span class='ocrx_word' id='word_1_335' title='bbox 2165 1854 2259 1915; x_wconf 85' lang='lat' dir='ltr'><strong>sit,</strong></span> <span class='ocrx_word' id='word_1_336' title='bbox 2288 1867 2598 1921; x_wconf 86' lang='lat' dir='ltr'><strong>magnoque</strong></span> <span class='ocrx_word' id='word_1_337' title='bbox 2618 1868 2783 1921; x_wconf 83' lang='lat' dir='ltr'><strong>supra</strong></span> <span class='ocrx_word' id='word_1_338' title='bbox 2821 1868 2907 1905; x_wconf 85' lang='lat' dir='ltr'><strong>res</strong></span> <span class='ocrx_word' id='word_1_339' title='bbox 2944 1869 3136 1905; x_wconf 78' lang='lat' dir='ltr'><strong>omnes</strong></span> <span class='ocrx_word' id='word_1_340' title='bbox 3186 1853 3237 1905; x_wconf 92' lang='lat' dir='ltr'><strong>in</strong></span> <span class='ocrx_word' id='word_1_341' title='bbox 3265 1853 3442 1920; x_wconf 71' lang='lat' dir='ltr'><strong>pretio</strong></span> 
     </span>
    </p>
   </div>
   <div class='ocr_carea' id='block_1_48' title="bbox 1879 1943 3440 2011">
    <p class='ocr_par' dir='ltr' id='par_1_48' title="bbox 1879 1943 3440 2011">
     <span class='ocr_line' id='line_1_48' title="bbox 1879 1943 3440 2011; baseline -0.003 -14"><span class='ocrx_word' id='word_1_342' title='bbox 1879 1944 2210 1998; x_wconf 88' lang='lat' dir='ltr'><strong>celeritatem</strong></span> <span class='ocrx_word' id='word_1_343' title='bbox 2279 1959 2343 1997; x_wconf 91' lang='lat' dir='ltr'><strong>eo</strong></span> <span class='ocrx_word' id='word_1_344' title='bbox 2404 1945 2793 2011; x_wconf 82' lang='lat' dir='ltr'><strong>perducentem</strong></span> <span class='ocrx_word' id='word_1_345' title='bbox 2858 1944 3021 1996; x_wconf 86' lang='lat' dir='ltr'><strong>habet</strong></span> <span class='ocrx_word' id='word_1_346' title='bbox 3067 1959 3082 2006; x_wconf 88' lang='lat'><strong>;</strong></span> <span class='ocrx_word' id='word_1_347' title='bbox 3136 1946 3338 2011; x_wconf 85' lang='lat' dir='ltr'><strong>quippe</strong></span> <span class='ocrx_word' id='word_1_348' title='bbox 3395 1943 3440 1995; x_wconf 88' lang='lat' dir='ltr'><strong>si</strong></span> 
     </span>
    </p>
   </div>
   <div class='ocr_carea' id='block_1_49' title="bbox 1884 2034 3446 2103">
    <p class='ocr_par' dir='ltr' id='par_1_49' title="bbox 1884 2034 3446 2103">
     <span class='ocr_line' id='line_1_49' title="bbox 1884 2034 3446 2103; baseline 0 -17"><span class='ocrx_word' id='word_1_349' title='bbox 1884 2035 2076 2088; x_wconf 91' lang='lat' dir='ltr'><strong>horum</strong></span> <span class='ocrx_word' id='word_1_350' title='bbox 2100 2034 2306 2103; x_wconf 85' lang='lat' dir='ltr'><strong>aliquid</strong></span> <span class='ocrx_word' id='word_1_351' title='bbox 2329 2035 2493 2098; x_wconf 88' lang='lat' dir='ltr'><strong>absit,</strong></span> <span class='ocrx_word' id='word_1_352' title='bbox 2520 2035 3146 2103; x_wconf 84' lang='lat' dir='ltr'><strong>reprehensioncearere</strong></span> <span class='ocrx_word' id='word_1_353' title='bbox 3172 2042 3446 2102; x_wconf 85' lang='lat' dir='ltr'><strong>nequeunt</strong></span> 
     </span>
    </p>
   </div>
   <div class='ocr_carea' id='block_1_50' title="bbox 1886 2127 3445 2197">
    <p class='ocr_par' dir='ltr' id='par_1_50' title="bbox 1886 2127 3445 2197">
     <span class='ocr_line' id='line_1_50' title="bbox 1886 2127 3445 2197; baseline -0.002 -17"><span class='ocrx_word' id='word_1_354' title='bbox 1886 2129 2153 2190; x_wconf 90' lang='lat' dir='ltr'><strong>homines,</strong></span> <span class='ocrx_word' id='word_1_355' title='bbox 2197 2128 2409 2182; x_wconf 89' lang='lat' dir='ltr'><strong>etiamsi</strong></span> <span class='ocrx_word' id='word_1_356' title='bbox 2456 2143 2650 2183; x_wconf 82' lang='lat' dir='ltr'><strong>causas</strong></span> <span class='ocrx_word' id='word_1_357' title='bbox 2694 2127 2971 2197; x_wconf 89' lang='lat' dir='ltr'><strong>proferant</strong></span> <span class='ocrx_word' id='word_1_358' title='bbox 3023 2129 3093 2181; x_wconf 90' lang='lat' dir='ltr'><strong>ob</strong></span> <span class='ocrx_word' id='word_1_359' title='bbox 3143 2144 3280 2197; x_wconf 87' lang='lat' dir='ltr'><strong>quas</strong></span> <span class='ocrx_word' id='word_1_360' title='bbox 3321 2128 3445 2181; x_wconf 77' lang='lat' dir='ltr'><strong>otti-</strong></span> 
     </span>
    </p>
   </div>
   <div class='ocr_carea' id='block_1_51' title="bbox 1883 2218 3446 2290">
    <p class='ocr_par' dir='ltr' id='par_1_51' title="bbox 1883 2218 3446 2290">
     <span class='ocr_line' id='line_1_51' title="bbox 1883 2218 3446 2290; baseline -0.003 -17"><span class='ocrx_word' id='word_1_361' title='bbox 1883 2220 2027 2273; x_wconf 85' lang='lat' dir='ltr'><strong>cium</strong></span> <span class='ocrx_word' id='word_1_362' title='bbox 2070 2218 2304 2290; x_wconf 87' lang='lat' dir='ltr'><strong>perfecte</strong></span> <span class='ocrx_word' id='word_1_363' title='bbox 2341 2236 2447 2273; x_wconf 86' lang='lat' dir='ltr'><strong>non</strong></span> <span class='ocrx_word' id='word_1_364' title='bbox 2500 2221 2719 2273; x_wconf 81' lang='lat' dir='ltr'><strong>faciant.</strong></span> <span class='ocrx_word' id='word_1_365' title='bbox 2756 2220 2819 2273; x_wconf 90' lang='lat' dir='ltr'><strong>Et</strong></span> <span class='ocrx_word' id='word_1_366' title='bbox 2852 2221 2965 2275; x_wconf 63' lang='lat' dir='ltr'><strong>haec</strong></span> <span class='ocrx_word' id='word_1_367' title='bbox 3002 2221 3221 2288; x_wconf 82' lang='lat' dir='ltr'><strong>quidem</strong></span> <span class='ocrx_word' id='word_1_368' title='bbox 3259 2220 3325 2273; x_wconf 90' lang='lat' dir='ltr'><strong>de</strong></span> <span class='ocrx_word' id='word_1_369' title='bbox 3362 2221 3446 2271; x_wconf 85' lang='lat' dir='ltr'><strong>in-</strong></span> 
     </span>
    </p>
   </div>
   <div class='ocr_carea' id='block_1_52' title="bbox 1884 2310 3443 2375">
    <p class='ocr_par' dir='ltr' id='par_1_52' title="bbox 1884 2310 3443 2375">
     <span class='ocr_line' id='line_1_52' title="bbox 1884 2310 3443 2375; baseline 0.001 -12"><span class='ocrx_word' id='word_1_370' title='bbox 1884 2311 2215 2364; x_wconf 86' lang='lat' dir='ltr'><strong>voluntario.</strong></span> <span class='ocrx_word' id='word_1_371' title='bbox 2269 2311 2341 2365; x_wconf 86' lang='lat' dir='ltr'><strong>De</strong></span> <span class='ocrx_word' id='word_1_372' title='bbox 2394 2311 2703 2365; x_wconf 89' lang='lat' dir='ltr'><strong>voluntario</strong></span> <span class='ocrx_word' id='word_1_373' title='bbox 2744 2327 2871 2364; x_wconf 87' lang='lat' dir='ltr'><strong>vero</strong></span> <span class='ocrx_word' id='word_1_374' title='bbox 2920 2310 3189 2375; x_wconf 77' lang='lat' dir='ltr'><strong>dicimus,</strong></span> <span class='ocrx_word' id='word_1_375' title='bbox 3235 2324 3343 2365; x_wconf 81' lang='lat' dir='ltr'><strong>nou</strong></span> <span class='ocrx_word' id='word_1_376' title='bbox 3381 2327 3443 2365; x_wconf 89' lang='lat' dir='ltr'><strong>ea</strong></span> 
     </span>
    </p>
   </div>
   <div class='ocr_carea' id='block_1_53' title="bbox 1883 2400 3445 2470">
    <p class='ocr_par' dir='ltr' id='par_1_53' title="bbox 1883 2400 3445 2470">
     <span class='ocr_line' id='line_1_53' title="bbox 1883 2400 3445 2470; baseline 0.003 -17"><span class='ocrx_word' id='word_1_377' title='bbox 1883 2402 2047 2454; x_wconf 90' lang='lat' dir='ltr'><strong>modo</strong></span> <span class='ocrx_word' id='word_1_378' title='bbox 2095 2417 2217 2470; x_wconf 67' lang='lat' dir='ltr'><strong>quae</strong></span> <span class='ocrx_word' id='word_1_379' title='bbox 2269 2415 2393 2455; x_wconf 86' lang='lat' dir='ltr'><strong>cum</strong></span> <span class='ocrx_word' id='word_1_380' title='bbox 2438 2402 2619 2455; x_wconf 66' lang='lat' dir='ltr'><strong>laatitia</strong></span> <span class='ocrx_word' id='word_1_381' title='bbox 2675 2400 2903 2456; x_wconf 82' lang='lat' dir='ltr'><strong>facimus</strong></span> <span class='ocrx_word' id='word_1_382' title='bbox 2946 2418 3066 2457; x_wconf 84' lang='lat' dir='ltr'><strong>esse</strong></span> <span class='ocrx_word' id='word_1_383' title='bbox 3104 2403 3445 2469; x_wconf 84' lang='lat' dir='ltr'><strong>voluntaria,</strong></span> 
     </span>
    </p>
   </div>
   <div class='ocr_carea' id='block_1_54' title="bbox 1882 2489 3445 2561">
    <p class='ocr_par' dir='ltr' id='par_1_54' title="bbox 1882 2489 3445 2561">
     <span class='ocr_line' id='line_1_54' title="bbox 1882 2489 3445 2561; baseline 0.004 -19"><span class='ocrx_word' id='word_1_384' title='bbox 1882 2489 1979 2543; x_wconf 88' lang='lat' dir='ltr'><strong>sed</strong></span> <span class='ocrx_word' id='word_1_385' title='bbox 2025 2491 2248 2543; x_wconf 74' lang='lat' dir='ltr'><strong>ontuino</strong></span> <span class='ocrx_word' id='word_1_386' title='bbox 2297 2500 2350 2544; x_wconf 91' lang='lat' dir='ltr'><strong>et</strong></span> <span class='ocrx_word' id='word_1_387' title='bbox 2401 2492 2487 2544; x_wconf 86' lang='lat' dir='ltr'><strong>illa</strong></span> <span class='ocrx_word' id='word_1_388' title='bbox 2524 2508 2643 2560; x_wconf 71' lang='lat' dir='ltr'><strong>quae</strong></span> <span class='ocrx_word' id='word_1_389' title='bbox 2678 2495 2855 2547; x_wconf 83' lang='lat' dir='ltr'><strong>facere</strong></span> <span class='ocrx_word' id='word_1_390' title='bbox 2899 2509 3004 2547; x_wconf 88' lang='lat' dir='ltr'><strong>non</strong></span> <span class='ocrx_word' id='word_1_391' title='bbox 3040 2495 3314 2561; x_wconf 83' lang='lat' dir='ltr'><strong>volumus,</strong></span> <span class='ocrx_word' id='word_1_392' title='bbox 3350 2496 3445 2549; x_wconf 57' lang='lat' dir='ltr'><strong>st-d</strong></span> 
     </span>
    </p>
   </div>
   <div class='ocr_carea' id='block_1_55' title="bbox 1881 2582 3439 2654">
    <p class='ocr_par' dir='ltr' id='par_1_55' title="bbox 1881 2582 3439 2654">
     <span class='ocr_line' id='line_1_55' title="bbox 1881 2582 3439 2654; baseline 0.004 -21"><span class='ocrx_word' id='word_1_393' title='bbox 1881 2582 2107 2635; x_wconf 87' lang='lat' dir='ltr'><strong>alterius</strong></span> <span class='ocrx_word' id='word_1_394' title='bbox 2165 2583 2457 2651; x_wconf 79' lang='lat' dir='ltr'><strong>voluptatis</strong></span> <span class='ocrx_word' id='word_1_395' title='bbox 2501 2598 2666 2637; x_wconf 84' lang='lat' dir='ltr'><strong>causa</strong></span> <span class='ocrx_word' id='word_1_396' title='bbox 2718 2585 2874 2637; x_wconf 88' lang='lat' dir='ltr'><strong>nubis</strong></span> <span class='ocrx_word' id='word_1_397' title='bbox 2926 2587 3027 2654; x_wconf 88' lang='lat' dir='ltr'><strong>ipsi</strong></span> <span class='ocrx_word' id='word_1_398' title='bbox 3088 2588 3439 2641; x_wconf 82' lang='lat' dir='ltr'><strong>arcessimus.</strong></span> 
     </span>
    </p>
   </div>
   <div class='ocr_carea' id='block_1_56' title="bbox 1884 2669 3446 2746">
    <p class='ocr_par' dir='ltr' id='par_1_56' title="bbox 1884 2669 3446 2746">
     <span class='ocr_line' id='line_1_56' title="bbox 1884 2669 3446 2746; baseline 0.006 -23"><span class='ocrx_word' id='word_1_399' title='bbox 1884 2669 1951 2723; x_wconf 88' lang='lat' dir='ltr'><strong>Et</strong></span> <span class='ocrx_word' id='word_1_400' title='bbox 1996 2672 2142 2724; x_wconf 90' lang='lat' dir='ltr'><strong>enim</strong></span> <span class='ocrx_word' id='word_1_401' title='bbox 2192 2672 2410 2740; x_wconf 89' lang='lat' dir='ltr'><strong>aliquos</strong></span> <span class='ocrx_word' id='word_1_402' title='bbox 2457 2688 2521 2726; x_wconf 90' lang='lat' dir='ltr'><strong>ea</strong></span> <span class='ocrx_word' id='word_1_403' title='bbox 2572 2672 2748 2728; x_wconf 85' lang='lat' dir='ltr'><strong>facere</strong></span> <span class='ocrx_word' id='word_1_404' title='bbox 2797 2684 3016 2730; x_wconf 86' lang='lat' dir='ltr'><strong>coaetos</strong></span> <span class='ocrx_word' id='word_1_405' title='bbox 3070 2678 3170 2746; x_wconf 91' lang='lat' dir='ltr'><strong>(ut</strong></span> <span class='ocrx_word' id='word_1_406' title='bbox 3219 2678 3271 2730; x_wconf 93' lang='lat' dir='ltr'><strong>id</strong></span> <span class='ocrx_word' id='word_1_407' title='bbox 3315 2694 3446 2733; x_wconf 85' lang='lat' dir='ltr'><strong>sane</strong></span> 
     </span>
    </p>
   </div>
   <div class='ocr_carea' id='block_1_57' title="bbox 1885 2762 3450 2837">
    <p class='ocr_par' dir='ltr' id='par_1_57' title="bbox 1885 2762 3450 2837">
     <span class='ocr_line' id='line_1_57' title="bbox 1885 2762 3450 2837; baseline 0.008 -23"><span class='ocrx_word' id='word_1_408' title='bbox 1885 2762 2100 2831; x_wconf 82' lang='lat' dir='ltr'><strong>demus)</strong></span> <span class='ocrx_word' id='word_1_409' title='bbox 2128 2764 2178 2816; x_wconf 88' lang='lat' dir='ltr'><strong>vi</strong></span> <span class='ocrx_word' id='word_1_410' title='bbox 2221 2766 2613 2834; x_wconf 80' lang='lat' dir='ltr'><strong>tyrannideque</strong></span> <span class='ocrx_word' id='word_1_411' title='bbox 2652 2766 2905 2831; x_wconf 84' lang='lat' dir='ltr'><strong>maxima,</strong></span> <span class='ocrx_word' id='word_1_412' title='bbox 2945 2786 3064 2837; x_wconf 66' lang='lat' dir='ltr'><strong>quae</strong></span> <span class='ocrx_word' id='word_1_413' title='bbox 3096 2772 3141 2825; x_wconf 90' lang='lat' dir='ltr'><strong>si</strong></span> <span class='ocrx_word' id='word_1_414' title='bbox 3185 2771 3263 2825; x_wconf 90' lang='lat' dir='ltr'><strong>vis</strong></span> <span class='ocrx_word' id='word_1_415' title='bbox 3295 2772 3450 2826; x_wconf 86' lang='lat' dir='ltr'><strong>abes-</strong></span> 
     </span>
    </p>
   </div>
   <div class='ocr_carea' id='block_1_58' title="bbox 1887 2856 3446 2930">
    <p class='ocr_par' dir='ltr' id='par_1_58' title="bbox 1887 2856 3446 2930">
     <span class='ocr_line' id='line_1_58' title="bbox 1887 2856 3446 2930; baseline 0.007 -21"><span class='ocrx_word' id='word_1_416' title='bbox 1887 2864 1991 2920; x_wconf 85' lang='lat' dir='ltr'><strong>set,</strong></span> <span class='ocrx_word' id='word_1_417' title='bbox 2024 2872 2128 2910; x_wconf 88' lang='lat' dir='ltr'><strong>non</strong></span> <span class='ocrx_word' id='word_1_418' title='bbox 2160 2856 2400 2924; x_wconf 87' lang='lat' dir='ltr'><strong>faceret;</strong></span> <span class='ocrx_word' id='word_1_419' title='bbox 2422 2874 2528 2911; x_wconf 91' lang='lat' dir='ltr'><strong>non</strong></span> <span class='ocrx_word' id='word_1_420' title='bbox 2560 2860 2609 2912; x_wconf 90' lang='lat' dir='ltr'><strong>id</strong></span> <span class='ocrx_word' id='word_1_421' title='bbox 2638 2859 2880 2928; x_wconf 86' lang='lat' dir='ltr'><strong>profecto</strong></span> <span class='ocrx_word' id='word_1_422' title='bbox 2913 2863 3108 2918; x_wconf 85' lang='lat' dir='ltr'><strong>invitos</strong></span> <span class='ocrx_word' id='word_1_423' title='bbox 3132 2876 3215 2919; x_wconf 89' lang='lat' dir='ltr'><strong>est</strong></span> <span class='ocrx_word' id='word_1_424' title='bbox 3246 2864 3446 2930; x_wconf 86' lang='lat' dir='ltr'><strong>facere,</strong></span> 
     </span>
    </p>
   </div>
   <div class='ocr_carea' id='block_1_59' title="bbox 1885 2945 3449 3024">
    <p class='ocr_par' dir='ltr' id='par_1_59' title="bbox 1885 2945 3449 3024">
     <span class='ocr_line' id='line_1_59' title="bbox 1885 2945 3449 3024; baseline 0.008 -24"><span class='ocrx_word' id='word_1_425' title='bbox 1885 2945 1981 3001; x_wconf 87' lang='lat' dir='ltr'><strong>sed</strong></span> <span class='ocrx_word' id='word_1_426' title='bbox 2005 2949 2119 3001; x_wconf 88' lang='lat' dir='ltr'><strong>vice</strong></span> <span class='ocrx_word' id='word_1_427' title='bbox 2138 2963 2291 3001; x_wconf 84' lang='lat' dir='ltr'><strong>versa</strong></span> <span class='ocrx_word' id='word_1_428' title='bbox 2310 2950 2553 3003; x_wconf 83' lang='lat' dir='ltr'><strong>volentes</strong></span> <span class='ocrx_word' id='word_1_429' title='bbox 2572 2950 2717 3005; x_wconf 78' lang='lat' dir='ltr'><strong>haud</strong></span> <span class='ocrx_word' id='word_1_430' title='bbox 2748 2952 2913 3007; x_wconf 84' lang='lat' dir='ltr'><strong>duble</strong></span> <span class='ocrx_word' id='word_1_431' title='bbox 2938 2971 2954 3011; x_wconf 86' lang='lat'><strong>:</strong></span> <span class='ocrx_word' id='word_1_432' title='bbox 2974 2956 3242 3024; x_wconf 90' lang='lat' dir='ltr'><strong>siquidem</strong></span> <span class='ocrx_word' id='word_1_433' title='bbox 3265 2960 3449 3013; x_wconf 84' lang='lat' dir='ltr'><strong>volen-</strong></span> 
     </span>
    </p>
   </div>
   <div class='ocr_carea' id='block_1_60' title="bbox 1889 3036 3445 3115">
    <p class='ocr_par' dir='ltr' id='par_1_60' title="bbox 1889 3036 3445 3115">
     <span class='ocr_line' id='line_1_60' title="bbox 1889 3036 3445 3115; baseline 0.013 -30"><span class='ocrx_word' id='word_1_434' title='bbox 1889 3043 1969 3088; x_wconf 85' lang='lat' dir='ltr'><strong>tes</strong></span> <span class='ocrx_word' id='word_1_435' title='bbox 1999 3036 2050 3087; x_wconf 92' lang='lat' dir='ltr'><strong>in</strong></span> <span class='ocrx_word' id='word_1_436' title='bbox 2075 3043 2213 3089; x_wconf 86' lang='lat' dir='ltr'><strong>hanc</strong></span> <span class='ocrx_word' id='word_1_437' title='bbox 2248 3052 2306 3090; x_wconf 89' lang='lat' dir='ltr'><strong>se</strong></span> <span class='ocrx_word' id='word_1_438' title='bbox 2332 3038 2440 3091; x_wconf 92' lang='lat' dir='ltr'><strong>vim</strong></span> <span class='ocrx_word' id='word_1_439' title='bbox 2472 3040 2904 3109; x_wconf 64' lang='lat' dir='ltr'><strong>prmeipitarunt,</strong></span> <span class='ocrx_word' id='word_1_440' title='bbox 2952 3060 3075 3099; x_wconf 88' lang='lat' dir='ltr'><strong>eum</strong></span> <span class='ocrx_word' id='word_1_441' title='bbox 3110 3048 3331 3115; x_wconf 88' lang='lat' dir='ltr'><strong>ipsimet</strong></span> <span class='ocrx_word' id='word_1_442' title='bbox 3380 3068 3445 3105; x_wconf 80' lang='lat' dir='ltr'><strong>ex</strong></span> 
     </span>
    </p>
   </div>
   <div class='ocr_carea' id='block_1_61' title="bbox 1888 3128 3445 3211">
    <p class='ocr_par' dir='ltr' id='par_1_61' title="bbox 1888 3128 3445 3211">
     <span class='ocr_line' id='line_1_61' title="bbox 1888 3128 3445 3211; baseline 0.013 -31"><span class='ocrx_word' id='word_1_443' title='bbox 1888 3139 2008 3180; x_wconf 87' lang='lat' dir='ltr'><strong>sese</strong></span> <span class='ocrx_word' id='word_1_444' title='bbox 2060 3128 2328 3196; x_wconf 84' lang='lat' dir='ltr'><strong>principio</strong></span> <span class='ocrx_word' id='word_1_445' title='bbox 2360 3133 2662 3189; x_wconf 89' lang='lat' dir='ltr'><strong>coactionis</strong></span> <span class='ocrx_word' id='word_1_446' title='bbox 2691 3140 3037 3193; x_wconf 90' lang='lat' dir='ltr'><strong>occasionem</strong></span> <span class='ocrx_word' id='word_1_447' title='bbox 3098 3144 3400 3211; x_wconf 67' lang='lat' dir='ltr'><strong>prteberent</strong></span> <span class='ocrx_word' id='word_1_448' title='bbox 3432 3166 3445 3201; x_wconf 93' lang='lat'>:</span> 
     </span>
    </p>
   </div>
   <div class='ocr_carea' id='block_1_62' title="bbox 1888 3218 3448 3305">
    <p class='ocr_par' dir='ltr' id='par_1_62' title="bbox 1888 3218 3448 3305">
     <span class='ocr_line' id='line_1_62' title="bbox 1888 3218 3448 3305; baseline 0.015 -35"><span class='ocrx_word' id='word_1_449' title='bbox 1888 3218 2032 3286; x_wconf 90' lang='lat' dir='ltr'><strong>quod</strong></span> <span class='ocrx_word' id='word_1_450' title='bbox 2078 3220 2292 3286; x_wconf 87' lang='lat' dir='ltr'><strong>quidem</strong></span> <span class='ocrx_word' id='word_1_451' title='bbox 2324 3222 2403 3275; x_wconf 85' lang='lat' dir='ltr'><strong>vel</strong></span> <span class='ocrx_word' id='word_1_452' title='bbox 2451 3222 2575 3278; x_wconf 88' lang='lat' dir='ltr'><strong>hinc</strong></span> <span class='ocrx_word' id='word_1_453' title='bbox 2623 3230 2963 3295; x_wconf 86' lang='lat' dir='ltr'><strong>apertissime</strong></span> <span class='ocrx_word' id='word_1_454' title='bbox 3030 3236 3285 3302; x_wconf 86' lang='lat' dir='ltr'><strong>patuerit.</strong></span> <span class='ocrx_word' id='word_1_455' title='bbox 3344 3239 3448 3305; x_wconf 86' lang='lat' dir='ltr'><strong>Qui</strong></span> 
     </span>
    </p>
   </div>
   <div class='ocr_carea' id='block_1_63' title="bbox 1893 3310 3450 3382">
    <p class='ocr_par' dir='ltr' id='par_1_63' title="bbox 1893 3310 3450 3382">
     <span class='ocr_line' id='line_1_63' title="bbox 1893 3310 3450 3382; baseline 0.017 -24"><span class='ocrx_word' id='word_1_456' title='bbox 1893 3316 2122 3375; x_wconf 80' lang='lat' dir='ltr'><strong>tyranno</strong></span> <span class='ocrx_word' id='word_1_457' title='bbox 2151 3310 2415 3363; x_wconf 84' lang='lat' dir='ltr'><strong>mercedis</strong></span> <span class='ocrx_word' id='word_1_458' title='bbox 2446 3325 2607 3367; x_wconf 82' lang='lat' dir='ltr'><strong>causa</strong></span> <span class='ocrx_word' id='word_1_459' title='bbox 2644 3320 2829 3376; x_wconf 85' lang='lat' dir='ltr'><strong>servit.</strong></span> <span class='ocrx_word' id='word_1_460' title='bbox 2851 3334 2975 3374; x_wconf 90' lang='lat' dir='ltr'><strong>eum</strong></span> <span class='ocrx_word' id='word_1_461' title='bbox 3020 3326 3161 3377; x_wconf 75' lang='lat' dir='ltr'><strong>nurit</strong></span> <span class='ocrx_word' id='word_1_462' title='bbox 3192 3342 3450 3382; x_wconf 89' lang='lat' dir='ltr'><strong>necessa-</strong></span> 
     </span>
    </p>
   </div>
   <div class='ocr_carea' id='block_1_64' title="bbox 221 3397 2096 3482">
    <p class='ocr_par' dir='ltr' id='par_1_64' title="bbox 221 3397 2096 3478">
     <span class='ocr_line' id='line_1_64' title="bbox 221 3397 2096 3478; baseline -0.002 -17"><span class='ocrx_word' id='word_1_463' title='bbox 221 3408 326 3461; x_wconf 83' lang='grc' dir='ltr'><strong>τοῦ</strong></span> <span class='ocrx_word' id='word_1_464' title='bbox 361 3411 479 3460; x_wconf 89' lang='grc' dir='ltr'>ταῖν</span> <span class='ocrx_word' id='word_1_465' title='bbox 505 3410 684 3477; x_wconf 84' lang='grc' dir='ltr'>χεροῖν</span> <span class='ocrx_word' id='word_1_466' title='bbox 707 3407 1021 3475; x_wconf 80' lang='grc' dir='ltr'>ἀποσφάξαι</span> <span class='ocrx_word' id='word_1_467' title='bbox 1049 3408 1173 3468; x_wconf 69' lang='grc' dir='ltr'>τοὺς</span> <span class='ocrx_word' id='word_1_468' title='bbox 1213 3408 1410 3469; x_wconf 82' lang='grc' dir='ltr'>ἀδίκως</span> <span class='ocrx_word' id='word_1_469' title='bbox 1436 3408 1512 3476; x_wconf 85' lang='grc' dir='ltr'>τῷ</span> <span class='ocrx_word' id='word_1_470' title='bbox 1539 3410 1788 3478; x_wconf 81' lang='grc' dir='ltr'>τυράννῳ</span> <span class='ocrx_word' id='word_1_471' title='bbox 1818 3411 1864 3473; x_wconf 81' lang='lat' dir='ltr'>c</span> <span class='ocrx_word' id='word_1_472' title='bbox 1896 3398 1976 3449; x_wconf 78' lang='grc' dir='ltr'><strong>ι’ίο</strong></span> <span class='ocrx_word' id='word_1_473' title='bbox 2002 3397 2096 3451; x_wconf 63' lang='lat' dir='ltr'><strong>Sibi</strong></span> 
     </span>
    </p>
   </div>
   <div class='ocr_carea' id='block_1_65' title="bbox 1570 3397 3445 3482">
    <p class='ocr_par' dir='ltr' id='par_1_65' title="bbox 1574 3397 3445 3482">
     <span class='ocr_line' id='line_1_65' title="bbox 1574 3397 3445 3482; baseline 0.007 -22"><span class='ocrx_word' id='word_1_474' title='bbox 1574 3410 1788 3478; x_wconf 85' lang='grc' dir='ltr'>υράννῳ</span> <span class='ocrx_word' id='word_1_475' title='bbox 1818 3411 1864 3473; x_wconf 81' lang='lat' dir='ltr'>c</span> <span class='ocrx_word' id='word_1_476' title='bbox 1896 3398 1976 3449; x_wconf 87' lang='lat' dir='ltr'><strong>rio</strong></span> <span class='ocrx_word' id='word_1_477' title='bbox 2002 3397 2105 3451; x_wconf 89' lang='lat' dir='ltr'><strong>sibi</strong></span> <span class='ocrx_word' id='word_1_478' title='bbox 2144 3397 2454 3454; x_wconf 85' lang='lat' dir='ltr'><strong>faciundum</strong></span> <span class='ocrx_word' id='word_1_479' title='bbox 2483 3406 2627 3473; x_wconf 89' lang='lat' dir='ltr'><strong>quod</strong></span> <span class='ocrx_word' id='word_1_480' title='bbox 2668 3408 2770 3476; x_wconf 90' lang='lat' dir='ltr'><strong>ipsi</strong></span> <span class='ocrx_word' id='word_1_481' title='bbox 2791 3410 2965 3465; x_wconf 88' lang='lat' dir='ltr'><strong>visum</strong></span> <span class='ocrx_word' id='word_1_482' title='bbox 2998 3413 3182 3482; x_wconf 82' lang='lat' dir='ltr'><strong>fuerit,</strong></span> <span class='ocrx_word' id='word_1_483' title='bbox 3216 3419 3297 3471; x_wconf 87' lang='lat' dir='ltr'><strong>vel</strong></span> <span class='ocrx_word' id='word_1_484' title='bbox 3323 3436 3445 3474; x_wconf 89' lang='lat' dir='ltr'><strong>cum</strong></span> 
     </span>
    </p>
   </div>
   <div class='ocr_carea' id='block_1_66' title="bbox 228 3494 1790 3570">
    <p class='ocr_par' dir='ltr' id='par_1_66' title="bbox 228 3494 1790 3570">
     <span class='ocr_line' id='line_1_66' title="bbox 228 3494 1790 3570; baseline -0.001 -16"><span class='ocrx_word' id='word_1_485' title='bbox 228 3502 614 3570; x_wconf 75' lang='grc' dir='ltr'>μισουμένους,</span> <span class='ocrx_word' id='word_1_486' title='bbox 634 3501 731 3552; x_wconf 75' lang='grc' dir='ltr'>καὶ</span> <span class='ocrx_word' id='word_1_487' title='bbox 761 3500 940 3552; x_wconf 87' lang='grc' dir='ltr'>πάντα</span> <span class='ocrx_word' id='word_1_488' title='bbox 974 3501 1242 3569; x_wconf 81' lang='grc' dir='ltr'>πράττειν</span> <span class='ocrx_word' id='word_1_489' title='bbox 1272 3500 1340 3551; x_wconf 79' lang='grc' dir='ltr'>τὰ</span> <span class='ocrx_word' id='word_1_490' title='bbox 1365 3494 1599 3569; x_wconf 78' lang='grc' dir='ltr'>ἄθεσμα,</span> <span class='ocrx_word' id='word_1_491' title='bbox 1632 3501 1665 3569; x_wconf 78' lang='grc' dir='ltr'>ἢ</span> <span class='ocrx_word' id='word_1_492' title='bbox 1695 3500 1790 3553; x_wconf 90' lang='grc' dir='ltr'><strong>τοῦ</strong></span> 
     </span>
    </p>
   </div>
   <div class='ocr_carea' id='block_1_67' title="bbox 223 3592 1793 3662">
    <p class='ocr_par' dir='ltr' id='par_1_67' title="bbox 223 3592 1793 3662">
     <span class='ocr_line' id='line_1_67' title="bbox 223 3592 1793 3662; baseline -0.001 -14"><span class='ocrx_word' id='word_1_493' title='bbox 223 3597 341 3657; x_wconf 81' lang='grc' dir='ltr'>τοῖς</span> <span class='ocrx_word' id='word_1_494' title='bbox 373 3594 537 3647; x_wconf 84' lang='grc' dir='ltr'>αὑτοῦ</span> <span class='ocrx_word' id='word_1_495' title='bbox 571 3593 897 3662; x_wconf 85' lang='grc' dir='ltr'>μολυνθῆναι</span> <span class='ocrx_word' id='word_1_496' title='bbox 931 3592 990 3643; x_wconf 83' lang='grc' dir='ltr'>τὸ</span> <span class='ocrx_word' id='word_1_497' title='bbox 1025 3592 1179 3661; x_wconf 79' lang='grc' dir='ltr'>ξίφος</span> <span class='ocrx_word' id='word_1_498' title='bbox 1213 3593 1442 3660; x_wconf 86' lang='grc' dir='ltr'>αἴμασιν</span> <span class='ocrx_word' id='word_1_499' title='bbox 1464 3609 1477 3621; x_wconf 91' lang='grc'><strong>·</strong></span> <span class='ocrx_word' id='word_1_500' title='bbox 1501 3594 1529 3644; x_wconf 87' lang='grc' dir='ltr'><strong>ὁ</strong></span> <span class='ocrx_word' id='word_1_501' title='bbox 1556 3593 1610 3645; x_wconf 83' lang='grc' dir='ltr'>δὲ</span> <span class='ocrx_word' id='word_1_502' title='bbox 1642 3596 1793 3662; x_wconf 88' lang='grc' dir='ltr'><strong>μισεῖ</strong></span> 
     </span>
    </p>
   </div>
   <div class='ocr_carea' id='block_1_68' title="bbox 228 3680 1791 3753">
    <p class='ocr_par' dir='ltr' id='par_1_68' title="bbox 228 3680 1791 3753">
     <span class='ocr_line' id='line_1_68' title="bbox 228 3680 1791 3753; baseline -0.001 -18"><span class='ocrx_word' id='word_1_503' title='bbox 228 3685 336 3753; x_wconf 79' lang='grc' dir='ltr'>μὲν</span> <span class='ocrx_word' id='word_1_504' title='bbox 384 3686 528 3753; x_wconf 86' lang='grc' dir='ltr'>μάλα</span> <span class='ocrx_word' id='word_1_505' title='bbox 579 3687 673 3735; x_wconf 79' lang='grc' dir='ltr'>τὸν</span> <span class='ocrx_word' id='word_1_506' title='bbox 720 3682 880 3750; x_wconf 79' lang='grc' dir='ltr'>φόνον</span> <span class='ocrx_word' id='word_1_507' title='bbox 911 3681 1167 3750; x_wconf 85' lang='grc' dir='ltr'>(δεδόσθω</span> <span class='ocrx_word' id='word_1_508' title='bbox 1197 3682 1327 3750; x_wconf 79' lang='grc' dir='ltr'>γὰρ)</span> <span class='ocrx_word' id='word_1_509' title='bbox 1350 3721 1366 3746; x_wconf 90' lang='grc'><strong>,</strong></span> <span class='ocrx_word' id='word_1_510' title='bbox 1402 3680 1598 3752; x_wconf 77' lang='grc' dir='ltr'>πράξει</span> <span class='ocrx_word' id='word_1_511' title='bbox 1628 3682 1672 3733; x_wconf 85' lang='grc' dir='ltr'>δ’</span> <span class='ocrx_word' id='word_1_512' title='bbox 1700 3682 1791 3748; x_wconf 76' lang='grc' dir='ltr'><strong>οῦν</strong></span> 
     </span>
    </p>
   </div>
   <div class='ocr_carea' id='block_1_69' title="bbox 225 3772 1788 3845">
    <p class='ocr_par' dir='ltr' id='par_1_69' title="bbox 225 3772 1788 3845">
     <span class='ocr_line' id='line_1_69' title="bbox 225 3772 1788 3845; baseline -0.002 -16"><span class='ocrx_word' id='word_1_513' title='bbox 225 3779 383 3845; x_wconf 80' lang='grc' dir='ltr'>ὅμως</span> <span class='ocrx_word' id='word_1_514' title='bbox 414 3776 504 3827; x_wconf 83' lang='grc' dir='ltr'>τὸν</span> <span class='ocrx_word' id='word_1_515' title='bbox 533 3776 712 3843; x_wconf 86' lang='grc' dir='ltr'>φόνον,</span> <span class='ocrx_word' id='word_1_516' title='bbox 742 3774 835 3827; x_wconf 79' lang='grc' dir='ltr'>καὶ</span> <span class='ocrx_word' id='word_1_517' title='bbox 869 3774 929 3825; x_wconf 86' lang='grc' dir='ltr'>τὸ</span> <span class='ocrx_word' id='word_1_518' title='bbox 955 3772 1087 3841; x_wconf 79' lang='grc' dir='ltr'>ἄγος</span> <span class='ocrx_word' id='word_1_519' title='bbox 1114 3776 1234 3825; x_wconf 85' lang='grc' dir='ltr'>ταῖν</span> <span class='ocrx_word' id='word_1_520' title='bbox 1266 3776 1446 3842; x_wconf 84' lang='grc' dir='ltr'>χεροῖν</span> <span class='ocrx_word' id='word_1_521' title='bbox 1477 3776 1788 3844; x_wconf 65' lang='grc' dir='ltr'>ἐνεργήσει·</span> 
     </span>
    </p>
   </div>
   <div class='ocr_carea' id='block_1_70' title="bbox 225 3854 1792 3937">
    <p class='ocr_par' dir='ltr' id='par_1_70' title="bbox 225 3854 1792 3937">
     <span class='ocr_line' id='line_1_70' title="bbox 225 3854 1792 3937; baseline -0.001 -18"><span class='ocrx_word' id='word_1_522' title='bbox 225 3867 353 3933; x_wconf 77' lang='grc' dir='ltr'><strong>πῶς</strong></span> <span class='ocrx_word' id='word_1_523' title='bbox 408 3868 504 3937; x_wconf 85' lang='grc' dir='ltr'>οὐχ</span> <span class='ocrx_word' id='word_1_524' title='bbox 552 3866 694 3919; x_wconf 80' lang='grc' dir='ltr'>ἑκών</span> <span class='ocrx_word' id='word_1_525' title='bbox 729 3882 793 3932; x_wconf 88' lang='grc' dir='ltr'><strong>γε</strong></span> <span class='ocrx_word' id='word_1_526' title='bbox 830 3865 1026 3935; x_wconf 83' lang='grc' dir='ltr'>δήμιος</span> <span class='ocrx_word' id='word_1_527' title='bbox 1061 3868 1088 3917; x_wconf 86' lang='grc' dir='ltr'><strong>ό</strong></span> <span class='ocrx_word' id='word_1_528' title='bbox 1116 3854 1359 3926; x_wconf 85' lang='grc' dir='ltr'>τοιοῦτος</span> <span class='ocrx_word' id='word_1_529' title='bbox 1391 3864 1585 3932; x_wconf 78' lang='grc' dir='ltr'>γέγονε</span> <span class='ocrx_word' id='word_1_530' title='bbox 1614 3881 1629 3929; x_wconf 88' lang='lat'><strong>;</strong></span> <span class='ocrx_word' id='word_1_531' title='bbox 1683 3866 1792 3917; x_wconf 77' lang='grc' dir='ltr'><strong>Καὶ</strong></span> 
     </span>
    </p>
   </div>
   <div class='ocr_carea' id='block_1_71' title="bbox 229 3956 1794 4031">
    <p class='ocr_par' dir='ltr' id='par_1_71' title="bbox 229 3956 1794 4031">
     <span class='ocr_line' id='line_1_71' title="bbox 229 3956 1794 4031; baseline -0.002 -19"><span class='ocrx_word' id='word_1_532' title='bbox 229 3962 346 4031; x_wconf 75' lang='grc' dir='ltr'>μὴν</span> <span class='ocrx_word' id='word_1_533' title='bbox 382 3960 474 4012; x_wconf 69' lang='grc' dir='ltr'>καὶ</span> <span class='ocrx_word' id='word_1_534' title='bbox 510 3960 697 4025; x_wconf 68' lang='grc' dir='ltr'>ἕτερον</span> <span class='ocrx_word' id='word_1_535' title='bbox 749 3958 923 4025; x_wconf 77' lang='grc' dir='ltr'>ἔγωγε</span> <span class='ocrx_word' id='word_1_536' title='bbox 977 3956 1262 4026; x_wconf 76' lang='grc' dir='ltr'>ὴκηκόειν,</span> <span class='ocrx_word' id='word_1_537' title='bbox 1292 3958 1384 4023; x_wconf 81' lang='grc' dir='ltr'>ὅγε</span> <span class='ocrx_word' id='word_1_538' title='bbox 1419 3956 1493 4026; x_wconf 80' lang='grc' dir='ltr'>μὴ</span> <span class='ocrx_word' id='word_1_539' title='bbox 1523 3958 1664 4010; x_wconf 87' lang='grc' dir='ltr'>πάνυ</span> <span class='ocrx_word' id='word_1_540' title='bbox 1690 3959 1794 4011; x_wconf 79' lang='grc' dir='ltr'>διέ-</span> 
     </span>
    </p>
   </div>
   <div class='ocr_carea' id='block_1_72' title="bbox 228 4048 1793 4120">
    <p class='ocr_par' dir='ltr' id='par_1_72' title="bbox 228 4048 1793 4120">
     <span class='ocr_line' id='line_1_72' title="bbox 228 4048 1793 4120; baseline -0.003 -16"><span class='ocrx_word' id='word_1_541' title='bbox 228 4068 405 4120; x_wconf 83' lang='grc' dir='ltr'>στηκε</span> <span class='ocrx_word' id='word_1_542' title='bbox 450 4050 543 4102; x_wconf 88' lang='grc' dir='ltr'><strong>τοῦ</strong></span> <span class='ocrx_word' id='word_1_543' title='bbox 598 4050 726 4119; x_wconf 75' lang='grc' dir='ltr'>πρὶν</span> <span class='ocrx_word' id='word_1_544' title='bbox 780 4050 910 4118; x_wconf 71' lang='grc' dir='ltr'>ἡμῖν</span> <span class='ocrx_word' id='word_1_545' title='bbox 963 4049 1282 4119; x_wconf 76' lang='grc' dir='ltr'>εἰρημένου,</span> <span class='ocrx_word' id='word_1_546' title='bbox 1311 4049 1361 4099; x_wconf 86' lang='grc' dir='ltr'><strong>εί</strong></span> <span class='ocrx_word' id='word_1_547' title='bbox 1398 4048 1474 4119; x_wconf 78' lang='grc' dir='ltr'>μὴ</span> <span class='ocrx_word' id='word_1_548' title='bbox 1503 4049 1591 4117; x_wconf 88' lang='grc' dir='ltr'>τῷ·</span> <span class='ocrx_word' id='word_1_549' title='bbox 1616 4050 1793 4118; x_wconf 84' lang='grc' dir='ltr'>πολλῷ</span> 
     </span>
    </p>
   </div>
   <div class='ocr_carea' id='block_1_73' title="bbox 224 4136 1793 4215">
    <p class='ocr_par' dir='ltr' id='par_1_73' title="bbox 224 4136 1793 4215">
     <span class='ocr_line' id='line_1_73' title="bbox 224 4136 1793 4215; baseline -0.003 -20"><span class='ocrx_word' id='word_1_550' title='bbox 224 4144 417 4215; x_wconf 84' lang='grc' dir='ltr'>χεῖρον</span> <span class='ocrx_word' id='word_1_551' title='bbox 454 4138 595 4195; x_wconf 79' lang='grc' dir='ltr'>εἶναι</span> <span class='ocrx_word' id='word_1_552' title='bbox 628 4141 838 4192; x_wconf 77' lang='grc' dir='ltr'>ἐκείνου</span> <span class='ocrx_word' id='word_1_553' title='bbox 862 4156 873 4167; x_wconf 87' lang='grc'><strong>·</strong></span> <span class='ocrx_word' id='word_1_554' title='bbox 905 4141 998 4194; x_wconf 76' lang='grc' dir='ltr'>καὶ</span> <span class='ocrx_word' id='word_1_555' title='bbox 1023 4140 1164 4205; x_wconf 81' lang='grc' dir='ltr'>δόξει</span> <span class='ocrx_word' id='word_1_556' title='bbox 1192 4140 1313 4203; x_wconf 79' lang='grc' dir='ltr'>μὲν,</span> <span class='ocrx_word' id='word_1_557' title='bbox 1341 4136 1401 4193; x_wconf 84' lang='grc' dir='ltr'>εὖ</span> <span class='ocrx_word' id='word_1_558' title='bbox 1435 4137 1577 4207; x_wconf 80' lang='grc' dir='ltr'>οῖδα,</span> <span class='ocrx_word' id='word_1_559' title='bbox 1606 4142 1793 4193; x_wconf 70' lang='grc' dir='ltr'>καινὸν</span> 
     </span>
    </p>
   </div>
   <div class='ocr_carea' id='block_1_74' title="bbox 224 4230 1794 4305">
    <p class='ocr_par' dir='ltr' id='par_1_74' title="bbox 224 4230 1794 4305">
     <span class='ocr_line' id='line_1_74' title="bbox 224 4230 1794 4305; baseline -0.003 -15"><span class='ocrx_word' id='word_1_560' title='bbox 224 4238 296 4291; x_wconf 82' lang='grc' dir='ltr'>τὸ</span> <span class='ocrx_word' id='word_1_561' title='bbox 325 4238 582 4305; x_wconf 80' lang='grc' dir='ltr'>πρᾶγμα,</span> <span class='ocrx_word' id='word_1_562' title='bbox 614 4234 810 4302; x_wconf 77' lang='grc' dir='ltr'>ἀληθὲς</span> <span class='ocrx_word' id='word_1_563' title='bbox 839 4234 895 4286; x_wconf 78' lang='grc' dir='ltr'>δὲ</span> <span class='ocrx_word' id='word_1_564' title='bbox 934 4232 1241 4302; x_wconf 81' lang='grc' dir='ltr'>ίσχυρίζετο</span> <span class='ocrx_word' id='word_1_565' title='bbox 1277 4230 1417 4286; x_wconf 84' lang='grc' dir='ltr'>εἶναι</span> <span class='ocrx_word' id='word_1_566' title='bbox 1450 4235 1478 4287; x_wconf 85' lang='grc' dir='ltr'><strong>ό</strong></span> <span class='ocrx_word' id='word_1_567' title='bbox 1509 4233 1669 4286; x_wconf 87' lang='grc' dir='ltr'>τοῦτο</span> <span class='ocrx_word' id='word_1_568' title='bbox 1708 4233 1794 4285; x_wconf 79' lang='grc' dir='ltr'><strong>λέ-</strong></span> 
     </span>
    </p>
   </div>
   <div class='ocr_carea' id='block_1_75' title="bbox 226 4324 1795 4397">
    <p class='ocr_par' dir='ltr' id='par_1_75' title="bbox 226 4324 1795 4397">
     <span class='ocr_line' id='line_1_75' title="bbox 226 4324 1795 4397; baseline -0.003 -17"><span class='ocrx_word' id='word_1_569' title='bbox 226 4345 371 4397; x_wconf 81' lang='grc' dir='ltr'>γων.</span> <span class='ocrx_word' id='word_1_570' title='bbox 432 4328 623 4394; x_wconf 82' lang='grc' dir='ltr'>Ἔλεγε</span> <span class='ocrx_word' id='word_1_571' title='bbox 671 4328 787 4394; x_wconf 82' lang='grc' dir='ltr'>γὰρ</span> <span class='ocrx_word' id='word_1_572' title='bbox 830 4325 1167 4393; x_wconf 77' lang='grc' dir='ltr'>ἐπιθυμῆσαί</span> <span class='ocrx_word' id='word_1_573' title='bbox 1196 4341 1316 4379; x_wconf 90' lang='grc' dir='ltr'>τινα</span> <span class='ocrx_word' id='word_1_574' title='bbox 1351 4325 1458 4377; x_wconf 75' lang='grc' dir='ltr'><strong>ἀπὸ</strong></span> <span class='ocrx_word' id='word_1_575' title='bbox 1500 4324 1675 4394; x_wconf 89' lang='grc' dir='ltr'>θυμοῦ</span> <span class='ocrx_word' id='word_1_576' title='bbox 1706 4341 1795 4376; x_wconf 84' lang='grc' dir='ltr'>το·-</span> 
     </span>
    </p>
   </div>
   <div class='ocr_carea' id='block_1_76' title="bbox 226 4414 1790 4487">
    <p class='ocr_par' dir='ltr' id='par_1_76' title="bbox 226 4414 1790 4487">
     <span class='ocr_line' id='line_1_76' title="bbox 226 4414 1790 4487; baseline -0.004 -16"><span class='ocrx_word' id='word_1_577' title='bbox 226 4418 455 4487; x_wconf 75' lang='grc' dir='ltr'>ςτρῶτον</span> <span class='ocrx_word' id='word_1_578' title='bbox 482 4417 803 4486; x_wconf 78' lang='grc' dir='ltr'>ἀρξάμενον,</span> <span class='ocrx_word' id='word_1_579' title='bbox 832 4418 910 4478; x_wconf 82' lang='grc' dir='ltr'>εὶς</span> <span class='ocrx_word' id='word_1_580' title='bbox 933 4416 1024 4468; x_wconf 76' lang='grc' dir='ltr'><strong>τὸν</strong></span> <span class='ocrx_word' id='word_1_581' title='bbox 1046 4415 1213 4469; x_wconf 79' lang='grc' dir='ltr'>αὑτοῦ</span> <span class='ocrx_word' id='word_1_582' title='bbox 1239 4416 1462 4484; x_wconf 78' lang='grc' dir='ltr'>μείζονα</span> <span class='ocrx_word' id='word_1_583' title='bbox 1485 4414 1790 4485; x_wconf 74' lang='grc' dir='ltr'>ἐξυσρίσαι·</span> 
     </span>
    </p>
   </div>
   <div class='ocr_carea' id='block_1_77' title="bbox 225 4504 1793 4574">
    <p class='ocr_par' dir='ltr' id='par_1_77' title="bbox 225 4504 1793 4574">
     <span class='ocr_line' id='line_1_77' title="bbox 225 4504 1793 4574; baseline -0.001 -15"><span class='ocrx_word' id='word_1_584' title='bbox 225 4510 330 4560; x_wconf 57' lang='grc' dir='ltr'><strong>καί</strong></span> <span class='ocrx_word' id='word_1_585' title='bbox 350 4506 537 4569; x_wconf 87' lang='grc' dir='ltr'>δεδιὼς</span> <span class='ocrx_word' id='word_1_586' title='bbox 558 4506 616 4558; x_wconf 82' lang='grc' dir='ltr'>τὸ</span> <span class='ocrx_word' id='word_1_587' title='bbox 639 4505 905 4574; x_wconf 81' lang='grc' dir='ltr'>ὑπερέχον</span> <span class='ocrx_word' id='word_1_588' title='bbox 926 4505 1175 4573; x_wconf 79' lang='grc' dir='ltr'>τάνδρὸς,</span> <span class='ocrx_word' id='word_1_589' title='bbox 1199 4506 1301 4557; x_wconf 84' lang='grc' dir='ltr'>οὐκ</span> <span class='ocrx_word' id='word_1_590' title='bbox 1323 4505 1548 4573; x_wconf 63' lang='grc' dir='ltr'>ἐτόλμα.</span> <span class='ocrx_word' id='word_1_591' title='bbox 1570 4504 1793 4574; x_wconf 75' lang='grc' dir='ltr'>Ἐξεῦρε</span> 
     </span>
    </p>
   </div>
   <div class='ocr_carea' id='block_1_78' title="bbox 220 4594 1797 4665">
    <p class='ocr_par' dir='ltr' id='par_1_78' title="bbox 220 4594 1797 4665">
     <span class='ocr_line' id='line_1_78' title="bbox 220 4594 1797 4665; baseline -0.003 -14"><span class='ocrx_word' id='word_1_592' title='bbox 220 4599 278 4651; x_wconf 76' lang='grc' dir='ltr'>δ’</span> <span class='ocrx_word' id='word_1_593' title='bbox 310 4599 457 4658; x_wconf 79' lang='grc' dir='ltr'>ὅπως</span> <span class='ocrx_word' id='word_1_594' title='bbox 484 4597 678 4660; x_wconf 73' lang='grc' dir='ltr'>ἐξοίσει</span> <span class='ocrx_word' id='word_1_595' title='bbox 700 4598 778 4657; x_wconf 87' lang='grc' dir='ltr'><strong>είς</strong></span> <span class='ocrx_word' id='word_1_596' title='bbox 800 4596 1127 4665; x_wconf 72' lang='grc' dir='ltr'>παραφορὰν</span> <span class='ocrx_word' id='word_1_597' title='bbox 1152 4596 1345 4647; x_wconf 77' lang='grc' dir='ltr'>ἑαυτὸν</span> <span class='ocrx_word' id='word_1_598' title='bbox 1370 4596 1460 4647; x_wconf 75' lang='grc' dir='ltr'>καὶ</span> <span class='ocrx_word' id='word_1_599' title='bbox 1481 4594 1797 4664; x_wconf 83' lang='grc' dir='ltr'>θρασύτητα</span> 
     </span>
    </p>
   </div>
   <div class='ocr_carea' id='block_1_79' title="bbox 220 4684 1797 4755">
    <p class='ocr_par' dir='ltr' id='par_1_79' title="bbox 220 4684 1797 4755">
     <span class='ocr_line' id='line_1_79' title="bbox 220 4684 1797 4755; baseline -0.003 -14"><span class='ocrx_word' id='word_1_600' title='bbox 220 4688 562 4742; x_wconf 81' lang='grc' dir='ltr'>ἀκάθεκτον.</span> <span class='ocrx_word' id='word_1_601' title='bbox 603 4686 968 4755; x_wconf 73' lang='grc' dir='ltr'>Ἐμφορηθεὶς</span> <span class='ocrx_word' id='word_1_602' title='bbox 1014 4686 1126 4753; x_wconf 85' lang='grc' dir='ltr'>γὰρ</span> <span class='ocrx_word' id='word_1_603' title='bbox 1178 4685 1419 4754; x_wconf 83' lang='grc' dir='ltr'>ἀκράτου</span> <span class='ocrx_word' id='word_1_604' title='bbox 1452 4684 1673 4748; x_wconf 87' lang='grc' dir='ltr'>πολλοῦ,</span> <span class='ocrx_word' id='word_1_605' title='bbox 1703 4688 1797 4737; x_wconf 76' lang='grc' dir='ltr'>ἐπὶ</span> 
     </span>
    </p>
   </div>
   <div class='ocr_carea' id='block_1_80' title="bbox 220 4777 1797 4848">
    <p class='ocr_par' dir='ltr' id='par_1_80' title="bbox 220 4777 1797 4848">
     <span class='ocr_line' id='line_1_80' title="bbox 220 4777 1797 4848; baseline -0.004 -14"><span class='ocrx_word' id='word_1_606' title='bbox 220 4780 314 4848; x_wconf 73' lang='grc' dir='ltr'><strong>τῷ</strong></span> <span class='ocrx_word' id='word_1_607' title='bbox 363 4780 461 4840; x_wconf 76' lang='grc' dir='ltr'>τὰς</span> <span class='ocrx_word' id='word_1_608' title='bbox 508 4780 707 4847; x_wconf 76' lang='grc' dir='ltr'>φρένας</span> <span class='ocrx_word' id='word_1_609' title='bbox 739 4778 1131 4846; x_wconf 77' lang='grc' dir='ltr'>διαφθαρῆναι,</span> <span class='ocrx_word' id='word_1_610' title='bbox 1159 4778 1254 4830; x_wconf 72' lang='grc' dir='ltr'>καὶ</span> <span class='ocrx_word' id='word_1_611' title='bbox 1302 4777 1471 4847; x_wconf 82' lang='grc' dir='ltr'>ταύτῃ</span> <span class='ocrx_word' id='word_1_612' title='bbox 1507 4794 1569 4845; x_wconf 81' lang='grc' dir='ltr'><strong>γε</strong></span> <span class='ocrx_word' id='word_1_613' title='bbox 1597 4778 1797 4846; x_wconf 82' lang='grc' dir='ltr'>θράσος</span> 
     </span>
    </p>
   </div>
   <div class='ocr_carea' id='block_1_81' title="bbox 220 4869 1797 4939">
    <p class='ocr_par' dir='ltr' id='par_1_81' title="bbox 220 4869 1797 4939">
     <span class='ocr_line' id='line_1_81' title="bbox 220 4869 1797 4939; baseline -0.001 -16"><span class='ocrx_word' id='word_1_614' title='bbox 220 4871 569 4933; x_wconf 76' lang='grc' dir='ltr'>λαϐεῖν,καὶ</span> <span class='ocrx_word' id='word_1_615' title='bbox 597 4869 689 4921; x_wconf 86' lang='grc' dir='ltr'>τὸν</span> <span class='ocrx_word' id='word_1_616' title='bbox 738 4869 835 4937; x_wconf 72' lang='grc' dir='ltr'>μὶν</span> <span class='ocrx_word' id='word_1_617' title='bbox 881 4869 1191 4939; x_wconf 82' lang='grc' dir='ltr'>προῦχοντα</span> <span class='ocrx_word' id='word_1_618' title='bbox 1220 4872 1353 4939; x_wconf 83' lang='grc' dir='ltr'>τιμῇ</span> <span class='ocrx_word' id='word_1_619' title='bbox 1403 4871 1524 4932; x_wconf 84' lang='grc' dir='ltr'>ταῖς</span> <span class='ocrx_word' id='word_1_620' title='bbox 1576 4869 1797 4936; x_wconf 81' lang='grc' dir='ltr'>ῦΰρεσιν</span> 
     </span>
    </p>
   </div>
   <div class='ocr_carea' id='block_1_82' title="bbox 214 4946 1798 5031">
    <p class='ocr_par' dir='ltr' id='par_1_82' title="bbox 214 4946 1798 5031">
     <span class='ocr_line' id='line_1_82' title="bbox 214 4946 1798 5031; baseline -0.002 -15"><span class='ocrx_word' id='word_1_621' title='bbox 214 4962 565 5025; x_wconf 77' lang='grc' dir='ltr'>ἀποπλῦναι,</span> <span class='ocrx_word' id='word_1_622' title='bbox 594 4961 735 5030; x_wconf 77' lang='grc' dir='ltr'>ἔχειν</span> <span class='ocrx_word' id='word_1_623' title='bbox 765 4961 823 5014; x_wconf 69' lang='grc' dir='ltr'>δὲ</span> <span class='ocrx_word' id='word_1_624' title='bbox 866 4962 1235 5030; x_wconf 83' lang='grc' dir='ltr'>ἀναχώρησιν,</span> <span class='ocrx_word' id='word_1_625' title='bbox 1265 4946 1365 5029; x_wconf 81' lang='grc' dir='ltr'>τὴν</span> <span class='ocrx_word' id='word_1_626' title='bbox 1396 4962 1495 5013; x_wconf 76' lang='grc' dir='ltr'>εἶτ’</span> <span class='ocrx_word' id='word_1_627' title='bbox 1536 4962 1798 5031; x_wconf 82' lang='grc' dir='ltr'>ἀναισθη·</span> 
     </span>
    </p>
   </div>
   <div class='ocr_carea' id='block_1_83' title="bbox 219 5053 1797 5122">
    <p class='ocr_par' dir='ltr' id='par_1_83' title="bbox 219 5053 1797 5122">
     <span class='ocr_line' id='line_1_83' title="bbox 219 5053 1797 5122; baseline -0.001 -15"><span class='ocrx_word' id='word_1_628' title='bbox 219 5054 383 5116; x_wconf 84' lang='grc' dir='ltr'>σίαν,</span> <span class='ocrx_word' id='word_1_629' title='bbox 419 5055 527 5104; x_wconf 74' lang='lat' dir='ltr'><strong>sits</strong></span> <span class='ocrx_word' id='word_1_630' title='bbox 564 5053 824 5122; x_wconf 83' lang='grc' dir='ltr'>βακχείαν</span> <span class='ocrx_word' id='word_1_631' title='bbox 870 5053 1023 5119; x_wconf 87' lang='grc' dir='ltr'>φίλον</span> <span class='ocrx_word' id='word_1_632' title='bbox 1056 5053 1163 5105; x_wconf 79' lang='grc' dir='ltr'>τινὶ</span> <span class='ocrx_word' id='word_1_633' title='bbox 1193 5054 1396 5120; x_wconf 83' lang='grc' dir='ltr'>λέγειν,</span> <span class='ocrx_word' id='word_1_634' title='bbox 1433 5055 1663 5121; x_wconf 82' lang='grc' dir='ltr'>πράττει</span> <span class='ocrx_word' id='word_1_635' title='bbox 1697 5056 1797 5121; x_wconf 83' lang='grc' dir='ltr'>μὲν</span> 
     </span>
    </p>
   </div>
   <div class='ocr_carea' id='block_1_84' title="bbox 212 5143 1797 5215">
    <p class='ocr_par' dir='ltr' id='par_1_84' title="bbox 212 5143 1797 5215">
     <span class='ocr_line' id='line_1_84' title="bbox 212 5143 1797 5215; baseline 0 -19"><span class='ocrx_word' id='word_1_636' title='bbox 212 5147 291 5197; x_wconf 79' lang='grc' dir='ltr'>τὸ</span> <span class='ocrx_word' id='word_1_637' title='bbox 315 5144 476 5206; x_wconf 76' lang='grc' dir='ltr'>δόξαν</span> <span class='ocrx_word' id='word_1_638' title='bbox 505 5144 696 5208; x_wconf 81' lang='grc' dir='ltr'>ἀδεῶς,</span> <span class='ocrx_word' id='word_1_639' title='bbox 726 5146 1035 5213; x_wconf 85' lang='grc' dir='ltr'>παρήνεγκε</span> <span class='ocrx_word' id='word_1_640' title='bbox 1061 5145 1117 5196; x_wconf 83' lang='grc' dir='ltr'>δὲ</span> <span class='ocrx_word' id='word_1_641' title='bbox 1148 5143 1327 5212; x_wconf 78' lang='grc' dir='ltr'>πολλῷ</span> <span class='ocrx_word' id='word_1_642' title='bbox 1356 5146 1532 5196; x_wconf 87' lang='grc' dir='ltr'>πάντα</span> <span class='ocrx_word' id='word_1_643' title='bbox 1564 5146 1797 5215; x_wconf 76' lang='grc' dir='ltr'>ἐμϐρόν-</span> 
     </span>
    </p>
   </div>
   <div class='ocr_carea' id='block_1_85' title="bbox 208 5230 1799 5301">
    <p class='ocr_par' dir='ltr' id='par_1_85' title="bbox 208 5230 1799 5301">
     <span class='ocr_line' id='line_1_85' title="bbox 208 5230 1799 5301; baseline -0.003 -15"><span class='ocrx_word' id='word_1_644' title='bbox 208 5248 401 5301; x_wconf 83' lang='grc' dir='ltr'>τητον</span> <span class='ocrx_word' id='word_1_645' title='bbox 438 5232 529 5282; x_wconf 72' lang='grc' dir='ltr'>καὶ</span> <span class='ocrx_word' id='word_1_646' title='bbox 576 5234 978 5300; x_wconf 73' lang='grc' dir='ltr'>τετυφωμένον.</span> <span class='ocrx_word' id='word_1_647' title='bbox 1032 5233 1196 5292; x_wconf 88' lang='grc' dir='ltr'>Δίκας</span> <span class='ocrx_word' id='word_1_648' title='bbox 1243 5230 1287 5281; x_wconf 78' lang='grc' dir='ltr'>δ’</span> <span class='ocrx_word' id='word_1_649' title='bbox 1332 5231 1799 5299; x_wconf 76' lang='grc' dir='ltr'>εἰσπραττόμενος</span> 
     </span>
    </p>
   </div>
   <div class='ocr_carea' id='block_1_86' title="bbox 206 5322 1798 5393">
    <p class='ocr_par' dir='ltr' id='par_1_86' title="bbox 206 5322 1798 5393">
     <span class='ocr_line' id='line_1_86' title="bbox 206 5322 1798 5393; baseline -0.002 -17"><span class='ocrx_word' id='word_1_650' title='bbox 206 5326 333 5393; x_wconf 76' lang='grc' dir='ltr'><strong>τῆς</strong></span> <span class='ocrx_word' id='word_1_651' title='bbox 358 5324 749 5391; x_wconf 83' lang='grc' dir='ltr'>ἀναισχυντίας</span> <span class='ocrx_word' id='word_1_652' title='bbox 788 5325 928 5393; x_wconf 90' lang='grc' dir='ltr'><strong>μετά</strong></span> <span class='ocrx_word' id='word_1_653' title='bbox 956 5324 1053 5389; x_wconf 75' lang='grc' dir='ltr'><strong>τὴν</strong></span> <span class='ocrx_word' id='word_1_654' title='bbox 1089 5323 1259 5391; x_wconf 85' lang='grc' dir='ltr'>μέθην</span> <span class='ocrx_word' id='word_1_655' title='bbox 1300 5324 1392 5375; x_wconf 81' lang='grc' dir='ltr'>καὶ</span> <span class='ocrx_word' id='word_1_656' title='bbox 1428 5324 1526 5391; x_wconf 73' lang='grc' dir='ltr'>τὴν</span> <span class='ocrx_word' id='word_1_657' title='bbox 1558 5322 1798 5390; x_wconf 85' lang='grc' dir='ltr'>κραιπά-</span> 
     </span>
    </p>
   </div>
   <div class='ocr_carea' id='block_1_87' title="bbox 1895 3487 3451 3566">
    <p class='ocr_par' dir='ltr' id='par_1_87' title="bbox 1895 3487 3451 3566">
     <span class='ocr_line' id='line_1_87' title="bbox 1895 3487 3451 3566; baseline 0.017 -27"><span class='ocrx_word' id='word_1_658' title='bbox 1895 3487 2187 3554; x_wconf 80' lang='lat' dir='ltr'><strong>ignominia</strong></span> <span class='ocrx_word' id='word_1_659' title='bbox 2205 3500 2258 3543; x_wconf 86' lang='lat' dir='ltr'><strong>et</strong></span> <span class='ocrx_word' id='word_1_660' title='bbox 2275 3495 2589 3551; x_wconf 83' lang='lat' dir='ltr'><strong>verberibus</strong></span> <span class='ocrx_word' id='word_1_661' title='bbox 2612 3500 2901 3553; x_wconf 74' lang='lat' dir='ltr'><strong>amittenda</strong></span> <span class='ocrx_word' id='word_1_662' title='bbox 2913 3519 2960 3555; x_wconf 92' lang='lat' dir='ltr'><strong>m</strong></span> <span class='ocrx_word' id='word_1_663' title='bbox 2986 3504 3171 3566; x_wconf 84' lang='lat' dir='ltr'><strong>vitam,</strong></span> <span class='ocrx_word' id='word_1_664' title='bbox 3196 3509 3239 3561; x_wconf 91' lang='lat' dir='ltr'><strong>si</strong></span> <span class='ocrx_word' id='word_1_665' title='bbox 3257 3510 3451 3565; x_wconf 85' lang='lat' dir='ltr'><strong>deinde</strong></span> 
     </span>
    </p>
   </div>
   <div class='ocr_carea' id='block_1_88' title="bbox 1893 3579 3448 3666">
    <p class='ocr_par' dir='ltr' id='par_1_88' title="bbox 1893 3579 3448 3666">
     <span class='ocr_line' id='line_1_88' title="bbox 1893 3579 3448 3666; baseline 0.015 -35"><span class='ocrx_word' id='word_1_666' title='bbox 1893 3579 2209 3638; x_wconf 83' lang='lat' dir='ltr'><strong>innocentes</strong></span> <span class='ocrx_word' id='word_1_667' title='bbox 2233 3588 2772 3657; x_wconf 85' lang='lat' dir='ltr'><strong>oceidcre,grassari,</strong></span> <span class='ocrx_word' id='word_1_668' title='bbox 2791 3594 3073 3664; x_wconf 85' lang='lat' dir='ltr'><strong>sacrilegia</strong></span> <span class='ocrx_word' id='word_1_669' title='bbox 3094 3601 3448 3666; x_wconf 75' lang='lat' dir='ltr'><strong>COtttllllllel&#39;C,</strong></span> 
     </span>
    </p>
   </div>
   <div class='ocr_carea' id='block_1_89' title="bbox 1894 3673 3450 3759">
    <p class='ocr_par' dir='ltr' id='par_1_89' title="bbox 1894 3673 3450 3759">
     <span class='ocr_line' id='line_1_89' title="bbox 1894 3673 3450 3759; baseline 0.015 -34"><span class='ocrx_word' id='word_1_670' title='bbox 1894 3673 2027 3728; x_wconf 90' lang='lat' dir='ltr'><strong>nihil</strong></span> <span class='ocrx_word' id='word_1_671' title='bbox 2058 3692 2161 3730; x_wconf 91' lang='lat' dir='ltr'><strong>non</strong></span> <span class='ocrx_word' id='word_1_672' title='bbox 2196 3678 2342 3747; x_wconf 91' lang='lat' dir='ltr'><strong>impii</strong></span> <span class='ocrx_word' id='word_1_673' title='bbox 2364 3695 2619 3750; x_wconf 88' lang='lat' dir='ltr'><strong>peragere</strong></span> <span class='ocrx_word' id='word_1_674' title='bbox 2651 3686 2864 3752; x_wconf 83' lang='lat' dir='ltr'><strong>tyranni</strong></span> <span class='ocrx_word' id='word_1_675' title='bbox 2902 3686 3061 3754; x_wconf 85' lang='lat' dir='ltr'><strong>jussu</strong></span> <span class='ocrx_word' id='word_1_676' title='bbox 3102 3706 3272 3759; x_wconf 87' lang='lat' dir='ltr'><strong>usque</strong></span> <span class='ocrx_word' id='word_1_677' title='bbox 3312 3697 3450 3748; x_wconf 79' lang='lat' dir='ltr'><strong>adeo</strong></span> 
     </span>
    </p>
   </div>
   <div class='ocr_carea' id='block_1_90' title="bbox 1892 3772 3453 3842">
    <p class='ocr_par' dir='ltr' id='par_1_90' title="bbox 1892 3772 3453 3842">
     <span class='ocr_line' id='line_1_90' title="bbox 1892 3772 3453 3842; baseline 0.013 -25"><span class='ocrx_word' id='word_1_678' title='bbox 1892 3776 2139 3835; x_wconf 90' lang='lat' dir='ltr'><strong>cogatur,</strong></span> <span class='ocrx_word' id='word_1_679' title='bbox 2173 3778 2230 3822; x_wconf 92' lang='lat' dir='ltr'><strong>ut</strong></span> <span class='ocrx_word' id='word_1_680' title='bbox 2262 3772 2423 3824; x_wconf 88' lang='lat' dir='ltr'><strong>etiam</strong></span> <span class='ocrx_word' id='word_1_681' title='bbox 2476 3773 2713 3842; x_wconf 81' lang='lat' dir='ltr'><strong>gladium</strong></span> <span class='ocrx_word' id='word_1_682' title='bbox 2754 3776 3031 3833; x_wconf 87' lang='lat' dir='ltr'><strong>obvibrari</strong></span> <span class='ocrx_word' id='word_1_683' title='bbox 3075 3782 3175 3834; x_wconf 89' lang='lat' dir='ltr'><strong>sibi</strong></span> <span class='ocrx_word' id='word_1_684' title='bbox 3210 3784 3343 3838; x_wconf 89' lang='lat' dir='ltr'><strong>duas</strong></span> <span class='ocrx_word' id='word_1_685' title='bbox 3382 3788 3453 3838; x_wconf 86' lang='lat' dir='ltr'><strong>ob</strong></span> 
     </span>
    </p>
   </div>
   <div class='ocr_carea' id='block_1_91' title="bbox 1894 3860 3452 3937">
    <p class='ocr_par' dir='ltr' id='par_1_91' title="bbox 1894 3860 3452 3937">
     <span class='ocr_line' id='line_1_91' title="bbox 1894 3860 3452 3937; baseline 0.014 -28"><span class='ocrx_word' id='word_1_686' title='bbox 1894 3870 2089 3911; x_wconf 82' lang='lat' dir='ltr'><strong>causas</strong></span> <span class='ocrx_word' id='word_1_687' title='bbox 2112 3860 2327 3925; x_wconf 86' lang='lat' dir='ltr'><strong>videat,</strong></span> <span class='ocrx_word' id='word_1_688' title='bbox 2369 3862 2450 3915; x_wconf 89' lang='lat' dir='ltr'><strong>vel</strong></span> <span class='ocrx_word' id='word_1_689' title='bbox 2482 3874 2539 3917; x_wconf 91' lang='lat' dir='ltr'><strong>ut</strong></span> <span class='ocrx_word' id='word_1_690' title='bbox 2570 3864 2768 3933; x_wconf 77' lang='lat' dir='ltr'><strong>injuste.</strong></span> <span class='ocrx_word' id='word_1_691' title='bbox 2792 3878 3024 3937; x_wconf 78' lang='lat' dir='ltr'><strong>tyranno</strong></span> <span class='ocrx_word' id='word_1_692' title='bbox 3078 3888 3273 3927; x_wconf 78' lang='lat' dir='ltr'><strong>exesos</strong></span> <span class='ocrx_word' id='word_1_693' title='bbox 3338 3882 3452 3931; x_wconf 86' lang='lat' dir='ltr'><strong>suis</strong></span> 
     </span>
    </p>
   </div>
   <div class='ocr_carea' id='block_1_92' title="bbox 1894 3948 3449 4031">
    <p class='ocr_par' dir='ltr' id='par_1_92' title="bbox 1894 3948 3449 4031">
     <span class='ocr_line' id='line_1_92' title="bbox 1894 3948 3449 4031; baseline 0.013 -32"><span class='ocrx_word' id='word_1_694' title='bbox 1894 3948 2009 4014; x_wconf 87' lang='lat' dir='ltr'><strong>ipse</strong></span> <span class='ocrx_word' id='word_1_695' title='bbox 2040 3952 2288 4005; x_wconf 85' lang='lat' dir='ltr'><strong>manibus</strong></span> <span class='ocrx_word' id='word_1_696' title='bbox 2314 3954 2548 4023; x_wconf 87' lang='lat' dir='ltr'><strong>jugulet,</strong></span> <span class='ocrx_word' id='word_1_697' title='bbox 2576 3957 2870 4025; x_wconf 82' lang='lat' dir='ltr'><strong>Omniaque</strong></span> <span class='ocrx_word' id='word_1_698' title='bbox 2905 3960 3112 4014; x_wconf 85' lang='lat' dir='ltr'><strong>nefaria</strong></span> <span class='ocrx_word' id='word_1_699' title='bbox 3152 3964 3337 4031; x_wconf 83' lang='lat' dir='ltr'><strong>faciat,</strong></span> <span class='ocrx_word' id='word_1_700' title='bbox 3367 3969 3449 4019; x_wconf 69' lang='lat' dir='ltr'><strong>Vel</strong></span> 
     </span>
    </p>
   </div>
   <div class='ocr_carea' id='block_1_93' title="bbox 1896 4040 3451 4119">
    <p class='ocr_par' dir='ltr' id='par_1_93' title="bbox 1896 4040 3451 4119">
     <span class='ocr_line' id='line_1_93' title="bbox 1896 4040 3451 4119; baseline 0.012 -28"><span class='ocrx_word' id='word_1_701' title='bbox 1896 4047 1955 4092; x_wconf 88' lang='lat' dir='ltr'><strong>ut</strong></span> <span class='ocrx_word' id='word_1_702' title='bbox 1984 4040 2264 4109; x_wconf 89' lang='lat' dir='ltr'><strong>ipsiusmet</strong></span> <span class='ocrx_word' id='word_1_703' title='bbox 2313 4046 2576 4112; x_wconf 76' lang='lat' dir='ltr'><strong>sanguine</strong></span> <span class='ocrx_word' id='word_1_704' title='bbox 2604 4048 2816 4115; x_wconf 77' lang='lat' dir='ltr'><strong>gladius</strong></span> <span class='ocrx_word' id='word_1_705' title='bbox 2860 4050 3196 4119; x_wconf 75' lang='lat' dir='ltr'><strong>inquinetur,</strong></span> <span class='ocrx_word' id='word_1_706' title='bbox 3233 4056 3451 4110; x_wconf 81' lang='lat' dir='ltr'><strong>interiit.</strong></span> 
     </span>
    </p>
   </div>
   <div class='ocr_carea' id='block_1_94' title="bbox 1897 4132 3447 4216">
    <p class='ocr_par' dir='ltr' id='par_1_94' title="bbox 1897 4132 3447 4216">
     <span class='ocr_line' id='line_1_94' title="bbox 1897 4132 3447 4216; baseline 0.012 -32"><span class='ocrx_word' id='word_1_707' title='bbox 1897 4132 2011 4199; x_wconf 87' lang='lat' dir='ltr'><strong>ipse</strong></span> <span class='ocrx_word' id='word_1_708' title='bbox 2036 4134 2427 4189; x_wconf 86' lang='lat' dir='ltr'><strong>vehementcra</strong></span> <span class='ocrx_word' id='word_1_709' title='bbox 2450 4139 2596 4192; x_wconf 64' lang='lat' dir='ltr'><strong>caede</strong></span> <span class='ocrx_word' id='word_1_710' title='bbox 2623 4140 2978 4208; x_wconf 87' lang='lat' dir='ltr'><strong>(concedatur</strong></span> <span class='ocrx_word' id='word_1_711' title='bbox 3002 4147 3146 4198; x_wconf 88' lang='lat' dir='ltr'><strong>enim</strong></span> <span class='ocrx_word' id='word_1_712' title='bbox 3173 4148 3274 4202; x_wconf 90' lang='lat' dir='ltr'><strong>hoc</strong></span> <span class='ocrx_word' id='word_1_713' title='bbox 3295 4151 3447 4216; x_wconf 66' lang='lat' dir='ltr'><strong>sane)</strong></span> 
     </span>
    </p>
   </div>
   <div class='ocr_carea' id='block_1_95' title="bbox 1898 4222 3435 4303">
    <p class='ocr_par' dir='ltr' id='par_1_95' title="bbox 1898 4222 3435 4303">
     <span class='ocr_line' id='line_1_95' title="bbox 1898 4222 3435 4303; baseline 0.014 -28"><span class='ocrx_word' id='word_1_714' title='bbox 1898 4222 2206 4290; x_wconf 86' lang='lat' dir='ltr'><strong>abhorreat,</strong></span> <span class='ocrx_word' id='word_1_715' title='bbox 2225 4241 2286 4279; x_wconf 89' lang='lat' dir='ltr'><strong>ac</strong></span> <span class='ocrx_word' id='word_1_716' title='bbox 2314 4228 2481 4281; x_wconf 88' lang='lat' dir='ltr'><strong>nihilo</strong></span> <span class='ocrx_word' id='word_1_717' title='bbox 2505 4231 2685 4286; x_wconf 91' lang='lat' dir='ltr'><strong>minus</strong></span> <span class='ocrx_word' id='word_1_718' title='bbox 2702 4234 2899 4287; x_wconf 71' lang='lat' dir='ltr'><strong>caedem</strong></span> <span class='ocrx_word' id='word_1_719' title='bbox 2918 4239 3241 4303; x_wconf 81' lang='lat' dir='ltr'><strong>committat,</strong></span> <span class='ocrx_word' id='word_1_720' title='bbox 3259 4250 3314 4295; x_wconf 85' lang='lat' dir='ltr'><strong>et</strong></span> <span class='ocrx_word' id='word_1_721' title='bbox 3338 4258 3435 4295; x_wconf 67' lang='lat' dir='ltr'><strong>ma</strong></span> 
     </span>
    </p>
   </div>
   <div class='ocr_carea' id='block_1_96' title="bbox 1897 4316 3449 4400">
    <p class='ocr_par' dir='ltr' id='par_1_96' title="bbox 1897 4316 3449 4400">
     <span class='ocr_line' id='line_1_96' title="bbox 1897 4316 3449 4400; baseline 0.015 -34"><span class='ocrx_word' id='word_1_722' title='bbox 1897 4316 2058 4369; x_wconf 92' lang='lat' dir='ltr'><strong>nibus</strong></span> <span class='ocrx_word' id='word_1_723' title='bbox 2094 4318 2209 4372; x_wconf 88' lang='lat' dir='ltr'><strong>suis</strong></span> <span class='ocrx_word' id='word_1_724' title='bbox 2233 4318 2507 4386; x_wconf 79' lang='lat' dir='ltr'><strong>piaculum</strong></span> <span class='ocrx_word' id='word_1_725' title='bbox 2550 4324 2658 4376; x_wconf 88' lang='lat' dir='ltr'><strong>tale</strong></span> <span class='ocrx_word' id='word_1_726' title='bbox 2714 4337 2954 4396; x_wconf 87' lang='lat' dir='ltr'><strong>peragat,</strong></span> <span class='ocrx_word' id='word_1_727' title='bbox 2986 4344 3094 4395; x_wconf 89' lang='lat' dir='ltr'><strong>quo</strong></span> <span class='ocrx_word' id='word_1_728' title='bbox 3136 4344 3306 4400; x_wconf 85' lang='lat' dir='ltr'><strong>pacto</strong></span> <span class='ocrx_word' id='word_1_729' title='bbox 3341 4351 3449 4389; x_wconf 92' lang='lat' dir='ltr'><strong>non</strong></span> 
     </span>
    </p>
   </div>
   <div class='ocr_carea' id='block_1_97' title="bbox 1898 4407 3451 4489">
    <p class='ocr_par' dir='ltr' id='par_1_97' title="bbox 1898 4407 3451 4489">
     <span class='ocr_line' id='line_1_97' title="bbox 1898 4407 3451 4489; baseline 0.014 -30"><span class='ocrx_word' id='word_1_730' title='bbox 1898 4407 1944 4460; x_wconf 90' lang='lat' dir='ltr'><strong>is</strong></span> <span class='ocrx_word' id='word_1_731' title='bbox 1973 4418 2165 4476; x_wconf 88' lang='lat' dir='ltr'><strong>sponte</strong></span> <span class='ocrx_word' id='word_1_732' title='bbox 2190 4426 2287 4465; x_wconf 90' lang='lat' dir='ltr'><strong>sua</strong></span> <span class='ocrx_word' id='word_1_733' title='bbox 2336 4413 2579 4467; x_wconf 77' lang='lat' dir='ltr'><strong>carnifex</strong></span> <span class='ocrx_word' id='word_1_734' title='bbox 2612 4414 2787 4471; x_wconf 87' lang='lat' dir='ltr'><strong>factus</strong></span> <span class='ocrx_word' id='word_1_735' title='bbox 2818 4418 2938 4472; x_wconf 81' lang='lat' dir='ltr'><strong>est?</strong></span> <span class='ocrx_word' id='word_1_736' title='bbox 2964 4420 3220 4489; x_wconf 77' lang='lat' dir='ltr'><strong>Equidem</strong></span> <span class='ocrx_word' id='word_1_737' title='bbox 3245 4427 3451 4480; x_wconf 84' lang='lat' dir='ltr'><strong>etaliud</strong></span> 
     </span>
    </p>
   </div>
   <div class='ocr_carea' id='block_1_98' title="bbox 1896 4504 3453 4585">
    <p class='ocr_par' dir='ltr' id='par_1_98' title="bbox 1896 4504 3453 4585">
     <span class='ocr_line' id='line_1_98' title="bbox 1896 4504 3453 4585; baseline 0.014 -32"><span class='ocrx_word' id='word_1_738' title='bbox 1896 4504 2201 4567; x_wconf 90' lang='lat' dir='ltr'><strong>exemplum</strong></span> <span class='ocrx_word' id='word_1_739' title='bbox 2253 4505 2444 4558; x_wconf 90' lang='lat' dir='ltr'><strong>audire</strong></span> <span class='ocrx_word' id='word_1_740' title='bbox 2479 4510 2723 4574; x_wconf 89' lang='lat' dir='ltr'><strong>memini,</strong></span> <span class='ocrx_word' id='word_1_741' title='bbox 2773 4512 2916 4579; x_wconf 85' lang='lat' dir='ltr'><strong>quod</strong></span> <span class='ocrx_word' id='word_1_742' title='bbox 2945 4513 3013 4566; x_wconf 90' lang='lat' dir='ltr'><strong>ab</strong></span> <span class='ocrx_word' id='word_1_743' title='bbox 3058 4519 3305 4585; x_wconf 76' lang='lat' dir='ltr'><strong>expisito</strong></span> <span class='ocrx_word' id='word_1_744' title='bbox 3344 4537 3453 4575; x_wconf 86' lang='lat' dir='ltr'><strong>non</strong></span> 
     </span>
    </p>
   </div>
   <div class='ocr_carea' id='block_1_99' title="bbox 1898 4592 3454 4680">
    <p class='ocr_par' dir='ltr' id='par_1_99' title="bbox 1898 4592 3454 4680">
     <span class='ocr_line' id='line_1_99' title="bbox 1898 4592 3454 4680; baseline 0.015 -38"><span class='ocrx_word' id='word_1_745' title='bbox 1898 4592 2125 4645; x_wconf 87' lang='lat' dir='ltr'><strong>multum</strong></span> <span class='ocrx_word' id='word_1_746' title='bbox 2174 4594 2360 4654; x_wconf 83' lang='lat' dir='ltr'><strong>distat.</strong></span> <span class='ocrx_word' id='word_1_747' title='bbox 2402 4606 2716 4666; x_wconf 78' lang='lat' dir='ltr'><strong>extraquam</strong></span> <span class='ocrx_word' id='word_1_748' title='bbox 2774 4604 2921 4669; x_wconf 89' lang='lat' dir='ltr'><strong>quod</strong></span> <span class='ocrx_word' id='word_1_749' title='bbox 2966 4605 3057 4659; x_wconf 89' lang='lat' dir='ltr'><strong>illo</strong></span> <span class='ocrx_word' id='word_1_750' title='bbox 3098 4608 3257 4677; x_wconf 86' lang='lat' dir='ltr'><strong>longe</strong></span> <span class='ocrx_word' id='word_1_751' title='bbox 3303 4613 3454 4680; x_wconf 80' lang='lat' dir='ltr'><strong>pejus</strong></span> 
     </span>
    </p>
   </div>
   <div class='ocr_carea' id='block_1_100' title="bbox 1901 4684 3455 4757">
    <p class='ocr_par' dir='ltr' id='par_1_100' title="bbox 1901 4684 3455 4757">
     <span class='ocr_line' id='line_1_100' title="bbox 1901 4684 3455 4757; baseline 0.014 -24"><span class='ocrx_word' id='word_1_752' title='bbox 1901 4690 2001 4735; x_wconf 92' lang='lat' dir='ltr'><strong>est.</strong></span> <span class='ocrx_word' id='word_1_753' title='bbox 2036 4684 2105 4736; x_wconf 81' lang='lat' dir='ltr'><strong>At</strong></span> <span class='ocrx_word' id='word_1_754' title='bbox 2143 4699 2228 4738; x_wconf 86' lang='lat' dir='ltr'><strong>res</strong></span> <span class='ocrx_word' id='word_1_755' title='bbox 2256 4686 2475 4754; x_wconf 89' lang='lat' dir='ltr'><strong>quidem</strong></span> <span class='ocrx_word' id='word_1_756' title='bbox 2526 4690 2663 4757; x_wconf 69' lang='lat' dir='ltr'><strong>ipsa,</strong></span> <span class='ocrx_word' id='word_1_757' title='bbox 2691 4693 2920 4755; x_wconf 80' lang='lat' dir='ltr'><strong>satscio,</strong></span> <span class='ocrx_word' id='word_1_758' title='bbox 2960 4709 3097 4749; x_wconf 87' lang='lat' dir='ltr'><strong>nova</strong></span> <span class='ocrx_word' id='word_1_759' title='bbox 3128 4708 3180 4751; x_wconf 90' lang='lat' dir='ltr'><strong>et</strong></span> <span class='ocrx_word' id='word_1_760' title='bbox 3213 4700 3455 4755; x_wconf 80' lang='lat' dir='ltr'><strong>insolens</strong></span> 
     </span>
    </p>
   </div>
   <div class='ocr_carea' id='block_1_101' title="bbox 1902 4774 3457 4851">
    <p class='ocr_par' dir='ltr' id='par_1_101' title="bbox 1902 4774 3457 4851">
     <span class='ocr_line' id='line_1_101' title="bbox 1902 4774 3457 4851; baseline 0.016 -28"><span class='ocrx_word' id='word_1_761' title='bbox 1902 4788 2025 4828; x_wconf 83' lang='lat' dir='ltr'><strong>esse</strong></span> <span class='ocrx_word' id='word_1_762' title='bbox 2056 4774 2330 4830; x_wconf 82' lang='lat' dir='ltr'><strong>videbitur</strong></span> <span class='ocrx_word' id='word_1_763' title='bbox 2365 4796 2379 4843; x_wconf 90' lang='lat'><strong>;</strong></span> <span class='ocrx_word' id='word_1_764' title='bbox 2419 4782 2511 4834; x_wconf 67' lang='lat' dir='ltr'><strong>sed</strong></span> <span class='ocrx_word' id='word_1_765' title='bbox 2548 4783 2640 4849; x_wconf 89' lang='lat' dir='ltr'><strong>qui</strong></span> <span class='ocrx_word' id='word_1_766' title='bbox 2677 4798 2793 4835; x_wconf 89' lang='lat' dir='ltr'><strong>eam</strong></span> <span class='ocrx_word' id='word_1_767' title='bbox 2828 4787 3106 4851; x_wconf 80' lang='lat' dir='ltr'><strong>narrabat,</strong></span> <span class='ocrx_word' id='word_1_768' title='bbox 3136 4805 3315 4844; x_wconf 84' lang='lat' dir='ltr'><strong>verant</strong></span> <span class='ocrx_word' id='word_1_769' title='bbox 3336 4810 3457 4847; x_wconf 82' lang='lat' dir='ltr'><strong>esse</strong></span> 
     </span>
    </p>
   </div>
   <div class='ocr_carea' id='block_1_102' title="bbox 1899 4863 3457 4947">
    <p class='ocr_par' dir='ltr' id='par_1_102' title="bbox 1899 4863 3457 4947">
     <span class='ocr_line' id='line_1_102' title="bbox 1899 4863 3457 4947; baseline 0.015 -31"><span class='ocrx_word' id='word_1_770' title='bbox 1899 4875 2213 4921; x_wconf 81' lang='lat' dir='ltr'><strong>constanter</strong></span> <span class='ocrx_word' id='word_1_771' title='bbox 2244 4869 2441 4925; x_wconf 87' lang='lat' dir='ltr'><strong>aiebat.</strong></span> <span class='ocrx_word' id='word_1_772' title='bbox 2465 4871 2760 4935; x_wconf 86' lang='lat' dir='ltr'><strong>Quemdam</strong></span> <span class='ocrx_word' id='word_1_773' title='bbox 2800 4863 2945 4930; x_wconf 77' lang='lat' dir='ltr'><strong>enim</strong></span> <span class='ocrx_word' id='word_1_774' title='bbox 2972 4885 3457 4947; x_wconf 84' lang='lat' dir='ltr'><strong>commemorabat.</strong></span> 
     </span>
    </p>
   </div>
   <div class='ocr_carea' id='block_1_103' title="bbox 1901 4961 3455 5041">
    <p class='ocr_par' dir='ltr' id='par_1_103' title="bbox 1901 4961 3455 5041">
     <span class='ocr_line' id='line_1_103' title="bbox 1901 4961 3455 5041; baseline 0.012 -32"><span class='ocrx_word' id='word_1_775' title='bbox 1901 4972 2153 5010; x_wconf 83' lang='lat' dir='ltr'><strong>exorsum</strong></span> <span class='ocrx_word' id='word_1_776' title='bbox 2178 4961 2245 5013; x_wconf 86' lang='lat' dir='ltr'><strong>ab</strong></span> <span class='ocrx_word' id='word_1_777' title='bbox 2275 4961 2374 5023; x_wconf 90' lang='lat' dir='ltr'><strong>ira,</strong></span> <span class='ocrx_word' id='word_1_778' title='bbox 2412 4965 2686 5031; x_wconf 85' lang='lat' dir='ltr'><strong>cupivisse</strong></span> <span class='ocrx_word' id='word_1_779' title='bbox 2709 4970 3041 5023; x_wconf 87' lang='lat' dir='ltr'><strong>contumelia</strong></span> <span class='ocrx_word' id='word_1_780' title='bbox 3079 4973 3342 5041; x_wconf 81' lang='lat' dir='ltr'><strong>majorem</strong></span> <span class='ocrx_word' id='word_1_781' title='bbox 3398 4992 3455 5028; x_wconf 78' lang='lat' dir='ltr'><strong>St:</strong></span> 
     </span>
    </p>
   </div>
   <div class='ocr_carea' id='block_1_104' title="bbox 1899 5048 3456 5125">
    <p class='ocr_par' dir='ltr' id='par_1_104' title="bbox 1899 5048 3456 5125">
     <span class='ocr_line' id='line_1_104' title="bbox 1899 5048 3456 5125; baseline 0.012 -26"><span class='ocrx_word' id='word_1_782' title='bbox 1899 5048 2074 5100; x_wconf 85' lang='lat' dir='ltr'><strong>virum</strong></span> <span class='ocrx_word' id='word_1_783' title='bbox 2108 5048 2347 5114; x_wconf 83' lang='lat' dir='ltr'><strong>afficere,</strong></span> <span class='ocrx_word' id='word_1_784' title='bbox 2379 5068 2612 5122; x_wconf 88' lang='lat' dir='ltr'><strong>cumque</strong></span> <span class='ocrx_word' id='word_1_785' title='bbox 2634 5056 2732 5108; x_wconf 85' lang='lat' dir='ltr'><strong>viri</strong></span> <span class='ocrx_word' id='word_1_786' title='bbox 2752 5056 3456 5125; x_wconf 81' lang='lat' dir='ltr'><strong>formidareteminen:iam,</strong></span> 
     </span>
    </p>
   </div>
   <div class='ocr_carea' id='block_1_105' title="bbox 1902 5141 3454 5211">
    <p class='ocr_par' dir='ltr' id='par_1_105' title="bbox 1902 5141 3454 5211">
     <span class='ocr_line' id='line_1_105' title="bbox 1902 5141 3454 5211; baseline 0.013 -21"><span class='ocrx_word' id='word_1_787' title='bbox 1902 5154 2007 5191; x_wconf 87' lang='lat' dir='ltr'><strong>non</strong></span> <span class='ocrx_word' id='word_1_788' title='bbox 2056 5141 2105 5193; x_wconf 87' lang='lat' dir='ltr'><strong>id</strong></span> <span class='ocrx_word' id='word_1_789' title='bbox 2146 5157 2338 5195; x_wconf 89' lang='lat' dir='ltr'><strong>ausum</strong></span> <span class='ocrx_word' id='word_1_790' title='bbox 2380 5144 2580 5209; x_wconf 75' lang='lat' dir='ltr'><strong>facere,</strong></span> <span class='ocrx_word' id='word_1_791' title='bbox 2622 5149 2837 5201; x_wconf 88' lang='lat' dir='ltr'><strong>tandem</strong></span> <span class='ocrx_word' id='word_1_792' title='bbox 2884 5150 3157 5207; x_wconf 87' lang='lat' dir='ltr'><strong>invenisse</strong></span> <span class='ocrx_word' id='word_1_793' title='bbox 3192 5161 3454 5211; x_wconf 79' lang='lat' dir='ltr'><strong>rationein</strong></span> 
     </span>
    </p>
   </div>
   <div class='ocr_carea' id='block_1_106' title="bbox 1900 5236 3455 5316">
    <p class='ocr_par' dir='ltr' id='par_1_106' title="bbox 1900 5236 3455 5316">
     <span class='ocr_line' id='line_1_106' title="bbox 1900 5236 3455 5316; baseline 0.015 -37"><span class='ocrx_word' id='word_1_794' title='bbox 1900 5244 2007 5296; x_wconf 90' lang='lat' dir='ltr'><strong>qua</strong></span> <span class='ocrx_word' id='word_1_795' title='bbox 2036 5243 2315 5298; x_wconf 87' lang='lat' dir='ltr'><strong>raperetur</strong></span> <span class='ocrx_word' id='word_1_796' title='bbox 2347 5236 2413 5287; x_wconf 84' lang='lat' dir='ltr'><strong>ad</strong></span> <span class='ocrx_word' id='word_1_797' title='bbox 2449 5236 2713 5289; x_wconf 80' lang='lat' dir='ltr'><strong>insaniam</strong></span> <span class='ocrx_word' id='word_1_798' title='bbox 2758 5241 3140 5298; x_wconf 87' lang='lat' dir='ltr'><strong>etindomitam</strong></span> <span class='ocrx_word' id='word_1_799' title='bbox 3167 5251 3455 5316; x_wconf 83' lang='lat' dir='ltr'><strong>quamdam</strong></span> 
     </span>
    </p>
   </div>
   <div class='ocr_carea' id='block_1_107' title="bbox 1902 5320 3460 5402">
    <p class='ocr_par' dir='ltr' id='par_1_107' title="bbox 1902 5320 3460 5402">
     <span class='ocr_line' id='line_1_107' title="bbox 1902 5320 3460 5402; baseline 0.013 -30"><span class='ocrx_word' id='word_1_800' title='bbox 1902 5320 2179 5375; x_wconf 79' lang='lat' dir='ltr'><strong>ferociam.</strong></span> <span class='ocrx_word' id='word_1_801' title='bbox 2222 5324 2388 5377; x_wconf 85' lang='lat' dir='ltr'><strong>Multo</strong></span> <span class='ocrx_word' id='word_1_802' title='bbox 2435 5329 2579 5380; x_wconf 88' lang='lat' dir='ltr'><strong>enim</strong></span> <span class='ocrx_word' id='word_1_803' title='bbox 2647 5345 2800 5384; x_wconf 88' lang='lat' dir='ltr'><strong>mero</strong></span> <span class='ocrx_word' id='word_1_804' title='bbox 2856 5335 3116 5402; x_wconf 83' lang='lat' dir='ltr'><strong>repletus,</strong></span> <span class='ocrx_word' id='word_1_805' title='bbox 3167 5348 3224 5391; x_wconf 92' lang='lat' dir='ltr'><strong>ut</strong></span> <span class='ocrx_word' id='word_1_806' title='bbox 3264 5345 3460 5394; x_wconf 66' lang='lat' dir='ltr'><strong>mentis</strong></span> 
     </span>
    </p>
   </div>
   <div class='ocr_carea' id='block_1_108' title="bbox 202 5410 1803 5483">
    <p class='ocr_par' dir='ltr' id='par_1_108' title="bbox 202 5410 1803 5483">
     <span class='ocr_line' id='line_1_108' title="bbox 202 5410 1803 5483; baseline -0.004 -16"><span class='ocrx_word' id='word_1_807' title='bbox 202 5419 357 5483; x_wconf 85' lang='grc' dir='ltr'>λην,</span> <span class='ocrx_word' id='word_1_808' title='bbox 382 5412 587 5463; x_wconf 84' lang='grc' dir='ltr'>κλαίων</span> <span class='ocrx_word' id='word_1_809' title='bbox 624 5414 718 5467; x_wconf 73' lang='grc' dir='ltr'>καὶ</span> <span class='ocrx_word' id='word_1_810' title='bbox 766 5411 1050 5481; x_wconf 80' lang='grc' dir='ltr'>οἱμώττων</span> <span class='ocrx_word' id='word_1_811' title='bbox 1080 5413 1344 5481; x_wconf 68' lang='grc' dir='ltr'>ᾐσθάνετο</span> <span class='ocrx_word' id='word_1_812' title='bbox 1373 5411 1556 5471; x_wconf 83' lang='grc' dir='ltr'>κακῶς</span> <span class='ocrx_word' id='word_1_813' title='bbox 1590 5410 1685 5477; x_wconf 79' lang='grc' dir='ltr'>μὲν</span> <span class='ocrx_word' id='word_1_814' title='bbox 1715 5411 1803 5461; x_wconf 83' lang='grc' dir='ltr'><strong>ὃν·</strong></span> 
     </span>
    </p>
   </div>
   <div class='ocr_carea' id='block_1_109' title="bbox 201 5501 1799 5574">
    <p class='ocr_par' dir='ltr' id='par_1_109' title="bbox 201 5501 1799 5574">
     <span class='ocr_line' id='line_1_109' title="bbox 201 5501 1799 5574; baseline -0.004 -16"><span class='ocrx_word' id='word_1_815' title='bbox 201 5523 341 5566; x_wconf 80' lang='grc' dir='ltr'>τως</span> <span class='ocrx_word' id='word_1_816' title='bbox 394 5503 842 5574; x_wconf 77' lang='grc' dir='ltr'>βεὸουλευμένος,</span> <span class='ocrx_word' id='word_1_817' title='bbox 874 5504 1055 5565; x_wconf 88' lang='grc' dir='ltr'>κακῶς</span> <span class='ocrx_word' id='word_1_818' title='bbox 1099 5504 1155 5554; x_wconf 75' lang='grc' dir='ltr'>δὲ</span> <span class='ocrx_word' id='word_1_819' title='bbox 1212 5503 1354 5570; x_wconf 79' lang='grc' dir='ltr'>μάλα</span> <span class='ocrx_word' id='word_1_820' title='bbox 1403 5501 1697 5571; x_wconf 79' lang='grc' dir='ltr'>τολμήσας.</span> <span class='ocrx_word' id='word_1_821' title='bbox 1741 5503 1799 5553; x_wconf 90' lang='grc' dir='ltr'>Ὀ</span> 
     </span>
    </p>
   </div>
   <div class='ocr_carea' id='block_1_110' title="bbox 196 5588 1799 5660">
    <p class='ocr_par' dir='ltr' id='par_1_110' title="bbox 196 5588 1799 5660">
     <span class='ocr_line' id='line_1_110' title="bbox 196 5588 1799 5660; baseline -0.001 -18"><span class='ocrx_word' id='word_1_822' title='bbox 196 5590 365 5660; x_wconf 79' lang='grc' dir='ltr'>γοῦν</span> <span class='ocrx_word' id='word_1_823' title='bbox 417 5588 660 5649; x_wconf 76' lang='grc' dir='ltr'>τοιοῦτος</span> <span class='ocrx_word' id='word_1_824' title='bbox 709 5589 991 5659; x_wconf 73' lang='grc' dir='ltr'>ἄνθρωπος</span> <span class='ocrx_word' id='word_1_825' title='bbox 1035 5591 1135 5642; x_wconf 80' lang='grc' dir='ltr'>οὐκ</span> <span class='ocrx_word' id='word_1_826' title='bbox 1169 5591 1235 5643; x_wconf 86' lang='grc' dir='ltr'><strong>ἀν</strong></span> <span class='ocrx_word' id='word_1_827' title='bbox 1268 5607 1348 5642; x_wconf 82' lang='grc' dir='ltr'><strong>σοι</strong></span> <span class='ocrx_word' id='word_1_828' title='bbox 1379 5591 1506 5660; x_wconf 78' lang='grc' dir='ltr'>δόξῃ</span> <span class='ocrx_word' id='word_1_829' title='bbox 1543 5593 1799 5658; x_wconf 82' lang='grc' dir='ltr'>πάροινος</span> 
     </span>
    </p>
   </div>
   <div class='ocr_carea' id='block_1_111' title="bbox 196 5679 1796 5752">
    <p class='ocr_par' dir='ltr' id='par_1_111' title="bbox 196 5679 1796 5752">
     <span class='ocr_line' id='line_1_111' title="bbox 196 5679 1796 5752; baseline -0.002 -17"><span class='ocrx_word' id='word_1_830' title='bbox 196 5681 404 5741; x_wconf 78' lang='grc' dir='ltr'>εἶναι,</span> <span class='ocrx_word' id='word_1_831' title='bbox 438 5679 586 5731; x_wconf 81' lang='grc' dir='ltr'>τοῦτ’</span> <span class='ocrx_word' id='word_1_832' title='bbox 619 5682 752 5733; x_wconf 83' lang='grc' dir='ltr'>αὐτὸ</span> <span class='ocrx_word' id='word_1_833' title='bbox 803 5680 966 5751; x_wconf 83' lang='grc' dir='ltr'>βουλῇ</span> <span class='ocrx_word' id='word_1_834' title='bbox 1020 5687 1113 5733; x_wconf 75' lang='grc' dir='ltr'>καὶ</span> <span class='ocrx_word' id='word_1_835' title='bbox 1161 5682 1353 5752; x_wconf 78' lang='grc' dir='ltr'>γνώμῃ</span> <span class='ocrx_word' id='word_1_836' title='bbox 1391 5684 1796 5750; x_wconf 74' lang='grc' dir='ltr'>γεγενημένοςς</span> 
     </span>
    </p>
   </div>
   <div class='ocr_carea' id='block_1_112' title="bbox 194 5768 1798 5846">
    <p class='ocr_par' dir='ltr' id='par_1_112' title="bbox 194 5768 1798 5846">
     <span class='ocr_line' id='line_1_112' title="bbox 194 5768 1798 5846; baseline 0 -21"><span class='ocrx_word' id='word_1_837' title='bbox 194 5774 383 5832; x_wconf 67' lang='grc' dir='ltr'>Πάνυ</span> <span class='ocrx_word' id='word_1_838' title='bbox 420 5787 512 5839; x_wconf 87' lang='grc' dir='ltr'><strong>μοι</strong></span> <span class='ocrx_word' id='word_1_839' title='bbox 534 5772 696 5834; x_wconf 85' lang='grc' dir='ltr'>δοκῶ,</span> <span class='ocrx_word' id='word_1_840' title='bbox 726 5776 821 5824; x_wconf 81' lang='grc' dir='ltr'>καὶ</span> <span class='ocrx_word' id='word_1_841' title='bbox 859 5775 1063 5835; x_wconf 83' lang='grc' dir='ltr'>πάντας</span> <span class='ocrx_word' id='word_1_842' title='bbox 1094 5768 1247 5841; x_wconf 80' lang='grc' dir='ltr'>οἶμαι</span> <span class='ocrx_word' id='word_1_843' title='bbox 1273 5774 1563 5825; x_wconf 76' lang='grc' dir='ltr'>συνθέσθαι</span> <span class='ocrx_word' id='word_1_844' title='bbox 1588 5777 1651 5842; x_wconf 83' lang='grc' dir='ltr'>τῇ</span> <span class='ocrx_word' id='word_1_845' title='bbox 1674 5774 1798 5846; x_wconf 80' lang='grc' dir='ltr'>δόξῃ</span> 
     </span>
    </p>
   </div>
   <div class='ocr_carea' id='block_1_113' title="bbox 190 5846 1799 5934">
    <p class='ocr_par' dir='ltr' id='par_1_113' title="bbox 190 5846 1799 5934">
     <span class='ocr_line' id='line_1_113' title="bbox 190 5846 1799 5934; baseline -0.001 -17"><span class='ocrx_word' id='word_1_846' title='bbox 190 5865 434 5933; x_wconf 70' lang='grc' dir='ltr'>ταύτῃ.</span> <span class='ocrx_word' id='word_1_847' title='bbox 456 5864 566 5930; x_wconf 77' lang='grc' dir='ltr'><strong>Ούχ</strong></span> <span class='ocrx_word' id='word_1_848' title='bbox 585 5863 739 5925; x_wconf 76' lang='grc' dir='ltr'>οὗτος</span> <span class='ocrx_word' id='word_1_849' title='bbox 760 5865 813 5916; x_wconf 81' lang='grc' dir='ltr'>δὲ</span> <span class='ocrx_word' id='word_1_850' title='bbox 840 5865 1025 5933; x_wconf 81' lang='grc' dir='ltr'>μόνον,</span> <span class='ocrx_word' id='word_1_851' title='bbox 1046 5846 1222 5933; x_wconf 69' lang='grc' dir='ltr'>οἶμαι,</span> <span class='ocrx_word' id='word_1_852' title='bbox 1244 5868 1269 5916; x_wconf 81' lang='grc' dir='ltr'>ὁ</span> <span class='ocrx_word' id='word_1_853' title='bbox 1295 5865 1569 5932; x_wconf 78' lang='grc' dir='ltr'>προῦργου</span> <span class='ocrx_word' id='word_1_854' title='bbox 1587 5869 1646 5917; x_wconf 79' lang='grc' dir='ltr'>τὸ</span> <span class='ocrx_word' id='word_1_855' title='bbox 1670 5884 1799 5934; x_wconf 86' lang='grc' dir='ltr'>προ-</span> 
     </span>
    </p>
   </div>
   <div class='ocr_carea' id='block_1_114' title="bbox 202 5952 1801 6028">
    <p class='ocr_par' dir='ltr' id='par_1_114' title="bbox 202 5952 1801 6028">
     <span class='ocr_line' id='line_1_114' title="bbox 202 5952 1801 6028; baseline 0.003 -23"><span class='ocrx_word' id='word_1_856' title='bbox 202 5954 550 6027; x_wconf 58' lang='grc' dir='ltr'>πηλακίσαι</span> <span class='ocrx_word' id='word_1_857' title='bbox 586 5957 952 6026; x_wconf 76' lang='grc' dir='ltr'>ποιησάμενος</span> <span class='ocrx_word' id='word_1_858' title='bbox 976 5995 990 6021; x_wconf 93' lang='grc'><strong>,</strong></span> <span class='ocrx_word' id='word_1_859' title='bbox 1045 5952 1141 6009; x_wconf 80' lang='grc' dir='ltr'>εἶτ’</span> <span class='ocrx_word' id='word_1_860' title='bbox 1171 5957 1260 6010; x_wconf 76' lang='grc' dir='ltr'><strong>ἐπὶ</strong></span> <span class='ocrx_word' id='word_1_861' title='bbox 1290 5957 1423 6026; x_wconf 49' lang='lat' dir='ltr'><strong>adies</strong></span> <span class='ocrx_word' id='word_1_862' title='bbox 1471 5960 1801 6028; x_wconf 72' lang='grc' dir='ltr'>μεθυσθῆναι</span> 
     </span>
    </p>
   </div>
   <div class='ocr_carea' id='block_1_115' title="bbox 1902 5412 3456 5485">
    <p class='ocr_par' dir='ltr' id='par_1_115' title="bbox 1902 5412 3456 5485">
     <span class='ocr_line' id='line_1_115' title="bbox 1902 5412 3456 5485; baseline 0.014 -23"><span class='ocrx_word' id='word_1_863' title='bbox 1902 5412 2007 5463; x_wconf 90' lang='lat' dir='ltr'><strong>vim</strong></span> <span class='ocrx_word' id='word_1_864' title='bbox 2042 5416 2313 5479; x_wconf 86' lang='lat' dir='ltr'><strong>perderet.</strong></span> <span class='ocrx_word' id='word_1_865' title='bbox 2347 5425 2510 5485; x_wconf 90' lang='lat' dir='ltr'><strong>atque</strong></span> <span class='ocrx_word' id='word_1_866' title='bbox 2544 5420 2645 5473; x_wconf 92' lang='lat' dir='ltr'><strong>hoc</strong></span> <span class='ocrx_word' id='word_1_867' title='bbox 2689 5423 2846 5475; x_wconf 89' lang='lat' dir='ltr'><strong>modo</strong></span> <span class='ocrx_word' id='word_1_868' title='bbox 2879 5427 2978 5477; x_wconf 89' lang='lat' dir='ltr'><strong>sibi</strong></span> <span class='ocrx_word' id='word_1_869' title='bbox 3004 5429 3323 5483; x_wconf 88' lang='lat' dir='ltr'><strong>conciliaret</strong></span> <span class='ocrx_word' id='word_1_870' title='bbox 3357 5448 3456 5484; x_wconf 82' lang='lat' dir='ltr'><strong>an-</strong></span> 
     </span>
    </p>
   </div>
   <div class='ocr_carea' id='block_1_116' title="bbox 1903 5504 3458 5575">
    <p class='ocr_par' dir='ltr' id='par_1_116' title="bbox 1903 5504 3458 5575">
     <span class='ocr_line' id='line_1_116' title="bbox 1903 5504 3458 5575; baseline 0.012 -19"><span class='ocrx_word' id='word_1_871' title='bbox 1903 5504 2135 5567; x_wconf 85' lang='lat' dir='ltr'><strong>tlaciam,</strong></span> <span class='ocrx_word' id='word_1_872' title='bbox 2156 5522 2264 5573; x_wconf 83' lang='lat' dir='ltr'><strong>quo</strong></span> <span class='ocrx_word' id='word_1_873' title='bbox 2296 5518 2409 5561; x_wconf 90' lang='lat' dir='ltr'><strong>tum</strong></span> <span class='ocrx_word' id='word_1_874' title='bbox 2432 5510 2694 5565; x_wconf 88' lang='lat' dir='ltr'><strong>eminenti</strong></span> <span class='ocrx_word' id='word_1_875' title='bbox 2715 5513 2918 5569; x_wconf 86' lang='lat' dir='ltr'><strong>honore</strong></span> <span class='ocrx_word' id='word_1_876' title='bbox 2954 5518 3071 5571; x_wconf 84' lang='lat' dir='ltr'><strong>viro</strong></span> <span class='ocrx_word' id='word_1_877' title='bbox 3094 5525 3458 5575; x_wconf 71' lang='lat' dir='ltr'><strong>contumelias</strong></span> 
     </span>
    </p>
   </div>
   <div class='ocr_carea' id='block_1_117' title="bbox 1903 5601 3461 5669">
    <p class='ocr_par' dir='ltr' id='par_1_117' title="bbox 1903 5601 3461 5669">
     <span class='ocr_line' id='line_1_117' title="bbox 1903 5601 3461 5669; baseline 0.012 -23"><span class='ocrx_word' id='word_1_878' title='bbox 1903 5606 2233 5665; x_wconf 86' lang='lat' dir='ltr'><strong>aspergeret,</strong></span> <span class='ocrx_word' id='word_1_879' title='bbox 2258 5608 2368 5650; x_wconf 90' lang='lat' dir='ltr'><strong>tum</strong></span> <span class='ocrx_word' id='word_1_880' title='bbox 2392 5601 2576 5669; x_wconf 84' lang='lat' dir='ltr'><strong>eﬂugii</strong></span> <span class='ocrx_word' id='word_1_881' title='bbox 2600 5605 2717 5657; x_wconf 91' lang='lat' dir='ltr'><strong>loco</strong></span> <span class='ocrx_word' id='word_1_882' title='bbox 2740 5606 2961 5661; x_wconf 85' lang='lat' dir='ltr'><strong>haberet</strong></span> <span class='ocrx_word' id='word_1_883' title='bbox 2995 5626 3152 5669; x_wconf 89' lang='lat' dir='ltr'><strong>suum</strong></span> <span class='ocrx_word' id='word_1_884' title='bbox 3181 5614 3325 5665; x_wconf 88' lang='lat' dir='ltr'><strong>illum</strong></span> <span class='ocrx_word' id='word_1_885' title='bbox 3349 5617 3461 5668; x_wconf 73' lang='lat' dir='ltr'><strong>sive</strong></span> 
     </span>
    </p>
   </div>
   <div class='ocr_carea' id='block_1_118' title="bbox 1903 5690 3458 5768">
    <p class='ocr_par' dir='ltr' id='par_1_118' title="bbox 1903 5690 3458 5768">
     <span class='ocr_line' id='line_1_118' title="bbox 1903 5690 3458 5768; baseline 0.012 -29"><span class='ocrx_word' id='word_1_886' title='bbox 1903 5695 2179 5753; x_wconf 87' lang='lat' dir='ltr'><strong>stuporem</strong></span> <span class='ocrx_word' id='word_1_887' title='bbox 2214 5690 2327 5742; x_wconf 85' lang='lat' dir='ltr'><strong>sive</strong></span> <span class='ocrx_word' id='word_1_888' title='bbox 2361 5691 2768 5747; x_wconf 59' lang='lat' dir='ltr'><strong>‘acehationem</strong></span> <span class='ocrx_word' id='word_1_889' title='bbox 2821 5698 2942 5764; x_wconf 88' lang='lat' dir='ltr'><strong>quis</strong></span> <span class='ocrx_word' id='word_1_890' title='bbox 2973 5699 3153 5754; x_wconf 84' lang='lat' dir='ltr'><strong>dicere</strong></span> <span class='ocrx_word' id='word_1_891' title='bbox 3205 5706 3408 5757; x_wconf 88' lang='lat' dir='ltr'><strong>mavult</strong></span> <span class='ocrx_word' id='word_1_892' title='bbox 3445 5725 3458 5768; x_wconf 83' lang='lat'><strong>;</strong></span> 
     </span>
    </p>
   </div>
   <div class='ocr_carea' id='block_1_119' title="bbox 1907 5779 3455 5864">
    <p class='ocr_par' dir='ltr' id='par_1_119' title="bbox 1907 5779 3455 5864">
     <span class='ocr_line' id='line_1_119' title="bbox 1907 5779 3455 5864; baseline 0.015 -38"><span class='ocrx_word' id='word_1_893' title='bbox 1907 5780 2111 5846; x_wconf 82' lang='lat' dir='ltr'><strong>peregit</strong></span> <span class='ocrx_word' id='word_1_894' title='bbox 2160 5779 2426 5848; x_wconf 83' lang='lat' dir='ltr'><strong>intrepide</strong></span> <span class='ocrx_word' id='word_1_895' title='bbox 2460 5786 2602 5849; x_wconf 89' lang='lat' dir='ltr'><strong>quod</strong></span> <span class='ocrx_word' id='word_1_896' title='bbox 2663 5785 2997 5853; x_wconf 84' lang='lat' dir='ltr'><strong>decreverat,</strong></span> <span class='ocrx_word' id='word_1_897' title='bbox 3065 5808 3187 5845; x_wconf 90' lang='lat' dir='ltr'><strong>cum</strong></span> <span class='ocrx_word' id='word_1_898' title='bbox 3239 5797 3455 5864; x_wconf 84' lang='lat' dir='ltr'><strong>quidem</strong></span> 
     </span>
    </p>
   </div>
   <div class='ocr_carea' id='block_1_120' title="bbox 1906 5869 3458 5956">
    <p class='ocr_par' dir='ltr' id='par_1_120' title="bbox 1906 5869 3458 5956">
     <span class='ocr_line' id='line_1_120' title="bbox 1906 5869 3458 5956; baseline 0.012 -36"><span class='ocrx_word' id='word_1_899' title='bbox 1906 5869 2060 5938; x_wconf 75' lang='lat' dir='ltr'><strong>longe</strong></span> <span class='ocrx_word' id='word_1_900' title='bbox 2118 5876 2366 5938; x_wconf 88' lang='lat' dir='ltr'><strong>quemvis</strong></span> <span class='ocrx_word' id='word_1_901' title='bbox 2408 5874 2662 5928; x_wconf 81' lang='lat' dir='ltr'><strong>insanum</strong></span> <span class='ocrx_word' id='word_1_902' title='bbox 2688 5887 2852 5946; x_wconf 89' lang='lat' dir='ltr'><strong>atque</strong></span> <span class='ocrx_word' id='word_1_903' title='bbox 2883 5881 3266 5949; x_wconf 82' lang='lat' dir='ltr'><strong>lymphaticuttt</strong></span> <span class='ocrx_word' id='word_1_904' title='bbox 3297 5902 3458 5956; x_wconf 56' lang='lat' dir='ltr'><strong>supr.</strong></span> 
     </span>
    </p>
   </div>
   <div class='ocr_carea' id='block_1_121' title="bbox 1905 5963 3455 6045">
    <p class='ocr_par' dir='ltr' id='par_1_121' title="bbox 1905 5963 3455 6045">
     <span class='ocr_line' id='line_1_121' title="bbox 1905 5963 3455 6045; baseline 0.014 -28"><span class='ocrx_word' id='word_1_905' title='bbox 1905 5963 2219 6019; x_wconf 76' lang='lat' dir='ltr'><strong>raret.l‘ust</strong></span> <span class='ocrx_word' id='word_1_906' title='bbox 2256 5966 2396 6020; x_wconf 87' lang='lat' dir='ltr'><strong>illam</strong></span> <span class='ocrx_word' id='word_1_907' title='bbox 2447 5968 2821 6025; x_wconf 84' lang='lat' dir='ltr'><strong>temulentiant</strong></span> <span class='ocrx_word' id='word_1_908' title='bbox 2868 5983 2919 6025; x_wconf 91' lang='lat' dir='ltr'><strong>et</strong></span> <span class='ocrx_word' id='word_1_909' title='bbox 2977 5977 3278 6045; x_wconf 77' lang='lat' dir='ltr'><strong>Ct&#39;apttluztt,</strong></span> <span class='ocrx_word' id='word_1_910' title='bbox 3334 5996 3455 6041; x_wconf 78' lang='lat' dir='ltr'><strong>cum</strong></span> 
     </span>
    </p>
   </div>
  </div>
