4748 6512
1244 453 1344 519 431

2397 456 2788 516 MANUELIS
2831 453 3287 540 PAL/EOLOGI.

4371 458 4491 522 1:32

1243 581 1432 636 pugnas
1465 567 1810 634 impudentia:
1853 567 2047 629 lueret,
2096 567 2317 632 plorans
2352 579 2403 620 et
2442 569 2654 621 ululans
2683 585 2804 621 sen-
2835 575 2875 628 Α
2911 571 3113 637 θελήσα

2617 585 2654 621 lS
2683 585 2804 621 sen-
2835 575 2875 628 Α
2911 571 3145 637 θελήσας
3171 587 3185 602 ο
3217 569 3335 622 ἀλλ’
3363 571 3390 621 ὁ
3423 571 3514 620 καὶ
3552 571 3626 638 μὴ
3656 569 3818 622 τοῦτο
3850 569 4192 639 βουλόμενος,
4221 573 4492 634 πολλάκις

1243 661 1410 712 tiebat
1439 659 1639 711 malum
1672 674 1730 712 se
1757 674 1940 711 revera
1973 659 2261 711 consilium
2305 659 2471 710 inisse
2501 673 2597 710 nec
2625 660 2802 711 minus

1245 751 1491 818 improbe
1521 749 1825 803 ferociisse.
1855 749 2000 802 Talis
2027 750 2192 816 igitur
2233 750 2396 801 homo
2424 765 2530 801 non
2579 749 2628 800 in
2679 750 2805 801 vino

1244 840 1339 893 libi
1362 840 1632 892 videbitur
1652 839 2010 891 immodestus
2034 853 2175 901 esse,
2196 853 2317 890 cum
2341 839 2526 889 volens
2547 852 2610 889 ac
2627 838 2806 890 scit-ns

1245 933 1297 983 id
1332 932 1505 983 factus
1538 933 1605 982 sit
1638 931 1658 981 ?
1689 930 1818 982 Mihi
1851 930 2072 996 quidem
2108 945 2335 994 prorsus
2366 931 2436 981 ita
2476 931 2708 989 videtur,
2746 939 2801 980 et

1245 1022 1372 1074 huic
1403 1021 1644 1089 Opinioni
1691 1035 1823 1073 mea:
1849 1024 2121 1073 neminem
2149 1036 2253 1073 non
2278 1037 2628 1074 assensurum
2661 1021 2805 1074 arbi-

1245 1124 1380 1166 tror.
1407 1111 1592 1180 Neque
1635 1123 1843 1165 tantum
1903 1114 2010 1177 hic,
2074 1128 2190 1165 mea
2249 1114 2466 1181 quidem
2507 1113 2804 1175 sententia,

1244 1208 1337 1273 qui
1374 1207 1554 1260 studio
1577 1205 1747 1258 voluit
1787 1206 2042 1273 injuriam
2080 1204 2282 1257 inferre
2313 1205 2492 1267 alteri,
2517 1214 2680 1271 atque
2704 1205 2807 1256 hoc

1249 1297 1417 1351 animi
1442 1299 1719 1366 proposito
1739 1298 1954 1350 sibimet
1974 1295 2260 1348 ebritatem
2283 1311 2381 1350 sua
2406 1305 2598 1364 sponte
2624 1309 2806 1348 arces-

1246 1389 1361 1452 siit,
1395 1404 1580 1440 verum
1603 1389 1764 1439 etiam
1799 1387 1890 1453 qui
1923 1385 2025 1439 hoc
2047 1386 2266 1454 quidem
2301 1402 2405 1438 non
2450 1387 2583 1446 vult,
2607 1385 2804 1452 saepius

1237 1489 1428 1530 tamen
1449 1477 1770 1540 inebriatus,
1799 1484 1960 1541 atque
1992 1487 2113 1542 post
2143 1476 2458 1528 ebrietatem
2487 1475 2656 1526 illatis
2714 1476 2805 1526 in-

1243 1570 1428 1637 jurits,
1458 1583 1582 1620 mox
1615 1582 1826 1632 rursus,
1861 1566 2044 1619 itidem
2076 1574 2135 1619 ut
2167 1577 2316 1628 ante,
2350 1577 2518 1621 semet
2553 1567 2808 1627 inebriat.

1247 1669 1300 1712 et
1331 1657 1653 1711 immodeste
1681 1657 1989 1710 vinolentus
2013 1666 2095 1710 est
2125 1665 2179 1709 et
2213 1657 2476 1710 insolens.
2540 1657 2808 1722 Quamvis

1247 1753 1394 1806 enim
1432 1767 1491 1805 ea
1527 1754 1654 1803 liora
1684 1765 1790 1819 qua
1825 1751 2078 1819 iujuriam
2120 1750 2320 1813 intulit,
2344 1764 2510 1818 prope
2539 1750 2605 1803 de
2634 1759 2812 1818 potes-

1249 1854 1360 1906 tate
1383 1843 1806 1907 exierat,meute
1834 1843 1942 1895 vini
1961 1842 2163 1895 diluvio
2177 1842 2332 1910 quasi
2352 1841 2585 1910 quodam
2612 1840 2805 1894 obruta

1250 1936 1666 2001 submersaque,
1707 1942 1886 1987 tamen
1938 1948 2032 2001 per
2058 1933 2402 1987 occasionem
2452 1932 2809 2000 injuria:,vo-

2908 661 2954 712 δ’
2989 657 3083 713 οὖν
3119 660 3433 729 μεθυσθεὶς,
3474 662 3566 712 καὶ
3602 661 3741 728 μετὰ
3764 660 3864 727 τὴν
3891 661 4061 729 μέθην
4092 662 4337 730 ὑϐρίσας,
4361 661 4495 715 εἶτα

2917 753 3080 805 πάλιν
3112 751 3394 822 χρώμενος
3432 756 3498 820 τῇ
3535 752 3674 822 μέθῃ
3708 751 3962 822 καθάπερ
3994 753 4100 822 πρὸ
4134 754 4252 814 τοῦ,
4283 759 4526 827 πάροι-ι

2914 861 3002 905 νος
3037 843 3101 895 ἆν
3127 844 3210 911 εἴη
3243 843 3339 894 καὶ⁵
3390 843 3675 910 ὑεριστής.
3720 843 3779 893 Ei
3807 845 3914 912 γὰρ
3951 845 4043 894 καὶ
4066 846 4188 895 καθ’
4214 845 4278 913 ἣν
4314 862 4494 912 προε-

2917 934 3216 1004 πηλάκιζον
3248 933 3416 1002 ὤραν,
3455 933 3654 1001 μικροῦ
3703 934 3813 985 δεῖν
3854 936 3959 998 ἔξω
3993 935 4208 1002 φρενῶν
4244 937 4492 1004 ὑπῆρχε,

2912 1024 3382 1085 κατακλυσθέντος
3409 1041 3468 1075 τε
3500 1027 3596 1076 καὶ
3625 1024 3964 1092 ὑποϐρυχίου
3991 1027 4358 1092 γεγενημέιςον
4383 1027 4496 1075 τνιῦ

2913 1118 3005 1169 νοῦ
3044 1116 3120 1185 τῷ
3152 1117 3281 1185 οίνῳ
3306 1133 3320 1147 ·
3369 1117 3505 1168 ἀλλὰ.
3533 1119 3599 1184 τῇ
3649 1117 3923 1184 προφάσει
3961 1117 4302 1185 τῆςῦὁρεως
4340 1118 4497 1168 ἐκὼν

2914 1209 3266 1280 προσέδραμε
3293 1209 3535 1268 πάντως.
3565 1209 3656 1260 καὶ
3695 1210 3787 1259 τὸν
3814 1208 4065 1277 κρατῆρα
4097 1211 4194 1261 καὶ
4225 1210 4322 1277 τὴν
4354 1210 4499 1276 φιά-

2914 1302 3014 1367 λην
3046 1299 3208 1360 αὐτὸς
3257 1299 3549 1365 ἐνέπλησε,
3579 1299 3671 1351 καὶ
3704 1298 3781 1367 τῷ
3827 1300 4059 1367 στόματι
4113 1304 4498 1368 προσενήνοχε

2912 1392 3035 1444 ταῖν
3087 1388 3292 1458 χεροῖν,
3324 1390 3417 1442 καὶ
3475 1389 3654 1453 ἔπιεν,
3687 1391 3750 1442 οὐ
3810 1392 3957 1458 μάλα
3994 1392 4182 1460 διψῶν,
4218 1394 4327 1444 οὶδ⁶
4358 1395 4501 1445 ὅσον

2917 1481 3250 1551 κορεσθέντα
3283 1479 3488 1532 παῦσαι
3517 1480 3617 1546 τὴν
3647 1480 3809 1548 δίψαν
3837 1520 3854 1543 ,
3883 1481 4000 1532 ἀλλ’
4028 1483 4153 1534 ὅσον
4179 1483 4259 1542 είς
4283 1485 4501 1548 μανίαν

2915 1590 2976 1626 τε
3001 1575 3098 1626 καὶ
3131 1573 3488 1640 παραφορὰν.
3524 1570 3706 1622 ἰκανὸν
3738 1571 3937 1634 ἔδοξεν.
3973 1572 4134 1624 Ὥστε
4159 1572 4220 1624 τὸ
4243 1575 4346 1624 πᾶν
4367 1574 4505 1640 εἰρ-

2920 1664 3130 1731 γάσατο
3159 1663 3372 1734 γνώμῃ.
3407 1661 3515 1714 Καὶ
3547 1664 3574 1713 ὁ
3621 1662 3682 1712 τὸ
3718 1661 3941 1732 σπέρμα
3971 1663 4292 1732 παρασχὼν,
4320 1665 4505 1726 αὐτὸς

2916 1753 3025 1806 τῶν
3055 1752 3273 1820 φύντων
3324 1750 3521 1811 αἴτιος.
3577 1750 3806 1804 Πάντων
3836 1753 3943 1821 γὰρ
3974 1753 4112 1821 ὁμοῦ
4143 1753 4251 1804 τῶν
4292 1753 4499 1816 τελῶν,

2917 1845 3148 1897 καὶτῶν
3189 1842 3471 1894 ὲκὸἁσεων
3525 1843 3776 1904 ἁπασῶν,
3810 1843 3904 1895 καὶ
3956 1843 4142 1904 ἁπλῶς
4187 1844 4295 1894 τῶν
4343 1845 4506 1896 ὅλων

2920 1935 3191 2003 περάτων,
3225 1933 3321 1993 τὰς
3375 1933 3547 2000 ἀρχὰς
3597 1935 3693 1986 καὶ
3741 1932 3839 1994 τὰς
3877 1933 4167 1995 ὑποθέσεις
4219 1934 4505 1987 αἰτιατέον

1250 2027 1366 2079 lens
1387 2025 1452 2078 ad
1485 1997 1668 2076 vinum
1699 1997 1959 2086 accurrit,
1993 2031 2048 2074 et
2075 2031 2340 2076 craterem
2386 1997 2548 2090 atque
2567 1997 2883 2090 pateram-8
2916 1997 3121 2093 ἃνέίη.

2625 1997 2883 2075 iteram-B
2916 1997 3121 2093 ἃνέίη.
3157 2025 3219 2076 El
3251 2022 3384 2090 γοῦν
3566 2022 3677 2074 τῶν
3729 2024 3984 2077 ἁπάντων
4025 2027 4054 2077 ὁ
4105 2026 4256 2093 λόγος
4306 2024 4500 2085 οὖτοξ,

1251 2117 1496 2185 implevit
1529 2116 1662 2184 ipse,
1719 2113 2086 2182 manibusque
2121 2113 2365 2168 admovit
2409 2113 2514 2176 ori,
2555 2127 2617 2166 ac
2657 2112 2811 2174 bibit.

1251 2225 1356 2263 non
1381 2208 1534 2261 valde
1558 2209 1769 2269 sitiens,
1794 2221 1894 2259 nec
1919 2214 2184 2273 quantum
2219 2205 2420 2259 satiato
2448 2205 2700 2260 sedandae
2721 2207 2813 2258 siti

2918 2115 3099 2181 πολλῷ
3141 2131 3204 2181 γε
3241 2114 3444 2182 μᾶλλον
3480 2114 3572 2166 ἐπὶ
3618 2115 3728 2166 τῶν
3760 2114 3906 2183 λόγῳ
3938 2116 4337 2184 τετιμημένων.
4373 2115 4503 2166 Καὶ

2919 2206 3091 2258 ταῦτα
3122 2205 3220 2273 μὲν
3250 2205 3382 2275 περὶ
3415 2204 3525 2256 τῶν
3555 2205 3743 2272 σαφῶς
3767 2206 4036 2257 ἑκουσίων
4067 2207 4161 2258 καὶ
4189 2203 4499 2270 ﬁxa-ouium,

1250 2302 1543 2355 sullicciet,
1573 2299 1664 2350 sed
1695 2308 1957 2365 quantum
1987 2298 2051 2349 ad
2081 2297 2348 2349 insaniam
2379 2306 2432 2349 et
2451 2297 2650 2350 mentis
2675 2296 3060 2350 alienationem
3092 2297 3224 2350 satis
3255 2311 3383 2351 esse
3447 2297 3724 2350 videretur
3759 2313 3775 2361 ;
3817 2297 3884 2350 de
3940 2311 4049 2364 quo
4087 2297 4374 2364 colligitur,
4424 2311 4499 2350 es

1251 2392 1702 2450 animisenteutia
1736 2407 1846 2443 rem
1885 2402 2182 2458 peractam.
2251 2388 2343 2444 Sic
2391 2391 2486 2457 qui
2549 2405 2738 2444 semen
2797 2392 3131 2460 suppeditat,
3195 2401 3384 2444 auctor
3414 2400 3495 2444 est
3525 2405 3708 2444 rerum
3748 2391 4111 2445 nascentium.
4150 2389 4278 2441 Nam
4309 2405 4503 2443 causm

1253 2493 1442 2545 ﬁnium
1483 2490 1686 2559 pariter
1721 2488 1986 2549 omnium,
2019 2498 2073 2540 et
2137 2503 2380 2541 omnium
2413 2497 2729 2551 eventuum,
2805 2493 3163 2556 omniumque
3227 2488 3547 2554 simpliciter
3587 2487 4018 2543 estremitatnm.
4048 2487 4111 2539 ad
4147 2488 4416 2555 principia
4443 2499 4501 2541 et

1252 2584 1566 2638 occasiones
1614 2590 1741 2634 sunt
1772 2580 2084 2634 referendae.
2133 2581 2492 2644 Quamobrem
2540 2582 2584 2634 si
2628 2581 2886 2636 omnibus
2921 2585 2971 2635 in
3006 2585 3168 2636 rebus
3197 2583 3310 2634 haec
3341 2581 3549 2634 obtinet
3586 2580 3744 2642 ratio,
3780 2580 3952 2633 multo
3987 2581 4160 2649 magis
4193 2581 4246 2633 in
4281 2584 4502 2635 ornatis

1252 2679 1462 2732 ratione
1518 2676 1692 2728 locum
1717 2674 1898 2726 habet.
1916 2673 1981 2726 Et
2005 2673 2120 2726 haec
2138 2673 2354 2741 quidem
2388 2673 2532 2726 dicta
2589 2683 2753 2726 sunto
2803 2675 2869 2728 de
2899 2675 2966 2729 iis
2996 2660 3118 2743 quae
3175 2674 3466 2728 manifesto
3499 2673 3803 2725 voluntaria
3834 2683 4036 2727 suntet
4063 2673 4460 2727 involuntaria.

1320 2770 1590 2824 Caeterum
1621 2767 1688 2820 de
1711 2783 1817 2819 non
1859 2765 2184 2818 voluntariis
2216 2766 2310 2833 (ita
2339 2765 2581 2832 loquitur
2605 2767 2819 2820 Aristo-

1253 2861 1409 2925 teles,
1453 2858 1544 2928 qui
1577 2857 1656 2912 sic
1678 2857 1973 2925 appellavit
2009 2857 2062 2910 in
2114 2866 2402 2925 utramque
2435 2856 2820 2925 propendentia

1257 2961 1484 3021 partem,
1516 2959 1568 3003 et
1601 2964 1722 3017 quae
1741 2965 1843 3001 non
1863 2948 2090 3000 omnino
2117 2963 2249 3014 pure
2287 2948 2367 2999 vel
2393 2947 2700 3000 voluntaria
2728 2947 2813 3000 vel

1255 3041 1623 3097 iuvoluntaria
1651 3039 1800 3108 sunt)
1835 3041 1936 3092 hoc
1963 3039 2442 3092 dico.Mentionem
2473 3054 2599 3092 vero
2627 3039 2819 3092 faciam

1257 3137 1332 3189 rei
1357 3133 1638 3201 cujusdam
1661 3132 1809 3201 prius
1831 3131 2177 3199 expositae,ad
2198 3128 2607 3182 l'uudamentum
2633 3144 2825 3183 eorum

2994 2768 3129 2836 Περὶ
3160 2768 3216 2819 δέ
3239 2766 3348 2818 τῶν
3384 2767 3483 2836 οὐχ
3513 2766 3774 2817 ἑκουσίων
3803 2764 4228 2834 (Ἀριστοτέλους
4251 2766 4306 2816 δὲ
4337 2766 4503 2818 τοῦτο

2925 2859 3102 2928 φωνήο
3145 2856 3289 2909 οὓτω
3337 2858 3446 2926 γὰρ
3497 2855 3721 2908 ἐκάλεσε
3777 2857 3843 2906 τὰ
3898 2855 4222 2928 ἁμφιῤῥειτῆ
4273 2857 4367 2909 καὶ
4418 2859 4500 2925 μὴ

2925 2953 3208 3013 παντελῶς
3254 2951 3630 3021 καθαρεύοντα
3674 2951 3770 3002 τοῦ
3820 2968 3877 3002 τε
3913 2951 4159 3002 ἑκουσίου
4207 2951 4304 3002 καὶ
4333 2953 4506 3002 ἀκου-

2931 3046 3260 3112 σίου)ἐκεῖνο
3290 3045 3453 3110 λέγω.
3487 3043 3891 3112 Μνησθὴσομαι
3920 3043 3975 3094 δέ
4002 3060 4146 3103 τινος
4168 3043 4275 3092 τῶν
4308 3059 4502 3109 προει-

2928 3138 3178 3206 ρημένων
3208 3139 3287 3200 είς
3319 3137 3577 3190 ὑπόθεσιν
3610 3138 3718 3188 τῶν
3753 3133 4168 3204 ῥηθησομένων.
4210 3134 4363 3185 Ἐπεὶ
4384 3135 4504 3200 γὲρ

1258 3243 1380 3296 qua:
1402 3226 1673 3279 dicentur.
1717 3221 1849 3275 Nam
1874 3224 2000 3289 quia
2031 3222 2180 3290 prius
2205 3221 2336 3284 dixi,
2366 3223 2607 3288 quadam
2665 3221 2823 3275 nobis
2851 3218 2893 3273 C
2927 3227 3097 3296 ἔφθην
3123 3245 3133 3278 ε

2665 3221 2823 3275 nobis
2851 3218 2893 3273 C
2927 3227 3097 3296 ἔφθην
3123 3227 3312 3287 εἰπὼν,
3341 3228 3414 3288 ὡς
3441 3228 3580 3279 κατὰ
3603 3226 3802 3293 γνῶσιν
3834 3227 3928 3278 καὶ
3969 3225 4222 3294 βούλησιν
4264 3223 4501 3290 ἀκριϐῆ,

1255 3335 1317 3372 es
1365 3318 1532 3370 animi
1595 3314 1862 3369 sententia
1923 3314 2309 3379 voluntateque
2356 3321 2617 3364 accurata
2681 3310 2818 3374 ﬁeri,

1255 3412 1499 3479 quaedam
1527 3408 1680 3475 plane
1714 3421 1820 3458 non
1844 3407 1936 3470 ita,
1966 3405 2219 3457 distincte
2241 3405 2306 3457 de
2339 3404 2422 3456 his
2464 3418 2682 3472 quoque
2708 3402 2824 3456 dis-

1257 3489 1561 3555 serendum'
1586 3507 1690 3551 est.
1725 3496 1836 3550 Hoc
1884 3496 2029 3550 enim
2065 3495 2224 3548 modo
2258 3495 2456 3550 clarior
2486 3497 2590 3549 erit
2627 3496 2822 3548 oratio.

1259 3591 1401 3646 Sunt
1428 3605 1557 3660 ergo
1592 3606 1696 3644 non
1727 3604 1919 3657 pauca,
1959 3604 2058 3642 nec
2080 3589 2329 3651 honesta,
2367 3604 2464 3640 nec
2495 3589 2657 3651 bona,
2705 3603 2824 3656 quae

1264 3682 1571 3736 voluntarie
1610 3682 1827 3750 quidem
1853 3680 2006 3744 ﬁunt,
2033 3680 2124 3732 sed
2151 3694 2272 3732 cum
2307 3680 2484 3747 qualia
2505 3689 2684 3733 essent
2717 3693 2822 3732 non

1259 3775 1652 3844 intelligeretur
1683 3789 1698 3837 ;
1724 3773 1825 3824 alia
1855 3788 1982 3824 vero
2030 3772 2164 3822 ﬁunt
2188 3771 2276 3823 illa
2313 3770 2530 3839 quidem
2564 3786 2592 3823 a
2622 3771 2826 3824 sciente

1259 3867 1548 3935 prudente.
1577 3881 1684 3917 non
1729 3874 1910 3916 tamen
1941 3877 2004 3914 es
2033 3862 2203 3914 animi
2233 3877 2331 3931 per
2385 3877 2442 3915 se
2477 3862 2604 3914 moti
2651 3872 2708 3914 ut
2749 3863 2824 3916 ita

1257 3961 1459 4021 dicam,
1503 3941 1782 4026 propoSito
1817 3973 1832 4018 ;
1865 3965 2028 4021 atque
2076 3969 2270 4006 rursus
2305 3954 2419 4006 haec
2451 3954 2700 4006 bifariam
2743 3955 2825 4007 di-

1258 4051 1536 4104 viduntur.
1571 4053 1676 4111 Aut
1721 4047 1863 4098 enim
1913 4060 1942 4097 a
1988 4046 2142 4097 nobis
2209 4045 2344 4114 ipsis
2396 4046 2548 4108 ﬁtmt,
2598 4046 2823 4099 liberam

1261 4151 1580 4211 potestatem
1632 4153 1694 4190 ea
1736 4137 1818 4190 vel
1878 4136 2168 4204 peragendi
2224 4137 2309 4190 vel
2365 4151 2470 4189 non
2529 4137 2821 4204 peragendi

1261 4233 1595 4288 habentibus
1624 4230 1727 4290 -(de
1756 4227 1962 4297 quibus
1979 4228 2084 4280 dici
2108 4242 2212 4278 non
2235 4227 2516 4288 convenit,
2546 4227 2687 4293 quod
2713 4227 2823 4294 iam

1259 4337 1385 4379 ante
1438 4323 1712 4377 declarata
1748 4321 1880 4373 satis
1909 4319 2187 4387 arbitrer),
2214 4328 2309 4370 aut
2355 4319 2694 4375 extrinsecus
2728 4321 2826 4371 im-

1261 4429 1536 4484 ponuntur
1563 4429 1592 4466 a
1619 4425 1967 4482 quocunque.
1996 4424 2092 4477 par
2138 4409 2396 4462 voluntati
2431 4411 2596 4462 robur
2627 4409 2828 4462 haben-

1261 4517 1312 4560 t:
1351 4523 1367 4570 ;
1402 4521 1465 4559 ac
1497 4504 1692 4557 deinde
1746 4508 2130 4570 perpetrantur
2161 4514 2190 4551 a
2245 4501 2423 4564 nobis,
2455 4499 2601 4552 haud
2639 4515 2826 4569 perpe-

2925 3321 3047 3371 τινὰ
3086 3318 3217 3388 παρ’
3247 3318 3404 3388 ἡμῶν
3447 3318 3724 3385 γίγνεται,
3777 3320 3872 3370 καὶ
3913 3320 4072 3384 ἔτερα
4123 3318 4343 3374 πάντως
4400 3320 4503 3383 οὐχ

2925 3407 3117 3470 οὕτως,
3147 3410 3232 3458 δεῖ
3270 3408 3363 3459 καὶ
3393 3409 3550 3460 ταυτὶ
3584 3406 3799 3460 διελεῖν.
3836 3407 4019 3476 Ταύτῃ
4071 3407 4179 3475 γὰρ
4215 3405 4503 3474 συμϐήσεο

2924 3516 3017 3552 ται
3049 3498 3436 3568 καθαρώτερον
3464 3501 3661 3552 εἰπεῖν.
3696 3499 3850 3550 Ἐστι
3883 3500 4059 3549 τοίνυν
4081 3499 4179 3549 οὐκ
4207 3498 4362 3563 ὀλίγα
4389 3499 4503 3548 τῶν

2925 3589 2986 3640 οὐ
3019 3588 3198 3641 καλῶν
3237 3589 3359 3641 οὐδὲ
3391 3589 3612 3654 ἀγαθῶν
3649 3589 3790 3642 κατὰ
3824 3589 4076 3657 βούλησιν
4113 3589 4214 3658 μὲν
4249 3606 4506 3657 πεπραγο

2931 3679 3087 3748 μένα,
3143 3681 3304 3733 ὁποῖα
3360 3679 3404 3730 δ’
3458 3679 3588 3747 ὄντα
3631 3680 3908 3748 τυγχάνει,
3964 3679 4037 3748 μὴ
4090 3681 4499 3748 γινωσκόμενα.

2930 3772 3131 3840 Ἕτερα
3173 3772 3228 3823 δὲ
3274 3769 3538 3838 γινόμενα
3595 3772 3694 3837 μὲν
3742 3775 3800 3824 ὲν
3833 3771 4054 3837 γνώσει,
4101 3772 4162 3822 οὐ
4214 3771 4320 3838 μὴν
4357 3774 4503 3823 κατὰ

2928 3862 3246 3930 προαίρεσιν
3269 3860 3618 3927 αὺθΰρμητον
3644 3860 3788 3912 εἴποι
3807 3877 3889 3922 τις
3914 3861 3999 3912 ἄν.
4020 3862 4123 3911 Καὶ
4140 3860 4311 3911 ταῦτα
4338 3865 4500 3914 πάλων

2925 3953 3177 4018 τέμνεται
3236 3951 3379 4018 δίχα.
3412 3952 3482 4002 Ἢ
3521 3953 3628 4020 γὰρ
3679 3951 3810 4022 παρ’
3844 3950 4000 4018 ἡμῶν
4029 3951 4211 4002 αὑτῶν
4257 3955 4495 4018 γίνεται,

2929 4043 3138 4110 κυρίων
3186 4042 3359 4094 ὄντων
3405 4043 3579 4103 ταῦτα
3615 4046 3857 4110 ποιῆσαι,
3892 4043 3988 4094 καὶ
4031 4043 4128 4111 μὴ.
4175 4045 4305 4111 περὶ
4334 4039 4407 4094 (ἒν
4442 4046 4498 4094 οὐ

2927 4135 3252 4202 γιγνόμενον
3278 4125 3459 4201 λέγειν
3505 4135 3848 4200 (ἀποδέδοται
3884 4137 3993 4205 γὰρ
4043 4137 4271 4196 ἱκανῶς,
4298 4132 4497 4203 οἷμαι)·

2927 4224 2960 4293 ἢ
3000 4223 3234 4293 θύραθεν
3262 4226 3530 4292 ἐπάγεται
3563 4226 3652 4292 ὑφ’
3678 4225 3921 4290 ὁτουοῦν,
3954 4232 4051 4294 τὴν
4081 4229 4236 4295 ἰσχὺν
4263 4230 4499 4295 ἐφάμιλ-

2926 4316 3017 4368 λον
3048 4317 3263 4384 ἔχοντος
3290 4320 3354 4385 τῇ
3387 4316 3660 4386 βουλήσει,
3681 4314 3797 4368 εἶτα
3827 4320 3958 4386 παρ’
3983 4319 4141 4386 ήμῶν
4167 4323 4496 4387 πραττεται,

2926 4409 3025 4460 οὐκ
3056 4410 3120 4460 ἂν
3148 4410 3523 4476 πραττόντων,
3553 4411 3652 4460 οὐκ
3674 4407 3839 4477 οὔσης
3866 4409 3982 4474 βίας
4012 4411 4300 4479 μεγίστης.
4330 4414 4500 4463 Ταυτὶ

2926 4502 2971 4554 δ’
3003 4503 3067 4555 ἂν
3100 4503 3183 4569 είη
3229 4500 3602 4568 μιξοεχούσια,
3636 4501 3683 4551 εἰ
3709 4501 3890 4552 δίδωσί
3929 4519 4015 4563 τις
4056 4504 4203 4569 κάμὲ
4233 4505 4498 4570 ὀνοματο-

1263 4596 1490 4649 traturis
1522 4594 1568 4648 si
1607 4594 1684 4646 vis
1723 4592 1958 4644 maxima
1991 4605 2097 4642 non
2123 4589 2498 4643 adhiberetur.
2533 4589 2657 4643 Haec
2693 4605 2821 4642 vero
2855 4596 2898 4650 ι)
2928 4593 3082 4644 ποιὸν
3111 4608 3135 4643 ε

2623 4605 2657 4643 c
2693 4605 2821 4642 vero
2855 4596 2898 4650 ι)
2928 4593 3082 4644 ποιὸν
3111 4589 3273 4653 εἶναι,
3323 4593 3371 4642 εἰ
3398 4591 3453 4642 δὲ
3494 4589 3674 4656 βούλει
3707 4608 3792 4656 γε,
3845 4593 4240 4658 καινοτομῆσαί
4285 4611 4338 4642 τι
4379 4611 4498 4657 σμι-

1259 4695 1370 4744 sint
1402 4703 1532 4742 sane
1557 4687 1715 4738 mista
1776 4683 2105 4744 voluntaria.
2149 4683 2191 4735 si
2226 4681 2352 4749 quis
2409 4682 2567 4734 nobis
2612 4696 2825 4752 qupque

1262 4777 1535 4831 licentiam
1579 4770 1816 4841 ﬁngendi
1873 4770 2132 4823 vocabula
2176 4771 2464 4837 permittit,
2510 4770 2591 4822 vel
2647 4774 2826 4838 potius

1263 4871 1480 4938 paulum
1512 4866 1642 4935 quid
1690 4865 1740 4917 in
1776 4864 1924 4916 hisce
1991 4862 2268 4914 vocabulis
2323 4860 2636 4913 innovandi.
2695 4858 2827 4912 Nam

1261 4978 1383 5032 qua:
1419 4959 1467 5010 vi
1510 4957 1671 5010 nobis
1702 4955 2076 5022 imponuntur,
2108 4962 2160 5005 et
2189 4967 2217 5004 a
2249 4953 2407 5005 nobis
2441 4953 2633 5005 deinde
2669 4968 2828 5020 pera-

1262 5060 1482 5119 gttllllll',
1517 5048 1674 5102 mista
1690 5061 1822 5100 sane
1843 5043 2070 5106 fuerint,
2097 5058 2160 5095 ac
2195 5060 2300 5096 non
2331 5045 2661 5107 voluntaria,
2688 5046 2830 5096 sicut

1259 5154 1342 5198 est
1365 5144 1595 5204 dictant,
1622 5153 1745 5193 cum
1766 5153 1871 5190 non
1903 5137 1953 5189 in
2021 5136 2336 5188 alterutram
2358 5135 2579 5188 omnino
2605 5145 2830 5202 partem,

1260 5239 1353 5292 scd
1387 5239 1440 5288 in
1490 5245 1785 5300 utramque
1828 5229 2228 5299 propendeant.
2277 5227 2552 5296 Quotquot
2583 5216 2835 5294 ergo“ue-

1260 5340 1534 5395 quaquam
1563 5339 1626 5375 ex
1651 5336 1708 5375 se
1732 5320 1935 5386 aliquid
1960 5318 2206 5377 attulere.
2226 5315 2292 5368 de
2311 5330 2418 5381 quo
2437 5316 2730 5367 necessitas
2755 5316 2833 5366 ιιι-1

1263 5417 1326 5469 ad
1353 5413 1690 5483 patiendum,
1714 5409 1796 5462 vel
1820 5406 2124 5460 faciendum
2149 5404 2362 5472 aliquod
2392 5404 2588 5455 malum
2616 5419 2833 5472 cogens,

1262 5515 1604 5574 sequeretur;
1621 5501 1666 5555 si
1690 5499 1881 5554 deinde
1902 5499 2103 5550 malum
2124 5497 2262 5548 ultro
2284 5496 2575 5563 quodpiam
2598 5495 2759 5547 irruei
2777 5499 2835 5557 it,

1265 5603 1428 5668 idque
1476 5595 1926 5649 violentissimum
1970 5605 2191 5658 prorsus
2223 5604 2544 5654 omnemque
2601 5589 2841 5656 tyranni-

1263 5697 1383 5744 dem
1417 5701 1702 5757 superans,
1730 5685 1945 5752 etquod
1973 5681 2339 5735 calamitatem
2365 5696 2470 5732 non
2492 5689 2840 5730 contemnen-

1263 5787 1387 5835 dam
1430 5782 1684 5839 miuctur,
1715 5793 1775 5830 ac
1802 5777 1985 5832 vitam.
2007 5775 2160 5842 plane
2191 5789 2294 5824 nun
2333 5774 2753 5838 permittentetn,
2785 5781 2842 5821 ut

1267 5874 1517 5944 optabilis
1541 5872 1704 5925 videri
1736 5871 1838 5922 vita
1867 5869 2032 5936 possit
2062 5885 2074 5931 ;
2100 5876 2259 5932 atque
2289 5865 2385 5932 ipsi
2409 5878 2628 5917 causam
2653 5862 2842 5916 aliene

2934 4683 3065 4752 κρὸν
3093 4682 3390 4750 δυνηθῆναι
3444 4682 3577 4750 περὶ
3623 4683 3689 4733 τὰ
3717 4681 3959 4748 ὀνόματα
3983 4681 4180 4732 ταῦτα.
4219 4683 4364 4733 Ὄσα
4402 4687 4500 4750 γὰρ

2931 4772 3063 4840 πρὸς
3112 4771 3232 4838 βίαν
3262 4773 3392 4839 ἡμῖν
3424 4772 3712 4836 ἐπάγεται,
3746 4767 3865 4821 εἶτα
3907 4772 4036 4839 παρ’
4069 4771 4222 4837 ἡμῶν
4263 4775 4500 4840 πράττει

2930 4880 3040 4924 ται,
3076 4864 3240 4930 μικτὰ
3279 4862 3343 4914 ἂν
3374 4863 3457 4930 εἴη
3487 4863 3581 4912 καὶ
3621 4862 3718 4929 οὐχ
3745 4861 3991 4924 ἑκούσια,
4025 4861 4216 4929 ῶσπερ
4245 4866 4502 4930 εἴρηται,

2936 4953 3010 5022 μὴ
3037 4953 3170 5021 πρὸς
3202 4953 3436 5021 θάτερον
3465 4952 3768 5021 ὁλοσχερῶς
3806 4952 3913 5004 τῶν
3957 4953 4156 5021 μερῶν,
4194 4954 4333 5005 ἀλλὰ
4367 4957 4502 5023 πρὸς

2934 5029 3196 5111 ἐκᾶτερον
3224 5043 3323 5111 τὴν
3360 5046 3534 5112 ῥοπὴν
3574 5043 3790 5110 ἔχοντα.
3827 5043 3980 5094 Ὅσοι
4021 5045 4202 5094 τοίνυν
4250 5047 4498 5110 οὐδαμῶς

2937 5137 3261 5203 εἰσήνεγκαν
3293 5153 3344 5186 τι
3399 5135 3530 5202 παρ’
3564 5136 3770 5185 ἑαυτῶν
3803 5134 3940 5203 πρὸς
3997 5136 4056 5185 τὺ
4101 5135 4202 5201 τὴν
4251 5137 4500 5202 ἀνάγκην

2936 5229 3132 5288 ἐλθεῖν,
3177 5226 3345 5296 τὴνῆ
3394 5227 3588 5277 παθεῖν
3629 5227 3847 5286 αὐτοὺς,
3898 5227 3930 5295 ἣ
3986 5225 4190 5293 πρᾶξαί
4231 5243 4284 5276 τι
4336 5230 4500 5278 κακον

2937 5315 3376 5377 ὰναγκὰζουσαν,
3419 5313 3590 5363 ἔπειτ’
3622 5313 3953 5379 αὐτόκλητον
3983 5329 4035 5364 τι
4061 5313 4233 5362 δεινὸν
4255 5314 4498 5374 ἐπέλθοι,

2941 5407 3246 5473 βιαιότατον
3279 5405 3413 5464 ὅλως
3451 5402 3509 5452 ὃν
3541 5403 3633 5452 καὶ
3673 5403 4162 5469 τυραννικώτατον,
4216 5406 4501 5468 συμφοράν

2939 5514 2996 5547 τε
3029 5495 3284 5546 ἀπειλοῦν
3314 5495 3410 5560 οὐχ
3450 5495 3794 5565 ὑπεροπτέαν
3826 5494 4108 5555 δοκοῦσαν,
4140 5494 4172 5559 ἦ
4205 5493 4344 5559 βίον,
4370 5497 4499 5553 ὅλως

2940 5588 3037 5637 οὐκ
3069 5585 3450 5651 ἐπιτρέποντα,
3478 5584 3538 5634 τὸ
3569 5585 3668 5650 ζῇν
3701 5585 3922 5634 εὐκτέον
3957 5583 4234 5652 ἡγεῖσθαι,
4285 5583 4499 5651 ἔχοντες

2944 5677 3036 5727 καὶ
3070 5676 3340 5742 πρόφασιν
3372 5674 3742 5741 προϐαλέσθαι
3786 5673 4071 5742 διόρθωσιν
4101 5674 4203 5723 οῦκ
4246 5673 4499 5741 ἔχουσαν,

2945 5767 3276 5834 συγγνώμης
3325 5783 3387 5828 γε
3443 5767 3542 5833 τῆς
3591 5768 3910 5833 γιγνομένης
3960 5765 4356 5827 ἐπιτεύξονται,
4387 5765 4496 5813 ἔστι

2945 5860 2984 5910 δ’
3021 5861 3105 5910 ὅτε
3162 5861 3251 5910 καὶ
3286 5858 3466 5919 ἐλέους
3495 5857 3772 5920 ἀξιοῦσθαι
3811 5858 4006 5909 δίκαιοι
4031 5874 4041 5886 ’
4080 5856 4246 5925 λέγω,
4280 5856 4496 5908 ἐπειδὰν
