4748 6512
180 447 284 507 433

1579 460 2010 527 ORATIOIIII.

3314 440 3418 527 m.

175 564 235 612 τὸ
270 562 412 631 ὑπὲρ
442 562 648 616 τούτων
682 567 1122 638 παραιτούμενον
1176 574 1318 642 μέγα
1347 570 1403 645 ᾗ,
1430 576 1523 628 καὶ
1558 594 1749 646 μονον·
1776 582 1823 639 Α
1856 579 2050 632 habeat

1558 582 1823 646 μονον-Α
1856 579 2089 632 habeant
2153 594 2252 632 cur
2291 580 2437 633 nulla
2504 580 2575 633 sit
2611 579 2944 645 emendatio,
3013 580 3224 631 veniam
3283 596 3414 633 sane

174 653 297 721 ουχὶ
352 656 550 718 κοινῶς
575 657 832 713 ἁπάντων
861 663 987 731 ἑξῆς
1018 668 1217 735 κρατῇ.
1242 668 1316 719 Τὸ
1349 668 1457 738 γὰρ
1486 669 1580 721 ἕνα
1605 686 1734 731 που,

174 751 269 802 καὶ
300 748 415 813 δύο.
455 753 594 822 ὑπὲρ
621 753 867 819 ἅπαντας
910 759 1165 828 φανῆναι,
1208 764 1270 815 οὐ
1319 766 1465 816 ποιεῖ
1512 765 1734 826 τούτους

177 844 517 910 μεμπτέους.
550 848 625 900 Οὐ
648 849 755 917 γάρ
790 852 817 903 ὁ
849 853 1035 919 φυγὼν
1072 854 1297 923 μυρίους
1324 856 1431 909 τῶν
1461 858 1738 926 πολεμίων

175 932 350 996 sane;
372 935 532 999 εὐθὺς
562 939 887 1007 κριθήσεται
938 943 991 995 εί
1017 962 1099 1007 τις
1131 945 1192 1014 δὴ
1224 948 1476 1001 τεθνάναι
1507 951 1737 1017 κέκρικε

178 1027 284 1093 πρὸ
313 1028 409 1079 τοῦ
448 1032 511 1099 τῇ
561 1035 708 1101 φυγῇ
746 1035 1076 1102 χρήσασθαι.
1121 1040 1372 1093 Δείκνυσι
1408 1041 1463 1094 δὲ
1494 1043 1737 1095 κάκεῖνο.

174 1120 301 1181 Tel;
330 1121 439 1190 γὰρ
473 1124 636 1194 πενίᾳ
680 1127 1045 1193 πιεζομένοις,
1078 1132 1110 1199 ἦ
1142 1148 1248 1183 τινι
1294 1134 1431 1201 νόσςρ
1464 1152 1741 1203 τετρυχω-

181 1211 387 1299 μένοις,
406 1212 546 1266 ὥστε
580 1216 847 1284 μηδαμῶς
870 1221 1132 1274 δύνασθαι
1152 1223 1251 1281 τὰς
1272 1224 1401 1291 γοῦν
1425 1226 1738 1293 ἐφημέρους

174 1306 385 1369 τροφὰς
417 1306 765 1372 πορίζεσθαι,
794 1310 887 1383 ἅτε
922 1313 1008 1363 ’ὢν
1041 1312 1156 1382 βίον
1184 1316 1257 1384 μὴ
1286 1316 1604 1384 δυναμένοις
1632 1317 1740 1370 ἀπὸ

174 1394 284 1443 τῶν
318 1396 521 1462 χειρῶν
556 1400 853 1463 ποιεῖσθαι,
904 1402 970 1454 ἂν
1011 1405 1150 1472 μετὰ
1193 1406 1351 1474 λιμόν
1398 1424 1520 1460 τινα
1560 1408 1741 1475 ὀλίγου

174 1482 288 1534 δεῖν
321 1486 594 1555 ἀφόρητον
639 1492 886 1544 ἐπαιτεῖν
916 1495 1259 1563 ἐπιχειρῶσι.
1312 1500 1606 1567 νεμεσήσει
1640 1500 1742 1568 μὲν

175 1576 357 1638 οὐδεὶς
426 1580 535 1632 τῶν
575 1585 995 1654 σωφρονούντων
1042 1588 1365 1657 ἀνθρώπων,
1414 1591 1747 1659 συναλγήσει

175 1669 225 1721 δὲ
268 1672 363 1723 καὶ
396 1676 506 1736 πᾶς
537 1691 644 1741 τις,
672 1677 727 1738 ὃς
767 1694 829 1744 γε
864 1681 962 1748 τὴν
991 1683 1154 1747 φύσιν
1200 1684 1488 1735 ἐπίσταται
1521 1684 1615 1737 καὶ
1644 1684 1744 1754 τὴν

178 1760 354 1832 τύχην
379 1766 567 1834 κοινὴν
594 1767 760 1821 οὖσαν
787 1770 1120 1839 ἀνθρώποις,
1152 1773 1288 1842 μηδὲ
1316 1775 1491 1828 ἐκεῖνο
1512 1775 1723 1842 ἀγνοῶν

176 1855 254 1916 Ib;
284 1856 399 1909 ἔστι
432 1875 496 1925 γε
523 1860 583 1912 τὸ
620 1860 815 1928 μέλλον
844 1863 1216 1932 ἀτέκμαρτον,
1260 1867 1353 1918 καὶ
1390 1867 1548 1919 τοῦτο
1587 1868 1745 1935 μόνον

180 1949 351 2001 αὐτοῦ
402 1952 595 2019 σαφὲς,
636 1954 698 2006 τὸ
748 1955 925 2009 πάντα
977 1957 1193 2025 μέλλειν
1239 1958 1369 2010 αὐτὸ
1406 1960 1606 2028 κυκᾷν,
1656 1961 1751 2014 καὶ

181 2043 442 2111 στρέφειν
466 2045 580 2098 ἄνω
605 2048 700 2099 καὶ
729 2046 903 2113 κάτω,
929 2049 1127 2118 τροχοῦ
1152 2067 1299 2112 τινος
1332 2049 1509 2120 δίκην.
1539 2051 1612 2104 Ob
1646 2050 1753 2119 μὴν

178 2134 321 2186 ἀλλᾶ
356 2137 451 2187 καὶ
490 2137 583 2190 τὸν
626 2139 683 2190 ὲν
714 2141 1055 2209 νυκτομαχίᾳ
1083 2144 1172 2193 τὸν
1209 2143 1325 2195 υίδν
1356 2142 1754 2197 ἀποκτείναντα

179 2225 281 2294 οὐχ
311 2227 459 2288 ὅπως
480 2226 544 2280 ἄν
568 2244 653 2290 τις
683 2229 968 2296 μισήσειεν
992 2226 1048 2283 εὖ
1076 2232 1312 2299 φρονῶν.
1341 2231 1474 2285 ἀλλά
1507 2233 1598 2284 καὶ
1626 2232 1757 2285 πολ-

179 2314 278 2367 λοῦ
314 2316 496 2378 ἐλέους
547 2318 697 2381 ἄξιον
732 2320 988 2388 ἡγήσαιτ’
1023 2323 1121 2385 ἂν,
1184 2317 1363 2387 οἶμαι.
1417 2324 1526 2376 Καὶ
1579 2325 1627 2375 εί
1676 2324 1756 2377 δεῖ

181 2410 468 2478 συντόμως
492 2413 667 2464 εἰπεῖν
697 2414 824 2483 περὶ
847 2416 1076 2467 τουτωνὶ
1111 2416 1221 2468 τῶν
1245 2416 1754 2485 ἀμφισϐητησίμων

176 2501 623 2570 ἁμαρτημάτων,
661 2504 851 2575 ὥσπερ
879 2506 1144 2575 αἰσχύνης
1178 2508 1271 2559 καὶ
1302 2507 1562 2576 μέμψεως
1607 2509 1755 2561 ἐλευ-

180 2592 382 2663 θεροῦν
414 2596 623 2663 πέφυκε
663 2597 731 2649 τὰ
762 2597 994 2668 ἔναγχος
1021 2602 1156 2668 ἡμῖν
1190 2601 1463 2669 εἰρημένα
1488 2602 1618 2671 περὶ
1656 2601 1750 2654 τοῦ

178 2690 468 2756 ἀκουσίου,
506 2689 650 2742 οὕτω
691 2691 787 2744 καὶ
822 2691 890 2744 τὰ
924 2692 1145 2743 ἐναντία
1193 2692 1253 2744 τὸ
1292 2691 1536 2744 ἐναντίον
1579 2695 1753 2745 ποιεῖν

179 2779 367 2840 εἴωθε,
419 2783 512 2833 καὶ
558 2781 648 2832 τὸν
684 2780 1056 2850 ἐργαζόμενον
1104 2782 1274 2836 ταῦτα
1309 2784 1520 2837 πολλῶν
1563 2783 1754 2837 κακῶν

179 2872 488 2924 ὑπεύθυνον
519 2874 831 2940 ἀποφαίνει.
861 2875 937 2928 Ού
972 2878 1077 2946 μὴν
1119 2877 1232 2929 ἀλλ’
1268 2878 1490 2930 ἐπειδάν
1519 2879 1751 2932 κάκεῖνο

185 2966 397 3032 συμεὶᾓ.
426 2964 648 3018 ἀπεῖναί
682 2983 733 3019 τι
778 2966 885 3019 τῶν
928 2966 1140 3021 ἀθωοῦν
1191 2969 1533 3035 πεφυκότων,
1569 2968 1752 3035 ὀλίγου

179 3058 296 3111 δεῖν
324 3059 383 3110 τὸ
427 3058 601 3125 βίαιον
631 3060 873 3128 ὡσπερεὶ
900 3059 1170 3131 θελήσειας
1193 3063 1584 3133 νομισθήσεται
1608 3081 1622 3096 ο
1662 3081 1750 3116 το-

180 3150 375 3204 σοῦτόν
418 3169 481 3219 γε
499 3155 592 3218 τῆς
637 3152 974 3219 πλάστιγγος
1005 3155 1141 3223 πρὸς
1171 3154 1234 3207 τδ
1267 3155 1536 3217 ἑκούσιον,
1575 3150 1749 3225 οἶμαι,

1846 670 2254 723 convenientem
2289 671 2679 738 impetrabunt,
2717 681 2772 724 et
2812 685 3206 739 nonnunquam
3265 684 3417 721 com-

1847 761 2200 818 miseratione
2234 778 2463 833 quoque
2513 763 2661 831 digni
2712 764 3083 816 censebuntur
3117 778 3131 814 :
3164 774 3302 817 tum.
3338 763 3416 814 in-

1840 867 2024 921 quam,
2055 852 2176 908 cum
2223 855 2366 923 quod
2396 870 2491 908 eos
2552 864 2801 915 excusat,
2838 869 3090 919 magnum
3152 853 3410 921 quiddam

1841 958 1947 1018 est,
1975 956 2295 1014 tantumque
2334 961 2438 999 non
2479 948 2762 1000 universos
2805 953 3050 1013 superat.
3084 944 3213 997 Nam
3244 960 3413 996 ιιιιιιιιι

1838 1037 2001 1100 forte,
2033 1038 2115 1091 vel
2139 1038 2367 1090 alterum
2387 1039 2719 1106 quempiam,
2742 1045 2975 1090 czeteros
2996 1036 3413 1089 antecelluisse:

1844 1130 1897 1183 id
1935 1144 2063 1183 vero
2088 1144 2192 1182 non
2231 1129 2358 1183 facit
2390 1141 2450 1182 ut
2486 1131 2539 1182 hi
2570 1129 3051 1195 reprehensionem
3081 1137 3419 1186 mereantur;

1847 1238 1953 1275 non
1974 1221 2119 1277 enim
2149 1224 2214 1286 is,
2236 1224 2327 1290 qui
2354 1223 2539 1275 hostes
2567 1221 2809 1274 inﬁnitos
2842 1235 3006 1288 prope
3024 1219 3179 1286 fugit.
3210 1219 3419 1270 idcirco

1849 1330 1973 1369 mox
1998 1314 2221 1368 timidus
2251 1314 2561 1377 habebitur,
2592 1312 2735 1380 quod
2770 1314 2911 1366 alius
2942 1312 3064 1380 quis
3090 1311 3221 1363 mori
3253 1310 3420 1361 malu-

1846 1408 1974 1469 erit,
2003 1423 2165 1476 quam
2208 1407 2332 1475 fuga
2367 1407 2468 1460 sibi
2528 1407 2838 1461 consulere.
2888 1404 3091 1457 Probat
3119 1403 3262 1454 idem
3319 1402 3423 1454 hoc

1849 1512 2088 1567 quoque.
2117 1498 2440 1565 Paupertate
2470 1497 2693 1565 pressis,
2727 1506 2819 1551 aut
2846 1498 3039 1549 morbo
3062 1494 3319 1562 quopiam
3345 1495 3424 1546 sic

1849 1589 2081 1651 amictis,
2126 1596 2185 1641 ut
2208 1588 2465 1641 alimenta
2496 1588 2814 1655 quotidiana
2846 1588 2996 1640 nullo
3025 1587 3187 1638 modo
3233 1599 3427 1639 conse-

1852 1681 1946 1749 qui
1983 1680 2211 1749 possint,
2241 1679 2402 1732 veluti
2431 1678 2527 1747 qui
2557 1678 2759 1731 victum
2799 1677 3055 1731 manibus
3085 1676 3201 1730 suis
3229 1688 3425 1742 parare

1856 1780 2156 1841 nequeant,
2192 1771 2237 1825 si
2282 1778 2404 1839 post
2438 1767 2635 1823 famem
2666 1768 3064 1837 propemodum
3105 1767 3426 1819 intolerabi-

1852 1863 1961 1918 lem
1992 1862 2308 1917 mendicare
2358 1869 2650 1924 conentur,
2698 1858 3049 1913 succensebit
3091 1872 3273 1919 nemo,
3328 1857 3421 1922 qui

1856 1955 2112 2010 molestus
2137 1968 2258 2007 esse
2276 1952 2440 2013 volet,
2468 1951 2561 2005 sed
2581 1966 2739 2005 nemo
2763 1965 2869 2003 non
2895 1950 3071 2018 potius
3091 1949 3425 2011 condolebit,

1855 2045 1941 2100 cui
1973 2043 2190 2114 quidem
2215 2041 2327 2110 ipsa
2352 2051 2545 2094 natura
2565 2040 2778 2106 cognita
2797 2038 2887 2099 sit,
2919 2047 2971 2089 et
2992 2037 3304 2088 communis
3330 2033 3420 2086 illa

1856 2150 1976 2190 sors
2008 2134 2321 2188 mortalium
2347 2114 2370 2195 ’;
2406 2133 2614 2199 quique
2667 2143 2766 2182 nec
2819 2128 2955 2181 illud
3014 2128 3245 2195 ignoret,
3303 2138 3425 2177 esse

1856 2225 2167 2282 futurorum
2224 2235 2453 2279 eventus
2478 2224 2762 2282 obscuros,
2796 2220 2961 2288 idque
3018 2220 3193 2272 sohun
3254 2216 3305 2267 in
3346 2229 3430 2266 eis

1855 2318 2202 2390 perspicuum
2262 2326 2317 2370 et
2374 2315 2749 2378 manifestum,
2820 2314 3062 2365 futurum
3126 2319 3176 2362 ut
3242 2306 3423 2358 oinnia

1856 2417 2210 2475 misceantur,
2245 2422 2296 2464 et
2321 2410 2492 2462 instar
2526 2417 2656 2460 rotae
2684 2418 2901 2459 sorsum
2923 2403 3174 2455 deorsum
3202 2400 3428 2450 voltan-

1857 2517 1963 2561 tur.
2007 2505 2148 2572 Quin
2188 2504 2349 2556 etiam
2382 2501 2428 2554 si
2468 2498 2592 2567 quis
2633 2498 2685 2549 in
2741 2496 2924 2564 preelio
2959 2505 3227 2546 nocturno
3258 2489 3424 2543 tilium

1857 2615 2015 2654 suum
2047 2594 2397 2658 interfecerit,
2430 2606 2552 2646 eum
2591 2599 2799 2643 tantum
2837 2588 2990 2640 abest
3039 2597 3096 2637 ιιι
3122 2586 3249 2635 odio
3306 2598 3429 2651 prr-

1856 2698 2116 2761 sequatur
2144 2688 2306 2741 homo
2346 2693 2524 2737 mente
2582 2678 2864 2748 praeditus,
2937 2686 2995 2729 ut
3042 2679 3229 2736 etiam,
3307 2690 3425 2726 mea

1858 2783 2075 2852 quidem
2102 2775 2397 2834 sententia,
2432 2773 2658 2840 dignum
2716 2781 2907 2836 magna
2949 2766 3429 2820 comniisvratione

1856 2879 2097 2928 censeat.
2123 2865 2278 2933 Quod
2311 2864 2356 2919 si
2384 2860 2620 2917 breviter
2645 2856 2854 2927 aliquid
2881 2858 2946 2910 de
2976 2855 3254 2923 ambiguis
3280 2856 3430 2909 hisce

1854 2966 2071 3025 delictis
2096 2974 2180 3020 est
2211 2961 2524 3023 dicendum,
2548 2958 2690 3011 sicut
2718 2956 2786 3009 ab
2831 2952 3131 3024 ignominia
3163 2962 3217 3005 et
3244 2966 3429 3019 repre-

1855 3060 2121 3117 hensione
2152 3058 2383 3111 liberare
2414 3054 2613 3113 solent,
2657 3066 2778 3120 qua:
2806 3049 2966 3117 paulo
3000 3057 3125 3101 ante
3154 3047 3220 3101 de
3272 3047 3425 3098 invo-

1857 3154 2099 3212 luntario
2153 3150 2294 3203 dicta
2332 3156 2461 3201 sunt
2489 3160 2519 3198 a
2552 3143 2731 3206 nobis,
2770 3142 2841 3195 ita
2884 3140 3162 3195 contraria
3213 3153 3433 3206 quoque

182 3248 485 3316 ῥεπούσης,
528 3246 726 3297 ὁπόσον
754 3262 807 3297 τι
857 3245 956 3313 τῆς
999 3244 1256 3312 γνώσεως
1291 3246 1322 3316 ἦ
1355 3248 1453 3315 τῆς
1497 3248 1753 3316 προαιρέ-
1781 3253 2057 3316 C'contrat

1557 3248 1753 3316 ιοαιρέ-
1781 3248 2191 3316 C'contrarium
2226 3243 2405 3297 facere
2433 3246 2860 3299 consueverunt,
2915 3246 2971 3289 et
3025 3241 3432 3303 perpetrantetn

182 3355 329 3400 σεως
384 3337 612 3405 μίξομεν
643 3339 759 3399 τοῖς
788 3336 872 3403 ἐφ’
918 3338 1051 3406 ἡμῖν
1086 3339 1430 3405 πράγμασιν.
1479 3339 1594 3407 Ἐφ’
1630 3340 1756 3392 ὅσον

178 3432 297 3497 γῗερ
327 3430 394 3483 ἂν
421 3432 481 3481 τὸ
518 3429 693 3482 θέλειν
732 3430 827 3482 καὶ
860 3430 918 3483 τὸ
962 3429 1165 3497 γνῶναι
1215 3432 1349 3499 ἡμῖν
1392 3432 1632 3501 παρείη,
1665 3434 1757 3485 ὲπδ⁴

179 3521 449 3573 τοσοῦτον
473 3520 746 3589 παρέσται
775 3521 834 3573 τὸ
865 3521 1104 3574 ἀπολύον
1135 3523 1336 3582 αἰτίας.
1370 3524 1666 3592 Συμὸαίνει
1693 3522 1757 3592 δὴ

179 3613 377 3673 (καλὸν
404 3614 512 3682 γὰρ
540 3606 694 3682 οἶμαι
732 3614 1086 3683 συναγαγεῖν)
1113 3614 1173 3665 τὺ
1203 3616 1300 3683 μὲν
1334 3618 1390 3667 ὲν
1421 3616 1633 3685 γνώμη,
1664 3619 1758 3669 καὶ

182 3704 377 3774 βουλῇ,
414 3707 507 3756 καὶ
539 3705 862 3774 προαιρέσει
912 3707 1262 3774 γιγνόμενον,
1308 3707 1367 3760 οὗ
1403 3711 1497 3761 καὶ
1543 3711 1574 3779 ἡ
1616 3710 1757 3778 ἀρχὴ

180 3797 325 3866 παρ’
350 3796 509 3866 ἡμῶν
540 3798 676 3860 ἐστι,
716 3797 932 3866 καὶτῆς
955 3798 1231 3869 ἡμετέρας
1266 3800 1552 3868 δυνάμεώς
1580 3819 1639 3853 τε
1666 3802 1759 3854 καὶ

178 3889 462 3955 ἔξουσίας,
498 3890 658 3942 τοῦτο
703 3884 849 3943 εἶναι
878 3890 940 3943 τὸ
993 3893 1123 3962 παρ’
1157 3895 1289 3961 ἡμῖν
1325 3894 1573 3946 ἑκούσιον
1604 3897 1759 3963 ἀκρι-

180 3980 320 4042 ϐῶς·
356 3980 418 4031 τὸ
460 3979 514 4031 δὲ
562 3979 682 4031 κατ’
714 3979 941 4047 ἄγνοιαν
986 3981 1231 4050 παντελῆ
1257 4022 1272 4043 ,
1308 3981 1455 4034 τοῦθ’
1493 3983 1760 4051 ὑπάρχειν

180 4070 447 4125 ἀκούσιον
476 4068 760 4138 καθαρῶςο
798 4071 895 4122 καὶ
926 4069 986 4123 τὸ
1031 4070 1133 4139 μὲν
1164 4072 1326 4125 καλόν
1350 4089 1408 4124 τε
1442 4074 1534 4124 καὶ
1559 4075 1760 4141 ἀγαθὸν

180 4157 456 4218 ἑκουσίως
490 4156 835 4225 γιγνόμενον,
864 4156 1024 4209 τοῦτο
1062 4153 1204 4210 εἶναι
1242 4159 1341 4229 τὴν
1367 4162 1599 4229 ἀρετήν·
1626 4162 1685 4213 τὸ
1715 4163 1761 4214 δ’

179 4250 434 4302 ἐναντίον
466 4249 780 4300 παντάπασι
811 4246 889 4317 τῷ
923 4247 1073 4317 καλῷ
1104 4250 1369 4313 ἑκουσίως
1414 4253 1758 4323 γιγνόμενον,

180 4344 352 4397 τοῦτο
383 4338 524 4395 εἶναι
551 4341 652 4410 τὴν
684 4342 906 4396 κακίαν.
950 4338 1058 4392 Καὶ
1101 4340 1337 4394 καθόσον
1371 4344 1468 4412 μὲν
1492 4344 1590 4409 τῆς
1621 4344 1763 4411 γνώ-

182 4451 299 4503 μης
324 4433 389 4485 τὸ
419 4433 813 4502 πεπραγμένον
843 4433 946 4485 οὐκ
993 4433 1132 4497 ἐστι,
1167 4432 1425 4486 τοσοῦτον
1458 4437 1579 4504 μηδ’
1622 4432 1759 4488 εἶναι

179 4530 520 4597 ἁμάρτημα·
563 4525 762 4578 ὁπόσον
786 4524 843 4577 δέ
870 4541 933 4592 γε
970 4526 1172 4595 ταύτης
1206 4526 1346 4586 ἐστὶ,
1377 4526 1634 4578 τοσοῦτον
1665 4526 1757 4579 καὶ

178 4623 471 4683 κολάσεως
501 4618 674 4683 ἀξιον.
706 4619 779 4670 Τὸ
814 4618 924 4687 γὰρ
952 4617 1288 4688 δὴσσμικρὸν
1323 4619 1514 4683 κακὸν,
1564 4620 1757 4690 γνώμῃ

186 4712 686 4783 ῗιαπραττόμενον,
720 4712 864 4782 μέγα
903 4710 993 4775 ἂν,
1044 4711 1271 4773 δικαίως
1321 4713 1663 4782 παρενέγκαι
1695 4716 1758 4783 τῇ

180 4807 436 4863 καθαυτδ
464 4806 736 4875 ποιότητι,
768 4804 862 4856 καὶ
885 4802 954 4856 τά
984 4800 1166 4871 πολλῷ
1199 4804 1423 4873 μεγέθει
1448 4803 1603 4856 τοῦτο
1623 4822 1762 4874 παρ.

174 4900 491 4967 ενεγκὸντα
523 4940 537 4961 ,
589 4897 813 4949 ἐπειδάν
873 4896 1109 4949 ἀκούσια
1169 4896 1322 4947 ταῦτ’
1376 4896 1597 4967 ἐπέλθῃ.
1654 4898 1762 4949 Καὶ

174 4992 403 5062 γίνεταί
435 5008 551 5054 πως
580 4991 661 5045 εἰς
696 4988 956 5058 μέμψεως
986 4987 1145 5056 λόγον
1170 4989 1229 5040 τὸ
1259 4988 1435 5057 βραχὺ
1466 4992 1531 5058 τῇ
1566 5006 1764 5059 προαι-

176 5086 339 5155 ρέσει
389 5084 716 5152 γιγνόμενον
752 5082 923 5134 κακὸν
957 5082 1145 5149 μεῖζον
1183 5082 1304 5148 μεθ’
1334 5082 1467 5149 ὅσης
1521 5082 1760 5151 ὑπερϐο-

173 5178 306 5247 λῆς,
338 5174 435 5227 τοῦ
473 5172 742 5235 ἀκουσίως
776 5175 909 5242 ἡμῖν
945 5172 1369 5243 συμϐαίνοντος,
1406 5172 1509 5224 κᾶν
1540 5175 1622 5225 ὅτι
1662 5175 1760 5242 μὲ-

174 5284 378 5337 γιστον
414 5261 555 5319 εῖναι
593 5265 757 5319 τοῦτο
785 5265 938 5333 δοκῇ.

1860 3360 1923 3398 ea
1962 3342 2148 3396 multis
2178 3337 2335 3390 malis
2376 3334 2677 3387 obnoxium
2712 3330 2956 3384 reddere.
3000 3327 3105 3381 Nec
3135 3343 3244 3379 non
3303 3327 3349 3379 si
3381 3336 3435 3378 et

1861 3438 1989 3493 illud
2068 3430 2423 3493 usnvenerit,
2492 3440 2550 3482 ut
2606 3426 2810 3495 aliquid
2875 3440 3063 3479 eorum
3118 3425 3259 3479 absit
3313 3438 3434 3491 qua:

1860 3529 2132 3584 hominem
2191 3526 2348 3597 culpa
2393 3523 2622 3576 liberare
2674 3520 2871 3582 solent,
2929 3518 3323 3587 propemodum
3380 3518 3432 3569 id

1860 3622 2003 3691 quod
2039 3621 2092 3673 vi
2129 3596 2334 3672 factum
2367 3624 2450 3669 est
2482 3612 2643 3682 quasi
2677 3611 2936 3665 voluntati
2982 3612 3275 3674 tribuetur,
3311 3619 3431 3662 tan-

1862 3708 2100 3765 tumdem
2137 3706 2307 3768 lance,
2349 3713 2407 3757 ut
2435 3702 2693 3761 arbitror,
2727 3700 2792 3753 ad
2853 3700 3221 3754 voluntarium
3279 3700 3436 3754 incli—

1861 3811 2025 3857 nante
2057 3808 2323 3867 quantum
2359 3809 2494 3850 sane
2533 3803 2647 3847 tum
2675 3794 2939 3856 scientiae,
2974 3808 3097 3846 cum
3156 3785 3439 3848 electionis

1861 3892 2028 3949 animi
2056 3892 2218 3945 rebus
2250 3890 2302 3942 in
2339 3895 2522 3942 nostra
2556 3894 2830 3955 potestate
2882 3885 3076 3955 positis
3111 3885 3437 3940 admiscebi-
3472 3886 3477 3889 ’

1864 3997 2005 4035 mus.
2040 3979 2321 4044 Quatenus
2378 3977 2521 4031 enim
2558 3978 2810 4030 voluntas
2834 3983 2887 4029 et
2937 3974 3103 4029 animi
3168 3976 3437 4028 sentent‘a

1864 4075 2021 4127 nobis
2053 4072 2312 4135 adfuerit,
2347 4080 2578 4124 eatenus
2608 4078 2660 4122 et
2692 4068 2949 4121 Iiberatio
2982 4084 3010 4119 ιι
3041 4067 3198 4133 culpa
3232 4068 3430 4121 aderit.

1865 4164 2122 4229 Sequitur
2162 4176 2291 4229 ergo
2321 4161 2469 4230 (nam
2501 4173 2647 4214 reete
2669 4159 2915 4213 facturos
2950 4175 3057 4213 nos
3090 4159 3347 4219 arbitror.
3383 4162 3428 4213 si

1863 4259 2076 4311 tandem
2108 4255 2262 4324 quasi
2291 4255 2608 4322 colligamus
2628 4252 2667 4321 ),
2693 4252 2839 4320 quod
2861 4268 2925 4305 ex
2945 4252 3110 4305 animi
3144 4253 3438 4315 sententia,

1863 4360 1915 4404 et
1949 4351 2244 4410 voluntate,
2284 4356 2332 4400 et
2365 4346 2631 4400 electione
2695 4347 2772 4407 tit,
2800 4342 2956 4408 cujus
3004 4345 3167 4397 etiam
3222 4344 3427 4411 princi-

1862 4444 2011 4513 pium
2045 4443 2095 4493 in
2132 4440 2288 4492 nobis
2321 4448 2424 4499 est,
2463 4448 2774 4505 nostraque
2820 4446 2930 4488 tum
2974 4436 3271 4495 facultatis,
3325 4447 3436 4489 tum

1865 4532 2167 4604 potestatis,
2217 4532 2267 4583 id
2304 4530 2378 4583 uti
2408 4531 2480 4583 sit
2516 4540 2758 4582 nostrum
2801 4528 2930 4581 illud
2961 4538 3225 4582 accurate
3248 4528 3439 4581 volun-

1866 4629 2099 4687 tarium;
2135 4624 2279 4692 quod
2317 4634 2498 4676 autem
2538 4638 2631 4689 per
2660 4622 3059 4691 ignorationem
3111 4637 3358 4690 prorsus,
3387 4623 3436 4673 id

1862 4720 1941 4775 uti
1978 4734 2113 4788 pure
2144 4719 2211 4770 sit
2247 4716 2680 4769 involuntarium
2719 4734 2733 4768 :
2782 4716 2969 4768 itidem
3036 4715 3302 4783 quidquid
3339 4717 3438 4766 ho-

1860 4812 2005 4865 nesti
2034 4818 2087 4861 et
2129 4808 2253 4861 boui
2292 4815 2486 4874 sponte
2521 4809 2633 4867 liat,
2672 4807 2721 4858 td
2756 4806 2831 4869 uti
2886 4810 3082 4859 virtus-
3119 4807 3230 4869 sit;
3292 4808 3437 4873 quod

1861 4910 2037 4954 autem
2078 4907 2274 4965 sponte
2312 4900 2403 4950 tiat
2445 4898 2675 4949 honesto
2705 4898 2880 4949 modis
2913 4895 3170 4950 omnibus
3217 4912 3440 4951 contra—

1862 4993 2025 5055 rium,
2063 4990 2111 5041 id
2146 4988 2220 5042 uti
2258 4989 2327 5041 sit
2379 4988 2586 5041 vitium.
2641 4987 2926 5052 Quatenus
2980 4989 3146 5042 etiam
3200 4989 3249 5042 id
3289 4990 3434 5058 quod

1869 5093 2152 5154 peractum
2177 5091 2257 5134 est
2290 5080 2358 5133 ab
2381 5081 2544 5134 animi
2580 5080 2851 5135 sententia
2888 5080 3191 5149 profectum
3224 5097 3329 5133 non
3368 5084 3439 5133 sit

1870 5186 2172 5229 uteatcnus
2214 5190 2280 5226 ne
2315 5188 2415 5241 pro
2452 5173 2653 5227 delicto
2678 5174 2897 5241 quiletn
2931 5174 3197 5226 habeatur
3228 5193 3241 5237 ;
3304 5191 3439 5243 qua-

1869 5280 2028 5323 tenus
2092 5280 2271 5322 autent
2306 5269 2429 5320 inde
2467 5264 2789 5333 profectum,
2821 5273 3135 5331 ut'eati-nus
3164 5276 3218 5318 ct
3280 5281 3436 5332 poena

174 5365 249 5419 sit
285 5365 537 5431 dignum.
563 5362 772 5429 Quippe
804 5361 1005 5413 malum
1048 5361 1262 5429 aliquol
1307 5360 1587 5427 exiguum,
1613 5362 1755 5429 quod
1797 5379 1859 5417 ex
1892 5367 2057 5418 animi
2084 5366 2351 5419 sententia
2386 5350 2872 5431 peragiturfsatis
2950 5376 3203 5427 magnum
3273 5360 3439 5424 l'neril

189 5467 253 5509 ut
294 5453 560 5522 qualitate
590 5466 687 5506 sua
721 5462 941 5521 superet
973 5452 1135 5506 etiam
1173 5454 1343 5506 multo
1414 5469 1471 5507 se
1508 5452 1714 5522 majora
1760 5458 1950 5511 delicta
2018 5473 2136 5525 qtne
2200 5465 2393 5525 praeter
2452 5454 2785 5507 voluntatem
2840 5455 3115 5508 eveniunt.
3178 5457 3435 5525 A'deoque

176 5545 444 5613 's‘ittlpt'l‘li
482 5544 712 5609 ratione,
745 5543 1000 5614 pusillum
1043 5546 1244 5599 malum
1310 5560 1404 5615 per
1425 5545 1744 5601 electionem
1796 5551 1963 5603 animi
1996 5550 2318 5615 admissum,
2351 5550 2636 5616 insigniter
2662 5549 2837 5618 majus
2860 5546 3093 5602 efficitur
3153 5566 3219 5602 eo
3284 5552 3428 5617 quod

180 5650 390 5711 pra-ter
444 5636 774 5691 voluntatem
854 5636 1011 5690 nobis
1073 5638 1291 5703 accidit,
1349 5638 1562 5705 etiamsi
1619 5641 1719 5693 hoc
1759 5642 1933 5712 ipsum
1965 5659 2084 5697 esse
2146 5644 2440 5694 maximum
2483 5641 2754 5694 videatur.

258 5735 431 5785 Ὥστε
459 5733 501 5781 τ’
548 5732 655 5781 *ἓν
683 5731 749 5782 ἐκ
770 5731 868 5800 τῆς
893 5732 1287 5798 προαιρέσεως,
1321 5731 1570 5801 καθάπερ
1598 5733 1757 5802 ἐξαρ-
1936 5738 2133 5801 Quanti;

1558 5733 1757 5802 >ὲξαρ-
1936 5737 2303 5801 Quamobrem
2333 5745 2439 5787 tota
2474 5749 2562 5788 res
2611 5737 2679 5786 ab
2740 5735 3009 5789 electione
3063 5750 3124 5788 ac
3183 5736 3433 5791 instituto

1863 5828 2025 5881 animi
2072 5828 2289 5895 pendet,
2325 5826 2471 5879 velut
2507 5840 2535 5878 ιι
2573 5827 2732 5880 nobis
2763 5826 2829 5880 ab
2880 5826 3034 5880 initio
3075 5826 3283 5881 dictum
3311 5840 3428 5885 est:

1858 5921 2057 5991 quique
2084 5920 2255 5975 malus
2283 5925 2362 5974 cst
2410 5934 2508 5975 nec
2542 5928 2757 5987 natura,
2799 5934 2897 5975 nec
2953 5920 3293 5976 extrinsecus
3346 5932 3429 5975 est

176 5833 284 5898 χῆς
343 5826 474 5893 ἡμῖν
513 5825 747 5893 εῖρηται’
796 5829 892 5879 καὶ
943 5828 968 5877 ό
1022 5825 1185 5884 κακὸς
1238 5823 1360 5877 οὔτε
1421 5828 1481 5878 ὲκ
1515 5825 1752 5894 quidam;

175 5920 309 5971 (οὔτε
349 5916 570 5981 ἔξωθεν,
600 5918 712 5969 ἀλλ’
750 5916 929 5986 ἑαυτῷ
962 5917 1152 5981 αἴτιος.
1198 5922 1351 5973 Δυοῖν
1386 5920 1490 5990 γὰρ
1523 5918 1754 5988 θάτερον
