  <div class='ocr_page' id='page_1' title='image "/cluster/home/n/w/nwhite01/storage/ocr_20150623/156/nnc1.0046980911/222.png"; bbox 0 0 4748 6512; ppageno 0'>
   <div class='ocr_carea' id='block_1_1' title="bbox 191 472 294 536">
    <p class='ocr_par' dir='ltr' id='par_1_1' title="bbox 191 472 294 536">
     <span class='ocr_line' id='line_1_1' title="bbox 191 472 294 536; baseline -0.01 0"><span class='ocrx_word' id='word_1_1' title='bbox 191 472 294 536; x_wconf 69' lang='grc' dir='ltr'><strong>ἱῖΠ</strong></span> 
     </span>
    </p>
   </div>
   <div class='ocr_carea' id='block_1_2' title="bbox 1583 474 2023 541">
    <p class='ocr_par' dir='ltr' id='par_1_2' title="bbox 1583 474 2023 541">
     <span class='ocr_line' id='line_1_2' title="bbox 1583 474 2023 541; baseline 0.011 -7"><span class='ocrx_word' id='word_1_2' title='bbox 1583 474 1864 535; x_wconf 80' lang='lat' dir='ltr'>ORATIO</span> <span class='ocrx_word' id='word_1_3' title='bbox 1908 476 2023 541; x_wconf 80' lang='lat' dir='ltr'><strong>nr.</strong></span> 
     </span>
    </p>
   </div>
   <div class='ocr_carea' id='block_1_3' title="bbox 3319 467 3422 530">
    <p class='ocr_par' dir='ltr' id='par_1_3' title="bbox 3319 467 3422 530">
     <span class='ocr_line' id='line_1_3' title="bbox 3319 467 3422 530; baseline -0.058 1"><span class='ocrx_word' id='word_1_4' title='bbox 3319 467 3422 530; x_wconf 64' lang='lat' dir='ltr'><strong>43R</strong></span> 
     </span>
    </p>
   </div>
   <div class='ocr_carea' id='block_1_4' title="bbox 188 578 2063 656">
    <p class='ocr_par' dir='ltr' id='par_1_4' title="bbox 188 579 2051 656">
     <span class='ocr_line' id='line_1_4' title="bbox 188 579 2051 656; baseline -0.002 -16"><span class='ocrx_word' id='word_1_5' title='bbox 188 585 548 656; x_wconf 74' lang='grc' dir='ltr'>ἁλισκόμεθα,</span> <span class='ocrx_word' id='word_1_6' title='bbox 568 586 647 647; x_wconf 77' lang='grc' dir='ltr'><strong>είς</strong></span> <span class='ocrx_word' id='word_1_7' title='bbox 684 579 985 655; x_wconf 71' lang='grc' dir='ltr'>προῦπτον,</span> <span class='ocrx_word' id='word_1_8' title='bbox 1016 586 1089 647; x_wconf 80' lang='grc' dir='ltr'>ὣς</span> <span class='ocrx_word' id='word_1_9' title='bbox 1115 585 1314 650; x_wconf 81' lang='grc' dir='ltr'>εἰπεῖν,</span> <span class='ocrx_word' id='word_1_10' title='bbox 1337 585 1586 640; x_wconf 88' lang='grc' dir='ltr'>κίνδυνον</span> <span class='ocrx_word' id='word_1_11' title='bbox 1606 588 1756 655; x_wconf 77' lang='grc' dir='ltr'>ἡμᾶς</span> <span class='ocrx_word' id='word_1_12' title='bbox 1787 590 1831 645; x_wconf 77' lang='grc' dir='ltr'><strong>Δ</strong></span> <span class='ocrx_word' id='word_1_13' title='bbox 1861 600 2051 640; x_wconf 86' lang='lat' dir='ltr'><strong>omnes</strong></span> 
     </span>
    </p>
   </div>
   <div class='ocr_carea' id='block_1_5' title="bbox 1545 578 3420 656">
    <p class='ocr_par' dir='ltr' id='par_1_5' title="bbox 1545 578 3420 655">
     <span class='ocr_line' id='line_1_5' title="bbox 1545 578 3420 655; baseline -0.002 -16"><span class='ocrx_word' id='word_1_14' title='bbox 1545 604 1586 639; x_wconf 75' lang='grc' dir='ltr'><strong>ιν</strong></span> <span class='ocrx_word' id='word_1_15' title='bbox 1606 588 1756 655; x_wconf 78' lang='grc' dir='ltr'>ἡμᾶς</span> <span class='ocrx_word' id='word_1_16' title='bbox 1787 590 1831 645; x_wconf 75' lang='grc' dir='ltr'>Α</span> <span class='ocrx_word' id='word_1_17' title='bbox 1861 600 2051 640; x_wconf 86' lang='lat' dir='ltr'><strong>omnes</strong></span> <span class='ocrx_word' id='word_1_18' title='bbox 2093 586 2276 640; x_wconf 81' lang='lat' dir='ltr'><strong>omnia</strong></span> <span class='ocrx_word' id='word_1_19' title='bbox 2310 584 2448 639; x_wconf 85' lang='lat' dir='ltr'><strong>mala</strong></span> <span class='ocrx_word' id='word_1_20' title='bbox 2486 589 2889 652; x_wconf 86' lang='lat' dir='ltr'><strong>perpetrantcs,</strong></span> <span class='ocrx_word' id='word_1_21' title='bbox 2942 580 3008 635; x_wconf 87' lang='lat' dir='ltr'><strong>ab</strong></span> <span class='ocrx_word' id='word_1_22' title='bbox 3057 596 3204 635; x_wconf 78' lang='lat' dir='ltr'><strong>omni</strong></span> <span class='ocrx_word' id='word_1_23' title='bbox 3241 578 3420 647; x_wconf 85' lang='lat' dir='ltr'><strong>culpa.</strong></span> 
     </span>
    </p>
   </div>
   <div class='ocr_carea' id='block_1_6' title="bbox 188 678 1745 748">
    <p class='ocr_par' dir='ltr' id='par_1_6' title="bbox 188 678 1745 748">
     <span class='ocr_line' id='line_1_6' title="bbox 188 678 1745 748; baseline -0.001 -18"><span class='ocrx_word' id='word_1_24' title='bbox 188 681 391 742; x_wconf 72' lang='grc' dir='ltr'>αὐτοὺς</span> <span class='ocrx_word' id='word_1_25' title='bbox 449 679 793 739; x_wconf 86' lang='grc' dir='ltr'>ἐκδιδόντες,</span> <span class='ocrx_word' id='word_1_26' title='bbox 831 679 1013 730; x_wconf 80' lang='grc' dir='ltr'>ἐκεῖνα</span> <span class='ocrx_word' id='word_1_27' title='bbox 1065 678 1340 747; x_wconf 88' lang='grc' dir='ltr'>δήπουθεν</span> <span class='ocrx_word' id='word_1_28' title='bbox 1392 679 1745 748; x_wconf 80' lang='grc' dir='ltr'>πράττοντες,</span> 
     </span>
    </p>
   </div>
   <div class='ocr_carea' id='block_1_7' title="bbox 188 769 1753 845">
    <p class='ocr_par' dir='ltr' id='par_1_7' title="bbox 188 769 1753 845">
     <span class='ocr_line' id='line_1_7' title="bbox 188 769 1753 845; baseline 0.001 -20"><span class='ocrx_word' id='word_1_29' title='bbox 188 774 332 840; x_wconf 67' lang='grc' dir='ltr'>ἅπερ</span> <span class='ocrx_word' id='word_1_30' title='bbox 371 776 419 825; x_wconf 91' lang='grc' dir='ltr'>εἱ</span> <span class='ocrx_word' id='word_1_31' title='bbox 456 769 600 843; x_wconf 80' lang='grc' dir='ltr'>ἦμεν</span> <span class='ocrx_word' id='word_1_32' title='bbox 633 773 907 841; x_wconf 83' lang='grc' dir='ltr'>ἐλεύθεροι</span> <span class='ocrx_word' id='word_1_33' title='bbox 955 773 1066 826; x_wconf 76' lang='grc' dir='ltr'><strong>¹τῶν</strong></span> <span class='ocrx_word' id='word_1_34' title='bbox 1095 773 1198 845; x_wconf 72' lang='grc' dir='ltr'><strong>ἤδη</strong></span> <span class='ocrx_word' id='word_1_35' title='bbox 1242 774 1594 844; x_wconf 81' lang='grc' dir='ltr'><strong>κρατούντων</strong></span> <span class='ocrx_word' id='word_1_36' title='bbox 1648 790 1753 826; x_wconf 82' lang='grc' dir='ltr'>πα-</span> 
     </span>
    </p>
   </div>
   <div class='ocr_carea' id='block_1_8' title="bbox 188 861 1753 935">
    <p class='ocr_par' dir='ltr' id='par_1_8' title="bbox 188 861 1753 935">
     <span class='ocr_line' id='line_1_8' title="bbox 188 861 1753 935; baseline 0.003 -22"><span class='ocrx_word' id='word_1_37' title='bbox 188 863 317 925; x_wconf 81' lang='grc' dir='ltr'>θῶν,</span> <span class='ocrx_word' id='word_1_38' title='bbox 342 863 691 932; x_wconf 71' lang='grc' dir='ltr'>ᾐσχυνόμεθα</span> <span class='ocrx_word' id='word_1_39' title='bbox 745 861 812 916; x_wconf 81' lang='grc' dir='ltr'>ἂν</span> <span class='ocrx_word' id='word_1_40' title='bbox 862 862 1112 918; x_wconf 84' lang='grc' dir='ltr'>ἀκοῦσαι,</span> <span class='ocrx_word' id='word_1_41' title='bbox 1171 864 1253 918; x_wconf 77' lang='grc' dir='ltr'><strong>Τὰ</strong></span> <span class='ocrx_word' id='word_1_42' title='bbox 1296 864 1403 935; x_wconf 74' lang='grc' dir='ltr'><strong>γὰρ</strong></span> <span class='ocrx_word' id='word_1_43' title='bbox 1445 865 1753 933; x_wconf 83' lang='grc' dir='ltr'>κουφότερα</span> 
     </span>
    </p>
   </div>
   <div class='ocr_carea' id='block_1_9' title="bbox 188 955 1749 1026">
    <p class='ocr_par' dir='ltr' id='par_1_9' title="bbox 188 955 1749 1026">
     <span class='ocr_line' id='line_1_9' title="bbox 188 955 1749 1026; baseline 0.001 -21"><span class='ocrx_word' id='word_1_44' title='bbox 188 955 451 1007; x_wconf 77' lang='grc' dir='ltr'>δοκοῦντα</span> <span class='ocrx_word' id='word_1_45' title='bbox 482 955 591 1007; x_wconf 89' lang='grc' dir='ltr'><strong>τῶν</strong></span> <span class='ocrx_word' id='word_1_46' title='bbox 640 956 860 1023; x_wconf 78' lang='grc' dir='ltr'><strong>φαύλων</strong></span> <span class='ocrx_word' id='word_1_47' title='bbox 892 955 1070 1024; x_wconf 69' lang='grc' dir='ltr'>ἔργων</span> <span class='ocrx_word' id='word_1_48' title='bbox 1124 956 1367 1025; x_wconf 76' lang='grc' dir='ltr'><strong>εὐχερῶς</strong></span> <span class='ocrx_word' id='word_1_49' title='bbox 1417 957 1749 1026; x_wconf 79' lang='grc' dir='ltr'><strong>πράττομεν,</strong></span> 
     </span>
    </p>
   </div>
   <div class='ocr_carea' id='block_1_10' title="bbox 192 1045 1754 1118">
    <p class='ocr_par' dir='ltr' id='par_1_10' title="bbox 192 1045 1754 1118">
     <span class='ocr_line' id='line_1_10' title="bbox 192 1045 1754 1118; baseline 0.004 -25"><span class='ocrx_word' id='word_1_50' title='bbox 192 1045 556 1114; x_wconf 71' lang='grc' dir='ltr'>ἐξαπατώσης</span> <span class='ocrx_word' id='word_1_51' title='bbox 588 1046 732 1108; x_wconf 82' lang='grc' dir='ltr'>τινδς</span> <span class='ocrx_word' id='word_1_52' title='bbox 767 1047 1003 1108; x_wconf 80' lang='grc' dir='ltr'>ἐλπίδος,</span> <span class='ocrx_word' id='word_1_53' title='bbox 1035 1047 1323 1116; x_wconf 87' lang='grc' dir='ltr'>δεικνύσης</span> <span class='ocrx_word' id='word_1_54' title='bbox 1345 1047 1443 1117; x_wconf 82' lang='grc' dir='ltr'>τὴν</span> <span class='ocrx_word' id='word_1_55' title='bbox 1468 1047 1754 1118; x_wconf 75' lang='grc' dir='ltr'><strong>διόρθωσιν</strong></span> 
     </span>
    </p>
   </div>
   <div class='ocr_carea' id='block_1_11' title="bbox 190 1132 1754 1209">
    <p class='ocr_par' dir='ltr' id='par_1_11' title="bbox 190 1132 1754 1209">
     <span class='ocr_line' id='line_1_11' title="bbox 190 1132 1754 1209; baseline 0.003 -21"><span class='ocrx_word' id='word_1_56' title='bbox 190 1138 248 1188; x_wconf 74' lang='grc' dir='ltr'>ἓν</span> <span class='ocrx_word' id='word_1_57' title='bbox 278 1139 462 1204; x_wconf 74' lang='grc' dir='ltr'>χεροῖν</span> <span class='ocrx_word' id='word_1_58' title='bbox 495 1132 659 1199; x_wconf 73' lang='grc' dir='ltr'>εἷναι,</span> <span class='ocrx_word' id='word_1_59' title='bbox 694 1138 949 1208; x_wconf 78' lang='grc' dir='ltr'>καθάπερ</span> <span class='ocrx_word' id='word_1_60' title='bbox 976 1140 1077 1209; x_wconf 74' lang='grc' dir='ltr'><strong>ἤδη</strong></span> <span class='ocrx_word' id='word_1_61' title='bbox 1110 1141 1458 1209; x_wconf 85' lang='grc' dir='ltr'>προείρηται.</span> <span class='ocrx_word' id='word_1_62' title='bbox 1492 1143 1604 1194; x_wconf 83' lang='grc' dir='ltr'><strong>Οὐκ</strong></span> <span class='ocrx_word' id='word_1_63' title='bbox 1639 1141 1754 1193; x_wconf 77' lang='grc' dir='ltr'>ἐστι</span> 
     </span>
    </p>
   </div>
   <div class='ocr_carea' id='block_1_12' title="bbox 192 1228 1753 1293">
    <p class='ocr_par' dir='ltr' id='par_1_12' title="bbox 192 1228 1753 1293">
     <span class='ocr_line' id='line_1_12' title="bbox 192 1228 1753 1293; baseline 0.006 -17"><span class='ocrx_word' id='word_1_64' title='bbox 192 1228 251 1279; x_wconf 80' lang='grc' dir='ltr'><strong>δὲ</strong></span> <span class='ocrx_word' id='word_1_65' title='bbox 294 1229 489 1293; x_wconf 88' lang='grc' dir='ltr'>τοῦτο,</span> <span class='ocrx_word' id='word_1_66' title='bbox 538 1230 639 1281; x_wconf 84' lang='grc' dir='ltr'><strong>οὐκ</strong></span> <span class='ocrx_word' id='word_1_67' title='bbox 684 1229 830 1281; x_wconf 77' lang='grc' dir='ltr'>ἐστιν</span> <span class='ocrx_word' id='word_1_68' title='bbox 855 1246 869 1261; x_wconf 86' lang='grc'><strong>·</strong></span> <span class='ocrx_word' id='word_1_69' title='bbox 903 1231 1040 1282; x_wconf 80' lang='grc' dir='ltr'>ἀλλὰ</span> <span class='ocrx_word' id='word_1_70' title='bbox 1089 1231 1403 1284; x_wconf 78' lang='grc' dir='ltr'>τούναντίον</span> <span class='ocrx_word' id='word_1_71' title='bbox 1435 1232 1579 1286; x_wconf 73' lang='grc' dir='ltr'>ἅπαν</span> <span class='ocrx_word' id='word_1_72' title='bbox 1615 1232 1753 1285; x_wconf 82' lang='grc' dir='ltr'>ἐστί.</span> 
     </span>
    </p>
   </div>
   <div class='ocr_carea' id='block_1_13' title="bbox 192 1318 1759 1392">
    <p class='ocr_par' dir='ltr' id='par_1_13' title="bbox 192 1318 1759 1392">
     <span class='ocr_line' id='line_1_13' title="bbox 192 1318 1759 1392; baseline 0.002 -21"><span class='ocrx_word' id='word_1_73' title='bbox 192 1319 350 1371; x_wconf 77' lang='grc' dir='ltr'>Μετὰ</span> <span class='ocrx_word' id='word_1_74' title='bbox 398 1320 506 1387; x_wconf 74' lang='grc' dir='ltr'><strong>γὰρ</strong></span> <span class='ocrx_word' id='word_1_75' title='bbox 555 1318 614 1370; x_wconf 84' lang='grc' dir='ltr'><strong>τδ</strong></span> <span class='ocrx_word' id='word_1_76' title='bbox 646 1320 881 1388; x_wconf 77' lang='grc' dir='ltr'>σμικρὸν</span> <span class='ocrx_word' id='word_1_77' title='bbox 929 1321 1287 1385; x_wconf 85' lang='grc' dir='ltr'>ὑπενδοῦναι,</span> <span class='ocrx_word' id='word_1_78' title='bbox 1318 1323 1759 1392; x_wconf 78' lang='grc' dir='ltr'><strong>ὀλιγωρήσαντες</strong></span> 
     </span>
    </p>
   </div>
   <div class='ocr_carea' id='block_1_14' title="bbox 192 1408 1758 1482">
    <p class='ocr_par' dir='ltr' id='par_1_14' title="bbox 192 1408 1758 1482">
     <span class='ocr_line' id='line_1_14' title="bbox 192 1408 1758 1482; baseline 0.004 -23"><span class='ocrx_word' id='word_1_79' title='bbox 192 1408 289 1459; x_wconf 69' lang='grc' dir='ltr'><strong>τοῦ</strong></span> <span class='ocrx_word' id='word_1_80' title='bbox 327 1409 685 1477; x_wconf 77' lang='grc' dir='ltr'><strong>καθήκοντος,</strong></span> <span class='ocrx_word' id='word_1_81' title='bbox 725 1412 828 1462; x_wconf 65' lang='grc' dir='ltr'>ὑπὸ</span> <span class='ocrx_word' id='word_1_82' title='bbox 865 1412 1033 1464; x_wconf 78' lang='grc' dir='ltr'>τῶνδε</span> <span class='ocrx_word' id='word_1_83' title='bbox 1065 1412 1174 1465; x_wconf 86' lang='grc' dir='ltr'><strong>τῶν</strong></span> <span class='ocrx_word' id='word_1_84' title='bbox 1207 1412 1398 1466; x_wconf 86' lang='grc' dir='ltr'>δεινῶν</span> <span class='ocrx_word' id='word_1_85' title='bbox 1429 1412 1758 1482; x_wconf 72' lang='grc' dir='ltr'>κηλούμενοι</span> 
     </span>
    </p>
   </div>
   <div class='ocr_carea' id='block_1_15' title="bbox 194 1502 1761 1575">
    <p class='ocr_par' dir='ltr' id='par_1_15' title="bbox 194 1502 1761 1575">
     <span class='ocr_line' id='line_1_15' title="bbox 194 1502 1761 1575; baseline 0.005 -24"><span class='ocrx_word' id='word_1_86' title='bbox 194 1517 257 1551; x_wconf 83' lang='grc' dir='ltr'><strong>τε</strong></span> <span class='ocrx_word' id='word_1_87' title='bbox 285 1505 380 1554; x_wconf 81' lang='grc' dir='ltr'>καὶ</span> <span class='ocrx_word' id='word_1_88' title='bbox 411 1502 840 1572; x_wconf 77' lang='grc' dir='ltr'>τυραννούμενοι</span> <span class='ocrx_word' id='word_1_89' title='bbox 893 1505 1153 1575; x_wconf 76' lang='grc' dir='ltr'>συνεχῶς,</span> <span class='ocrx_word' id='word_1_90' title='bbox 1199 1506 1309 1558; x_wconf 89' lang='grc' dir='ltr'><strong>τῶν</strong></span> <span class='ocrx_word' id='word_1_91' title='bbox 1339 1506 1622 1568; x_wconf 73' lang='grc' dir='ltr'><strong>σωζόντων</strong></span> <span class='ocrx_word' id='word_1_92' title='bbox 1672 1506 1761 1559; x_wconf 90' lang='grc' dir='ltr'>λο-</span> 
     </span>
    </p>
   </div>
   <div class='ocr_carea' id='block_1_16' title="bbox 196 1588 1761 1666">
    <p class='ocr_par' dir='ltr' id='par_1_16' title="bbox 196 1588 1761 1666">
     <span class='ocr_line' id='line_1_16' title="bbox 196 1588 1761 1666; baseline 0.005 -24"><span class='ocrx_word' id='word_1_93' title='bbox 196 1592 416 1659; x_wconf 85' lang='grc' dir='ltr'>γισμῶν</span> <span class='ocrx_word' id='word_1_94' title='bbox 453 1595 855 1663; x_wconf 78' lang='grc' dir='ltr'>ἐκτρεπόμεθα.</span> <span class='ocrx_word' id='word_1_95' title='bbox 896 1596 1017 1648; x_wconf 72' lang='grc' dir='ltr'>οὐδὲ</span> <span class='ocrx_word' id='word_1_96' title='bbox 1052 1595 1180 1663; x_wconf 89' lang='grc' dir='ltr'>γοῦν</span> <span class='ocrx_word' id='word_1_97' title='bbox 1214 1596 1323 1649; x_wconf 91' lang='grc' dir='ltr'><strong>τῶν</strong></span> <span class='ocrx_word' id='word_1_98' title='bbox 1366 1598 1567 1666; x_wconf 78' lang='grc' dir='ltr'>ἄκρως</span> <span class='ocrx_word' id='word_1_99' title='bbox 1593 1588 1761 1665; x_wconf 81' lang='grc' dir='ltr'>ὑπερ-</span> 
     </span>
    </p>
   </div>
   <div class='ocr_carea' id='block_1_17' title="bbox 198 1682 1761 1755">
    <p class='ocr_par' dir='ltr' id='par_1_17' title="bbox 198 1682 1761 1755">
     <span class='ocr_line' id='line_1_17' title="bbox 198 1682 1761 1755; baseline 0.003 -22"><span class='ocrx_word' id='word_1_100' title='bbox 198 1682 373 1733; x_wconf 77' lang='grc' dir='ltr'>6ολῶν</span> <span class='ocrx_word' id='word_1_101' title='bbox 411 1684 757 1753; x_wconf 65' lang='grc' dir='ltr'>φειδόμενον</span> <span class='ocrx_word' id='word_1_102' title='bbox 800 1684 885 1737; x_wconf 75' lang='grc' dir='ltr'><strong>ἵνα</strong></span> <span class='ocrx_word' id='word_1_103' title='bbox 913 1685 971 1743; x_wconf 73' lang='grc' dir='ltr'>δέ</span> <span class='ocrx_word' id='word_1_104' title='bbox 1012 1687 1106 1738; x_wconf 77' lang='grc' dir='ltr'>καὶ</span> <span class='ocrx_word' id='word_1_105' title='bbox 1153 1685 1251 1754; x_wconf 87' lang='grc' dir='ltr'><strong>τὴν</strong></span> <span class='ocrx_word' id='word_1_106' title='bbox 1304 1686 1609 1755; x_wconf 78' lang='grc' dir='ltr'>ύπερῦολὴν</span> <span class='ocrx_word' id='word_1_107' title='bbox 1652 1686 1761 1739; x_wconf 86' lang='grc' dir='ltr'><strong>τῶν</strong></span> 
     </span>
    </p>
   </div>
   <div class='ocr_carea' id='block_1_18' title="bbox 1859 671 3422 744">
    <p class='ocr_par' dir='ltr' id='par_1_18' title="bbox 1859 671 3422 744">
     <span class='ocr_line' id='line_1_18' title="bbox 1859 671 3422 744; baseline -0.004 -15"><span class='ocrx_word' id='word_1_108' title='bbox 1859 676 2132 731; x_wconf 89' lang='lat' dir='ltr'><strong>immunes</strong></span> <span class='ocrx_word' id='word_1_109' title='bbox 2159 690 2443 738; x_wconf 83' lang='lat' dir='ltr'><strong>essemus;</strong></span> <span class='ocrx_word' id='word_1_110' title='bbox 2473 674 2671 744; x_wconf 84' lang='lat' dir='ltr'><strong>quippe</strong></span> <span class='ocrx_word' id='word_1_111' title='bbox 2702 686 2860 727; x_wconf 88' lang='lat' dir='ltr'><strong>nemo</strong></span> <span class='ocrx_word' id='word_1_112' title='bbox 2894 671 3092 726; x_wconf 80' lang='lat' dir='ltr'><strong>maium</strong></span> <span class='ocrx_word' id='word_1_113' title='bbox 3121 671 3253 725; x_wconf 86' lang='lat' dir='ltr'><strong>l&#39;acit</strong></span> <span class='ocrx_word' id='word_1_114' title='bbox 3280 671 3422 738; x_wconf 80' lang='lat' dir='ltr'><strong>quod</strong></span> 
     </span>
    </p>
   </div>
   <div class='ocr_carea' id='block_1_19' title="bbox 1855 761 3423 836">
    <p class='ocr_par' dir='ltr' id='par_1_19' title="bbox 1855 761 3423 836">
     <span class='ocr_line' id='line_1_19' title="bbox 1855 761 3423 836; baseline -0.006 -14"><span class='ocrx_word' id='word_1_115' title='bbox 1855 769 1924 823; x_wconf 88' lang='lat' dir='ltr'><strong>ab</strong></span> <span class='ocrx_word' id='word_1_116' title='bbox 1952 768 2107 822; x_wconf 87' lang='lat' dir='ltr'><strong>initio</strong></span> <span class='ocrx_word' id='word_1_117' title='bbox 2140 767 2440 836; x_wconf 79' lang='lat' dir='ltr'><strong>perfectum</strong></span> <span class='ocrx_word' id='word_1_118' title='bbox 2470 766 2541 821; x_wconf 90' lang='lat' dir='ltr'><strong>sit</strong></span> <span class='ocrx_word' id='word_1_119' title='bbox 2570 774 2623 819; x_wconf 90' lang='lat' dir='ltr'><strong>et</strong></span> <span class='ocrx_word' id='word_1_120' title='bbox 2654 765 2947 832; x_wconf 83' lang='lat' dir='ltr'><strong>integrum,</strong></span> <span class='ocrx_word' id='word_1_121' title='bbox 2984 763 3076 817; x_wconf 87' lang='lat' dir='ltr'><strong>sed</strong></span> <span class='ocrx_word' id='word_1_122' title='bbox 3116 761 3183 815; x_wconf 88' lang='lat' dir='ltr'><strong>ab</strong></span> <span class='ocrx_word' id='word_1_123' title='bbox 3209 762 3423 830; x_wconf 76' lang='lat' dir='ltr'><strong>exiguis</strong></span> 
     </span>
    </p>
   </div>
   <div class='ocr_carea' id='block_1_20' title="bbox 1852 853 3425 927">
    <p class='ocr_par' dir='ltr' id='par_1_20' title="bbox 1852 853 3425 927">
     <span class='ocr_line' id='line_1_20' title="bbox 1852 853 3425 927; baseline -0.004 -17"><span class='ocrx_word' id='word_1_124' title='bbox 1852 867 1907 912; x_wconf 77' lang='lat' dir='ltr'><strong>et</strong></span> <span class='ocrx_word' id='word_1_125' title='bbox 1938 874 2058 927; x_wconf 76' lang='lat' dir='ltr'><strong>quae</strong></span> <span class='ocrx_word' id='word_1_126' title='bbox 2095 857 2244 927; x_wconf 90' lang='lat' dir='ltr'><strong>parvi</strong></span> <span class='ocrx_word' id='word_1_127' title='bbox 2277 856 2533 909; x_wconf 78' lang='lat' dir='ltr'><strong>momenti</strong></span> <span class='ocrx_word' id='word_1_128' title='bbox 2578 864 2705 911; x_wconf 90' lang='lat' dir='ltr'><strong>sunt</strong></span> <span class='ocrx_word' id='word_1_129' title='bbox 2750 855 3018 916; x_wconf 85' lang='lat' dir='ltr'><strong>ordimur,</strong></span> <span class='ocrx_word' id='word_1_130' title='bbox 3070 853 3323 922; x_wconf 79' lang='lat' dir='ltr'><strong>exiguum</strong></span> <span class='ocrx_word' id='word_1_131' title='bbox 3360 867 3425 905; x_wconf 90' lang='lat' dir='ltr'><strong>ac</strong></span> 
     </span>
    </p>
   </div>
   <div class='ocr_carea' id='block_1_21' title="bbox 1854 943 3421 1009">
    <p class='ocr_par' dir='ltr' id='par_1_21' title="bbox 1854 943 3421 1009">
     <span class='ocr_line' id='line_1_21' title="bbox 1854 943 3421 1009; baseline -0.005 -8"><span class='ocrx_word' id='word_1_132' title='bbox 1854 950 1971 1004; x_wconf 80' lang='lat' dir='ltr'><strong>leve</strong></span> <span class='ocrx_word' id='word_1_133' title='bbox 2002 951 2261 1002; x_wconf 81' lang='lat' dir='ltr'><strong>damnum</strong></span> <span class='ocrx_word' id='word_1_134' title='bbox 2296 946 2536 1000; x_wconf 78' lang='lat' dir='ltr'><strong>facturos</strong></span> <span class='ocrx_word' id='word_1_135' title='bbox 2567 960 2664 999; x_wconf 89' lang='lat' dir='ltr'><strong>nos</strong></span> <span class='ocrx_word' id='word_1_136' title='bbox 2713 945 3113 1008; x_wconf 72' lang='lat' dir='ltr'><strong>existimantes,</strong></span> <span class='ocrx_word' id='word_1_137' title='bbox 3174 943 3421 1009; x_wconf 83' lang='lat' dir='ltr'><strong>volupta-</strong></span> 
     </span>
    </p>
   </div>
   <div class='ocr_carea' id='block_1_22' title="bbox 1863 1034 3429 1109">
    <p class='ocr_par' dir='ltr' id='par_1_22' title="bbox 1863 1034 3429 1109">
     <span class='ocr_line' id='line_1_22' title="bbox 1863 1034 3429 1109; baseline -0.006 -15"><span class='ocrx_word' id='word_1_138' title='bbox 1863 1050 2083 1107; x_wconf 90' lang='lat' dir='ltr'><strong>temque</strong></span> <span class='ocrx_word' id='word_1_139' title='bbox 2125 1048 2503 1109; x_wconf 88' lang='lat' dir='ltr'><strong>percepturos,</strong></span> <span class='ocrx_word' id='word_1_140' title='bbox 2536 1045 2589 1091; x_wconf 90' lang='lat' dir='ltr'><strong>et</strong></span> <span class='ocrx_word' id='word_1_141' title='bbox 2618 1036 2868 1090; x_wconf 87' lang='lat' dir='ltr'><strong>celeriter</strong></span> <span class='ocrx_word' id='word_1_142' title='bbox 2894 1035 2956 1088; x_wconf 88' lang='lat' dir='ltr'><strong>ad</strong></span> <span class='ocrx_word' id='word_1_143' title='bbox 2993 1034 3270 1102; x_wconf 77' lang='lat' dir='ltr'><strong>pristinam</strong></span> <span class='ocrx_word' id='word_1_144' title='bbox 3298 1048 3429 1086; x_wconf 80' lang='lat' dir='ltr'><strong>con-</strong></span> 
     </span>
    </p>
   </div>
   <div class='ocr_carea' id='block_1_23' title="bbox 1855 1127 3425 1198">
    <p class='ocr_par' dir='ltr' id='par_1_23' title="bbox 1855 1127 3425 1198">
     <span class='ocr_line' id='line_1_23' title="bbox 1855 1127 3425 1198; baseline -0.008 -10"><span class='ocrx_word' id='word_1_145' title='bbox 1855 1133 2114 1188; x_wconf 88' lang='lat' dir='ltr'><strong>ditionem</strong></span> <span class='ocrx_word' id='word_1_146' title='bbox 2154 1146 2494 1187; x_wconf 83' lang='lat' dir='ltr'><strong>reversuros.</strong></span> <span class='ocrx_word' id='word_1_147' title='bbox 2519 1129 2717 1183; x_wconf 90' lang='lat' dir='ltr'><strong>Deinde</strong></span> <span class='ocrx_word' id='word_1_148' title='bbox 2750 1129 2995 1198; x_wconf 79' lang='lat' dir='ltr'><strong>capimur</strong></span> <span class='ocrx_word' id='word_1_149' title='bbox 3025 1130 3077 1181; x_wconf 93' lang='lat' dir='ltr'><strong>iu</strong></span> <span class='ocrx_word' id='word_1_150' title='bbox 3114 1127 3425 1195; x_wconf 61' lang='lat' dir='ltr'><strong>praevisum-</strong></span> 
     </span>
    </p>
   </div>
   <div class='ocr_carea' id='block_1_24' title="bbox 1858 1216 3429 1289">
    <p class='ocr_par' dir='ltr' id='par_1_24' title="bbox 1858 1216 3429 1289">
     <span class='ocr_line' id='line_1_24' title="bbox 1858 1216 3429 1289; baseline -0.006 -13"><span class='ocrx_word' id='word_1_151' title='bbox 1858 1232 1919 1276; x_wconf 91' lang='lat' dir='ltr'><strong>ut</strong></span> <span class='ocrx_word' id='word_1_152' title='bbox 1939 1222 2016 1276; x_wconf 87' lang='lat' dir='ltr'><strong>ita</strong></span> <span class='ocrx_word' id='word_1_153' title='bbox 2044 1222 2244 1285; x_wconf 86' lang='lat' dir='ltr'><strong>dicam,</strong></span> <span class='ocrx_word' id='word_1_154' title='bbox 2268 1220 2567 1289; x_wconf 88' lang='lat' dir='ltr'><strong>periculum</strong></span> <span class='ocrx_word' id='word_1_155' title='bbox 2594 1226 2810 1273; x_wconf 89' lang='lat' dir='ltr'><strong>nosmet</strong></span> <span class='ocrx_word' id='word_1_156' title='bbox 2841 1219 2987 1286; x_wconf 90' lang='lat' dir='ltr'><strong>ipsos</strong></span> <span class='ocrx_word' id='word_1_157' title='bbox 3016 1216 3225 1278; x_wconf 78' lang='lat' dir='ltr'><strong>dantes,</strong></span> <span class='ocrx_word' id='word_1_158' title='bbox 3256 1230 3429 1283; x_wconf 80' lang='lat' dir='ltr'><strong>eaque</strong></span> 
     </span>
    </p>
   </div>
   <div class='ocr_carea' id='block_1_25' title="bbox 1855 1308 3427 1380">
    <p class='ocr_par' dir='ltr' id='par_1_25' title="bbox 1855 1308 3427 1380">
     <span class='ocr_line' id='line_1_25' title="bbox 1855 1308 3427 1380; baseline -0.007 -11"><span class='ocrx_word' id='word_1_159' title='bbox 1855 1314 2261 1369; x_wconf 79' lang='lat' dir='ltr'><strong>committentes</strong></span> <span class='ocrx_word' id='word_1_160' title='bbox 2299 1327 2440 1380; x_wconf 53' lang='lat' dir='ltr'><strong>quae,</strong></span> <span class='ocrx_word' id='word_1_161' title='bbox 2473 1311 2519 1364; x_wconf 89' lang='lat' dir='ltr'><strong>si</strong></span> <span class='ocrx_word' id='word_1_162' title='bbox 2553 1325 2584 1364; x_wconf 88' lang='lat' dir='ltr'><strong>a</strong></span> <span class='ocrx_word' id='word_1_163' title='bbox 2623 1310 2767 1363; x_wconf 87' lang='lat' dir='ltr'><strong>vitiis</strong></span> <span class='ocrx_word' id='word_1_164' title='bbox 2803 1310 2914 1362; x_wconf 86' lang='lat' dir='ltr'><strong>illis</strong></span> <span class='ocrx_word' id='word_1_165' title='bbox 2946 1324 3197 1363; x_wconf 83' lang='lat' dir='ltr'><strong>essemus</strong></span> <span class='ocrx_word' id='word_1_166' title='bbox 3231 1308 3427 1359; x_wconf 89' lang='lat' dir='ltr'><strong>immu-</strong></span> 
     </span>
    </p>
   </div>
   <div class='ocr_carea' id='block_1_26' title="bbox 1861 1397 3430 1474">
    <p class='ocr_par' dir='ltr' id='par_1_26' title="bbox 1861 1397 3430 1474">
     <span class='ocr_line' id='line_1_26' title="bbox 1861 1397 3430 1474; baseline -0.006 -14"><span class='ocrx_word' id='word_1_167' title='bbox 1861 1421 1956 1460; x_wconf 89' lang='lat' dir='ltr'><strong>nes</strong></span> <span class='ocrx_word' id='word_1_168' title='bbox 1985 1404 2239 1474; x_wconf 81' lang='lat' dir='ltr'><strong>quaejam</strong></span> <span class='ocrx_word' id='word_1_169' title='bbox 2274 1418 2454 1456; x_wconf 90' lang='lat' dir='ltr'><strong>rerum</strong></span> <span class='ocrx_word' id='word_1_170' title='bbox 2492 1403 2544 1454; x_wconf 91' lang='lat' dir='ltr'><strong>in</strong></span> <span class='ocrx_word' id='word_1_171' title='bbox 2584 1401 2740 1455; x_wconf 87' lang='lat' dir='ltr'><strong>nobis</strong></span> <span class='ocrx_word' id='word_1_172' title='bbox 2784 1401 3084 1469; x_wconf 72' lang='lat' dir='ltr'><strong>poduntur,</strong></span> <span class='ocrx_word' id='word_1_173' title='bbox 3132 1399 3210 1451; x_wconf 91' lang='lat' dir='ltr'><strong>vel</strong></span> <span class='ocrx_word' id='word_1_174' title='bbox 3243 1397 3430 1450; x_wconf 85' lang='lat' dir='ltr'><strong>au-lirc</strong></span> 
     </span>
    </p>
   </div>
   <div class='ocr_carea' id='block_1_27' title="bbox 1860 1488 3426 1565">
    <p class='ocr_par' dir='ltr' id='par_1_27' title="bbox 1860 1488 3426 1565">
     <span class='ocr_line' id='line_1_27' title="bbox 1860 1488 3426 1565; baseline -0.006 -17"><span class='ocrx_word' id='word_1_175' title='bbox 1860 1496 2053 1565; x_wconf 79' lang='lat' dir='ltr'><strong>pudori</strong></span> <span class='ocrx_word' id='word_1_176' title='bbox 2082 1492 2240 1547; x_wconf 91' lang='lat' dir='ltr'><strong>nobis</strong></span> <span class='ocrx_word' id='word_1_177' title='bbox 2271 1502 2437 1548; x_wconf 86' lang='lat' dir='ltr'><strong>esset.</strong></span> <span class='ocrx_word' id='word_1_178' title='bbox 2468 1489 2601 1545; x_wconf 81' lang='lat' dir='ltr'><strong>Nam</strong></span> <span class='ocrx_word' id='word_1_179' title='bbox 2635 1491 2825 1543; x_wconf 87' lang='lat' dir='ltr'><strong>vitiosa</strong></span> <span class='ocrx_word' id='word_1_180' title='bbox 2864 1490 3025 1551; x_wconf 80' lang='lat' dir='ltr'><strong>facta,</strong></span> <span class='ocrx_word' id='word_1_181' title='bbox 3060 1505 3179 1558; x_wconf 73' lang='lat' dir='ltr'><strong>qua:</strong></span> <span class='ocrx_word' id='word_1_182' title='bbox 3224 1488 3426 1542; x_wconf 65' lang='lat' dir='ltr'><strong>let-iuva</strong></span> 
     </span>
    </p>
   </div>
   <div class='ocr_carea' id='block_1_28' title="bbox 1862 1582 3431 1653">
    <p class='ocr_par' dir='ltr' id='par_1_28' title="bbox 1862 1582 3431 1653">
     <span class='ocr_line' id='line_1_28' title="bbox 1862 1582 3431 1653; baseline -0.008 -10"><span class='ocrx_word' id='word_1_183' title='bbox 1862 1588 2140 1651; x_wconf 85' lang='lat' dir='ltr'><strong>videntur,</strong></span> <span class='ocrx_word' id='word_1_184' title='bbox 2184 1586 2343 1640; x_wconf 79' lang='lat' dir='ltr'><strong>facile</strong></span> <span class='ocrx_word' id='word_1_185' title='bbox 2392 1595 2795 1653; x_wconf 74' lang='lat' dir='ltr'><strong>perpetrantus,</strong></span> <span class='ocrx_word' id='word_1_186' title='bbox 2850 1582 3153 1651; x_wconf 85' lang='lat' dir='ltr'><strong>decipieute</strong></span> <span class='ocrx_word' id='word_1_187' title='bbox 3196 1598 3292 1633; x_wconf 86' lang='lat' dir='ltr'><strong>nos</strong></span> <span class='ocrx_word' id='word_1_188' title='bbox 3337 1594 3431 1645; x_wconf 86' lang='lat' dir='ltr'><strong>spe</strong></span> 
     </span>
    </p>
   </div>
   <div class='ocr_carea' id='block_1_29' title="bbox 1864 1672 3429 1749">
    <p class='ocr_par' dir='ltr' id='par_1_29' title="bbox 1864 1672 3429 1749">
     <span class='ocr_line' id='line_1_29' title="bbox 1864 1672 3429 1749; baseline -0.007 -15"><span class='ocrx_word' id='word_1_189' title='bbox 1864 1680 2094 1749; x_wconf 88' lang='lat' dir='ltr'><strong>quadam</strong></span> <span class='ocrx_word' id='word_1_190' title='bbox 2129 1694 2251 1748; x_wconf 69' lang='lat' dir='ltr'><strong>qua:</strong></span> <span class='ocrx_word' id='word_1_191' title='bbox 2287 1678 2679 1731; x_wconf 82' lang='lat' dir='ltr'><strong>correctionem</strong></span> <span class='ocrx_word' id='word_1_192' title='bbox 2711 1690 2830 1729; x_wconf 89' lang='lat' dir='ltr'><strong>esse</strong></span> <span class='ocrx_word' id='word_1_193' title='bbox 2864 1675 2916 1726; x_wconf 92' lang='lat' dir='ltr'><strong>in</strong></span> <span class='ocrx_word' id='word_1_194' title='bbox 2953 1672 3204 1727; x_wconf 89' lang='lat' dir='ltr'><strong>manibus</strong></span> <span class='ocrx_word' id='word_1_195' title='bbox 3244 1682 3429 1725; x_wconf 84' lang='lat' dir='ltr'><strong>osten-</strong></span> 
     </span>
    </p>
   </div>
   <div class='ocr_carea' id='block_1_30' title="bbox 195 1762 2070 1845">
    <p class='ocr_par' dir='ltr' id='par_1_30' title="bbox 195 1772 2068 1845">
     <span class='ocr_line' id='line_1_30' title="bbox 195 1772 2068 1845; baseline 0.003 -23"><span class='ocrx_word' id='word_1_196' title='bbox 195 1773 389 1825; x_wconf 66' lang='grc' dir='ltr'>κρακῶν</span> <span class='ocrx_word' id='word_1_197' title='bbox 418 1772 579 1837; x_wconf 83' lang='grc' dir='ltr'>εῐπω,</span> <span class='ocrx_word' id='word_1_198' title='bbox 613 1774 690 1842; x_wconf 85' lang='grc' dir='ltr'>τῷ</span> <span class='ocrx_word' id='word_1_199' title='bbox 731 1776 846 1837; x_wconf 83' lang='grc' dir='ltr'>τοῖς</span> <span class='ocrx_word' id='word_1_200' title='bbox 875 1775 1113 1837; x_wconf 84' lang='grc' dir='ltr'>ἀνοσίοις</span> <span class='ocrx_word' id='word_1_201' title='bbox 1159 1775 1395 1845; x_wconf 79' lang='grc' dir='ltr'>χρῆσθαι</span> <span class='ocrx_word' id='word_1_202' title='bbox 1444 1775 1763 1844; x_wconf 84' lang='grc' dir='ltr'>φιλοτιμού-</span> <span class='ocrx_word' id='word_1_203' title='bbox 1863 1772 1963 1835; x_wconf 83' lang='lat' dir='ltr'><strong>dit,</strong></span> <span class='ocrx_word' id='word_1_204' title='bbox 1998 1785 2068 1839; x_wconf 82' lang='lat' dir='ltr'><strong>qu</strong></span> 
     </span>
    </p>
   </div>
   <div class='ocr_carea' id='block_1_31' title="bbox 1553 1762 3428 1845">
    <p class='ocr_par' dir='ltr' id='par_1_31' title="bbox 1553 1762 3428 1844">
     <span class='ocr_line' id='line_1_31' title="bbox 1553 1762 3428 1844; baseline -0.007 -17"><span class='ocrx_word' id='word_1_205' title='bbox 1553 1776 1763 1844; x_wconf 74' lang='grc' dir='ltr'>πιμού-</span> <span class='ocrx_word' id='word_1_206' title='bbox 1863 1772 1963 1835; x_wconf 91' lang='lat' dir='ltr'><strong>dit,</strong></span> <span class='ocrx_word' id='word_1_207' title='bbox 1998 1770 2456 1839; x_wconf 80' lang='lat' dir='ltr'><strong>quemadmodum</strong></span> <span class='ocrx_word' id='word_1_208' title='bbox 2487 1769 2597 1838; x_wconf 87' lang='lat' dir='ltr'><strong>jam</strong></span> <span class='ocrx_word' id='word_1_209' title='bbox 2649 1775 2773 1821; x_wconf 83' lang='lat' dir='ltr'><strong>ante</strong></span> <span class='ocrx_word' id='word_1_210' title='bbox 2823 1766 3025 1818; x_wconf 89' lang='lat' dir='ltr'><strong>dictum</strong></span> <span class='ocrx_word' id='word_1_211' title='bbox 3077 1774 3178 1818; x_wconf 89' lang='lat' dir='ltr'><strong>est.</strong></span> <span class='ocrx_word' id='word_1_212' title='bbox 3232 1762 3428 1817; x_wconf 83' lang='lat' dir='ltr'><strong>Verum</strong></span> 
     </span>
    </p>
   </div>
   <div class='ocr_carea' id='block_1_32' title="bbox 200 1854 2075 1941">
    <p class='ocr_par' dir='ltr' id='par_1_32' title="bbox 200 1854 2075 1941">
     <span class='ocr_line' id='line_1_32' title="bbox 200 1854 2075 1941; baseline 0.001 -27"><span class='ocrx_word' id='word_1_213' title='bbox 200 1864 369 1933; x_wconf 81' lang='grc' dir='ltr'>μεθα,</span> <span class='ocrx_word' id='word_1_214' title='bbox 395 1866 491 1918; x_wconf 75' lang='grc' dir='ltr'><strong>καὶ</strong></span> <span class='ocrx_word' id='word_1_215' title='bbox 520 1854 610 1932; x_wconf 50' lang='lat' dir='ltr'><strong>trp&quot;</strong></span> <span class='ocrx_word' id='word_1_216' title='bbox 637 1859 718 1927; x_wconf 71' lang='grc' dir='ltr'>οἷς</span> <span class='ocrx_word' id='word_1_217' title='bbox 743 1866 910 1934; x_wconf 80' lang='grc' dir='ltr'>ἐχρῆν</span> <span class='ocrx_word' id='word_1_218' title='bbox 938 1865 1509 1941; x_wconf 60' lang='grc' dir='ltr'>αζσχύνεσθαι,”ἡμεῐς</span> <span class='ocrx_word' id='word_1_219' title='bbox 1539 1867 1595 1920; x_wconf 76' lang='grc' dir='ltr'><strong>δὲ</strong></span> <span class='ocrx_word' id='word_1_220' title='bbox 1623 1867 1762 1920; x_wconf 82' lang='grc' dir='ltr'>πάν·</span> <span class='ocrx_word' id='word_1_221' title='bbox 1796 1922 1838 1941; x_wconf 48' lang='lat' dir='ltr'><strong>ﬁ</strong></span> <span class='ocrx_word' id='word_1_222' title='bbox 1867 1864 2075 1917; x_wconf 76' lang='lat' dir='ltr'><strong>minimt</strong></span> 
     </span>
    </p>
   </div>
   <div class='ocr_carea' id='block_1_33' title="bbox 1552 1854 3427 1941">
    <p class='ocr_par' dir='ltr' id='par_1_33' title="bbox 1552 1857 3427 1941">
     <span class='ocr_line' id='line_1_33' title="bbox 1552 1857 3427 1941; baseline -0.008 -21"><span class='ocrx_word' id='word_1_223' title='bbox 1552 1867 1595 1920; x_wconf 65' lang='lat' dir='ltr'><strong>5t</strong></span> <span class='ocrx_word' id='word_1_224' title='bbox 1623 1867 1762 1920; x_wconf 82' lang='grc' dir='ltr'>πάν·</span> <span class='ocrx_word' id='word_1_225' title='bbox 1796 1922 1838 1941; x_wconf 47' lang='lat' dir='ltr'><strong>ﬁ</strong></span> <span class='ocrx_word' id='word_1_226' title='bbox 1867 1864 2091 1917; x_wconf 90' lang='lat' dir='ltr'><strong>minime</strong></span> <span class='ocrx_word' id='word_1_227' title='bbox 2114 1878 2200 1916; x_wconf 87' lang='lat' dir='ltr'><strong>res</strong></span> <span class='ocrx_word' id='word_1_228' title='bbox 2224 1863 2295 1915; x_wconf 86' lang='lat' dir='ltr'><strong>ita</strong></span> <span class='ocrx_word' id='word_1_229' title='bbox 2320 1869 2632 1930; x_wconf 88' lang='lat' dir='ltr'><strong>comparata</strong></span> <span class='ocrx_word' id='word_1_230' title='bbox 2655 1869 2758 1921; x_wconf 88' lang='lat' dir='ltr'><strong>est,</strong></span> <span class='ocrx_word' id='word_1_231' title='bbox 2786 1859 2877 1913; x_wconf 89' lang='lat' dir='ltr'><strong>sed</strong></span> <span class='ocrx_word' id='word_1_232' title='bbox 2910 1857 3070 1928; x_wconf 83' lang='lat' dir='ltr'><strong>plane</strong></span> <span class='ocrx_word' id='word_1_233' title='bbox 3098 1857 3427 1911; x_wconf 83' lang='lat' dir='ltr'><strong>contrarium</strong></span> 
     </span>
    </p>
   </div>
   <div class='ocr_carea' id='block_1_34' title="bbox 196 1949 2071 2028">
    <p class='ocr_par' dir='ltr' id='par_1_34' title="bbox 196 1949 2069 2028">
     <span class='ocr_line' id='line_1_34' title="bbox 196 1949 2069 2028; baseline 0.001 -23"><span class='ocrx_word' id='word_1_234' title='bbox 196 1972 304 2014; x_wconf 82' lang='grc' dir='ltr'><strong>τως</strong></span> <span class='ocrx_word' id='word_1_235' title='bbox 343 1957 437 2009; x_wconf 71' lang='grc' dir='ltr'>καὶ</span> <span class='ocrx_word' id='word_1_236' title='bbox 469 1956 874 2026; x_wconf 79' lang='grc' dir='ltr'>σεμνυνόμεθα,</span> <span class='ocrx_word' id='word_1_237' title='bbox 918 1958 1061 2009; x_wconf 79' lang='grc' dir='ltr'>κατὰ</span> <span class='ocrx_word' id='word_1_238' title='bbox 1107 1958 1233 2020; x_wconf 78' lang='grc' dir='ltr'>τοὺς</span> <span class='ocrx_word' id='word_1_239' title='bbox 1286 1958 1624 2028; x_wconf 80' lang='grc' dir='ltr'>μελαγχολίᾳ</span> <span class='ocrx_word' id='word_1_240' title='bbox 1676 1975 1766 2011; x_wconf 83' lang='grc' dir='ltr'>κε·-</span> <span class='ocrx_word' id='word_1_241' title='bbox 1796 1949 1838 1981; x_wconf 80' lang='grc'><em>⁰</em></span> <span class='ocrx_word' id='word_1_242' title='bbox 1866 1954 1921 2008; x_wconf 89' lang='lat' dir='ltr'><strong>in</strong></span> <span class='ocrx_word' id='word_1_243' title='bbox 1946 1952 2069 2007; x_wconf 90' lang='lat' dir='ltr'><strong>mod</strong></span> 
     </span>
    </p>
   </div>
   <div class='ocr_carea' id='block_1_35' title="bbox 1554 1949 3429 2028">
    <p class='ocr_par' dir='ltr' id='par_1_35' title="bbox 1554 1949 3429 2028">
     <span class='ocr_line' id='line_1_35' title="bbox 1554 1949 3429 2028; baseline -0.007 -19"><span class='ocrx_word' id='word_1_244' title='bbox 1554 1958 1624 2028; x_wconf 66' lang='grc' dir='ltr'><strong>ιίᾳ</strong></span> <span class='ocrx_word' id='word_1_245' title='bbox 1676 1975 1766 2011; x_wconf 80' lang='grc' dir='ltr'>κε-</span> <span class='ocrx_word' id='word_1_246' title='bbox 1796 1949 1838 1981; x_wconf 82' lang='grc'><em>⁰</em></span> <span class='ocrx_word' id='word_1_247' title='bbox 1866 1954 1921 2008; x_wconf 92' lang='lat' dir='ltr'><strong>in</strong></span> <span class='ocrx_word' id='word_1_248' title='bbox 1946 1952 2191 2007; x_wconf 91' lang='lat' dir='ltr'><strong>modum.</strong></span> <span class='ocrx_word' id='word_1_249' title='bbox 2220 1950 2579 2019; x_wconf 83' lang='lat' dir='ltr'><strong>Posteaquam</strong></span> <span class='ocrx_word' id='word_1_250' title='bbox 2618 1950 2763 2003; x_wconf 90' lang='lat' dir='ltr'><strong>enim</strong></span> <span class='ocrx_word' id='word_1_251' title='bbox 2815 1949 3071 2017; x_wconf 90' lang='lat' dir='ltr'><strong>pusillum</strong></span> <span class='ocrx_word' id='word_1_252' title='bbox 3121 1949 3429 2002; x_wconf 73' lang='lat' dir='ltr'><strong>remisimus</strong></span> 
     </span>
    </p>
   </div>
   <div class='ocr_carea' id='block_1_36' title="bbox 188 2039 2063 2118">
    <p class='ocr_par' dir='ltr' id='par_1_36' title="bbox 188 2046 2063 2118">
     <span class='ocr_line' id='line_1_36' title="bbox 188 2046 2063 2118; baseline 0.001 -21"><span class='ocrx_word' id='word_1_253' title='bbox 188 2047 606 2117; x_wconf 14' lang='grc' dir='ltr'>ἀκρατημένους.</span> <span class='ocrx_word' id='word_1_254' title='bbox 653 2048 915 2109; x_wconf 79' lang='grc' dir='ltr'>Εἰκότως.</span> <span class='ocrx_word' id='word_1_255' title='bbox 952 2048 1058 2100; x_wconf 80' lang='grc' dir='ltr'><strong>Τὸν</strong></span> <span class='ocrx_word' id='word_1_256' title='bbox 1095 2048 1202 2118; x_wconf 80' lang='grc' dir='ltr'>γὰρ</span> <span class='ocrx_word' id='word_1_257' title='bbox 1245 2048 1341 2101; x_wconf 88' lang='grc' dir='ltr'><strong>τοῦ</strong></span> <span class='ocrx_word' id='word_1_258' title='bbox 1392 2050 1766 2118; x_wconf 81' lang='grc' dir='ltr'>προσήκοντος</span> <span class='ocrx_word' id='word_1_259' title='bbox 1865 2046 2063 2115; x_wconf 85' lang='lat' dir='ltr'><strong>neglect</strong></span> 
     </span>
    </p>
   </div>
   <div class='ocr_carea' id='block_1_37' title="bbox 1556 2039 3431 2118">
    <p class='ocr_par' dir='ltr' id='par_1_37' title="bbox 1556 2039 3431 2118">
     <span class='ocr_line' id='line_1_37' title="bbox 1556 2039 3431 2118; baseline -0.004 -18"><span class='ocrx_word' id='word_1_260' title='bbox 1556 2050 1766 2118; x_wconf 62' lang='grc' dir='ltr'>ᾕκοντος</span> <span class='ocrx_word' id='word_1_261' title='bbox 1865 2046 2109 2115; x_wconf 88' lang='lat' dir='ltr'><strong>neglecto</strong></span> <span class='ocrx_word' id='word_1_262' title='bbox 2133 2042 2328 2105; x_wconf 86' lang='lat' dir='ltr'><strong>ollicio,</strong></span> <span class='ocrx_word' id='word_1_263' title='bbox 2363 2043 2521 2097; x_wconf 86' lang='lat' dir='ltr'><strong>malis</strong></span> <span class='ocrx_word' id='word_1_264' title='bbox 2550 2042 2653 2097; x_wconf 82' lang='lat' dir='ltr'><strong>illis</strong></span> <span class='ocrx_word' id='word_1_265' title='bbox 2697 2044 2960 2097; x_wconf 89' lang='lat' dir='ltr'><strong>continuo</strong></span> <span class='ocrx_word' id='word_1_266' title='bbox 2995 2055 3097 2094; x_wconf 91' lang='lat' dir='ltr'><strong>nos</strong></span> <span class='ocrx_word' id='word_1_267' title='bbox 3120 2039 3431 2093; x_wconf 76' lang='lat' dir='ltr'><strong>demulcen—</strong></span> 
     </span>
    </p>
   </div>
   <div class='ocr_carea' id='block_1_38' title="bbox 198 2133 2073 2209">
    <p class='ocr_par' dir='ltr' id='par_1_38' title="bbox 198 2136 2073 2209">
     <span class='ocr_line' id='line_1_38' title="bbox 198 2136 2073 2209; baseline 0.001 -22"><span class='ocrx_word' id='word_1_268' title='bbox 198 2136 566 2203; x_wconf 73' lang='grc' dir='ltr'>ἐκτραπέντα,</span> <span class='ocrx_word' id='word_1_269' title='bbox 617 2139 712 2205; x_wconf 57' lang='grc' dir='ltr'><strong>καί</strong></span> <span class='ocrx_word' id='word_1_270' title='bbox 759 2137 1050 2206; x_wconf 81' lang='grc' dir='ltr'>πράγμασι</span> <span class='ocrx_word' id='word_1_271' title='bbox 1093 2136 1517 2209; x_wconf 67' lang='grc' dir='ltr'>λυμαινομένοις</span> <span class='ocrx_word' id='word_1_272' title='bbox 1560 2138 1764 2207; x_wconf 85' lang='grc' dir='ltr'>σφόδρα</span> <span class='ocrx_word' id='word_1_273' title='bbox 1865 2138 2073 2200; x_wconf 79' lang='lat' dir='ltr'><strong>libus,t</strong></span> 
     </span>
    </p>
   </div>
   <div class='ocr_carea' id='block_1_39' title="bbox 1554 2133 3429 2209">
    <p class='ocr_par' dir='ltr' id='par_1_39' title="bbox 1560 2133 3429 2207">
     <span class='ocr_line' id='line_1_39' title="bbox 1560 2133 3429 2207; baseline -0.005 -16"><span class='ocrx_word' id='word_1_274' title='bbox 1560 2138 1764 2207; x_wconf 85' lang='grc' dir='ltr'>σφόδρα</span> <span class='ocrx_word' id='word_1_275' title='bbox 1865 2138 2031 2200; x_wconf 85' lang='lat' dir='ltr'><strong>tibus,</strong></span> <span class='ocrx_word' id='word_1_276' title='bbox 2060 2137 2191 2190; x_wconf 87' lang='lat' dir='ltr'><strong>etin</strong></span> <span class='ocrx_word' id='word_1_277' title='bbox 2223 2143 2542 2204; x_wconf 88' lang='lat' dir='ltr'><strong>potestatem</strong></span> <span class='ocrx_word' id='word_1_278' title='bbox 2579 2149 2643 2188; x_wconf 91' lang='lat' dir='ltr'><strong>ac</strong></span> <span class='ocrx_word' id='word_1_279' title='bbox 2688 2134 3004 2187; x_wconf 84' lang='lat' dir='ltr'><strong>servitutem</strong></span> <span class='ocrx_word' id='word_1_280' title='bbox 3039 2133 3429 2201; x_wconf 77' lang='lat' dir='ltr'><strong>retligcntilms,</strong></span> 
     </span>
    </p>
   </div>
   <div class='ocr_carea' id='block_1_40' title="bbox 198 2223 2073 2296">
    <p class='ocr_par' dir='ltr' id='par_1_40' title="bbox 198 2226 2073 2296">
     <span class='ocr_line' id='line_1_40' title="bbox 198 2226 2073 2296; baseline 0.002 -21"><span class='ocrx_word' id='word_1_281' title='bbox 198 2228 297 2277; x_wconf 64' lang='grc' dir='ltr'>τὸν</span> <span class='ocrx_word' id='word_1_282' title='bbox 330 2226 458 2279; x_wconf 83' lang='grc' dir='ltr'>νοῦν</span> <span class='ocrx_word' id='word_1_283' title='bbox 508 2227 765 2291; x_wconf 80' lang='grc' dir='ltr'>καθάπαξ</span> <span class='ocrx_word' id='word_1_284' title='bbox 793 2229 986 2284; x_wconf 76' lang='grc' dir='ltr'>ἑαυτὸν</span> <span class='ocrx_word' id='word_1_285' title='bbox 1015 2229 1375 2295; x_wconf 82' lang='grc' dir='ltr'>ἐκδεδωκότα,</span> <span class='ocrx_word' id='word_1_286' title='bbox 1412 2231 1511 2283; x_wconf 91' lang='grc' dir='ltr'><strong>ούκ</strong></span> <span class='ocrx_word' id='word_1_287' title='bbox 1542 2231 1767 2293; x_wconf 79' lang='grc' dir='ltr'>ἀπεικὸς</span> <span class='ocrx_word' id='word_1_288' title='bbox 1866 2245 1897 2284; x_wconf 86' lang='lat' dir='ltr'><strong>a</strong></span> <span class='ocrx_word' id='word_1_289' title='bbox 1920 2228 2073 2296; x_wconf 81' lang='lat' dir='ltr'><strong>cogit:</strong></span> 
     </span>
    </p>
   </div>
   <div class='ocr_carea' id='block_1_41' title="bbox 1555 2223 3430 2296">
    <p class='ocr_par' dir='ltr' id='par_1_41' title="bbox 1555 2223 3430 2296">
     <span class='ocr_line' id='line_1_41' title="bbox 1555 2223 3430 2296; baseline -0.005 -14"><span class='ocrx_word' id='word_1_290' title='bbox 1555 2231 1767 2293; x_wconf 80' lang='grc' dir='ltr'>ἰιπεικδς</span> <span class='ocrx_word' id='word_1_291' title='bbox 1866 2245 1897 2284; x_wconf 91' lang='lat' dir='ltr'><strong>a</strong></span> <span class='ocrx_word' id='word_1_292' title='bbox 1920 2227 2343 2296; x_wconf 74' lang='lat' dir='ltr'><strong>cogitationibus</strong></span> <span class='ocrx_word' id='word_1_293' title='bbox 2368 2226 2529 2280; x_wconf 88' lang='lat' dir='ltr'><strong>saluti</strong></span> <span class='ocrx_word' id='word_1_294' title='bbox 2553 2224 3048 2280; x_wconf 85' lang='lat' dir='ltr'><strong>consulentibusita</strong></span> <span class='ocrx_word' id='word_1_295' title='bbox 3072 2223 3430 2289; x_wconf 73' lang='lat' dir='ltr'><strong>deﬂectit-ms,</strong></span> 
     </span>
    </p>
   </div>
   <div class='ocr_carea' id='block_1_42' title="bbox 196 2316 1763 2390">
    <p class='ocr_par' dir='ltr' id='par_1_42' title="bbox 196 2316 1763 2390">
     <span class='ocr_line' id='line_1_42' title="bbox 196 2316 1763 2390; baseline 0.005 -24"><span class='ocrx_word' id='word_1_296' title='bbox 196 2316 656 2384; x_wconf 81' lang='grc' dir='ltr'>τετυφλωμένους</span> <span class='ocrx_word' id='word_1_297' title='bbox 684 2317 879 2388; x_wconf 77' lang='grc' dir='ltr'>ἔχοντα</span> <span class='ocrx_word' id='word_1_298' title='bbox 906 2318 1033 2381; x_wconf 83' lang='grc' dir='ltr'>τοὺς</span> <span class='ocrx_word' id='word_1_299' title='bbox 1068 2321 1368 2388; x_wconf 79' lang='grc' dir='ltr'>λογισμοὺς</span> <span class='ocrx_word' id='word_1_300' title='bbox 1401 2322 1763 2390; x_wconf 76' lang='grc' dir='ltr'>παραπαίειν,</span> 
     </span>
    </p>
   </div>
   <div class='ocr_carea' id='block_1_43' title="bbox 196 2404 1768 2482">
    <p class='ocr_par' dir='ltr' id='par_1_43' title="bbox 196 2404 1768 2482">
     <span class='ocr_line' id='line_1_43' title="bbox 196 2404 1768 2482; baseline 0.005 -25"><span class='ocrx_word' id='word_1_301' title='bbox 196 2406 445 2474; x_wconf 77' lang='grc' dir='ltr'>ὅπουπερ</span> <span class='ocrx_word' id='word_1_302' title='bbox 476 2404 541 2458; x_wconf 77' lang='grc' dir='ltr'><strong>ἂν</strong></span> <span class='ocrx_word' id='word_1_303' title='bbox 568 2409 980 2476; x_wconf 67' lang='grc' dir='ltr'>πορεύοιτοςκαὶ</span> <span class='ocrx_word' id='word_1_304' title='bbox 1006 2408 1236 2479; x_wconf 75' lang='grc' dir='ltr'>βαδίζοι.</span> <span class='ocrx_word' id='word_1_305' title='bbox 1270 2405 1396 2481; x_wconf 66' lang='grc' dir='ltr'><strong>Ἆρ’</strong></span> <span class='ocrx_word' id='word_1_306' title='bbox 1418 2411 1588 2475; x_wconf 72' lang='grc' dir='ltr'>οὕτως</span> <span class='ocrx_word' id='word_1_307' title='bbox 1616 2411 1768 2482; x_wconf 76' lang='grc' dir='ltr'>ἔχον-</span> 
     </span>
    </p>
   </div>
   <div class='ocr_carea' id='block_1_44' title="bbox 195 2496 1764 2572">
    <p class='ocr_par' dir='ltr' id='par_1_44' title="bbox 195 2496 1764 2572">
     <span class='ocr_line' id='line_1_44' title="bbox 195 2496 1764 2572; baseline 0.006 -25"><span class='ocrx_word' id='word_1_308' title='bbox 195 2512 293 2557; x_wconf 86' lang='grc' dir='ltr'><strong>τες</strong></span> <span class='ocrx_word' id='word_1_309' title='bbox 317 2496 592 2566; x_wconf 75' lang='grc' dir='ltr'>ἄνθρωποι</span> <span class='ocrx_word' id='word_1_310' title='bbox 616 2499 737 2552; x_wconf 87' lang='grc' dir='ltr'>λίαν</span> <span class='ocrx_word' id='word_1_311' title='bbox 760 2499 1042 2568; x_wconf 81' lang='grc' dir='ltr'>ὀλιγώρως</span> <span class='ocrx_word' id='word_1_312' title='bbox 1068 2504 1197 2572; x_wconf 73' lang='grc' dir='ltr'>περὶ</span> <span class='ocrx_word' id='word_1_313' title='bbox 1222 2503 1290 2555; x_wconf 80' lang='grc' dir='ltr'>τὰ</span> <span class='ocrx_word' id='word_1_314' title='bbox 1330 2504 1542 2565; x_wconf 67' lang='grc' dir='ltr'>δέοντα,</span> <span class='ocrx_word' id='word_1_315' title='bbox 1575 2499 1693 2559; x_wconf 77' lang='grc' dir='ltr'><strong>εἷτά</strong></span> <span class='ocrx_word' id='word_1_316' title='bbox 1714 2523 1764 2557; x_wconf 88' lang='grc' dir='ltr'><strong>τι</strong></span> 
     </span>
    </p>
   </div>
   <div class='ocr_carea' id='block_1_45' title="bbox 199 2589 1766 2664">
    <p class='ocr_par' dir='ltr' id='par_1_45' title="bbox 199 2589 1766 2664">
     <span class='ocr_line' id='line_1_45' title="bbox 199 2589 1766 2664; baseline 0.006 -25"><span class='ocrx_word' id='word_1_317' title='bbox 199 2589 510 2658; x_wconf 81' lang='grc' dir='ltr'>πάσχοντες</span> <span class='ocrx_word' id='word_1_318' title='bbox 549 2590 580 2660; x_wconf 82' lang='grc' dir='ltr'>ἢ</span> <span class='ocrx_word' id='word_1_319' title='bbox 619 2591 924 2657; x_wconf 86' lang='grc' dir='ltr'>ποιοῦντες,</span> <span class='ocrx_word' id='word_1_320' title='bbox 959 2593 1096 2663; x_wconf 81' lang='grc' dir='ltr'>ὅπερ</span> <span class='ocrx_word' id='word_1_321' title='bbox 1138 2594 1194 2645; x_wconf 79' lang='grc' dir='ltr'><strong>ἐν</strong></span> <span class='ocrx_word' id='word_1_322' title='bbox 1241 2595 1406 2664; x_wconf 69' lang='grc' dir='ltr'>μοίρᾳ</span> <span class='ocrx_word' id='word_1_323' title='bbox 1434 2596 1542 2648; x_wconf 89' lang='grc' dir='ltr'><strong>τῶν</strong></span> <span class='ocrx_word' id='word_1_324' title='bbox 1572 2597 1631 2647; x_wconf 82' lang='grc' dir='ltr'><strong>ού</strong></span> <span class='ocrx_word' id='word_1_325' title='bbox 1663 2612 1766 2649; x_wconf 79' lang='grc' dir='ltr'>κα-</span> 
     </span>
    </p>
   </div>
   <div class='ocr_carea' id='block_1_46' title="bbox 194 2680 1768 2754">
    <p class='ocr_par' dir='ltr' id='par_1_46' title="bbox 194 2680 1768 2754">
     <span class='ocr_line' id='line_1_46' title="bbox 194 2680 1768 2754; baseline 0.007 -24"><span class='ocrx_word' id='word_1_326' title='bbox 194 2680 333 2745; x_wconf 77' lang='grc' dir='ltr'>λῶν,</span> <span class='ocrx_word' id='word_1_327' title='bbox 371 2681 597 2744; x_wconf 74' lang='grc' dir='ltr'>ἄκοντές</span> <span class='ocrx_word' id='word_1_328' title='bbox 645 2700 728 2737; x_wconf 84' lang='grc' dir='ltr'><strong>σοι</strong></span> <span class='ocrx_word' id='word_1_329' title='bbox 779 2682 1005 2751; x_wconf 81' lang='grc' dir='ltr'>δόξομεν</span> <span class='ocrx_word' id='word_1_330' title='bbox 1034 2685 1141 2739; x_wconf 72' lang='grc' dir='ltr'>ὑπὸ</span> <span class='ocrx_word' id='word_1_331' title='bbox 1170 2686 1402 2751; x_wconf 79' lang='grc' dir='ltr'>εὐθύνας</span> <span class='ocrx_word' id='word_1_332' title='bbox 1437 2684 1580 2741; x_wconf 79' lang='grc' dir='ltr'>εἶναι</span> <span class='ocrx_word' id='word_1_333' title='bbox 1602 2708 1617 2754; x_wconf 82' lang='grc'>;</span> <span class='ocrx_word' id='word_1_334' title='bbox 1663 2687 1768 2743; x_wconf 70' lang='lat'><strong>06-</strong></span> 
     </span>
    </p>
   </div>
   <div class='ocr_carea' id='block_1_47' title="bbox 196 2771 1768 2847">
    <p class='ocr_par' dir='ltr' id='par_1_47' title="bbox 196 2771 1768 2847">
     <span class='ocr_line' id='line_1_47' title="bbox 196 2771 1768 2847; baseline 0.006 -25"><span class='ocrx_word' id='word_1_335' title='bbox 196 2771 411 2839; x_wconf 60' lang='grc' dir='ltr'>δαμῶς</span> <span class='ocrx_word' id='word_1_336' title='bbox 442 2772 565 2825; x_wconf 77' lang='grc' dir='ltr'>οὐδὲ</span> <span class='ocrx_word' id='word_1_337' title='bbox 593 2775 700 2840; x_wconf 78' lang='grc' dir='ltr'><strong>γὰρ</strong></span> <span class='ocrx_word' id='word_1_338' title='bbox 728 2791 794 2826; x_wconf 90' lang='grc' dir='ltr'><strong>συ</strong></span> <span class='ocrx_word' id='word_1_339' title='bbox 806 2775 1035 2843; x_wconf 78' lang='grc' dir='ltr'>μὸαἰνον</span> <span class='ocrx_word' id='word_1_340' title='bbox 1061 2778 1127 2847; x_wconf 78' lang='grc' dir='ltr'>τῇ</span> <span class='ocrx_word' id='word_1_341' title='bbox 1160 2777 1443 2847; x_wconf 80' lang='grc' dir='ltr'>φρονήσει,</span> <span class='ocrx_word' id='word_1_342' title='bbox 1469 2777 1574 2830; x_wconf 75' lang='grc' dir='ltr'><strong>κᾶν</strong></span> <span class='ocrx_word' id='word_1_343' title='bbox 1609 2777 1768 2832; x_wconf 77' lang='grc' dir='ltr'>οὔπω</span> 
     </span>
    </p>
   </div>
   <div class='ocr_carea' id='block_1_48' title="bbox 198 2863 1767 2942">
    <p class='ocr_par' dir='ltr' id='par_1_48' title="bbox 198 2863 1767 2942">
     <span class='ocr_line' id='line_1_48' title="bbox 198 2863 1767 2942; baseline 0.006 -28"><span class='ocrx_word' id='word_1_344' title='bbox 198 2879 266 2929; x_wconf 89' lang='grc' dir='ltr'><strong>γε</strong></span> <span class='ocrx_word' id='word_1_345' title='bbox 293 2864 374 2925; x_wconf 80' lang='grc' dir='ltr'><strong>είς</strong></span> <span class='ocrx_word' id='word_1_346' title='bbox 404 2863 606 2932; x_wconf 81' lang='grc' dir='ltr'>ἄνδρας</span> <span class='ocrx_word' id='word_1_347' title='bbox 630 2866 813 2935; x_wconf 77' lang='grc' dir='ltr'>τελῇς.</span> <span class='ocrx_word' id='word_1_348' title='bbox 848 2867 914 2919; x_wconf 83' lang='lat' dir='ltr'><strong>El</strong></span> <span class='ocrx_word' id='word_1_349' title='bbox 944 2866 1055 2939; x_wconf 80' lang='grc' dir='ltr'>γὰρ</span> <span class='ocrx_word' id='word_1_350' title='bbox 1100 2868 1167 2935; x_wconf 82' lang='grc' dir='ltr'><strong>δὴ</strong></span> <span class='ocrx_word' id='word_1_351' title='bbox 1214 2870 1312 2923; x_wconf 73' lang='grc' dir='ltr'>καὶ</span> <span class='ocrx_word' id='word_1_352' title='bbox 1362 2870 1585 2942; x_wconf 77' lang='grc' dir='ltr'>ἔρχεται</span> <span class='ocrx_word' id='word_1_353' title='bbox 1628 2872 1767 2941; x_wconf 82' lang='grc' dir='ltr'>πρὸς</span> 
     </span>
    </p>
   </div>
   <div class='ocr_carea' id='block_1_49' title="bbox 194 2954 1766 3033">
    <p class='ocr_par' dir='ltr' id='par_1_49' title="bbox 194 2954 1766 3033">
     <span class='ocr_line' id='line_1_49' title="bbox 194 2954 1766 3033; baseline 0.007 -28"><span class='ocrx_word' id='word_1_354' title='bbox 194 2955 348 3022; x_wconf 73' lang='grc' dir='ltr'>ἡμᾶς</span> <span class='ocrx_word' id='word_1_355' title='bbox 381 2954 451 3006; x_wconf 78' lang='grc' dir='ltr'>τὰ</span> <span class='ocrx_word' id='word_1_356' title='bbox 480 2956 629 3024; x_wconf 84' lang='grc' dir='ltr'>πάθη</span> <span class='ocrx_word' id='word_1_357' title='bbox 660 2958 797 3026; x_wconf 83' lang='grc' dir='ltr'>μετὰ</span> <span class='ocrx_word' id='word_1_358' title='bbox 833 2959 1057 3028; x_wconf 80' lang='grc' dir='ltr'>πολλῆς,</span> <span class='ocrx_word' id='word_1_359' title='bbox 1102 2959 1178 3023; x_wconf 81' lang='grc' dir='ltr'>ὡς</span> <span class='ocrx_word' id='word_1_360' title='bbox 1220 2960 1287 3014; x_wconf 79' lang='grc' dir='ltr'>ἄν</span> <span class='ocrx_word' id='word_1_361' title='bbox 1332 2976 1417 3024; x_wconf 85' lang='grc' dir='ltr'><strong>τις</strong></span> <span class='ocrx_word' id='word_1_362' title='bbox 1464 2964 1633 3028; x_wconf 82' lang='grc' dir='ltr'>είποι,</span> <span class='ocrx_word' id='word_1_363' title='bbox 1667 2964 1766 3033; x_wconf 82' lang='grc' dir='ltr'>τῆς</span> 
     </span>
    </p>
   </div>
   <div class='ocr_carea' id='block_1_50' title="bbox 196 3046 1768 3121">
    <p class='ocr_par' dir='ltr' id='par_1_50' title="bbox 196 3046 1768 3121">
     <span class='ocr_line' id='line_1_50' title="bbox 196 3046 1768 3121; baseline 0.006 -23"><span class='ocrx_word' id='word_1_364' title='bbox 196 3046 406 3115; x_wconf 85' lang='grc' dir='ltr'>σκηνῆς</span> <span class='ocrx_word' id='word_1_365' title='bbox 443 3048 538 3101; x_wconf 60' lang='grc' dir='ltr'><strong>καὶ¹</strong></span> <span class='ocrx_word' id='word_1_366' title='bbox 586 3049 686 3116; x_wconf 87' lang='grc' dir='ltr'><strong>τῆς</strong></span> <span class='ocrx_word' id='word_1_367' title='bbox 732 3050 1097 3120; x_wconf 78' lang='grc' dir='ltr'>ὑποκρίσεως,</span> <span class='ocrx_word' id='word_1_368' title='bbox 1150 3051 1269 3105; x_wconf 63' lang='grc' dir='ltr'>ἀλλ’</span> <span class='ocrx_word' id='word_1_369' title='bbox 1316 3053 1447 3107; x_wconf 84' lang='grc' dir='ltr'>αὐτό</span> <span class='ocrx_word' id='word_1_370' title='bbox 1495 3070 1557 3121; x_wconf 88' lang='grc' dir='ltr'><strong>γε</strong></span> <span class='ocrx_word' id='word_1_371' title='bbox 1605 3054 1768 3108; x_wconf 84' lang='grc' dir='ltr'>τοῦτο</span> 
     </span>
    </p>
   </div>
   <div class='ocr_carea' id='block_1_51' title="bbox 200 3139 1766 3216">
    <p class='ocr_par' dir='ltr' id='par_1_51' title="bbox 200 3139 1766 3216">
     <span class='ocr_line' id='line_1_51' title="bbox 200 3139 1766 3216; baseline 0.006 -27"><span class='ocrx_word' id='word_1_372' title='bbox 200 3139 354 3206; x_wconf 77' lang='grc' dir='ltr'>ἡμᾶς</span> <span class='ocrx_word' id='word_1_373' title='bbox 381 3140 440 3191; x_wconf 86' lang='grc' dir='ltr'><strong>ού</strong></span> <span class='ocrx_word' id='word_1_374' title='bbox 476 3139 667 3210; x_wconf 73' lang='grc' dir='ltr'>λέληθε</span> <span class='ocrx_word' id='word_1_375' title='bbox 708 3141 949 3204; x_wconf 78' lang='grc' dir='ltr'>πάντως,</span> <span class='ocrx_word' id='word_1_376' title='bbox 980 3142 1055 3207; x_wconf 82' lang='grc' dir='ltr'>ὡς</span> <span class='ocrx_word' id='word_1_377' title='bbox 1095 3144 1349 3208; x_wconf 76' lang='grc' dir='ltr'>ὑπούλως</span> <span class='ocrx_word' id='word_1_378' title='bbox 1399 3144 1641 3216; x_wconf 79' lang='grc' dir='ltr'>ἔρχεται,</span> <span class='ocrx_word' id='word_1_379' title='bbox 1672 3148 1766 3199; x_wconf 80' lang='grc' dir='ltr'>καὶ</span> 
     </span>
    </p>
   </div>
   <div class='ocr_carea' id='block_1_52' title="bbox 1868 2314 3434 2388">
    <p class='ocr_par' dir='ltr' id='par_1_52' title="bbox 1868 2314 3434 2388">
     <span class='ocr_line' id='line_1_52' title="bbox 1868 2314 3434 2388; baseline -0.006 -13"><span class='ocrx_word' id='word_1_380' title='bbox 1868 2330 1926 2376; x_wconf 90' lang='grc' dir='ltr'><strong>ιιι</strong></span> <span class='ocrx_word' id='word_1_381' title='bbox 1953 2336 2019 2374; x_wconf 92' lang='lat' dir='ltr'><strong>ne</strong></span> <span class='ocrx_word' id='word_1_382' title='bbox 2044 2319 2113 2373; x_wconf 89' lang='lat' dir='ltr'><strong>ab</strong></span> <span class='ocrx_word' id='word_1_383' title='bbox 2147 2319 2213 2374; x_wconf 91' lang='lat' dir='ltr'><strong>iis</strong></span> <span class='ocrx_word' id='word_1_384' title='bbox 2238 2318 2480 2388; x_wconf 85' lang='lat' dir='ltr'><strong>quidem,</strong></span> <span class='ocrx_word' id='word_1_385' title='bbox 2510 2332 2630 2385; x_wconf 66' lang='lat' dir='ltr'><strong>quae</strong></span> <span class='ocrx_word' id='word_1_386' title='bbox 2662 2324 2903 2371; x_wconf 76' lang='lat' dir='ltr'><strong>extreme</strong></span> <span class='ocrx_word' id='word_1_387' title='bbox 2933 2314 3097 2368; x_wconf 90' lang='lat' dir='ltr'><strong>nimia</strong></span> <span class='ocrx_word' id='word_1_388' title='bbox 3126 2326 3273 2376; x_wconf 90' lang='lat' dir='ltr'><strong>sunt,</strong></span> <span class='ocrx_word' id='word_1_389' title='bbox 3308 2315 3434 2367; x_wconf 78' lang='lat' dir='ltr'><strong>abs-</strong></span> 
     </span>
    </p>
   </div>
   <div class='ocr_carea' id='block_1_53' title="bbox 1868 2407 3429 2481">
    <p class='ocr_par' dir='ltr' id='par_1_53' title="bbox 1868 2407 3429 2481">
     <span class='ocr_line' id='line_1_53' title="bbox 1868 2407 3429 2481; baseline -0.008 -12"><span class='ocrx_word' id='word_1_390' title='bbox 1868 2415 2156 2469; x_wconf 89' lang='lat' dir='ltr'><strong>tineamus.</strong></span> <span class='ocrx_word' id='word_1_391' title='bbox 2203 2413 2373 2481; x_wconf 84' lang='lat' dir='ltr'><strong>Atque</strong></span> <span class='ocrx_word' id='word_1_392' title='bbox 2404 2411 2481 2464; x_wconf 90' lang='lat' dir='ltr'><strong>uti</strong></span> <span class='ocrx_word' id='word_1_393' title='bbox 2516 2410 2779 2465; x_wconf 88' lang='lat' dir='ltr'><strong>malorum</strong></span> <span class='ocrx_word' id='word_1_394' title='bbox 2810 2409 3251 2476; x_wconf 82' lang='lat' dir='ltr'><strong>exsuperantiam</strong></span> <span class='ocrx_word' id='word_1_395' title='bbox 3292 2407 3429 2459; x_wconf 87' lang='lat' dir='ltr'><strong>indi-</strong></span> 
     </span>
    </p>
   </div>
   <div class='ocr_carea' id='block_1_54' title="bbox 1866 2500 3431 2570">
    <p class='ocr_par' dir='ltr' id='par_1_54' title="bbox 1866 2500 3431 2570">
     <span class='ocr_line' id='line_1_54' title="bbox 1866 2500 3431 2570; baseline -0.008 -8"><span class='ocrx_word' id='word_1_396' title='bbox 1866 2522 2006 2570; x_wconf 91' lang='lat' dir='ltr'><strong>cem,</strong></span> <span class='ocrx_word' id='word_1_397' title='bbox 2047 2518 2204 2559; x_wconf 91' lang='lat' dir='ltr'><strong>usum</strong></span> <span class='ocrx_word' id='word_1_398' title='bbox 2235 2503 2582 2557; x_wconf 80' lang='lat' dir='ltr'><strong>scelestorum</strong></span> <span class='ocrx_word' id='word_1_399' title='bbox 2618 2501 2670 2555; x_wconf 91' lang='lat' dir='ltr'><strong>in</strong></span> <span class='ocrx_word' id='word_1_400' title='bbox 2703 2500 2862 2554; x_wconf 88' lang='lat' dir='ltr'><strong>laude</strong></span> <span class='ocrx_word' id='word_1_401' title='bbox 2885 2500 3157 2567; x_wconf 86' lang='lat' dir='ltr'><strong>ponimus,</strong></span> <span class='ocrx_word' id='word_1_402' title='bbox 3188 2509 3239 2552; x_wconf 91' lang='lat' dir='ltr'><strong>et</strong></span> <span class='ocrx_word' id='word_1_403' title='bbox 3264 2500 3332 2552; x_wconf 91' lang='lat' dir='ltr'><strong>ob</strong></span> <span class='ocrx_word' id='word_1_404' title='bbox 3370 2514 3431 2551; x_wconf 78' lang='lat' dir='ltr'><strong>ea</strong></span> 
     </span>
    </p>
   </div>
   <div class='ocr_carea' id='block_1_55' title="bbox 1867 2590 3431 2668">
    <p class='ocr_par' dir='ltr' id='par_1_55' title="bbox 1867 2590 3431 2668">
     <span class='ocr_line' id='line_1_55' title="bbox 1867 2590 3431 2668; baseline -0.004 -17"><span class='ocrx_word' id='word_1_405' title='bbox 1867 2612 2096 2668; x_wconf 89' lang='lat' dir='ltr'><strong>quorum</strong></span> <span class='ocrx_word' id='word_1_406' title='bbox 2131 2609 2229 2650; x_wconf 91' lang='lat' dir='ltr'><strong>nos</strong></span> <span class='ocrx_word' id='word_1_407' title='bbox 2260 2594 2463 2664; x_wconf 81' lang='lat' dir='ltr'><strong>pudere</strong></span> <span class='ocrx_word' id='word_1_408' title='bbox 2490 2592 2913 2661; x_wconf 88' lang='lat' dir='ltr'><strong>debebat,plane</strong></span> <span class='ocrx_word' id='word_1_409' title='bbox 2939 2590 3277 2661; x_wconf 82' lang='lat' dir='ltr'><strong>gloriabundi</strong></span> <span class='ocrx_word' id='word_1_410' title='bbox 3302 2604 3431 2645; x_wconf 79' lang='lat' dir='ltr'><strong>nos-</strong></span> 
     </span>
    </p>
   </div>
   <div class='ocr_carea' id='block_1_56' title="bbox 1867 2683 3436 2754">
    <p class='ocr_par' dir='ltr' id='par_1_56' title="bbox 1867 2683 3436 2754">
     <span class='ocr_line' id='line_1_56' title="bbox 1867 2683 3436 2754; baseline -0.006 -10"><span class='ocrx_word' id='word_1_411' title='bbox 1867 2696 1979 2745; x_wconf 89' lang='lat' dir='ltr'><strong>met</strong></span> <span class='ocrx_word' id='word_1_412' title='bbox 2016 2688 2386 2750; x_wconf 88' lang='lat' dir='ltr'><strong>ostendamus,</strong></span> <span class='ocrx_word' id='word_1_413' title='bbox 2414 2699 2602 2739; x_wconf 89' lang='lat' dir='ltr'><strong>eorum</strong></span> <span class='ocrx_word' id='word_1_414' title='bbox 2638 2698 2788 2739; x_wconf 88' lang='lat' dir='ltr'><strong>more</strong></span> <span class='ocrx_word' id='word_1_415' title='bbox 2817 2683 2911 2754; x_wconf 90' lang='lat' dir='ltr'><strong>qui</strong></span> <span class='ocrx_word' id='word_1_416' title='bbox 2949 2684 3303 2741; x_wconf 85' lang='lat' dir='ltr'><strong>melancholia</strong></span> <span class='ocrx_word' id='word_1_417' title='bbox 3360 2683 3436 2736; x_wconf 81' lang='lat' dir='ltr'><strong>la-</strong></span> 
     </span>
    </p>
   </div>
   <div class='ocr_carea' id='block_1_57' title="bbox 1866 2774 3437 2845">
    <p class='ocr_par' dir='ltr' id='par_1_57' title="bbox 1866 2774 3437 2845">
     <span class='ocr_line' id='line_1_57' title="bbox 1866 2774 3437 2845; baseline -0.004 -11"><span class='ocrx_word' id='word_1_418' title='bbox 1866 2778 2078 2835; x_wconf 88' lang='lat' dir='ltr'><strong>borant.</strong></span> <span class='ocrx_word' id='word_1_419' title='bbox 2110 2778 2219 2833; x_wconf 87' lang='lat' dir='ltr'><strong>Nec</strong></span> <span class='ocrx_word' id='word_1_420' title='bbox 2246 2778 2342 2832; x_wconf 90' lang='lat' dir='ltr'><strong>abs</strong></span> <span class='ocrx_word' id='word_1_421' title='bbox 2376 2791 2451 2832; x_wconf 86' lang='lat' dir='ltr'><strong>re.</strong></span> <span class='ocrx_word' id='word_1_422' title='bbox 2475 2774 2608 2832; x_wconf 87' lang='lat' dir='ltr'><strong>Nom</strong></span> <span class='ocrx_word' id='word_1_423' title='bbox 2657 2776 2749 2845; x_wconf 90' lang='lat' dir='ltr'><strong>qui</strong></span> <span class='ocrx_word' id='word_1_424' title='bbox 2785 2776 2853 2830; x_wconf 90' lang='lat' dir='ltr'><strong>ab</strong></span> <span class='ocrx_word' id='word_1_425' title='bbox 2885 2774 3061 2830; x_wconf 80' lang='lat' dir='ltr'><strong>oﬂicio</strong></span> <span class='ocrx_word' id='word_1_426' title='bbox 3096 2774 3329 2839; x_wconf 77' lang='lat' dir='ltr'><strong>deﬂexit,</strong></span> <span class='ocrx_word' id='word_1_427' title='bbox 3355 2790 3437 2827; x_wconf 85' lang='lat' dir='ltr'><strong>ro-</strong></span> 
     </span>
    </p>
   </div>
   <div class='ocr_carea' id='block_1_58' title="bbox 1867 2867 3435 2941">
    <p class='ocr_par' dir='ltr' id='par_1_58' title="bbox 1867 2867 3435 2941">
     <span class='ocr_line' id='line_1_58' title="bbox 1867 2867 3435 2941; baseline -0.006 -14"><span class='ocrx_word' id='word_1_428' title='bbox 1867 2871 2075 2941; x_wconf 89' lang='lat' dir='ltr'><strong>busque</strong></span> <span class='ocrx_word' id='word_1_429' title='bbox 2132 2878 2367 2925; x_wconf 81' lang='lat' dir='ltr'><strong>mentem</strong></span> <span class='ocrx_word' id='word_1_430' title='bbox 2403 2868 2556 2923; x_wconf 84' lang='lat' dir='ltr'><strong>valde</strong></span> <span class='ocrx_word' id='word_1_431' title='bbox 2581 2867 3054 2937; x_wconf 77' lang='lat' dir='ltr'><strong>corrumpentibus</strong></span> <span class='ocrx_word' id='word_1_432' title='bbox 3086 2867 3319 2937; x_wconf 79' lang='lat' dir='ltr'><strong>Seipsum</strong></span> <span class='ocrx_word' id='word_1_433' title='bbox 3344 2881 3435 2921; x_wconf 88' lang='lat' dir='ltr'><strong>se-</strong></span> 
     </span>
    </p>
   </div>
   <div class='ocr_carea' id='block_1_59' title="bbox 1868 2944 3435 3024">
    <p class='ocr_par' dir='ltr' id='par_1_59' title="bbox 1868 2944 3435 3024">
     <span class='ocr_line' id='line_1_59' title="bbox 1868 2944 3435 3024; baseline -0.003 -7"><span class='ocrx_word' id='word_1_434' title='bbox 1868 2963 1973 3017; x_wconf 88' lang='lat' dir='ltr'><strong>mel</strong></span> <span class='ocrx_word' id='word_1_435' title='bbox 2000 2944 2228 3024; x_wconf 79' lang='lat' dir='ltr'><strong>addixit,</strong></span> <span class='ocrx_word' id='word_1_436' title='bbox 2259 2975 2383 3015; x_wconf 90' lang='lat' dir='ltr'><strong>eum</strong></span> <span class='ocrx_word' id='word_1_437' title='bbox 2423 2968 2847 3017; x_wconf 86' lang='lat' dir='ltr'><strong>consentaneum</strong></span> <span class='ocrx_word' id='word_1_438' title='bbox 2880 2967 2963 3014; x_wconf 87' lang='lat' dir='ltr'><strong>cst</strong></span> <span class='ocrx_word' id='word_1_439' title='bbox 2988 2958 3040 3011; x_wconf 91' lang='lat' dir='ltr'><strong>in</strong></span> <span class='ocrx_word' id='word_1_440' title='bbox 3075 2958 3163 3012; x_wconf 90' lang='lat' dir='ltr'><strong>illa</strong></span> <span class='ocrx_word' id='word_1_441' title='bbox 3193 2959 3435 3013; x_wconf 70' lang='lat' dir='ltr'><strong>caacitate</strong></span> 
     </span>
    </p>
   </div>
   <div class='ocr_carea' id='block_1_60' title="bbox 1867 3050 3435 3122">
    <p class='ocr_par' dir='ltr' id='par_1_60' title="bbox 1867 3050 3435 3122">
     <span class='ocr_line' id='line_1_60' title="bbox 1867 3050 3435 3122; baseline -0.003 -15"><span class='ocrx_word' id='word_1_442' title='bbox 1867 3052 2281 3122; x_wconf 80' lang='lat' dir='ltr'><strong>cogitationum,</strong></span> <span class='ocrx_word' id='word_1_443' title='bbox 2333 3064 2660 3120; x_wconf 87' lang='lat' dir='ltr'><strong>quocunque</strong></span> <span class='ocrx_word' id='word_1_444' title='bbox 2713 3050 2927 3104; x_wconf 89' lang='lat' dir='ltr'><strong>tandem</strong></span> <span class='ocrx_word' id='word_1_445' title='bbox 2987 3058 3172 3121; x_wconf 81' lang='lat' dir='ltr'><strong>pergat</strong></span> <span class='ocrx_word' id='word_1_446' title='bbox 3226 3050 3435 3118; x_wconf 91' lang='lat' dir='ltr'><strong>iterque</strong></span> 
     </span>
    </p>
   </div>
   <div class='ocr_carea' id='block_1_61' title="bbox 1867 3138 3435 3210">
    <p class='ocr_par' dir='ltr' id='par_1_61' title="bbox 1867 3138 3435 3210">
     <span class='ocr_line' id='line_1_61' title="bbox 1867 3138 3435 3210; baseline -0.003 -14"><span class='ocrx_word' id='word_1_447' title='bbox 1867 3142 2083 3210; x_wconf 82' lang='lat' dir='ltr'><strong>dirigat,</strong></span> <span class='ocrx_word' id='word_1_448' title='bbox 2104 3155 2135 3196; x_wconf 83' lang='lat' dir='ltr'><strong>a</strong></span> <span class='ocrx_word' id='word_1_449' title='bbox 2173 3151 2318 3199; x_wconf 88' lang='lat' dir='ltr'><strong>recta</strong></span> <span class='ocrx_word' id='word_1_450' title='bbox 2361 3140 2447 3194; x_wconf 87' lang='lat' dir='ltr'><strong>via</strong></span> <span class='ocrx_word' id='word_1_451' title='bbox 2470 3138 2773 3194; x_wconf 77' lang='lat' dir='ltr'><strong>deﬂectere.</strong></span> <span class='ocrx_word' id='word_1_452' title='bbox 2808 3138 2944 3193; x_wconf 83' lang='lat' dir='ltr'><strong>Num</strong></span> <span class='ocrx_word' id='word_1_453' title='bbox 2972 3154 3101 3205; x_wconf 83' lang='lat' dir='ltr'><strong>ergo</strong></span> <span class='ocrx_word' id='word_1_454' title='bbox 3132 3154 3230 3194; x_wconf 91' lang='lat' dir='ltr'><strong>nos</strong></span> <span class='ocrx_word' id='word_1_455' title='bbox 3255 3140 3435 3192; x_wconf 74' lang='lat' dir='ltr'><strong>Inomi-</strong></span> 
     </span>
    </p>
   </div>
   <div class='ocr_carea' id='block_1_62' title="bbox 198 3230 2073 3310">
    <p class='ocr_par' dir='ltr' id='par_1_62' title="bbox 198 3230 2073 3310">
     <span class='ocr_line' id='line_1_62' title="bbox 198 3230 2073 3310; baseline 0.003 -28"><span class='ocrx_word' id='word_1_456' title='bbox 198 3232 286 3291; x_wconf 82' lang='grc' dir='ltr'><strong>είς</strong></span> <span class='ocrx_word' id='word_1_457' title='bbox 326 3231 427 3293; x_wconf 81' lang='grc' dir='ltr'><strong>τὰς</strong></span> <span class='ocrx_word' id='word_1_458' title='bbox 460 3230 637 3301; x_wconf 78' lang='grc' dir='ltr'>ψυχὰς</span> <span class='ocrx_word' id='word_1_459' title='bbox 691 3234 1035 3304; x_wconf 81' lang='grc' dir='ltr'>καταμικρδν</span> <span class='ocrx_word' id='word_1_460' title='bbox 1089 3236 1459 3291; x_wconf 83' lang='grc' dir='ltr'>ύπεισδύεται.</span> <span class='ocrx_word' id='word_1_461' title='bbox 1517 3239 1627 3290; x_wconf 86' lang='grc' dir='ltr'><strong>Καὶ</strong></span> <span class='ocrx_word' id='word_1_462' title='bbox 1672 3236 1769 3308; x_wconf 76' lang='grc' dir='ltr'>τὴν</span> <span class='ocrx_word' id='word_1_463' title='bbox 1798 3251 1840 3310; x_wconf 78' lang='lat' dir='ltr'>c</span> <span class='ocrx_word' id='word_1_464' title='bbox 1873 3249 1966 3289; x_wconf 88' lang='lat' dir='ltr'><strong>nes</strong></span> <span class='ocrx_word' id='word_1_465' title='bbox 1995 3249 2073 3288; x_wconf 81' lang='lat' dir='ltr'><strong>ttSt</strong></span> 
     </span>
    </p>
   </div>
   <div class='ocr_carea' id='block_1_63' title="bbox 1557 3230 3432 3310">
    <p class='ocr_par' dir='ltr' id='par_1_63' title="bbox 1557 3231 3432 3310">
     <span class='ocr_line' id='line_1_63' title="bbox 1557 3231 3432 3310; baseline -0.002 -21"><span class='ocrx_word' id='word_1_466' title='bbox 1557 3239 1627 3290; x_wconf 82' lang='grc' dir='ltr'><strong>,αὶ</strong></span> <span class='ocrx_word' id='word_1_467' title='bbox 1672 3236 1769 3308; x_wconf 76' lang='grc' dir='ltr'>τὴν</span> <span class='ocrx_word' id='word_1_468' title='bbox 1798 3251 1840 3310; x_wconf 72' lang='grc' dir='ltr'>ο</span> <span class='ocrx_word' id='word_1_469' title='bbox 1873 3249 1966 3289; x_wconf 89' lang='lat' dir='ltr'><strong>nes</strong></span> <span class='ocrx_word' id='word_1_470' title='bbox 1995 3247 2163 3303; x_wconf 89' lang='lat' dir='ltr'><strong>usque</strong></span> <span class='ocrx_word' id='word_1_471' title='bbox 2196 3232 2331 3287; x_wconf 90' lang='lat' dir='ltr'><strong>adeo</strong></span> <span class='ocrx_word' id='word_1_472' title='bbox 2360 3232 2690 3302; x_wconf 77' lang='lat' dir='ltr'><strong>negligentes</strong></span> <span class='ocrx_word' id='word_1_473' title='bbox 2736 3231 2789 3287; x_wconf 89' lang='lat' dir='ltr'><strong>in</strong></span> <span class='ocrx_word' id='word_1_474' title='bbox 2822 3232 2971 3286; x_wconf 88' lang='lat' dir='ltr'><strong>omni</strong></span> <span class='ocrx_word' id='word_1_475' title='bbox 3005 3231 3201 3297; x_wconf 79' lang='lat' dir='ltr'><strong>cilicio,</strong></span> <span class='ocrx_word' id='word_1_476' title='bbox 3233 3233 3277 3286; x_wconf 93' lang='lat' dir='ltr'><strong>si</strong></span> <span class='ocrx_word' id='word_1_477' title='bbox 3303 3232 3432 3299; x_wconf 81' lang='lat' dir='ltr'><strong>quid</strong></span> 
     </span>
    </p>
   </div>
   <div class='ocr_carea' id='block_1_64' title="bbox 198 3320 2073 3396">
    <p class='ocr_par' dir='ltr' id='par_1_64' title="bbox 198 3320 2061 3396">
     <span class='ocr_line' id='line_1_64' title="bbox 198 3320 2061 3396; baseline 0.003 -25"><span class='ocrx_word' id='word_1_478' title='bbox 198 3320 381 3388; x_wconf 76' lang='grc' dir='ltr'>ἀρχὴν</span> <span class='ocrx_word' id='word_1_479' title='bbox 438 3321 687 3374; x_wconf 82' lang='grc' dir='ltr'>είσδύντα</span> <span class='ocrx_word' id='word_1_480' title='bbox 751 3324 1178 3394; x_wconf 87' lang='grc' dir='ltr'>δουλοπρεπῶς,</span> <span class='ocrx_word' id='word_1_481' title='bbox 1243 3324 1439 3379; x_wconf 75' lang='grc' dir='ltr'>ἔπειτα</span> <span class='ocrx_word' id='word_1_482' title='bbox 1501 3326 1764 3396; x_wconf 81' lang='grc' dir='ltr'>κατάρχει</span> <span class='ocrx_word' id='word_1_483' title='bbox 1864 3324 2061 3381; x_wconf 90' lang='lat' dir='ltr'><strong>deinde</strong></span> 
     </span>
    </p>
   </div>
   <div class='ocr_carea' id='block_1_65' title="bbox 1560 3320 3435 3396">
    <p class='ocr_par' dir='ltr' id='par_1_65' title="bbox 1560 3323 3435 3396">
     <span class='ocr_line' id='line_1_65' title="bbox 1560 3323 3435 3396; baseline 0 -19"><span class='ocrx_word' id='word_1_484' title='bbox 1560 3326 1764 3396; x_wconf 81' lang='grc' dir='ltr'>ιτάρχει</span> <span class='ocrx_word' id='word_1_485' title='bbox 1864 3324 2061 3381; x_wconf 87' lang='lat' dir='ltr'><strong>deinde</strong></span> <span class='ocrx_word' id='word_1_486' title='bbox 2092 3323 2177 3377; x_wconf 86' lang='lat' dir='ltr'><strong>vel</strong></span> <span class='ocrx_word' id='word_1_487' title='bbox 2214 3323 2488 3391; x_wconf 84' lang='lat' dir='ltr'><strong>patiamur</strong></span> <span class='ocrx_word' id='word_1_488' title='bbox 2516 3324 2598 3377; x_wconf 91' lang='lat' dir='ltr'><strong>vel</strong></span> <span class='ocrx_word' id='word_1_489' title='bbox 2623 3324 2888 3379; x_wconf 72' lang='lat' dir='ltr'><strong>faciamus</strong></span> <span class='ocrx_word' id='word_1_490' title='bbox 2910 3325 3150 3378; x_wconf 87' lang='lat' dir='ltr'><strong>alienum</strong></span> <span class='ocrx_word' id='word_1_491' title='bbox 3178 3325 3245 3377; x_wconf 89' lang='lat' dir='ltr'><strong>ab</strong></span> <span class='ocrx_word' id='word_1_492' title='bbox 3271 3325 3435 3377; x_wconf 87' lang='lat' dir='ltr'><strong>hone-</strong></span> 
     </span>
    </p>
   </div>
   <div class='ocr_carea' id='block_1_66' title="bbox 199 3409 2074 3487">
    <p class='ocr_par' dir='ltr' id='par_1_66' title="bbox 199 3409 2074 3487">
     <span class='ocr_line' id='line_1_66' title="bbox 199 3409 2074 3487; baseline 0.003 -26"><span class='ocrx_word' id='word_1_493' title='bbox 199 3409 542 3474; x_wconf 76' lang='grc' dir='ltr'>δεσποτικῶς</span> <span class='ocrx_word' id='word_1_494' title='bbox 566 3429 587 3487; x_wconf 77' lang='lat'>&#39;_</span> <span class='ocrx_word' id='word_1_495' title='bbox 618 3416 714 3465; x_wconf 74' lang='grc' dir='ltr'>καὶ</span> <span class='ocrx_word' id='word_1_496' title='bbox 749 3415 777 3467; x_wconf 84' lang='grc' dir='ltr'><strong>ό</strong></span> <span class='ocrx_word' id='word_1_497' title='bbox 816 3414 876 3466; x_wconf 80' lang='grc' dir='ltr'>τὸ</span> <span class='ocrx_word' id='word_1_498' title='bbox 905 3414 1059 3478; x_wconf 80' lang='grc' dir='ltr'>τέλος</span> <span class='ocrx_word' id='word_1_499' title='bbox 1090 3416 1268 3481; x_wconf 74' lang='grc' dir='ltr'>εἰδὼς,</span> <span class='ocrx_word' id='word_1_500' title='bbox 1320 3419 1416 3469; x_wconf 83' lang='grc' dir='ltr'>καὶ</span> <span class='ocrx_word' id='word_1_501' title='bbox 1445 3417 1545 3486; x_wconf 83' lang='grc' dir='ltr'>τὴν</span> <span class='ocrx_word' id='word_1_502' title='bbox 1580 3419 1759 3487; x_wconf 77' lang='grc' dir='ltr'>ἀρχὴν</span> <span class='ocrx_word' id='word_1_503' title='bbox 1865 3424 1972 3477; x_wconf 88' lang='lat' dir='ltr'><strong>sto,</strong></span> <span class='ocrx_word' id='word_1_504' title='bbox 2008 3414 2074 3467; x_wconf 77' lang='lat' dir='ltr'><strong>in‘</strong></span> 
     </span>
    </p>
   </div>
   <div class='ocr_carea' id='block_1_67' title="bbox 1564 3409 3439 3487">
    <p class='ocr_par' dir='ltr' id='par_1_67' title="bbox 1580 3413 3439 3487">
     <span class='ocr_line' id='line_1_67' title="bbox 1580 3413 3439 3487; baseline -0.001 -16"><span class='ocrx_word' id='word_1_505' title='bbox 1580 3419 1759 3487; x_wconf 77' lang='grc' dir='ltr'>ἀρχὴν</span> <span class='ocrx_word' id='word_1_506' title='bbox 1865 3424 1972 3477; x_wconf 91' lang='lat' dir='ltr'><strong>sto,</strong></span> <span class='ocrx_word' id='word_1_507' title='bbox 2008 3413 2163 3468; x_wconf 83' lang='lat' dir='ltr'><strong>inviti</strong></span> <span class='ocrx_word' id='word_1_508' title='bbox 2189 3414 2403 3482; x_wconf 82' lang='lat' dir='ltr'><strong>culpam</strong></span> <span class='ocrx_word' id='word_1_509' title='bbox 2435 3413 2701 3467; x_wconf 88' lang='lat' dir='ltr'><strong>sustinere</strong></span> <span class='ocrx_word' id='word_1_510' title='bbox 2734 3413 2828 3468; x_wconf 88' lang='lat' dir='ltr'><strong>tibi</strong></span> <span class='ocrx_word' id='word_1_511' title='bbox 2859 3413 3201 3468; x_wconf 84' lang='lat' dir='ltr'><strong>videbimur?</strong></span> <span class='ocrx_word' id='word_1_512' title='bbox 3228 3413 3439 3482; x_wconf 82' lang='lat' dir='ltr'><strong>Nequa-</strong></span> 
     </span>
    </p>
   </div>
   <div class='ocr_carea' id='block_1_68' title="bbox 204 3485 2079 3578">
    <p class='ocr_par' dir='ltr' id='par_1_68' title="bbox 204 3485 2049 3578">
     <span class='ocr_line' id='line_1_68' title="bbox 204 3485 2049 3578; baseline 0.005 -26"><span class='ocrx_word' id='word_1_513' title='bbox 204 3502 308 3569; x_wconf 69' lang='grc' dir='ltr'><strong>οὐχ</strong></span> <span class='ocrx_word' id='word_1_514' title='bbox 358 3485 662 3567; x_wconf 79' lang='grc' dir='ltr'>ύποσοόῶν,</span> <span class='ocrx_word' id='word_1_515' title='bbox 699 3504 926 3567; x_wconf 83' lang='grc' dir='ltr'>δικαίως</span> <span class='ocrx_word' id='word_1_516' title='bbox 961 3505 1027 3560; x_wconf 75' lang='grc' dir='ltr'>ἂν</span> <span class='ocrx_word' id='word_1_517' title='bbox 1067 3505 1348 3559; x_wconf 88' lang='grc' dir='ltr'>εύθύνοιτο</span> <span class='ocrx_word' id='word_1_518' title='bbox 1395 3510 1489 3561; x_wconf 77' lang='grc' dir='ltr'><strong>καὶ</strong></span> <span class='ocrx_word' id='word_1_519' title='bbox 1521 3506 1766 3577; x_wconf 75' lang='grc' dir='ltr'>περὶτοῦ</span> <span class='ocrx_word' id='word_1_520' title='bbox 1865 3523 2049 3578; x_wconf 90' lang='lat' dir='ltr'><strong>quam.</strong></span> 
     </span>
    </p>
   </div>
   <div class='ocr_carea' id='block_1_69' title="bbox 1560 3485 3435 3578">
    <p class='ocr_par' dir='ltr' id='par_1_69' title="bbox 1563 3506 3435 3578">
     <span class='ocr_line' id='line_1_69' title="bbox 1563 3506 3435 3578; baseline 0 -19"><span class='ocrx_word' id='word_1_521' title='bbox 1563 3508 1648 3577; x_wconf 77' lang='grc' dir='ltr'><strong>ερὶ</strong></span> <span class='ocrx_word' id='word_1_522' title='bbox 1674 3506 1766 3560; x_wconf 87' lang='grc' dir='ltr'><strong>τοῦ</strong></span> <span class='ocrx_word' id='word_1_523' title='bbox 1865 3523 2049 3578; x_wconf 89' lang='lat' dir='ltr'><strong>quam.</strong></span> <span class='ocrx_word' id='word_1_524' title='bbox 2083 3506 2199 3561; x_wconf 82' lang='lat' dir='ltr'><strong>Non</strong></span> <span class='ocrx_word' id='word_1_525' title='bbox 2232 3507 2376 3560; x_wconf 90' lang='lat' dir='ltr'><strong>enim</strong></span> <span class='ocrx_word' id='word_1_526' title='bbox 2409 3508 2548 3575; x_wconf 87' lang='lat' dir='ltr'><strong>apud</strong></span> <span class='ocrx_word' id='word_1_527' title='bbox 2606 3506 2929 3573; x_wconf 88' lang='lat' dir='ltr'><strong>prudentem</strong></span> <span class='ocrx_word' id='word_1_528' title='bbox 2962 3507 3068 3561; x_wconf 87' lang='lat' dir='ltr'><strong>hoc</strong></span> <span class='ocrx_word' id='word_1_529' title='bbox 3130 3507 3327 3561; x_wconf 82' lang='lat' dir='ltr'><strong>habere</strong></span> <span class='ocrx_word' id='word_1_530' title='bbox 3356 3508 3435 3559; x_wconf 81' lang='lat' dir='ltr'><strong>lo-</strong></span> 
     </span>
    </p>
   </div>
   <div class='ocr_carea' id='block_1_70' title="bbox 201 3591 3440 3667">
    <p class='ocr_par' dir='ltr' id='par_1_70' title="bbox 201 3591 3440 3667">
     <span class='ocr_line' id='line_1_70' title="bbox 201 3591 3440 3667; baseline -0.002 -14"><span class='ocrx_word' id='word_1_531' title='bbox 201 3591 416 3653; x_wconf 68' lang='grc' dir='ltr'><strong>τέλους.</strong></span> <span class='ocrx_word' id='word_1_532' title='bbox 1868 3614 1989 3653; x_wconf 91' lang='lat' dir='ltr'><strong>cum</strong></span> <span class='ocrx_word' id='word_1_533' title='bbox 2019 3606 2214 3667; x_wconf 88' lang='lat' dir='ltr'><strong>potest,</strong></span> <span class='ocrx_word' id='word_1_534' title='bbox 2247 3596 2461 3650; x_wconf 91' lang='lat' dir='ltr'><strong>etiamsi</strong></span> <span class='ocrx_word' id='word_1_535' title='bbox 2490 3595 2699 3649; x_wconf 88' lang='lat' dir='ltr'><strong>virilem</strong></span> <span class='ocrx_word' id='word_1_536' title='bbox 2732 3596 2961 3650; x_wconf 87' lang='lat' dir='ltr'><strong>necdum</strong></span> <span class='ocrx_word' id='word_1_537' title='bbox 2990 3604 3197 3650; x_wconf 57' lang='lat' dir='ltr'><strong>atatem</strong></span> <span class='ocrx_word' id='word_1_538' title='bbox 3247 3596 3440 3665; x_wconf 80' lang='lat' dir='ltr'><strong>attige-</strong></span> 
     </span>
    </p>
   </div>
   <div class='ocr_carea' id='block_1_71' title="bbox 204 3684 3435 3765">
    <p class='ocr_par' dir='ltr' id='par_1_71' title="bbox 204 3684 3435 3765">
     <span class='ocr_line' id='line_1_71' title="bbox 204 3684 3435 3765; baseline 0.002 -28"><span class='ocrx_word' id='word_1_539' title='bbox 204 3684 307 3738; x_wconf 80' lang='lat' dir='ltr'><strong>ris.</strong></span> <span class='ocrx_word' id='word_1_540' title='bbox 341 3684 476 3738; x_wconf 83' lang='lat' dir='ltr'><strong>Nam</strong></span> <span class='ocrx_word' id='word_1_541' title='bbox 508 3702 815 3765; x_wconf 82' lang='lat' dir='ltr'><strong>quanquam</strong></span> <span class='ocrx_word' id='word_1_542' title='bbox 846 3688 1108 3744; x_wconf 86' lang='lat' dir='ltr'><strong>accedunt</strong></span> <span class='ocrx_word' id='word_1_543' title='bbox 1141 3690 1204 3744; x_wconf 91' lang='lat' dir='ltr'><strong>ad</strong></span> <span class='ocrx_word' id='word_1_544' title='bbox 1242 3707 1342 3746; x_wconf 90' lang='lat' dir='ltr'><strong>nos</strong></span> <span class='ocrx_word' id='word_1_545' title='bbox 1392 3693 1530 3745; x_wconf 86' lang='lat' dir='ltr'><strong>mala</strong></span> <span class='ocrx_word' id='word_1_546' title='bbox 1585 3693 1776 3757; x_wconf 86' lang='lat' dir='ltr'><strong>multo,</strong></span> <span class='ocrx_word' id='word_1_547' title='bbox 1814 3702 1874 3747; x_wconf 91' lang='lat' dir='ltr'><strong>ut</strong></span> <span class='ocrx_word' id='word_1_548' title='bbox 1900 3692 1977 3749; x_wconf 89' lang='lat' dir='ltr'><strong>sic</strong></span> <span class='ocrx_word' id='word_1_549' title='bbox 2002 3692 2212 3761; x_wconf 89' lang='lat' dir='ltr'><strong>loquar,</strong></span> <span class='ocrx_word' id='word_1_550' title='bbox 2239 3705 2361 3745; x_wconf 92' lang='lat' dir='ltr'><strong>cum</strong></span> <span class='ocrx_word' id='word_1_551' title='bbox 2395 3698 2657 3759; x_wconf 90' lang='lat' dir='ltr'><strong>apparatu</strong></span> <span class='ocrx_word' id='word_1_552' title='bbox 2686 3691 2908 3745; x_wconf 80' lang='lat' dir='ltr'><strong>scenico</strong></span> <span class='ocrx_word' id='word_1_553' title='bbox 2936 3698 2992 3745; x_wconf 91' lang='lat' dir='ltr'><strong>et</strong></span> <span class='ocrx_word' id='word_1_554' title='bbox 3064 3690 3435 3752; x_wconf 82' lang='lat' dir='ltr'><strong>simulatione,</strong></span> 
     </span>
    </p>
   </div>
   <div class='ocr_carea' id='block_1_72' title="bbox 204 3780 3434 3852">
    <p class='ocr_par' dir='ltr' id='par_1_72' title="bbox 204 3780 3434 3852">
     <span class='ocr_line' id='line_1_72' title="bbox 204 3780 3434 3852; baseline 0.002 -23"><span class='ocrx_word' id='word_1_555' title='bbox 204 3786 392 3831; x_wconf 74' lang='lat' dir='ltr'><strong>tamen</strong></span> <span class='ocrx_word' id='word_1_556' title='bbox 453 3780 554 3849; x_wconf 89' lang='lat' dir='ltr'><strong>ipsi</strong></span> <span class='ocrx_word' id='word_1_557' title='bbox 594 3797 939 3851; x_wconf 88' lang='lat' dir='ltr'><strong>nequaquam</strong></span> <span class='ocrx_word' id='word_1_558' title='bbox 996 3782 1311 3852; x_wconf 75' lang='lat' dir='ltr'><strong>ignoramus</strong></span> <span class='ocrx_word' id='word_1_559' title='bbox 1338 3799 1399 3838; x_wconf 90' lang='lat' dir='ltr'><strong>ea</strong></span> <span class='ocrx_word' id='word_1_560' title='bbox 1447 3785 1673 3841; x_wconf 88' lang='lat' dir='ltr'><strong>subdole</strong></span> <span class='ocrx_word' id='word_1_561' title='bbox 1722 3799 1786 3843; x_wconf 81' lang='lat' dir='ltr'><strong>ac</strong></span> <span class='ocrx_word' id='word_1_562' title='bbox 1857 3784 2227 3839; x_wconf 77' lang='lat' dir='ltr'><strong>fraudulenter</strong></span> <span class='ocrx_word' id='word_1_563' title='bbox 2305 3782 2587 3847; x_wconf 84' lang='lat' dir='ltr'><strong>accedere,</strong></span> <span class='ocrx_word' id='word_1_564' title='bbox 2663 3780 3031 3851; x_wconf 87' lang='lat' dir='ltr'><strong>paulatimque</strong></span> <span class='ocrx_word' id='word_1_565' title='bbox 3099 3792 3311 3837; x_wconf 81' lang='lat' dir='ltr'><strong>nostros</strong></span> <span class='ocrx_word' id='word_1_566' title='bbox 3384 3785 3434 3836; x_wconf 79' lang='lat' dir='ltr'><strong>in</strong></span> 
     </span>
    </p>
   </div>
   <div class='ocr_carea' id='block_1_73' title="bbox 206 3870 3436 3943">
    <p class='ocr_par' dir='ltr' id='par_1_73' title="bbox 206 3870 3436 3943">
     <span class='ocr_line' id='line_1_73' title="bbox 206 3870 3436 3943; baseline 0.002 -23"><span class='ocrx_word' id='word_1_567' title='bbox 206 3870 427 3923; x_wconf 86' lang='lat' dir='ltr'><strong>animos</strong></span> <span class='ocrx_word' id='word_1_568' title='bbox 460 3872 733 3938; x_wconf 86' lang='lat' dir='ltr'><strong>irrepere:</strong></span> <span class='ocrx_word' id='word_1_569' title='bbox 766 3885 1004 3940; x_wconf 90' lang='lat' dir='ltr'><strong>cumque</strong></span> <span class='ocrx_word' id='word_1_570' title='bbox 1066 3872 1317 3929; x_wconf 83' lang='lat' dir='ltr'><strong>servilem</strong></span> <span class='ocrx_word' id='word_1_571' title='bbox 1386 3874 1438 3927; x_wconf 91' lang='lat' dir='ltr'><strong>in</strong></span> <span class='ocrx_word' id='word_1_572' title='bbox 1504 3875 1725 3928; x_wconf 87' lang='lat' dir='ltr'><strong>modum</strong></span> <span class='ocrx_word' id='word_1_573' title='bbox 1774 3873 1927 3928; x_wconf 89' lang='lat' dir='ltr'><strong>initio</strong></span> <span class='ocrx_word' id='word_1_574' title='bbox 1980 3875 2267 3943; x_wconf 91' lang='lat' dir='ltr'><strong>irrepsere,</strong></span> <span class='ocrx_word' id='word_1_575' title='bbox 2327 3874 2583 3941; x_wconf 88' lang='lat' dir='ltr'><strong>deinceps</strong></span> <span class='ocrx_word' id='word_1_576' title='bbox 2637 3871 2881 3926; x_wconf 83' lang='lat' dir='ltr'><strong>heriiiter</strong></span> <span class='ocrx_word' id='word_1_577' title='bbox 2934 3871 3224 3941; x_wconf 90' lang='lat' dir='ltr'><strong>imperium</strong></span> <span class='ocrx_word' id='word_1_578' title='bbox 3277 3889 3436 3929; x_wconf 81' lang='lat' dir='ltr'><strong>exer-</strong></span> 
     </span>
    </p>
   </div>
   <div class='ocr_carea' id='block_1_74' title="bbox 203 3957 3436 4035">
    <p class='ocr_par' dir='ltr' id='par_1_74' title="bbox 203 3957 3436 4035">
     <span class='ocr_line' id='line_1_74' title="bbox 203 3957 3436 4035; baseline 0.003 -26"><span class='ocrx_word' id='word_1_579' title='bbox 203 3967 352 4010; x_wconf 86' lang='lat' dir='ltr'><strong>cent.</strong></span> <span class='ocrx_word' id='word_1_580' title='bbox 378 3957 498 4012; x_wconf 83' lang='lat' dir='ltr'><strong>Jam</strong></span> <span class='ocrx_word' id='word_1_581' title='bbox 526 3958 614 4028; x_wconf 90' lang='lat' dir='ltr'><strong>qui</strong></span> <span class='ocrx_word' id='word_1_582' title='bbox 649 3959 813 4014; x_wconf 83' lang='lat' dir='ltr'><strong>linem</strong></span> <span class='ocrx_word' id='word_1_583' title='bbox 833 3969 1178 4030; x_wconf 84' lang='lat' dir='ltr'><strong>perspectum</strong></span> <span class='ocrx_word' id='word_1_584' title='bbox 1204 3960 1437 4029; x_wconf 86' lang='lat' dir='ltr'><strong>habens,</strong></span> <span class='ocrx_word' id='word_1_585' title='bbox 1464 3963 1791 4033; x_wconf 84' lang='lat' dir='ltr'><strong>principium</strong></span> <span class='ocrx_word' id='word_1_586' title='bbox 1830 3979 1940 4022; x_wconf 80' lang='lat' dir='ltr'><strong>non</strong></span> <span class='ocrx_word' id='word_1_587' title='bbox 1973 3972 2141 4029; x_wconf 87' lang='lat' dir='ltr'><strong>arcet,</strong></span> <span class='ocrx_word' id='word_1_588' title='bbox 2176 3963 2222 4019; x_wconf 90' lang='lat' dir='ltr'><strong>is</strong></span> <span class='ocrx_word' id='word_1_589' title='bbox 2254 3962 2421 4020; x_wconf 84' lang='lat' dir='ltr'><strong>etiam</strong></span> <span class='ocrx_word' id='word_1_590' title='bbox 2478 3960 2672 4019; x_wconf 92' lang='lat' dir='ltr'><strong>merito</strong></span> <span class='ocrx_word' id='word_1_591' title='bbox 2731 3962 2943 4033; x_wconf 89' lang='lat' dir='ltr'><strong>culpam</strong></span> <span class='ocrx_word' id='word_1_592' title='bbox 3032 3965 3154 4019; x_wconf 88' lang='lat' dir='ltr'><strong>linis</strong></span> <span class='ocrx_word' id='word_1_593' title='bbox 3222 3967 3436 4035; x_wconf 67' lang='lat' dir='ltr'><strong>praesti-</strong></span> 
     </span>
    </p>
   </div>
   <div class='ocr_carea' id='block_1_75' title="bbox 202 4050 353 4104">
    <p class='ocr_par' dir='ltr' id='par_1_75' title="bbox 202 4050 353 4104">
     <span class='ocr_line' id='line_1_75' title="bbox 202 4050 353 4104; baseline -0.013 0"><span class='ocrx_word' id='word_1_594' title='bbox 202 4050 353 4104; x_wconf 70' lang='lat' dir='ltr'><strong>terit.</strong></span> 
     </span>
    </p>
   </div>
   <div class='ocr_carea' id='block_1_76' title="bbox 288 4136 1765 4218">
    <p class='ocr_par' dir='ltr' id='par_1_76' title="bbox 288 4136 1765 4218">
     <span class='ocr_line' id='line_1_76' title="bbox 288 4136 1765 4218; baseline 0.003 -21"><span class='ocrx_word' id='word_1_595' title='bbox 288 4141 515 4210; x_wconf 77' lang='grc' dir='ltr'>’Δληθές</span> <span class='ocrx_word' id='word_1_596' title='bbox 544 4136 638 4196; x_wconf 80' lang='grc' dir='ltr'><strong>οῦν</strong></span> <span class='ocrx_word' id='word_1_597' title='bbox 658 4181 673 4206; x_wconf 87' lang='grc'><strong>,</strong></span> <span class='ocrx_word' id='word_1_598' title='bbox 707 4139 888 4213; x_wconf 70' lang='grc' dir='ltr'>οἶμαι,</span> <span class='ocrx_word' id='word_1_599' title='bbox 937 4146 1188 4213; x_wconf 76' lang='grc' dir='ltr'>φανεῖται</span> <span class='ocrx_word' id='word_1_600' title='bbox 1237 4147 1404 4200; x_wconf 83' lang='grc' dir='ltr'>πᾶσιν</span> <span class='ocrx_word' id='word_1_601' title='bbox 1434 4146 1765 4218; x_wconf 82' lang='grc' dir='ltr'>ἀνθρώποις,</span> 
     </span>
    </p>
   </div>
   <div class='ocr_carea' id='block_1_77' title="bbox 204 4233 1771 4309">
    <p class='ocr_par' dir='ltr' id='par_1_77' title="bbox 204 4233 1771 4309">
     <span class='ocr_line' id='line_1_77' title="bbox 204 4233 1771 4309; baseline 0.004 -24"><span class='ocrx_word' id='word_1_602' title='bbox 204 4235 282 4294; x_wconf 74' lang='grc' dir='ltr'><strong>ὡς</strong></span> <span class='ocrx_word' id='word_1_603' title='bbox 312 4235 381 4285; x_wconf 76' lang='grc' dir='ltr'>τὰ</span> <span class='ocrx_word' id='word_1_604' title='bbox 413 4233 671 4286; x_wconf 78' lang='grc' dir='ltr'>δοκοῦντα</span> <span class='ocrx_word' id='word_1_605' title='bbox 700 4234 871 4301; x_wconf 83' lang='grc' dir='ltr'>κακὰ,</span> <span class='ocrx_word' id='word_1_606' title='bbox 912 4235 962 4288; x_wconf 82' lang='grc' dir='ltr'><strong>ει</strong></span> <span class='ocrx_word' id='word_1_607' title='bbox 1001 4236 1103 4305; x_wconf 75' lang='grc' dir='ltr'>μὶν</span> <span class='ocrx_word' id='word_1_608' title='bbox 1128 4236 1276 4291; x_wconf 78' lang='grc' dir='ltr'>ἐστιν</span> <span class='ocrx_word' id='word_1_609' title='bbox 1308 4239 1547 4308; x_wconf 80' lang='grc' dir='ltr'>ἀληθῶς,</span> <span class='ocrx_word' id='word_1_610' title='bbox 1582 4240 1645 4295; x_wconf 79' lang='grc' dir='ltr'><strong>ἐκ</strong></span> <span class='ocrx_word' id='word_1_611' title='bbox 1672 4240 1771 4309; x_wconf 78' lang='grc' dir='ltr'><strong>τῆς</strong></span> 
     </span>
    </p>
   </div>
   <div class='ocr_carea' id='block_1_78' title="bbox 204 4324 1773 4397">
    <p class='ocr_par' dir='ltr' id='par_1_78' title="bbox 204 4324 1773 4397">
     <span class='ocr_line' id='line_1_78' title="bbox 204 4324 1773 4397; baseline 0.004 -22"><span class='ocrx_word' id='word_1_612' title='bbox 204 4324 587 4393; x_wconf 77' lang='grc' dir='ltr'>προαιρέσεως</span> <span class='ocrx_word' id='word_1_613' title='bbox 618 4324 717 4395; x_wconf 81' lang='grc' dir='ltr'>τὴν</span> <span class='ocrx_word' id='word_1_614' title='bbox 761 4325 942 4397; x_wconf 77' lang='grc' dir='ltr'>ἀρχὴν</span> <span class='ocrx_word' id='word_1_615' title='bbox 987 4325 1142 4396; x_wconf 70' lang='grc' dir='ltr'>εχει·</span> <span class='ocrx_word' id='word_1_616' title='bbox 1200 4329 1251 4381; x_wconf 85' lang='grc' dir='ltr'><strong>εί</strong></span> <span class='ocrx_word' id='word_1_617' title='bbox 1299 4329 1356 4382; x_wconf 86' lang='grc' dir='ltr'><strong>δὲ</strong></span> <span class='ocrx_word' id='word_1_618' title='bbox 1394 4330 1493 4381; x_wconf 84' lang='grc' dir='ltr'><strong>οὐκ</strong></span> <span class='ocrx_word' id='word_1_619' title='bbox 1530 4329 1677 4382; x_wconf 73' lang='grc' dir='ltr'>ἐστιν</span> <span class='ocrx_word' id='word_1_620' title='bbox 1707 4330 1773 4381; x_wconf 81' lang='grc' dir='ltr'><strong>ἐκ</strong></span> 
     </span>
    </p>
   </div>
   <div class='ocr_carea' id='block_1_79' title="bbox 204 4416 1771 4488">
    <p class='ocr_par' dir='ltr' id='par_1_79' title="bbox 204 4416 1771 4488">
     <span class='ocr_line' id='line_1_79' title="bbox 204 4416 1771 4488; baseline 0.001 -21"><span class='ocrx_word' id='word_1_621' title='bbox 204 4416 602 4485; x_wconf 78' lang='grc' dir='ltr'>προαιρέσεως,</span> <span class='ocrx_word' id='word_1_622' title='bbox 648 4417 770 4470; x_wconf 71' lang='grc' dir='ltr'>οὐδὲ</span> <span class='ocrx_word' id='word_1_623' title='bbox 820 4417 1056 4488; x_wconf 71' lang='grc' dir='ltr'>ὑπάρχει</span> <span class='ocrx_word' id='word_1_624' title='bbox 1105 4418 1412 4475; x_wconf 87' lang='grc' dir='ltr'>τοσύνολον.</span> <span class='ocrx_word' id='word_1_625' title='bbox 1464 4419 1624 4476; x_wconf 78' lang='grc' dir='ltr'>Ἀλλὰ</span> <span class='ocrx_word' id='word_1_626' title='bbox 1664 4420 1771 4488; x_wconf 86' lang='grc' dir='ltr'><strong>μὴν</strong></span> 
     </span>
    </p>
   </div>
   <div class='ocr_carea' id='block_1_80' title="bbox 205 4506 1768 4580">
    <p class='ocr_par' dir='ltr' id='par_1_80' title="bbox 205 4506 1768 4580">
     <span class='ocr_line' id='line_1_80' title="bbox 205 4506 1768 4580; baseline 0.001 -20"><span class='ocrx_word' id='word_1_627' title='bbox 205 4510 275 4560; x_wconf 79' lang='grc' dir='ltr'><strong>τα</strong></span> <span class='ocrx_word' id='word_1_628' title='bbox 301 4507 448 4559; x_wconf 77' lang='grc' dir='ltr'>κακὰ</span> <span class='ocrx_word' id='word_1_629' title='bbox 470 4508 563 4557; x_wconf 62' lang='grc' dir='ltr'>τὴν</span> <span class='ocrx_word' id='word_1_630' title='bbox 597 4506 791 4575; x_wconf 81' lang='grc' dir='ltr'>θνητὸν</span> <span class='ocrx_word' id='word_1_631' title='bbox 822 4509 1225 4578; x_wconf 80' lang='grc' dir='ltr'>περιπολοῦντα</span> <span class='ocrx_word' id='word_1_632' title='bbox 1258 4510 1509 4579; x_wconf 81' lang='grc' dir='ltr'>φαίνεται</span> <span class='ocrx_word' id='word_1_633' title='bbox 1539 4512 1768 4580; x_wconf 85' lang='grc' dir='ltr'>κόσμον,</span> 
     </span>
    </p>
   </div>
   <div class='ocr_carea' id='block_1_81' title="bbox 1950 4147 3437 4218">
    <p class='ocr_par' dir='ltr' id='par_1_81' title="bbox 1950 4147 3437 4218">
     <span class='ocr_line' id='line_1_81' title="bbox 1950 4147 3437 4218; baseline 0.003 -17"><span class='ocrx_word' id='word_1_634' title='bbox 1950 4147 2134 4216; x_wconf 87' lang='lat' dir='ltr'><strong>Itaque</strong></span> <span class='ocrx_word' id='word_1_635' title='bbox 2170 4148 2455 4201; x_wconf 77' lang='lat' dir='ltr'><strong>manifesto</strong></span> <span class='ocrx_word' id='word_1_636' title='bbox 2487 4162 2672 4202; x_wconf 91' lang='lat' dir='ltr'><strong>verum</strong></span> <span class='ocrx_word' id='word_1_637' title='bbox 2701 4162 2820 4203; x_wconf 85' lang='lat' dir='ltr'><strong>esse</strong></span> <span class='ocrx_word' id='word_1_638' title='bbox 2851 4156 3023 4217; x_wconf 85' lang='lat' dir='ltr'><strong>paret,</strong></span> <span class='ocrx_word' id='word_1_639' title='bbox 3069 4148 3282 4218; x_wconf 85' lang='lat' dir='ltr'><strong>opinor,</strong></span> <span class='ocrx_word' id='word_1_640' title='bbox 3337 4153 3437 4206; x_wconf 86' lang='lat' dir='ltr'><strong>bo-</strong></span> 
     </span>
    </p>
   </div>
   <div class='ocr_carea' id='block_1_82' title="bbox 1878 4238 3440 4309">
    <p class='ocr_par' dir='ltr' id='par_1_82' title="bbox 1878 4238 3440 4309">
     <span class='ocr_line' id='line_1_82' title="bbox 1878 4238 3440 4309; baseline 0.003 -16"><span class='ocrx_word' id='word_1_641' title='bbox 1878 4239 2117 4294; x_wconf 87' lang='lat' dir='ltr'><strong>minibus</strong></span> <span class='ocrx_word' id='word_1_642' title='bbox 2162 4239 2455 4301; x_wconf 83' lang='lat' dir='ltr'><strong>universis,</strong></span> <span class='ocrx_word' id='word_1_643' title='bbox 2506 4254 2627 4307; x_wconf 65' lang='lat' dir='ltr'><strong>quae</strong></span> <span class='ocrx_word' id='word_1_644' title='bbox 2680 4238 2818 4293; x_wconf 87' lang='lat' dir='ltr'><strong>mala</strong></span> <span class='ocrx_word' id='word_1_645' title='bbox 2875 4248 3153 4309; x_wconf 86' lang='lat' dir='ltr'><strong>putantur,</strong></span> <span class='ocrx_word' id='word_1_646' title='bbox 3214 4243 3258 4295; x_wconf 82' lang='lat' dir='ltr'><strong>si</strong></span> <span class='ocrx_word' id='word_1_647' title='bbox 3317 4260 3440 4299; x_wconf 79' lang='lat' dir='ltr'><strong>vere</strong></span> 
     </span>
    </p>
   </div>
   <div class='ocr_carea' id='block_1_83' title="bbox 1878 4329 3441 4403">
    <p class='ocr_par' dir='ltr' id='par_1_83' title="bbox 1878 4329 3441 4403">
     <span class='ocr_line' id='line_1_83' title="bbox 1878 4329 3441 4403; baseline 0.004 -20"><span class='ocrx_word' id='word_1_648' title='bbox 1878 4330 2016 4384; x_wconf 87' lang='lat' dir='ltr'><strong>mala</strong></span> <span class='ocrx_word' id='word_1_649' title='bbox 2043 4331 2169 4394; x_wconf 86' lang='lat' dir='ltr'><strong>siut,</strong></span> <span class='ocrx_word' id='word_1_650' title='bbox 2207 4330 2274 4383; x_wconf 87' lang='lat' dir='ltr'><strong>ab</strong></span> <span class='ocrx_word' id='word_1_651' title='bbox 2302 4329 2467 4383; x_wconf 88' lang='lat' dir='ltr'><strong>animi</strong></span> <span class='ocrx_word' id='word_1_652' title='bbox 2497 4330 2764 4385; x_wconf 88' lang='lat' dir='ltr'><strong>electione</strong></span> <span class='ocrx_word' id='word_1_653' title='bbox 2794 4331 3021 4399; x_wconf 89' lang='lat' dir='ltr'><strong>primam</strong></span> <span class='ocrx_word' id='word_1_654' title='bbox 3049 4334 3310 4403; x_wconf 80' lang='lat' dir='ltr'><strong>originem</strong></span> <span class='ocrx_word' id='word_1_655' title='bbox 3346 4336 3441 4389; x_wconf 89' lang='lat' dir='ltr'><strong>du-</strong></span> 
     </span>
    </p>
   </div>
   <div class='ocr_carea' id='block_1_84' title="bbox 1877 4420 3441 4494">
    <p class='ocr_par' dir='ltr' id='par_1_84' title="bbox 1877 4420 3441 4494">
     <span class='ocr_line' id='line_1_84' title="bbox 1877 4420 3441 4494; baseline 0.005 -21"><span class='ocrx_word' id='word_1_656' title='bbox 1877 4435 2001 4473; x_wconf 91' lang='lat' dir='ltr'><strong>cere</strong></span> <span class='ocrx_word' id='word_1_657' title='bbox 2029 4438 2042 4474; x_wconf 91' lang='lat'><strong>:</strong></span> <span class='ocrx_word' id='word_1_658' title='bbox 2081 4422 2165 4474; x_wconf 88' lang='lat' dir='ltr'><strong>sin</strong></span> <span class='ocrx_word' id='word_1_659' title='bbox 2189 4421 2257 4474; x_wconf 88' lang='lat' dir='ltr'><strong>ab</strong></span> <span class='ocrx_word' id='word_1_660' title='bbox 2285 4420 2546 4474; x_wconf 89' lang='lat' dir='ltr'><strong>electione</strong></span> <span class='ocrx_word' id='word_1_661' title='bbox 2599 4435 2705 4474; x_wconf 82' lang='lat' dir='ltr'><strong>non</strong></span> <span class='ocrx_word' id='word_1_662' title='bbox 2757 4423 3190 4490; x_wconf 77' lang='lat' dir='ltr'><strong>proﬁciscantur,</strong></span> <span class='ocrx_word' id='word_1_663' title='bbox 3218 4440 3441 4494; x_wconf 62' lang='lat' dir='ltr'><strong>prorsus</strong></span> 
     </span>
    </p>
   </div>
   <div class='ocr_carea' id='block_1_85' title="bbox 1875 4510 3438 4579">
    <p class='ocr_par' dir='ltr' id='par_1_85' title="bbox 1875 4510 3438 4579">
     <span class='ocr_line' id='line_1_85' title="bbox 1875 4510 3438 4579; baseline 0.001 -15"><span class='ocrx_word' id='word_1_664' title='bbox 1875 4524 1938 4564; x_wconf 86' lang='lat' dir='ltr'><strong>ea</strong></span> <span class='ocrx_word' id='word_1_665' title='bbox 1981 4525 2046 4564; x_wconf 91' lang='lat' dir='ltr'><strong>ne</strong></span> <span class='ocrx_word' id='word_1_666' title='bbox 2092 4510 2309 4579; x_wconf 89' lang='lat' dir='ltr'><strong>quidem</strong></span> <span class='ocrx_word' id='word_1_667' title='bbox 2364 4511 2648 4565; x_wconf 79' lang='lat' dir='ltr'><strong>exsistere.</strong></span> <span class='ocrx_word' id='word_1_668' title='bbox 2686 4512 2755 4565; x_wconf 81' lang='lat' dir='ltr'><strong>At</strong></span> <span class='ocrx_word' id='word_1_669' title='bbox 2784 4525 2913 4565; x_wconf 89' lang='lat' dir='ltr'><strong>vero</strong></span> <span class='ocrx_word' id='word_1_670' title='bbox 2969 4512 3118 4568; x_wconf 86' lang='lat' dir='ltr'><strong>mala</strong></span> <span class='ocrx_word' id='word_1_671' title='bbox 3161 4516 3438 4569; x_wconf 79' lang='lat' dir='ltr'><strong>mortalem</strong></span> 
     </span>
    </p>
   </div>
   <div class='ocr_carea' id='block_1_86' title="bbox 206 4586 2081 4681">
    <p class='ocr_par' dir='ltr' id='par_1_86' title="bbox 206 4586 2081 4670">
     <span class='ocr_line' id='line_1_86' title="bbox 206 4586 2081 4670; baseline -0.003 -15"><span class='ocrx_word' id='word_1_672' title='bbox 206 4603 355 4655; x_wconf 75' lang='grc' dir='ltr'>κατὰ</span> <span class='ocrx_word' id='word_1_673' title='bbox 383 4602 476 4653; x_wconf 69' lang='grc' dir='ltr'>τὸν</span> <span class='ocrx_word' id='word_1_674' title='bbox 507 4602 796 4658; x_wconf 79' lang='grc' dir='ltr'>Πλάτωνα.</span> <span class='ocrx_word' id='word_1_675' title='bbox 829 4602 995 4656; x_wconf 73' lang='grc' dir='ltr'>’Ὥστε</span> <span class='ocrx_word' id='word_1_676' title='bbox 1027 4604 1325 4670; x_wconf 78' lang='grc' dir='ltr'>ἀναγκαῖον</span> <span class='ocrx_word' id='word_1_677' title='bbox 1365 4605 1444 4665; x_wconf 77' lang='grc' dir='ltr'><strong>εις</strong></span> <span class='ocrx_word' id='word_1_678' title='bbox 1482 4605 1659 4657; x_wconf 79' lang='grc' dir='ltr'>ταῦτα</span> <span class='ocrx_word' id='word_1_679' title='bbox 1687 4605 1772 4655; x_wconf 84' lang='grc' dir='ltr'><strong>αἰ·</strong></span> <span class='ocrx_word' id='word_1_680' title='bbox 1807 4586 1850 4641; x_wconf 81' lang='grc' dir='ltr'><strong>Ῑ)</strong></span> <span class='ocrx_word' id='word_1_681' title='bbox 1884 4603 2028 4654; x_wconf 89' lang='lat' dir='ltr'><strong>hunc</strong></span> <span class='ocrx_word' id='word_1_682' title='bbox 2074 4619 2081 4650; x_wconf 89' lang='lat' dir='ltr'><strong>t</strong></span> 
     </span>
    </p>
   </div>
   <div class='ocr_carea' id='block_1_87' title="bbox 1565 4586 3440 4681">
    <p class='ocr_par' dir='ltr' id='par_1_87' title="bbox 1565 4586 3440 4671">
     <span class='ocr_line' id='line_1_87' title="bbox 1565 4586 3440 4671; baseline 0.001 -15"><span class='ocrx_word' id='word_1_683' title='bbox 1565 4605 1659 4656; x_wconf 77' lang='grc' dir='ltr'>ὖτα</span> <span class='ocrx_word' id='word_1_684' title='bbox 1687 4605 1772 4655; x_wconf 83' lang='grc' dir='ltr'><strong>αἰ·</strong></span> <span class='ocrx_word' id='word_1_685' title='bbox 1807 4586 1850 4641; x_wconf 83' lang='grc' dir='ltr'><strong>Ῑ)</strong></span> <span class='ocrx_word' id='word_1_686' title='bbox 1884 4603 2028 4654; x_wconf 89' lang='lat' dir='ltr'><strong>hunc</strong></span> <span class='ocrx_word' id='word_1_687' title='bbox 2074 4600 2229 4655; x_wconf 89' lang='lat' dir='ltr'><strong>obire</strong></span> <span class='ocrx_word' id='word_1_688' title='bbox 2285 4600 2546 4655; x_wconf 89' lang='lat' dir='ltr'><strong>mundum</strong></span> <span class='ocrx_word' id='word_1_689' title='bbox 2608 4601 2783 4669; x_wconf 84' lang='lat' dir='ltr'><strong>palam</strong></span> <span class='ocrx_word' id='word_1_690' title='bbox 2836 4611 2941 4668; x_wconf 83' lang='lat' dir='ltr'><strong>cst,</strong></span> <span class='ocrx_word' id='word_1_691' title='bbox 2987 4605 3440 4671; x_wconf 79' lang='lat' dir='ltr'><strong>quemadmodum</strong></span> 
     </span>
    </p>
   </div>
   <div class='ocr_carea' id='block_1_88' title="bbox 205 4692 1778 4763">
    <p class='ocr_par' dir='ltr' id='par_1_88' title="bbox 205 4692 1778 4763">
     <span class='ocr_line' id='line_1_88' title="bbox 205 4692 1778 4763; baseline 0.001 -17"><span class='ocrx_word' id='word_1_692' title='bbox 205 4694 429 4746; x_wconf 71' lang='grc' dir='ltr'>τιᾶσθαι</span> <span class='ocrx_word' id='word_1_693' title='bbox 469 4692 564 4763; x_wconf 71' lang='grc' dir='ltr'>τῆν</span> <span class='ocrx_word' id='word_1_694' title='bbox 602 4693 927 4763; x_wconf 80' lang='grc' dir='ltr'>προαίρεσιν</span> <span class='ocrx_word' id='word_1_695' title='bbox 968 4692 1159 4763; x_wconf 82' lang='grc' dir='ltr'>μόνην,</span> <span class='ocrx_word' id='word_1_696' title='bbox 1199 4695 1257 4746; x_wconf 85' lang='grc' dir='ltr'><strong>ού</strong></span> <span class='ocrx_word' id='word_1_697' title='bbox 1290 4695 1368 4763; x_wconf 82' lang='grc' dir='ltr'>τῷ</span> <span class='ocrx_word' id='word_1_698' title='bbox 1411 4694 1688 4763; x_wconf 84' lang='grc' dir='ltr'>αίρεῖσθαι</span> <span class='ocrx_word' id='word_1_699' title='bbox 1718 4695 1778 4747; x_wconf 82' lang='grc' dir='ltr'>τὸ</span> 
     </span>
    </p>
   </div>
   <div class='ocr_carea' id='block_1_89' title="bbox 206 4781 1777 4856">
    <p class='ocr_par' dir='ltr' id='par_1_89' title="bbox 206 4781 1777 4856">
     <span class='ocr_line' id='line_1_89' title="bbox 206 4781 1777 4856; baseline -0.001 -18"><span class='ocrx_word' id='word_1_700' title='bbox 206 4784 385 4838; x_wconf 75' lang='grc' dir='ltr'>κακὸν</span> <span class='ocrx_word' id='word_1_701' title='bbox 424 4784 530 4853; x_wconf 75' lang='grc' dir='ltr'>πρὸ</span> <span class='ocrx_word' id='word_1_702' title='bbox 554 4783 648 4835; x_wconf 89' lang='grc' dir='ltr'><strong>τοῦ</strong></span> <span class='ocrx_word' id='word_1_703' title='bbox 675 4781 883 4849; x_wconf 82' lang='grc' dir='ltr'>ἀγαθοῦ</span> <span class='ocrx_word' id='word_1_704' title='bbox 918 4784 1042 4846; x_wconf 72' lang='grc' dir='ltr'>τοὺς</span> <span class='ocrx_word' id='word_1_705' title='bbox 1077 4782 1426 4853; x_wconf 71' lang='grc' dir='ltr'>ἀνθρώπους..</span> <span class='ocrx_word' id='word_1_706' title='bbox 1446 4784 1563 4837; x_wconf 81' lang='grc' dir='ltr'>ἀλλ’</span> <span class='ocrx_word' id='word_1_707' title='bbox 1594 4785 1777 4856; x_wconf 71' lang='grc' dir='ltr'>ἀπάτῃ</span> 
     </span>
    </p>
   </div>
   <div class='ocr_carea' id='block_1_90' title="bbox 208 4873 1779 4945">
    <p class='ocr_par' dir='ltr' id='par_1_90' title="bbox 208 4873 1779 4945">
     <span class='ocr_line' id='line_1_90' title="bbox 208 4873 1779 4945; baseline -0.001 -17"><span class='ocrx_word' id='word_1_708' title='bbox 208 4893 273 4928; x_wconf 88' lang='grc' dir='ltr'><strong>τε</strong></span> <span class='ocrx_word' id='word_1_709' title='bbox 311 4877 404 4927; x_wconf 77' lang='grc' dir='ltr'>καὶ</span> <span class='ocrx_word' id='word_1_710' title='bbox 441 4874 762 4945; x_wconf 79' lang='grc' dir='ltr'>διαμαρτίᾳ,</span> <span class='ocrx_word' id='word_1_711' title='bbox 804 4874 880 4936; x_wconf 75' lang='grc' dir='ltr'><strong>ὡς</strong></span> <span class='ocrx_word' id='word_1_712' title='bbox 908 4873 973 4943; x_wconf 87' lang='grc' dir='ltr'>δὴ</span> <span class='ocrx_word' id='word_1_713' title='bbox 1009 4874 1101 4927; x_wconf 75' lang='grc' dir='ltr'>διὰ</span> <span class='ocrx_word' id='word_1_714' title='bbox 1127 4876 1393 4928; x_wconf 86' lang='grc' dir='ltr'>πλειόνων</span> <span class='ocrx_word' id='word_1_715' title='bbox 1425 4877 1481 4927; x_wconf 81' lang='grc' dir='ltr'><strong>ἐν</strong></span> <span class='ocrx_word' id='word_1_716' title='bbox 1508 4879 1619 4936; x_wconf 77' lang='grc' dir='ltr'>τοῖς</span> <span class='ocrx_word' id='word_1_717' title='bbox 1648 4878 1779 4945; x_wconf 78' lang='grc' dir='ltr'>πρό-</span> 
     </span>
    </p>
   </div>
   <div class='ocr_carea' id='block_1_91' title="bbox 212 4962 1775 5037">
    <p class='ocr_par' dir='ltr' id='par_1_91' title="bbox 212 4962 1775 5037">
     <span class='ocr_line' id='line_1_91' title="bbox 212 4962 1775 5037; baseline 0.001 -18"><span class='ocrx_word' id='word_1_718' title='bbox 212 4968 345 5023; x_wconf 81' lang='grc' dir='ltr'>σθεν</span> <span class='ocrx_word' id='word_1_719' title='bbox 369 4966 586 5036; x_wconf 72' lang='grc' dir='ltr'>εἴρηται</span> <span class='ocrx_word' id='word_1_720' title='bbox 616 4964 751 5034; x_wconf 78' lang='grc' dir='ltr'>παρ’</span> <span class='ocrx_word' id='word_1_721' title='bbox 790 4966 983 5035; x_wconf 73' lang='grc' dir='ltr'>ἡμῶν,</span> <span class='ocrx_word' id='word_1_722' title='bbox 1015 4966 1108 5019; x_wconf 77' lang='grc' dir='ltr'><strong>καὶ</strong></span> <span class='ocrx_word' id='word_1_723' title='bbox 1155 4965 1249 5019; x_wconf 89' lang='grc' dir='ltr'><strong>νῦν</strong></span> <span class='ocrx_word' id='word_1_724' title='bbox 1279 4962 1433 5027; x_wconf 82' lang='grc' dir='ltr'>αὖθις</span> <span class='ocrx_word' id='word_1_725' title='bbox 1474 4968 1775 5037; x_wconf 75' lang='grc' dir='ltr'>εἰρήσεται.</span> 
     </span>
    </p>
   </div>
   <div class='ocr_carea' id='block_1_92' title="bbox 213 5057 1778 5126">
    <p class='ocr_par' dir='ltr' id='par_1_92' title="bbox 213 5057 1778 5126">
     <span class='ocr_line' id='line_1_92' title="bbox 213 5057 1778 5126; baseline -0.002 -15"><span class='ocrx_word' id='word_1_726' title='bbox 213 5061 449 5125; x_wconf 79' lang='grc' dir='ltr'>Ἀγνοια</span> <span class='ocrx_word' id='word_1_727' title='bbox 479 5057 540 5126; x_wconf 84' lang='grc' dir='ltr'><strong>δή</strong></span> <span class='ocrx_word' id='word_1_728' title='bbox 570 5073 676 5122; x_wconf 86' lang='grc' dir='ltr'>τις,</span> <span class='ocrx_word' id='word_1_729' title='bbox 711 5057 906 5125; x_wconf 79' lang='grc' dir='ltr'>ἄγνοια</span> <span class='ocrx_word' id='word_1_730' title='bbox 931 5057 993 5109; x_wconf 80' lang='grc' dir='ltr'><strong>τὸ</strong></span> <span class='ocrx_word' id='word_1_731' title='bbox 1030 5057 1223 5120; x_wconf 75' lang='grc' dir='ltr'>κακὸν,</span> <span class='ocrx_word' id='word_1_732' title='bbox 1270 5057 1319 5114; x_wconf 82' lang='grc' dir='ltr'><strong>εί</strong></span> <span class='ocrx_word' id='word_1_733' title='bbox 1365 5057 1445 5113; x_wconf 74' lang='grc' dir='ltr'><strong>δεῖ</strong></span> <span class='ocrx_word' id='word_1_734' title='bbox 1498 5058 1778 5122; x_wconf 81' lang='grc' dir='ltr'>συντόμως</span> 
     </span>
    </p>
   </div>
   <div class='ocr_carea' id='block_1_93' title="bbox 207 5146 1779 5219">
    <p class='ocr_par' dir='ltr' id='par_1_93' title="bbox 207 5146 1779 5219">
     <span class='ocr_line' id='line_1_93' title="bbox 207 5146 1779 5219; baseline 0 -19"><span class='ocrx_word' id='word_1_735' title='bbox 207 5152 414 5202; x_wconf 82' lang='grc' dir='ltr'>εἰπεῖν.</span> <span class='ocrx_word' id='word_1_736' title='bbox 464 5147 586 5217; x_wconf 78' lang='grc' dir='ltr'><strong>Χρὴ</strong></span> <span class='ocrx_word' id='word_1_737' title='bbox 628 5148 691 5201; x_wconf 69' lang='grc' dir='ltr'><strong>δὲ’</strong></span> <span class='ocrx_word' id='word_1_738' title='bbox 730 5148 883 5201; x_wconf 81' lang='grc' dir='ltr'>τουτὶ</span> <span class='ocrx_word' id='word_1_739' title='bbox 929 5148 990 5201; x_wconf 82' lang='grc' dir='ltr'><strong>τὸ</strong></span> <span class='ocrx_word' id='word_1_740' title='bbox 1034 5147 1159 5216; x_wconf 82' lang='grc' dir='ltr'>κατ’</span> <span class='ocrx_word' id='word_1_741' title='bbox 1183 5146 1412 5215; x_wconf 75' lang='grc' dir='ltr'>ἄγνοιαν</span> <span class='ocrx_word' id='word_1_742' title='bbox 1442 5148 1779 5219; x_wconf 77' lang='grc' dir='ltr'>σαφέστερον</span> 
     </span>
    </p>
   </div>
   <div class='ocr_carea' id='block_1_94' title="bbox 206 5237 1779 5309">
    <p class='ocr_par' dir='ltr' id='par_1_94' title="bbox 206 5237 1779 5309">
     <span class='ocr_line' id='line_1_94' title="bbox 206 5237 1779 5309; baseline -0.001 -16"><span class='ocrx_word' id='word_1_743' title='bbox 206 5237 545 5293; x_wconf 80' lang='grc' dir='ltr'>ἀποδοῦναι·</span> <span class='ocrx_word' id='word_1_744' title='bbox 607 5240 681 5308; x_wconf 84' lang='grc' dir='ltr'>μή</span> <span class='ocrx_word' id='word_1_745' title='bbox 732 5255 864 5294; x_wconf 83' lang='grc' dir='ltr'>ποτε</span> <span class='ocrx_word' id='word_1_746' title='bbox 918 5239 1160 5309; x_wconf 66' lang='grc' dir='ltr'>δόξωμεν</span> <span class='ocrx_word' id='word_1_747' title='bbox 1213 5256 1357 5293; x_wconf 87' lang='grc' dir='ltr'>τισιν</span> <span class='ocrx_word' id='word_1_748' title='bbox 1409 5241 1540 5309; x_wconf 76' lang='grc' dir='ltr'>ἡμῖν</span> <span class='ocrx_word' id='word_1_749' title='bbox 1595 5241 1779 5304; x_wconf 84' lang='grc' dir='ltr'>αὐτοῖς</span> 
     </span>
    </p>
   </div>
   <div class='ocr_carea' id='block_1_95' title="bbox 207 5323 1780 5399">
    <p class='ocr_par' dir='ltr' id='par_1_95' title="bbox 207 5323 1780 5399">
     <span class='ocr_line' id='line_1_95' title="bbox 207 5323 1780 5399; baseline 0.001 -16"><span class='ocrx_word' id='word_1_750' title='bbox 207 5328 603 5399; x_wconf 67' lang='grc' dir='ltr'>περιπίπτειν,</span> <span class='ocrx_word' id='word_1_751' title='bbox 634 5329 750 5381; x_wconf 72' lang='grc' dir='ltr'>ἀνθ’</span> <span class='ocrx_word' id='word_1_752' title='bbox 797 5323 872 5381; x_wconf 81' lang='grc' dir='ltr'>ὧν</span> <span class='ocrx_word' id='word_1_753' title='bbox 929 5330 1333 5399; x_wconf 82' lang='grc' dir='ltr'>ἀπεφηνάμεθα</span> <span class='ocrx_word' id='word_1_754' title='bbox 1372 5331 1438 5384; x_wconf 82' lang='grc' dir='ltr'>τὰ</span> <span class='ocrx_word' id='word_1_755' title='bbox 1485 5330 1631 5384; x_wconf 80' lang='grc' dir='ltr'>κακὰ</span> <span class='ocrx_word' id='word_1_756' title='bbox 1679 5334 1780 5399; x_wconf 84' lang='grc' dir='ltr'><strong>τῆς</strong></span> 
     </span>
    </p>
   </div>
   <div class='ocr_carea' id='block_1_96' title="bbox 192 5413 1775 5491">
    <p class='ocr_par' dir='ltr' id='par_1_96' title="bbox 192 5413 1775 5491">
     <span class='ocr_line' id='line_1_96' title="bbox 192 5413 1775 5491; baseline 0 -19"><span class='ocrx_word' id='word_1_757' title='bbox 192 5419 597 5489; x_wconf 77' lang='grc' dir='ltr'>προαιρέσεως</span> <span class='ocrx_word' id='word_1_758' title='bbox 640 5420 810 5488; x_wconf 80' lang='grc' dir='ltr'>μόνης</span> <span class='ocrx_word' id='word_1_759' title='bbox 863 5413 1030 5483; x_wconf 74' lang='grc' dir='ltr'>εἶναι,</span> <span class='ocrx_word' id='word_1_760' title='bbox 1090 5419 1265 5473; x_wconf 74' lang='grc' dir='ltr'>ἔπειτ’</span> <span class='ocrx_word' id='word_1_761' title='bbox 1318 5416 1477 5483; x_wconf 81' lang='grc' dir='ltr'>αὖθις</span> <span class='ocrx_word' id='word_1_762' title='bbox 1524 5422 1775 5491; x_wconf 80' lang='grc' dir='ltr'>λέγομεν,</span> 
     </span>
    </p>
   </div>
   <div class='ocr_carea' id='block_1_97' title="bbox 210 5505 1779 5580">
    <p class='ocr_par' dir='ltr' id='par_1_97' title="bbox 210 5505 1779 5580">
     <span class='ocr_line' id='line_1_97' title="bbox 210 5505 1779 5580; baseline -0.002 -12"><span class='ocrx_word' id='word_1_763' title='bbox 210 5514 451 5580; x_wconf 86' lang='grc' dir='ltr'>’Δγνοια</span> <span class='ocrx_word' id='word_1_764' title='bbox 479 5505 540 5563; x_wconf 83' lang='grc' dir='ltr'><strong>τὸ</strong></span> <span class='ocrx_word' id='word_1_765' title='bbox 576 5512 769 5564; x_wconf 84' lang='grc' dir='ltr'>κακόν.</span> <span class='ocrx_word' id='word_1_766' title='bbox 821 5511 934 5564; x_wconf 82' lang='grc' dir='ltr'>Οὐκ</span> <span class='ocrx_word' id='word_1_767' title='bbox 968 5512 1086 5565; x_wconf 82' lang='grc' dir='ltr'>ἐστι</span> <span class='ocrx_word' id='word_1_768' title='bbox 1133 5512 1191 5566; x_wconf 77' lang='grc' dir='ltr'><strong>δέ</strong></span> <span class='ocrx_word' id='word_1_769' title='bbox 1225 5512 1385 5567; x_wconf 84' lang='grc' dir='ltr'>τοῦτο</span> <span class='ocrx_word' id='word_1_770' title='bbox 1436 5514 1649 5579; x_wconf 63' lang='grc' dir='ltr'>πάθος,,</span> <span class='ocrx_word' id='word_1_771' title='bbox 1680 5514 1779 5565; x_wconf 81' lang='grc' dir='ltr'><strong>οὐκ</strong></span> 
     </span>
    </p>
   </div>
   <div class='ocr_carea' id='block_1_98' title="bbox 203 5601 1779 5673">
    <p class='ocr_par' dir='ltr' id='par_1_98' title="bbox 203 5601 1779 5673">
     <span class='ocr_line' id='line_1_98' title="bbox 203 5601 1779 5673; baseline 0.001 -20"><span class='ocrx_word' id='word_1_772' title='bbox 203 5606 361 5655; x_wconf 72' lang='grc' dir='ltr'>ἔστιν</span> <span class='ocrx_word' id='word_1_773' title='bbox 390 5601 663 5673; x_wconf 76' lang='grc' dir='ltr'>ἐνταυθοῖ,</span> <span class='ocrx_word' id='word_1_774' title='bbox 693 5601 796 5655; x_wconf 75' lang='grc' dir='ltr'>κᾶν</span> <span class='ocrx_word' id='word_1_775' title='bbox 824 5602 985 5672; x_wconf 72' lang='grc' dir='ltr'>δοκῇ,</span> <span class='ocrx_word' id='word_1_776' title='bbox 1009 5604 1057 5655; x_wconf 88' lang='grc' dir='ltr'><strong>εί</strong></span> <span class='ocrx_word' id='word_1_777' title='bbox 1093 5602 1169 5673; x_wconf 81' lang='grc' dir='ltr'>μὴ</span> <span class='ocrx_word' id='word_1_778' title='bbox 1196 5604 1545 5656; x_wconf 83' lang='grc' dir='ltr'>παντάπασιν</span> <span class='ocrx_word' id='word_1_779' title='bbox 1588 5602 1779 5673; x_wconf 76' lang='grc' dir='ltr'>ἄγροι-</span> 
     </span>
    </p>
   </div>
   <div class='ocr_carea' id='block_1_99' title="bbox 206 5692 1778 5765">
    <p class='ocr_par' dir='ltr' id='par_1_99' title="bbox 206 5692 1778 5765">
     <span class='ocr_line' id='line_1_99' title="bbox 206 5692 1778 5765; baseline 0 -18"><span class='ocrx_word' id='word_1_780' title='bbox 206 5712 303 5755; x_wconf 81' lang='grc' dir='ltr'><strong>κος</strong></span> <span class='ocrx_word' id='word_1_781' title='bbox 339 5692 473 5761; x_wconf 79' lang='grc' dir='ltr'>ἐγώ.</span> <span class='ocrx_word' id='word_1_782' title='bbox 505 5694 611 5747; x_wconf 72' lang='grc' dir='ltr'>Καὶ</span> <span class='ocrx_word' id='word_1_783' title='bbox 636 5693 701 5761; x_wconf 81' lang='grc' dir='ltr'><strong>δὴ</strong></span> <span class='ocrx_word' id='word_1_784' title='bbox 732 5693 1141 5765; x_wconf 73' lang='grc' dir='ltr'>συμϐιϐαστέον</span> <span class='ocrx_word' id='word_1_785' title='bbox 1173 5695 1271 5750; x_wconf 67' lang='grc' dir='ltr'><strong>ὡδὶ</strong></span> <span class='ocrx_word' id='word_1_786' title='bbox 1309 5696 1401 5749; x_wconf 75' lang='grc' dir='ltr'>τὸν</span> <span class='ocrx_word' id='word_1_787' title='bbox 1435 5695 1624 5762; x_wconf 87' lang='grc' dir='ltr'>λόγον,</span> <span class='ocrx_word' id='word_1_788' title='bbox 1658 5695 1778 5748; x_wconf 71' lang='grc' dir='ltr'>οὐδὲ</span> 
     </span>
    </p>
   </div>
   <div class='ocr_carea' id='block_1_100' title="bbox 205 5786 1775 5857">
    <p class='ocr_par' dir='ltr' id='par_1_100' title="bbox 205 5786 1775 5857">
     <span class='ocr_line' id='line_1_100' title="bbox 205 5786 1775 5857; baseline 0.001 -19"><span class='ocrx_word' id='word_1_789' title='bbox 205 5790 343 5855; x_wconf 74' lang='grc' dir='ltr'>πρὶν</span> <span class='ocrx_word' id='word_1_790' title='bbox 392 5786 708 5854; x_wconf 70' lang='grc' dir='ltr'>ἀςύμὸατον</span> <span class='ocrx_word' id='word_1_791' title='bbox 741 5786 873 5840; x_wconf 84' lang='grc' dir='ltr'>δντα</span> <span class='ocrx_word' id='word_1_792' title='bbox 922 5789 1034 5851; x_wconf 78' lang='grc' dir='ltr'>τοῖς</span> <span class='ocrx_word' id='word_1_793' title='bbox 1091 5804 1154 5853; x_wconf 88' lang='grc' dir='ltr'><strong>γε</strong></span> <span class='ocrx_word' id='word_1_794' title='bbox 1208 5788 1390 5849; x_wconf 71' lang='grc' dir='ltr'>καλῶς</span> <span class='ocrx_word' id='word_1_795' title='bbox 1441 5786 1775 5857; x_wconf 79' lang='grc' dir='ltr'>θεωρήσασι.</span> 
     </span>
    </p>
   </div>
   <div class='ocr_carea' id='block_1_101' title="bbox 200 5878 1778 5953">
    <p class='ocr_par' dir='ltr' id='par_1_101' title="bbox 200 5878 1778 5953">
     <span class='ocr_line' id='line_1_101' title="bbox 200 5878 1778 5953; baseline 0.001 -21"><span class='ocrx_word' id='word_1_796' title='bbox 200 5881 355 5949; x_wconf 73' lang='grc' dir='ltr'><strong>Φημὶ</strong></span> <span class='ocrx_word' id='word_1_797' title='bbox 383 5878 514 5948; x_wconf 86' lang='grc' dir='ltr'>γοῦν</span> <span class='ocrx_word' id='word_1_798' title='bbox 553 5881 613 5933; x_wconf 79' lang='grc' dir='ltr'>τὸ</span> <span class='ocrx_word' id='word_1_799' title='bbox 663 5880 785 5933; x_wconf 83' lang='grc' dir='ltr'>κατ’</span> <span class='ocrx_word' id='word_1_800' title='bbox 818 5880 1043 5949; x_wconf 75' lang='grc' dir='ltr'>ἄγνοιαν</span> <span class='ocrx_word' id='word_1_801' title='bbox 1085 5882 1356 5953; x_wconf 78' lang='grc' dir='ltr'>ἁμαρτεῖν</span> <span class='ocrx_word' id='word_1_802' title='bbox 1390 5882 1655 5951; x_wconf 82' lang='grc' dir='ltr'>διττόν.γε</span> <span class='ocrx_word' id='word_1_803' title='bbox 1685 5882 1778 5951; x_wconf 79' lang='grc' dir='ltr'><strong>δή-</strong></span> 
     </span>
    </p>
   </div>
   <div class='ocr_carea' id='block_1_102' title="bbox 1884 4690 3441 4764">
    <p class='ocr_par' dir='ltr' id='par_1_102' title="bbox 1884 4690 3441 4764">
     <span class='ocr_line' id='line_1_102' title="bbox 1884 4690 3441 4764; baseline 0.005 -21"><span class='ocrx_word' id='word_1_804' title='bbox 1884 4690 2033 4745; x_wconf 85' lang='lat' dir='ltr'><strong>Plato</strong></span> <span class='ocrx_word' id='word_1_805' title='bbox 2066 4690 2301 4758; x_wconf 83' lang='lat' dir='ltr'><strong>scripsit.</strong></span> <span class='ocrx_word' id='word_1_806' title='bbox 2338 4690 2675 4764; x_wconf 76' lang='lat' dir='ltr'><strong>Quapropter</strong></span> <span class='ocrx_word' id='word_1_807' title='bbox 2729 4695 3094 4748; x_wconf 84' lang='lat' dir='ltr'><strong>necessarium</strong></span> <span class='ocrx_word' id='word_1_808' title='bbox 3126 4708 3207 4749; x_wconf 73' lang='lat' dir='ltr'><strong>est</strong></span> <span class='ocrx_word' id='word_1_809' title='bbox 3264 4709 3319 4751; x_wconf 93' lang='lat' dir='ltr'><strong>ut</strong></span> <span class='ocrx_word' id='word_1_810' title='bbox 3347 4715 3441 4751; x_wconf 84' lang='lat' dir='ltr'><strong>eo-</strong></span> 
     </span>
    </p>
   </div>
   <div class='ocr_carea' id='block_1_103' title="bbox 1881 4781 3437 4852">
    <p class='ocr_par' dir='ltr' id='par_1_103' title="bbox 1881 4781 3437 4852">
     <span class='ocr_line' id='line_1_103' title="bbox 1881 4781 3437 4852; baseline 0.006 -18"><span class='ocrx_word' id='word_1_811' title='bbox 1881 4796 1999 4834; x_wconf 81' lang='lat' dir='ltr'><strong>rum</strong></span> <span class='ocrx_word' id='word_1_812' title='bbox 2029 4794 2247 4833; x_wconf 87' lang='lat' dir='ltr'><strong>causam</strong></span> <span class='ocrx_word' id='word_1_813' title='bbox 2283 4782 2345 4832; x_wconf 80' lang='lat' dir='ltr'><strong>ad</strong></span> <span class='ocrx_word' id='word_1_814' title='bbox 2372 4781 2537 4834; x_wconf 88' lang='lat' dir='ltr'><strong>animi</strong></span> <span class='ocrx_word' id='word_1_815' title='bbox 2567 4782 2736 4836; x_wconf 86' lang='lat' dir='ltr'><strong>solam</strong></span> <span class='ocrx_word' id='word_1_816' title='bbox 2770 4783 3085 4845; x_wconf 88' lang='lat' dir='ltr'><strong>electionem</strong></span> <span class='ocrx_word' id='word_1_817' title='bbox 3118 4787 3437 4852; x_wconf 58' lang='lat' dir='ltr'><strong>referamus,</strong></span> 
     </span>
    </p>
   </div>
   <div class='ocr_carea' id='block_1_104' title="bbox 1881 4873 3439 4946">
    <p class='ocr_par' dir='ltr' id='par_1_104' title="bbox 1881 4873 3439 4946">
     <span class='ocr_line' id='line_1_104' title="bbox 1881 4873 3439 4946; baseline 0.006 -20"><span class='ocrx_word' id='word_1_818' title='bbox 1881 4888 1987 4926; x_wconf 87' lang='lat' dir='ltr'><strong>non</strong></span> <span class='ocrx_word' id='word_1_819' title='bbox 2024 4874 2165 4941; x_wconf 88' lang='lat' dir='ltr'><strong>quod</strong></span> <span class='ocrx_word' id='word_1_820' title='bbox 2198 4874 2400 4929; x_wconf 91' lang='lat' dir='ltr'><strong>malum</strong></span> <span class='ocrx_word' id='word_1_821' title='bbox 2439 4888 2548 4943; x_wconf 67' lang='lat' dir='ltr'><strong>prae</strong></span> <span class='ocrx_word' id='word_1_822' title='bbox 2579 4873 2722 4928; x_wconf 88' lang='lat' dir='ltr'><strong>bono</strong></span> <span class='ocrx_word' id='word_1_823' title='bbox 2772 4876 3026 4931; x_wconf 81' lang='lat' dir='ltr'><strong>mortales</strong></span> <span class='ocrx_word' id='word_1_824' title='bbox 3066 4877 3288 4946; x_wconf 85' lang='lat' dir='ltr'><strong>eligant,</strong></span> <span class='ocrx_word' id='word_1_825' title='bbox 3344 4882 3439 4935; x_wconf 87' lang='lat' dir='ltr'><strong>scd</strong></span> 
     </span>
    </p>
   </div>
   <div class='ocr_carea' id='block_1_105' title="bbox 1878 4964 3440 5035">
    <p class='ocr_par' dir='ltr' id='par_1_105' title="bbox 1878 4964 3440 5035">
     <span class='ocr_line' id='line_1_105' title="bbox 1878 4964 3440 5035; baseline 0.005 -20"><span class='ocrx_word' id='word_1_826' title='bbox 1878 4965 2022 5031; x_wconf 90' lang='lat' dir='ltr'><strong>quod</strong></span> <span class='ocrx_word' id='word_1_827' title='bbox 2056 4965 2350 5032; x_wconf 85' lang='lat' dir='ltr'><strong>impostura</strong></span> <span class='ocrx_word' id='word_1_828' title='bbox 2390 4973 2443 5017; x_wconf 90' lang='lat' dir='ltr'><strong>et</strong></span> <span class='ocrx_word' id='word_1_829' title='bbox 2473 4980 2625 5017; x_wconf 86' lang='lat' dir='ltr'><strong>error</strong></span> <span class='ocrx_word' id='word_1_830' title='bbox 2657 4964 3041 5031; x_wconf 74' lang='lat' dir='ltr'><strong>interveniunt,</strong></span> <span class='ocrx_word' id='word_1_831' title='bbox 3086 4972 3440 5035; x_wconf 83' lang='lat' dir='ltr'><strong>quemadmo-</strong></span> 
     </span>
    </p>
   </div>
   <div class='ocr_carea' id='block_1_106' title="bbox 1879 5053 3443 5129">
    <p class='ocr_par' dir='ltr' id='par_1_106' title="bbox 1879 5053 3443 5129">
     <span class='ocr_line' id='line_1_106' title="bbox 1879 5053 3443 5129; baseline 0.006 -24"><span class='ocrx_word' id='word_1_832' title='bbox 1879 5053 2010 5106; x_wconf 89' lang='lat' dir='ltr'><strong>dum</strong></span> <span class='ocrx_word' id='word_1_833' title='bbox 2042 5054 2290 5123; x_wconf 83' lang='lat' dir='ltr'><strong>pluribus</strong></span> <span class='ocrx_word' id='word_1_834' title='bbox 2329 5056 2557 5108; x_wconf 79' lang='lat' dir='ltr'><strong>anteltae</strong></span> <span class='ocrx_word' id='word_1_835' title='bbox 2580 5069 2608 5106; x_wconf 90' lang='lat' dir='ltr'><strong>a</strong></span> <span class='ocrx_word' id='word_1_836' title='bbox 2640 5056 2795 5109; x_wconf 85' lang='lat' dir='ltr'><strong>nobis</strong></span> <span class='ocrx_word' id='word_1_837' title='bbox 2825 5065 2903 5110; x_wconf 90' lang='lat' dir='ltr'><strong>est</strong></span> <span class='ocrx_word' id='word_1_838' title='bbox 2942 5057 3263 5124; x_wconf 85' lang='lat' dir='ltr'><strong>indicatum,</strong></span> <span class='ocrx_word' id='word_1_839' title='bbox 3301 5062 3443 5129; x_wconf 77' lang='lat' dir='ltr'><strong>jam-</strong></span> 
     </span>
    </p>
   </div>
   <div class='ocr_carea' id='block_1_107' title="bbox 1879 5147 3439 5219">
    <p class='ocr_par' dir='ltr' id='par_1_107' title="bbox 1879 5147 3439 5219">
     <span class='ocr_line' id='line_1_107' title="bbox 1879 5147 3439 5219; baseline 0.005 -22"><span class='ocrx_word' id='word_1_840' title='bbox 1879 5159 1986 5213; x_wconf 90' lang='lat' dir='ltr'><strong>que</strong></span> <span class='ocrx_word' id='word_1_841' title='bbox 2037 5160 2234 5200; x_wconf 78' lang='lat' dir='ltr'><strong>rursus</strong></span> <span class='ocrx_word' id='word_1_842' title='bbox 2279 5155 2605 5214; x_wconf 81' lang='lat' dir='ltr'><strong>exponetur.</strong></span> <span class='ocrx_word' id='word_1_843' title='bbox 2670 5147 2973 5215; x_wconf 81' lang='lat' dir='ltr'><strong>lgnora-ntia</strong></span> <span class='ocrx_word' id='word_1_844' title='bbox 3034 5164 3167 5204; x_wconf 90' lang='lat' dir='ltr'><strong>sane</strong></span> <span class='ocrx_word' id='word_1_845' title='bbox 3215 5153 3439 5219; x_wconf 87' lang='lat' dir='ltr'><strong>malum,</strong></span> 
     </span>
    </p>
   </div>
   <div class='ocr_carea' id='block_1_108' title="bbox 1878 5237 3443 5309">
    <p class='ocr_par' dir='ltr' id='par_1_108' title="bbox 1878 5237 3443 5309">
     <span class='ocr_line' id='line_1_108' title="bbox 1878 5237 3443 5309; baseline 0.006 -19"><span class='ocrx_word' id='word_1_846' title='bbox 1878 5237 2177 5307; x_wconf 89' lang='lat' dir='ltr'><strong>ignorantia</strong></span> <span class='ocrx_word' id='word_1_847' title='bbox 2204 5239 2445 5308; x_wconf 69' lang='lat' dir='ltr'><strong>quaalam</strong></span> <span class='ocrx_word' id='word_1_848' title='bbox 2469 5248 2570 5301; x_wconf 85' lang='lat' dir='ltr'><strong>est,</strong></span> <span class='ocrx_word' id='word_1_849' title='bbox 2603 5240 2647 5292; x_wconf 89' lang='lat' dir='ltr'><strong>si</strong></span> <span class='ocrx_word' id='word_1_850' title='bbox 2687 5240 2874 5307; x_wconf 84' lang='lat' dir='ltr'><strong>paucis</strong></span> <span class='ocrx_word' id='word_1_851' title='bbox 2908 5240 3163 5309; x_wconf 81' lang='lat' dir='ltr'><strong>explicari</strong></span> <span class='ocrx_word' id='word_1_852' title='bbox 3225 5258 3311 5297; x_wconf 85' lang='lat' dir='ltr'><strong>res</strong></span> <span class='ocrx_word' id='word_1_853' title='bbox 3345 5244 3443 5298; x_wconf 86' lang='lat' dir='ltr'><strong>de-</strong></span> 
     </span>
    </p>
   </div>
   <div class='ocr_carea' id='block_1_109' title="bbox 1878 5327 3441 5397">
    <p class='ocr_par' dir='ltr' id='par_1_109' title="bbox 1878 5327 3441 5397">
     <span class='ocr_line' id='line_1_109' title="bbox 1878 5327 3441 5397; baseline 0.006 -17"><span class='ocrx_word' id='word_1_854' title='bbox 1878 5327 2005 5391; x_wconf 88' lang='lat' dir='ltr'><strong>bet;</strong></span> <span class='ocrx_word' id='word_1_855' title='bbox 2037 5337 2201 5397; x_wconf 90' lang='lat' dir='ltr'><strong>atque</strong></span> <span class='ocrx_word' id='word_1_856' title='bbox 2233 5330 2333 5382; x_wconf 85' lang='lat' dir='ltr'><strong>hoc</strong></span> <span class='ocrx_word' id='word_1_857' title='bbox 2370 5329 2593 5385; x_wconf 88' lang='lat' dir='ltr'><strong>verbum</strong></span> <span class='ocrx_word' id='word_1_858' title='bbox 2652 5330 2956 5397; x_wconf 68' lang='lat' dir='ltr'><strong>ignorantia</strong></span> <span class='ocrx_word' id='word_1_859' title='bbox 2993 5341 3242 5387; x_wconf 88' lang='lat' dir='ltr'><strong>nostrum</strong></span> <span class='ocrx_word' id='word_1_860' title='bbox 3285 5335 3441 5388; x_wconf 80' lang='lat' dir='ltr'><strong>dilu~</strong></span> 
     </span>
    </p>
   </div>
   <div class='ocr_carea' id='block_1_110' title="bbox 1878 5420 3443 5495">
    <p class='ocr_par' dir='ltr' id='par_1_110' title="bbox 1878 5420 3443 5495">
     <span class='ocr_line' id='line_1_110' title="bbox 1878 5420 3443 5495; baseline 0.003 -21"><span class='ocrx_word' id='word_1_861' title='bbox 1878 5420 2054 5475; x_wconf 86' lang='lat' dir='ltr'><strong>cidius</strong></span> <span class='ocrx_word' id='word_1_862' title='bbox 2083 5420 2470 5475; x_wconf 87' lang='lat' dir='ltr'><strong>declarandum</strong></span> <span class='ocrx_word' id='word_1_863' title='bbox 2501 5431 2605 5484; x_wconf 88' lang='lat' dir='ltr'><strong>est,</strong></span> <span class='ocrx_word' id='word_1_864' title='bbox 2645 5438 2712 5476; x_wconf 89' lang='lat' dir='ltr'><strong>ne</strong></span> <span class='ocrx_word' id='word_1_865' title='bbox 2762 5422 2961 5491; x_wconf 89' lang='lat' dir='ltr'><strong>quibus</strong></span> <span class='ocrx_word' id='word_1_866' title='bbox 3000 5422 3099 5495; x_wconf 88' lang='lat' dir='ltr'><strong>ipsi</strong></span> <span class='ocrx_word' id='word_1_867' title='bbox 3135 5440 3235 5479; x_wconf 90' lang='lat' dir='ltr'><strong>nos</strong></span> <span class='ocrx_word' id='word_1_868' title='bbox 3290 5440 3443 5478; x_wconf 68' lang='lat' dir='ltr'><strong>ever-</strong></span> 
     </span>
    </p>
   </div>
   <div class='ocr_carea' id='block_1_111' title="bbox 1879 5512 3442 5582">
    <p class='ocr_par' dir='ltr' id='par_1_111' title="bbox 1879 5512 3442 5582">
     <span class='ocr_line' id='line_1_111' title="bbox 1879 5512 3442 5582; baseline 0.003 -16"><span class='ocrx_word' id='word_1_869' title='bbox 1879 5522 1992 5566; x_wconf 89' lang='lat' dir='ltr'><strong>tere</strong></span> <span class='ocrx_word' id='word_1_870' title='bbox 2034 5512 2352 5577; x_wconf 82' lang='lat' dir='ltr'><strong>videamur,</strong></span> <span class='ocrx_word' id='word_1_871' title='bbox 2400 5512 2563 5581; x_wconf 86' lang='lat' dir='ltr'><strong>quasi</strong></span> <span class='ocrx_word' id='word_1_872' title='bbox 2617 5528 2715 5582; x_wconf 89' lang='lat' dir='ltr'><strong>pro</strong></span> <span class='ocrx_word' id='word_1_873' title='bbox 2746 5527 2813 5566; x_wconf 86' lang='lat' dir='ltr'><strong>co</strong></span> <span class='ocrx_word' id='word_1_874' title='bbox 2864 5515 3008 5582; x_wconf 92' lang='lat' dir='ltr'><strong>quod</strong></span> <span class='ocrx_word' id='word_1_875' title='bbox 3079 5518 3215 5569; x_wconf 88' lang='lat' dir='ltr'><strong>mala</strong></span> <span class='ocrx_word' id='word_1_876' title='bbox 3271 5518 3442 5571; x_wconf 84' lang='lat' dir='ltr'><strong>solius</strong></span> 
     </span>
    </p>
   </div>
   <div class='ocr_carea' id='block_1_112' title="bbox 1879 5603 3443 5671">
    <p class='ocr_par' dir='ltr' id='par_1_112' title="bbox 1879 5603 3443 5671">
     <span class='ocr_line' id='line_1_112' title="bbox 1879 5603 3443 5671; baseline 0.001 -15"><span class='ocrx_word' id='word_1_877' title='bbox 1879 5604 2045 5657; x_wconf 89' lang='lat' dir='ltr'><strong>animi</strong></span> <span class='ocrx_word' id='word_1_878' title='bbox 2077 5603 2360 5659; x_wconf 85' lang='lat' dir='ltr'><strong>electionis</strong></span> <span class='ocrx_word' id='word_1_879' title='bbox 2396 5617 2518 5658; x_wconf 81' lang='lat' dir='ltr'><strong>esse</strong></span> <span class='ocrx_word' id='word_1_880' title='bbox 2566 5606 3063 5671; x_wconf 87' lang='lat' dir='ltr'><strong>pronuntiavimus.</strong></span> <span class='ocrx_word' id='word_1_881' title='bbox 3122 5621 3265 5659; x_wconf 91' lang='lat' dir='ltr'><strong>nunc</strong></span> <span class='ocrx_word' id='word_1_882' title='bbox 3296 5606 3443 5660; x_wconf 84' lang='lat' dir='ltr'><strong>dica-</strong></span> 
     </span>
    </p>
   </div>
   <div class='ocr_carea' id='block_1_113' title="bbox 1882 5696 3443 5765">
    <p class='ocr_par' dir='ltr' id='par_1_113' title="bbox 1882 5696 3443 5765">
     <span class='ocr_line' id='line_1_113' title="bbox 1882 5696 3443 5765; baseline 0.001 -15"><span class='ocrx_word' id='word_1_883' title='bbox 1882 5713 2021 5759; x_wconf 90' lang='lat' dir='ltr'><strong>mus,</strong></span> <span class='ocrx_word' id='word_1_884' title='bbox 2067 5696 2264 5751; x_wconf 87' lang='lat' dir='ltr'><strong>malum</strong></span> <span class='ocrx_word' id='word_1_885' title='bbox 2298 5710 2420 5750; x_wconf 84' lang='lat' dir='ltr'><strong>esse</strong></span> <span class='ocrx_word' id='word_1_886' title='bbox 2446 5696 2827 5765; x_wconf 84' lang='lat' dir='ltr'><strong>ignorantiam.</strong></span> <span class='ocrx_word' id='word_1_887' title='bbox 2866 5698 2985 5750; x_wconf 84' lang='lat' dir='ltr'><strong>Non</strong></span> <span class='ocrx_word' id='word_1_888' title='bbox 3012 5706 3092 5751; x_wconf 88' lang='lat' dir='ltr'><strong>est</strong></span> <span class='ocrx_word' id='word_1_889' title='bbox 3121 5707 3300 5751; x_wconf 91' lang='lat' dir='ltr'><strong>autem</strong></span> <span class='ocrx_word' id='word_1_890' title='bbox 3338 5699 3443 5751; x_wconf 83' lang='lat' dir='ltr'><strong>Imc</strong></span> 
     </span>
    </p>
   </div>
   <div class='ocr_carea' id='block_1_114' title="bbox 1880 5787 3443 5857">
    <p class='ocr_par' dir='ltr' id='par_1_114' title="bbox 1880 5787 3443 5857">
     <span class='ocr_line' id='line_1_114' title="bbox 1880 5787 3443 5857; baseline -0.002 -16"><span class='ocrx_word' id='word_1_891' title='bbox 1880 5789 2087 5847; x_wconf 85' lang='lat' dir='ltr'><strong>vitium,</strong></span> <span class='ocrx_word' id='word_1_892' title='bbox 2120 5804 2223 5841; x_wconf 87' lang='lat' dir='ltr'><strong>non</strong></span> <span class='ocrx_word' id='word_1_893' title='bbox 2263 5798 2345 5842; x_wconf 85' lang='lat' dir='ltr'><strong>est</strong></span> <span class='ocrx_word' id='word_1_894' title='bbox 2386 5787 2493 5851; x_wconf 88' lang='lat' dir='ltr'><strong>hic,</strong></span> <span class='ocrx_word' id='word_1_895' title='bbox 2553 5789 2768 5842; x_wconf 86' lang='lat' dir='ltr'><strong>tametsi</strong></span> <span class='ocrx_word' id='word_1_896' title='bbox 2815 5791 3077 5851; x_wconf 85' lang='lat' dir='ltr'><strong>videatur,</strong></span> <span class='ocrx_word' id='word_1_897' title='bbox 3148 5790 3252 5842; x_wconf 90' lang='lat' dir='ltr'><strong>uisi</strong></span> <span class='ocrx_word' id='word_1_898' title='bbox 3291 5804 3443 5857; x_wconf 83' lang='lat' dir='ltr'><strong>pror-</strong></span> 
     </span>
    </p>
   </div>
   <div class='ocr_carea' id='block_1_115' title="bbox 1881 5880 3437 5949">
    <p class='ocr_par' dir='ltr' id='par_1_115' title="bbox 1881 5880 3437 5949">
     <span class='ocr_line' id='line_1_115' title="bbox 1881 5880 3437 5949; baseline -0.002 -13"><span class='ocrx_word' id='word_1_899' title='bbox 1881 5896 1972 5936; x_wconf 83' lang='lat' dir='ltr'><strong>5us</strong></span> <span class='ocrx_word' id='word_1_900' title='bbox 2008 5895 2107 5949; x_wconf 80' lang='lat' dir='ltr'><strong>ego</strong></span> <span class='ocrx_word' id='word_1_901' title='bbox 2149 5880 2298 5937; x_wconf 92' lang='lat' dir='ltr'><strong>rudis</strong></span> <span class='ocrx_word' id='word_1_902' title='bbox 2356 5895 2421 5935; x_wconf 80' lang='lat' dir='ltr'><strong>ac</strong></span> <span class='ocrx_word' id='word_1_903' title='bbox 2462 5880 2751 5945; x_wconf 89' lang='lat' dir='ltr'><strong>imperitus</strong></span> <span class='ocrx_word' id='word_1_904' title='bbox 2791 5897 2933 5935; x_wconf 92' lang='lat' dir='ltr'><strong>sum.</strong></span> <span class='ocrx_word' id='word_1_905' title='bbox 2980 5881 3044 5933; x_wconf 89' lang='lat' dir='ltr'><strong>Et</strong></span> <span class='ocrx_word' id='word_1_906' title='bbox 3099 5881 3437 5935; x_wconf 71' lang='lat' dir='ltr'><strong>conciiaudz</strong></span> 
     </span>
    </p>
   </div>
  </div>
