4748 6512
154 410 247 475 ιιι

1561 420 1841 479 ORATIO
1888 421 1974 480 IV.

3294 417 3396 479 4-ίέ

152 544 279 585 των.
312 525 445 578 ἀλλᾶ
480 527 849 595 προαιρέσεως
882 528 1151 597 ἔγκλημα.
1196 529 1259 583 ’11
1296 531 1394 599 μὲν
1419 533 1526 602 γὰρ
1554 535 1711 601 ιρὲσις
1747 543 1784 594 Α
1820 548 1945 586 stne
2006 549 2027 583 ι·

1519 535 1711 601 iga-ist;
1747 543 1784 594 Α
1820 548 1945 586 stne
2006 532 2266 583 rat‘unnn
2298 530 2511 582 discere
2545 528 2701 581 nobis
2732 527 2876 581 haud
2918 527 3074 581 licuit
3099 567 3112 589 ,
3155 539 3245 581 aut
3277 544 3394 596 qua:

154 620 210 669 ὲν
239 619 387 688 ὅροις
442 620 614 686 μένει,
673 623 765 675 καὶ
801 623 1203 690 παοαιτήσεται
1264 626 1399 693 πρὶς
1441 625 1575 678 Θεὸν
1626 629 1718 678 καὶ

154 712 279 773 τοὺς
308 711 650 780 ἀνθρώπους,
684 713 777 765 καὶ
826 714 925 780 τὴν
974 714 1205 767 ἑκάστου
1261 717 1589 783 συνείδησιν,
1625 718 1719 770 ἐὰν

161 802 236 870 μὴ
262 802 355 871 ἐνῇ
377 805 557 855 ποιεῖν
587 804 653 855 τὰ
678 804 772 856 καὶ
802 804 890 856 τρί’
922 806 955 873 ἡ
988 804 1044 857 δὲ
1078 809 1395 877 προαίρεσις
1422 809 1624 862 δύναιτ’
1656 810 1723 861 ἂν

162 894 605 961 μιταῦεσλῆσθαι
654 897 747 948 καὶ
792 898 1164 951 πεποικίλθαι.
1202 900 1292 951 Διὸ
1323 902 1447 962 τοὺς
1494 901 1594 967 μὲν
1627 902 1724 968 ἁγ-

158 984 361 1049 γέλοις,
394 985 520 1047 τοὺς
546 986 598 1037 δὲ
625 987 876 1056 δαίμοσιν
913 988 1096 1051 αὐτοῖς
1133 990 1512 1061 ἐγγεγράφθαι
1557 997 1722 1045 ποιεῖ’

160 1078 258 1130 καὶ
303 1079 392 1131 διὰ
424 1078 585 1132 τοῦτο
618 1079 685 1131 τὰ
719 1081 855 1132 αὐτὰ
900 1080 1051 1151 παρὰ
1097 1083 1196 1152 μὲν
1243 1084 1351 1137 τῶν
1400 1086 1724 1155 ἐνεργεῖται,

162 1170 317 1238 παρὰ
343 1170 399 1222 δὲ
428 1171 536 1223 τῶν
574 1172 847 1240 οὐδαμῶς.
880 1174 990 1227 Καὶ
1020 1175 1084 1243 δὴ
1119 1177 1211 1229 καὶ
1242 1176 1392 1245 παρὰ
1418 1178 1522 1229 τῶν
1549 1178 1729 1230 αὐτῶν

161 1261 285 1312 τοτὲ
321 1261 420 1327 μὲν
454 1261 596 1327 ἄγαν
626 1262 994 1330 θαυμάζεται,
1026 1266 1148 1318 τοτὲ
1172 1266 1230 1319 δὲ
1254 1268 1587 1320 τούναντίον.
1622 1269 1729 1319 Καὶ

158 1352 318 1405 ταῦτ’
358 1353 613 1419 ἀνδρείας
658 1349 814 1419 οἶμαι
859 1355 1061 1425 ψυχῆς,
1119 1357 1151 1425 ἢ
1210 1359 1585 1424 γυναικὼδους
1640 1361 1731 1412 καὶ

167 1443 445 1511 μαλακῆς,
487 1444 564 1513 μὴ
598 1447 783 1497 πονεῖν
810 1448 1273 1517 προαιρουμένης,
1303 1448 1388 1515 ἐφ’
1417 1446 1498 1513 οἷς
1529 1453 1735 1520 προσῆ-

165 1551 285 1586 κεν.
333 1533 395 1586 Ἦ
436 1532 599 1601 φύσις
620 1534 675 1586 δὲ
711 1536 842 1587 πᾶσι
890 1536 1064 1604 κοινὴ,
1099 1538 1192 1589 καὶ
1228 1538 1295 1590 τὰ
1350 1538 1556 1606 ταύτης
1603 1542 1734 1608 ἡμῖν

166 1625 347 1678 κοινά’
380 1627 476 1679 καὶ
508 1626 649 1693 ὑπὲρ
683 1628 851 1695 αὐτῆς
902 1629 1079 1689 οὐδεὶς
1113 1628 1235 1682 οὔτε
1294 1631 1697 1699 στεφανώσεται
1718 1670 1734 1694 ,

166 1717 294 1772 οὔτε
328 1719 584 1786 φεύξεταί
646 1736 771 1773 τινα
818 1720 997 1791 δίκην.
1047 1722 1205 1785 Λέγω
1239 1722 1295 1775 δὲ
1328 1723 1490 1792 φύσιν
1518 1725 1612 1776 νῦν
1641 1723 1737 1789 τὴν

167 1813 227 1863 ἑν
258 1809 335 1878 τῷ
366 1809 601 1863 καθόλου
627 1810 760 1864 εἴδει
794 1811 1203 1881 θεωρουμένην,
1252 1815 1343 1866 τὸν
1383 1816 1613 1868 καθόλου
1647 1815 1739 1867 ἇν-

168 1903 415 1968 θρωπον,
466 1901 564 1969 τὴν
598 1902 996 1971 ἀνθρωπότητα
1034 1905 1234 1957 πᾶσαν.
1270 1906 1334 1957 Al
1381 1907 1487 1973 γὰρ
1517 1908 1573 1958 ἐν
1614 1907 1740 1958 ικά-

169 2011 323 2056 στοις
356 1993 609 2063 διαφοραὶ
632 1993 694 2045 οὗ
721 1993 855 2059 πρὸς
886 1996 984 2061 τὴν
1017 1993 1178 2061 φύσιν
1199 1997 1581 2067 ἀναφέρονται,
1608 1998 1741 2049 ἀλλὰ

167 2088 365 2156 γνώμη
395 2088 638 2152 γίνονται
677 2086 895 2149 πάντως
932 2086 1158 2149 πολλαῖς
1189 2106 1249 2140 τε
1280 2090 1375 2141 καὶ
1406 2089 1742 2142 πολυειδέσιν

169 2180 397 2238 αἰτίαις.
431 2180 593 2230 Ὥστε
633 2173 819 2247 ὧνπερ
847 2178 1038 2247 κύριος
1074 2179 1302 2243 ἕκαστος
1328 2181 1507 2243 καλῶς
1542 2199 1598 2233 τε
1647 2182 1743 2233 καὶ

172 2270 255 2339 μὴ
310 2270 601 2333 διαθεῖναι,
645 2273 767 2338 περὶ
806 2270 1010 2323 τούτων
1044 2271 1107 2338 δὴ
1164 2272 1260 2323 καὶ
1315 2272 1476 2339 μόνον
1520 2272 1743 2342 ὀφλήσει

168 2362 330 2430 δίκην
370 2362 622 2425 δικαίως,
657 2357 838 2431 οἶμαι,
876 2361 949 2433 μὴ
995 2363 1265 2427 διατεθεὶς
1322 2365 1505 2433 τυχὸν,
1557 2364 1746 2434 ὥσπερ

170 2455 344 2523 ἐχρῆν
377 2471 437 2506 τε
468 2457 564 2507 καὶ
588 2454 713 2507 ἔδει.
753 2453 897 2509 Εἐν.
932 2457 1023 2507 Δεῖ
1066 2457 1142 2521 δὲ,
1178 2453 1356 2525 οἶμαι,
1402 2460 1463 2510 τὸ
1509 2460 1616 2510 πᾶν
1665 2461 1746 2509 εὶ-

171 2548 381 2609 πὸντας
427 2549 876 2616 συντεταγμένως
918 2564 976 2599 τε
1012 2551 1107 2601 καὶ
1161 2549 1465 2617 συντόμως,
1513 2550 1748 2602 ἐνταῦθα

176 2641 381 2709 στῆσαι
431 2641 522 2693 τὸν
575 2640 767 2708 λόγον·
831 2641 926 2692 καὶ
968 2642 1152 2715 φθαμὲν
1201 2642 1266 2693 δι’
1308 2642 1531 2710 ἄγνοιαν
1564 2643 1663 2711 μὲν
1694 2644 1751 2695 τδ

174 2733 352 2785 κακὸν
383 2730 653 2799 γίνεσθαι,
692 2732 940 2786 ἑκούσιον
963 2732 1009 2785 δ’
1043 2737 1193 2802 ὅμως
1228 2727 1395 2796 εἶναι,
1437 2737 1531 2787 καὶ
1570 2750 1754 2803 προαι-

178 2827 408 2893 ρετικῆς
439 2840 583 2884 τινος
610 2824 837 2892 γνώμης
872 2825 968 2876 καὶ
1011 2824 1218 2888 οἰκείας
1247 2825 1566 2879 διαθέσεως.
1591 2827 1752 2879 Ὥστε

175 2920 243 2987 δὴ
279 2918 436 2985 tax?)
463 2918 710 2983 γεγονότι
740 2916 933 2986 γνώμῃ
971 2917 1032 2969 τὺ
1064 2916 1172 2968 τῶν
1204 2918 1556 2987 καλουμένιιιν
1599 2937 1754 2988 περι-

180 3010 433 3061 στάσεων
463 3007 609 3059 ἅπαν
639 3006 939 3075 ἄθροισμα,
966 3007 1060 3056 καὶ
1086 3007 1239 3057 πᾶσα
1259 3006 1435 3075 τούτῳ
1462 3006 1753 3074 πρόφασις,

179 3103 281 3155 καὶ
313 3101 665 3170 παραίτησις,
715 3099 812 3151 καὶ
856 3098 1036 3151 πάντα
1088 3099 1155 3151 τὰ
1199 3098 1449 3158 τοιαῦτα,
1500 3099 1627 3167 ψιλή
1676 3116 1758 3160 τις

1824 621 2082 690 temporis
2107 619 2489 687 opportunitas
2523 617 2665 670 haud
2697 619 2991 679 concessit,
3034 620 3115 670 vel
3144 634 3305 672 casus
3342 629 3396 670 et

1825 728 1943 766 sors
1970 712 2154 779 aliqua
2182 728 2194 761 :
2228 711 2319 762 sed
2363 722 2556 762 omnes
2580 723 2808 777 prorsus
2838 710 2905 762 de
2929 710 2994 763 iis
3018 710 3400 763 tantummodo

1826 806 2090 859 rationem
2160 801 2427 856 reddituri
2465 815 2683 862 sumus,
2713 816 2836 867 qua:
2870 816 2994 855 cum
3024 802 3167 855 scire
3190 802 3272 853 vel
3309 802 3396 853 di-

1828 912 1980 951 scere
2014 896 2195 959 liceat,
2232 906 2341 950 tam
2376 895 2559 949 studio
2594 896 2817 963 proprio
2861 910 3024 961 quam
3056 895 3288 949 aliorum
3320 895 3400 948 iu-

1829 990 2153 1052 structioue,
2185 1002 2285 1041 nos
2318 1003 2491 1055 neque
2526 987 2804 1041 laboribus
2841 986 3044 1040 nostris
3070 1002 3405 1055 cognosci-re

1830 1081 2225 1140 studuerimus,
2283 1094 2459 1147 neque
2492 1080 2701 1147 discere
2736 1081 3077 1134 voluerimus
3114 1082 3188 1133 ab
3225 1078 3403 1149 iis'qni

1830 1188 1892 1226 ea
1925 1180 2147 1227 norunt.
2179 1170 2339 1226 Tales
2359 1187 2590 1239 namque
2618 1173 2819 1226 nullam
2847 1188 2992 1226 exeo
3017 1183 3145 1227 sunt
3173 1172 3406 1225 habituri

1833 1264 2268 1325 excusationem,
2299 1262 2444 1331 quod
2496 1278 2592 1329 per
2641 1263 3005 1332 ignorantiam
3058 1263 3410 1332 deliquerint.

1837 1358 1930 1410 Est
1951 1356 2092 1410 enim
2139 1359 2243 1411 hoc
2276 1371 2382 1410 non
2414 1365 2642 1419 natura},
2674 1370 2774 1409 nec
2808 1354 3042 1421 alicujus
3064 1356 3431 1425 extrinSPcus

1837 1449 2143 1503 accidentis
2174 1450 2274 1512 rei,
2308 1448 2401 1503 sed
2438 1449 2722 1503 electionis
2752 1448 2919 1501 animi
2949 1448 3180 1502 crimen.
3201 1446 3413 1514 Quippe

1839 1550 2030 1595 natura
2056 1540 2274 1608 quidem
2302 1554 2431 1594 suos
2455 1532 2596 1594 intra
2622 1541 2821 1595 limites
2845 1550 3047 1603 manet,
3076 1555 3139 1593 ac
3163 1554 3262 1593 nos
3284 1554 3411 1607 erga

1839 1634 2028 1696 Deum,
2056 1641 2108 1685 et
2145 1632 2416 1695 homines,
2447 1641 2499 1685 et
2533 1647 2685 1685 suam
2717 1633 2984 1707 cujusque
3016 1632 3435 1703 conscientiam

1840 1725 2113 1796 purgabit,
2161 1726 2203 1777 si
2253 1724 2391 1785 lucc,
2426 1723 2504 1777 vel
2545 1723 2656 1785 illa,
2705 1722 2881 1777 facere
2917 1739 3023 1776 non
3065 1724 3413 1791 poterimus:

1842 1817 2011 1871 animi
2055 1830 2179 1867 vero
2226 1814 2426 1868 electio
2480 1815 2675 1867 mutari
2701 1814 3012 1882 variarique
3048 1822 3252 1881 posset.
3284 1812 3416 1864 Eam

1841 1910 1911 1960 oh
1935 1922 2157 1960 causam
2194 1906 2321 1959 facit
2345 1914 2400 1958 ut
2431 1905 2520 1958 alii
2554 1906 2789 1959 cmlihus
2814 1906 3155 1971 angelorum,
3183 1904 3273 1955 alii
3304 1920 3420 1954 ma-

1843 2002 1909 2055 lis
1940 2002 2109 2068 gt'niis
2144 2008 2525 2067 aggregentur.
2560 1997 2759 2051 Eadem
2799 1998 2865 2051 de
2900 2012 3065 2050 causa
3100 2012 3189 2050 res
3214 1997 3413 2049 ezedem

1845 2092 2021 2146 abhis
2063 2091 2391 2152 elliciuntur,
2428 2090 2496 2143 ab
2547 2089 2651 2143 illis
2709 2103 2812 2140 non
2870 2087 3207 2143 eﬂiciuntnr.
3279 2087 3422 2153 Quin

1847 2186 2010 2240 etiam
2035 2186 2237 2239 eisdem
2289 2184 2451 2237 modo
2482 2192 2607 2236 sunt
2635 2183 2982 2235 admirationi
3009 2224 3021 2242 ,
3051 2182 3211 2235 modo
3235 2198 3419 2236 secus.

1847 2280 2022 2342 Atque
2069 2278 2181 2328 hate
2230 2276 2307 2327 vel
2349 2277 2416 2328 ah
2456 2276 2643 2328 animo
2696 2274 2843 2335 forti,
2889 2277 2967 2327 vel
3014 2290 3041 2327 a
3091 2275 3341 2327 muliebri
3373 2283 3426 2325 et

1850 2370 1994 2422 mulli
2034 2369 2302 2437 proficisci
2338 2377 2489 2436 puto,
2529 2368 2619 2435 qui
2653 2369 2891 2420 laborem
2938 2369 2989 2420 in
3032 2367 3173 2421 iisin
3219 2367 3428 2435 quibus

1852 2462 2099 2520 debebat,
2132 2462 2405 2527 suscipere
2450 2470 2685 2511 recusat.
2716 2456 2915 2510 Natura
2960 2474 3087 2511 vero
3120 2458 3431 2510 communis

1852 2563 1935 2605 est
1967 2550 2258 2613 universis,
2292 2562 2345 2603 et
2374 2565 2492 2617 quze
2518 2550 2661 2602 illius
2696 2558 2841 2611 sunt,
2873 2548 3057 2601 itidem
3096 2548 3251 2601 nobis
3282 2564 3432 2600 com-

1863 2645 2043 2697 munia
2082 2661 2095 2696 :
2146 2658 2243 2696 nec
2289 2643 2404 2710 ejus
2451 2642 2668 2695 nomine
2710 2644 3001 2709 quisquam
3047 2640 3128 2693 vel
3172 2655 3432 2694 coronam

1865 2738 2218 2802 adipiscetur,
2253 2734 2334 2788 vel
2384 2744 2637 2801 tanquam
2683 2749 2807 2787 reus
2836 2732 3211 2786 accusabitur.
3242 2731 3308 2785 Et
3346 2747 3438 2783 na-

1860 2837 2034 2880 turam
2069 2840 2210 2878 nunc
2240 2824 2474 2892 appello,
2511 2839 2631 2892 qnze
2677 2824 2728 2876 in
2764 2824 3021 2876 universa
3081 2822 3264 2890 specie
3315 2838 3440 2874 eun-

1864 2921 2160 2978 sideratnr,
2195 2917 2470 2969 hominem
2506 2917 2892 2979 universalem,
2932 2925 3104 2969 totum
3139 2930 3309 2983 genus
3335 2917 3436 2968 lm—

1862 3025 2116 3068 mauum;
2151 3025 2274 3062 nam
2327 3024 2448 3075 qua:
2488 3009 2805 3061 discrimina
2836 3018 2959 3061 sunt
3000 3010 3051 3062 in
3095 3008 3343 3076 singulis,
3378 3022 3440 3060 ea

1868 3106 1931 3157 ad
1967 3113 2213 3155 naturam
2247 3100 2580 3167 referuntur,
2615 3103 2707 3157 sed
2738 3101 2962 3155 omnino
3009 3101 3074 3155 de
3108 3102 3273 3154 animi
3315 3115 3441 3153 seu-

184 3191 411 3261 σκῆψις·
455 3190 549 3242 καὶ
594 3187 747 3240 οὐδὲν
785 3188 952 3256 ἱερὸν,
988 3186 1108 3238 οὐδὲ
1145 3186 1319 3250 ὑγιὲς,
1368 3185 1489 3239 οὐδὲ
1543 3174 1762 3245 πέιθοῧς
1794 3205 1834 3258 c
1870 3193 2034 3245 tentia

1569 3174 1762 3245 πειθοῦς
1794 3205 1834 3258 c
1870 3193 2034 3245 tentia
2081 3190 2528 3261 proﬁciscuntur,
2561 3201 2617 3244 et
2666 3192 2853 3246 multis
2901 3206 2965 3244 ac
3012 3191 3444 3245 multiformibus

183 3286 361 3350 ἄξιον.
396 3283 571 3349 Μόγις
623 3282 734 3350 γὰρ
779 3279 856 3349 τῷ
908 3279 1221 3349 μαινομένῳ
1265 3280 1357 3330 καὶ
1401 3278 1768 3347 παραπαίοντι

188 3373 603 3443 συγχωρητέον,
659 3370 738 3440 τῷ
770 3367 1031 3438 καθαρῶς
1067 3370 1325 3421 ἀκούσιον
1374 3369 1766 3435 ἁμαρτάνοντι.

184 3467 303 3520 Καὶ
330 3466 377 3516 εί
407 3465 483 3534 μὴ
510 3466 630 3533 εἰκῇ
668 3463 932 3530 δοκοῦμεν
966 3460 1279 3529 λογίζεσθαι
1308 3462 1400 3512 καὶ
1429 3461 1773 3510 κατασκευά-

185 3561 330 3624 ζειν,
366 3559 465 3624 τῆς
499 3556 756 3625 ἀληθείας
790 3557 817 3607 ὁ
847 3555 1002 3621 λόγος
1045 3554 1252 3623 ἔχεται,
1305 3554 1400 3604 καὶ
1434 3552 1547 3604 οὐδ’
1590 3552 1769 3619 ἑαυτῷ

181 3642 613 3721 περιπέπτωκε.
658 3647 843 3700 Ταῦτα
893 3648 949 3699 δὲ
995 3648 1126 3715 ἡμῖν
1178 3645 1285 3698 ἔδει
1340 3645 1642 3715 δειχθῆναι,
1674 3648 1766 3696 καὶ

182 3746 389 3811 γέγονε
422 3742 565 3793 κατὰ
594 3740 692 3807 τὴν
721 3737 1004 3807 ἡμετέραν
1030 3735 1207 3805 ἰσχύν.

1875 3282 2072 3335 causis.
2109 3283 2452 3349 Quapropter
2484 3282 2537 3333 in
2589 3282 2786 3349 quibus
2820 3283 2990 3335 libera
3044 3282 3243 3350 cuique
3277 3283 3446 3335 facul-

1875 3388 1957 3431 tas
1984 3387 2068 3430 est
2103 3387 2246 3431 recte
2277 3377 2552 3431 vel‘secus
2587 3393 2705 3431 sese
2738 3379 2986 3446 gerendi,
3022 3395 3210 3433 eorum
3242 3379 3445 3431 dunta-

1872 3478 1961 3521 χιιι
1991 3469 2230 3533 nomine,
2259 3484 2373 3521 mea
2399 3470 2613 3535 quidem
2642 3470 2921 3535 opinione,
2948 3473 3142 3525 merito
3170 3471 3447 3523 damnabi-

1875 3565 1985 3622 tur,
2015 3557 2059 3608 si
2095 3557 2233 3610 forte
2271 3573 2377 3609 non
2407 3556 2633 3612 allectus
2665 3558 2736 3611 ita
2778 3560 2938 3612 fuerit
2968 3561 3044 3614 uti
3081 3576 3177 3627 par
3204 3570 3342 3614 erat.
3377 3563 3449 3613 Ac

1873 3648 1940 3701 sit
1970 3647 2043 3700 ita
2075 3662 2221 3702 sane.
2262 3647 2536 3703 Caeterum
2584 3666 2707 3703 cum
2743 3668 2827 3704 res
2861 3662 2970 3703 tota
3009 3656 3305 3719 composite
3338 3651 3450 3701 via-

1874 3753 1977 3805 que
2032 3740 2434 3807 compendiaria
2499 3741 2571 3794 sit
2626 3742 2897 3809 exposita,
2954 3743 3304 3796 inhibendum
3367 3745 3452 3795 hic

184 3852 415 3890 cursum
463 3833 728 3887 orationis
779 3831 1051 3897 arbitror;
1096 3830 1338 3898 adeoque
1368 3829 1617 3893 dicimus,
1663 3844 1758 3897 per
1794 3830 2162 3898 ignorantiam
2196 3834 2413 3900 quidem
2465 3833 2579 3887 ﬁeri
2615 3832 2759 3901 quod
2792 3836 2994 3886 malum
3032 3844 3136 3899 cst,
3206 3837 3299 3888 sed
3371 3837 3452 3886 ιιὶ-

186 3930 306 3982 hilo
340 3931 521 3981 minus
548 3941 671 3980 esse
698 3924 1080 3989 volnutatium,
1109 3933 1163 3977 et
1199 3925 1266 3976 ab
1308 3922 1628 3976 electionem
1662 3923 1895 3977 habente
1966 3923 2131 3976 animi
2183 3925 2455 3977 sententia
2528 3910 2858 3993 propriaque
2930 3925 3216 3979 aﬂ'cctione
3283 3929 3418 3994 proli

187 4023 350 4075 cisci.
389 4020 507 4085 Quo
545 4022 601 4072 lit
630 4029 687 4069 ut
712 4018 801 4085 qui
838 4017 905 4069 de
940 4016 1108 4068 animi
1150 4015 1231 4069 sui
1263 4014 1537 4067 sententia
1593 4014 1765 4065 mulus
1807 4012 1979 4065 factus
2013 4022 2114 4075 est,
2185 4013 2232 4065 ei
2260 4014 2829 4077 circumstantiarum,
2898 4030 3034 4084 quas
3068 4027 3285 4079 vocant,
3320 4031 3453 4068 cou'

190 4121 377 4186 geries
416 4115 614 4178 omnis,
654 4113 833 4167 omnis
883 4121 997 4164 tum
1048 4109 1287 4172 occasio,
1320 4118 1431 4159 tum
1463 4109 1762 4167 excusdtio,
1808 4123 1925 4160 cunt
1960 4106 2212 4161 omnibus
2245 4106 2365 4159 aliis
2407 4107 2627 4172 talibus,
2705 4109 2884 4161 nudus
2919 4110 3079 4163 modo
3155 4120 3456 4177 praetextu;

194 4214 281 4273 ﬁt,
322 4223 420 4260 nec
454 4206 745 4276 quidquam
775 4203 937 4264 sacri,
971 4217 1069 4257 nec
1095 4204 1237 4265 sani,
1278 4214 1375 4253 nec
1403 4201 1489 4253 cui
1520 4201 1650 4253 lides
1684 4201 1926 4253 adhiberi
2004 4199 2219 4252 debeat.
2277 4196 2371 4251 Vix
2422 4199 2567 4251 enim
2652 4202 2860 4253 furioso
2935 4215 2996 4255 ac
3046 4202 3299 4254 deliranti
3376 4216 3436 4254 es

193 4307 613 4379 ignoscendum,
662 4306 754 4376 qui
802 4320 934 4374 pure
984 4311 1180 4372 praeter
1216 4303 1381 4356 animi
1420 4306 1754 4354 voluntatem
1798 4299 2081 4368 delinquit.
2116 4302 2192 4353 Ac
2232 4300 2276 4353 si
2323 4301 2539 4369 quidem
2596 4316 2700 4354 non
2782 4300 2979 4355 frttstra
3032 4300 3343 4355 ratiocinari
3405 4310 3458 4353 ct

195 4407 579 4476 argumentari
613 4405 880 4468 videmur,
904 4404 1114 4457 veritati
1148 4413 1512 4455 consentanea
1545 4411 1625 4453 est
1652 4398 1849 4461 oratio,
1889 4414 1987 4451 nec
2014 4399 2129 4466 ipsa
2160 4408 2333 4451 semet
2365 4397 2584 4451 evertit.
2646 4396 2814 4451 Erant
2880 4408 3057 4451 autem
3132 4396 3248 4451 hare
3307 4394 3459 4450 nobis

202 4501 654 4565 demonstranda,
688 4512 879 4567 resque.
915 4512 1011 4565 pro
1045 4496 1251 4551 viribus
1285 4511 1312 4550 a
1343 4497 1498 4549 nobis
1524 4504 1605 4548 est
1637 4494 1909 4547 conlecta.

820 4613 1041 4667 ΛΟΓΟΣ
1093 4609 1167 4666 Δ’.

209 4714 357 4782 Περὶ
402 4709 631 4782 ἡδονῆς
660 4724 673 4738 ·
703 4708 792 4761 ὅτι
825 4706 1211 4782 κρεῖττον-ἂνξ
1228 4701 1314 4782 ’ἦν
1355 4705 1510 4782 μηδὲ
1546 4705 1657 4772 τὴν
1686 4705 1786 4771 ἀρ-

467 4775 589 4849 χὴν
612 4776 1016 4848 συμπαρεῖναι
1051 4776 1131 4841 τῷ
1164 4775 1283 4842 βίῳ
1325 4777 1532 4841 τούτῳ.

296 4875 464 4928 Ἀλλὰ
494 4873 602 4943 γὰρ
635 4869 961 4941 γιγνόμενόν
999 4872 1114 4922 ἐστι
1150 4870 1243 4921 καὶ
1292 4870 1591 4940 προσῆκον,
1648 4869 1781 4939 μηδὲ

204 4970 312 5040 τὴν
344 4968 505 5020 ἐνίων
535 4966 665 5033 περὶ
695 4967 795 5033 τῆς
818 4962 1012 5031 ἡδονῆς
1047 4963 1206 5026 δόξαν
1250 4962 1447 5015 οὑτωσὶ
1496 4964 1783 5031 παραδραο

212 5063 338 5128 μεῖν
371 5056 647 5120 ἐθελῆσαι.
680 5053 903 5121 Νομίζω
925 5054 1032 5122 γὰρ
1064 5054 1285 5111 τούτους
1308 5070 1364 5104 τε
1391 5052 1792 5121 ἐξαμαρτάνειν

203 5137 306 5207 τοῦ
338 5167 401 5219 γε
434 5148 595 5218 ὀρθοῦ
621 5146 907 5215 λογισμοῦ,
937 5148 1031 5199 καὶ
1066 5148 1196 5214 ἡμῖν
1219 5145 1467 5214 ἀνάγκην
1502 5144 1667 5208 εἶναι,
1723 5145 1791 5198 τά

208 5242 569 5313 γεοδοκοῦντα
605 5240 737 5307 περὶ
766 5240 999 5307 ταυτησὶ
1032 5228 1235 5303 λέγειν,
1273 5237 1375 5305 σήν
1397 5253 1455 5287 τε
1501 5238 1665 5305 χάριν
1696 5236 1790 5287 καὶ

205 5334 491 5406 ὡφελείας
527 5334 714 5384 ἕνεκεν
743 5330 851 5382 τῶν
891 5328 1294 5396 ἐντευξομένων
1346 5329 1479 5390 ίσως
1510 5327 1585 5396 τῷ
1617 5327 1783 5393 λόγῳ.

205 5429 452 5486 Δοκοῦσι
472 5427 650 5479 τοίνυν
677 5425 805 5478 ἔνιοι
836 5422 943 5476 τῶν
974 5421 1300 5491 ἀνθρώπων,
1324 5416 1476 5488 οἶμαι
1505 5421 1548 5470 δ’
1578 5420 1658 5471 ὅτι
1694 5421 1788 5470 καὶ

206 5520 317 5585 τῇς
352 5514 544 5584 μοίρας
573 5512 680 5566 τῶν
701 5512 1004 5565 δοκούντων
1034 5510 1093 5563 οὐ
1115 5510 1337 5577 φαύλων
1368 5503 1529 5571 εἶναι,
1561 5508 1703 5560 οὕτω
1727 5526 1790 5573 γε

206 5605 561 5678 τυραννικὴν
593 5605 685 5656 καὶ
716 5602 1108 5673 βασιλεύουσαν
1144 5596 1286 5654 εἶναι
1339 5601 1437 5671 τὴν
1469 5600 1679 5670 ἡδονὴν,
1714 5602 1790 5661 ὡς

210 5700 315 5753 ὑπ’
375 5696 589 5762 ἐκείνης
646 5695 888 5757 ἅπαντας
940 5692 1171 5759 ἄγεσθαι
1231 5690 1598 5759 αἰχμαλώτων
1644 5692 1796 5743 οὐδὲν

209 5791 473 5855 ἄμεινον.
510 5786 641 5840 Εἶτα
679 5784 1099 5854 διισχυρίξονται
1127 5785 1224 5836 οὐκ
1265 5783 1487 5850 ἀγαθὸν,
1514 5784 1619 5837 (ηδ’
1649 5785 1795 5851 dab

215 5886 392 5950 λιμον
446 5879 650 5945 ταύτην
689 5873 827 5931 εἶναι
870 5876 1001 5943 τιῖδε
1064 5874 1140 5941 τῷ
1176 5874 1272 5941 βίῳ
1342 5876 1647 5929 τῖε-ξεναντῖςν
1701 5876 1795 5928 υλν

1822 4591 1865 4645 Ι)
2490 4606 2748 4662 ORATIO
2785 4605 2869 4661 tv.

2038 4700 2112 4755 De
2147 4702 2414 4768 voluptate
2442 4719 2455 4755 :
2495 4704 2634 4770 quod
2663 4716 2777 4751 eam
2810 4707 3091 4766 prwslaret
3124 4698 3187 4750 ab
3224 4696 3321 4749 hac

2392 4774 2502 4825 vita
2522 4786 2738 4838 prorsus
2770 4772 2969 4823 abesse.

1966 4862 2218 4917 Sedcnim
2271 4879 2485 4934 atquum
2521 4878 2581 4917 ac
2637 4861 2834 4914 rationi
2883 4869 3313 4914 consentaneum
3358 4867 3466 4923 est,

1894 4970 1994 5008 nec
2035 4956 2347 5023 Opinionem
2398 4957 2757 5024 quorumdam
2812 4954 2876 5005 de
2918 4952 3196 5021 voluptate
3246 4950 3467 5005 silentio

1893 5051 2185 5118 przeteriri.
2235 5031 2672 5119 Nannicquidem
2726 5047 2964 5101 arbitror
3000 5056 3051 5099 ct
3097 5047 3192 5098 hos
3240 5058 3269 5096 a
3317 5056 3463 5097 reeta

1890 5144 2157 5197 sententia
2183 5144 2458 5206 aberrare,
2490 5154 2543 5197 et
2573 5157 2602 5195 a
2629 5141 2788 5195 nobis
2821 5138 3133 5193 necessario
3176 5137 3375 5205 requiri
3408 5145 3465 5189 ut

1889 5236 2015 5302 quid
2066 5234 2221 5287 nobis
2275 5238 2339 5289 de
2374 5236 2474 5289 hac
2507 5235 2773 5294 videatur,
2812 5248 2935 5284 cum
2986 5242 3074 5283 tua
3115 5245 3303 5293 causa,
3350 5239 3464 5280 tum

1897 5326 2146 5380 utilitatis
2178 5341 2363 5380 eorum
2409 5325 2501 5394 qui
2541 5324 2788 5377 fortassis
2834 5321 2972 5375 hanc
3016 5321 3317 5375 orationem
3352 5319 3466 5387 pel-

1900 5417 2088 5471 lecturi
2134 5428 2284 5481 sunt,
2323 5430 2681 5485 exponamus.
2735 5414 3037 5481 Opinantur
3084 5426 3214 5477 ergo
3242 5410 3331 5477 qui
3359 5414 3463 5461 lam

1901 5509 2165 5572 homines,
2196 5518 2253 5562 et
2298 5522 2482 5561 eorum
2515 5508 2735 5576 quidem
2776 5520 2806 5559 e
2835 5518 3061 5558 numero
3097 5502 3187 5570 qui
3240 5501 3466 5553 minime

1900 5598 2035 5653 viles
2067 5610 2120 5653 et
2152 5599 2536 5654 contemnendi
2588 5598 2863 5660 videntur,
2917 5610 3087 5662 u5que
3117 5594 3251 5646 adeo
3281 5603 3467 5661 tyran-

1900 5695 2074 5745 nicam
2104 5698 2157 5745 et
2190 5691 2538 5761 imperiosam
2568 5704 2686 5743 esse
2709 5690 3040 5754 voluptatem
3068 5698 3123 5739 ut
3158 5684 3225 5735 ah
3245 5698 3305 5736 ea
3336 5696 3468 5752 cap-

1900 5785 2129 5837 tivorum
2160 5786 2453 5838 iuniorem
2487 5782 2719 5837 universi
2749 5781 3055 5835 trahantur.
3094 5776 3290 5829 Deinde
3322 5789 3461 5828 con-

1916 5886 2095 5930 tantcr
2126 5884 2398 5933 asserunt.
2431 5891 2547 5931 eam
2590 5875 2711 5928 ιὶιςυ
2744 5873 3026 5928 tnut'luliutt
3092 5884 3189 5923 nec
3238 5868 3453 5930 bonam,
