4748 6512
152 515 261 579 445

1542 517 1828 579 ORATIO
1861 520 1936 577 ιν

3277 513 3383 577 ιω

148 632 261 686 ἀπὸ
286 630 384 685 τοῦ
416 629 629 701 χείλους
681 630 999 699 δεδεμένους
1026 631 1133 684 τῶν
1169 632 1377 697 ἵππων,
1432 634 1528 686 καὶ
1563 650 1720 701 στρε-
1752 639 1790 691 Α
1823 634 1914 700 qui
1958 633 2022 701 gl:

1511 634 1528 684 ἰ
1563 650 1720 701 στρε-
1752 639 1790 691 Α
1823 634 1914 700 qui
1958 633 2193 701 gladium
2232 633 2432 700 vibrat,
2465 644 2519 689 et
2550 635 2662 690 ha'c
2688 643 2849 702 atque
2882 635 2971 687 illa
3004 631 3182 686 facere
3207 630 3386 697 jubet,

148 720 487 789 ϐλουμινους
517 722 624 774 τινὶ
661 719 822 789 ξύλῳ.
863 722 1007 790 "pb;
1032 722 1138 792 γὰρ
1170 724 1233 792 δὴ
1259 724 1453 777 δάκνον
1486 725 1584 794 ῆδη
1618 741 1721 776 πα-

148 820 244 883 ρὸν
266 812 544 880 (δάκνεται
570 813 681 882 γὰρ
705 814 731 863 ό
768 813 1055 881 ἐπιθυμῶν
1085 813 1234 881 αὐτῷ
1273 814 1350 883 τῷ
1384 815 1720 885 ἐπιθυμεῖν),

147 904 244 956 καὶ
272 904 413 973 πρὸς
466 903 699 971 ἀπειλὴν
738 904 926 956 κακῶν
959 904 1197 973 (ἀπειλεῖ
1226 907 1335 975 γὰρ
1356 908 1416 960 τδ
1454 908 1723 973 ποθούμε-

145 1011 239 1046 νον
259 994 598 1057 ἀποπνίξειν,
625 995 675 1046 εί
702 994 767 1063 δὴ
792 996 1070 1059 παντελῶς
1102 998 1421 1066 ἀποσταίη),
1464 999 1556 1051 καὶ
1589 1000 1725 1067 πρὸς

146 1084 272 1153 βίαν
302 1085 498 1155 ἡδονῆς
525 1084 601 1150 (τί
628 1085 736 1155 γὰρ
767 1087 1000 1156 ταυτησὶ
1040 1087 1342 1157 βιαιότερον
1365 1090 1427 1155 ;i,
1460 1092 1554 1144 καὶ
1588 1091 1725 1157 πρὸς

146 1176 503 1247 παράκλησιν
534 1177 713 1229 καλῶν
744 1178 1082 1246 φαινομένων
1107 1179 1318 1249 (ὥσπερ
1348 1180 1455 1249 γὰρ
1487 1180 1728 1247 αὐτόμα-

146 1286 216 1321 τα
251 1269 435 1322 πάντα
486 1267 623 1319 εῖκει
655 1271 721 1336 τῇ
761 1268 872 1319 τῶν
912 1268 1093 1323 καλῶν
1124 1270 1269 1340 θέᾳ).
1319 1273 1411 1324 καὶ
1438 1271 1726 1323 συνελόντα

148 1363 354 1425 εἰπεῖν,
384 1360 523 1429 πρὸς
559 1359 736 1429 ὁρμὴν
760 1361 857 1426 τῆς
893 1361 1107 1426 φύσεως
1135 1363 1239 1415 ὑπὸ
1266 1362 1538 1415 τοσούτων
1573 1365 1729 1428 ἐφελ-

148 1454 423 1522 κομένην,
453 1455 538 1516 τίς
566 1454 710 1505 οὕτω
744 1453 1028 1522 σιδηροῦς,
1069 1456 1155 1518 τίς
1200 1455 1452 1522 ἀδάμας,
1489 1456 1563 1518 ὼς
1597 1455 1726 1523 μὲλ-

146 1545 207 1597 λε
218 1562 268 1598 ιν
290 1546 505 1614 ἑδραῖος
528 1546 889 1613 φανήσεσθαι,
910 1546 1045 1598 ἀλλὰ
1070 1547 1143 1615 μὴ
1161 1546 1614 1608 καταπεσεῖσθαι,
1636 1548 1728 1600 καὶ

147 1635 448 1699 διαπαντὸς
479 1636 693 1688 κεῖσθαι
726 1635 1109 1705 βουλήσεσθαι,
1145 1639 1245 1703 τὴν
1272 1637 1563 1705 διόρθωσιν
1592 1655 1731 1689 παν-

149 1727 399 1778 τάπασιν
427 1726 737 1792 ἁπογνοὺς;
786 1727 931 1779 ’.ἁλλ’
959 1727 987 1780 δ
1009 1729 1069 1793 δὴ
1098 1728 1480 1798 χαλεπώτερον
1512 1730 1602 1781 καὶ
1630 1747 1733 1781 πα-

156 1816 438 1884 ραμυθίας
474 1817 768 1887 ἀνώτερον,
800 1818 895 1871 καὶ
920 1817 1140 1871 ἀνίατον
1165 1819 1352 1882 κακὸν,
1376 1819 1430 1871 τί
1454 1820 1528 1889 μὴ
1553 1819 1729 1885 λόγως

153 1908 418 1961 Ἐπειδὰν
447 1910 557 1977 γὰρ
586 1910 679 1961 καὶ
705 1908 963 1977 τύχωμεν
991 1909 1099 1963 τῶν
1131 1910 1321 1977 ἡδέων,
1353 1914 1448 1966 καὶ
1473 1912 1571 1978 τὴν
1594 1911 1732 1977 ἀγα-

153 1999 255 2065 θην
286 1998 607 2066 νομίσωμεν
638 1998 811 2068 τύχην
862 2001 1009 2067 ἡμᾶς
1041 2000 1526 2070 ἐπιδεδημηκέναι,
1571 2001 1732 2071 μόγις
1767 1985 1806 2039 Β

153 2089 238 2153 δὲ,
267 2090 364 2143 καὶ
392 2090 481 2143 διὰ
511 2090 727 2159 χρόνου,
758 2083 962 2159 ταχέως
991 2090 1132 2157 ἄγαν
1166 2092 1487 2160 ἀφίπταται,
1521 2095 1614 2146 καὶ
1640 2094 1734 2146 λυ-

158 2182 254 2231 πεῖ
276 2181 356 2249 τῷ
378 2181 684 2248 ἀφεστάναι
717 2181 899 2251 πολλῷ
936 2198 999 2251 γε
1039 2182 1262 2248 μᾶλλον,
1287 2184 1318 2254 ἢ
1347 2185 1630 2252 εὐφραίνει
1659 2183 1736 2253 τῷ

156 2273 442 2340 παρεῖναι,
474 2272 536 2325 Ei
563 2273 609 2325 δ’
634 2274 1002 2341 ἒπιμὴκιστον
1030 2273 1305 2343 διαρκέσει
1330 2274 1543 2342 χρόνον,
1571 2274 1735 2326 λυπεῖ

154 2363 236 2432 τῷ
267 2363 438 2431 κόρῳ.
475 2364 769 2431 Πλησμονὴ
798 2364 930 2432 γὰρ,
969 2363 1075 2433 εφη
1107 2382 1213 2427 τις,
1243 2366 1353 2417 τῶν
1382 2382 1444 2432 γε
1481 2366 1737 2419 τοιούτων

158 2457 447 2508 ἁπάντων.
475 2455 633 2518 Εἰκὸς
664 2455 710 2507 δ’
740 2454 806 2507 ἂν
839 2456 945 2523 εῖη,
971 2459 1068 2523 τῆς
1117 2455 1272 2525 δόξης
1299 2458 1736 2524 μετατραπείσης

158 2550 240 2609 εἰς
268 2548 607 2609 τούναντίον,
660 2546 769 2598 ἀπὸ
802 2546 902 2614 τῆς
952 2548 1168 2617 πείρας,
1211 2548 1382 2615 μείζω
1434 2549 1535 2616 τὴν
1563 2548 1739 2617 λύπην

160 2634 310 2690 εἶναι
341 2636 443 2704 τῆς
469 2638 806 2707 εὐφροσύνης
830 2654 844 2668 ο
876 2638 969 2690 καλ⁸
993 2637 1091 2706 τῆς
1120 2638 1409 2705 φθασάσης
1435 2639 1622 2709 ἡδονῆς
1650 2639 1741 2692 τδν

162 2728 525 2796 ὶπιγεγονότα
560 2728 829 2796 κρατῆσαι
870 2727 1197 2796 μετάμελον,
1227 2730 1321 2780 καὶ
1343 2729 1741 2799 πλεονεκτηθῆ-

163 2837 257 2870 ναι
290 2820 381 2871 καὶ
402 2819 700 2888 ἡττηθῆναι
732 2818 936 2889 ταύτην
967 2819 1199 2874 ἐκείνου.
1226 2821 1299 2872 Τὸ
1328 2822 1435 2888 γὰρ
1475 2821 1573 2889 ἡδὺ
1604 2820 1741 2887 μετὰ

164 2912 263 2962 τὸν
292 2910 457 2980 κόρον
488 2911 824 2979 ἀνιαρὸν,ὼς
857 2914 1161 2982 εἰρήκαμεν
1181 2930 1194 2943 ·
1232 2913 1326 2965 καὶ
1356 2911 1580 2979 ἀλγύνει
1608 2912 1740 2979 μᾶλ-

163 3004 261 3055 λον
291 3004 355 3055 τὸ
390 3003 730 3073 ὑπερϐάλλον
758 3005 855 3070 τῆς
889 3004 1233 3073 πλησμονῆς,
1266 3004 1299 3074 ἣ
1333 3007 1742 3074 παραμυθεῖται

162 3097 229 3146 τὸ
270 3094 491 3165 μέτριον
516 3096 615 3164 τῆς
667 3096 909 3165 τρυφῆς’
952 3098 1045 3148 καὶ
1076 3096 1237 3148 λυπεῖ
1275 3097 1335 3148 τὸ
1360 3096 1745 3165 διαρκέστερον

165 3186 273 3248 τῆς
300 3185 589 3249 ἀπουσίας,
620 3186 653 3256 ἢ
682 3186 965 3255 χαρίζεται
1008 3189 1039 3257 ἡ
1076 3188 1373 3257 παρουσία,
1401 3189 1475 3249 ὡς
1513 3187 1745 3256 τάχιστα

1825 726 2108 792 imperium
2150 743 2403 791 recusare
2429 745 2529 781 non
2567 730 2713 791 licet,
2750 728 2824 780 ita
2855 727 3043 780 cedere
3067 732 3291 777 cunctos
3329 730 3386 776 et

1822 830 2046 868 currere
2080 832 2297 871 neccsse
2348 827 2433 870 est
2472 832 2801 883 quocunque
2846 815 3095 883 voluptas
3123 814 3383 867 innuerit.

1825 907 2031 975 Quippe
2063 923 2181 961 cum
2217 909 2412 961 malum
2439 910 2610 977 ipsum
2640 925 2737 963 nos
2765 915 2939 975 urget,
2966 917 3016 957 et
3043 914 3386 972 appetentem

1827 1008 2035 1053 natnrte
2066 1010 2262 1055 nostrae
2292 1013 2500 1071 partem
2536 1000 2853 1053 exhortatur
2882 1000 2945 1051 ad
2979 997 3289 1051 frnitionem
3323 1011 3387 1049 ac

1829 1090 2296 1157 participationem
2347 1090 2577 1154 alicujus
2621 1102 2921 1154 eorumque
2956 1088 3205 1159 videntur
3230 1098 3395 1152 expc.

1829 1184 2010 1240 tenda,
2049 1190 2103 1233 et
2129 1184 2197 1232 ad
2227 1196 2284 1233 se
2316 1180 2640 1247 pertrahunt
2695 1194 2757 1231 ac
2797 1178 3046 1239 invitant,
3078 1185 3130 1228 ct
3176 1186 3388 1243 praetcr-

1829 1288 1890 1327 ea
1950 1272 2187 1326 dolorem
2225 1273 2508 1325 allaturum
2543 1289 2602 1327 se
2650 1272 2889 1324 minatur
2922 1270 2974 1323 tti
3023 1270 3251 1323 velimus
3295 1267 3386 1319 ad-

1831 1378 2019 1423 nuere.
2060 1364 2192 1417 nihil
2225 1364 2373 1432 quod
2402 1366 2623 1429 agamus
2659 1361 2808 1416 aliud
2840 1370 3005 1415 restat
3031 1376 3191 1429 quam
3222 1368 3280 1411 ut
3312 1373 3394 1411 se-

1831 1470 2087 1524 quamur,
2116 1467 2169 1509 et
2222 1455 2489 1508 ducamur
2549 1456 2763 1507 illorum
2808 1468 3069 1521 equorum
3120 1465 3271 1503 more
3304 1451 3395 1515 qui

1834 1543 1989 1599 labro
2018 1548 2466 1615 constringuntur
2505 1557 2557 1600 et
2598 1546 2747 1614 ligno
2777 1547 3013 1613 quodam
3053 1550 3391 1610 torquentur.

1832 1636 1965 1689 Nam
1996 1638 2064 1689 ad
2090 1638 2140 1689 id
2179 1639 2324 1706 quod
2347 1640 2457 1704 jam
2490 1653 2732 1707 praesens
2763 1638 2971 1689 mordet
3006 1635 3227 1703 (quippe
3255 1647 3403 1684 mor-

1834 1744 1953 1781 sum
1991 1732 2279 1799 qttetndam
2308 1732 2467 1785 sentit
2507 1733 2573 1794 is,
2608 1730 2698 1796 qui
2730 1730 2962 1799 appetit,
3006 1742 3071 1782 eo
3104 1726 3223 1794 ipso
3253 1725 3399 1792 quod

1835 1824 2061 1891 appetit)
2099 1832 2152 1875 et
2181 1825 2247 1877 ad
2275 1824 2421 1893 ipsas
2457 1824 2716 1877 malorum
2744 1823 2925 1876 minas
2957 1824 3103 1889 (nam
3139 1827 3402 1871 enecatu-

1839 1931 1958 1969 rum
2000 1929 2059 1969 se
2088 1914 2322 1966 minatur
2357 1914 2409 1967 id
2439 1916 2585 1982 quod
2624 1913 2914 1981 expetitur,
2948 1912 2992 1965 si
3030 1910 3252 1963 omnino
3293 1925 3399 1961 non

1836 2007 2182 2075 impetretur)
2219 2018 2271 2060 et
2322 2006 2389 2059 ad
2418 2004 2725 2072 voluptatis
2774 2005 2877 2057 vim
2920 2003 3073 2071 (quid
3111 2002 3255 2055 enim
3312 2001 3398 2051 illa

1835 2099 2150 2165 violentius)
2178 2109 2228 2153 ct
2263 2099 2329 2151 ad
2376 2098 2749 2151 invitationem
2781 2111 2968 2148 eorum
2996 2110 3117 2162 qnte
3163 2094 3400 2160 speciem

1836 2188 2103 2242 bonorum
2134 2186 2335 2239 habent
2361 2186 2564 2252 (omnia
2603 2199 2835 2253 namque
2862 2194 3056 2253 sponte
3083 2198 3178 2235 sua
3208 2184 3406 2235 cedunt

1837 2278 1904 2333 iis
1933 2293 2051 2344 quas
2075 2277 2296 2344 pulchra
2326 2277 2615 2343 videntur),
2637 2287 2691 2329 ut
2720 2275 3039 2329 summatim
3065 2274 3297 2341 denique
3322 2273 3408 2326 di-

1838 2385 1981 2433 cam,
2018 2368 2085 2420 ad
2110 2368 2368 2435 impetum
2411 2379 2637 2431 natura,
2668 2382 2829 2431 quem
2861 2376 2939 2419 tot
2968 2380 3055 2418 res
3092 2364 3406 2432 impellunt,

1839 2460 1962 2527 quis
1993 2462 2124 2511 adeo
2161 2460 2367 2512 ferreus
2415 2458 2580 2513 fuerit
2614 2458 2805 2527 quisve
2851 2467 2958 2511 tam
2996 2454 3403 2519 adamantinos,

1841 2561 1899 2604 ιιι
1931 2552 2177 2606 stabilem
2212 2566 2272 2605 se
2303 2550 2684 2604 declaraturus
2724 2550 2817 2609 sit,
2860 2564 2923 2601 ac
2953 2564 3058 2601 non
3088 2546 3277 2601 collabi
3308 2562 3409 2614 po-

1845 2645 1972 2707 tius,
2012 2654 2065 2696 et
2099 2653 2361 2711 perpetuo
2388 2643 2573 2711 jacere
2604 2642 2754 2701 velit,
2786 2641 2933 2693 omni
2966 2653 3192 2708 prorsus
3218 2651 3407 2690 emen-

1842 2736 2064 2790 datione
2087 2734 2418 2804 desperata?
2436 2731 2553 2787 1am
2586 2733 2731 2802 quod
2753 2736 2917 2786 etiam
2943 2730 3188 2799 gravius,
3212 2737 3265 2781 et
3290 2743 3414 2781 om—

1847 2845 1965 2881 nem
2001 2839 2155 2881 extra
2185 2826 2581 2878 correctionem
2610 2824 2868 2890 positum,
2903 2823 3213 2888 maluntque
3244 2834 3412 2885 pror-

1846 2935 1939 2974 sus
1972 2919 2291 2979 insanabile,
2319 2934 2416 2969 cur
2448 2933 2552 2970 non
2592 2916 2860 2985 proferant
2883 2916 2908 2967 ?
2939 2930 3061 2966 nam
3092 2929 3211 2966 cum
3248 2914 3412 2964 rebus

1845 3010 2106 3081 iucundis
2137 3010 2295 3076 potiti
2331 3024 2542 3070 sumus,
2576 3008 2796 3075 jamque
2827 3014 3077 3073 putamus
3111 3006 3307 3053 bonam
3346 3002 3412 3052 ad

1850 3115 1950 3154 nos
1990 3100 2287 3153 accessisse.
2325 3098 2619 3157 fortunam,
2671 3098 2755 3149 vix
2797 3096 2847 3148 id
2894 3095 3196 3163 quidemet
3248 3093 3410 3157 longo

1848 3193 2114 3261 temporis
2156 3188 2465 3252 intervallo,
2500 3190 2755 3243 celeriter
2794 3188 3081 3241 admodum
3126 3183 3324 3243 avolat,
3361 3193 3417 3234 et

166 3279 322 3348 ἡμᾶς
354 3278 806 3346 παρατρίχουσα.
838 3278 998 3330 Ὥστε
1027 3279 1088 3330 τὸ
1117 3279 1341 3348 τέρπον.
1364 3280 1446 3331 ἐνί
1474 3298 1549 3349 τῳ
1590 3281 1744 3349 μέρει
1770 3304 1818 3365 C
1850 3287 2041 3339 discest

1527 3299 1549 3349 ρ
1590 3281 1744 3349 μέρει
1770 3304 1818 3365 C
1850 3287 2090 3339 discessu
2122 3299 2220 3337 suo
2256 3284 2415 3347 longe
2456 3280 2643 3344 majori
2690 3296 2785 3333 nos
2829 3278 3018 3331 dolore
3054 3275 3211 3329 afﬁcit
3243 3291 3402 3341 quam

169 3369 542 3441 χαριζόμενον
581 3369 659 3438 τῷ
711 3370 988 3437 παρεῖναι,
1051 3370 1241 3431 διττῶς
1283 3373 1428 3439 ἡμᾶς
1474 3374 1619 3440 ἀνιᾷ,
1670 3372 1748 3441 τῷ
1847 3391 2044 3441 βΙἮἜΕΙΙ

1546 3374 1619 3440 ιᾷ.
1670 3372 1748 3441 τῷ
1847 3390 2085 3441 ριἰιιεειιε
2111 3373 2398 3426 exhilaret.
2422 3371 2573 3435 Quod
2595 3372 2637 3422 si
2659 3368 2973 3437 longissimo
2994 3366 3253 3431 temporis
3284 3379 3415 3431 Spa-

173 3459 255 3529 μὴ
285 3460 719 3528 παραγεγονέναι
749 3460 985 3529 ταχέως.
1036 3462 1129 3514 καλ⁵
1158 3461 1236 3530 τῷ
1268 3462 1430 3531 κόρον
1478 3465 1747 3530 ιμποιεῖν,

1850 3466 1922 3517 ιίο
1945 3465 2124 3527 duret,
2175 3464 2286 3527 ipsa
2320 3461 2401 3514 sui
2440 3461 2695 3513 satietate
2750 3458 2974 3510 molesta
3015 3468 3120 3509 est.
3154 3456 3284 3509 Nam
3325 3454 3403 3505 uti

171 3548 401 3602 ἐπειδὰν
428 3548 580 3601 ἐλθὸν
605 3550 863 3621 ἑπιμείνη
882 3568 897 3583 ο
931 3552 979 3603 εί
1010 3552 1067 3603 δὲ
1105 3552 1198 3621 μὴ,
1241 3554 1318 3620 τῷ
1346 3554 1558 3621 ταχέως
1580 3554 1752 3605 ἀπαλ-
1848 3554 2046 3625 quidan

1541 3554 1752 3615 ςάπαλ-
1848 3554 2072 3625 quidam
2108 3554 2266 3615 dixit,
2315 3553 2623 3619 hujusmodi
2675 3566 2851 3601 rerum
2898 3550 3135 3601 omnium
3195 3547 3416 3599 sitiens

173 3641 411 3709 λαγῆναι
456 3643 548 3694 καὶ
580 3643 916 3709 ἀφεστάναι·
956 3645 1050 3695 καὶ
1101 3645 1158 3693 ὲν
1212 3645 1429 3713 ἑκάστῳ
1457 3645 1513 3696 δὲ
1546 3646 1752 3697 τούτων
1848 3645 2040 3699 σειι.(ἒο

1546 3646 1752 3697 τούτων
1848 3645 2405 3699 est.Consentaneum
2434 3652 2611 3695 autem
2650 3638 2833 3703 inerit,
2862 3641 3116 3707 opinione
3148 3638 3414 3689 diversam

176 3730 347 3783 πλέον
373 3730 435 3782 τὸ
460 3728 657 3783 δάκνον
686 3732 718 3799 ἢ
748 3732 805 3783 ιν
839 3730 917 3798 τῷ
952 3732 1178 3799 τέρπειν
1201 3734 1261 3785 τὸ
1290 3734 1674 3803 χαριζόμενον.
1852 3736 1905 3789 in
1938 3748 2051 3804 part

1541 3750 1674 3787 ενον.
1852 3736 1905 3789 in
1938 3748 2145 3804 partem
2184 3742 2410 3796 mutata,
2439 3747 2503 3785 ex
2544 3734 2654 3799 ipsa
2680 3730 2902 3799 quidem
2926 3729 3278 3798 experientia,
3315 3729 3416 3777 do-

182 3824 362 3876 lorem
401 3822 589 3877 latitia
624 3822 884 3891 majorem
922 3838 1064 3889 esse,
1093 3839 1157 3877 ac
1190 3824 1463 3892 voluptate
1486 3840 1603 3889 qua:
1664 3827 1963 3893 praecessit,
2022 3828 2362 3880 snbsccntam
2430 3824 2793 3893 ραιιιὶιοιιιιιιιιι
2853 3839 2971 3877 esse
3061 3820 3419 3886 supct-iott-m,

182 3927 239 3970 et
272 3918 344 3971 ab
370 3917 470 3969 hac
501 3916 645 3969 illam
669 3915 826 3985 longo
853 3932 917 3973 ex
942 3917 1225 3971 intervallo
1246 3918 1412 3972 vinci.
1438 3918 1591 3982 Quod
1614 3921 1755 3972 enim
1788 3930 1870 3975 est
1896 3923 2106 3988 volupe,
2138 3929 2257 3988 post
2284 3898 2609 3981 satietatem,
2640 3933 2737 3970 ceu
2799 3918 3052 3978 diximus,
3119 3915 3406 3966 molestum

179 4023 250 4061 ac
281 4007 563 4061 tvdiosum
590 4022 711 4061 esse
738 4008 897 4069 solet,
928 4008 1294 4076 tnajoretnque
1325 4008 1566 4061 dolorem
1592 4007 1746 4061 aﬂurt
1786 4009 1873 4061 illa
1899 4010 2061 4061 nimia
2094 4009 2352 4061 saturitas
2377 4021 2535 4074 quam
2561 4008 2805 4073 voluptas
2861 4006 3072 4057 modica
3134 4002 3407 4053 delectet:

180 4098 449 4152 absentia
478 4099 711 4165 denique
754 4097 1080 4151 diuturnitas
1141 4098 1258 4165 plus
1333 4099 1568 4154 tristitiae
1619 4099 1775 4153 nobis
1852 4100 2046 4168 ingerit
2088 4116 2248 4167 quam
2296 4100 2420 4151 boni
2474 4099 2764 4165 pra'scntia
2804 4096 3092 4163 largiatur,
3125 4094 3411 4145 celerrime

182 4207 289 4247 nos
319 4200 692 4259 praetervecta.
728 4190 846 4257 Quo
881 4192 958 4256 lit,
1014 4200 1069 4244 ιιι
1100 4192 1243 4261 Quod
1289 4192 1537 4258 delectat,
1584 4193 1740 4247 unica
1783 4202 1986 4247 tantum
2014 4209 2070 4246 re
2095 4192 2230 4261 grati
2257 4194 2385 4260 quid
2415 4192 2569 4244 nobis
2600 4192 2829 4248 faciens,
2860 4190 2987 4242 dntn
3053 4188 3229 4249 adest,
3300 4198 3421 4233 tuo-

182 4287 347 4340 lestia
372 4285 607 4340 vicissim
635 4285 837 4352 duplici
872 4284 1090 4348 aﬂiciat,
1124 4292 1238 4336 tutn
1268 4285 1410 4352 quod
1455 4284 1619 4340 citius
1674 4301 1779 4339 non
1855 4288 2168 4351 accesserit,
2206 4296 2315 4340 tum
2348 4285 2490 4350 quod
2519 4283 2600 4335 sui
2627 4283 2936 4337 satietatem
2972 4282 3174 4349 gignat,
3206 4280 3297 4332 ubi
3322 4279 3424 4331 dc-

182 4389 356 4434 tatum
389 4376 454 4429 ad
487 4389 605 4439 nos,
640 4376 848 4430 diutius
874 4375 1032 4428 durat
1060 4392 1075 4427 :
1110 4376 1195 4430 sin
1222 4386 1424 4438 autem,
1455 4375 1618 4429 citius
1642 4376 1831 4430 saltem
1870 4377 2233 4431 abscedendo.
2267 4375 2443 4444 Atque
2476 4376 2530 4428 in
2599 4376 2839 4443 quolibet
2904 4374 3099 4427 horum
3165 4373 3285 4442 plus
3329 4382 3414 4426 est

180 4472 335 4543 quod
369 4471 607 4525 mordeat
644 4485 806 4539 quam
857 4469 921 4521 in-
954 4468 1318 4523 delectatione
1351 4471 1495 4537 quod
1536 4479 1748 4537 gratum
1788 4470 1880 4525 sit.

258 4567 371 4619 Καὶ
402 4564 575 4617 ταῦτα
604 4565 702 4635 μὶν
726 4565 986 4634 περὶτῶν
1012 4563 1382 4632 ἐλπιζομένων
1405 4566 1537 4635 ἡμῖν
1568 4566 1760 4635 ἡδίων,
1793 4570 1842 4628 ι)
1940 4567 2007 4619 Et
2044 4567 2133 4618 hau

1568 4566 1760 4635 ἡδίων,
1793 4570 1842 4628 ι)
1940 4567 2007 4619 Et
2044 4567 2158 4619 haec
2185 4565 2404 4634 quidem
2441 4563 2507 4616 de
2532 4564 2600 4617 iis
2630 4566 2788 4618 rebus
2809 4563 3065 4632 jncundis
3094 4579 3213 4631 quae
3243 4564 3293 4615 in
3328 4580 3427 4616 ex-

181 4661 219 4727 ἢ
246 4658 355 4709 τῶν
393 4658 469 4725 μὴ
508 4656 682 4725 πάντη
720 4655 975 4725 βεϐαίων,
1011 4658 1061 4708 εἰ
1113 4657 1209 4708 καὶ
1256 4658 1479 4724 παρεῖεν
1509 4674 1522 4687 ο
1558 4658 1683 4724 περὶ
1708 4657 1764 4708 δι

178 4749 298 4802 τῶν
326 4748 429 4817 ἤδη
465 4748 750 4815 παρόντων
787 4748 978 4815 συχνόν
1008 4763 1071 4814 γε
1119 4746 1390 4816 δήπουθεν
1424 4750 1636 4817 χρόνον,
1671 4749 1764 4800 καὶ

180 4842 275 4894 διέι
301 4839 459 4891 τοῦτο
488 4838 862 4907 νομιζομένων
889 4839 1161 4908 μηδέποτε
1188 4839 1619 4910 μεταϐήσεσθαι,
1650 4838 1766 4891 ἀλλ’

184 4930 411 4983 ἔσεσθαί
458 4946 519 4995 γε
549 4928 779 4997 ἐδραίων
830 4932 899 4998 τῇ
929 4916 1265 4992 παρεκτάσεί
1302 4930 1499 4991 παντὸς
1536 4930 1678 4997 βίου,
1705 4930 1760 4985 τί

184 5026 257 5076 ἄν
274 5038 360 5082 τις
388 5020 564 5083 εἴποις
589 5019 651 5073 El
675 5019 781 5087 γάρ
807 5037 857 5071 τι
884 5019 1089 5072 τούτων
1115 5020 1408 5072 ἀποϐαλεῖν
1424 5022 1548 5083 τοὺς
1572 5038 1769 5090 κεκτη-

188 5110 389 5179 μένους
421 5108 663 5175 συμϐαίη
694 5108 1006 5175 (συμϐαίνει
1038 5107 1093 5159 δὲ
1128 5107 1414 5177 συνεχῶς),
1449 5108 1615 5177 βαϐαὶ
1640 5110 1767 5161 ὅσον

185 5182 493 5267 ἀφόρητον,
548 5199 642 5252 καὶ
700 5199 910 5265 πεῖθον,
967 5199 1064 5269 τὴν
1096 5199 1303 5268 ζημίαν
1337 5200 1413 5269 μὴ
1469 5199 1764 5269 φέροντας,

185 5291 562 5360 διαφθαρῆναι
593 5292 661 5361 τῇ
686 5289 863 5361 λύπῃί
917 5290 1080 5343 ἰιστε
1114 5289 1175 5342 τδ
1206 5289 1307 5353 τῆς
1339 5291 1534 5360 ἡδονῆς
1566 5290 1758 5359 χρῆμα

185 5390 275 5444 εἰς
298 5382 610 5435 τούναντίον
632 5384 766 5453 ἡμῖν
791 5368 1158 5452 περιίσταται,
1191 5382 1286 5434 καὶ
1315 5382 1382 5435 δι’
1410 5382 1578 5451 αὐτὴν
1601 5382 1674 5444 ὡς
1699 5382 1768 5435 τὰ

188 5475 372 5528 πολλὰ
418 5474 479 5525 τὸ
505 5472 857 5525 λελυπείσθαι
898 5473 1212 5541 συμϐαίνει.
1248 5474 1324 5525 Οὐ
1364 5474 1469 5543 μὴν
1498 5474 1633 5526 ἀλλὰ
1673 5474 1767 5525 καὶ

183 5568 255 5619 τὸ
286 5565 503 5632 φθονεῖν
534 5563 853 5633 ἠδικηκόσιν
885 5565 1058 5628 οὐδὲν,
1094 5563 1233 5634 πλὴν
1260 5566 1339 5617 ὅτι
1366 5566 1569 5633 μᾶλλον
1606 5565 1763 5635 ἡμῶν

188 5660 413 5727 τρυλεᾷν
445 5656 716 5723 δύνανται,
748 5656 864 5724 εἴγε
900 5656 1195 5725 βούλοιντο,
1220 5657 1334 5718 τοῖς
1372 5656 1521 5717 ἰδίοις
1541 5655 1767 5720 ἀγαθοῖς

191 5749 642 5820 καταχρώμενοι,
708 5748 891 5813 σαφῶς
949 5747 1159 5800 ἐκεῖθεν
1207 5748 1341 5817 ἡμῖν
1401 5746 1761 5811 ἐπιγίγνεται.

190 5844 411 5910 Σφόδρα
437 5841 543 5909 γὰρ
573 5838 873 5906 ζηλότυπον
905 5838 962 5888 τὸ
988 5837 1287 5905 φιλήδονον,
1311 5837 1401 5887 καὶ
1427 5832 1636 5903 νομίζει
1668 5837 1766 5903 ζη-

195 5934 462 6009 μιοῦσθαι
481 5936 596 5995 ταῖς
628 5933 828 6001 ὲτῐρων
854 5930 1208 5985 ἀπολαύσεσι.
1247 5930 1405 5982 Τουτὶ
1437 5929 1490 5982 δὲ
1515 5930 1571 5982 τὸ
1598 5929 1764 5992 πάθος

1865 4660 2202 4728 spectatione
2236 4656 2424 4725 posita:
2453 4664 2601 4721 sunt,
2639 4656 2723 4710 vel
2755 4658 2821 4707 de
2855 4670 2961 4709 non
2986 4655 3207 4708 omnino
3236 4655 3423 4715 certis,

1866 4749 1990 4802 licet
2016 4749 2215 4801 adsint.
2249 4748 2315 4798 At
2346 4760 2479 4799 vero
2512 4747 2576 4797 de
2611 4746 2679 4799 iis
2710 4760 2828 4813 qua:
2855 4743 3016 4811 longo
3042 4743 3151 4811 jam
3184 4752 3426 4810 tempore

1866 4837 2019 4893 nobis
2058 4836 2275 4897 adsunt,
2309 4836 2538 4902 ideoque
2576 4848 2849 4901 nunquam
2881 4836 3199 4886 abscessum
3236 4843 3399 4900 putat:

1866 4937 1975 4991 tur,
2010 4925 2103 4979 sed
2134 4925 2350 4979 stabilia
2383 4924 2587 4987 futura,
2621 4936 2911 4990 quousque
2940 4936 2998 4974 se
3030 4922 3137 4974 vita
3175 4936 3427 4989 porrexe-

1866 5019 1959 5082 rit,
1993 5017 2252 5087 quidnam
2280 5015 2475 5085 aliquis
2509 5012 2705 5068 dicat?
2737 5012 2939 5082 quippe
2969 5012 3014 5066 si
3048 5012 3346 5082 contingat,
3372 5021 3430 5065 ut

1869 5110 2059 5163 horum
2096 5107 2299 5176 aliquid
2336 5108 2608 5169 amittant,
2636 5106 2726 5174 qui
2757 5104 3072 5173 possident;
3103 5101 3179 5175 (et
3212 5104 3425 5157 contin-

1866 5202 1943 5271 git
1974 5201 2073 5255 hoc
2107 5216 2237 5253 sane
2277 5198 2614 5268 frequenter)
2671 5196 2823 5251 baba:
2852 5212 3014 5265 qnam
3062 5210 3122 5249 ea
3179 5212 3264 5249 res
3300 5196 3434 5264 ipsis

1868 5292 2227 5345 intolerabilis
2253 5291 2469 5353 accidit,
2505 5304 2775 5358 quamque
2802 5286 3044 5357 graviter
3076 5288 3345 5348 hortatur,
3372 5299 3430 5340 ιιι

1867 5397 1987 5435 eam
2020 5382 2289 5451 jacturam
2323 5396 2428 5434 non
2467 5381 2727 5441 terentes,
2763 5378 3044 5431 interitum
3070 5377 3170 5430 sibi
3200 5377 3429 5431 dolendo

1869 5480 2171 5525 arcessant.
2204 5470 2321 5536 Quo
2360 5470 2416 5522 ﬁt
2453 5479 2510 5523 ut
2545 5470 2792 5538 voluptas
2822 5469 2878 5521 in
2911 5467 3247 5521 contrarium
3278 5467 3433 5522 nobis

1869 5564 2045 5625 cadat,
2075 5570 2128 5614 et
2152 5576 2247 5627 per
2273 5576 2391 5615 eam
2422 5559 2740 5629 plerumque
2766 5557 3038 5627 contingit
3065 5567 3122 5610 ut
3149 5555 3427 5610 tristitiam

1869 5654 2237 5722 experiamur.
2286 5652 2428 5718 Quin
2470 5651 2629 5704 etiam
2685 5651 2862 5719 ipsum
2904 5648 3147 5703 invidere
3188 5646 3431 5701 mortalia

1870 5745 1990 5806 bus,
2026 5744 2114 5812 qui
2149 5742 2290 5796 nulla
2327 5757 2383 5795 re
2414 5759 2513 5795 nos
2546 5743 2826 5805 laeserunt,
2860 5741 2967 5795 nisi
2996 5739 3136 5807 quod
3165 5739 3427 5805 majorem

1869 5852 2028 5900 quam
2057 5848 2152 5885 nos
2178 5832 2393 5886 deliciis
2429 5833 2613 5885 utendi
2654 5832 2966 5885 facultatem
3000 5830 3197 5883 habent
3259 5830 3304 5883 si
3339 5844 3434 5883 ve-

1869 5927 1987 5992 lint,
2024 5926 2177 5980 bonis
2203 5924 2315 5980 suis
2338 5924 2631 5992 abolendo,
2658 5923 2944 5978 manifesto
2968 5921 3124 5977 nobis
3148 5935 3213 5977 ex
3239 5918 3430 5975 eodem
