  <div class='ocr_page' id='page_1' title='image "/cluster/home/n/w/nwhite01/storage/ocr_20150623/156/nnc1.0046980911/228.png"; bbox 0 0 4748 6512; ppageno 0'>
   <div class='ocr_carea' id='block_1_1' title="bbox 198 473 309 541">
    <p class='ocr_par' dir='ltr' id='par_1_1' title="bbox 198 473 309 541">
     <span class='ocr_line' id='line_1_1' title="bbox 198 473 309 541; baseline 0.036 -4"><span class='ocrx_word' id='word_1_1' title='bbox 198 473 309 541; x_wconf 66' lang='lat'><strong>“9</strong></span> 
     </span>
    </p>
   </div>
   <div class='ocr_carea' id='block_1_2' title="bbox 1598 479 2021 542">
    <p class='ocr_par' dir='ltr' id='par_1_2' title="bbox 1598 479 2021 542">
     <span class='ocr_line' id='line_1_2' title="bbox 1598 479 2021 542; baseline 0.014 -7"><span class='ocrx_word' id='word_1_2' title='bbox 1598 479 1880 539; x_wconf 73' lang='lat' dir='ltr'><strong>ORATIO</strong></span> <span class='ocrx_word' id='word_1_3' title='bbox 1925 479 2021 542; x_wconf 78' lang='lat' dir='ltr'><strong>IV.</strong></span> 
     </span>
    </p>
   </div>
   <div class='ocr_carea' id='block_1_3' title="bbox 3333 486 3440 547">
    <p class='ocr_par' dir='ltr' id='par_1_3' title="bbox 3333 486 3440 547">
     <span class='ocr_line' id='line_1_3' title="bbox 3333 486 3440 547; baseline -0.028 0"><span class='ocrx_word' id='word_1_4' title='bbox 3333 486 3440 547; x_wconf 77' lang='grc'><strong>450</strong></span> 
     </span>
    </p>
   </div>
   <div class='ocr_carea' id='block_1_4' title="bbox 204 582 2079 660">
    <p class='ocr_par' dir='ltr' id='par_1_4' title="bbox 204 582 2072 654">
     <span class='ocr_line' id='line_1_4' title="bbox 204 582 2072 654; baseline 0 -17"><span class='ocrx_word' id='word_1_5' title='bbox 204 588 432 654; x_wconf 76' lang='grc' dir='ltr'>μήκεσι,</span> <span class='ocrx_word' id='word_1_6' title='bbox 459 582 551 637; x_wconf 50' lang='grc' dir='ltr'>καθ.</span> <span class='ocrx_word' id='word_1_7' title='bbox 580 583 849 653; x_wconf 78' lang='grc' dir='ltr'><strong>περιόδοις</strong></span> <span class='ocrx_word' id='word_1_8' title='bbox 877 584 1294 652; x_wconf 66' lang='grc' dir='ltr'><strong>ἐκτεταμέναις,</strong></span> <span class='ocrx_word' id='word_1_9' title='bbox 1333 584 1555 654; x_wconf 72' lang='grc' dir='ltr'>μονονοὺ</span> <span class='ocrx_word' id='word_1_10' title='bbox 1603 602 1771 654; x_wconf 80' lang='grc' dir='ltr'>προσ-</span> <span class='ocrx_word' id='word_1_11' title='bbox 1802 592 1849 648; x_wconf 74' lang='grc' dir='ltr'><strong>Α</strong></span> <span class='ocrx_word' id='word_1_12' title='bbox 1879 585 2072 638; x_wconf 93' lang='lat' dir='ltr'><strong>veritat</strong></span> 
     </span>
    </p>
   </div>
   <div class='ocr_carea' id='block_1_5' title="bbox 1564 582 3439 660">
    <p class='ocr_par' dir='ltr' id='par_1_5' title="bbox 1603 585 3439 660">
     <span class='ocr_line' id='line_1_5' title="bbox 1603 585 3439 660; baseline 0.004 -24"><span class='ocrx_word' id='word_1_13' title='bbox 1603 602 1771 654; x_wconf 81' lang='grc' dir='ltr'>προσ-</span> <span class='ocrx_word' id='word_1_14' title='bbox 1802 592 1849 648; x_wconf 74' lang='grc' dir='ltr'><strong>Α</strong></span> <span class='ocrx_word' id='word_1_15' title='bbox 1879 585 2123 639; x_wconf 75' lang='lat' dir='ltr'><strong>veritatis</strong></span> <span class='ocrx_word' id='word_1_16' title='bbox 2158 600 2297 650; x_wconf 85' lang='lat' dir='ltr'><strong>esse,</strong></span> <span class='ocrx_word' id='word_1_17' title='bbox 2333 601 2399 641; x_wconf 90' lang='lat' dir='ltr'><strong>ne</strong></span> <span class='ocrx_word' id='word_1_18' title='bbox 2433 587 2483 641; x_wconf 92' lang='lat' dir='ltr'><strong>id</strong></span> <span class='ocrx_word' id='word_1_19' title='bbox 2517 589 2730 657; x_wconf 80' lang='lat' dir='ltr'><strong>quidem</strong></span> <span class='ocrx_word' id='word_1_20' title='bbox 2766 590 2977 644; x_wconf 91' lang='lat' dir='ltr'><strong>silentio</strong></span> <span class='ocrx_word' id='word_1_21' title='bbox 3009 591 3439 660; x_wconf 57' lang='lat' dir='ltr'><strong>praetereundum</strong></span> 
     </span>
    </p>
   </div>
   <div class='ocr_carea' id='block_1_6' title="bbox 198 676 1772 747">
    <p class='ocr_par' dir='ltr' id='par_1_6' title="bbox 198 676 1772 747">
     <span class='ocr_line' id='line_1_6' title="bbox 198 676 1772 747; baseline -0.002 -17"><span class='ocrx_word' id='word_1_22' title='bbox 198 676 540 747; x_wconf 78' lang='grc' dir='ltr'>αγορεῦσαν,</span> <span class='ocrx_word' id='word_1_23' title='bbox 591 678 779 746; x_wconf 84' lang='grc' dir='ltr'>ὥσπερ</span> <span class='ocrx_word' id='word_1_24' title='bbox 814 679 1055 747; x_wconf 85' lang='grc' dir='ltr'>ἀπέπτη.</span> <span class='ocrx_word' id='word_1_25' title='bbox 1089 679 1198 730; x_wconf 75' lang='grc' dir='ltr'>Καὶ</span> <span class='ocrx_word' id='word_1_26' title='bbox 1231 679 1290 730; x_wconf 75' lang='grc' dir='ltr'>τὸ</span> <span class='ocrx_word' id='word_1_27' title='bbox 1324 676 1772 746; x_wconf 76' lang='grc' dir='ltr'><strong>προσδοκώμενον</strong></span> 
     </span>
    </p>
   </div>
   <div class='ocr_carea' id='block_1_7' title="bbox 205 766 1773 837">
    <p class='ocr_par' dir='ltr' id='par_1_7' title="bbox 205 766 1773 837">
     <span class='ocr_line' id='line_1_7' title="bbox 205 766 1773 837; baseline -0.001 -18"><span class='ocrx_word' id='word_1_28' title='bbox 205 768 524 830; x_wconf 74' lang='grc' dir='ltr'>σϐέννυται,</span> <span class='ocrx_word' id='word_1_29' title='bbox 554 768 661 837; x_wconf 78' lang='grc' dir='ltr'>πρὸ</span> <span class='ocrx_word' id='word_1_30' title='bbox 681 768 776 820; x_wconf 87' lang='grc' dir='ltr'><strong>τοῦ</strong></span> <span class='ocrx_word' id='word_1_31' title='bbox 799 770 1033 837; x_wconf 83' lang='grc' dir='ltr'>φανῆναι</span> <span class='ocrx_word' id='word_1_32' title='bbox 1061 768 1278 830; x_wconf 77' lang='grc' dir='ltr'><strong>τελέως.</strong></span> <span class='ocrx_word' id='word_1_33' title='bbox 1307 766 1464 820; x_wconf 80' lang='grc' dir='ltr'>Οὕτω</span> <span class='ocrx_word' id='word_1_34' title='bbox 1484 769 1621 836; x_wconf 83' lang='grc' dir='ltr'><strong>ταχῦ</strong></span> <span class='ocrx_word' id='word_1_35' title='bbox 1641 768 1773 835; x_wconf 70' lang='grc' dir='ltr'>πρὸς</span> 
     </span>
    </p>
   </div>
   <div class='ocr_carea' id='block_1_8' title="bbox 201 859 1773 931">
    <p class='ocr_par' dir='ltr' id='par_1_8' title="bbox 201 859 1773 931">
     <span class='ocr_line' id='line_1_8' title="bbox 201 859 1773 931; baseline -0.001 -19"><span class='ocrx_word' id='word_1_36' title='bbox 201 860 554 929; x_wconf 80' lang='grc' dir='ltr'>ἀπαλλαγὴν,</span> <span class='ocrx_word' id='word_1_37' title='bbox 586 860 679 914; x_wconf 74' lang='grc' dir='ltr'>καὶ</span> <span class='ocrx_word' id='word_1_38' title='bbox 710 860 864 913; x_wconf 78' lang='grc' dir='ltr'>οὐδὲν</span> <span class='ocrx_word' id='word_1_39' title='bbox 888 862 1058 931; x_wconf 77' lang='grc' dir='ltr'>ἱερὸν,</span> <span class='ocrx_word' id='word_1_40' title='bbox 1093 861 1245 930; x_wconf 76' lang='grc' dir='ltr'>φασί.</span> <span class='ocrx_word' id='word_1_41' title='bbox 1276 859 1349 913; x_wconf 83' lang='grc' dir='ltr'><strong>Τὸ</strong></span> <span class='ocrx_word' id='word_1_42' title='bbox 1372 861 1429 912; x_wconf 85' lang='grc' dir='ltr'><strong>δέ</strong></span> <span class='ocrx_word' id='word_1_43' title='bbox 1460 861 1692 926; x_wconf 77' lang='grc' dir='ltr'>ἀλγύνον</span> <span class='ocrx_word' id='word_1_44' title='bbox 1714 875 1773 910; x_wconf 88' lang='grc' dir='ltr'><strong>τε</strong></span> 
     </span>
    </p>
   </div>
   <div class='ocr_carea' id='block_1_9' title="bbox 202 950 1778 1019">
    <p class='ocr_par' dir='ltr' id='par_1_9' title="bbox 202 950 1778 1019">
     <span class='ocr_line' id='line_1_9' title="bbox 202 950 1778 1019; baseline -0.001 -17"><span class='ocrx_word' id='word_1_45' title='bbox 202 952 303 1003; x_wconf 71' lang='grc' dir='ltr'><strong>καὶ</strong></span> <span class='ocrx_word' id='word_1_46' title='bbox 336 950 540 1002; x_wconf 89' lang='grc' dir='ltr'>λυποῦν</span> <span class='ocrx_word' id='word_1_47' title='bbox 576 952 814 1019; x_wconf 78' lang='grc' dir='ltr'>νιφάδων</span> <span class='ocrx_word' id='word_1_48' title='bbox 845 952 942 1018; x_wconf 76' lang='grc' dir='ltr'>μὲν</span> <span class='ocrx_word' id='word_1_49' title='bbox 983 950 1067 1003; x_wconf 79' lang='grc' dir='ltr'><strong>ὕει</strong></span> <span class='ocrx_word' id='word_1_50' title='bbox 1091 952 1268 1018; x_wconf 81' lang='grc' dir='ltr'>δίκην,</span> <span class='ocrx_word' id='word_1_51' title='bbox 1296 952 1512 1003; x_wconf 75' lang='grc' dir='ltr'>σύνεστι</span> <span class='ocrx_word' id='word_1_52' title='bbox 1541 951 1599 1004; x_wconf 85' lang='grc' dir='ltr'><strong>δέ</strong></span> <span class='ocrx_word' id='word_1_53' title='bbox 1628 951 1778 1018; x_wconf 71' lang='grc' dir='ltr'>διαρο</span> 
     </span>
    </p>
   </div>
   <div class='ocr_carea' id='block_1_10' title="bbox 203 1040 1776 1111">
    <p class='ocr_par' dir='ltr' id='par_1_10' title="bbox 203 1040 1776 1111">
     <span class='ocr_line' id='line_1_10' title="bbox 203 1040 1776 1111; baseline 0.001 -19"><span class='ocrx_word' id='word_1_54' title='bbox 203 1042 491 1109; x_wconf 80' lang='grc' dir='ltr'>κέστερον,</span> <span class='ocrx_word' id='word_1_55' title='bbox 523 1040 791 1093; x_wconf 74' lang='grc' dir='ltr'><strong>εἰσδύεται</strong></span> <span class='ocrx_word' id='word_1_56' title='bbox 829 1042 885 1093; x_wconf 74' lang='grc' dir='ltr'>δὲ</span> <span class='ocrx_word' id='word_1_57' title='bbox 943 1041 1264 1111; x_wconf 85' lang='grc' dir='ltr'>βαρύτερον,</span> <span class='ocrx_word' id='word_1_58' title='bbox 1319 1042 1674 1111; x_wconf 78' lang='grc' dir='ltr'>προσίσχεται</span> <span class='ocrx_word' id='word_1_59' title='bbox 1718 1042 1776 1094; x_wconf 85' lang='grc' dir='ltr'><strong>δέ</strong></span> 
     </span>
    </p>
   </div>
   <div class='ocr_carea' id='block_1_11' title="bbox 203 1122 1778 1201">
    <p class='ocr_par' dir='ltr' id='par_1_11' title="bbox 203 1122 1778 1201">
     <span class='ocr_line' id='line_1_11' title="bbox 203 1122 1778 1201; baseline 0.001 -20"><span class='ocrx_word' id='word_1_60' title='bbox 203 1130 620 1197; x_wconf 79' lang='grc' dir='ltr'>ἁκριὸἐστερον,</span> <span class='ocrx_word' id='word_1_61' title='bbox 652 1132 745 1183; x_wconf 72' lang='grc' dir='ltr'>καὶ</span> <span class='ocrx_word' id='word_1_62' title='bbox 768 1129 1023 1182; x_wconf 78' lang='grc' dir='ltr'>τοσοῦτον</span> <span class='ocrx_word' id='word_1_63' title='bbox 1054 1122 1247 1183; x_wconf 70' lang='grc' dir='ltr'>ἔπειτα</span> <span class='ocrx_word' id='word_1_64' title='bbox 1276 1132 1411 1197; x_wconf 76' lang='grc' dir='ltr'>μετὰ</span> <span class='ocrx_word' id='word_1_65' title='bbox 1440 1131 1778 1201; x_wconf 77' lang='grc' dir='ltr'><strong>δριμύτητος</strong></span> 
     </span>
    </p>
   </div>
   <div class='ocr_carea' id='block_1_12' title="bbox 204 1220 1778 1285">
    <p class='ocr_par' dir='ltr' id='par_1_12' title="bbox 204 1220 1778 1285">
     <span class='ocr_line' id='line_1_12' title="bbox 204 1220 1778 1285; baseline 0.002 -15"><span class='ocrx_word' id='word_1_66' title='bbox 204 1221 270 1270; x_wconf 66' lang='grc' dir='ltr'>τὸ</span> <span class='ocrx_word' id='word_1_67' title='bbox 297 1220 491 1271; x_wconf 80' lang='grc' dir='ltr'>ἑαυτοῦ</span> <span class='ocrx_word' id='word_1_68' title='bbox 520 1220 915 1285; x_wconf 84' lang='grc' dir='ltr'>ἐπιδείκνυται,</span> <span class='ocrx_word' id='word_1_69' title='bbox 950 1222 1044 1273; x_wconf 68' lang='grc' dir='ltr'>καὶ.</span> <span class='ocrx_word' id='word_1_70' title='bbox 1073 1225 1136 1273; x_wconf 79' lang='grc' dir='ltr'>τὸ</span> <span class='ocrx_word' id='word_1_71' title='bbox 1168 1220 1361 1273; x_wconf 84' lang='grc' dir='ltr'>ἑαυτοῦ</span> <span class='ocrx_word' id='word_1_72' title='bbox 1394 1224 1557 1285; x_wconf 79' lang='grc' dir='ltr'>ποιεῖ,</span> <span class='ocrx_word' id='word_1_73' title='bbox 1582 1222 1778 1274; x_wconf 83' lang='grc' dir='ltr'>ὁπόσον</span> 
     </span>
    </p>
   </div>
   <div class='ocr_carea' id='block_1_13' title="bbox 204 1310 1776 1381">
    <p class='ocr_par' dir='ltr' id='par_1_13' title="bbox 204 1310 1776 1381">
     <span class='ocr_line' id='line_1_13' title="bbox 204 1310 1776 1381; baseline 0.002 -22"><span class='ocrx_word' id='word_1_74' title='bbox 204 1310 552 1361; x_wconf 72' lang='grc' dir='ltr'>οὐδεπώποτε</span> <span class='ocrx_word' id='word_1_75' title='bbox 587 1310 644 1361; x_wconf 75' lang='grc' dir='ltr'>τὸ</span> <span class='ocrx_word' id='word_1_76' title='bbox 676 1314 895 1362; x_wconf 79' lang='grc' dir='ltr'>πάντων</span> <span class='ocrx_word' id='word_1_77' title='bbox 946 1311 1165 1379; x_wconf 77' lang='grc' dir='ltr'>ἣδιστον</span> <span class='ocrx_word' id='word_1_78' title='bbox 1212 1313 1522 1381; x_wconf 87' lang='grc' dir='ltr'>ἐχαρίσατο.</span> <span class='ocrx_word' id='word_1_79' title='bbox 1560 1314 1634 1365; x_wconf 85' lang='grc' dir='ltr'>Ού</span> <span class='ocrx_word' id='word_1_80' title='bbox 1666 1313 1776 1381; x_wconf 80' lang='grc' dir='ltr'>μὴν</span> 
     </span>
    </p>
   </div>
   <div class='ocr_carea' id='block_1_14' title="bbox 207 1399 1778 1473">
    <p class='ocr_par' dir='ltr' id='par_1_14' title="bbox 207 1399 1778 1473">
     <span class='ocr_line' id='line_1_14' title="bbox 207 1399 1778 1473; baseline 0.004 -24"><span class='ocrx_word' id='word_1_81' title='bbox 207 1399 326 1450; x_wconf 83' lang='grc' dir='ltr'>ἀλλ’</span> <span class='ocrx_word' id='word_1_82' title='bbox 354 1402 401 1451; x_wconf 83' lang='grc' dir='ltr'>εἰ</span> <span class='ocrx_word' id='word_1_83' title='bbox 438 1400 510 1468; x_wconf 79' lang='grc' dir='ltr'>μὴ</span> <span class='ocrx_word' id='word_1_84' title='bbox 541 1401 844 1469; x_wconf 69' lang='grc' dir='ltr'>παράδοξον</span> <span class='ocrx_word' id='word_1_85' title='bbox 872 1402 1085 1466; x_wconf 80' lang='grc' dir='ltr'>λέγειν,</span> <span class='ocrx_word' id='word_1_86' title='bbox 1137 1404 1242 1454; x_wconf 80' lang='grc' dir='ltr'><strong>κάν</strong></span> <span class='ocrx_word' id='word_1_87' title='bbox 1273 1402 1421 1470; x_wconf 83' lang='grc' dir='ltr'>αὐτῷ</span> <span class='ocrx_word' id='word_1_88' title='bbox 1448 1402 1527 1472; x_wconf 82' lang='grc' dir='ltr'>τῷ</span> <span class='ocrx_word' id='word_1_89' title='bbox 1551 1404 1778 1473; x_wconf 71' lang='grc' dir='ltr'>ἥδεσθαι</span> 
     </span>
    </p>
   </div>
   <div class='ocr_carea' id='block_1_15' title="bbox 204 1489 1778 1563">
    <p class='ocr_par' dir='ltr' id='par_1_15' title="bbox 204 1489 1778 1563">
     <span class='ocr_line' id='line_1_15' title="bbox 204 1489 1778 1563; baseline 0.003 -22"><span class='ocrx_word' id='word_1_90' title='bbox 204 1489 377 1541; x_wconf 87' lang='grc' dir='ltr'>αὐτοῦ</span> <span class='ocrx_word' id='word_1_91' title='bbox 399 1507 460 1557; x_wconf 87' lang='grc' dir='ltr'><strong>γε</strong></span> <span class='ocrx_word' id='word_1_92' title='bbox 502 1491 663 1544; x_wconf 80' lang='grc' dir='ltr'>πάλιν</span> <span class='ocrx_word' id='word_1_93' title='bbox 691 1491 856 1545; x_wconf 80' lang='grc' dir='ltr'>’ἑνεκα</span> <span class='ocrx_word' id='word_1_94' title='bbox 885 1492 979 1544; x_wconf 81' lang='grc' dir='ltr'><strong>τοῦ</strong></span> <span class='ocrx_word' id='word_1_95' title='bbox 1005 1492 1158 1561; x_wconf 73' lang='grc' dir='ltr'>ἡδέος</span> <span class='ocrx_word' id='word_1_96' title='bbox 1184 1495 1339 1555; x_wconf 75' lang='grc' dir='ltr'>ἀνίας</span> <span class='ocrx_word' id='word_1_97' title='bbox 1378 1497 1511 1563; x_wconf 83' lang='grc' dir='ltr'>ὅσης</span> <span class='ocrx_word' id='word_1_98' title='bbox 1547 1495 1778 1562; x_wconf 78' lang='grc' dir='ltr'>μετέχο-</span> 
     </span>
    </p>
   </div>
   <div class='ocr_carea' id='block_1_16' title="bbox 208 1582 1779 1657">
    <p class='ocr_par' dir='ltr' id='par_1_16' title="bbox 208 1582 1779 1657">
     <span class='ocr_line' id='line_1_16' title="bbox 208 1582 1779 1657; baseline 0.004 -25"><span class='ocrx_word' id='word_1_99' title='bbox 208 1599 334 1650; x_wconf 85' lang='grc' dir='ltr'>μεν,</span> <span class='ocrx_word' id='word_1_100' title='bbox 360 1582 429 1653; x_wconf 75' lang='grc' dir='ltr'><strong>ην</strong></span> <span class='ocrx_word' id='word_1_101' title='bbox 459 1583 701 1650; x_wconf 75' lang='grc' dir='ltr'>ἀκριϐῶς</span> <span class='ocrx_word' id='word_1_102' title='bbox 736 1583 1137 1654; x_wconf 84' lang='grc' dir='ltr'>θεωρήσωμεν;</span> <span class='ocrx_word' id='word_1_103' title='bbox 1174 1587 1310 1639; x_wconf 74' lang='grc' dir='ltr'><strong>Οὖδέ</strong></span> <span class='ocrx_word' id='word_1_104' title='bbox 1340 1586 1449 1657; x_wconf 89' lang='grc' dir='ltr'><strong>γάρ</strong></span> <span class='ocrx_word' id='word_1_105' title='bbox 1494 1582 1651 1652; x_wconf 68' lang='grc' dir='ltr'>οἶμαι</span> <span class='ocrx_word' id='word_1_106' title='bbox 1693 1588 1779 1639; x_wconf 86' lang='grc' dir='ltr'>λε-</span> 
     </span>
    </p>
   </div>
   <div class='ocr_carea' id='block_1_17' title="bbox 205 1674 1776 1748">
    <p class='ocr_par' dir='ltr' id='par_1_17' title="bbox 205 1674 1776 1748">
     <span class='ocr_line' id='line_1_17' title="bbox 205 1674 1776 1748; baseline 0.004 -23"><span class='ocrx_word' id='word_1_107' title='bbox 205 1674 434 1741; x_wconf 66' lang='grc' dir='ltr'>ληθέναι</span> <span class='ocrx_word' id='word_1_108' title='bbox 484 1675 584 1744; x_wconf 87' lang='grc' dir='ltr'><strong>τὴν</strong></span> <span class='ocrx_word' id='word_1_109' title='bbox 627 1675 806 1746; x_wconf 75' lang='grc' dir='ltr'>ψυχὴν</span> <span class='ocrx_word' id='word_1_110' title='bbox 830 1716 845 1738; x_wconf 85' lang='grc'><strong>,</strong></span> <span class='ocrx_word' id='word_1_111' title='bbox 875 1678 951 1740; x_wconf 86' lang='grc' dir='ltr'>ὡς</span> <span class='ocrx_word' id='word_1_112' title='bbox 999 1677 1077 1747; x_wconf 83' lang='grc' dir='ltr'>τῷ</span> <span class='ocrx_word' id='word_1_113' title='bbox 1113 1680 1227 1748; x_wconf 80' lang='grc' dir='ltr'>ηδεί</span> <span class='ocrx_word' id='word_1_114' title='bbox 1256 1680 1315 1730; x_wconf 89' lang='grc' dir='ltr'><strong>τὸ</strong></span> <span class='ocrx_word' id='word_1_115' title='bbox 1338 1679 1582 1747; x_wconf 73' lang='grc' dir='ltr'>λυπηρὸν</span> <span class='ocrx_word' id='word_1_116' title='bbox 1608 1680 1776 1745; x_wconf 87' lang='grc' dir='ltr'>ἀναγ-</span> 
     </span>
    </p>
   </div>
   <div class='ocr_carea' id='block_1_18' title="bbox 203 1766 1771 1837">
    <p class='ocr_par' dir='ltr' id='par_1_18' title="bbox 203 1766 1771 1837">
     <span class='ocr_line' id='line_1_18' title="bbox 203 1766 1771 1837; baseline 0.006 -23"><span class='ocrx_word' id='word_1_117' title='bbox 203 1766 383 1828; x_wconf 80' lang='grc' dir='ltr'>καίως</span> <span class='ocrx_word' id='word_1_118' title='bbox 425 1766 731 1833; x_wconf 77' lang='grc' dir='ltr'>ἀκολουθεῖ,</span> <span class='ocrx_word' id='word_1_119' title='bbox 782 1769 923 1821; x_wconf 79' lang='grc' dir='ltr'>κατὰ</span> <span class='ocrx_word' id='word_1_120' title='bbox 984 1770 1077 1820; x_wconf 82' lang='grc' dir='ltr'><strong>τὸν</strong></span> <span class='ocrx_word' id='word_1_121' title='bbox 1113 1770 1434 1837; x_wconf 86' lang='grc' dir='ltr'>’Δρίστωνος</span> <span class='ocrx_word' id='word_1_122' title='bbox 1494 1770 1771 1823; x_wconf 71' lang='grc' dir='ltr'>Πλάτωνα.</span> 
     </span>
    </p>
   </div>
   <div class='ocr_carea' id='block_1_19' title="bbox 205 1856 1774 1930">
    <p class='ocr_par' dir='ltr' id='par_1_19' title="bbox 205 1856 1774 1930">
     <span class='ocr_line' id='line_1_19' title="bbox 205 1856 1774 1930; baseline 0.003 -21"><span class='ocrx_word' id='word_1_123' title='bbox 205 1856 371 1910; x_wconf 81' lang='grc' dir='ltr'>οὕτω</span> <span class='ocrx_word' id='word_1_124' title='bbox 414 1861 528 1919; x_wconf 77' lang='grc' dir='ltr'>τοῖς</span> <span class='ocrx_word' id='word_1_125' title='bbox 564 1860 709 1923; x_wconf 78' lang='grc' dir='ltr'>ὅλοις</span> <span class='ocrx_word' id='word_1_126' title='bbox 769 1861 1086 1914; x_wconf 76' lang='grc' dir='ltr'>πλεονεκτεῖ</span> <span class='ocrx_word' id='word_1_127' title='bbox 1147 1863 1253 1914; x_wconf 85' lang='grc' dir='ltr'><strong>τῶν</strong></span> <span class='ocrx_word' id='word_1_128' title='bbox 1307 1863 1402 1930; x_wconf 87' lang='grc' dir='ltr'><strong>τῆς</strong></span> <span class='ocrx_word' id='word_1_129' title='bbox 1460 1862 1653 1930; x_wconf 80' lang='grc' dir='ltr'>ἡδονῆς</span> <span class='ocrx_word' id='word_1_130' title='bbox 1708 1864 1774 1914; x_wconf 72' lang='grc' dir='ltr'><strong>τὰ</strong></span> 
     </span>
    </p>
   </div>
   <div class='ocr_carea' id='block_1_20' title="bbox 205 1927 1852 2029">
    <p class='ocr_par' dir='ltr' id='par_1_20' title="bbox 205 1927 1852 2029">
     <span class='ocr_line' id='line_1_20' title="bbox 205 1927 1852 2029; baseline 0.002 -28"><span class='ocrx_word' id='word_1_131' title='bbox 205 1950 315 2016; x_wconf 83' lang='grc' dir='ltr'><strong>τῆς</strong></span> <span class='ocrx_word' id='word_1_132' title='bbox 368 1950 578 2029; x_wconf 71' lang='grc' dir='ltr'>λύπης.</span> <span class='ocrx_word' id='word_1_133' title='bbox 628 1952 735 2003; x_wconf 84' lang='grc' dir='ltr'><strong>Καὶ</strong></span> <span class='ocrx_word' id='word_1_134' title='bbox 790 1954 1203 2019; x_wconf 73' lang='grc' dir='ltr'>φενακιζόμενοι</span> <span class='ocrx_word' id='word_1_135' title='bbox 1249 1927 1448 2017; x_wconf 82' lang='grc' dir='ltr'>πάντες</span> <span class='ocrx_word' id='word_1_136' title='bbox 1481 1927 1546 2006; x_wconf 23' lang='lat' dir='ltr'><strong>Vol</strong></span> <span class='ocrx_word' id='word_1_137' title='bbox 1616 1927 1852 2023; x_wconf 72' lang='grc' dir='ltr'><strong>ρᾳθυ-Β</strong></span> 
     </span>
    </p>
   </div>
   <div class='ocr_carea' id='block_1_21' title="bbox 209 2042 1780 2114">
    <p class='ocr_par' dir='ltr' id='par_1_21' title="bbox 209 2042 1780 2114">
     <span class='ocr_line' id='line_1_21' title="bbox 209 2042 1780 2114; baseline 0.002 -20"><span class='ocrx_word' id='word_1_138' title='bbox 209 2042 446 2111; x_wconf 82' lang='grc' dir='ltr'>μότερον</span> <span class='ocrx_word' id='word_1_139' title='bbox 475 2042 573 2113; x_wconf 73' lang='grc' dir='ltr'><strong>ζῇν</strong></span> <span class='ocrx_word' id='word_1_140' title='bbox 599 2044 939 2113; x_wconf 76' lang='grc' dir='ltr'>αἱρούμενοι,</span> <span class='ocrx_word' id='word_1_141' title='bbox 980 2045 1116 2098; x_wconf 81' lang='grc' dir='ltr'>ἀλλα</span> <span class='ocrx_word' id='word_1_142' title='bbox 1150 2046 1248 2114; x_wconf 76' lang='grc' dir='ltr'>μὲν</span> <span class='ocrx_word' id='word_1_143' title='bbox 1277 2045 1568 2113; x_wconf 81' lang='grc' dir='ltr'>διώκομεν,</span> <span class='ocrx_word' id='word_1_144' title='bbox 1596 2045 1780 2107; x_wconf 82' lang='grc' dir='ltr'>ἀλλοις</span> 
     </span>
    </p>
   </div>
   <div class='ocr_carea' id='block_1_22' title="bbox 202 2135 1781 2208">
    <p class='ocr_par' dir='ltr' id='par_1_22' title="bbox 202 2135 1781 2208">
     <span class='ocr_line' id='line_1_22' title="bbox 202 2135 1781 2208; baseline 0.002 -21"><span class='ocrx_word' id='word_1_145' title='bbox 202 2135 266 2188; x_wconf 78' lang='grc' dir='ltr'>δὲ</span> <span class='ocrx_word' id='word_1_146' title='bbox 300 2135 665 2205; x_wconf 70' lang='grc' dir='ltr'>ἁλισκόμεθαο</span> <span class='ocrx_word' id='word_1_147' title='bbox 710 2138 846 2208; x_wconf 83' lang='grc' dir='ltr'>ὅπερ</span> <span class='ocrx_word' id='word_1_148' title='bbox 888 2138 1103 2208; x_wconf 83' lang='grc' dir='ltr'>ὁρῶμεν</span> <span class='ocrx_word' id='word_1_149' title='bbox 1139 2143 1445 2208; x_wconf 79' lang='grc' dir='ltr'>πάσχοντας</span> <span class='ocrx_word' id='word_1_150' title='bbox 1482 2138 1609 2199; x_wconf 81' lang='grc' dir='ltr'>τοὺς</span> <span class='ocrx_word' id='word_1_151' title='bbox 1641 2138 1781 2205; x_wconf 80' lang='grc' dir='ltr'>ἀγαν</span> 
     </span>
    </p>
   </div>
   <div class='ocr_carea' id='block_1_23' title="bbox 204 2226 1782 2301">
    <p class='ocr_par' dir='ltr' id='par_1_23' title="bbox 204 2226 1782 2301">
     <span class='ocr_line' id='line_1_23' title="bbox 204 2226 1782 2301; baseline 0.004 -22"><span class='ocrx_word' id='word_1_152' title='bbox 204 2226 425 2295; x_wconf 80' lang='grc' dir='ltr'>λίχνους</span> <span class='ocrx_word' id='word_1_153' title='bbox 483 2228 593 2280; x_wconf 89' lang='grc' dir='ltr'><strong>τῶν</strong></span> <span class='ocrx_word' id='word_1_154' title='bbox 652 2229 1035 2299; x_wconf 83' lang='grc' dir='ltr'>θηρευομένων</span> <span class='ocrx_word' id='word_1_155' title='bbox 1084 2232 1304 2298; x_wconf 87' lang='grc' dir='ltr'>ίχθύων.</span> <span class='ocrx_word' id='word_1_156' title='bbox 1339 2230 1637 2299; x_wconf 79' lang='grc' dir='ltr'>,Εὑφρᾶναι</span> <span class='ocrx_word' id='word_1_157' title='bbox 1673 2232 1782 2301; x_wconf 85' lang='grc' dir='ltr'><strong>γὰρ</strong></span> 
     </span>
    </p>
   </div>
   <div class='ocr_carea' id='block_1_24' title="bbox 203 2319 1784 2392">
    <p class='ocr_par' dir='ltr' id='par_1_24' title="bbox 203 2319 1784 2392">
     <span class='ocr_line' id='line_1_24' title="bbox 203 2319 1784 2392; baseline 0.003 -21"><span class='ocrx_word' id='word_1_158' title='bbox 203 2319 458 2371; x_wconf 73' lang='grc' dir='ltr'>ἐθέλουσι</span> <span class='ocrx_word' id='word_1_159' title='bbox 478 2323 543 2388; x_wconf 81' lang='grc' dir='ltr'>τῇ</span> <span class='ocrx_word' id='word_1_160' title='bbox 564 2324 746 2389; x_wconf 83' lang='grc' dir='ltr'>τρυφῇ</span> <span class='ocrx_word' id='word_1_161' title='bbox 786 2321 845 2372; x_wconf 78' lang='grc' dir='ltr'>τὸ</span> <span class='ocrx_word' id='word_1_162' title='bbox 879 2323 1056 2390; x_wconf 84' lang='grc' dir='ltr'>στόμα</span> <span class='ocrx_word' id='word_1_163' title='bbox 1085 2322 1291 2374; x_wconf 77' lang='grc' dir='ltr'>καὶτὸν</span> <span class='ocrx_word' id='word_1_164' title='bbox 1330 2322 1552 2392; x_wconf 77' lang='grc' dir='ltr'>λαιμὸν,</span> <span class='ocrx_word' id='word_1_165' title='bbox 1584 2324 1703 2375; x_wconf 78' lang='grc' dir='ltr'><strong>ἀντὶ</strong></span> <span class='ocrx_word' id='word_1_166' title='bbox 1728 2324 1784 2375; x_wconf 93' lang='grc' dir='ltr'><strong>δέ</strong></span> 
     </span>
    </p>
   </div>
   <div class='ocr_carea' id='block_1_25' title="bbox 203 2410 1784 2484">
    <p class='ocr_par' dir='ltr' id='par_1_25' title="bbox 203 2410 1784 2484">
     <span class='ocr_line' id='line_1_25' title="bbox 203 2410 1784 2484; baseline 0.001 -18"><span class='ocrx_word' id='word_1_167' title='bbox 203 2410 405 2466; x_wconf 83' lang='grc' dir='ltr'>τούτου</span> <span class='ocrx_word' id='word_1_168' title='bbox 460 2413 879 2483; x_wconf 85' lang='grc' dir='ltr'>περιπείρουσιν</span> <span class='ocrx_word' id='word_1_169' title='bbox 932 2413 1074 2466; x_wconf 82' lang='grc' dir='ltr'><strong>αύτά</strong></span> <span class='ocrx_word' id='word_1_170' title='bbox 1114 2416 1190 2482; x_wconf 83' lang='grc' dir='ltr'>τῷ</span> <span class='ocrx_word' id='word_1_171' title='bbox 1236 2416 1455 2484; x_wconf 81' lang='grc' dir='ltr'>σιδήρῳ.</span> <span class='ocrx_word' id='word_1_172' title='bbox 1519 2415 1784 2469; x_wconf 78' lang='grc' dir='ltr'>Τοσοῦτον</span> 
     </span>
    </p>
   </div>
   <div class='ocr_carea' id='block_1_26' title="bbox 203 2506 1784 2577">
    <p class='ocr_par' dir='ltr' id='par_1_26' title="bbox 203 2506 1784 2577">
     <span class='ocr_line' id='line_1_26' title="bbox 203 2506 1784 2577; baseline -0.001 -18"><span class='ocrx_word' id='word_1_173' title='bbox 203 2510 346 2575; x_wconf 72' lang='grc' dir='ltr'>ἡμῖν</span> <span class='ocrx_word' id='word_1_174' title='bbox 378 2507 725 2575; x_wconf 81' lang='grc' dir='ltr'>περιίσταται</span> <span class='ocrx_word' id='word_1_175' title='bbox 786 2507 923 2575; x_wconf 74' lang='grc' dir='ltr'>πρὸς</span> <span class='ocrx_word' id='word_1_176' title='bbox 970 2508 1279 2559; x_wconf 80' lang='grc' dir='ltr'>τούναντίον</span> <span class='ocrx_word' id='word_1_177' title='bbox 1317 2508 1349 2577; x_wconf 77' lang='grc' dir='ltr'><strong>ἡ</strong></span> <span class='ocrx_word' id='word_1_178' title='bbox 1385 2506 1567 2577; x_wconf 80' lang='grc' dir='ltr'>ἡδονή.</span> <span class='ocrx_word' id='word_1_179' title='bbox 1601 2507 1784 2567; x_wconf 73' lang='grc' dir='ltr'>Οὕτως</span> 
     </span>
    </p>
   </div>
   <div class='ocr_carea' id='block_1_27' title="bbox 204 2599 1785 2671">
    <p class='ocr_par' dir='ltr' id='par_1_27' title="bbox 204 2599 1785 2671">
     <span class='ocr_line' id='line_1_27' title="bbox 204 2599 1785 2671; baseline 0.001 -20"><span class='ocrx_word' id='word_1_180' title='bbox 204 2599 300 2651; x_wconf 71' lang='grc' dir='ltr'>διὰ</span> <span class='ocrx_word' id='word_1_181' title='bbox 336 2600 556 2651; x_wconf 71' lang='grc' dir='ltr'>πάντων</span> <span class='ocrx_word' id='word_1_182' title='bbox 591 2601 726 2667; x_wconf 76' lang='grc' dir='ltr'>ἡμῖν</span> <span class='ocrx_word' id='word_1_183' title='bbox 751 2599 1077 2668; x_wconf 81' lang='grc' dir='ltr'>λυμαίνεται</span> <span class='ocrx_word' id='word_1_184' title='bbox 1119 2601 1180 2652; x_wconf 78' lang='grc' dir='ltr'>τὸ</span> <span class='ocrx_word' id='word_1_185' title='bbox 1227 2602 1362 2671; x_wconf 73' lang='grc' dir='ltr'>πρὸς</span> <span class='ocrx_word' id='word_1_186' title='bbox 1419 2601 1516 2669; x_wconf 78' lang='grc' dir='ltr'><strong>τὴν</strong></span> <span class='ocrx_word' id='word_1_187' title='bbox 1575 2603 1785 2669; x_wconf 79' lang='grc' dir='ltr'>τρυφὴν</span> 
     </span>
    </p>
   </div>
   <div class='ocr_carea' id='block_1_28' title="bbox 204 2691 1785 2762">
    <p class='ocr_par' dir='ltr' id='par_1_28' title="bbox 204 2691 1785 2762">
     <span class='ocr_line' id='line_1_28' title="bbox 204 2691 1785 2762; baseline 0.001 -20"><span class='ocrx_word' id='word_1_188' title='bbox 204 2691 527 2759; x_wconf 80' lang='grc' dir='ltr'>κεχηνέναι.</span> <span class='ocrx_word' id='word_1_189' title='bbox 568 2692 676 2742; x_wconf 76' lang='grc' dir='ltr'><strong>Καὶ</strong></span> <span class='ocrx_word' id='word_1_190' title='bbox 711 2692 797 2744; x_wconf 80' lang='grc' dir='ltr'><strong>ἴνα</strong></span> <span class='ocrx_word' id='word_1_191' title='bbox 848 2694 910 2745; x_wconf 84' lang='grc' dir='ltr'><strong>τὸ</strong></span> <span class='ocrx_word' id='word_1_192' title='bbox 964 2695 1072 2746; x_wconf 77' lang='grc' dir='ltr'>πᾶν</span> <span class='ocrx_word' id='word_1_193' title='bbox 1115 2695 1351 2762; x_wconf 73' lang='grc' dir='ltr'>εἴποιμι,</span> <span class='ocrx_word' id='word_1_194' title='bbox 1408 2694 1550 2761; x_wconf 84' lang='grc' dir='ltr'>ὑπὲρ</span> <span class='ocrx_word' id='word_1_195' title='bbox 1587 2693 1785 2761; x_wconf 82' lang='grc' dir='ltr'>συχνῆς</span> 
     </span>
    </p>
   </div>
   <div class='ocr_carea' id='block_1_29' title="bbox 205 2782 1783 2850">
    <p class='ocr_par' dir='ltr' id='par_1_29' title="bbox 205 2782 1783 2850">
     <span class='ocr_line' id='line_1_29' title="bbox 205 2782 1783 2850; baseline 0.001 -16"><span class='ocrx_word' id='word_1_196' title='bbox 205 2782 407 2849; x_wconf 78' lang='grc' dir='ltr'>ἡδονῆς</span> <span class='ocrx_word' id='word_1_197' title='bbox 437 2783 529 2834; x_wconf 78' lang='grc' dir='ltr'>καὶ</span> <span class='ocrx_word' id='word_1_198' title='bbox 556 2782 749 2834; x_wconf 83' lang='grc' dir='ltr'>παθεῖν</span> <span class='ocrx_word' id='word_1_199' title='bbox 776 2786 884 2837; x_wconf 82' lang='grc' dir='ltr'>πᾶν</span> <span class='ocrx_word' id='word_1_200' title='bbox 936 2785 1133 2849; x_wconf 81' lang='grc' dir='ltr'>ὁτιοῦν,</span> <span class='ocrx_word' id='word_1_201' title='bbox 1168 2785 1262 2837; x_wconf 73' lang='grc' dir='ltr'>καὶ</span> <span class='ocrx_word' id='word_1_202' title='bbox 1313 2785 1474 2838; x_wconf 85' lang='grc' dir='ltr'>πάνθ’</span> <span class='ocrx_word' id='word_1_203' title='bbox 1502 2783 1637 2850; x_wconf 83' lang='grc' dir='ltr'>ὁμοῦ</span> <span class='ocrx_word' id='word_1_204' title='bbox 1668 2785 1783 2837; x_wconf 77' lang='grc' dir='ltr'>δια-</span> 
     </span>
    </p>
   </div>
   <div class='ocr_carea' id='block_1_30' title="bbox 205 2857 1783 2946">
    <p class='ocr_par' dir='ltr' id='par_1_30' title="bbox 205 2857 1783 2946">
     <span class='ocr_line' id='line_1_30' title="bbox 205 2857 1783 2946; baseline 0.003 -23"><span class='ocrx_word' id='word_1_205' title='bbox 205 2857 526 2943; x_wconf 65' lang='grc' dir='ltr'>π’ράξασθαι</span> <span class='ocrx_word' id='word_1_206' title='bbox 561 2875 831 2944; x_wconf 86' lang='grc' dir='ltr'>πρόθυμοι</span> <span class='ocrx_word' id='word_1_207' title='bbox 869 2878 1065 2939; x_wconf 83' lang='grc' dir='ltr'>πάντες</span> <span class='ocrx_word' id='word_1_208' title='bbox 1100 2879 1288 2946; x_wconf 80' lang='grc' dir='ltr'>ἐσμέν,</span> <span class='ocrx_word' id='word_1_209' title='bbox 1342 2877 1476 2946; x_wconf 85' lang='grc' dir='ltr'><strong>μηδέ</strong></span> <span class='ocrx_word' id='word_1_210' title='bbox 1509 2877 1567 2928; x_wconf 86' lang='grc' dir='ltr'><strong>τὸ</strong></span> <span class='ocrx_word' id='word_1_211' title='bbox 1623 2877 1783 2945; x_wconf 70' lang='grc' dir='ltr'>τυχὸν</span> 
     </span>
    </p>
   </div>
   <div class='ocr_carea' id='block_1_31' title="bbox 205 2965 1784 3035">
    <p class='ocr_par' dir='ltr' id='par_1_31' title="bbox 205 2965 1784 3035">
     <span class='ocr_line' id='line_1_31' title="bbox 205 2965 1784 3035; baseline -0.001 -18"><span class='ocrx_word' id='word_1_212' title='bbox 205 2966 356 3034; x_wconf 79' lang='grc' dir='ltr'>ὑπὲρ</span> <span class='ocrx_word' id='word_1_213' title='bbox 384 2966 492 3017; x_wconf 90' lang='grc' dir='ltr'><strong>τῶν</strong></span> <span class='ocrx_word' id='word_1_214' title='bbox 519 2966 749 3018; x_wconf 74' lang='grc' dir='ltr'>δεόντων</span> <span class='ocrx_word' id='word_1_215' title='bbox 780 2966 1204 3035; x_wconf 82' lang='grc' dir='ltr'>καταδεχόμενοι</span> <span class='ocrx_word' id='word_1_216' title='bbox 1238 2965 1447 3035; x_wconf 82' lang='grc' dir='ltr'>φέρειν.</span> <span class='ocrx_word' id='word_1_217' title='bbox 1476 2966 1583 3017; x_wconf 76' lang='grc' dir='ltr'>Καὶ</span> <span class='ocrx_word' id='word_1_218' title='bbox 1609 2967 1784 3031; x_wconf 81' lang='grc' dir='ltr'>τέλος,</span> 
     </span>
    </p>
   </div>
   <div class='ocr_carea' id='block_1_32' title="bbox 206 3044 1784 3125">
    <p class='ocr_par' dir='ltr' id='par_1_32' title="bbox 206 3044 1784 3125">
     <span class='ocr_line' id='line_1_32' title="bbox 206 3044 1784 3125; baseline -0.002 -19"><span class='ocrx_word' id='word_1_219' title='bbox 206 3058 263 3107; x_wconf 69' lang='lat' dir='ltr'><strong>si</strong></span> <span class='ocrx_word' id='word_1_220' title='bbox 286 3056 376 3108; x_wconf 83' lang='grc' dir='ltr'>διὰ</span> <span class='ocrx_word' id='word_1_221' title='bbox 405 3056 677 3109; x_wconf 81' lang='grc' dir='ltr'>τοσούτων</span> <span class='ocrx_word' id='word_1_222' title='bbox 695 3055 938 3125; x_wconf 78' lang='grc' dir='ltr'>ἀνιαρῶν</span> <span class='ocrx_word' id='word_1_223' title='bbox 960 3056 1052 3107; x_wconf 73' lang='grc' dir='ltr'><strong>καὶ</strong></span> <span class='ocrx_word' id='word_1_224' title='bbox 1084 3054 1425 3123; x_wconf 81' lang='grc' dir='ltr'>τηλικούτων</span> <span class='ocrx_word' id='word_1_225' title='bbox 1444 3044 1632 3105; x_wconf 73' lang='grc' dir='ltr'>κακῶν</span> <span class='ocrx_word' id='word_1_226' title='bbox 1661 3053 1784 3123; x_wconf 81' lang='grc' dir='ltr'>χρό-</span> 
     </span>
    </p>
   </div>
   <div class='ocr_carea' id='block_1_33' title="bbox 204 3146 1781 3216">
    <p class='ocr_par' dir='ltr' id='par_1_33' title="bbox 204 3146 1781 3216">
     <span class='ocr_line' id='line_1_33' title="bbox 204 3146 1781 3216; baseline -0.002 -16"><span class='ocrx_word' id='word_1_227' title='bbox 204 3165 289 3216; x_wconf 83' lang='grc' dir='ltr'>νῳ</span> <span class='ocrx_word' id='word_1_228' title='bbox 321 3149 415 3200; x_wconf 70' lang='grc' dir='ltr'><strong>καὶ</strong></span> <span class='ocrx_word' id='word_1_229' title='bbox 441 3148 599 3215; x_wconf 84' lang='grc' dir='ltr'>μόγις</span> <span class='ocrx_word' id='word_1_230' title='bbox 621 3148 791 3215; x_wconf 74' lang='grc' dir='ltr'>αὐτὴν</span> <span class='ocrx_word' id='word_1_231' title='bbox 815 3147 1181 3215; x_wconf 81' lang='grc' dir='ltr'>κτησαίμεθα,</span> <span class='ocrx_word' id='word_1_232' title='bbox 1209 3147 1474 3216; x_wconf 84' lang='grc' dir='ltr'>λαμπράς</span> <span class='ocrx_word' id='word_1_233' title='bbox 1502 3164 1565 3213; x_wconf 87' lang='grc' dir='ltr'><strong>γε</strong></span> <span class='ocrx_word' id='word_1_234' title='bbox 1590 3146 1654 3214; x_wconf 80' lang='grc' dir='ltr'>δὴ</span> <span class='ocrx_word' id='word_1_235' title='bbox 1684 3147 1781 3206; x_wconf 86' lang='grc' dir='ltr'>τὰς</span> 
     </span>
    </p>
   </div>
   <div class='ocr_carea' id='block_1_34' title="bbox 1880 676 3444 752">
    <p class='ocr_par' dir='ltr' id='par_1_34' title="bbox 1880 676 3444 752">
     <span class='ocr_line' id='line_1_34' title="bbox 1880 676 3444 752; baseline 0.005 -24"><span class='ocrx_word' id='word_1_236' title='bbox 1880 676 2047 731; x_wconf 83' lang='lat' dir='ltr'><strong>venit.</strong></span> <span class='ocrx_word' id='word_1_237' title='bbox 2086 677 2676 747; x_wconf 84' lang='lat' dir='ltr'><strong>Quidquidjuenmlum</strong></span> <span class='ocrx_word' id='word_1_238' title='bbox 2707 690 2761 737; x_wconf 86' lang='lat' dir='ltr'><strong>el.</strong></span> <span class='ocrx_word' id='word_1_239' title='bbox 2815 694 3029 751; x_wconf 77' lang='lat' dir='ltr'><strong>gratum</strong></span> <span class='ocrx_word' id='word_1_240' title='bbox 3084 694 3188 745; x_wconf 91' lang='lat' dir='ltr'><strong>est,</strong></span> <span class='ocrx_word' id='word_1_241' title='bbox 3249 684 3301 737; x_wconf 92' lang='lat' dir='ltr'><strong>in</strong></span> <span class='ocrx_word' id='word_1_242' title='bbox 3348 700 3444 752; x_wconf 84' lang='lat' dir='ltr'><strong>spe</strong></span> 
     </span>
    </p>
   </div>
   <div class='ocr_carea' id='block_1_35' title="bbox 1876 769 3445 842">
    <p class='ocr_par' dir='ltr' id='par_1_35' title="bbox 1876 769 3445 842">
     <span class='ocr_line' id='line_1_35' title="bbox 1876 769 3445 842; baseline 0.003 -20"><span class='ocrx_word' id='word_1_243' title='bbox 1876 774 2085 822; x_wconf 91' lang='lat' dir='ltr'><strong>tantum</strong></span> <span class='ocrx_word' id='word_1_244' title='bbox 2117 769 2413 835; x_wconf 87' lang='lat' dir='ltr'><strong>habemus;</strong></span> <span class='ocrx_word' id='word_1_245' title='bbox 2444 787 2568 824; x_wconf 88' lang='lat' dir='ltr'><strong>nam</strong></span> <span class='ocrx_word' id='word_1_246' title='bbox 2599 774 2699 828; x_wconf 87' lang='lat' dir='ltr'><strong>hoc</strong></span> <span class='ocrx_word' id='word_1_247' title='bbox 2754 775 3076 842; x_wconf 88' lang='lat' dir='ltr'><strong>plerumque</strong></span> <span class='ocrx_word' id='word_1_248' title='bbox 3141 775 3279 828; x_wconf 89' lang='lat' dir='ltr'><strong>solet</strong></span> <span class='ocrx_word' id='word_1_249' title='bbox 3312 791 3445 829; x_wconf 87' lang='lat' dir='ltr'><strong>usu-</strong></span> 
     </span>
    </p>
   </div>
   <div class='ocr_carea' id='block_1_36' title="bbox 1877 861 3441 933">
    <p class='ocr_par' dir='ltr' id='par_1_36' title="bbox 1877 861 3441 933">
     <span class='ocr_line' id='line_1_36' title="bbox 1877 861 3441 933; baseline 0.003 -20"><span class='ocrx_word' id='word_1_250' title='bbox 1877 861 2107 918; x_wconf 86' lang='lat' dir='ltr'><strong>venire:</strong></span> <span class='ocrx_word' id='word_1_251' title='bbox 2142 862 2359 918; x_wconf 85' lang='lat' dir='ltr'><strong>dolores</strong></span> <span class='ocrx_word' id='word_1_252' title='bbox 2412 873 2621 922; x_wconf 87' lang='lat' dir='ltr'><strong>autem.</strong></span> <span class='ocrx_word' id='word_1_253' title='bbox 2687 880 2826 933; x_wconf 89' lang='lat' dir='ltr'><strong>quos</strong></span> <span class='ocrx_word' id='word_1_254' title='bbox 2877 866 3217 932; x_wconf 86' lang='lat' dir='ltr'><strong>voluptatum</strong></span> <span class='ocrx_word' id='word_1_255' title='bbox 3278 881 3441 918; x_wconf 77' lang='lat' dir='ltr'><strong>causa</strong></span> 
     </span>
    </p>
   </div>
   <div class='ocr_carea' id='block_1_37' title="bbox 1879 954 3440 1025">
    <p class='ocr_par' dir='ltr' id='par_1_37' title="bbox 1879 954 3440 1025">
     <span class='ocr_line' id='line_1_37' title="bbox 1879 954 3440 1025; baseline 0.003 -20"><span class='ocrx_word' id='word_1_256' title='bbox 1879 956 2191 1017; x_wconf 79' lang='lat' dir='ltr'><strong>toleramus,</strong></span> <span class='ocrx_word' id='word_1_257' title='bbox 2222 955 2396 1022; x_wconf 89' lang='lat' dir='ltr'><strong>reipsa</strong></span> <span class='ocrx_word' id='word_1_258' title='bbox 2431 954 2779 1023; x_wconf 86' lang='lat' dir='ltr'><strong>percipimus.</strong></span> <span class='ocrx_word' id='word_1_259' title='bbox 2818 958 3207 1025; x_wconf 67' lang='lat' dir='ltr'><strong>Sarpenumero</strong></span> <span class='ocrx_word' id='word_1_260' title='bbox 3232 968 3285 1009; x_wconf 90' lang='lat' dir='ltr'><strong>et</strong></span> <span class='ocrx_word' id='word_1_261' title='bbox 3310 956 3440 1009; x_wconf 93' lang='lat' dir='ltr'><strong>illud</strong></span> 
     </span>
    </p>
   </div>
   <div class='ocr_carea' id='block_1_38' title="bbox 1878 1047 3443 1117">
    <p class='ocr_par' dir='ltr' id='par_1_38' title="bbox 1878 1047 3443 1117">
     <span class='ocr_line' id='line_1_38' title="bbox 1878 1047 3443 1117; baseline 0.001 -19"><span class='ocrx_word' id='word_1_262' title='bbox 1878 1047 2111 1111; x_wconf 81' lang='lat' dir='ltr'><strong>accidit;</strong></span> <span class='ocrx_word' id='word_1_263' title='bbox 2149 1048 2268 1117; x_wconf 90' lang='lat' dir='ltr'><strong>plus</strong></span> <span class='ocrx_word' id='word_1_264' title='bbox 2302 1048 2444 1101; x_wconf 90' lang='lat' dir='ltr'><strong>enim</strong></span> <span class='ocrx_word' id='word_1_265' title='bbox 2483 1061 2545 1101; x_wconf 80' lang='lat' dir='ltr'><strong>ex</strong></span> <span class='ocrx_word' id='word_1_266' title='bbox 2578 1064 2671 1115; x_wconf 87' lang='lat' dir='ltr'><strong>spe</strong></span> <span class='ocrx_word' id='word_1_267' title='bbox 2702 1050 2882 1117; x_wconf 78' lang='lat' dir='ltr'><strong>gaudii</strong></span> <span class='ocrx_word' id='word_1_268' title='bbox 2949 1050 3220 1116; x_wconf 86' lang='lat' dir='ltr'><strong>capimus,</strong></span> <span class='ocrx_word' id='word_1_269' title='bbox 3282 1064 3443 1117; x_wconf 81' lang='lat' dir='ltr'><strong>quam</strong></span> 
     </span>
    </p>
   </div>
   <div class='ocr_carea' id='block_1_39' title="bbox 1878 1140 3444 1208">
    <p class='ocr_par' dir='ltr' id='par_1_39' title="bbox 1878 1140 3444 1208">
     <span class='ocr_line' id='line_1_39' title="bbox 1878 1140 3444 1208; baseline 0.001 -16"><span class='ocrx_word' id='word_1_270' title='bbox 1878 1152 2001 1192; x_wconf 88' lang='lat' dir='ltr'><strong>cum</strong></span> <span class='ocrx_word' id='word_1_271' title='bbox 2027 1140 2091 1191; x_wconf 86' lang='lat' dir='ltr'><strong>ad</strong></span> <span class='ocrx_word' id='word_1_272' title='bbox 2123 1140 2265 1205; x_wconf 86' lang='lat' dir='ltr'><strong>ipsas</strong></span> <span class='ocrx_word' id='word_1_273' title='bbox 2317 1154 2403 1193; x_wconf 87' lang='lat' dir='ltr'><strong>res</strong></span> <span class='ocrx_word' id='word_1_274' title='bbox 2444 1141 2807 1207; x_wconf 78' lang='lat' dir='ltr'><strong>pervenimus.</strong></span> <span class='ocrx_word' id='word_1_275' title='bbox 2837 1140 3199 1203; x_wconf 78' lang='lat' dir='ltr'><strong>Quamobrem</strong></span> <span class='ocrx_word' id='word_1_276' title='bbox 3232 1141 3276 1193; x_wconf 86' lang='lat' dir='ltr'><strong>si</strong></span> <span class='ocrx_word' id='word_1_277' title='bbox 3323 1141 3444 1208; x_wconf 89' lang='lat' dir='ltr'><strong>quis</strong></span> 
     </span>
    </p>
   </div>
   <div class='ocr_carea' id='block_1_40' title="bbox 1879 1231 3445 1300">
    <p class='ocr_par' dir='ltr' id='par_1_40' title="bbox 1879 1231 3445 1300">
     <span class='ocr_line' id='line_1_40' title="bbox 1879 1231 3445 1300; baseline 0.001 -19"><span class='ocrx_word' id='word_1_278' title='bbox 1879 1231 2099 1293; x_wconf 83' lang='lat' dir='ltr'><strong>dixerit,</strong></span> <span class='ocrx_word' id='word_1_279' title='bbox 2132 1241 2183 1284; x_wconf 91' lang='lat' dir='ltr'><strong>et</strong></span> <span class='ocrx_word' id='word_1_280' title='bbox 2216 1232 2507 1285; x_wconf 77' lang='lat' dir='ltr'><strong>vanitatem</strong></span> <span class='ocrx_word' id='word_1_281' title='bbox 2552 1242 2603 1283; x_wconf 86' lang='lat' dir='ltr'><strong>et</strong></span> <span class='ocrx_word' id='word_1_282' title='bbox 2630 1233 2826 1287; x_wconf 84' lang='lat' dir='ltr'><strong>undam</strong></span> <span class='ocrx_word' id='word_1_283' title='bbox 2886 1234 2987 1286; x_wconf 91' lang='lat' dir='ltr'><strong>hoc</strong></span> <span class='ocrx_word' id='word_1_284' title='bbox 3028 1234 3184 1285; x_wconf 88' lang='lat' dir='ltr'><strong>modo</strong></span> <span class='ocrx_word' id='word_1_285' title='bbox 3240 1235 3445 1300; x_wconf 82' lang='lat' dir='ltr'><strong>cogita-</strong></span> 
     </span>
    </p>
   </div>
   <div class='ocr_carea' id='block_1_41' title="bbox 1884 1322 3441 1391">
    <p class='ocr_par' dir='ltr' id='par_1_41' title="bbox 1884 1322 3441 1391">
     <span class='ocr_line' id='line_1_41' title="bbox 1884 1322 3441 1391; baseline 0.003 -19"><span class='ocrx_word' id='word_1_286' title='bbox 1884 1322 2084 1373; x_wconf 86' lang='lat' dir='ltr'><strong>tionem</strong></span> <span class='ocrx_word' id='word_1_287' title='bbox 2114 1336 2261 1383; x_wconf 88' lang='lat' dir='ltr'><strong>esse,</strong></span> <span class='ocrx_word' id='word_1_288' title='bbox 2322 1324 2465 1391; x_wconf 85' lang='lat' dir='ltr'><strong>quod</strong></span> <span class='ocrx_word' id='word_1_289' title='bbox 2527 1332 2809 1389; x_wconf 83' lang='lat' dir='ltr'><strong>tantopere</strong></span> <span class='ocrx_word' id='word_1_290' title='bbox 2872 1326 3273 1390; x_wconf 83' lang='lat' dir='ltr'><strong>persequimur,</strong></span> <span class='ocrx_word' id='word_1_291' title='bbox 3334 1340 3441 1378; x_wconf 90' lang='lat' dir='ltr'><strong>non</strong></span> 
     </span>
    </p>
   </div>
   <div class='ocr_carea' id='block_1_42' title="bbox 1878 1415 3437 1469">
    <p class='ocr_par' dir='ltr' id='par_1_42' title="bbox 1878 1415 3437 1469">
     <span class='ocr_line' id='line_1_42' title="bbox 1878 1415 3437 1469; baseline 0.001 -3"><span class='ocrx_word' id='word_1_292' title='bbox 1878 1415 2099 1466; x_wconf 78' lang='lat' dir='ltr'><strong>oniniuo</strong></span> <span class='ocrx_word' id='word_1_293' title='bbox 2138 1415 2204 1466; x_wconf 85' lang='lat' dir='ltr'><strong>ab</strong></span> <span class='ocrx_word' id='word_1_294' title='bbox 2254 1426 2501 1467; x_wconf 83' lang='lat' dir='ltr'><strong>accurata</strong></span> <span class='ocrx_word' id='word_1_295' title='bbox 2532 1415 2607 1467; x_wconf 87' lang='lat' dir='ltr'><strong>rei</strong></span> <span class='ocrx_word' id='word_1_296' title='bbox 2677 1415 3026 1469; x_wconf 81' lang='lat' dir='ltr'><strong>discussione</strong></span> <span class='ocrx_word' id='word_1_297' title='bbox 3078 1415 3437 1468; x_wconf 86' lang='lat' dir='ltr'><strong>aberravcrit.</strong></span> 
     </span>
    </p>
   </div>
   <div class='ocr_carea' id='block_1_43' title="bbox 1876 1503 3440 1572">
    <p class='ocr_par' dir='ltr' id='par_1_43' title="bbox 1876 1503 3440 1572">
     <span class='ocr_line' id='line_1_43' title="bbox 1876 1503 3440 1572; baseline 0 -17"><span class='ocrx_word' id='word_1_298' title='bbox 1876 1503 2031 1571; x_wconf 86' lang='lat' dir='ltr'><strong>Quod</strong></span> <span class='ocrx_word' id='word_1_299' title='bbox 2070 1514 2247 1557; x_wconf 80' lang='lat' dir='ltr'><strong>autem</strong></span> <span class='ocrx_word' id='word_1_300' title='bbox 2274 1504 2402 1557; x_wconf 89' lang='lat' dir='ltr'><strong>huic</strong></span> <span class='ocrx_word' id='word_1_301' title='bbox 2447 1520 2477 1558; x_wconf 91' lang='lat' dir='ltr'><strong>e</strong></span> <span class='ocrx_word' id='word_1_302' title='bbox 2506 1505 2783 1558; x_wconf 85' lang='lat' dir='ltr'><strong>contrario</strong></span> <span class='ocrx_word' id='word_1_303' title='bbox 2822 1506 3132 1572; x_wconf 83' lang='lat' dir='ltr'><strong>respondet,</strong></span> <span class='ocrx_word' id='word_1_304' title='bbox 3200 1506 3273 1559; x_wconf 88' lang='lat' dir='ltr'><strong>ita</strong></span> <span class='ocrx_word' id='word_1_305' title='bbox 3337 1520 3440 1557; x_wconf 90' lang='lat' dir='ltr'><strong>non</strong></span> 
     </span>
    </p>
   </div>
   <div class='ocr_carea' id='block_1_44' title="bbox 1880 1595 3442 1662">
    <p class='ocr_par' dir='ltr' id='par_1_44' title="bbox 1880 1595 3442 1662">
     <span class='ocr_line' id='line_1_44' title="bbox 1880 1595 3442 1662; baseline -0.003 -12"><span class='ocrx_word' id='word_1_306' title='bbox 1880 1599 2061 1650; x_wconf 86' lang='lat' dir='ltr'><strong>habet.</strong></span> <span class='ocrx_word' id='word_1_307' title='bbox 2097 1596 2231 1648; x_wconf 83' lang='lat' dir='ltr'><strong>Nam</strong></span> <span class='ocrx_word' id='word_1_308' title='bbox 2260 1596 2402 1662; x_wconf 90' lang='lat' dir='ltr'><strong>quod</strong></span> <span class='ocrx_word' id='word_1_309' title='bbox 2436 1596 2628 1661; x_wconf 78' lang='lat' dir='ltr'><strong>volupe</strong></span> <span class='ocrx_word' id='word_1_310' title='bbox 2664 1606 2767 1655; x_wconf 81' lang='lat' dir='ltr'><strong>est,</strong></span> <span class='ocrx_word' id='word_1_311' title='bbox 2805 1610 2928 1649; x_wconf 86' lang='lat' dir='ltr'><strong>cum</strong></span> <span class='ocrx_word' id='word_1_312' title='bbox 2961 1610 3081 1648; x_wconf 86' lang='lat' dir='ltr'><strong>sero</strong></span> <span class='ocrx_word' id='word_1_313' title='bbox 3110 1595 3351 1658; x_wconf 87' lang='lat' dir='ltr'><strong>tandem,</strong></span> <span class='ocrx_word' id='word_1_314' title='bbox 3388 1604 3442 1646; x_wconf 87' lang='lat' dir='ltr'><strong>ct</strong></span> 
     </span>
    </p>
   </div>
   <div class='ocr_carea' id='block_1_45' title="bbox 1877 1686 3443 1757">
    <p class='ocr_par' dir='ltr' id='par_1_45' title="bbox 1877 1686 3443 1757">
     <span class='ocr_line' id='line_1_45' title="bbox 1877 1686 3443 1757; baseline -0.004 -16"><span class='ocrx_word' id='word_1_315' title='bbox 1877 1697 1998 1757; x_wconf 89' lang='lat' dir='ltr'><strong>post</strong></span> <span class='ocrx_word' id='word_1_316' title='bbox 2026 1688 2180 1753; x_wconf 70' lang='lat' dir='ltr'><strong>longa</strong></span> <span class='ocrx_word' id='word_1_317' title='bbox 2228 1687 2486 1754; x_wconf 86' lang='lat' dir='ltr'><strong>temporis</strong></span> <span class='ocrx_word' id='word_1_318' title='bbox 2524 1687 2721 1751; x_wconf 86' lang='lat' dir='ltr'><strong>spatia.</strong></span> <span class='ocrx_word' id='word_1_319' title='bbox 2752 1686 3129 1754; x_wconf 83' lang='lat' dir='ltr'><strong>quosdamque</strong></span> <span class='ocrx_word' id='word_1_320' title='bbox 3170 1687 3258 1737; x_wconf 91' lang='lat' dir='ltr'><strong>diu</strong></span> <span class='ocrx_word' id='word_1_321' title='bbox 3317 1701 3443 1752; x_wconf 68' lang='lat' dir='ltr'><strong>pro.</strong></span> 
     </span>
    </p>
   </div>
   <div class='ocr_carea' id='block_1_46' title="bbox 1878 1777 3439 1843">
    <p class='ocr_par' dir='ltr' id='par_1_46' title="bbox 1878 1777 3439 1843">
     <span class='ocr_line' id='line_1_46' title="bbox 1878 1777 3439 1843; baseline -0.001 -14"><span class='ocrx_word' id='word_1_322' title='bbox 1878 1787 2078 1831; x_wconf 69' lang='lat' dir='ltr'><strong>tractos</strong></span> <span class='ocrx_word' id='word_1_323' title='bbox 2110 1778 2391 1839; x_wconf 79' lang='lat' dir='ltr'><strong>anthitus.,</strong></span> <span class='ocrx_word' id='word_1_324' title='bbox 2420 1780 2673 1837; x_wconf 85' lang='lat' dir='ltr'><strong>accessit,</strong></span> <span class='ocrx_word' id='word_1_325' title='bbox 2709 1777 2870 1831; x_wconf 86' lang='lat' dir='ltr'><strong>nobis</strong></span> <span class='ocrx_word' id='word_1_326' title='bbox 2912 1787 3120 1829; x_wconf 87' lang='lat' dir='ltr'><strong>tantum</strong></span> <span class='ocrx_word' id='word_1_327' title='bbox 3146 1792 3249 1828; x_wconf 91' lang='lat' dir='ltr'><strong>nou</strong></span> <span class='ocrx_word' id='word_1_328' title='bbox 3281 1777 3439 1843; x_wconf 82' lang='lat' dir='ltr'><strong>quasi</strong></span> 
     </span>
    </p>
   </div>
   <div class='ocr_carea' id='block_1_47' title="bbox 1880 1868 3442 1936">
    <p class='ocr_par' dir='ltr' id='par_1_47' title="bbox 1880 1868 3442 1936">
     <span class='ocr_line' id='line_1_47' title="bbox 1880 1868 3442 1936; baseline 0.001 -17"><span class='ocrx_word' id='word_1_329' title='bbox 1880 1869 2234 1934; x_wconf 87' lang='lat' dir='ltr'><strong>compellatis,</strong></span> <span class='ocrx_word' id='word_1_330' title='bbox 2307 1870 2518 1923; x_wconf 87' lang='lat' dir='ltr'><strong>avolat:</strong></span> <span class='ocrx_word' id='word_1_331' title='bbox 2577 1870 2795 1935; x_wconf 82' lang='lat' dir='ltr'><strong>etquod</strong></span> <span class='ocrx_word' id='word_1_332' title='bbox 2860 1878 3228 1936; x_wconf 73' lang='lat' dir='ltr'><strong>exspectatur,</strong></span> <span class='ocrx_word' id='word_1_333' title='bbox 3293 1868 3442 1933; x_wconf 89' lang='lat' dir='ltr'><strong>prius</strong></span> 
     </span>
    </p>
   </div>
   <div class='ocr_carea' id='block_1_48' title="bbox 1880 1958 3443 2028">
    <p class='ocr_par' dir='ltr' id='par_1_48' title="bbox 1880 1958 3443 2028">
     <span class='ocr_line' id='line_1_48' title="bbox 1880 1958 3443 2028; baseline -0.002 -13"><span class='ocrx_word' id='word_1_334' title='bbox 1880 1962 2419 2027; x_wconf 73' lang='lat' dir='ltr'><strong>exstinguiturquam</strong></span> <span class='ocrx_word' id='word_1_335' title='bbox 2447 1960 2683 2027; x_wconf 80' lang='lat' dir='ltr'><strong>perfecte</strong></span> <span class='ocrx_word' id='word_1_336' title='bbox 2704 1960 3099 2028; x_wconf 82' lang='lat' dir='ltr'><strong>conspiciatur.</strong></span> <span class='ocrx_word' id='word_1_337' title='bbox 3128 1958 3300 2012; x_wconf 83' lang='lat' dir='ltr'><strong>Tanta</strong></span> <span class='ocrx_word' id='word_1_338' title='bbox 3327 1959 3443 2021; x_wconf 84' lang='lat' dir='ltr'><strong>ejus</strong></span> 
     </span>
    </p>
   </div>
   <div class='ocr_carea' id='block_1_49' title="bbox 1882 2049 3442 2116">
    <p class='ocr_par' dir='ltr' id='par_1_49' title="bbox 1882 2049 3442 2116">
     <span class='ocr_line' id='line_1_49' title="bbox 1882 2049 3442 2116; baseline -0.003 -10"><span class='ocrx_word' id='word_1_339' title='bbox 1882 2053 1935 2106; x_wconf 91' lang='lat' dir='ltr'><strong>in</strong></span> <span class='ocrx_word' id='word_1_340' title='bbox 1970 2053 2305 2107; x_wconf 83' lang='lat' dir='ltr'><strong>abscedendo</strong></span> <span class='ocrx_word' id='word_1_341' title='bbox 2340 2053 2613 2115; x_wconf 87' lang='lat' dir='ltr'><strong>celeritas,</strong></span> <span class='ocrx_word' id='word_1_342' title='bbox 2663 2054 2794 2105; x_wconf 88' lang='lat' dir='ltr'><strong>adeo</strong></span> <span class='ocrx_word' id='word_1_343' title='bbox 2827 2052 2957 2105; x_wconf 85' lang='lat' dir='ltr'><strong>nihil</strong></span> <span class='ocrx_word' id='word_1_344' title='bbox 2982 2062 3065 2106; x_wconf 92' lang='lat' dir='ltr'><strong>est</strong></span> <span class='ocrx_word' id='word_1_345' title='bbox 3098 2051 3264 2111; x_wconf 76' lang='lat' dir='ltr'><strong>Sacri.</strong></span> <span class='ocrx_word' id='word_1_346' title='bbox 3297 2049 3442 2116; x_wconf 83' lang='lat' dir='ltr'><strong>quod</strong></span> 
     </span>
    </p>
   </div>
   <div class='ocr_carea' id='block_1_50' title="bbox 1882 2143 3443 2213">
    <p class='ocr_par' dir='ltr' id='par_1_50' title="bbox 1882 2143 3443 2213">
     <span class='ocr_line' id='line_1_50' title="bbox 1882 2143 3443 2213; baseline -0.006 -13"><span class='ocrx_word' id='word_1_347' title='bbox 1882 2148 2054 2201; x_wconf 84' lang='lat' dir='ltr'><strong>aiunt.</strong></span> <span class='ocrx_word' id='word_1_348' title='bbox 2091 2145 2158 2198; x_wconf 84' lang='lat' dir='ltr'><strong>At</strong></span> <span class='ocrx_word' id='word_1_349' title='bbox 2188 2144 2449 2213; x_wconf 87' lang='lat' dir='ltr'><strong>quidquid</strong></span> <span class='ocrx_word' id='word_1_350' title='bbox 2469 2145 2704 2197; x_wconf 87' lang='lat' dir='ltr'><strong>dolorem</strong></span> <span class='ocrx_word' id='word_1_351' title='bbox 2733 2144 2891 2197; x_wconf 74' lang='lat' dir='ltr'><strong>affert</strong></span> <span class='ocrx_word' id='word_1_352' title='bbox 2920 2154 3086 2211; x_wconf 88' lang='lat' dir='ltr'><strong>atque</strong></span> <span class='ocrx_word' id='word_1_353' title='bbox 3115 2143 3443 2202; x_wconf 85' lang='lat' dir='ltr'><strong>molestiam,</strong></span> 
     </span>
    </p>
   </div>
   <div class='ocr_carea' id='block_1_51' title="bbox 1884 2236 3465 2303">
    <p class='ocr_par' dir='ltr' id='par_1_51' title="bbox 1884 2236 3465 2303">
     <span class='ocr_line' id='line_1_51' title="bbox 1884 2236 3465 2303; baseline -0.008 -8"><span class='ocrx_word' id='word_1_354' title='bbox 1884 2251 1937 2295; x_wconf 89' lang='lat' dir='ltr'><strong>et</strong></span> <span class='ocrx_word' id='word_1_355' title='bbox 1969 2240 2272 2293; x_wconf 87' lang='lat' dir='ltr'><strong>nimborum</strong></span> <span class='ocrx_word' id='word_1_356' title='bbox 2306 2239 2481 2291; x_wconf 90' lang='lat' dir='ltr'><strong>instar</strong></span> <span class='ocrx_word' id='word_1_357' title='bbox 2509 2238 2663 2303; x_wconf 89' lang='lat' dir='ltr'><strong>pluit,</strong></span> <span class='ocrx_word' id='word_1_358' title='bbox 2700 2244 2751 2289; x_wconf 90' lang='lat' dir='ltr'><strong>et</strong></span> <span class='ocrx_word' id='word_1_359' title='bbox 2787 2236 2943 2289; x_wconf 83' lang='lat' dir='ltr'><strong>adest</strong></span> <span class='ocrx_word' id='word_1_360' title='bbox 3008 2236 3344 2297; x_wconf 80' lang='lat' dir='ltr'><strong>diuturnius,</strong></span> <span class='ocrx_word' id='word_1_361' title='bbox 3391 2246 3465 2287; x_wconf 69' lang='lat' dir='ltr'><strong>etv</strong></span> 
     </span>
    </p>
   </div>
   <div class='ocr_carea' id='block_1_52' title="bbox 1885 2328 3439 2403">
    <p class='ocr_par' dir='ltr' id='par_1_52' title="bbox 1885 2328 3439 2403">
     <span class='ocr_line' id='line_1_52' title="bbox 1885 2328 3439 2403; baseline -0.007 -18"><span class='ocrx_word' id='word_1_362' title='bbox 1885 2334 2099 2403; x_wconf 75' lang='lat' dir='ltr'><strong>gravius</strong></span> <span class='ocrx_word' id='word_1_363' title='bbox 2125 2340 2387 2399; x_wconf 79' lang='lat' dir='ltr'><strong>penetrat,</strong></span> <span class='ocrx_word' id='word_1_364' title='bbox 2431 2340 2481 2382; x_wconf 88' lang='lat' dir='ltr'><strong>et</strong></span> <span class='ocrx_word' id='word_1_365' title='bbox 2514 2328 2752 2383; x_wconf 65' lang='lat' dir='ltr'><strong>adhaeret</strong></span> <span class='ocrx_word' id='word_1_366' title='bbox 2784 2329 3117 2388; x_wconf 81' lang='lat' dir='ltr'><strong>accuratius,</strong></span> <span class='ocrx_word' id='word_1_367' title='bbox 3177 2336 3439 2389; x_wconf 78' lang='lat' dir='ltr'><strong>tantaque</strong></span> 
     </span>
    </p>
   </div>
   <div class='ocr_carea' id='block_1_53' title="bbox 1885 2417 3445 2488">
    <p class='ocr_par' dir='ltr' id='par_1_53' title="bbox 1885 2417 3445 2488">
     <span class='ocr_line' id='line_1_53' title="bbox 1885 2417 3445 2488; baseline -0.005 -14"><span class='ocrx_word' id='word_1_368' title='bbox 1885 2425 2138 2488; x_wconf 84' lang='lat' dir='ltr'><strong>deinceps</strong></span> <span class='ocrx_word' id='word_1_369' title='bbox 2162 2438 2282 2474; x_wconf 85' lang='lat' dir='ltr'><strong>cum</strong></span> <span class='ocrx_word' id='word_1_370' title='bbox 2307 2420 2604 2475; x_wconf 79' lang='lat' dir='ltr'><strong>acerbitate</strong></span> <span class='ocrx_word' id='word_1_371' title='bbox 2658 2422 2764 2471; x_wconf 88' lang='lat' dir='ltr'><strong>vim</strong></span> <span class='ocrx_word' id='word_1_372' title='bbox 2797 2435 2948 2473; x_wconf 84' lang='lat' dir='ltr'><strong>suam</strong></span> <span class='ocrx_word' id='word_1_373' title='bbox 2984 2419 3225 2472; x_wconf 87' lang='lat' dir='ltr'><strong>declarat</strong></span> <span class='ocrx_word' id='word_1_374' title='bbox 3246 2427 3298 2471; x_wconf 79' lang='lat' dir='ltr'><strong>et</strong></span> <span class='ocrx_word' id='word_1_375' title='bbox 3328 2417 3445 2469; x_wconf 85' lang='lat' dir='ltr'><strong>otii-</strong></span> 
     </span>
    </p>
   </div>
   <div class='ocr_carea' id='block_1_54' title="bbox 1886 2509 3447 2577">
    <p class='ocr_par' dir='ltr' id='par_1_54' title="bbox 1886 2509 3447 2577">
     <span class='ocr_line' id='line_1_54' title="bbox 1886 2509 3447 2577; baseline -0.007 -8"><span class='ocrx_word' id='word_1_376' title='bbox 1886 2516 2027 2569; x_wconf 84' lang='lat' dir='ltr'><strong>cium</strong></span> <span class='ocrx_word' id='word_1_377' title='bbox 2067 2514 2224 2575; x_wconf 84' lang='lat' dir='ltr'><strong>facit,</strong></span> <span class='ocrx_word' id='word_1_378' title='bbox 2272 2524 2527 2577; x_wconf 85' lang='lat' dir='ltr'><strong>quantum</strong></span> <span class='ocrx_word' id='word_1_379' title='bbox 2563 2527 2628 2562; x_wconf 84' lang='lat' dir='ltr'><strong>ne</strong></span> <span class='ocrx_word' id='word_1_380' title='bbox 2658 2510 3049 2577; x_wconf 71' lang='lat' dir='ltr'><strong>iucundissima</strong></span> <span class='ocrx_word' id='word_1_381' title='bbox 3084 2509 3301 2577; x_wconf 70' lang='lat' dir='ltr'><strong>qu‘dent</strong></span> <span class='ocrx_word' id='word_1_382' title='bbox 3359 2523 3447 2559; x_wconf 84' lang='lat' dir='ltr'><strong>res</strong></span> 
     </span>
    </p>
   </div>
   <div class='ocr_carea' id='block_1_55' title="bbox 1886 2597 3445 2670">
    <p class='ocr_par' dir='ltr' id='par_1_55' title="bbox 1886 2597 3445 2670">
     <span class='ocr_line' id='line_1_55' title="bbox 1886 2597 3445 2670; baseline -0.005 -15"><span class='ocrx_word' id='word_1_383' title='bbox 1886 2617 2122 2670; x_wconf 85' lang='lat' dir='ltr'><strong>unquam</strong></span> <span class='ocrx_word' id='word_1_384' title='bbox 2149 2600 2521 2654; x_wconf 69' lang='lat' dir='ltr'><strong>delectationis</strong></span> <span class='ocrx_word' id='word_1_385' title='bbox 2541 2600 2755 2653; x_wconf 88' lang='lat' dir='ltr'><strong>obtulit.</strong></span> <span class='ocrx_word' id='word_1_386' title='bbox 2788 2597 2922 2659; x_wconf 78' lang='lat' dir='ltr'><strong>Iino,</strong></span> <span class='ocrx_word' id='word_1_387' title='bbox 2962 2600 3006 2652; x_wconf 89' lang='lat' dir='ltr'><strong>si</strong></span> <span class='ocrx_word' id='word_1_388' title='bbox 3055 2600 3271 2667; x_wconf 78' lang='lat' dir='ltr'><strong>quidem</strong></span> <span class='ocrx_word' id='word_1_389' title='bbox 3337 2612 3445 2649; x_wconf 86' lang='lat' dir='ltr'><strong>non</strong></span> 
     </span>
    </p>
   </div>
   <div class='ocr_carea' id='block_1_56' title="bbox 1886 2691 3449 2759">
    <p class='ocr_par' dir='ltr' id='par_1_56' title="bbox 1886 2691 3449 2759">
     <span class='ocr_line' id='line_1_56' title="bbox 1886 2691 3449 2759; baseline -0.006 -10"><span class='ocrx_word' id='word_1_390' title='bbox 1886 2696 1989 2749; x_wconf 87' lang='lat' dir='ltr'><strong>hoc</strong></span> <span class='ocrx_word' id='word_1_391' title='bbox 2023 2693 2264 2748; x_wconf 86' lang='lat' dir='ltr'><strong>insob-ns</strong></span> <span class='ocrx_word' id='word_1_392' title='bbox 2292 2701 2375 2745; x_wconf 86' lang='lat' dir='ltr'><strong>est</strong></span> <span class='ocrx_word' id='word_1_393' title='bbox 2407 2692 2636 2758; x_wconf 85' lang='lat' dir='ltr'><strong>prolatu,</strong></span> <span class='ocrx_word' id='word_1_394' title='bbox 2672 2692 2721 2743; x_wconf 94' lang='lat' dir='ltr'><strong>in</strong></span> <span class='ocrx_word' id='word_1_395' title='bbox 2747 2691 2861 2759; x_wconf 88' lang='lat' dir='ltr'><strong>ipsa</strong></span> <span class='ocrx_word' id='word_1_396' title='bbox 2896 2691 3256 2743; x_wconf 73' lang='lat' dir='ltr'><strong>delectatione</strong></span> <span class='ocrx_word' id='word_1_397' title='bbox 3278 2704 3449 2756; x_wconf 84' lang='lat' dir='ltr'><strong>quan-</strong></span> 
     </span>
    </p>
   </div>
   <div class='ocr_carea' id='block_1_57' title="bbox 1841 2782 3446 2851">
    <p class='ocr_par' dir='ltr' id='par_1_57' title="bbox 1841 2782 3446 2851">
     <span class='ocr_line' id='line_1_57' title="bbox 1841 2782 3446 2851; baseline -0.003 -13"><span class='ocrx_word' id='word_1_398' title='bbox 1841 2792 1846 2797; x_wconf 87' lang='grc'><strong>’</strong></span> <span class='ocrx_word' id='word_1_399' title='bbox 1888 2795 1995 2838; x_wconf 89' lang='lat' dir='ltr'><strong>tam</strong></span> <span class='ocrx_word' id='word_1_400' title='bbox 2033 2801 2223 2839; x_wconf 85' lang='lat' dir='ltr'><strong>rursus</strong></span> <span class='ocrx_word' id='word_1_401' title='bbox 2275 2786 2447 2851; x_wconf 87' lang='lat' dir='ltr'><strong>ipsius</strong></span> <span class='ocrx_word' id='word_1_402' title='bbox 2494 2784 2747 2851; x_wconf 68' lang='lat' dir='ltr'><strong>jucundze</strong></span> <span class='ocrx_word' id='word_1_403' title='bbox 2799 2783 2874 2835; x_wconf 91' lang='lat' dir='ltr'><strong>rei</strong></span> <span class='ocrx_word' id='word_1_404' title='bbox 2924 2798 3084 2834; x_wconf 68' lang='lat' dir='ltr'><strong>causa</strong></span> <span class='ocrx_word' id='word_1_405' title='bbox 3141 2782 3446 2835; x_wconf 86' lang='lat' dir='ltr'><strong>molestiam</strong></span> 
     </span>
    </p>
   </div>
   <div class='ocr_carea' id='block_1_58' title="bbox 1887 2875 3451 2945">
    <p class='ocr_par' dir='ltr' id='par_1_58' title="bbox 1887 2875 3451 2945">
     <span class='ocr_line' id='line_1_58' title="bbox 1887 2875 3451 2945; baseline -0.003 -15"><span class='ocrx_word' id='word_1_406' title='bbox 1887 2877 2241 2945; x_wconf 73' lang='lat' dir='ltr'><strong>percipimus,</strong></span> <span class='ocrx_word' id='word_1_407' title='bbox 2273 2876 2315 2927; x_wconf 89' lang='lat' dir='ltr'><strong>si</strong></span> <span class='ocrx_word' id='word_1_408' title='bbox 2373 2888 2626 2928; x_wconf 85' lang='lat' dir='ltr'><strong>accurata</strong></span> <span class='ocrx_word' id='word_1_409' title='bbox 2692 2876 3130 2928; x_wconf 85' lang='lat' dir='ltr'><strong>consideratione</strong></span> <span class='ocrx_word' id='word_1_410' title='bbox 3192 2875 3451 2927; x_wconf 84' lang='lat' dir='ltr'><strong>utamur?</strong></span> 
     </span>
    </p>
   </div>
   <div class='ocr_carea' id='block_1_59' title="bbox 1884 2969 3449 3035">
    <p class='ocr_par' dir='ltr' id='par_1_59' title="bbox 1884 2969 3449 3035">
     <span class='ocr_line' id='line_1_59' title="bbox 1884 2969 3449 3035; baseline -0.001 -13"><span class='ocrx_word' id='word_1_411' title='bbox 1884 2969 1995 3023; x_wconf 87' lang='lat' dir='ltr'><strong>Nec</strong></span> <span class='ocrx_word' id='word_1_412' title='bbox 2016 2970 2185 3032; x_wconf 86' lang='lat' dir='ltr'><strong>enim,</strong></span> <span class='ocrx_word' id='word_1_413' title='bbox 2209 2970 2424 3035; x_wconf 91' lang='lat' dir='ltr'><strong>opinor,</strong></span> <span class='ocrx_word' id='word_1_414' title='bbox 2469 2969 2709 3033; x_wconf 74' lang='lat' dir='ltr'><strong>ignotum</strong></span> <span class='ocrx_word' id='word_1_415' title='bbox 2735 2979 2816 3021; x_wconf 87' lang='lat' dir='ltr'><strong>est</strong></span> <span class='ocrx_word' id='word_1_416' title='bbox 2873 2970 3078 3025; x_wconf 88' lang='lat' dir='ltr'><strong>animo.</strong></span> <span class='ocrx_word' id='word_1_417' title='bbox 3136 2972 3449 3021; x_wconf 78' lang='lat' dir='ltr'><strong>necessario</strong></span> 
     </span>
    </p>
   </div>
   <div class='ocr_carea' id='block_1_60' title="bbox 1884 3054 3449 3127">
    <p class='ocr_par' dir='ltr' id='par_1_60' title="bbox 1884 3054 3449 3127">
     <span class='ocr_line' id='line_1_60' title="bbox 1884 3054 3449 3127; baseline -0.006 -14"><span class='ocrx_word' id='word_1_418' title='bbox 1884 3059 2174 3127; x_wconf 85' lang='lat' dir='ltr'><strong>voluptatis</strong></span> <span class='ocrx_word' id='word_1_419' title='bbox 2208 3059 2457 3110; x_wconf 87' lang='lat' dir='ltr'><strong>comitem</strong></span> <span class='ocrx_word' id='word_1_420' title='bbox 2498 3073 2617 3111; x_wconf 75' lang='lat' dir='ltr'><strong>esse</strong></span> <span class='ocrx_word' id='word_1_421' title='bbox 2652 3058 2914 3120; x_wconf 88' lang='lat' dir='ltr'><strong>dolorem,</strong></span> <span class='ocrx_word' id='word_1_422' title='bbox 2970 3055 3271 3109; x_wconf 75' lang='lat' dir='ltr'><strong>Secundum</strong></span> <span class='ocrx_word' id='word_1_423' title='bbox 3321 3054 3449 3106; x_wconf 87' lang='lat' dir='ltr'><strong>Pla-</strong></span> 
     </span>
    </p>
   </div>
   <div class='ocr_carea' id='block_1_61' title="bbox 1886 3146 3447 3214">
    <p class='ocr_par' dir='ltr' id='par_1_61' title="bbox 1886 3146 3447 3214">
     <span class='ocr_line' id='line_1_61' title="bbox 1886 3146 3447 3214; baseline -0.003 -13"><span class='ocrx_word' id='word_1_424' title='bbox 1886 3159 2089 3211; x_wconf 89' lang='lat' dir='ltr'><strong>tonem,</strong></span> <span class='ocrx_word' id='word_1_425' title='bbox 2157 3147 2421 3202; x_wconf 84' lang='lat' dir='ltr'><strong>Aristoois</strong></span> <span class='ocrx_word' id='word_1_426' title='bbox 2476 3146 2665 3200; x_wconf 88' lang='lat' dir='ltr'><strong>filium.</strong></span> <span class='ocrx_word' id='word_1_427' title='bbox 2704 3146 2884 3211; x_wconf 84' lang='lat' dir='ltr'><strong>Usque</strong></span> <span class='ocrx_word' id='word_1_428' title='bbox 2940 3148 3075 3199; x_wconf 90' lang='lat' dir='ltr'><strong>adeo</strong></span> <span class='ocrx_word' id='word_1_429' title='bbox 3118 3146 3447 3214; x_wconf 78' lang='lat' dir='ltr'><strong>voluptatein</strong></span> 
     </span>
    </p>
   </div>
   <div class='ocr_carea' id='block_1_62' title="bbox 205 3237 2080 3311">
    <p class='ocr_par' dir='ltr' id='par_1_62' title="bbox 205 3237 2080 3311">
     <span class='ocr_line' id='line_1_62' title="bbox 205 3237 2080 3311; baseline -0.001 -21"><span class='ocrx_word' id='word_1_430' title='bbox 205 3238 449 3306; x_wconf 70' lang='grc' dir='ltr'>ἀμοιϐὰς</span> <span class='ocrx_word' id='word_1_431' title='bbox 471 3238 633 3299; x_wconf 79' lang='grc' dir='ltr'>εὐθὺς</span> <span class='ocrx_word' id='word_1_432' title='bbox 658 3239 789 3306; x_wconf 77' lang='grc' dir='ltr'>ἡμῖν</span> <span class='ocrx_word' id='word_1_433' title='bbox 819 3239 1136 3290; x_wconf 83' lang='grc' dir='ltr'>ἀποδίδωσι.</span> <span class='ocrx_word' id='word_1_434' title='bbox 1171 3238 1418 3305; x_wconf 84' lang='grc' dir='ltr'>Γίγνεται</span> <span class='ocrx_word' id='word_1_435' title='bbox 1448 3237 1555 3307; x_wconf 81' lang='grc' dir='ltr'>γὰρ</span> <span class='ocrx_word' id='word_1_436' title='bbox 1584 3238 1782 3305; x_wconf 82' lang='grc' dir='ltr'>παραί-</span> <span class='ocrx_word' id='word_1_437' title='bbox 1812 3254 1855 3311; x_wconf 78' lang='lat' dir='ltr'>c</span> <span class='ocrx_word' id='word_1_438' title='bbox 1887 3243 2080 3296; x_wconf 70' lang='lat' dir='ltr'><strong>rebnst</strong></span> 
     </span>
    </p>
   </div>
   <div class='ocr_carea' id='block_1_63' title="bbox 1571 3237 3446 3311">
    <p class='ocr_par' dir='ltr' id='par_1_63' title="bbox 1584 3237 3446 3311">
     <span class='ocr_line' id='line_1_63' title="bbox 1584 3237 3446 3311; baseline -0.004 -15"><span class='ocrx_word' id='word_1_439' title='bbox 1584 3238 1782 3305; x_wconf 69' lang='grc' dir='ltr'>παραί-</span> <span class='ocrx_word' id='word_1_440' title='bbox 1812 3254 1855 3311; x_wconf 81' lang='lat' dir='ltr'>c</span> <span class='ocrx_word' id='word_1_441' title='bbox 1887 3243 2051 3296; x_wconf 84' lang='lat' dir='ltr'><strong>rebus</strong></span> <span class='ocrx_word' id='word_1_442' title='bbox 2072 3241 2325 3295; x_wconf 88' lang='lat' dir='ltr'><strong>omnibus</strong></span> <span class='ocrx_word' id='word_1_443' title='bbox 2356 3249 2573 3305; x_wconf 78' lang='lat' dir='ltr'><strong>superat</strong></span> <span class='ocrx_word' id='word_1_444' title='bbox 2607 3238 2782 3291; x_wconf 91' lang='lat' dir='ltr'><strong>dolor.</strong></span> <span class='ocrx_word' id='word_1_445' title='bbox 2817 3237 3034 3292; x_wconf 82' lang='lat' dir='ltr'><strong>Necnon</strong></span> <span class='ocrx_word' id='word_1_446' title='bbox 3071 3238 3331 3303; x_wconf 82' lang='lat' dir='ltr'><strong>universi,</strong></span> <span class='ocrx_word' id='word_1_447' title='bbox 3357 3238 3446 3305; x_wconf 88' lang='lat' dir='ltr'><strong>qui</strong></span> 
     </span>
    </p>
   </div>
   <div class='ocr_carea' id='block_1_64' title="bbox 204 3330 1780 3401">
    <p class='ocr_par' dir='ltr' id='par_1_64' title="bbox 204 3330 1780 3401">
     <span class='ocr_line' id='line_1_64' title="bbox 204 3330 1780 3401; baseline -0.003 -17"><span class='ocrx_word' id='word_1_448' title='bbox 204 3348 326 3392; x_wconf 88' lang='grc' dir='ltr'>τιος</span> <span class='ocrx_word' id='word_1_449' title='bbox 353 3330 447 3382; x_wconf 72' lang='grc' dir='ltr'><strong>καὶ</strong></span> <span class='ocrx_word' id='word_1_450' title='bbox 476 3331 675 3397; x_wconf 77' lang='grc' dir='ltr'>φθόνου</span> <span class='ocrx_word' id='word_1_451' title='bbox 705 3331 859 3401; x_wconf 82' lang='grc' dir='ltr'>παρὰ</span> <span class='ocrx_word' id='word_1_452' title='bbox 903 3332 1010 3384; x_wconf 87' lang='grc' dir='ltr'><strong>τῶν</strong></span> <span class='ocrx_word' id='word_1_453' title='bbox 1044 3331 1240 3395; x_wconf 82' lang='grc' dir='ltr'>ἀλλων,</span> <span class='ocrx_word' id='word_1_454' title='bbox 1302 3333 1394 3383; x_wconf 75' lang='grc' dir='ltr'><strong>καὶ</strong></span> <span class='ocrx_word' id='word_1_455' title='bbox 1460 3333 1780 3399; x_wconf 78' lang='grc' dir='ltr'>νοσημάτων</span> 
     </span>
    </p>
   </div>
   <div class='ocr_carea' id='block_1_65' title="bbox 206 3422 1780 3493">
    <p class='ocr_par' dir='ltr' id='par_1_65' title="bbox 206 3422 1780 3493">
     <span class='ocr_line' id='line_1_65' title="bbox 206 3422 1780 3493; baseline -0.001 -20"><span class='ocrx_word' id='word_1_456' title='bbox 206 3426 348 3491; x_wconf 80' lang='grc' dir='ltr'>ἡμῖν</span> <span class='ocrx_word' id='word_1_457' title='bbox 381 3422 659 3487; x_wconf 81' lang='grc' dir='ltr'>πολλάκις,</span> <span class='ocrx_word' id='word_1_458' title='bbox 718 3425 816 3476; x_wconf 78' lang='grc' dir='ltr'>καὶ</span> <span class='ocrx_word' id='word_1_459' title='bbox 841 3423 909 3475; x_wconf 82' lang='grc' dir='ltr'>τὰ</span> <span class='ocrx_word' id='word_1_460' title='bbox 971 3424 1137 3493; x_wconf 80' lang='grc' dir='ltr'>μυρία</span> <span class='ocrx_word' id='word_1_461' title='bbox 1166 3424 1333 3476; x_wconf 83' lang='grc' dir='ltr'>δεινά.</span> <span class='ocrx_word' id='word_1_462' title='bbox 1368 3425 1442 3476; x_wconf 86' lang='grc' dir='ltr'><strong>Οὐ</strong></span> <span class='ocrx_word' id='word_1_463' title='bbox 1480 3424 1589 3492; x_wconf 69' lang='grc' dir='ltr'><strong>γὰρ</strong></span> <span class='ocrx_word' id='word_1_464' title='bbox 1646 3423 1780 3490; x_wconf 74' lang='grc' dir='ltr'>πρὸς</span> 
     </span>
    </p>
   </div>
   <div class='ocr_carea' id='block_1_66' title="bbox 206 3516 1781 3585">
    <p class='ocr_par' dir='ltr' id='par_1_66' title="bbox 206 3516 1781 3585">
     <span class='ocr_line' id='line_1_66' title="bbox 206 3516 1781 3585; baseline 0 -18"><span class='ocrx_word' id='word_1_465' title='bbox 206 3518 273 3567; x_wconf 74' lang='grc' dir='ltr'>τὸ</span> <span class='ocrx_word' id='word_1_466' title='bbox 298 3516 574 3584; x_wconf 77' lang='grc' dir='ltr'>βέλτιστον</span> <span class='ocrx_word' id='word_1_467' title='bbox 606 3518 818 3585; x_wconf 74' lang='grc' dir='ltr'>ἀφορᾷν</span> <span class='ocrx_word' id='word_1_468' title='bbox 881 3517 1033 3584; x_wconf 85' lang='grc' dir='ltr'>ἡμᾶς</span> <span class='ocrx_word' id='word_1_469' title='bbox 1081 3516 1336 3577; x_wconf 81' lang='grc' dir='ltr'>συνωθεῖ,</span> <span class='ocrx_word' id='word_1_470' title='bbox 1368 3516 1505 3567; x_wconf 79' lang='grc' dir='ltr'>ἀλλὰ</span> <span class='ocrx_word' id='word_1_471' title='bbox 1547 3517 1683 3585; x_wconf 82' lang='grc' dir='ltr'>πρὸς</span> <span class='ocrx_word' id='word_1_472' title='bbox 1721 3516 1781 3567; x_wconf 83' lang='grc' dir='ltr'><strong>τὸ</strong></span> 
     </span>
    </p>
   </div>
   <div class='ocr_carea' id='block_1_67' title="bbox 207 3604 1781 3673">
    <p class='ocr_par' dir='ltr' id='par_1_67' title="bbox 207 3604 1781 3673">
     <span class='ocr_line' id='line_1_67' title="bbox 207 3604 1781 3673; baseline 0 -16"><span class='ocrx_word' id='word_1_473' title='bbox 207 3605 412 3671; x_wconf 84' lang='grc' dir='ltr'>θέλγον</span> <span class='ocrx_word' id='word_1_474' title='bbox 440 3605 648 3667; x_wconf 81' lang='grc' dir='ltr'>ἁπλῶς.</span> <span class='ocrx_word' id='word_1_475' title='bbox 682 3604 933 3657; x_wconf 68' lang='grc' dir='ltr'>Τοσαῦτα</span> <span class='ocrx_word' id='word_1_476' title='bbox 962 3622 1021 3656; x_wconf 88' lang='grc' dir='ltr'><strong>τε</strong></span> <span class='ocrx_word' id='word_1_477' title='bbox 1079 3606 1174 3656; x_wconf 78' lang='grc' dir='ltr'>καὶ</span> <span class='ocrx_word' id='word_1_478' title='bbox 1228 3604 1400 3656; x_wconf 88' lang='grc' dir='ltr'>πλείω</span> <span class='ocrx_word' id='word_1_479' title='bbox 1428 3606 1590 3673; x_wconf 84' lang='grc' dir='ltr'>τυχὸν</span> <span class='ocrx_word' id='word_1_480' title='bbox 1630 3606 1781 3666; x_wconf 68' lang='grc' dir='ltr'>παρὰ</span> 
     </span>
    </p>
   </div>
   <div class='ocr_carea' id='block_1_68' title="bbox 204 3694 1783 3765">
    <p class='ocr_par' dir='ltr' id='par_1_68' title="bbox 204 3694 1783 3765">
     <span class='ocr_line' id='line_1_68' title="bbox 204 3694 1783 3765; baseline -0.002 -17"><span class='ocrx_word' id='word_1_481' title='bbox 204 3697 326 3748; x_wconf 85' lang='grc' dir='ltr'><strong>τῶν</strong></span> <span class='ocrx_word' id='word_1_482' title='bbox 354 3696 566 3757; x_wconf 72' lang='grc' dir='ltr'>πολλοῖς</span> <span class='ocrx_word' id='word_1_483' title='bbox 593 3713 703 3747; x_wconf 82' lang='grc' dir='ltr'>τισι</span> <span class='ocrx_word' id='word_1_484' title='bbox 738 3695 921 3765; x_wconf 72' lang='grc' dir='ltr'>βέλεσι</span> <span class='ocrx_word' id='word_1_485' title='bbox 960 3694 1306 3765; x_wconf 77' lang='grc' dir='ltr'>βεϐλημένων</span> <span class='ocrx_word' id='word_1_486' title='bbox 1334 3695 1424 3762; x_wconf 80' lang='grc' dir='ltr'><strong>ὑφ’</strong></span> <span class='ocrx_word' id='word_1_487' title='bbox 1449 3696 1641 3765; x_wconf 76' lang='grc' dir='ltr'>ἡδονῆς</span> <span class='ocrx_word' id='word_1_488' title='bbox 1669 3695 1783 3746; x_wconf 86' lang='grc' dir='ltr'>δια-</span> 
     </span>
    </p>
   </div>
   <div class='ocr_carea' id='block_1_69' title="bbox 208 3785 1780 3854">
    <p class='ocr_par' dir='ltr' id='par_1_69' title="bbox 208 3785 1780 3854">
     <span class='ocr_line' id='line_1_69' title="bbox 208 3785 1780 3854; baseline -0.003 -15"><span class='ocrx_word' id='word_1_489' title='bbox 208 3787 527 3839; x_wconf 80' lang='grc' dir='ltr'>ίαλλόντων</span> <span class='ocrx_word' id='word_1_490' title='bbox 557 3786 727 3854; x_wconf 78' lang='grc' dir='ltr'>αὐτὴν</span> <span class='ocrx_word' id='word_1_491' title='bbox 758 3786 905 3837; x_wconf 82' lang='grc' dir='ltr'>ἐστιν</span> <span class='ocrx_word' id='word_1_492' title='bbox 940 3785 1161 3839; x_wconf 84' lang='grc' dir='ltr'>ἀκούειν</span> <span class='ocrx_word' id='word_1_493' title='bbox 1191 3801 1201 3815; x_wconf 90' lang='lat'><strong>&#39;</strong></span> <span class='ocrx_word' id='word_1_494' title='bbox 1258 3785 1308 3837; x_wconf 84' lang='grc' dir='ltr'>οἳ</span> <span class='ocrx_word' id='word_1_495' title='bbox 1341 3786 1465 3847; x_wconf 73' lang='grc' dir='ltr'>τοὺς</span> <span class='ocrx_word' id='word_1_496' title='bbox 1507 3786 1780 3846; x_wconf 79' lang='grc' dir='ltr'>ἐναντίους</span> 
     </span>
    </p>
   </div>
   <div class='ocr_carea' id='block_1_70' title="bbox 206 3875 1779 3944">
    <p class='ocr_par' dir='ltr' id='par_1_70' title="bbox 206 3875 1779 3944">
     <span class='ocr_line' id='line_1_70' title="bbox 206 3875 1779 3944; baseline -0.006 -11"><span class='ocrx_word' id='word_1_497' title='bbox 206 3878 508 3940; x_wconf 81' lang='grc' dir='ltr'>ἀκούοντες</span> <span class='ocrx_word' id='word_1_498' title='bbox 541 3878 750 3944; x_wconf 83' lang='grc' dir='ltr'>λόγους,</span> <span class='ocrx_word' id='word_1_499' title='bbox 766 3876 1106 3938; x_wconf 86' lang='grc' dir='ltr'>παντοδαπὰς</span> <span class='ocrx_word' id='word_1_500' title='bbox 1136 3878 1436 3944; x_wconf 77' lang='grc' dir='ltr'>ἐπάγουσιν</span> <span class='ocrx_word' id='word_1_501' title='bbox 1458 3875 1779 3937; x_wconf 81' lang='grc' dir='ltr'>ἀντιθέσεις,</span> 
     </span>
    </p>
   </div>
   <div class='ocr_carea' id='block_1_71' title="bbox 204 3967 1779 4042">
    <p class='ocr_par' dir='ltr' id='par_1_71' title="bbox 204 3967 1779 4042">
     <span class='ocr_line' id='line_1_71' title="bbox 204 3967 1779 4042; baseline -0.005 -18"><span class='ocrx_word' id='word_1_502' title='bbox 204 3970 686 4042; x_wconf 80' lang='grc' dir='ltr'>τυραννικώτατον</span> <span class='ocrx_word' id='word_1_503' title='bbox 722 3970 893 4030; x_wconf 80' lang='grc' dir='ltr'>πάθος</span> <span class='ocrx_word' id='word_1_504' title='bbox 954 3969 1123 4037; x_wconf 82' lang='grc' dir='ltr'>αὐτὴν</span> <span class='ocrx_word' id='word_1_505' title='bbox 1169 3967 1479 4029; x_wconf 78' lang='grc' dir='ltr'>καλοῦντες.</span> <span class='ocrx_word' id='word_1_506' title='bbox 1513 3970 1606 4017; x_wconf 84' lang='grc' dir='ltr'><strong>καὶ</strong></span> <span class='ocrx_word' id='word_1_507' title='bbox 1644 3983 1779 4018; x_wconf 89' lang='grc' dir='ltr'>παν-</span> 
     </span>
    </p>
   </div>
   <div class='ocr_carea' id='block_1_72' title="bbox 204 4057 1780 4131">
    <p class='ocr_par' dir='ltr' id='par_1_72' title="bbox 204 4057 1780 4131">
     <span class='ocr_line' id='line_1_72' title="bbox 204 4057 1780 4131; baseline -0.005 -15"><span class='ocrx_word' id='word_1_508' title='bbox 204 4064 443 4116; x_wconf 68' lang='grc' dir='ltr'>τοδαπὸν</span> <span class='ocrx_word' id='word_1_509' title='bbox 470 4061 681 4131; x_wconf 76' lang='grc' dir='ltr'>θηρίον,</span> <span class='ocrx_word' id='word_1_510' title='bbox 717 4062 811 4114; x_wconf 79' lang='grc' dir='ltr'>καὶ</span> <span class='ocrx_word' id='word_1_511' title='bbox 848 4061 966 4129; x_wconf 70' lang='grc' dir='ltr'><strong>ἅμα</strong></span> <span class='ocrx_word' id='word_1_512' title='bbox 991 4058 1216 4128; x_wconf 79' lang='grc' dir='ltr'>ὕφαλον,</span> <span class='ocrx_word' id='word_1_513' title='bbox 1253 4059 1327 4121; x_wconf 85' lang='grc' dir='ltr'>ὼς</span> <span class='ocrx_word' id='word_1_514' title='bbox 1356 4059 1465 4111; x_wconf 77' lang='grc' dir='ltr'>οὐδ’</span> <span class='ocrx_word' id='word_1_515' title='bbox 1498 4058 1564 4111; x_wconf 84' lang='grc' dir='ltr'>ἂν</span> <span class='ocrx_word' id='word_1_516' title='bbox 1595 4057 1651 4109; x_wconf 81' lang='grc' dir='ltr'>ἓν</span> <span class='ocrx_word' id='word_1_517' title='bbox 1673 4059 1780 4109; x_wconf 85' lang='grc' dir='ltr'><strong>τῶν</strong></span> 
     </span>
    </p>
   </div>
   <div class='ocr_carea' id='block_1_73' title="bbox 205 4145 1781 4220">
    <p class='ocr_par' dir='ltr' id='par_1_73' title="bbox 205 4145 1781 4220">
     <span class='ocr_line' id='line_1_73' title="bbox 205 4145 1781 4220; baseline -0.006 -11"><span class='ocrx_word' id='word_1_518' title='bbox 205 4156 495 4210; x_wconf 76' lang='grc' dir='ltr'>ἁπάντων.</span> <span class='ocrx_word' id='word_1_519' title='bbox 533 4152 717 4213; x_wconf 87' lang='grc' dir='ltr'>Δόλοις</span> <span class='ocrx_word' id='word_1_520' title='bbox 755 4153 865 4220; x_wconf 80' lang='grc' dir='ltr'>γὰρ</span> <span class='ocrx_word' id='word_1_521' title='bbox 892 4152 1005 4204; x_wconf 75' lang='lat' dir='ltr'><strong>alet</strong></span> <span class='ocrx_word' id='word_1_522' title='bbox 1029 4152 1233 4220; x_wconf 83' lang='grc' dir='ltr'>χαίρει,</span> <span class='ocrx_word' id='word_1_523' title='bbox 1265 4152 1322 4204; x_wconf 87' lang='grc' dir='ltr'><strong>ἐν</strong></span> <span class='ocrx_word' id='word_1_524' title='bbox 1347 4145 1428 4213; x_wconf 74' lang='grc' dir='ltr'>οἷς</span> <span class='ocrx_word' id='word_1_525' title='bbox 1451 4152 1544 4203; x_wconf 77' lang='grc' dir='ltr'><strong>καὶ</strong></span> <span class='ocrx_word' id='word_1_526' title='bbox 1580 4150 1781 4218; x_wconf 86' lang='grc' dir='ltr'>μᾶλλον</span> 
     </span>
    </p>
   </div>
   <div class='ocr_carea' id='block_1_74' title="bbox 206 4241 1781 4315">
    <p class='ocr_par' dir='ltr' id='par_1_74' title="bbox 206 4241 1781 4315">
     <span class='ocr_line' id='line_1_74' title="bbox 206 4241 1781 4315; baseline -0.006 -14"><span class='ocrx_word' id='word_1_527' title='bbox 206 4249 352 4301; x_wconf 80' lang='grc' dir='ltr'>πᾶσι</span> <span class='ocrx_word' id='word_1_528' title='bbox 405 4244 730 4315; x_wconf 77' lang='grc' dir='ltr'>λυμαίνεται</span> <span class='ocrx_word' id='word_1_529' title='bbox 757 4260 773 4275; x_wconf 75' lang='grc' dir='ltr'><strong>ο</strong></span> <span class='ocrx_word' id='word_1_530' title='bbox 833 4243 1077 4313; x_wconf 79' lang='grc' dir='ltr'>ὡσπερεὶ</span> <span class='ocrx_word' id='word_1_531' title='bbox 1124 4244 1232 4312; x_wconf 83' lang='grc' dir='ltr'>γὰρ</span> <span class='ocrx_word' id='word_1_532' title='bbox 1276 4241 1781 4311; x_wconf 75' lang='grc' dir='ltr'>διαζωγραφοῦντες</span> 
     </span>
    </p>
   </div>
   <div class='ocr_carea' id='block_1_75' title="bbox 207 4335 1779 4409">
    <p class='ocr_par' dir='ltr' id='par_1_75' title="bbox 207 4335 1779 4409">
     <span class='ocr_line' id='line_1_75' title="bbox 207 4335 1779 4409; baseline -0.003 -17"><span class='ocrx_word' id='word_1_533' title='bbox 207 4340 404 4409; x_wconf 83' lang='grc' dir='ltr'>αὐτὴν,</span> <span class='ocrx_word' id='word_1_534' title='bbox 492 4337 834 4399; x_wconf 82' lang='grc' dir='ltr'>Ὕποδύεται,</span> <span class='ocrx_word' id='word_1_535' title='bbox 891 4336 1047 4403; x_wconf 72' lang='grc' dir='ltr'>φασὶ,</span> <span class='ocrx_word' id='word_1_536' title='bbox 1111 4335 1171 4387; x_wconf 85' lang='grc' dir='ltr'><strong>τδ</strong></span> <span class='ocrx_word' id='word_1_537' title='bbox 1228 4338 1576 4405; x_wconf 79' lang='grc' dir='ltr'>προσωπεῖον</span> <span class='ocrx_word' id='word_1_538' title='bbox 1637 4335 1779 4387; x_wconf 83' lang='grc' dir='ltr'>πάνυ</span> 
     </span>
    </p>
   </div>
   <div class='ocr_carea' id='block_1_76' title="bbox 204 4425 1781 4488">
    <p class='ocr_par' dir='ltr' id='par_1_76' title="bbox 204 4425 1781 4488">
     <span class='ocr_line' id='line_1_76' title="bbox 204 4425 1781 4488; baseline -0.006 -3"><span class='ocrx_word' id='word_1_539' title='bbox 204 4433 398 4485; x_wconf 76' lang='grc' dir='ltr'>πυκνὰ</span> <span class='ocrx_word' id='word_1_540' title='bbox 446 4429 539 4482; x_wconf 89' lang='grc' dir='ltr'><strong>τοῦ</strong></span> <span class='ocrx_word' id='word_1_541' title='bbox 571 4428 736 4482; x_wconf 81' lang='grc' dir='ltr'>καλοῦ</span> <span class='ocrx_word' id='word_1_542' title='bbox 773 4445 832 4479; x_wconf 87' lang='grc' dir='ltr'><strong>τε</strong></span> <span class='ocrx_word' id='word_1_543' title='bbox 878 4429 971 4479; x_wconf 74' lang='grc' dir='ltr'>καὶ</span> <span class='ocrx_word' id='word_1_544' title='bbox 1031 4428 1384 4488; x_wconf 80' lang='grc' dir='ltr'>συνοίσοντος.</span> <span class='ocrx_word' id='word_1_545' title='bbox 1449 4427 1556 4477; x_wconf 78' lang='grc' dir='ltr'><strong>Καὶ</strong></span> <span class='ocrx_word' id='word_1_546' title='bbox 1600 4425 1652 4477; x_wconf 90' lang='grc' dir='ltr'><strong>τί</strong></span> <span class='ocrx_word' id='word_1_547' title='bbox 1714 4425 1781 4477; x_wconf 84' lang='grc' dir='ltr'>ἂν</span> 
     </span>
    </p>
   </div>
   <div class='ocr_carea' id='block_1_77' title="bbox 204 4514 1780 4589">
    <p class='ocr_par' dir='ltr' id='par_1_77' title="bbox 204 4514 1780 4589">
     <span class='ocr_line' id='line_1_77' title="bbox 204 4514 1780 4589; baseline -0.007 -13"><span class='ocrx_word' id='word_1_548' title='bbox 204 4524 434 4589; x_wconf 79' lang='grc' dir='ltr'>πρῶτον</span> <span class='ocrx_word' id='word_1_549' title='bbox 463 4521 709 4589; x_wconf 75' lang='grc' dir='ltr'>εἴποιμεν</span> <span class='ocrx_word' id='word_1_550' title='bbox 733 4535 750 4583; x_wconf 87' lang='lat'><strong>;</strong></span> <span class='ocrx_word' id='word_1_551' title='bbox 774 4519 825 4569; x_wconf 89' lang='grc' dir='ltr'><strong>τί</strong></span> <span class='ocrx_word' id='word_1_552' title='bbox 853 4518 912 4569; x_wconf 83' lang='grc' dir='ltr'><strong>δέ</strong></span> <span class='ocrx_word' id='word_1_553' title='bbox 963 4516 1196 4571; x_wconf 71' lang='grc' dir='ltr'>ὕστατον</span> <span class='ocrx_word' id='word_1_554' title='bbox 1226 4518 1314 4582; x_wconf 73' lang='grc' dir='ltr'><strong>ςτί</strong></span> <span class='ocrx_word' id='word_1_555' title='bbox 1360 4517 1417 4570; x_wconf 87' lang='grc' dir='ltr'><strong>δέ</strong></span> <span class='ocrx_word' id='word_1_556' title='bbox 1466 4518 1628 4586; x_wconf 78' lang='grc' dir='ltr'>μέσον</span> <span class='ocrx_word' id='word_1_557' title='bbox 1669 4514 1780 4567; x_wconf 86' lang='grc' dir='ltr'><strong>τῶν</strong></span> 
     </span>
    </p>
   </div>
   <div class='ocr_carea' id='block_1_78' title="bbox 1888 3330 3448 3397">
    <p class='ocr_par' dir='ltr' id='par_1_78' title="bbox 1888 3330 3448 3397">
     <span class='ocr_line' id='line_1_78' title="bbox 1888 3330 3448 3397; baseline -0.003 -11"><span class='ocrx_word' id='word_1_558' title='bbox 1888 3334 2189 3386; x_wconf 85' lang='lat' dir='ltr'><strong>molliorem</strong></span> <span class='ocrx_word' id='word_1_559' title='bbox 2222 3338 2385 3384; x_wconf 83' lang='lat' dir='ltr'><strong>vitam</strong></span> <span class='ocrx_word' id='word_1_560' title='bbox 2420 3331 2694 3397; x_wconf 73' lang='lat' dir='ltr'><strong>eligimus.</strong></span> <span class='ocrx_word' id='word_1_561' title='bbox 2742 3332 3041 3397; x_wconf 88' lang='lat' dir='ltr'><strong>impostnra</strong></span> <span class='ocrx_word' id='word_1_562' title='bbox 3075 3330 3311 3394; x_wconf 85' lang='lat' dir='ltr'><strong>quadam</strong></span> <span class='ocrx_word' id='word_1_563' title='bbox 3365 3330 3448 3381; x_wconf 80' lang='lat' dir='ltr'><strong>lu-</strong></span> 
     </span>
    </p>
   </div>
   <div class='ocr_carea' id='block_1_79' title="bbox 1889 3422 3449 3491">
    <p class='ocr_par' dir='ltr' id='par_1_79' title="bbox 1889 3422 3449 3491">
     <span class='ocr_line' id='line_1_79' title="bbox 1889 3422 3449 3491; baseline -0.004 -14"><span class='ocrx_word' id='word_1_564' title='bbox 1889 3426 2113 3489; x_wconf 86' lang='lat' dir='ltr'><strong>dificati,</strong></span> <span class='ocrx_word' id='word_1_565' title='bbox 2132 3425 2233 3476; x_wconf 85' lang='lat' dir='ltr'><strong>alia</strong></span> <span class='ocrx_word' id='word_1_566' title='bbox 2274 3422 2490 3491; x_wconf 89' lang='lat' dir='ltr'><strong>quidem</strong></span> <span class='ocrx_word' id='word_1_567' title='bbox 2516 3423 2919 3490; x_wconf 64' lang='lat' dir='ltr'><strong>persequimur,</strong></span> <span class='ocrx_word' id='word_1_568' title='bbox 2939 3432 2992 3474; x_wconf 91' lang='lat' dir='ltr'><strong>at</strong></span> <span class='ocrx_word' id='word_1_569' title='bbox 3029 3422 3150 3475; x_wconf 90' lang='lat' dir='ltr'><strong>aliis</strong></span> <span class='ocrx_word' id='word_1_570' title='bbox 3179 3425 3449 3488; x_wconf 84' lang='lat' dir='ltr'><strong>capimur.</strong></span> 
     </span>
    </p>
   </div>
   <div class='ocr_carea' id='block_1_80' title="bbox 1889 3513 3449 3584">
    <p class='ocr_par' dir='ltr' id='par_1_80' title="bbox 1889 3513 3449 3584">
     <span class='ocr_line' id='line_1_80' title="bbox 1889 3513 3449 3584; baseline -0.004 -14"><span class='ocrx_word' id='word_1_571' title='bbox 1889 3520 1939 3570; x_wconf 91' lang='lat' dir='ltr'><strong>id</strong></span> <span class='ocrx_word' id='word_1_572' title='bbox 1966 3518 2110 3584; x_wconf 89' lang='lat' dir='ltr'><strong>quod</strong></span> <span class='ocrx_word' id='word_1_573' title='bbox 2148 3517 2395 3569; x_wconf 84' lang='lat' dir='ltr'><strong>accidere</strong></span> <span class='ocrx_word' id='word_1_574' title='bbox 2416 3516 2658 3566; x_wconf 82' lang='lat' dir='ltr'><strong>videmus</strong></span> <span class='ocrx_word' id='word_1_575' title='bbox 2698 3516 2747 3566; x_wconf 91' lang='lat' dir='ltr'><strong>in</strong></span> <span class='ocrx_word' id='word_1_576' title='bbox 2779 3514 3085 3581; x_wconf 84' lang='lat' dir='ltr'><strong>piscatione</strong></span> <span class='ocrx_word' id='word_1_577' title='bbox 3138 3513 3344 3580; x_wconf 61' lang='lat' dir='ltr'><strong>gulosis</strong></span> <span class='ocrx_word' id='word_1_578' title='bbox 3396 3528 3449 3565; x_wconf 87' lang='lat' dir='ltr'><strong>ct</strong></span> 
     </span>
    </p>
   </div>
   <div class='ocr_carea' id='block_1_81' title="bbox 1888 3606 3450 3675">
    <p class='ocr_par' dir='ltr' id='par_1_81' title="bbox 1888 3606 3450 3675">
     <span class='ocr_line' id='line_1_81' title="bbox 1888 3606 3450 3675; baseline -0.003 -15"><span class='ocrx_word' id='word_1_579' title='bbox 1888 3609 2056 3661; x_wconf 87' lang='lat' dir='ltr'><strong>avidi‘s</strong></span> <span class='ocrx_word' id='word_1_580' title='bbox 2108 3607 2429 3675; x_wconf 83' lang='lat' dir='ltr'><strong>quihusdam</strong></span> <span class='ocrx_word' id='word_1_581' title='bbox 2461 3606 2744 3672; x_wconf 81' lang='lat' dir='ltr'><strong>piscibus:</strong></span> <span class='ocrx_word' id='word_1_582' title='bbox 2776 3607 2976 3659; x_wconf 85' lang='lat' dir='ltr'><strong>etenim</strong></span> <span class='ocrx_word' id='word_1_583' title='bbox 3036 3607 3158 3659; x_wconf 89' lang='lat' dir='ltr'><strong>cibo</strong></span> <span class='ocrx_word' id='word_1_584' title='bbox 3217 3607 3450 3659; x_wconf 84' lang='lat' dir='ltr'><strong>delicato</strong></span> 
     </span>
    </p>
   </div>
   <div class='ocr_carea' id='block_1_82' title="bbox 1887 3697 3452 3766">
    <p class='ocr_par' dir='ltr' id='par_1_82' title="bbox 1887 3697 3452 3766">
     <span class='ocr_line' id='line_1_82' title="bbox 1887 3697 3452 3766; baseline -0.003 -14"><span class='ocrx_word' id='word_1_585' title='bbox 1887 3711 1934 3752; x_wconf 91' lang='lat' dir='ltr'><strong>et</strong></span> <span class='ocrx_word' id='word_1_586' title='bbox 1962 3715 2022 3753; x_wconf 90' lang='lat' dir='ltr'><strong>os</strong></span> <span class='ocrx_word' id='word_1_587' title='bbox 2059 3710 2109 3751; x_wconf 85' lang='lat' dir='ltr'><strong>et</strong></span> <span class='ocrx_word' id='word_1_588' title='bbox 2146 3699 2322 3765; x_wconf 78' lang='lat' dir='ltr'><strong>gulam</strong></span> <span class='ocrx_word' id='word_1_589' title='bbox 2347 3698 2621 3751; x_wconf 86' lang='lat' dir='ltr'><strong>oblectare</strong></span> <span class='ocrx_word' id='word_1_590' title='bbox 2646 3698 2857 3760; x_wconf 86' lang='lat' dir='ltr'><strong>volunt,</strong></span> <span class='ocrx_word' id='word_1_591' title='bbox 2910 3697 3003 3751; x_wconf 89' lang='lat' dir='ltr'><strong>sed</strong></span> <span class='ocrx_word' id='word_1_592' title='bbox 3038 3698 3153 3750; x_wconf 85' lang='lat' dir='ltr'><strong>vice</strong></span> <span class='ocrx_word' id='word_1_593' title='bbox 3171 3712 3326 3750; x_wconf 89' lang='lat' dir='ltr'><strong>versa</strong></span> <span class='ocrx_word' id='word_1_594' title='bbox 3355 3713 3452 3766; x_wconf 67' lang='lat' dir='ltr'><strong>grt-</strong></span> 
     </span>
    </p>
   </div>
   <div class='ocr_carea' id='block_1_83' title="bbox 1887 3788 3444 3857">
    <p class='ocr_par' dir='ltr' id='par_1_83' title="bbox 1887 3788 3444 3857">
     <span class='ocr_line' id='line_1_83' title="bbox 1887 3788 3444 3857; baseline -0.003 -15"><span class='ocrx_word' id='word_1_595' title='bbox 1887 3790 1990 3842; x_wconf 85' lang='lat' dir='ltr'><strong>lam</strong></span> <span class='ocrx_word' id='word_1_596' title='bbox 2039 3790 2257 3857; x_wconf 68' lang='lat' dir='ltr'><strong>adigunt</strong></span> <span class='ocrx_word' id='word_1_597' title='bbox 2282 3788 2464 3841; x_wconf 84' lang='lat' dir='ltr'><strong>hamo.</strong></span> <span class='ocrx_word' id='word_1_598' title='bbox 2497 3788 2803 3855; x_wconf 83' lang='lat' dir='ltr'><strong>Tantopere</strong></span> <span class='ocrx_word' id='word_1_599' title='bbox 2838 3788 2994 3841; x_wconf 89' lang='lat' dir='ltr'><strong>nobis</strong></span> <span class='ocrx_word' id='word_1_600' title='bbox 3052 3788 3325 3841; x_wconf 82' lang='lat' dir='ltr'><strong>diversam</strong></span> <span class='ocrx_word' id='word_1_601' title='bbox 3394 3789 3444 3838; x_wconf 93' lang='lat' dir='ltr'><strong>in</strong></span> 
     </span>
    </p>
   </div>
   <div class='ocr_carea' id='block_1_84' title="bbox 1886 3878 3444 3951">
    <p class='ocr_par' dir='ltr' id='par_1_84' title="bbox 1886 3878 3444 3951">
     <span class='ocr_line' id='line_1_84' title="bbox 1886 3878 3444 3951; baseline -0.002 -18"><span class='ocrx_word' id='word_1_602' title='bbox 1886 3894 2094 3951; x_wconf 81' lang='lat' dir='ltr'><strong>partem</strong></span> <span class='ocrx_word' id='word_1_603' title='bbox 2140 3881 2389 3946; x_wconf 86' lang='lat' dir='ltr'><strong>voluptas</strong></span> <span class='ocrx_word' id='word_1_604' title='bbox 2446 3880 2655 3931; x_wconf 82' lang='lat' dir='ltr'><strong>recidit.</strong></span> <span class='ocrx_word' id='word_1_605' title='bbox 2713 3878 2804 3932; x_wconf 90' lang='lat' dir='ltr'><strong>Sic</strong></span> <span class='ocrx_word' id='word_1_606' title='bbox 2846 3894 2938 3946; x_wconf 89' lang='lat' dir='ltr'><strong>per</strong></span> <span class='ocrx_word' id='word_1_607' title='bbox 2978 3882 3159 3933; x_wconf 88' lang='lat' dir='ltr'><strong>omnia</strong></span> <span class='ocrx_word' id='word_1_608' title='bbox 3195 3879 3444 3933; x_wconf 77' lang='lat' dir='ltr'><strong>noxium</strong></span> 
     </span>
    </p>
   </div>
   <div class='ocr_carea' id='block_1_85' title="bbox 1886 3973 3447 4040">
    <p class='ocr_par' dir='ltr' id='par_1_85' title="bbox 1886 3973 3447 4040">
     <span class='ocr_line' id='line_1_85' title="bbox 1886 3973 3447 4040; baseline -0.004 -11"><span class='ocrx_word' id='word_1_609' title='bbox 1886 3976 2041 4029; x_wconf 77' lang='lat' dir='ltr'><strong>nobis</strong></span> <span class='ocrx_word' id='word_1_610' title='bbox 2067 3983 2170 4038; x_wconf 83' lang='lat' dir='ltr'><strong>est,</strong></span> <span class='ocrx_word' id='word_1_611' title='bbox 2203 3973 2407 4025; x_wconf 83' lang='lat' dir='ltr'><strong>deliciis</strong></span> <span class='ocrx_word' id='word_1_612' title='bbox 2445 3973 2676 4025; x_wconf 87' lang='lat' dir='ltr'><strong>inhiare.</strong></span> <span class='ocrx_word' id='word_1_613' title='bbox 2745 3973 2919 4040; x_wconf 83' lang='lat' dir='ltr'><strong>Atque</strong></span> <span class='ocrx_word' id='word_1_614' title='bbox 2981 3975 3054 4025; x_wconf 88' lang='lat' dir='ltr'><strong>uti</strong></span> <span class='ocrx_word' id='word_1_615' title='bbox 3108 3988 3219 4025; x_wconf 88' lang='lat' dir='ltr'><strong>rem</strong></span> <span class='ocrx_word' id='word_1_616' title='bbox 3279 3980 3447 4024; x_wconf 89' lang='lat' dir='ltr'><strong>totam</strong></span> 
     </span>
    </p>
   </div>
   <div class='ocr_carea' id='block_1_86' title="bbox 1887 4065 3452 4135">
    <p class='ocr_par' dir='ltr' id='par_1_86' title="bbox 1887 4065 3452 4135">
     <span class='ocr_line' id='line_1_86' title="bbox 1887 4065 3452 4135; baseline -0.004 -14"><span class='ocrx_word' id='word_1_617' title='bbox 1887 4067 2153 4135; x_wconf 81' lang='lat' dir='ltr'><strong>aperiam,</strong></span> <span class='ocrx_word' id='word_1_618' title='bbox 2183 4065 2562 4133; x_wconf 84' lang='lat' dir='ltr'><strong>plerarumque</strong></span> <span class='ocrx_word' id='word_1_619' title='bbox 2600 4077 2761 4116; x_wconf 85' lang='lat' dir='ltr'><strong>causa</strong></span> <span class='ocrx_word' id='word_1_620' title='bbox 2830 4065 3164 4130; x_wconf 89' lang='lat' dir='ltr'><strong>voluptatum</strong></span> <span class='ocrx_word' id='word_1_621' title='bbox 3220 4066 3284 4116; x_wconf 89' lang='lat' dir='ltr'><strong>ad</strong></span> <span class='ocrx_word' id='word_1_622' title='bbox 3330 4080 3452 4131; x_wconf 85' lang='lat' dir='ltr'><strong>per-</strong></span> 
     </span>
    </p>
   </div>
   <div class='ocr_carea' id='block_1_87' title="bbox 1886 4152 3445 4226">
    <p class='ocr_par' dir='ltr' id='par_1_87' title="bbox 1886 4152 3445 4226">
     <span class='ocr_line' id='line_1_87' title="bbox 1886 4152 3445 4226; baseline -0.002 -17"><span class='ocrx_word' id='word_1_623' title='bbox 1886 4154 2200 4225; x_wconf 87' lang='lat' dir='ltr'><strong>petiendmn</strong></span> <span class='ocrx_word' id='word_1_624' title='bbox 2225 4154 2457 4222; x_wconf 79' lang='lat' dir='ltr'><strong>quidvis.</strong></span> <span class='ocrx_word' id='word_1_625' title='bbox 2495 4152 2783 4226; x_wconf 85' lang='lat' dir='ltr'><strong>omniaque</strong></span> <span class='ocrx_word' id='word_1_626' title='bbox 2810 4154 3181 4219; x_wconf 84' lang='lat' dir='ltr'><strong>suscipienda,</strong></span> <span class='ocrx_word' id='word_1_627' title='bbox 3214 4156 3445 4223; x_wconf 71' lang='lat' dir='ltr'><strong>promp&#39;i</strong></span> 
     </span>
    </p>
   </div>
   <div class='ocr_carea' id='block_1_88' title="bbox 1886 4245 3449 4314">
    <p class='ocr_par' dir='ltr' id='par_1_88' title="bbox 1886 4245 3449 4314">
     <span class='ocr_line' id='line_1_88' title="bbox 1886 4245 3449 4314; baseline -0.001 -13"><span class='ocrx_word' id='word_1_628' title='bbox 1886 4257 1941 4301; x_wconf 91' lang='lat' dir='ltr'><strong>et</strong></span> <span class='ocrx_word' id='word_1_629' title='bbox 1972 4246 2177 4301; x_wconf 88' lang='lat' dir='ltr'><strong>alacres</strong></span> <span class='ocrx_word' id='word_1_630' title='bbox 2209 4260 2393 4298; x_wconf 87' lang='lat' dir='ltr'><strong>sunms</strong></span> <span class='ocrx_word' id='word_1_631' title='bbox 2423 4259 2633 4309; x_wconf 89' lang='lat' dir='ltr'><strong>omnes,</strong></span> <span class='ocrx_word' id='word_1_632' title='bbox 2672 4258 2794 4297; x_wconf 91' lang='lat' dir='ltr'><strong>cum</strong></span> <span class='ocrx_word' id='word_1_633' title='bbox 2833 4260 2928 4312; x_wconf 85' lang='lat' dir='ltr'><strong>pro</strong></span> <span class='ocrx_word' id='word_1_634' title='bbox 2961 4245 3329 4314; x_wconf 75' lang='lat' dir='ltr'><strong>iisqme&#39;recta</strong></span> <span class='ocrx_word' id='word_1_635' title='bbox 3392 4265 3403 4293; x_wconf 86' lang='grc' dir='ltr'><strong>ι</strong></span> <span class='ocrx_word' id='word_1_636' title='bbox 3430 4256 3449 4300; x_wconf 82' lang='grc' dir='ltr'><strong>ι</strong></span> 
     </span>
    </p>
   </div>
   <div class='ocr_carea' id='block_1_89' title="bbox 1886 4336 3449 4405">
    <p class='ocr_par' dir='ltr' id='par_1_89' title="bbox 1886 4336 3449 4405">
     <span class='ocr_line' id='line_1_89' title="bbox 1886 4336 3449 4405; baseline -0.002 -14"><span class='ocrx_word' id='word_1_637' title='bbox 1886 4353 2034 4405; x_wconf 58' lang='lat' dir='ltr'><strong>aqua</strong></span> <span class='ocrx_word' id='word_1_638' title='bbox 2055 4345 2180 4390; x_wconf 89' lang='lat' dir='ltr'><strong>sunt</strong></span> <span class='ocrx_word' id='word_1_639' title='bbox 2210 4352 2275 4389; x_wconf 91' lang='lat' dir='ltr'><strong>ne</strong></span> <span class='ocrx_word' id='word_1_640' title='bbox 2306 4336 2578 4388; x_wconf 89' lang='lat' dir='ltr'><strong>tantillum</strong></span> <span class='ocrx_word' id='word_1_641' title='bbox 2620 4336 2837 4403; x_wconf 90' lang='lat' dir='ltr'><strong>quidem</strong></span> <span class='ocrx_word' id='word_1_642' title='bbox 2894 4338 3135 4404; x_wconf 64' lang='lat' dir='ltr'><strong>perferre</strong></span> <span class='ocrx_word' id='word_1_643' title='bbox 3177 4338 3449 4391; x_wconf 70' lang='lat' dir='ltr'><strong>sustinea-</strong></span> 
     </span>
    </p>
   </div>
   <div class='ocr_carea' id='block_1_90' title="bbox 1887 4426 3449 4496">
    <p class='ocr_par' dir='ltr' id='par_1_90' title="bbox 1887 4426 3449 4496">
     <span class='ocr_line' id='line_1_90' title="bbox 1887 4426 3449 4496; baseline 0.002 -16"><span class='ocrx_word' id='word_1_644' title='bbox 1887 4441 2029 4480; x_wconf 91' lang='lat' dir='ltr'><strong>mus.</strong></span> <span class='ocrx_word' id='word_1_645' title='bbox 2072 4426 2315 4493; x_wconf 87' lang='lat' dir='ltr'><strong>Denique</strong></span> <span class='ocrx_word' id='word_1_646' title='bbox 2340 4427 2382 4478; x_wconf 83' lang='lat' dir='ltr'><strong>si</strong></span> <span class='ocrx_word' id='word_1_647' title='bbox 2416 4426 2581 4477; x_wconf 87' lang='lat' dir='ltr'><strong>tantis</strong></span> <span class='ocrx_word' id='word_1_648' title='bbox 2642 4426 2906 4479; x_wconf 87' lang='lat' dir='ltr'><strong>molestiis</strong></span> <span class='ocrx_word' id='word_1_649' title='bbox 2957 4428 3232 4496; x_wconf 88' lang='lat' dir='ltr'><strong>tantisque</strong></span> <span class='ocrx_word' id='word_1_650' title='bbox 3290 4430 3449 4483; x_wconf 88' lang='lat' dir='ltr'><strong>malis</strong></span> 
     </span>
    </p>
   </div>
   <div class='ocr_carea' id='block_1_91' title="bbox 1889 4516 3451 4592">
    <p class='ocr_par' dir='ltr' id='par_1_91' title="bbox 1889 4516 3451 4592">
     <span class='ocr_line' id='line_1_91' title="bbox 1889 4516 3451 4592; baseline 0.003 -21"><span class='ocrx_word' id='word_1_651' title='bbox 1889 4518 2128 4578; x_wconf 84' lang='lat' dir='ltr'><strong>tandem,</strong></span> <span class='ocrx_word' id='word_1_652' title='bbox 2153 4527 2205 4571; x_wconf 88' lang='lat' dir='ltr'><strong>et</strong></span> <span class='ocrx_word' id='word_1_653' title='bbox 2229 4517 2315 4569; x_wconf 79' lang='lat' dir='ltr'><strong>vix</strong></span> <span class='ocrx_word' id='word_1_654' title='bbox 2340 4516 2554 4584; x_wconf 87' lang='lat' dir='ltr'><strong>quidem</strong></span> <span class='ocrx_word' id='word_1_655' title='bbox 2595 4532 2712 4571; x_wconf 90' lang='lat' dir='ltr'><strong>eam</strong></span> <span class='ocrx_word' id='word_1_656' title='bbox 2768 4520 3244 4586; x_wconf 82' lang='lat' dir='ltr'><strong>acquisiverimns,</strong></span> <span class='ocrx_word' id='word_1_657' title='bbox 3312 4539 3451 4592; x_wconf 60' lang='lat' dir='ltr'><strong>prte-</strong></span> 
     </span>
    </p>
   </div>
   <div class='ocr_carea' id='block_1_92' title="bbox 205 4597 2080 4684">
    <p class='ocr_par' dir='ltr' id='par_1_92' title="bbox 205 4597 2066 4684">
     <span class='ocr_line' id='line_1_92' title="bbox 205 4597 2066 4684; baseline -0.003 -17"><span class='ocrx_word' id='word_1_658' title='bbox 205 4617 402 4684; x_wconf 73' lang='grc' dir='ltr'>ὲιιείνῃ</span> <span class='ocrx_word' id='word_1_659' title='bbox 454 4612 589 4683; x_wconf 78' lang='grc' dir='ltr'>πρὸς</span> <span class='ocrx_word' id='word_1_660' title='bbox 640 4613 787 4682; x_wconf 75' lang='grc' dir='ltr'>ἡμᾶς</span> <span class='ocrx_word' id='word_1_661' title='bbox 835 4597 1209 4679; x_wconf 71' lang='grc' dir='ltr'>γιγνομένων’;</span> <span class='ocrx_word' id='word_1_662' title='bbox 1267 4609 1390 4672; x_wconf 85' lang='grc' dir='ltr'><strong>Πῶς</strong></span> <span class='ocrx_word' id='word_1_663' title='bbox 1431 4610 1496 4661; x_wconf 78' lang='grc' dir='ltr'>ἄν</span> <span class='ocrx_word' id='word_1_664' title='bbox 1531 4625 1614 4669; x_wconf 89' lang='grc' dir='ltr'><strong>τις</strong></span> <span class='ocrx_word' id='word_1_665' title='bbox 1666 4608 1786 4670; x_wconf 80' lang='grc' dir='ltr'>ὅλος</span> <span class='ocrx_word' id='word_1_666' title='bbox 1817 4604 1861 4658; x_wconf 90' lang='lat' dir='ltr'><strong>D</strong></span> <span class='ocrx_word' id='word_1_667' title='bbox 1889 4611 2066 4664; x_wconf 86' lang='lat' dir='ltr'><strong>claras</strong></span> 
     </span>
    </p>
   </div>
   <div class='ocr_carea' id='block_1_93' title="bbox 1572 4597 3447 4684">
    <p class='ocr_par' dir='ltr' id='par_1_93' title="bbox 1572 4604 3447 4670">
     <span class='ocr_line' id='line_1_93' title="bbox 1572 4604 3447 4670; baseline 0.005 -11"><span class='ocrx_word' id='word_1_668' title='bbox 1572 4626 1614 4669; x_wconf 89' lang='grc' dir='ltr'><strong>ις</strong></span> <span class='ocrx_word' id='word_1_669' title='bbox 1666 4608 1786 4670; x_wconf 82' lang='grc' dir='ltr'>ὅλος</span> <span class='ocrx_word' id='word_1_670' title='bbox 1817 4604 1861 4658; x_wconf 91' lang='lat' dir='ltr'><strong>D</strong></span> <span class='ocrx_word' id='word_1_671' title='bbox 1889 4611 2066 4664; x_wconf 85' lang='lat' dir='ltr'><strong>claras</strong></span> <span class='ocrx_word' id='word_1_672' title='bbox 2087 4610 2295 4663; x_wconf 83' lang='lat' dir='ltr'><strong>scilicet</strong></span> <span class='ocrx_word' id='word_1_673' title='bbox 2318 4609 2467 4663; x_wconf 86' lang='lat' dir='ltr'><strong>vices</strong></span> <span class='ocrx_word' id='word_1_674' title='bbox 2500 4610 2787 4663; x_wconf 80' lang='lat' dir='ltr'><strong>confestim</strong></span> <span class='ocrx_word' id='word_1_675' title='bbox 2838 4612 2993 4666; x_wconf 86' lang='lat' dir='ltr'><strong>nobis</strong></span> <span class='ocrx_word' id='word_1_676' title='bbox 3017 4615 3212 4668; x_wconf 88' lang='lat' dir='ltr'><strong>reddit.</strong></span> <span class='ocrx_word' id='word_1_677' title='bbox 3243 4614 3373 4669; x_wconf 84' lang='lat' dir='ltr'><strong>Nam</strong></span> <span class='ocrx_word' id='word_1_678' title='bbox 3395 4626 3447 4669; x_wconf 90' lang='lat' dir='ltr'><strong>et</strong></span> 
     </span>
    </p>
   </div>
   <div class='ocr_carea' id='block_1_94' title="bbox 204 4698 1786 4773">
    <p class='ocr_par' dir='ltr' id='par_1_94' title="bbox 204 4698 1786 4773">
     <span class='ocr_line' id='line_1_94' title="bbox 204 4698 1786 4773; baseline -0.006 -17"><span class='ocrx_word' id='word_1_679' title='bbox 204 4705 434 4773; x_wconf 83' lang='grc' dir='ltr'>γλῶσσα</span> <span class='ocrx_word' id='word_1_680' title='bbox 454 4704 763 4770; x_wconf 82' lang='grc' dir='ltr'>γενόμενος,</span> <span class='ocrx_word' id='word_1_681' title='bbox 788 4702 913 4760; x_wconf 82' lang='grc' dir='ltr'>τοὺς</span> <span class='ocrx_word' id='word_1_682' title='bbox 945 4700 1160 4768; x_wconf 83' lang='grc' dir='ltr'>ἐκείνης</span> <span class='ocrx_word' id='word_1_683' title='bbox 1182 4700 1438 4769; x_wconf 84' lang='grc' dir='ltr'>τρόπους,</span> <span class='ocrx_word' id='word_1_684' title='bbox 1473 4698 1570 4761; x_wconf 73' lang='grc' dir='ltr'>τὰς</span> <span class='ocrx_word' id='word_1_685' title='bbox 1608 4716 1786 4767; x_wconf 78' lang='grc' dir='ltr'>μηχα.</span> 
     </span>
    </p>
   </div>
   <div class='ocr_carea' id='block_1_95' title="bbox 204 4788 1785 4859">
    <p class='ocr_par' dir='ltr' id='par_1_95' title="bbox 204 4788 1785 4859">
     <span class='ocr_line' id='line_1_95' title="bbox 204 4788 1785 4859; baseline -0.006 -9"><span class='ocrx_word' id='word_1_686' title='bbox 204 4797 450 4859; x_wconf 79' lang='grc' dir='ltr'>νὰ;,τάς</span> <span class='ocrx_word' id='word_1_687' title='bbox 479 4793 704 4854; x_wconf 75' lang='grc' dir='ltr'>πλοκὰς,</span> <span class='ocrx_word' id='word_1_688' title='bbox 733 4791 831 4853; x_wconf 82' lang='grc' dir='ltr'>τὰς</span> <span class='ocrx_word' id='word_1_689' title='bbox 858 4790 1136 4853; x_wconf 89' lang='grc' dir='ltr'>ποικιλίας</span> <span class='ocrx_word' id='word_1_690' title='bbox 1171 4790 1375 4856; x_wconf 80' lang='grc' dir='ltr'>ἐξείποι</span> <span class='ocrx_word' id='word_1_691' title='bbox 1404 4806 1419 4854; x_wconf 89' lang='grc'>;</span> <span class='ocrx_word' id='word_1_692' title='bbox 1471 4790 1646 4857; x_wconf 80' lang='grc' dir='ltr'>Πειρᾷ</span> <span class='ocrx_word' id='word_1_693' title='bbox 1689 4788 1785 4858; x_wconf 74' lang='grc' dir='ltr'>μὲν</span> 
     </span>
    </p>
   </div>
   <div class='ocr_carea' id='block_1_96' title="bbox 204 4880 1784 4954">
    <p class='ocr_par' dir='ltr' id='par_1_96' title="bbox 204 4880 1784 4954">
     <span class='ocr_line' id='line_1_96' title="bbox 204 4880 1784 4954; baseline -0.007 -13"><span class='ocrx_word' id='word_1_694' title='bbox 204 4891 388 4943; x_wconf 75' lang='grc' dir='ltr'>ἅπασι</span> <span class='ocrx_word' id='word_1_695' title='bbox 420 4887 639 4954; x_wconf 80' lang='grc' dir='ltr'>τρόποις</span> <span class='ocrx_word' id='word_1_696' title='bbox 663 4884 986 4952; x_wconf 77' lang='grc' dir='ltr'>ἡδυσμενης</span> <span class='ocrx_word' id='word_1_697' title='bbox 1014 4884 1031 4950; x_wconf 90' lang='grc'><strong>(</strong></span> <span class='ocrx_word' id='word_1_698' title='bbox 1064 4883 1140 4944; x_wconf 83' lang='grc' dir='ltr'>ὡς</span> <span class='ocrx_word' id='word_1_699' title='bbox 1171 4883 1279 4948; x_wconf 84' lang='grc' dir='ltr'>γὰρ</span> <span class='ocrx_word' id='word_1_700' title='bbox 1331 4881 1575 4950; x_wconf 76' lang='grc' dir='ltr'>ἔμψυχον</span> <span class='ocrx_word' id='word_1_701' title='bbox 1617 4880 1784 4948; x_wconf 81' lang='grc' dir='ltr'>αὐτὴν</span> 
     </span>
    </p>
   </div>
   <div class='ocr_carea' id='block_1_97' title="bbox 204 4972 1782 5044">
    <p class='ocr_par' dir='ltr' id='par_1_97' title="bbox 204 4972 1782 5044">
     <span class='ocr_line' id='line_1_97' title="bbox 204 4972 1782 5044; baseline -0.006 -12"><span class='ocrx_word' id='word_1_702' title='bbox 204 4980 311 5033; x_wconf 83' lang='grc' dir='ltr'><strong>νῦν</strong></span> <span class='ocrx_word' id='word_1_703' title='bbox 336 4994 453 5039; x_wconf 86' lang='grc' dir='ltr'><strong>πως</strong></span> <span class='ocrx_word' id='word_1_704' title='bbox 472 4978 549 5037; x_wconf 86' lang='grc' dir='ltr'><strong>είς</strong></span> <span class='ocrx_word' id='word_1_705' title='bbox 571 4976 737 5044; x_wconf 71' lang='grc' dir='ltr'>μέσον</span> <span class='ocrx_word' id='word_1_706' title='bbox 755 4974 1037 5042; x_wconf 77' lang='grc' dir='ltr'>ἐξοίσομεν</span> <span class='ocrx_word' id='word_1_707' title='bbox 1064 4980 1103 5035; x_wconf 89' lang='grc'><strong>)·</strong></span> <span class='ocrx_word' id='word_1_708' title='bbox 1126 4972 1376 5043; x_wconf 87' lang='grc' dir='ltr'>γοητεύει</span> <span class='ocrx_word' id='word_1_709' title='bbox 1404 4972 1460 5023; x_wconf 90' lang='grc' dir='ltr'>δὲ</span> <span class='ocrx_word' id='word_1_710' title='bbox 1486 4972 1602 5034; x_wconf 90' lang='grc' dir='ltr'><strong>πῶς</strong></span> <span class='ocrx_word' id='word_1_711' title='bbox 1641 4972 1742 5023; x_wconf 84' lang='grc' dir='ltr'>οίει</span> <span class='ocrx_word' id='word_1_712' title='bbox 1768 4990 1782 5034; x_wconf 89' lang='lat'><strong>;</strong></span> 
     </span>
    </p>
   </div>
   <div class='ocr_carea' id='block_1_98' title="bbox 203 5061 1785 5134">
    <p class='ocr_par' dir='ltr' id='par_1_98' title="bbox 203 5061 1785 5134">
     <span class='ocr_line' id='line_1_98' title="bbox 203 5061 1785 5134; baseline -0.006 -11"><span class='ocrx_word' id='word_1_713' title='bbox 203 5066 548 5131; x_wconf 76' lang='grc' dir='ltr'>Δελεάζειδέ</span> <span class='ocrx_word' id='word_1_714' title='bbox 588 5064 888 5134; x_wconf 80' lang='grc' dir='ltr'>κακοηθείᾳ</span> <span class='ocrx_word' id='word_1_715' title='bbox 947 5065 1147 5134; x_wconf 80' lang='grc' dir='ltr'>ἐσχάτῃ</span> <span class='ocrx_word' id='word_1_716' title='bbox 1175 5080 1191 5096; x_wconf 89' lang='grc'><strong>·</strong></span> <span class='ocrx_word' id='word_1_717' title='bbox 1242 5063 1338 5117; x_wconf 76' lang='grc' dir='ltr'>καὶ</span> <span class='ocrx_word' id='word_1_718' title='bbox 1402 5065 1536 5116; x_wconf 82' lang='grc' dir='ltr'>πᾶσι</span> <span class='ocrx_word' id='word_1_719' title='bbox 1576 5061 1785 5129; x_wconf 88' lang='grc' dir='ltr'>γίνεται</span> 
     </span>
    </p>
   </div>
   <div class='ocr_carea' id='block_1_99' title="bbox 205 5150 1781 5227">
    <p class='ocr_par' dir='ltr' id='par_1_99' title="bbox 205 5150 1781 5227">
     <span class='ocr_line' id='line_1_99' title="bbox 205 5150 1781 5227; baseline -0.006 -15"><span class='ocrx_word' id='word_1_720' title='bbox 205 5161 424 5219; x_wconf 78' lang='grc' dir='ltr'>πάντα,</span> <span class='ocrx_word' id='word_1_721' title='bbox 456 5156 591 5227; x_wconf 86' lang='grc' dir='ltr'>πρὸς</span> <span class='ocrx_word' id='word_1_722' title='bbox 648 5156 961 5223; x_wconf 81' lang='grc' dir='ltr'>ἀνατροπὴν</span> <span class='ocrx_word' id='word_1_723' title='bbox 1009 5153 1116 5206; x_wconf 86' lang='grc' dir='ltr'><strong>τῶν</strong></span> <span class='ocrx_word' id='word_1_724' title='bbox 1184 5153 1562 5223; x_wconf 81' lang='grc' dir='ltr'>χρηστοτέρων</span> <span class='ocrx_word' id='word_1_725' title='bbox 1613 5150 1781 5218; x_wconf 77' lang='grc' dir='ltr'>ἠθῶν.</span> 
     </span>
    </p>
   </div>
   <div class='ocr_carea' id='block_1_100' title="bbox 205 5242 1785 5314">
    <p class='ocr_par' dir='ltr' id='par_1_100' title="bbox 205 5242 1785 5314">
     <span class='ocr_line' id='line_1_100' title="bbox 205 5242 1785 5314; baseline -0.004 -14"><span class='ocrx_word' id='word_1_726' title='bbox 205 5248 533 5314; x_wconf 74' lang='grc' dir='ltr'>Σύμϐουλος</span> <span class='ocrx_word' id='word_1_727' title='bbox 580 5246 910 5314; x_wconf 81' lang='grc' dir='ltr'>αὐτόκλητος</span> <span class='ocrx_word' id='word_1_728' title='bbox 964 5246 1288 5308; x_wconf 71' lang='grc' dir='ltr'>ἐπεισι,καὶ</span> <span class='ocrx_word' id='word_1_729' title='bbox 1346 5244 1446 5314; x_wconf 86' lang='grc' dir='ltr'><strong>τὴν</strong></span> <span class='ocrx_word' id='word_1_730' title='bbox 1499 5242 1785 5313; x_wconf 77' lang='grc' dir='ltr'>ῥᾳστώνην</span> 
     </span>
    </p>
   </div>
   <div class='ocr_carea' id='block_1_101' title="bbox 201 5332 1785 5407">
    <p class='ocr_par' dir='ltr' id='par_1_101' title="bbox 201 5332 1785 5407">
     <span class='ocr_line' id='line_1_101' title="bbox 201 5332 1785 5407; baseline -0.006 -15"><span class='ocrx_word' id='word_1_731' title='bbox 201 5338 596 5407; x_wconf 57' lang='grc' dir='ltr'>θαυμάζουσα,</span> <span class='ocrx_word' id='word_1_732' title='bbox 627 5337 846 5398; x_wconf 76' lang='grc' dir='ltr'>κακίζει</span> <span class='ocrx_word' id='word_1_733' title='bbox 876 5335 1038 5388; x_wconf 80' lang='grc' dir='ltr'>πάνθ’</span> <span class='ocrx_word' id='word_1_734' title='bbox 1077 5335 1113 5388; x_wconf 78' lang='grc' dir='ltr'><strong>ἀ</strong></span> <span class='ocrx_word' id='word_1_735' title='bbox 1141 5335 1359 5386; x_wconf 81' lang='grc' dir='ltr'>δίδωσιν</span> <span class='ocrx_word' id='word_1_736' title='bbox 1386 5335 1574 5401; x_wconf 83' lang='grc' dir='ltr'>ἀγῶνα</span> <span class='ocrx_word' id='word_1_737' title='bbox 1600 5332 1785 5397; x_wconf 85' lang='grc' dir='ltr'>σώμα-</span> 
     </span>
    </p>
   </div>
   <div class='ocr_carea' id='block_1_102' title="bbox 201 5416 1785 5496">
    <p class='ocr_par' dir='ltr' id='par_1_102' title="bbox 201 5416 1785 5496">
     <span class='ocr_line' id='line_1_102' title="bbox 201 5416 1785 5496; baseline -0.006 -12"><span class='ocrx_word' id='word_1_738' title='bbox 201 5449 267 5484; x_wconf 76' lang='grc' dir='ltr'><strong>σι</strong></span> <span class='ocrx_word' id='word_1_739' title='bbox 296 5416 394 5481; x_wconf 72' lang='grc' dir='ltr'>καὶ</span> <span class='ocrx_word' id='word_1_740' title='bbox 423 5427 643 5496; x_wconf 74' lang='grc' dir='ltr'>ψυχαίς,</span> <span class='ocrx_word' id='word_1_741' title='bbox 686 5426 947 5479; x_wconf 86' lang='grc' dir='ltr'>νοσοποιὰ</span> <span class='ocrx_word' id='word_1_742' title='bbox 978 5430 1135 5477; x_wconf 79' lang='grc' dir='ltr'>ταυτὶ</span> <span class='ocrx_word' id='word_1_743' title='bbox 1181 5424 1441 5477; x_wconf 73' lang='grc' dir='ltr'>καλοῦσα.</span> <span class='ocrx_word' id='word_1_744' title='bbox 1475 5425 1554 5493; x_wconf 81' lang='grc' dir='ltr'><strong>Τῇ</strong></span> <span class='ocrx_word' id='word_1_745' title='bbox 1586 5441 1643 5476; x_wconf 79' lang='grc' dir='ltr'><strong>τε</strong></span> <span class='ocrx_word' id='word_1_746' title='bbox 1675 5424 1785 5493; x_wconf 85' lang='grc' dir='ltr'><strong>γὰρ</strong></span> 
     </span>
    </p>
   </div>
   <div class='ocr_carea' id='block_1_103' title="bbox 200 5516 1783 5589">
    <p class='ocr_par' dir='ltr' id='par_1_103' title="bbox 200 5516 1783 5589">
     <span class='ocr_line' id='line_1_103' title="bbox 200 5516 1783 5589; baseline -0.004 -15"><span class='ocrx_word' id='word_1_747' title='bbox 200 5520 404 5589; x_wconf 79' lang='grc' dir='ltr'>σαρκὶ,</span> <span class='ocrx_word' id='word_1_748' title='bbox 436 5517 512 5586; x_wconf 82' lang='grc' dir='ltr'>τῷ</span> <span class='ocrx_word' id='word_1_749' title='bbox 544 5535 603 5570; x_wconf 85' lang='grc' dir='ltr'><strong>τε</strong></span> <span class='ocrx_word' id='word_1_750' title='bbox 633 5518 927 5584; x_wconf 83' lang='grc' dir='ltr'>πνεύματι,</span> <span class='ocrx_word' id='word_1_751' title='bbox 958 5519 1157 5586; x_wconf 81' lang='grc' dir='ltr'>συχνήν</span> <span class='ocrx_word' id='word_1_752' title='bbox 1196 5534 1319 5569; x_wconf 91' lang='grc' dir='ltr'>τινα</span> <span class='ocrx_word' id='word_1_753' title='bbox 1346 5516 1515 5580; x_wconf 78' lang='grc' dir='ltr'>ζάλην</span> <span class='ocrx_word' id='word_1_754' title='bbox 1537 5518 1633 5568; x_wconf 74' lang='grc' dir='ltr'>καὶ</span> <span class='ocrx_word' id='word_1_755' title='bbox 1688 5532 1783 5567; x_wconf 84' lang='grc' dir='ltr'>τα-</span> 
     </span>
    </p>
   </div>
   <div class='ocr_carea' id='block_1_104' title="bbox 200 5605 1783 5680">
    <p class='ocr_par' dir='ltr' id='par_1_104' title="bbox 200 5605 1783 5680">
     <span class='ocr_line' id='line_1_104' title="bbox 200 5605 1783 5680; baseline -0.003 -20"><span class='ocrx_word' id='word_1_756' title='bbox 200 5608 393 5680; x_wconf 82' lang='grc' dir='ltr'>ραχὴν</span> <span class='ocrx_word' id='word_1_757' title='bbox 444 5608 688 5675; x_wconf 84' lang='grc' dir='ltr'>ἐμποιεῖν</span> <span class='ocrx_word' id='word_1_758' title='bbox 734 5607 875 5657; x_wconf 83' lang='grc' dir='ltr'><strong>αὑτά</strong></span> <span class='ocrx_word' id='word_1_759' title='bbox 908 5606 1083 5671; x_wconf 82' lang='grc' dir='ltr'>λέγει,</span> <span class='ocrx_word' id='word_1_760' title='bbox 1124 5607 1219 5657; x_wconf 71' lang='grc' dir='ltr'><strong>καὶ</strong></span> <span class='ocrx_word' id='word_1_761' title='bbox 1255 5605 1453 5673; x_wconf 90' lang='grc' dir='ltr'>μυρίαν</span> <span class='ocrx_word' id='word_1_762' title='bbox 1486 5607 1783 5673; x_wconf 84' lang='grc' dir='ltr'>τρικυμίαν</span> 
     </span>
    </p>
   </div>
   <div class='ocr_carea' id='block_1_105' title="bbox 196 5693 1805 5764">
    <p class='ocr_par' dir='ltr' id='par_1_105' title="bbox 196 5693 1805 5764">
     <span class='ocr_line' id='line_1_105' title="bbox 196 5693 1805 5764; baseline -0.004 -13"><span class='ocrx_word' id='word_1_763' title='bbox 196 5700 463 5763; x_wconf 75' lang='grc' dir='ltr'>ἐπάγειν,</span> <span class='ocrx_word' id='word_1_764' title='bbox 495 5695 590 5746; x_wconf 75' lang='grc' dir='ltr'><strong>καὶ</strong></span> <span class='ocrx_word' id='word_1_765' title='bbox 635 5693 861 5762; x_wconf 81' lang='grc' dir='ltr'>διηνεκῆ</span> <span class='ocrx_word' id='word_1_766' title='bbox 899 5696 1186 5764; x_wconf 84' lang='grc' dir='ltr'>μαρασμὸν</span> <span class='ocrx_word' id='word_1_767' title='bbox 1238 5693 1597 5763; x_wconf 73' lang='grc' dir='ltr'>ἐργάζεσθαι.</span> <span class='ocrx_word' id='word_1_768' title='bbox 1628 5696 1805 5745; x_wconf 80' lang='grc' dir='ltr'>Δοκεῖ-</span> 
     </span>
    </p>
   </div>
   <div class='ocr_carea' id='block_1_106' title="bbox 194 5784 1789 5855">
    <p class='ocr_par' dir='ltr' id='par_1_106' title="bbox 194 5784 1789 5855">
     <span class='ocr_line' id='line_1_106' title="bbox 194 5784 1789 5855; baseline -0.006 -12"><span class='ocrx_word' id='word_1_769' title='bbox 194 5790 265 5843; x_wconf 65' lang='grc' dir='ltr'><strong>τε</strong></span> <span class='ocrx_word' id='word_1_770' title='bbox 305 5787 454 5838; x_wconf 83' lang='grc' dir='ltr'>πάνυ</span> <span class='ocrx_word' id='word_1_771' title='bbox 485 5784 706 5852; x_wconf 79' lang='grc' dir='ltr'>πιθανὴ,</span> <span class='ocrx_word' id='word_1_772' title='bbox 742 5785 850 5836; x_wconf 79' lang='grc' dir='ltr'>ἀπὸ</span> <span class='ocrx_word' id='word_1_773' title='bbox 883 5784 974 5837; x_wconf 86' lang='grc' dir='ltr'><strong>τοῦ</strong></span> <span class='ocrx_word' id='word_1_774' title='bbox 999 5789 1067 5837; x_wconf 73' lang='grc' dir='ltr'>τὰ</span> <span class='ocrx_word' id='word_1_775' title='bbox 1104 5785 1302 5855; x_wconf 80' lang='grc' dir='ltr'>εὐχερῆ</span> <span class='ocrx_word' id='word_1_776' title='bbox 1368 5786 1653 5853; x_wconf 82' lang='grc' dir='ltr'>παραινεῖν</span> <span class='ocrx_word' id='word_1_777' title='bbox 1685 5785 1789 5850; x_wconf 66' lang='grc' dir='ltr'><strong>τὴν</strong></span> 
     </span>
    </p>
   </div>
   <div class='ocr_carea' id='block_1_107' title="bbox 202 5876 1779 5950">
    <p class='ocr_par' dir='ltr' id='par_1_107' title="bbox 202 5876 1779 5950">
     <span class='ocr_line' id='line_1_107' title="bbox 202 5876 1779 5950; baseline -0.006 -16"><span class='ocrx_word' id='word_1_778' title='bbox 202 5881 369 5950; x_wconf 66' lang='grc' dir='ltr'>ἰσχὺν</span> <span class='ocrx_word' id='word_1_779' title='bbox 400 5877 614 5945; x_wconf 73' lang='grc' dir='ltr'>ἔχουσα.</span> <span class='ocrx_word' id='word_1_780' title='bbox 640 5876 940 5929; x_wconf 75' lang='grc' dir='ltr'>Κολακεύει</span> <span class='ocrx_word' id='word_1_781' title='bbox 977 5876 1122 5946; x_wconf 83' lang='grc' dir='ltr'>μάλα</span> <span class='ocrx_word' id='word_1_782' title='bbox 1152 5878 1555 5947; x_wconf 78' lang='grc' dir='ltr'>δουλοπρεπῶς.</span> <span class='ocrx_word' id='word_1_783' title='bbox 1589 5878 1779 5929; x_wconf 80' lang='grc' dir='ltr'>Διακε-</span> 
     </span>
    </p>
   </div>
   <div class='ocr_carea' id='block_1_108' title="bbox 1887 4699 3448 4771">
    <p class='ocr_par' dir='ltr' id='par_1_108' title="bbox 1887 4699 3448 4771">
     <span class='ocr_line' id='line_1_108' title="bbox 1887 4699 3448 4771; baseline 0.002 -17"><span class='ocrx_word' id='word_1_784' title='bbox 1887 4701 2146 4754; x_wconf 88' lang='lat' dir='ltr'><strong>invidiam</strong></span> <span class='ocrx_word' id='word_1_785' title='bbox 2187 4700 2341 4753; x_wconf 88' lang='lat' dir='ltr'><strong>nobis</strong></span> <span class='ocrx_word' id='word_1_786' title='bbox 2370 4699 2598 4752; x_wconf 86' lang='lat' dir='ltr'><strong>aliorum</strong></span> <span class='ocrx_word' id='word_1_787' title='bbox 2646 4702 2921 4767; x_wconf 86' lang='lat' dir='ltr'><strong>conciliat,</strong></span> <span class='ocrx_word' id='word_1_788' title='bbox 2962 4712 3012 4756; x_wconf 84' lang='lat' dir='ltr'><strong>et</strong></span> <span class='ocrx_word' id='word_1_789' title='bbox 3048 4705 3266 4759; x_wconf 87' lang='lat' dir='ltr'><strong>morbos</strong></span> <span class='ocrx_word' id='word_1_790' title='bbox 3312 4720 3448 4771; x_wconf 68' lang='lat' dir='ltr'><strong>quo.</strong></span> 
     </span>
    </p>
   </div>
   <div class='ocr_carea' id='block_1_109' title="bbox 1885 4787 3449 4858">
    <p class='ocr_par' dir='ltr' id='par_1_109' title="bbox 1885 4787 3449 4858">
     <span class='ocr_line' id='line_1_109' title="bbox 1885 4787 3449 4858; baseline 0.001 -15"><span class='ocrx_word' id='word_1_791' title='bbox 1885 4803 1989 4858; x_wconf 90' lang='lat' dir='ltr'><strong>que</strong></span> <span class='ocrx_word' id='word_1_792' title='bbox 2020 4802 2429 4855; x_wconf 83' lang='lat' dir='ltr'><strong>nommnquam,</strong></span> <span class='ocrx_word' id='word_1_793' title='bbox 2462 4798 2516 4841; x_wconf 90' lang='lat' dir='ltr'><strong>et</strong></span> <span class='ocrx_word' id='word_1_794' title='bbox 2555 4787 2761 4840; x_wconf 88' lang='lat' dir='ltr'><strong>infinita</strong></span> <span class='ocrx_word' id='word_1_795' title='bbox 2798 4788 3047 4853; x_wconf 68' lang='lat' dir='ltr'><strong>qumdam</strong></span> <span class='ocrx_word' id='word_1_796' title='bbox 3107 4790 3269 4845; x_wconf 88' lang='lat' dir='ltr'><strong>mala.</strong></span> <span class='ocrx_word' id='word_1_797' title='bbox 3331 4791 3449 4845; x_wconf 86' lang='lat' dir='ltr'><strong>Non</strong></span> 
     </span>
    </p>
   </div>
   <div class='ocr_carea' id='block_1_110' title="bbox 1885 4875 3453 4945">
    <p class='ocr_par' dir='ltr' id='par_1_110' title="bbox 1885 4875 3453 4945">
     <span class='ocr_line' id='line_1_110' title="bbox 1885 4875 3453 4945; baseline 0 -14"><span class='ocrx_word' id='word_1_798' title='bbox 1885 4882 2028 4931; x_wconf 89' lang='lat' dir='ltr'><strong>enim</strong></span> <span class='ocrx_word' id='word_1_799' title='bbox 2066 4878 2132 4930; x_wconf 84' lang='lat' dir='ltr'><strong>ad</strong></span> <span class='ocrx_word' id='word_1_800' title='bbox 2167 4878 2216 4930; x_wconf 91' lang='lat' dir='ltr'><strong>id</strong></span> <span class='ocrx_word' id='word_1_801' title='bbox 2242 4879 2386 4944; x_wconf 91' lang='lat' dir='ltr'><strong>quod</strong></span> <span class='ocrx_word' id='word_1_802' title='bbox 2422 4875 2685 4945; x_wconf 90' lang='lat' dir='ltr'><strong>optimum</strong></span> <span class='ocrx_word' id='word_1_803' title='bbox 2738 4889 2823 4930; x_wconf 90' lang='lat' dir='ltr'><strong>est</strong></span> <span class='ocrx_word' id='word_1_804' title='bbox 2856 4879 3134 4945; x_wconf 81' lang='lat' dir='ltr'><strong>respicere</strong></span> <span class='ocrx_word' id='word_1_805' title='bbox 3181 4894 3277 4931; x_wconf 89' lang='lat' dir='ltr'><strong>nos</strong></span> <span class='ocrx_word' id='word_1_806' title='bbox 3303 4895 3453 4931; x_wconf 78' lang='lat' dir='ltr'><strong>enm-</strong></span> 
     </span>
    </p>
   </div>
   <div class='ocr_carea' id='block_1_111' title="bbox 1889 4966 3447 5036">
    <p class='ocr_par' dir='ltr' id='par_1_111' title="bbox 1889 4966 3447 5036">
     <span class='ocr_line' id='line_1_111' title="bbox 1889 4966 3447 5036; baseline 0.003 -18"><span class='ocrx_word' id='word_1_807' title='bbox 1889 4968 2060 5036; x_wconf 90' lang='lat' dir='ltr'><strong>pellit,</strong></span> <span class='ocrx_word' id='word_1_808' title='bbox 2088 4968 2183 5019; x_wconf 77' lang='lat' dir='ltr'><strong>sed</strong></span> <span class='ocrx_word' id='word_1_809' title='bbox 2217 4966 2539 5035; x_wconf 82' lang='lat' dir='ltr'><strong>simpliciter</strong></span> <span class='ocrx_word' id='word_1_810' title='bbox 2601 4967 2665 5019; x_wconf 88' lang='lat' dir='ltr'><strong>ad</strong></span> <span class='ocrx_word' id='word_1_811' title='bbox 2702 4967 2751 5019; x_wconf 93' lang='lat' dir='ltr'><strong>id</strong></span> <span class='ocrx_word' id='word_1_812' title='bbox 2804 4969 2945 5033; x_wconf 86' lang='lat' dir='ltr'><strong>quod</strong></span> <span class='ocrx_word' id='word_1_813' title='bbox 2999 4969 3254 5022; x_wconf 89' lang='lat' dir='ltr'><strong>delectat.</strong></span> <span class='ocrx_word' id='word_1_814' title='bbox 3315 4971 3447 5022; x_wconf 85' lang='lat' dir='ltr'><strong>&#39;I&#39;am</strong></span> 
     </span>
    </p>
   </div>
   <div class='ocr_carea' id='block_1_112' title="bbox 1886 5051 3449 5128">
    <p class='ocr_par' dir='ltr' id='par_1_112' title="bbox 1886 5051 3449 5128">
     <span class='ocr_line' id='line_1_112' title="bbox 1886 5051 3449 5128; baseline 0.001 -17"><span class='ocrx_word' id='word_1_815' title='bbox 1886 5059 2052 5111; x_wconf 84' lang='lat' dir='ltr'><strong>multa</strong></span> <span class='ocrx_word' id='word_1_816' title='bbox 2082 5072 2215 5113; x_wconf 83' lang='lat' dir='ltr'><strong>sane</strong></span> <span class='ocrx_word' id='word_1_817' title='bbox 2250 5068 2412 5125; x_wconf 88' lang='lat' dir='ltr'><strong>atque</strong></span> <span class='ocrx_word' id='word_1_818' title='bbox 2429 5057 2578 5125; x_wconf 88' lang='lat' dir='ltr'><strong>plura</strong></span> <span class='ocrx_word' id='word_1_819' title='bbox 2606 5057 2728 5110; x_wconf 88' lang='lat' dir='ltr'><strong>licet</strong></span> <span class='ocrx_word' id='word_1_820' title='bbox 2763 5058 2830 5110; x_wconf 90' lang='lat' dir='ltr'><strong>ah</strong></span> <span class='ocrx_word' id='word_1_821' title='bbox 2862 5058 2927 5111; x_wconf 93' lang='lat' dir='ltr'><strong>iis</strong></span> <span class='ocrx_word' id='word_1_822' title='bbox 2955 5051 3162 5122; x_wconf 75' lang='lat' dir='ltr'><strong>audire,</strong></span> <span class='ocrx_word' id='word_1_823' title='bbox 3196 5062 3284 5128; x_wconf 89' lang='lat' dir='ltr'><strong>qui</strong></span> <span class='ocrx_word' id='word_1_824' title='bbox 3314 5063 3449 5113; x_wconf 83' lang='lat' dir='ltr'><strong>mul-</strong></span> 
     </span>
    </p>
   </div>
   <div class='ocr_carea' id='block_1_113' title="bbox 1889 5148 3450 5216">
    <p class='ocr_par' dir='ltr' id='par_1_113' title="bbox 1889 5148 3450 5216">
     <span class='ocr_line' id='line_1_113' title="bbox 1889 5148 3450 5216; baseline 0.001 -15"><span class='ocrx_word' id='word_1_825' title='bbox 1889 5150 1955 5204; x_wconf 86' lang='lat' dir='ltr'><strong>tis</strong></span> <span class='ocrx_word' id='word_1_826' title='bbox 1997 5164 2025 5202; x_wconf 83' lang='lat' dir='ltr'><strong>a</strong></span> <span class='ocrx_word' id='word_1_827' title='bbox 2060 5149 2334 5216; x_wconf 88' lang='lat' dir='ltr'><strong>voluptate</strong></span> <span class='ocrx_word' id='word_1_828' title='bbox 2370 5148 2521 5216; x_wconf 86' lang='lat' dir='ltr'><strong>petiti</strong></span> <span class='ocrx_word' id='word_1_829' title='bbox 2560 5148 2778 5215; x_wconf 62' lang='lat' dir='ltr'><strong>lmsique</strong></span> <span class='ocrx_word' id='word_1_830' title='bbox 2808 5149 2947 5214; x_wconf 87' lang='lat' dir='ltr'><strong>telis,</strong></span> <span class='ocrx_word' id='word_1_831' title='bbox 2979 5165 3099 5204; x_wconf 88' lang='lat' dir='ltr'><strong>eam</strong></span> <span class='ocrx_word' id='word_1_832' title='bbox 3150 5152 3450 5204; x_wconf 83' lang='lat' dir='ltr'><strong>criminan-</strong></span> 
     </span>
    </p>
   </div>
   <div class='ocr_carea' id='block_1_114' title="bbox 1888 5240 3450 5305">
    <p class='ocr_par' dir='ltr' id='par_1_114' title="bbox 1888 5240 3450 5305">
     <span class='ocr_line' id='line_1_114' title="bbox 1888 5240 3450 5305; baseline 0.001 -12"><span class='ocrx_word' id='word_1_833' title='bbox 1888 5250 1991 5295; x_wconf 88' lang='lat' dir='ltr'><strong>tur.</strong></span> <span class='ocrx_word' id='word_1_834' title='bbox 2033 5240 2197 5294; x_wconf 89' lang='lat' dir='ltr'><strong>Iidem</strong></span> <span class='ocrx_word' id='word_1_835' title='bbox 2229 5240 2273 5292; x_wconf 89' lang='lat' dir='ltr'><strong>si</strong></span> <span class='ocrx_word' id='word_1_836' title='bbox 2333 5240 2573 5293; x_wconf 86' lang='lat' dir='ltr'><strong>rationes</strong></span> <span class='ocrx_word' id='word_1_837' title='bbox 2618 5241 2924 5294; x_wconf 87' lang='lat' dir='ltr'><strong>contrarias</strong></span> <span class='ocrx_word' id='word_1_838' title='bbox 2972 5244 3218 5305; x_wconf 90' lang='lat' dir='ltr'><strong>audiant,</strong></span> <span class='ocrx_word' id='word_1_839' title='bbox 3270 5247 3450 5294; x_wconf 80' lang='lat' dir='ltr'><strong>varias</strong></span> 
     </span>
    </p>
   </div>
   <div class='ocr_carea' id='block_1_115' title="bbox 1885 5330 3447 5396">
    <p class='ocr_par' dir='ltr' id='par_1_115' title="bbox 1885 5330 3447 5396">
     <span class='ocr_line' id='line_1_115' title="bbox 1885 5330 3447 5396; baseline 0 -11"><span class='ocrx_word' id='word_1_840' title='bbox 1885 5332 2127 5385; x_wconf 87' lang='lat' dir='ltr'><strong>vicissim</strong></span> <span class='ocrx_word' id='word_1_841' title='bbox 2156 5330 2490 5396; x_wconf 79' lang='lat' dir='ltr'><strong>obieetiones</strong></span> <span class='ocrx_word' id='word_1_842' title='bbox 2523 5330 2781 5390; x_wconf 90' lang='lat' dir='ltr'><strong>inferunt,</strong></span> <span class='ocrx_word' id='word_1_843' title='bbox 2815 5332 2939 5382; x_wconf 88' lang='lat' dir='ltr'><strong>dum</strong></span> <span class='ocrx_word' id='word_1_844' title='bbox 2980 5346 3099 5384; x_wconf 89' lang='lat' dir='ltr'><strong>eam</strong></span> <span class='ocrx_word' id='word_1_845' title='bbox 3166 5333 3447 5386; x_wconf 77' lang='lat' dir='ltr'><strong>violentis-</strong></span> 
     </span>
    </p>
   </div>
   <div class='ocr_carea' id='block_1_116' title="bbox 1886 5423 3448 5489">
    <p class='ocr_par' dir='ltr' id='par_1_116' title="bbox 1886 5423 3448 5489">
     <span class='ocr_line' id='line_1_116' title="bbox 1886 5423 3448 5489; baseline 0.001 -12"><span class='ocrx_word' id='word_1_846' title='bbox 1886 5425 2084 5477; x_wconf 89' lang='lat' dir='ltr'><strong>simum</strong></span> <span class='ocrx_word' id='word_1_847' title='bbox 2112 5424 2355 5474; x_wconf 87' lang='lat' dir='ltr'><strong>morbum</strong></span> <span class='ocrx_word' id='word_1_848' title='bbox 2390 5423 2683 5489; x_wconf 82' lang='lat' dir='ltr'><strong>appellant,</strong></span> <span class='ocrx_word' id='word_1_849' title='bbox 2725 5423 3048 5489; x_wconf 80' lang='lat' dir='ltr'><strong>variamque</strong></span> <span class='ocrx_word' id='word_1_850' title='bbox 3104 5424 3358 5489; x_wconf 76' lang='lat' dir='ltr'><strong>bcllnam,</strong></span> <span class='ocrx_word' id='word_1_851' title='bbox 3394 5440 3448 5478; x_wconf 88' lang='lat' dir='ltr'><strong>et</strong></span> 
     </span>
    </p>
   </div>
   <div class='ocr_carea' id='block_1_117' title="bbox 1889 5513 3448 5581">
    <p class='ocr_par' dir='ltr' id='par_1_117' title="bbox 1889 5513 3448 5581">
     <span class='ocr_line' id='line_1_117' title="bbox 1889 5513 3448 5581; baseline 0.001 -16"><span class='ocrx_word' id='word_1_852' title='bbox 1889 5517 1959 5565; x_wconf 88' lang='lat' dir='ltr'><strong>ita</strong></span> <span class='ocrx_word' id='word_1_853' title='bbox 1990 5513 2297 5581; x_wconf 84' lang='lat' dir='ltr'><strong>subdolam,</strong></span> <span class='ocrx_word' id='word_1_854' title='bbox 2339 5522 2397 5565; x_wconf 90' lang='lat' dir='ltr'><strong>ut</strong></span> <span class='ocrx_word' id='word_1_855' title='bbox 2420 5515 2648 5565; x_wconf 84' lang='lat' dir='ltr'><strong>aliarqu</strong></span> <span class='ocrx_word' id='word_1_856' title='bbox 2675 5515 2917 5566; x_wconf 87' lang='lat' dir='ltr'><strong>omnium</strong></span> <span class='ocrx_word' id='word_1_857' title='bbox 2944 5517 3111 5568; x_wconf 87' lang='lat' dir='ltr'><strong>nulla.</strong></span> <span class='ocrx_word' id='word_1_858' title='bbox 3150 5516 3281 5569; x_wconf 69' lang='lat' dir='ltr'><strong>Nam</strong></span> <span class='ocrx_word' id='word_1_859' title='bbox 3308 5532 3448 5568; x_wconf 81' lang='lat' dir='ltr'><strong>seu.-</strong></span> 
     </span>
    </p>
   </div>
   <div class='ocr_carea' id='block_1_118' title="bbox 1888 5602 3449 5673">
    <p class='ocr_par' dir='ltr' id='par_1_118' title="bbox 1888 5602 3449 5673">
     <span class='ocr_line' id='line_1_118' title="bbox 1888 5602 3449 5673; baseline 0.001 -17"><span class='ocrx_word' id='word_1_860' title='bbox 1888 5620 1980 5672; x_wconf 77' lang='lat' dir='ltr'><strong>per</strong></span> <span class='ocrx_word' id='word_1_861' title='bbox 2012 5602 2292 5656; x_wconf 84' lang='lat' dir='ltr'><strong>fraudibus</strong></span> <span class='ocrx_word' id='word_1_862' title='bbox 2323 5616 2373 5656; x_wconf 91' lang='lat' dir='ltr'><strong>et</strong></span> <span class='ocrx_word' id='word_1_863' title='bbox 2406 5606 2720 5672; x_wconf 85' lang='lat' dir='ltr'><strong>impostnris</strong></span> <span class='ocrx_word' id='word_1_864' title='bbox 2754 5606 2973 5673; x_wconf 74' lang='lat' dir='ltr'><strong>gaudet,</strong></span> <span class='ocrx_word' id='word_1_865' title='bbox 3000 5608 3197 5673; x_wconf 80' lang='lat' dir='ltr'><strong>quibus</strong></span> <span class='ocrx_word' id='word_1_866' title='bbox 3250 5608 3302 5661; x_wconf 94' lang='lat' dir='ltr'><strong>in</strong></span> <span class='ocrx_word' id='word_1_867' title='bbox 3339 5614 3449 5673; x_wconf 80' lang='lat' dir='ltr'><strong>pri-</strong></span> 
     </span>
    </p>
   </div>
   <div class='ocr_carea' id='block_1_119' title="bbox 1887 5696 3446 5768">
    <p class='ocr_par' dir='ltr' id='par_1_119' title="bbox 1887 5696 3446 5768">
     <span class='ocr_line' id='line_1_119' title="bbox 1887 5696 3446 5768; baseline 0.001 -21"><span class='ocrx_word' id='word_1_868' title='bbox 1887 5697 1990 5748; x_wconf 85' lang='lat' dir='ltr'><strong>mis</strong></span> <span class='ocrx_word' id='word_1_869' title='bbox 2020 5710 2137 5749; x_wconf 87' lang='lat' dir='ltr'><strong>esse</strong></span> <span class='ocrx_word' id='word_1_870' title='bbox 2172 5696 2332 5748; x_wconf 81' lang='lat' dir='ltr'><strong>noxia</strong></span> <span class='ocrx_word' id='word_1_871' title='bbox 2366 5697 2575 5749; x_wconf 86' lang='lat' dir='ltr'><strong>cunctis</strong></span> <span class='ocrx_word' id='word_1_872' title='bbox 2627 5698 2791 5750; x_wconf 90' lang='lat' dir='ltr'><strong>solet.</strong></span> <span class='ocrx_word' id='word_1_873' title='bbox 2823 5696 3030 5751; x_wconf 88' lang='lat' dir='ltr'><strong>Etenim</strong></span> <span class='ocrx_word' id='word_1_874' title='bbox 3086 5711 3203 5750; x_wconf 85' lang='lat' dir='ltr'><strong>eam</strong></span> <span class='ocrx_word' id='word_1_875' title='bbox 3272 5702 3446 5768; x_wconf 81' lang='lat' dir='ltr'><strong>pietu—</strong></span> 
     </span>
    </p>
   </div>
   <div class='ocr_carea' id='block_1_120' title="bbox 1890 5786 3449 5856">
    <p class='ocr_par' dir='ltr' id='par_1_120' title="bbox 1890 5786 3449 5856">
     <span class='ocr_line' id='line_1_120' title="bbox 1890 5786 3449 5856; baseline 0 -19"><span class='ocrx_word' id='word_1_876' title='bbox 1890 5799 1945 5837; x_wconf 69' lang='grc' dir='ltr'><strong>ιιι</strong></span> <span class='ocrx_word' id='word_1_877' title='bbox 1978 5787 2130 5854; x_wconf 89' lang='lat' dir='ltr'><strong>quasi</strong></span> <span class='ocrx_word' id='word_1_878' title='bbox 2157 5788 2391 5853; x_wconf 88' lang='lat' dir='ltr'><strong>quadam</strong></span> <span class='ocrx_word' id='word_1_879' title='bbox 2428 5786 2825 5854; x_wconf 79' lang='lat' dir='ltr'><strong>exprimentes,</strong></span> <span class='ocrx_word' id='word_1_880' title='bbox 2890 5788 3210 5856; x_wconf 84' lang='lat' dir='ltr'><strong>frequenter</strong></span> <span class='ocrx_word' id='word_1_881' title='bbox 3264 5790 3449 5841; x_wconf 80' lang='lat' dir='ltr'><strong>:nlmu-</strong></span> 
     </span>
    </p>
   </div>
   <div class='ocr_carea' id='block_1_121' title="bbox 1886 5877 3445 5948">
    <p class='ocr_par' dir='ltr' id='par_1_121' title="bbox 1886 5877 3445 5948">
     <span class='ocr_line' id='line_1_121' title="bbox 1886 5877 3445 5948; baseline 0.001 -17"><span class='ocrx_word' id='word_1_882' title='bbox 1886 5877 2036 5941; x_wconf 86' lang='lat' dir='ltr'><strong>dum,</strong></span> <span class='ocrx_word' id='word_1_883' title='bbox 2066 5878 2337 5947; x_wconf 87' lang='lat' dir='ltr'><strong>inquiunt,</strong></span> <span class='ocrx_word' id='word_1_884' title='bbox 2368 5877 2586 5933; x_wconf 87' lang='lat' dir='ltr'><strong>honesti</strong></span> <span class='ocrx_word' id='word_1_885' title='bbox 2610 5888 2770 5948; x_wconf 89' lang='lat' dir='ltr'><strong>atque</strong></span> <span class='ocrx_word' id='word_1_886' title='bbox 2794 5880 2940 5936; x_wconf 84' lang='lat' dir='ltr'><strong>utilis</strong></span> <span class='ocrx_word' id='word_1_887' title='bbox 2972 5881 3177 5936; x_wconf 86' lang='lat' dir='ltr'><strong>larvam</strong></span> <span class='ocrx_word' id='word_1_888' title='bbox 3235 5879 3445 5944; x_wconf 85' lang='lat' dir='ltr'><strong>induit;</strong></span> 
     </span>
    </p>
   </div>
  </div>
