4748 6512
159 517 262 580 £53

1568 518 1855 580 ORATIO
1884 521 1979 580 IV.

3297 524 3414 602 454

160 629 500 698 καθαίρεσιν,
534 626 627 681 xui
653 626 761 679 τῶν
793 627 849 678 ὲν
882 625 1131 686 σπονδαῖς
1193 626 1498 692 γεγονότων
1531 628 1738 697 κρατῆ-
1772 633 1811 687 Α
1845 629 2035 695 ρτονῑε.

1531 628 1738 697 κρατῆ-
1772 633 1811 687 Α
1845 629 2062 695 proviso
2088 631 2325 694 advenit,
2362 641 2417 686 et
2471 632 2651 688 acrius
2682 647 2747 689 ac
2812 633 3064 689 furiosius
3124 635 3400 699 irruendo,

160 738 249 772 ou:
286 718 453 772 θέλει.
487 718 597 771 Καὶ
632 718 762 786 περὶ
790 716 884 769 τ’οὖ
913 717 1054 781 πῶς,
1083 719 1112 770 ὁ
1140 716 1297 783 λόγος
1327 718 1461 785 αὐτῇ
1498 718 1728 787 βραχύς.

158 812 326 864 Ὅθεν
363 810 542 863 πάντα
561 809 627 878 δὴ
656 810 859 874 κάλων,
888 808 1105 863 ἅπαντα
1150 807 1299 861 λίθον
1334 824 1348 838 ·
1389 811 1487 862 καὶ
1548 810 1734 863 τοιαύ-

156 918 258 971 την
285 900 503 955 ἃπασαν
530 900 834 970 παροιμίαν
866 901 1011 955 εἴποι
1056 918 1143 966 τις
1177 900 1243 953 ἂν
1293 897 1446 969 οἶμαι
1505 902 1732 965 δικαίως

157 998 284 1064 mp‘:
315 994 423 1047 τῶν
462 993 681 1063 ἐκείνης
738 992 1171 1064 μηχανημάτων.
1240 993 1561 1061 Παρήνεγκε
1622 995 1732 1063 γὰρ

157 1087 420 1155 ἀτεχνῶς,
456 1087 580 1139 ὅτου
614 1086 680 1139 ἄν
703 1101 787 1147 τις
818 1084 931 1154 ἔχοι
988 1084 1299 1155 μνησθῆναι
1328 1085 1636 1155 δυστρόπου
1668 1102 1730 1138 τε

156 1180 252 1229 xui
291 1180 602 1246 εὐμηχάνου
648 1178 783 1245 πρὸς
815 1179 1173 1247 κακουργίαν.
1244 1178 1585 1246 Ἀκήρυκτον
1634 1176 1732 1244 μὲν

156 1273 289 1336 ἡμῖν
320 1270 512 1335 ὲπάγει
536 1268 626 1320 τὸν
654 1268 914 1336 πόλεμον,
948 1267 1159 1336 τρῶσαι
1182 1268 1485 1338 βουλομένη
1508 1269 1614 1337 πρὸ
1636 1269 1729 1322 τοῦ

158 1360 399 1427 φανῆναι
432 1376 448 1392 ·
480 1360 855 1427 νυκτομαχίαν
897 1359 955 1412 δὲ
991 1360 1155 1425 φιλεῖ,
1192 1360 1267 1422 ὡς
1295 1362 1726 1429 καταδαρθάνον-

159 1464 245 1503 σιν
276 1451 591 1517 ἐπιστῆναι,
613 1450 687 1513 ὡς
718 1451 923 1517 φθάσαι
959 1452 1053 1503 τὸν
1088 1452 1350 1520 πολέμιον
1384 1452 1487 1520 πρὸ
1513 1452 1605 1504 τοῦ
1636 1464 1735 1520 γυο

156 1540 376 1608 μνῶσαι
411 1541 472 1591 τὸ
503 1539 676 1606 ξίφος.
708 1540 834 1603 Πῶς
871 1541 979 1611 γὰρ
1018 1540 1084 1594 ἀν
1109 1542 1324 1608 ἐκείνην
1347 1542 1579 1604 διέλαθε,
1636 1544 1733 1595 πό-

156 1651 257 1686 σου
297 1636 464 1703 τιμᾷν
488 1633 638 1698 ἀξιον
660 1634 718 1686 τδ
757 1634 1089 1687 καταλαϐεῖν
1118 1635 1399 1705 αίφνιδῐως
1432 1652 1447 1701 ;
1487 1636 1595 1690 Kal.
1621 1636 1730 1707 γάρ

155 1728 272 1778 ἐστι
294 1725 455 1778 τοῦτο
479 1725 653 1779 δεινὸν
681 1726 776 1779 καὶ
809 1727 1208 1793 γενναιοτάτων
1236 1726 1417 1795 ψυχὰς
1448 1726 1726 1788 κλονῆσαι.

156 1818 277 1871 Κάν
380 1836 431 1871 τι
461 1816 663 1885 κοῦφον
678 1818 741 1870 τὸ
774 1819 1112 1889 προσπεσὸν,
1146 1819 1350 1889 μᾶλλον
1388 1819 1454 1872 ἂν
1490 1820 1728 1890 ἰσχύσειε

153 1910 395 1980 θροῆσαι
418 1911 513 1962 xui
541 1912 667 1973 τοὺς
704 1912 805 1963 οὐκ
836 1911 903 1962 ἂν
949 1910 1151 1980 ῥᾳδίως
1180 1910 1342 1963 τοῦτο
1371 1911 1644 1974 παθόντας
1695 1911 1729 1981 ἡ

154 2018 208 2052 τι
234 2001 640 2071 γινωσκόμενον
670 2003 797 2062 τοὺς
826 2001 1268 2072 ἀγεννεστέρους.
1316 2003 1389 2054 Τὸ
1441 2004 1550 2071 γὰρ
1583 2003 1731 2071 παρά

154 2092 491 2161 προσδοκίαν
527 2093 725 2161 μικρὸν
750 2093 1264 2164 ὲκπληκτικὼτερον
1291 2094 1530 2163 μεγάλου
1561 2111 1730 2165 προσ-

154 2185 493 2254 δοκωμένου.
549 2185 679 2256 Ἐρᾷ
708 2185 801 2237 τοῦ
852 2187 1099 2252 σκότους,
1139 2189 1335 2252 νυκτὸς
1384 2188 1561 2257 αὐτῆς
1602 2190 1731 2241 ἀσε-

155 2274 347 2345 λήνου.
404 2275 637 2348 Ὀμίχλῃ
670 2278 851 2346 χαίρει
886 2280 1106 2350 παχείᾳ,
1138 2279 1371 2348 ἀόρατον
1419 2280 1643 2350 όράσεσι
1670 2279 1732 2332 τὸ

144 2367 355 2435 ,ὁρατόν
373 2383 435 2433 γε
469 2368 721 2437 ποιούσῃ.
759 2369 1008 2432 Συνόδοις
1043 2366 1200 2437 οἶμαι
1239 2371 1447 2438 ταύτην
1498 2369 1731 2437 ἀγάλλε-

152 2458 286 2510 ’σθαι
324 2459 553 2512 τουτωνὶ
583 2459 688 2511 τῶν
721 2460 1126 2530 λαμπροτάτων
1159 2462 1428 2531 ἀστέρων,
1452 2463 1526 2523 ὡς
1555 2461 1729 2531 ταύτῃ

155 2566 222 2616 γε
254 2550 352 2601 τοῦ
386 2548 639 2619 σώματος
671 2551 770 2618 τῆς
829 2551 1086 2620 σελήνης,
1128 2552 1238 2604 τῶν
1286 2553 1580 2623 ὀφθαλμῶν
1638 2555 1731 2606 xui

154 2643 252 2695 τοῦ
276 2641 429 2712 ἡλίου
458 2642 911 2711 μισολαόοὖντος,
956 2643 1031 2713 μὴ
1067 2644 1331 2698 δύνασθαι
1364 2646 1423 2698 τὸ
1476 2647 1608 2699 ῐδιον
1630 2646 1730 2708 τὰς

154 2736 388 2797 ἀκτῖνας
419 2735 555 2802 πρὸς
583 2736 733 2806 ἡμᾶς
783 2737 1140 2806 ἐργάζεσθαι.
1200 2739 1539 2809 Συλλήὸδην.
1591 2742 1729 2811 ὅπερ

154 2826 338 2878 αἴτιον
368 2826 461 2878 τοῦ
490 2826 792 2893 λεληθότως
820 2828 1081 2881 δύνασθαι
1112 2829 1316 2900 βλάϐην
1349 2833 1477 2901 ἡμῖν
1501 2834 1523 2882 ὲ
1534 2832 1732 2901 μποιῆο

158 2936 253 2970 σαι
293 2919 393 2988 τὴν
426 2919 640 2988 ἡδονὴν,
674 2920 827 2988 φίλον
869 2922 1029 2990 αὐτῇ.
1068 2921 1270 2984 Είωθδς
1305 2923 1414 2993 γὰρ
1444 2923 1586 2990 μάλα
1639 2925 1731 2976 xui

155 3008 468 3079 σύντροφον
489 3011 710 3078 ἀφεῖναι
738 3010 838 3079 μὲν
859 3010 1039 3081 λάθρα
1078 3012 1254 3081 βέλος,
1283 3016 1502 3080 ἀφεῖναι
1534 3015 1589 3067 δὲ
1624 3016 1732 3067 πᾶν

156 3101 222 3152 τὸ
261 3100 465 3168 πλῆξον
488 3114 503 3130 °
527 3102 743 3169 ἀφεῖναι
777 3102 855 3165 δὲ,
886 3102 1150 3156 δδίδωσιν
1177 3105 1423 3166 ἐλπίζειν
1454 3105 1597 3173 μάλα
1639 3106 1732 3157 δυ-

157 3193 429 3262 νήσεσθαι
465 3194 692 3263 καιρίαν
712 3195 924 3263 τρῶσαι
954 3195 1191 3265 πληγήν.
1228 3197 1336 3248 Καὶ
1381 3197 1518 3259 ὅλως
1572 3198 1728 3252 πάντ’

1835 721 1978 787 quod
2012 720 2181 787 ipsam
2210 722 2423 786 attinet,
2449 726 2627 778 omnia
2650 726 2761 779 dira
2793 734 3087 794 perpetrat.
3109 727 3224 781 Non
3258 730 3399 784 enim

1837 811 1923 862 illa
1956 814 2151 865 metuit
2186 829 2302 877 eos,
2332 816 2406 866 uti
2435 815 2652 882 quidem
2673 817 2909 877 videtur,
2946 820 3036 882 qui
3061 818 3255 883 saepius
3280 833 3399 871 eam

1833 913 2178 969 superarunt.
2210 901 2326 957 Non
2362 904 2595 959 victores
2645 906 2989 971 reformidat,
3016 922 3118 958 non
3150 921 3246 959 eos
3305 909 3399 972 qui

1834 990 1902 1045 de
1931 992 2043 1059 ipsa
2069 994 2388 1047 diuturnum
2420 1010 2699 1062 sumpsere
2731 998 3053 1065 supplicium
3088 997 3290 1050 furoris
3342 998 3397 1051 in

1834 1097 1892 1136 se
1923 1084 2072 1151 prius
2100 1087 2346 1150 exerciti,
2379 1089 2474 1141 sed
2498 1088 2670 1155 ipsum
2691 1088 2823 1142 illud
2859 1089 3118 1143 continuo
3141 1105 3396 1143 succum-

1833 1173 1962 1226 bere
1993 1190 2088 1243 pro
2127 1175 2253 1230 ludo
2282 1177 2504 1240 ducens,
2536 1181 2722 1232 statim
2753 1187 2932 1233 cret-ta
2960 1196 3147 1234 rursus
3177 1184 3392 1234 eosdem

1835 1267 2104 1334 adoritur,
2154 1271 2308 1339 quasi
2338 1271 2382 1325 si
2419 1287 2757 1340 nequaquam
2791 1272 2923 1326 victa
2956 1274 3165 1326 fuisset.
3193 1277 3266 1326 Ac
3302 1292 3397 1327 ve-

1833 1362 1914 1413 lut
1942 1361 1991 1412 in
2024 1360 2256 1416 ludicris
2278 1364 2457 1431 pueri,
2485 1364 2529 1417 si
2573 1364 2969 1419 ‘colludentium
3013 1367 3242 1433 impulsu
3272 1380 3397 1433 pro-

1833 1460 2145 1505 sternantur
2175 1452 2346 1517 humi,
2378 1469 2571 1509 rursus
2605 1457 2672 1508 ad
2702 1456 2899 1509 Iuctam
2955 1466 3267 1525 resurgunt,
3300 1471 3396 1524 pa-

1834 1543 2047 1609 ratique
2087 1554 2351 1598 suntcum
2382 1546 2452 1599 iis
2486 1562 2699 1601 manum
2737 1562 3043 1613 conserere,
3079 1550 3167 1618 qui
3197 1550 3396 1618 sacpius

1832 1644 1927 1683 eos
1960 1644 2176 1699 quoque
2205 1642 2548 1699 prostrarunt
2582 1654 2596 1687 :
2635 1638 2717 1691 sic
2773 1646 2826 1690 et
2848 1638 2947 1689 ista
2987 1638 3213 1690 minime
3266 1652 3395 1703 pro-

1836 1730 2008 1775 strata
2038 1718 2294 1790 sati'atur,
2327 1725 2419 1778 sed
2478 1740 2664 1779 eorum
2728 1729 3103 1796 congressibus
3139 1731 3229 1800 qui
3276 1744 3397 1783 eam

1832 1815 2082 1868 continua
2136 1815 2513 1871 colluctatione
2568 1827 2848 1885 superant,
2902 1835 3120 1887 semper
3152 1819 3396 1871 oblecta-

1836 1916 1946 1962 tur.
1991 1904 2209 1959 Utinam
2273 1908 2491 1974 quidem
2541 1923 2641 1960 uos
2689 1924 2900 1977 quoque
2940 1911 3279 1965 consimilem
3343 1912 3394 1963 in

1837 1998 2058 2052 modum
2095 1999 2361 2053 adversus
2387 2000 2558 2068 ipsam
2579 2012 2828 2068 suscepta
2892 2003 3187 2055 certamina
3236 2005 3399 2072 perti-

1832 2102 2100 2143 ceremns.
2134 2088 2265 2143 Nam
2294 2105 2356 2142 ea
2391 2092 2744 2144 contentione
2794 2101 2981 2145 contra
3052 2109 3151 2147 nos
3205 2096 3397 2160 utitur,

1831 2188 1891 2232 ut
1915 2194 1980 2233 ne
2001 2180 2284 2234 vivendum
2321 2182 2547 2250 quidem
2583 2190 2806 2247 statuat,
2835 2186 2877 2238 si
2917 2199 3018 2237 nou
3055 2185 3221 2240 etiam
3259 2202 3397 2254 prm-

1830 2272 2123 2327 stantiores
2147 2272 2267 2325 aliis
2290 2275 2682 2341 mancipiorum
2711 2277 2762 2328 in
2798 2292 3004 2329 morem
3058 2277 3273 2330 trahere
3299 2291 3398 2345 pa-

1831 2364 1934 2417 lam
1964 2365 2152 2430 possit.
2191 2364 2341 2430 Quod
2370 2366 2412 2419 si
2444 2367 2566 2435 quis
2619 2368 2685 2420 ad
2723 2368 2839 2435 ejus
2869 2370 3108 2422 assultus
3156 2368 3239 2423 vel
3265 2386 3401 2438 pau-

1832 2452 1939 2506 lum
1965 2454 2213 2519 cesserit,
2244 2464 2337 2509 aut
2366 2457 2613 2509 nonnihil
2648 2457 2891 2511 adnuere
2916 2460 3064 2513 visus
3101 2460 3168 2513 sit
3213 2458 3401 2527 pacili-

1830 2547 2060 2611 cationi;
2094 2548 2197 2600 hoc
2223 2547 2343 2615 ipso
2370 2549 2565 2615 pusillo
2590 2563 2831 2616 arrepto,
2891 2554 3073 2605 statim
3126 2568 3396 2606 summam

1831 2638 1908 2690 rei
1939 2640 2195 2700 somniat.
2224 2652 2278 2692 et
2308 2638 2546 2694 fraudem
2570 2641 2803 2708 aliquam
2837 2644 3129 2698 meditatur
3155 2646 3219 2699 ad
3248 2661 3402 2700 ever-

1832 2730 2039 2784 sionem
2077 2731 2411 2801 negligenter
2445 2747 2504 2786 se
2551 2735 2895 2801 gerentium;
2931 2737 3130 2804 quique
3160 2754 3281 2793 cum
3336 2754 3398 2791 ea

1832 2821 1971 2888 pacti
1999 2828 2124 2874 sunt
2158 2821 2428 2885 inducias,
2479 2839 2574 2877 eos
2604 2823 2749 2892 ipsos
2775 2825 2826 2878 in
2872 2834 3193 2893 potestatem
3257 2830 3401 2884 redi-

1832 2929 1962 2982 gere
1994 2915 2218 2981 cogitat.
2256 2913 2363 2968 Nec
2407 2915 2587 2984 magni
2618 2925 2777 2984 putat
2825 2918 3027 2973 referre
3057 2934 3163 2988 quo
3203 2920 3254 2974 id
3307 2936 3404 2989 pe-

1832 3012 1920 3057 cto
1954 3003 2063 3057 fiat.
2093 3004 2244 3059 Unde
2273 3006 2477 3059 nullum
2523 3021 2629 3059 non
2661 3009 2970 3072 rudentem,
3033 3010 3240 3063 nullum
3292 3027 3398 3064 non

1833 3096 2067 3164 lapidem
2103 3109 2280 3151 movet
2312 3099 2502 3164 :cujus
2532 3099 2748 3167 quidem
2774 3102 2995 3168 generis
3046 3102 3226 3155 omnia
3278 3117 3403 3170 pro-

1834 3190 2016 3243 verbia
2053 3201 2199 3243 recte
2226 3190 2367 3258 quis,
2414 3191 2627 3258 opinor,
2672 3193 2738 3247 de
2798 3193 3174 3249 molitionibus
3226 3195 3401 3263 ipsius

156 3283 462 3354 ἐργάζεται
492 3285 678 3353 κρύφα
707 3287 775 3338 τά
806 3287 926 3339 καθ’
955 3287 1136 3356 ἡμῶν,
1162 3287 1381 3339 ἐπειδὰν
1410 3286 1502 3358 ἐξῇ
1534 3292 1729 3351 ποιεῖν,
1757 3292 1801 3353 C
1832 3283 2031 3351 protule

1534 3292 1729 3351 ποιεῖν,
1757 3292 1801 3353 c
1832 3283 2139 3351 protulerit.
2170 3282 2399 3349 Superat
2422 3283 2567 3336 enim
2594 3284 2777 3350 procul
2836 3286 2999 3340 dubio
3031 3289 3289 3357 quidquid
3342 3288 3397 3342 iit

156 3378 259 3431 xui
313 3377 468 3430 οὐδὲν
506 3378 890 3447 προσίσταται.
929 3381 1026 3432 Ἂν
1090 3379 1147 3432 δὲ
1193 3379 1423 3449 φωραθῇ
1488 3382 1593 3448 πρὸ
1640 3380 1734 3433 τοῦ

156 3470 391 3539 πρᾶξαι,
415 3472 551 3540 πρὸς
584 3471 897 3525 τούναντίον
922 3471 1126 3525 αὐτίκα
1149 3473 1430 3541 τρέπεται,
1468 3472 1560 3524 xui
1585 3472 1737 3525 ἀναί-

154 3563 260 3632 δην
331 3563 510 3615 πάντα
560 3564 729 3625 ποιεῖ,
783 3564 878 3617 xui
937 3564 1288 3632 ἀναισχυντεῖ
1328 3563 1598 3631 φανερῶς,
1644 3563 1739 3616 xui

158 3653 605 3722 ἀναισχυντοῦσα
653 3654 1173 3726 παρῤησιάξεται,ἣ
1211 3654 1266 3705 εί
1291 3671 1373 3717 τις
1420 3656 1511 3707 ἐπὶ
1545 3655 1739 3725 πράγ-

161 3761 303 3812 μασι
338 3743 540 3814 πολλὴν
568 3744 761 3815 ἔχουσι
790 3746 1128 3815 φιλοτιμίαν.
1159 3747 1269 3798 Καὶ
1295 3746 1482 3798 λοιπον
1512 3750 1652 3799 κινεί
1672 3746 1734 3798 τὺ

156 3836 291 3904 δόρυ
319 3837 472 3905 παρά
496 3838 714 3890 πάντων
743 3839 1017 3906 ὁρωμένη,
1061 3836 1153 3889 xui
1184 3836 1370 3889 κοντὸν
1392 3838 1615 3905 ἀφίησιν
1639 3837 1734 3889 ἐπὶ

160 3928 363 3997 στόμα,
388 3928 481 3981 καὶ
501 3928 677 3989 λίθους
701 3931 821 3981 ταῖν
867 3932 1054 3999 ιχεροῖν
1084 3928 1449 3998 ἀμφοτέραιν,
1500 3929 1594 3981 xui
1634 3928 1736 3998 τὴν

168 4018 517 4086 Ἡρακλέους
563 4019 793 4071 ὲπισείει
823 4020 1078 4089 κορύνην.
1112 4021 1268 4072 Ἐστι
1291 4019 1337 4070 δ’
1366 4020 1500 4071 ὅπου
1527 4019 1735 4086 ταύτην

159 4108 259 4159 xui
280 4107 578 4176 καταφέρει
606 4107 847 4177 κεφαλῆς
892 4109 1241 4161 παντάπασιν
1276 4108 1611 4177 ἀφυλάκτου.
1646 4103 1741 4161 Εἶ-

156 4198 232 4251 τά
270 4213 374 4251 που
421 4199 633 4260 καὶτὰς
667 4200 822 4268 ἡνίας
840 4199 1053 4267 ῖφεῖσα,
1088 4198 1333 4269 θρασέως
1367 4198 1509 4267 άγαν
1531 4202 1736 4267 ἐπιπηο

159 4291 253 4362 δᾷ,
282 4292 380 4341 καὶ
411 4292 671 4357 πειρᾶται
698 4290 901 4359 φθάσαι
936 4290 1037 4359 τὴν
1066 4289 1409 4361 συμπλοκὴν,
1462 4292 1557 4342 καὶ
1592 4291 1735 4343 ἑλεῖν

158 4380 445 4434 αὐτοϐοεί.
489 4381 645 4433 Οὕτω
690 4397 752 4447 γε
803 4382 1023 4451 τρόπων
1068 4381 1171 4447 οὐκ
1204 4382 1421 4449 ἀπορεῖ,
1456 4382 1594 4451 πρὸς
1644 4381 1737 4434 τὶν

163 4473 371 4525 σκοπὸν
400 4471 571 4539 αὐτῆς
596 4471 1000 4523 συντεινόντων.
1035 4470 1222 4524 Καὶτδ
1254 4471 1318 4539 δὴ
1358 4471 1735 4541 φοϐερώτερον

164 4566 416 4621 πάντων,
459 4562 551 4612 xui
573 4560 799 4628 μονονοὺ
816 4562 933 4622 ταῖς
953 4560 1154 4628 ψυχαῖς
1182 4561 1492 4628 ἀπόγνωσιν
1542 4562 1737 4629 ἐμποι-

162 4654 263 4705 οῦν
286 4670 299 4683 ·
336 4653 480 4706 νῶτα
512 4652 620 4719 γὰρ
646 4649 816 4703 δοῦσά
847 4667 1002 4715 ποτε,
1030 4650 1331 4718 ἀπράκτων
1352 4652 1461 4702 τῶν
1484 4652 1739 4721 ἐγχειρη-

166 4745 361 4813 μάτων
391 4742 526 4809 αύτῇ
555 4740 829 4809 φανέντων
859 4740 984 4809 ἑξῆς
1012 4740 1269 4793 ἀπάντων
1299 4742 1317 4809 (
1343 4742 1506 4809 μόνου
1537 4742 1645 4808 γὰρ
1672 4742 1738 4794 ἂν

162 4835 255 4903 εἴη
290 4831 429 4884 Θεοῦ
456 4832 517 4883 τὸ
566 4831 850 4891 παντελῶς
896 4832 1167 4899 ἀήττητον
1202 4830 1245 4898 ),
1275 4831 1337 4883 οὐ
1382 4832 1737 4896 καταπίπτει,

159 4928 269 4977 οῦκ
306 4923 517 4989 ἀμελεῖ,
548 4924 647 4973 οὐκ
678 4920 1034 4989 ἀπαγορεύει,
1083 4919 1203 4973 οὐδὲ
1257 4921 1477 4989 μακρὰν
1511 4921 1743 4989 ἀφίστα-

160 5032 284 5077 ται,
315 5011 454 5064 ἀλλά
488 5012 825 5080 περινοστεῖ,
888 5011 982 5062 xui
1017 5009 1382 5071 ἐπιϐουλεύει,
1425 5009 1543 5071 πῶς
1595 5009 1738 5075 οἵει;

162 5109 312 5174 πόσῃ
340 5104 546 5171 σπουδῇ
572 5119 585 5165 ;
608 5102 666 5154 οὐ
694 5101 759 5170 δὴ
782 5102 941 5170 λήγει
975 5102 1253 5171 ράπτουσα
1269 5102 1473 5166 δόλους,
1502 5100 1621 5153 οὐδὲ
1646 5101 1743 5168 λή-

162 5199 248 5263 ξει
276 5196 341 5261 γέ
374 5210 525 5255 ποτε,
548 5191 811 5261 οὔμενουν
833 5193 941 5245 οὐδ’
962 5193 1283 5246 ὁπωστιοῦν.
1306 5193 1441 5244 Οὐδὲ
1472 5192 1577 5261 γάρ
1605 5195 1742 5245 ἀπο-

159 5284 591 5353 γινώσκειμᾶνν
618 5285 646 5338 ὃ
677 5302 731 5337 τι
762 5284 960 5338 πάθοι·
984 5284 1091 5337 οὐδ’
1130 5285 1336 5354 ίλιγγιᾷ
1384 5287 1502 5346 ταῖς
1537 5288 1742 5336 ἀποτυ-

158 5377 341 5447 χίαις,
369 5375 469 5428 κᾶν
493 5375 729 5446 ἀριθμοῦ
749 5377 1030 5446 κρείττους
1058 5377 1318 5443 γένοιντο.
1350 5376 1669 5446 Παρατηρεῖ
1686 5376 1742 5429 δὲ

124 5497 140 5506 -
158 5469 298 5529 τοὺς
318 5468 566 5534 καιροὺς,
581 5468 699 5531 xui,
714 5468 843 5520 ὅταν
867 5468 1103 5536 θύραθέν
1123 5487 1173 5521 τι
1194 5468 1365 5521 δεινὸν
1380 5468 1618 5532 ἐπέλθοι,
1649 5467 1740 5520 τό-

157 5576 224 5611 τε
247 5559 344 5609 xui
365 5558 461 5628 ἦδε
490 5562 741 5625 κινεῖται,
765 5559 994 5627 ἕρμαιον
1020 5560 1346 5629 ἡγησαμένη
1362 5560 1422 5611 τὸ
1439 5558 1738 5628 συμπεσόν.

171 5651 340 5703 Ἐπεὶ
372 5650 465 5701 xui
498 5648 649 5719 μῦες,
679 5651 774 5704 xui
798 5651 1055 5718 αἴλουροι,
1089 5654 1182 5702 xui
1220 5651 1329 5702 πᾶν
1349 5649 1588 5702 τοιοῦτον
1613 5650 1738 5701 κλε-

158 5742 487 5805 πτίστατον,
505 5741 657 5794 λύκοι
672 5758 729 5793 τε
754 5744 842 5794 xui
862 5744 1008 5796 ἅπαν
1026 5742 1387 5812 άρπακτικδν,
1406 5743 1618 5811 ταραχῇ
1646 5742 1739 5793 καὶ

159 5835 305 5905 ζάλῃ
333 5832 535 5902 χαίρει,
552 5832 645 5885 xui
666 5833 941 5902 ῥαγδαίοις
959 5835 1149 5896 ὑετοῖς,
1180 5835 1273 5885 xui
1297 5834 1625 5900 ἀστραπαῖς,
1650 5832 1741 5884 xui

160 5923 426 5999 βρονταῖς
458 5922 732 5993 ἐξαισίοις,
767 5927 863 5978 xui
891 5926 987 5978 ὃτα
1022 5925 1321 5994 τρικυμίαν
1348 5925 1543 5993 ψυχαῖς
1584 5924 1741 5993 ἐντή-

1847 3383 2081 3426 mentem
2113 3372 2272 3425 alicui
2308 3374 2492 3427 venire
2518 3388 2834 3442 perversum
2883 3375 3053 3442 possit
3084 3384 3137 3429 et
3165 3378 3230 3431 ad
3290 3394 3404 3432 ma-

1842 3464 2014 3518 litiam
2040 3465 2395 3532 ingeniosum.
2439 3464 2569 3519 Sine
2595 3465 3014 3520 denuntiatione
3047 3468 3244 3522 bellum
3303 3487 3403 3524 no-

1843 3556 1926 3609 bis
1955 3554 2136 3617 infert,
2175 3555 2467 3609 vulnerare
2499 3555 2651 3622 prius
2693 3556 2880 3611 volens
2906 3572 3066 3625 quam
3097 3560 3401 3629 conspicia-

1841 3656 1950 3701 tur.
1976 3646 2222 3699 Przelium
2255 3659 2578 3701 nocturnum
2630 3656 2800 3714 amat,
2833 3660 2890 3702 ut
2934 3652 3142 3718 sopitos
3207 3667 3401 3722 aggre-

1843 3739 2042 3800 diatur,
2077 3749 2133 3791 ut
2162 3738 2403 3803 hostem,
2438 3740 2589 3807 prius
2625 3757 2786 3809 quam
2819 3742 3025 3811 gladius
3054 3748 3283 3800 nudatus
3311 3747 3400 3811 sit,

1841 3840 2167 3886 antevertat.
2232 3831 2351 3896 Quo
2372 3833 2513 3885 enim
2550 3832 2639 3886 illa
2672 3835 3181 3904 pactoignoraverit
3206 3839 3398 3906 quanti

1840 3923 2101 3980 xStimari
2130 3925 2323 3977 debeat
2367 3924 2685 3991 anticipatio
2746 3936 2966 3993 repente
3023 3926 3205 3981 facta?
3263 3928 3398 3982 Nam

1840 4014 1959 4080 ejus
1992 4012 2304 4067 admiranda
2332 4012 2410 4064 vis
2443 4023 2523 4066 est
2551 4012 2605 4065 iu
2662 4016 3022 4081 percellendis
3085 4020 3249 4072 etiam
3293 4020 3402 4073 for-

1840 4105 2174 4159 tissimorum
2205 4104 2422 4157 animis.
2458 4101 2697 4158 Tametsi
2727 4106 2843 4160 leve
2875 4108 3133 4176 quiddam
3165 4112 3397 4172 accidat,

1839 4197 1959 4265 plus
1989 4205 2166 4247 tau'en
2196 4194 2417 4248 habebit
2444 4195 2641 4248 virium
2678 4200 2743 4248 ad
2771 4197 2886 4251 illos
2938 4214 3151 4268 quoque
3193 4210 3402 4256 terren-

1840 4287 1937 4339 dos
1966 4285 2053 4351 qui
2082 4298 2191 4337 non
2219 4284 2376 4337 facile
2415 4285 2607 4338 terreri
2639 4285 2843 4345 solent.
2870 4272 3031 4356 quam
3068 4290 3212 4357 quod
3264 4306 3399 4356 prte-

1838 4376 2012 4428 visum
2038 4384 2141 4437 est,
2170 4374 2421 4427 recordes
2455 4375 2655 4430 turbet.
2686 4373 2818 4427 Nam
2878 4392 3099 4445 parvum
3146 4379 3400 4448 quiddam

1842 4475 2038 4535 prreter
2086 4465 2546 4532 exspectationem
2627 4465 3021 4520 formidabilius
3063 4479 3148 4523 est
3205 4486 3403 4539 magno

1842 4560 1983 4625 quod
2009 4563 2383 4623 exspectatur.
2417 4555 2697 4611 Tenebras
2724 4567 2889 4621 amat,
2946 4558 3276 4628 illunemque
3302 4580 3401 4612 no-

1841 4657 2007 4701 ctem.
2044 4647 2287 4716 Caligine
2320 4662 2500 4700 crassa
2535 4648 2856 4708 delectatur,
2925 4664 3042 4718 qum
3101 4653 3277 4704 oculis
3320 4653 3400 4705 in-

1839 4738 2137 4807 spectabile
2166 4737 2339 4791 reddit
2391 4739 2533 4806 quod
2600 4739 2930 4806 aspectabile
2982 4747 3088 4793 est.
3133 4740 3397 4806 Equidem

1841 4831 1983 4883 illam
2017 4828 2272 4884 delectari
2290 4828 2673 4897 congressibus
2693 4830 2929 4883 siderum
2966 4829 3396 4885 clarissimorum

1841 4918 2104 4983 arbitror,
2137 4930 2195 4971 ut
2223 4919 2326 4972 hoc
2371 4921 2529 4971 modo
2563 4936 2796 4988 corpore
2851 4922 2993 4973 lunae
3021 4921 3162 4975 inter
3215 4923 3400 4977 oculos

1840 5018 1894 5062 et
1918 5010 2086 5061 solem
2115 5018 2286 5063 semet
2324 5008 2710 5076 interiiciente,
2745 5010 2880 5063 radii
2920 5014 3026 5064 vim
3061 5026 3212 5063 suam
3268 5026 3399 5080 erga

1842 5116 1939 5153 nos
1971 5116 2226 5154 exercere
2248 5111 2543 5165 nequeant.
2578 5100 2655 5152 Ad
2683 5116 2974 5161 summam.
3030 5102 3257 5155 charum
3319 5116 3404 5156 est

1842 5192 2100 5257 voluptati
2144 5191 2401 5259 quidquid
2438 5192 2487 5242 in
2524 5206 2689 5243 causa
2719 5205 2803 5245 est
2838 5202 2896 5245 ut
2957 5193 3095 5245 clam
3136 5208 3233 5247 nos
3287 5194 3405 5246 alli-

1843 5296 1967 5334 cere
1997 5282 2319 5335 detrimento
2343 5283 2535 5351 possit.
2562 5283 2862 5336 Admodum
2890 5287 3032 5338 enim
3059 5287 3105 5339 ei
3139 5287 3406 5341 familiare

1841 5385 1945 5440 est,
1981 5376 2246 5444 quasique
2276 5391 2395 5429 cum
2424 5378 2509 5430 illa
2550 5378 2647 5431 hoc
2682 5379 2937 5441 adolevit,
2970 5391 3027 5430 ut
3058 5381 3194 5433 clam
3230 5381 3395 5434 telum

1842 5468 2056 5522 emittat
2085 5466 2157 5521 ac
2195 5469 2453 5535 quidquid
2522 5472 2887 5522 Sauciaturum
2939 5471 3035 5531 sit.
3081 5472 3130 5524 id
3185 5474 3400 5539 quidem

1844 5563 2078 5625 emittat,
2113 5578 2220 5631 quo
2254 5562 2409 5615 letale
2433 5579 2489 5615 se
2521 5562 2715 5615 vulnus
2743 5560 2990 5623 inﬂigere
3018 5576 3174 5629 posse
3199 5571 3397 5629 speret.

1842 5655 1989 5708 Clam
2042 5655 2275 5721 denique
2333 5664 2519 5707 coittra
2581 5670 2678 5706 nos
2732 5654 2955 5706 omnino
3009 5652 3137 5705 facit
3195 5655 3397 5711 omnia.

1842 5761 1963 5798 cum
1996 5744 2176 5797 facere
2211 5752 2408 5810 potest,
2442 5758 2541 5797 nec
2571 5742 2787 5811 aliquod
2822 5743 3265 5810 impedimentum
3292 5754 3396 5796 est.

1839 5831 1908 5883 At
1956 5832 2007 5883 in
2073 5826 2310 5884 fat-inore
2340 5832 2382 5884 si
2448 5832 2885 5899 deprehendatur
2938 5840 3226 5899 antequam
3281 5845 3394 5883 rem

1845 5922 2129 5990 peregerit,
2158 5936 2277 5974 mox
2312 5922 2364 5975 in
2397 5923 2730 5975 contrarium
2764 5937 2883 5977 sese
2914 5922 3095 5987 vertit,
3118 5932 3171 5974 et
3222 5920 3400 5989 palam
