4748 6512
264 445 299 504 αἱ
310 443 376 505 37

1676 454 1962 516 ORATIO
2009 460 2106 525 iV.

3408 480 3514 544 458

257 552 345 594 τις
386 534 644 603 ήταύτης
689 537 836 604 ἰσχὺς
868 538 968 588 καθ
1044 539 1201 607 ήμῶν
1238 541 1387 591 ἐστιν
1425 542 1504 603 εἰς
1571 542 1630 593 τὸ
1684 544 1827 597 ἀπα·
1859 552 1902 605 Α
1936 550 2132 618 «Ιοι·ίι,‹]

1684 544 1827 597 ἀπα·
1859 552 1902 605 Α
1936 550 2086 611 ἀοι-ιι,
2106 552 2359 621 quodque
2386 554 2458 608 sit
2482 555 2642 625 hujus
2668 560 2954 615 adversum
2984 576 3080 615 nos
3110 563 3159 615 iu
3189 565 3511 635 decipienda

256 625 389 690 τᾷν,
417 626 497 685 εἰς
526 625 586 675 τὸ
616 626 848 687 πείθειν,
890 629 969 690 είς
1022 630 1080 680 τὸ
1114 628 1423 697 βιάζεσθαι.
1480 632 1665 702 Πολλῷ
1723 635 1828 703 γάρ

218 709 412 779 ,εἶναι
440 715 835 786 χαλεπωτέραν
888 721 1033 789 φημὶ
1084 725 1223 788 πρὸς
1271 724 1418 792 ἡμᾶς
1471 724 1639 794 ἧδηῆ
1696 727 1833 794 πρὸς

255 805 395 868 τοὺς
427 808 783 877 προπάτορας
826 810 1014 865 πάλαι.
1079 814 1150 865 Ἢ
1202 812 1310 883 γὰρ
1354 815 1610 892 τοσοῦτον
1638 817 1829 885 εἰργά-

258 912 402 950 σατο
428 898 564 967 πρὸς
590 901 716 963 τοὺς
755 902 1026 971 μηδαμῶς
1063 904 1425 973 μηδεπώποτε
1468 906 1560 959 ὑπ’
1614 910 1833 976 ἐκείνης

252 990 668 1059 κρατηθέντας,
700 993 774 1055 ὡς
797 994 867 1063 δὴ
902 996 995 1048 καὶ
1026 999 1175 1065 σχεῖν
1224 998 1557 1067 ἡττηθέντας
1609 1000 1829 1065 αὐτοὺς,

252 1079 456 1149 ὥσπερ
492 1083 656 1151 ἡμεῖς
689 1085 756 1136 τὰ
790 1085 1118 1156 ἀνδράποδα,
1148 1088 1203 1139 τί
1234 1089 1356 1140 ποτ’
1381 1089 1447 1142 ἂν
1493 1094 1587 1146 καὶ
1612 1091 1830 1161 δράσειε

252 1170 405 1239 πρὸς
436 1172 604 1241 ἡμᾶς,
637 1174 763 1237 τοὺς
796 1175 900 1229 ὑπὸ
928 1178 1038 1230 τῶν
1062 1178 1254 1249 αὐτῆς,
1280 1181 1356 1243 ὡς
1390 1182 1588 1248 είπεῖν,
1623 1184 1828 1252 αίχμασ

245 1262 446 1316 ὶὼτων
469 1263 693 1331 φύντας,
728 1267 822 1319 καὶ
852 1268 988 1338 πρὸς
1010 1270 1070 1322 τὸ
1100 1271 1376 1342 χείριστον
1400 1274 1737 1343 ἐληλακότας
1757 1280 1823 1347 τῇ

246 1355 409 1423 παρὰ
439 1355 549 1408 τῶν
581 1358 872 1424 φυσάντων
905 1360 1163 1431 suam;
1225 1363 1381 1416 “000‘
1436 1369 1469 1436 ή
1508 1367 1712 1437 ταύτης
1738 1370 1827 1423 δύ-

243 1440 441 1513 ναμις,
480 1447 577 1499 καὶ
607 1448 639 1514 ἠ
666 1448 775 1501 τῶν
796 1451 1010 1514 παθῶν,
1036 1450 1275 1524 ἐξαρχῆς
1336 1458 1665 1525 κρατήσασα
1715 1461 1824 1514 τῶν

242 1536 486 1607 πρώτως
510 1542 817 1607 γεγονότων
846 1544 1173 1612 ἀνθρώπων,
1202 1547 1405 1602 ἔπειτα
1452 1550 1539 1602 διὰ
1570 1550 1678 1603 τῶν
1726 1554 1827 1621 μέ·-

242 1646 361 1681 σων
389 1631 653 1685 κατιοῦσα
683 1634 823 1704 πρὸς
853 1637 978 1700 τοὺς
1010 1638 1301 1707 ἐσχάτους,
1363 1644 1494 1712 ῥᾷον
1545 1645 1660 1715 ἔχει
1699 1644 1825 1698 τού-

239 1735 363 1782 τοις
405 1721 705 1789 ἐμπαίζειν
734 1724 766 1791 ἦ
796 1727 909 1789 τοῖς
940 1726 1047 1796 πρὸ
1070 1728 1256 1783 αὐτῶν
1286 1734 1563 1801 γεγονόσι.
1603 1737 1683 1789 Τὰ
1711 1738 1821 1808 γὰρ

236 1811 567 1880 ἀνθρώπεια
596 1816 744 1885 πάθη
768 1818 1046 1889 πολεμίων
1078 1822 1314 1887 σώζουσι
1373 1827 1583 1896 σχῆμα,
1614 1825 1698 1891 οἷς
1752 1831 1814 1883 τὸ

233 1905 520 1973 κρατῆσαι
548 1911 832 1978 καταρχὰς
859 1913 966 1964 τῶν
994 1913 1408 1985 ἀνθισταμένων
1457 1921 1597 1989 μετὰ
1655 1923 1814 1991 μεγίο

234 2008 392 2047 στων
420 1996 632 2064 γίνεται
670 2000 778 2055 τῶν
804 2002 1089 2060 κινδύνων.
1125 2006 1187 2059 El
1218 2007 1263 2060 δ’
1292 2006 1387 2062 οὖν
1427 2009 1573 2076 ἅπαξ
1600 2014 1813 2080 γένοιτο

228 2086 347 2139 τῶν
384 2088 696 2145 ἀντιπάλων
737 2097 1154 2163 περιγενέσθαι,
1187 2100 1373 2154 οὐκέτι
1426 2104 1678 2169 φαίνεται
1711 2124 1809 2176 χα-

230 2178 406 2233 λεπὸν
425 2183 552 2244 τοὺς
584 2185 786 2249 αὐτοὺς
808 2188 1017 2255 φοϐεῖν,
1053 2194 1148 2244 καὶ
1180 2194 1429 2263 τρέπειν,
1462 2197 1557 2249 καὶ
1599 2199 1811 2252 δεικνύ-

231 2291 323 2324 ναι
351 2273 495 2327 νῶτα
538 2274 802 2344 διδόντας,
864 2283 957 2333 καὶ
1012 2266 1114 2352 τὴν
1146 2285 1354 2339 δειλίαν
1390 2290 1623 2356 ταυτηνὶ
1671 2292 1807 2357 μετὰ

233 2365 564 2435 προσθήκης
593 2370 1070 2440 παραπέμπεσθαι
1103 2377 1216 2437 τοῖς
1271 2379 1535 2446 ἐκγόνοις.
1571 2382 1726 2434 Ὤσθ’
1769 2385 1802 2453 ή

226 2457 440 2528 ταύτης
471 2460 596 2513 καθ’
635 2463 793 2531 ἡμῶν
840 2464 1068 2534 δύναμις
1106 2466 1309 2537 μείζων
1357 2472 1474 2525 ἐστὶ
1540 2474 1633 2526 καὶ
1669 2475 1802 2545 δρα-

226 2551 601 2623 στικωτέραῆ
648 2555 788 2624 πρὸς
818 2558 945 2621 τοὺς
971 2559 1271 2631 ἡμετέρους
1326 2564 1646 2633 προγόνους,
1710 2569 1805 2622 καὶ

226 2642 313 2694 ἔτι
346 2642 483 2713 πρὸς
514 2646 641 2708 τοὺς
671 2648 922 2714 ἐκείνων,
944 2649 1049 2714 ἕως
1080 2651 1148 2704 ἂν
1174 2653 1255 2716 είς
1283 2654 1410 2717 τοὺς
1446 2660 1802 2727 προπάτορας

227 2733 572 2797 ὲπανέλθοις.
614 2737 776 2790 Ἀλλά
814 2737 919 2808 μὴν
943 2740 1125 2811 ἐκείνη
1158 2757 1223 2809 γε
1251 2743 1387 2813 πρὸς
1408 2747 1523 2809 τοῖς
1573 2749 1800 2818 εἰρημέ-

227 2842 366 2889 ιοις,
417 2826 560 2892 λέγω
588 2827 646 2881 δὲ
694 2830 794 2900 τὴν
853 2831 1047 2902 ήδονὴν
1080 2832 1198 2901 (καὶ
1245 2835 1325 2887 ἔτι
1362 2837 1469 2906 γὰρ
1500 2838 1799 2910 ἀντέχομαι

223 2920 327 2988 τῆς
371 2921 621 2989 εἰκόνος),
653 2926 779 2986 τοὺς
812 2925 920 2978 τῶν
946 2926 1149 2997 ἰατρῶν
1181 2929 1538 2999 ὑποκρίνεται
1577 2934 1794 2997 παῖδας.

227 3012 500 3069 Παοαινεῖ
533 3016 601 3068 τὰ
626 3016 761 3086 πρὸς
791 3017 1028 3086 ὑγίειαν,
1071 3017 1157 3072 ἴνα
1180 3018 1255 3089 δῷ
1277 3019 1355 3090 τῷ
1392 3021 1606 3091 σώματι
1630 3041 1792 3093 σφρι-

219 3107 352 3176 γᾷν,
390 3108 602 3160 καὶτὸν
626 3110 727 3177 τῆς
752 3110 934 3180 ψυχῆς
971 3112 1263 3183 παραλύσῃ
1297 3114 1470 3168 τόνον.
1502 3116 1619 3168 Κᾶν
1654 3119 1791 3169 ἀπο-

1935 641 2334 706 persuadendo,
2357 649 2600 715 cogendo
2628 650 2758 704 rohu
2770 668 2812 705 r.
2832 653 3037 723 Quippe
3058 657 3213 713 nobis
3232 660 3373 713 il!am
3394 682 3516 720 esse

1938 730 2269 787 infestiorem
2303 737 2390 789 aio
2427 754 2589 805 quam
2625 741 2750 795 olim
2786 748 3082 813 majoribus
3128 752 3230 807 illis
3284 761 3511 814 nostris.

1936 817 2069 872 Nam
2120 839 2239 891 qum
2275 835 2481 881 tantum
2518 829 2730 885 efﬁcere
2766 840 2937 904 potuit
2975 843 3236 898 adversus
3275 862 3369 903 eos
3418 857 3511 920 qui

1934 916 2001 967 ab
2028 915 2143 982 ipsa
2177 920 2405 972 necdum
2436 937 2669 991 unquam
2696 927 2823 981 victi
2855 930 3088 998 fuerant,
3120 948 3176 990 ut
3206 952 3301 993 eos
3326 943 3509 998 itidem

1932 1005 1984 1057 in
2039 1017 2357 1072 potestatem
2422 1015 2668 1073 redactos
2729 1022 2977 1091 haberet,
3032 1029 3108 1082 uti
3163 1043 3348 1086 nostra
3410 1053 3509 1091 nos

1933 1100 2226 1167 mancipia,
2294 1105 2419 1171 quid
2454 1124 2557 1161 non
2592 1112 2839 1179 designet
2871 1118 2921 1171 in
2951 1135 3068 1185 nos,
3104 1124 3192 1189 qui
3230 1140 3294 1178 ex
3340 1129 3508 1193 ipsius

1935 1190 2015 1257 (ut
2043 1192 2110 1245 ita
2147 1195 2399 1265 dixerim)
2434 1203 2665 1269 captivis
2704 1210 2812 1261 nati
2881 1227 3087 1281 sumus,
3123 1226 3179 1271 et
3210 1222 3504 1287 pessimam

1929 1281 1995 1333 ad
2030 1285 2421 1354 conditionem,
2460 1305 2525 1344 ex
2584 1310 2769 1351 eorum
2806 1304 2898 1368 qui
2935 1320 3032 1357 nos
3067 1322 3501 1377 progenuerunt,

1934 1376 2280 1432 successione
2338 1383 2590 1439 redacti?
2628 1389 2746 1454 Quo
2780 1393 2860 1455 fit,
2907 1407 2966 1451 ut
3002 1407 3104 1451 tam
3140 1402 3307 1466 ipsius
3337 1422 3500 1475 quam

1927 1459 2181 1517 vitiorum
2236 1469 2339 1533 vis,
2373 1472 2440 1525 ab
2495 1474 2650 1531 initio
2706 1488 2974 1550 superatis
3035 1491 3343 1549 hominibus
3395 1500 3500 1554 illis

1925 1552 2156 1621 primum
2194 1561 2448 1628 conditis,
2479 1567 2673 1624 deinde
2722 1589 2814 1641 per
2846 1578 3195 1638 iutermedios
3221 1590 3285 1641 ad
3315 1574 3498 1647 extre-

1925 1660 2039 1700 mos
2090 1649 2465 1711 descendendo
2523 1675 2830 1732 progressa,
2882 1670 3094 1729 facilius
3139 1677 3221 1733 his
3275 1681 3500 1739 illudere

1923 1736 2094 1803 possit
2142 1754 2298 1807 quam
2336 1746 2573 1815 ipsorum
2610 1757 2927 1824 majoribus.
2963 1763 3204 1821 Humana
3262 1789 3496 1843 namque

3264 1823 3329 1826 ,-_
3357 1823 3495 1843 ..τα

1922 1823 2049 1879 vitia
2076 1832 2306 1896 speciem
2340 1841 2630 1904 quamdam
2682 1846 2913 1903 hostium
2941 1858 3319 1924 praaseferunt,
3356 1882 3495 1932 quo-

1924 1930 2038 1969 rum
2077 1919 2143 1974 de
2171 1924 2498 1984 adversariis
2529 1934 2755 1990 victoria
2808 1956 2913 1995 non
2946 1946 3047 2000 nisi
3101 1954 3353 2009 maximis
3399 1973 3496 2024 pe-

1921 2006 2105 2065 riculis
2133 2026 2365 2073 constat.
2401 2018 2596 2076 Verum
2628 2028 2673 2080 si
2707 2034 2871 2085 semel
2905 2043 3192 2095 usnveniat
3224 2057 3285 2099 ut
3330 2063 3491 2116 supe-

1919 2099 2090 2154 riores
2137 2106 2373 2164 inimicis
2431 2116 2689 2181 evadant,
2734 2137 2839 2177 non
2876 2125 2981 2194 jam
3013 2131 3227 2189 dillicile
3275 2140 3491 2196 videtur

1915 2193 2148 2259 amplius
2172 2200 2390 2254 eosdem
2436 2215 2487 2257 et
2532 2211 2808 2277 territare,
2840 2227 2893 2269 et
2918 2231 3181 2288 avertere,
3214 2235 3268 2281 et
3295 2246 3488 2301 cogere

1913 2294 2062 2351 terga
2117 2288 2268 2353 dare,
2320 2304 2485 2364 atque
2543 2299 2684 2357 hanc
2739 2305 3079 2368 formidinem
3132 2319 3199 2371 ad
3239 2334 3488 2389 poszeros

1910 2375 2073 2430 etiam
2108 2395 2227 2434 cmn
2259 2390 2576 2446 accessione
2602 2398 2836 2463 quadam
2871 2408 3263 2466 transmittere.
3293 2413 3489 2479 Quam-

1911 2467 2099 2524 obrem
2144 2474 2224 2528 vis
2260 2478 2401 2533 illius
2438 2483 2697 2541 adversus
2739 2506 2834 2545 nos
2885 2495 3054 2564 major
3083 2510 3169 2555 est
3196 2514 3251 2558 et
3302 2507 3485 2563 effica-

1910 2560 2045 2628 cior,
2095 2581 2257 2634 quam
2304 2572 2566 2631 adversus
2604 2593 2817 2639 nostros
2866 2603 3119 2660 proavos,
3179 2606 3231 2650 et
3267 2601 3482 2657 illorum

1908 2652 2093 2708 itidem
2126 2659 2388 2730 majores,
2420 2668 2593 2725 donec
2630 2674 2695 2726 ad
2722 2675 2868 2743 ipsos
2894 2686 3111 2750 generis
3143 2689 3349 2756 primos
3378 2710 3478 2749 au-

1904 2754 2087 2803 ctores
2161 2756 2507 2816 ascendendo
2567 2772 2873 2832 pervenias.
2944 2776 3231 2835 Enimvero
3285 2798 3480 2853 prmtcr

1904 2853 1964 2893 ea
1997 2856 2116 2908 qua:
2144 2845 2285 2903 dicta
2312 2862 2458 2919 sunt,
2506 2858 2743 2916 medicos
2777 2862 2888 2930 illa,
2947 2870 3191 2940 voluptas
3253 2878 3476 2948 inqu'am

2876 2929 2879 2930 ν
3075 2929 3085 2940 .
3320 2929 3476 2948 τ--η

1901 2929 2101 2999 (adhuc
2149 2938 2290 2992 enim
2346 2942 2564 3012 imagini
2604 2961 2799 3008 nostra:
2854 2958 3153 3033 inliaareo),
3211 2969 3476 3029 imitatur.

1900 3021 2129 3089 Operam
2164 3030 2458 3089 valetudini
2504 3041 2733 3098 dandam
2774 3062 2976 3118 monet,
3022 3067 3079 3109 ut
3130 3065 3349 3129 corpori
3381 3081 3474 3121 oc-

1900 3118 2178 3172 caslonem
2217 3122 2531 3183 lasciviendi
2570 3138 2807 3204 prmbeat
2851 3144 3127 3216 animique
3169 3161 3476 3215 contentio-

224 3201 463 3270 σοῦηθῇ,
495 3201 595 3253 κᾶν
632 3204 1012 3276 ἀποκρουσθῇ,
1040 3205 1145 3258 κᾶν
1178 3206 1375 3276 ῥάϐδον
1402 3207 1622 3280 δέξηται
1651 3211 1791 3262 κατὰ
1825 3216 1869 3273 c
1904 3222 2027 3262 nem
2056 3227 2099 3264 rt

1608 3226 1622 3257 ι
1651 3211 1791 3262 κατὰ
1825 3216 1869 3273 c
1904 3222 2027 3262 nem
2056 3213 2281 3269 relaxet.
2316 3217 2578 3283 Quamvis
2623 3229 2895 3300 abigalur,
2944 3245 3192 3308 quamvis
3245 3254 3478 3318 repella-

221 3294 498 3362 κορυφῆς,
531 3297 622 3346 καὶ
652 3298 831 3361 ταυτὶ,
872 3298 966 3349 καὶ
1016 3297 1085 3350 τὰ
1120 3298 1345 3352 τοιαῦτα
1402 3300 1564 3370 λῆρος
1609 3303 1786 3371 αὐτῇο

217 3385 325 3438 κᾶν
349 3386 653 3457 διαπτύσῃς
694 3388 891 3459 αὐτὴν,
925 3391 1019 3441 καὶ
1057 3391 1215 3443 τοῦτο
1254 3393 1538 3460 μυριάκις,
1574 3398 1791 3463 συχνοῖς

214 3493 333 3529 τισι
379 3480 605 3541 πάττεις
637 3481 832 3547 ῥόδοις.
864 3482 1036 3546 Ὅλως
1065 3486 1257 3549 ὁσάκις
1290 3488 1547 3559 ὑϐρισθῇ,
1589 3508 1788 3542 τοσαυ-

213 3570 377 3632 τακις
436 3571 574 3625 αὐτὴ
621 3572 972 3642 προσϐάλλει.
1028 3578 1404 3645 Φιλοτιμεῖται
1457 3583 1558 3651 τὴν
1620 3584 1787 3652 ὕδραν

216 3664 617 3729 παρενεγκεῖν·
652 3665 744 3715 καὶ
774 3665 935 3719 τοῦτό
965 3684 1029 3734 γε
1072 3668 1194 3737 μεθ’
1234 3673 1366 3739 ὅσης
1420 3674 1732 3743 ὑπερϐολῆς
1770 3694 1783 3741 ;

222 3754 324 3805 Ἂν
350 3754 534 3824 τμηθῇ
574 3756 675 3825 τὴν
725 3759 992 3828 κεφαλὴν,
1028 3761 1407 3832 πολυκέφαλος
1434 3766 1595 3829 εὐθὺς
1654 3771 1787 3821 ἀνα-

215 3844 492 3907 φαίνεται.
525 3848 644 3900 Κᾶν
673 3850 886 3920 ήττηθῇ
924 3855 1293 3923 κατακράτος,
1328 3860 1421 3910 καὶ
1446 3860 1710 3929 τρόπαιόν
1731 3880 1782 3914 τι

214 3934 274 3998 ἐξ
309 3936 480 4005 αὐτῆς
504 3938 692 4010 ἐγείρῃ
735 3941 882 4009 μάλα
934 3943 1189 4014 λαμπρὸν
1246 3948 1507 4017 (εἰρήσθω
1537 3952 1643 4021 γάρ
1695 3970 1783 4021 μοι

212 4027 311 4079 καὶ
334 4027 495 4080 τοῦτο
524 4030 585 4081 τὸ
631 4030 1020 4103 ὑπερϐάλλον),
1061 4037 1245 4107 ἐκείνη
1275 4040 1333 4090 δὲ
1367 4041 1427 4092 τὸ
1458 4042 1581 4094 καθ’
1611 4042 1781 4113 αὐτὴν

210 4120 579 4190 χαλεπωτέρα
611 4125 869 4193 πειρᾶται
892 4126 1200 4194 φαίνεσθαι.
1228 4130 1348 4183 Κᾶν
1378 4133 1587 4202 ἀλήτης
1621 4137 1781 4205 γένη-

207 4227 301 4261 ται
335 4212 428 4262 καὶ
457 4213 656 4280 φυγάς,
682 4214 782 4267 κᾶν
802 4221 942 4285 πρὸς
973 4219 1245 4289 ἀνύδρους
1276 4224 1519 4295 πορευθῇ
1551 4228 1774 4291 τόπους,

208 4301 373 4353 πάλιν
398 4303 757 4373 ἐπανέρχεται
787 4307 990 4377 ἑαυτῆς
1029 4312 1472 4379 πολλαπλασίων,
1506 4318 1646 4370 κατά
1678 4318 1803 4387 τὴν-

206 4394 393 4446 εἰκὸνα
424 4396 645 4465 ἐκείνην
674 4396 770 4450 τοῦ
822 4400 1141 4468 ἀκαθάρτου
1178 4405 1512 4473 πνεύματος.
1563 4409 1775 4464 Οὔκουν

206 4502 271 4551 γε
292 4486 646 4556 διαλιμπάνει
673 4493 833 4543 ταυτὶ
869 4495 1121 4562 ποιοῦσα,
1152 4499 1243 4551 καὶ
1268 4499 1349 4552 ἔτι
1367 4500 1560 4571 χείρω.
1583 4503 1771 4567 Οὕτως

202 4574 437 4637 ἀναιδὲς,
468 4580 562 4631 καὶ
593 4579 975 4651 ἀναίσχυντον,
1003 4588 1100 4640 καὶ
1147 4591 1401 4659 μανικὸν,
1436 4594 1531 4646 καὶ
1562 4597 1770 4666 κακόη-

202 4666 313 4727 θες.
356 4667 542 4721 Πάντα
595 4671 826 4739 πράττει
859 4675 956 4727 σὺν
988 4677 1299 4747 ίταμότητι.
1337 4683 1514 4746 Κυνὸς
1562 4687 1768 4755 ὄμματ’

204 4754 338 4822 ἔχει,
386 4758 615 4827 κραδίην
644 4761 690 4812 δ’
720 4762 820 4816 οὐκ
848 4764 1094 4834 ἐλάφοιο,
1137 4770 1254 4822 ἀλλ’
1280 4766 1361 4835 οἷς
1396 4774 1565 4839 πολὺς
1680 4780 1771 4832 κό-

199 4858 291 4907 τος
325 4847 406 4897 ἐνὶ
466 4849 726 4919 στήθεσσι
757 4853 931 4908 πέλει.
963 4858 1108 4927 Πρὸς
1165 4861 1224 4913 ἓν
1269 4880 1323 4916 τι
1360 4864 1572 4933 βλέπει,
1630 4870 1768 4939 πρὸς

202 4933 261 4983 ἓν
291 4935 411 5003 ὁρᾷ,
463 4935 523 4987 τὸ
573 4940 979 4997 καταπαλαῖσαι
1032 4946 1159 5009 τοὺς
1218 4953 1451 5021 ταυτησὶ
1500 4957 1769 5022 φανέντας

201 5026 483 5091 ἀμείνους.
519 5028 827 5084 Φιλονεικεί
854 5033 952 5102 τὴν
974 5029 1148 5104 ἧτταν
1180 5040 1649 5110 ἀνακαλέσασθαι,
1672 5049 1767 5102 καὶ

200 5116 380 5186 πολλῷ
412 5117 489 5185 τῷ
516 5120 762 5189 περιόντι
794 5126 1052 5191 γενέσθαι
1108 5130 1378 5199 κρείττων
1417 5136 1669 5201 ἐκείνων,
1718 5141 1775 5191 οἵ

194 5224 257 5271 γε
308 5209 602 5275 κρείσσους
663 5215 881 5283 ταύτης,
931 5219 1205 5286 ἐγένοντο.
1262 5222 1483 5278 Τούτων
1532 5228 1764 5299 δεύτερα

194 5302 368 5352 πάντα
398 5301 604 5370 τίθησι,
639 5307 735 5357 καί
762 5309 1195 5379 είκατορθὼσειε
1225 5316 1406 5384 μόνον,
1441 5320 1595 5371 οὐδὲν
1630 5322 1764 5373 ὐπο-

192 5391 467 5459 ὶογίζεται
503 5395 611 5447 τῶν
648 5397 864 5463 δεινῶν,
892 5402 954 5454 οὐ
987 5402 1097 5455 τῶν
1126 5407 1397 5476 φοϐερῶν,
1431 5411 1491 5461 ού
1533 5411 1645 5463 τῶν
1672 5414 1761 5466 λυ-

193 5482 409 5552 πηρῶν,
436 5484 497 5536 οὑ
522 5487 628 5539 τῶν
660 5489 959 5559 αἰσχίστων
1011 5496 1229 5551 πάντων
1259 5500 1422 5568 ὁμοῦ.
1460 5503 1653 5555 Καίτοι
1706 5507 1757 5556 τί

190 5575 332 5643 λέγω
367 5576 672 5645 αἰσχίστων
700 5597 715 5644 ;
752 5581 890 5635 ὅπου
921 5600 983 5651 γε
1033 5586 1129 5639 καὶ
1170 5587 1381 5652 τούτοις
1416 5591 1756 5655 ἐγκαλλωπί-

191 5668 360 5732 ζεται,
396 5670 492 5720 καὶ
521 5670 724 5738 μδίλλο·Ι
760 5674 942 5745 χαίρει
971 5677 1037 5728 δι’
1063 5680 1244 5733 αὐτῶν
1278 5683 1308 5750 ἢ
1367 5683 1574 5737 τούτων
1621 5687 1753 5739 ἄνευ

190 5760 479 5829 κρατῆσαι.
516 5762 701 5826 Ἄξιον
725 5765 782 5817 δὲ
824 5769 1046 5823 κάκεῖνο
1100 5772 1389 5842 λεχθῆναι
1446 5778 1754 5845 τηνικαῦτα

191 5850 360 5907 λύπην
415 5854 652 5923 ἐντίθησι
708 5861 828 5921 ταῖς
885 5860 1109 5931 ψυχαῖς,
1168 5868 1403 5933 ὁπηνίκα
1474 5888 1535 5935 γε
1588 5871 1756 5943 ἐχρῆν

509 5951 781 6012 Γιτιιοι.
831 5956 947 6015 Gn.
999 5957 1191 6020 CLVI.

1902 3312 2007 3364 tur,
2040 3310 2289 3374 quamvis
2346 3313 2397 3365 iu
2428 3327 2594 3385 caput
2622 3320 2784 3379 fustis
2816 3327 3170 3403 impingatur,
3210 3350 3393 3399 tamen
3420 3357 3475 3400 et

1901 3395 2013 3448 hrcc
2056 3408 2109 3451 et
2172 3401 2272 3454 alia
2307 3406 2435 3459 talia
2494 3411 2649 3466 nihili
2683 3415 2833 3472 facit.
2870 3420 3129 3488 Quamvis
3175 3446 3294 3486 eam
3342 3454 3474 3492 con-

1896 3503 2082 3557 spuas,
2137 3504 2192 3547 et
2239 3496 2435 3552 millies
2483 3504 2725 3571 quidem,
2779 3513 2911 3567 nihil
2960 3516 3076 3586 agis
3120 3522 3264 3579 aliud
3307 3545 3468 3598 quam

1894 3581 2039 3647 quod
2078 3598 2230 3640 rosas
2266 3588 2315 3641 in
2342 3604 2459 3644 eam
2494 3597 2720 3656 crebras
2751 3608 2980 3677 spargis.
3017 3610 3241 3677 Quoties
3266 3634 3466 3678 contu-

1895 3673 2092 3727 mehiis
2124 3675 2313 3733 affecta
2358 3682 2541 3749 fuerit,
2600 3691 2760 3747 toties
2814 3673 3072 3766 impetum
3118 3706 3171 3759 in
3223 3724 3320 3765 nos
3355 3713 3468 3781 ipsa

2892 3759 2901 3766 .
3225 3759 3317 3765 --η
3358 3759 3468 3781 1”“

1892 3759 2043 3818 facit.
2092 3766 2323 3838 Hydram
2388 3776 2558 3843 ipsam
2608 3784 2830 3841 vincere
2876 3792 3087 3861 nititur,
3147 3809 3203 3853 at
3257 3819 3492 3871 quanta

1890 3867 2073 3919 quaeso
2096 3872 2217 3911 eum
2248 3872 2681 3934 cxsuperantia?
2712 3874 2765 3928 Si
2803 3892 2967 3946 caput
3003 3886 3050 3937 ei
3112 3892 3461 3961 praecidatur,

1896 3942 2019 3961 Δημι·
2087 3948 2121 3961 -⁶
2338 3954 2349 3961 ·
2385 3956 2394 3961 ⁵

2875 3942 2883 3946 .
3113 3942 3124 3955 .
3235 3942 3461 3961 νεί-η--ν

1890 3942 2179 4000 confestim
2239 3954 2528 4025 multiceps
2589 3967 2945 4034 conspicitur.
3007 3973 3063 4027 Si
3119 3981 3357 4038 maxima
3411 3988 3461 4041 vi

1886 4031 2138 4103 superata
2163 4041 2343 4111 fuerit,
2379 4064 2441 4104 ac
2487 4061 2749 4123 tropmum
2792 4062 2860 4117 de
2915 4081 2976 4120 ea
3015 4071 3169 4126 valde
3216 4077 3461 4145 splendi-

1886 4129 2010 4182 dum
2047 4142 2319 4191 statuatur
2367 4140 2550 4206 (liccat
2604 4150 2749 4203 enim
2794 4152 2896 4209 hoc
2930 4173 3148 4226 quoque
3197 4129 3328 4220 mihi
3367 4186 3461 4239 per

1884 4224 2303 4287 superlationem
2335 4232 2513 4304 ell'ari)
2545 4277 2558 4299 ,
2607 4246 2792 4297 tamen
2834 4252 2978 4314 quod
3016 4224 3187 4319 ipsam
3242 4224 3453 4329 attidet,

1885 4312 2223 4374 infestiorem
2246 4337 2306 4376 se
2337 4324 2615 4385 declarare
2646 4347 2899 4391 conatur.
2940 4341 3090 4398 Licet
3137 4352 3454 4418 vagabunda

1883 4404 1974 4459 ﬁat
2037 4418 2090 4462 et
2150 4410 2395 4481 fugitiva,
2451 4418 2577 4474 licet
2632 4426 2697 4477 ad
2763 4429 3023 4498 inaquosa
3061 4436 3181 4493 loca
3206 4404 3454 4513 ipergat,

1883 4504 2061 4552 tamen
2096 4500 2168 4554 ita
2196 4508 2512 4575 revertitur,
2547 4521 2605 4567 ut
2633 4528 2692 4570 se
2736 4518 2909 4587 ipsam
2964 4542 3192 4583 numero
3242 4535 3448 4601 vincat,

1881 4590 2185 4647 secundum
2226 4594 2370 4651 illam
2405 4600 2669 4660 immundi
2692 4610 2919 4677 spiritus
2944 4615 3455 4696 imaginem.Neque

1881 4687 2061 4735 tamen
2109 4695 2165 4738 et
2209 4686 2325 4743 haec
2356 4702 2411 4744 et
2457 4692 2730 4755 deteriora
2764 4719 2983 4775 quoque
3016 4686 3194 4768 facere
3226 4718 3446 4785 desinit,

1878 4774 2014 4832 adeo
2060 4780 2314 4845 quiddam
2349 4785 2772 4848 inverecundum
2806 4806 2860 4851 et
2897 4774 3203 4869 impudens.
3258 4819 3312 4864 et
3367 4774 3451 4866 fu;

1876 4864 2101 4930 riosum,
2137 4879 2192 4920 et
2228 4873 2520 4942 malignum
2554 4893 2656 4935 est.
2692 4881 2993 4942 lnsolenter
3048 4896 3229 4948 omnia
3287 4897 3444 4954 facit.

1874 4953 2113 5012 Caninos
2161 4961 2379 5028 quidem
2431 4970 2622 5026 oculos
2656 4973 2838 5042 habet,
2872 4990 2926 5032 at
2959 4996 3055 5034 cor
3112 5000 3217 5040 non
3266 4992 3449 5046 cervi-

1874 5063 2021 5113 num,
2055 5053 2149 5106 sed
2176 5068 2364 5111 eorum
2386 5063 2583 5129 quibus
2613 5065 2705 5122 irae
2735 5070 2817 5126 vis
2853 5072 3042 5142 ingens
3068 5090 3149 5132 est
3173 5081 3225 5134 in
3258 5096 3446 5149 pecto-

1872 5151 1953 5193 re.
1991 5138 2167 5196 Unum
2212 5145 2316 5202 hoc
2350 5150 2615 5220 intuetur,
2654 5173 2816 5213 unum
2869 5162 2969 5219 hoc
3021 5170 3263 5235 respicit.
3298 5182 3356 5227 ut
3388 5191 3448 5231 se

1871 5232 2124 5289 fortiores
2153 5252 2216 5291 ac
2256 5246 2567 5311 superiores
2597 5263 2932 5314 prosternat.
2987 5256 3249 5317 Damnum
3282 5281 3442 5321 acce-

1869 5332 2019 5391 ptum
2082 5328 2453 5401 redintegrare
2489 5343 2786 5407 contendit,
2828 5357 2882 5398 et
2917 5347 3021 5402 illis
3080 5350 3233 5422 longe
3285 5371 3449 5425 supe-

1872 5416 1984 5467 rior
2011 5421 2242 5476 evadere
2275 5427 2365 5493 qni
2392 5429 2541 5495 prius
2566 5446 2684 5485 eam
2728 5436 3069 5494 devicerunt.
3106 5443 3200 5499 llis
3259 5455 3441 5503 omnia

1869 5514 2162 5578 p05tpouil,
2197 5531 2319 5584 quae
2346 5521 2389 5573 si
2424 5520 2689 5579 duntaxat
2747 5529 2977 5610 feliciter
3009 5536 3275 5604 obtineat,
3308 5542 3441 5599 nihil

1865 5604 2091 5658 omnino
2128 5610 2303 5663 dirum
2365 5626 2609 5689 reputat,
2668 5622 2802 5676 nihil
2882 5604 3246 5698 formidabile,
3297 5638 3433 5691 nihil

1867 5695 2041 5758 triste,
2074 5700 2207 5753 nihil
2239 5704 2317 5756 vel
2356 5704 2721 5764 fmdissimum
2782 5730 3023 5773 veretur.
3061 5722 3120 5775 Et
3176 5727 3303 5793 quid
3338 5745 3438 5798 ego

1863 5785 1931 5839 de
1966 5785 2280 5848 fmdissimis
2312 5795 2505 5865 loquor
2531 5801 2553 5853 ?
2579 5809 2794 5871 quando
2836 5810 2887 5861 iu
2927 5811 3007 5865 eis
3041 5816 3153 5881 ipsa
3187 5785 3286 5870 sibi
3319 5785 3440 5887 pl;-

1865 5887 1967 5944 cet,
2026 5882 2305 5953 magisque
2365 5902 2459 5955 per
2512 5906 2573 5947 ea
2617 5911 2818 5963 .quam
2876 5902 3077 5971 absque
3133 5908 3213 5962 eis
3278 5912 3438 5980 potiri

3046 5999 3116 6058 15
