4748 6512
1249 399 1359 463 459

2431 394 2830 457 MANUELIS
2867 394 3313 457 PALAIOLOGI

4369 391 4484 456 ιεο

1248 512 1474 568 victoria
1536 512 1752 584 gaudet.
1813 511 1945 567 Illud
2011 511 2175 565 etiam
2256 519 2498 566 meretur
2554 511 3118 579 indicari.As<mcpa

2614 511 2811 566 dicari.
2843 518 2885 573 Α
2915 511 3397 590 ἐστεφανωμένους
3452 509 3599 578 ήμίς
3649 506 3915 578 χορεύειν.
3960 505 4322 575 Ἢττηθεὶσης
4366 512 4487 573 γάρ

1246 606 1401 660 Tunc
1432 605 1628 659 animis
1681 604 1920 657 dolorem
1980 601 2140 666 indit,
2190 616 2316 656 cntn
2377 617 2475 657 nos
2527 614 2813 658 coronatos

1249 699 1548 769 tripudiare
1578 713 1676 767 par
1735 707 1872 749 erat.
1905 695 2039 748 Cum
2081 699 2226 748 enim
2284 697 2394 764 ipsa
2456 703 2709 765 superata
2762 703 2815 749 et

1243 805 1412 845 ovare
1439 805 1538 844 nos
1567 803 1777 857 aequum
1805 788 1894 852 sil,
1928 796 1981 842 et
2003 802 2124 840 cum
2159 786 2341 842 laetitia
2370 787 2661 852 exsultare,
2715 801 2816 841 nos

1247 901 1276 940 e
1301 885 1516 938 diverso
1540 882 1726 936 tristes
1753 895 1963 945 sumus;
1997 880 2241 948 adeoque
2273 895 2465 933 novum
2495 889 2548 933 et
2576 879 2817 934 insolens

1247 974 1502 1043 quiddam
1537 971 1690 1026 nobis
1728 973 1998 1033 usuvenit,
2060 974 2149 1040 qui
2193 985 2482 1026 tnmrorem
2545 986 2646 1026 ceu
2700 971 2814 1025 fru-

1245 1078 1392 1120 etum
1440 1065 1729 1134 quemdam
1775 1063 2014 1118 victoriae
2067 1075 2430 1132 reponemus.
2491 1063 2584 1120 Vel
2639 1065 2817 1135 potius

1249 1157 1374 1211 novi
1411 1155 1546 1210 nihil
1597 1157 1754 1210 nobis
1819 1155 2039 1210 accidit.
2097 1155 2490 1226 Cetrigendum
2541 1164 2626 1210 est
2671 1155 2817 1210 enim

1248 1253 1395 1320 quod
1444 1250 1703 1303 diximus.
1760 1247 1970 1314 Quippe
2029 1260 2136 1300 non
2205 1256 2494 1316 propterea
2573 1246 2819 1303 dolemus

1249 1340 1395 1408 quod
1437 1338 1663 1392 victoria
1711 1337 1865 1406 potiti
1897 1337 2070 1392 simus
2104 1339 2249 1407 (nam
2307 1337 2410 1393 hoc
2451 1337 2610 1392 modo
2661 1339 2819 1393 nobis

1249 1433 1407 1501 plane
1440 1440 1807 1485 monstrosum
1857 1431 2110 1499 quiddam
2161 1429 2522 1502 contingeret)
2546 1469 2561 1494 ,
2595 1429 2691 1486 sed
2731 1429 2818 1484 fu-

1253 1539 1431 1578 rorem
1475 1523 1639 1594 hujus
1671 1533 1862 1578 contra
1916 1537 2036 1586 nos,
2073 1532 2126 1577 et
2160 1537 2400 1577 atrocem
2449 1523 2609 1587 iram,
2648 1531 2703 1578 et
2738 1523 2821 1575 in-

1253 1615 1671 1684 comparabilem
1703 1613 2030 1667 simultatem
2065 1613 2359 1677 intuentes,
2416 1613 2667 1682 quodque
2706 1613 2820 1668 fieri

1253 1708 1321 1760 de
1358 1721 1415 1760 se
1455 1706 1690 1773 quidriS,
1733 1703 1948 1771 quidvis
1983 1703 2139 1757 lacile
2171 1705 2277 1773 pati
2320 1703 2502 1768 vellet,
2556 1705 2682 1759 dum
2724 1721 2821 1760 no-

1251 1807 1425 1848 strum
1460 1804 1667 1863 spectat
1689 1793 1990 1858 interitum,
2023 1807 2128 1848 non
2163 1802 2270 1848 tam
2304 1792 2412 1848 laeti
2447 1809 2636 1850 sumus
2656 1810 2818 1864 quam

1249 1887 1370 1955 jure
1431 1885 1714 1955 ringimur.
1758 1882 1973 1955 scimus
2026 1884 2193 1950 enim,
2230 1884 2432 1939 scimus
2487 1899 2608 1939 eam
2662 1884 2820 1939 linem

1254 1993 1450 2046 pugna:
1506 1988 1696 2031 contra
1756 1992 1858 2031 nos
1931 1975 2154 2030 mlnime
2211 1976 2495 2030 facturam.
2553 1975 2819 2032 Nimirum

1252 2084 1468 2133 semper
1505 2070 1592 2123 illa
1627 2069 1772 2123 bello
1804 2083 1902 2122 nos
1924 2077 2088 2138 petet,
2129 2078 2181 2123 et
2215 2079 2402 2139 aperte
2439 2077 2604 2138 atque
2636 2070 2815 2124 acrius

1255 2175 1475 2214 manum
1507 2161 1650 2213 victa
1693 2169 1964 2214 censeret.
2005 2157 2194 2227 Itaque
2235 2175 2344 2228 prae
2380 2159 2669 2215 formidine
2729 2175 2821 2213 su-

1252 2261 1562 2320 spectarutn
1606 2266 1809 2312 rerum.
1859 2266 1996 2318 quas
2049 2250 2205 2306 mbis
2242 2252 2388 2305 illam
2426 2262 2688 2321 perpetuo
2717 2253 2826 2308 sci-

2920 602 3114 671 αύτῆς,
3147 602 3386 664 παιᾶνας
3417 601 3567 672 ᾅδειν
3591 601 3890 670 προσῆκον,
3926 601 4020 651 καὶ
4073 597 4310 667 σκιρτᾷν
4338 597 4486 664 μετά

2918 691 3293 762 φαιδρότητος.
3340 691 3532 760 Ἦμείς
3565 690 3620 743 δὲ
3643 690 3778 751 τέως
3835 689 4172 756 λυπούμεθα,
4228 689 4324 741 καὶ
4359 688 4488 740 άτο-

2918 787 3020 836 πὸν
3054 802 3106 838 τι
3135 784 3420 853 πάσχομεν
3448 782 3640 845 πάθος,
3674 781 3854 850 λύπην
3887 782 3995 834 ἀπὸ
4043 780 4201 850 νίκης
4229 778 4486 850 καρπού-

2922 893 3095 946 μενοι.
3125 877 3347 930 Μᾶλλον
3384 875 3441 929 δέ
3468 875 3568 928 ούκ
3615 876 3816 930 ἄτοπον
3865 875 4164 943 πάσχομεν.
4219 875 4312 924 Δεῖ
4370 871 4486 940 γὰρ

2917 966 3318 1037 διορθώσασθαι
3349 966 3408 1020 τὸ
3455 966 3640 1037 ῥηθέν.
3676 967 3750 1018 Ού
3781 966 3890 1036 γὰρ
3913 966 4000 1018 διά
4031 965 4091 1017 τὸ
4131 965 4353 1032 νικῆσαι
4383 963 4490 1015 λυο

2921 1055 3172 1125 πούμεθα
3203 1052 3292 1127 (ἦν
3321 1057 3429 1127 γὰρ
3465 1056 3531 1110 ἃν
3559 1055 3734 1128 ταύτῃ
3757 1057 3818 1108 τὸ
3847 1057 4016 1117 πάθος
4047 1054 4366 1124 περιφανῶς
4387 1053 4495 1106 ἀλ-

2919 1147 3185 1216 λόκοτον),
3243 1148 3364 1200 ἀλλ’
3426 1148 3509 1210 είς
3564 1147 3664 1215 τὴν
3718 1147 3921 1215 ταύτης
3977 1145 4178 1198 λύτταν
4210 1145 4310 1211 τὴν
4358 1142 4490 1196 καθ’

2921 1240 3098 1310 ἡμῶν,
3147 1241 3242 1294 καὶ
3296 1240 3386 1292 τὸν
3420 1240 3741 1293 ἀνείκαστον
3789 1238 3981 1308 θυμὸν,
4025 1239 4117 1290 καὶ
4147 1237 4244 1306 τὴν
4268 1235 4497 1303 ἀπαρά-

2925 1333 3113 1404 μιλλον
3165 1331 3281 1402 ἔριν
3331 1330 3588 1399 ὁρῶντες,
3631 1331 3725 1384 καὶ
3763 1329 3839 1392 ὡς
3891 1330 4072 1381 πάντα
4133 1327 4200 1380 ἂν
4248 1327 4495 1394 γένοιτο.

2922 1426 3018 1478 καὶ
3045 1426 3221 1478 πάντα
3259 1424 3425 1478 πάθοι
3461 1423 3685 1493 ῥᾳδίως,
3743 1422 3882 1491 πρὸς
3929 1421 4028 1486 τὴν
4073 1418 4355 1489 ἡμετέραν
4385 1432 4501 1468 κα-

2924 1519 3172 1589 θαίρεσιν
3207 1517 3496 1588 ἀφορῶσα,
3529 1517 3591 1570 οὐ
3621 1516 3824 1586 μᾶλλον
3853 1511 4286 1583 εὐφραινόμεθα,
4343 1510 4379 1578 ἦ
4407 1510 4462 1562 δι
4484 1540 4500 1551 -

2925 1609 3095 1669 καίως
3119 1610 3484 1679 ἀσχάλλομεν.
3526 1608 3714 1677 Ἰσμεν
3743 1606 3874 1677 γὰρ,
3899 1606 4058 1674 ῐσμεν
4093 1604 4264 1673 αὐτὴν
4311 1601 4499 1672 μηδαυ

2929 1700 3044 1772 μῶς
3070 1717 3134 1769 γε
3169 1699 3439 1771 λήξουσαν
3470 1700 3650 1772 μάχης
3684 1699 3783 1768 τῆς
3817 1699 3955 1768 πρὸς
4008 1699 4177 1766 ἡμᾶς.
4220 1695 4341 1749 ’Δεὶ
4381 1694 4505 1762 γὰρ

2926 1793 3098 1865 δήπου
3124 1793 3218 1846 καὶ
3252 1792 3577 1862 πολεμήσει,
3610 1794 3708 1846 καὶ
3740 1788 4196 1862 συμπλακήσεται
4236 1783 4503 1853 φανερῶς

2933 1886 3074 1958 μετά
3099 1886 3199 1958 τὴν
3225 1880 3398 1958 ἧτταν
3448 1885 3777 1954 δεινότερον.
3832 1883 4131 1952 Ἀλγοῦμεν
4183 1880 4368 1935 τοίνυν
4416 1880 4507 1950 τῷ

2927 1979 3037 2031 δέει
3058 1978 3170 2031 τῶν
3200 1978 3567 2049 ὑφορωμένων
3615 1977 3980 2046 πραγμάτων,
4013 1974 4048 2028 ἀ
4074 1973 4138 2044 δὴ
4166 1973 4378 2042 ταύτην
4404 1972 4504 2038 ἰγ-

2927 2087 3107 2138 νωμεν
3136 2069 3521 2140 παρεξομένην
3552 2069 3836 2138 διηνεκῶς,
3868 2067 3900 2119 ἢ
3946 2068 4212 2136 χαίρομεν
4243 2065 4325 2134 τῷ
4360 2080 4509 2118 νενι-

2925 2163 3179 2228 κηκέναι.
3215 2163 3428 2224 Πάντες
3460 2162 3570 2232 γὰρ
3611 2163 3725 2222 τοῖς
3755 2159 3995 2228 φθάσασι
4056 2159 4117 2210 τδ
4175 2157 4375 2226 μέλλον
4435 2171 4504 2220 γε

2934 2254 3160 2316 δικαίως
3189 2253 3608 2325 τεκμαίρονται.

1253 2358 1377 2398 mus
1417 2342 1808 2408 exbibitursm,
1844 2340 1898 2395 in
1925 2342 2114 2397 dolore
2135 2341 2326 2410 majori
2376 2357 2660 2398 versamur
2685 2359 2848 2414 quam
2890 2345 3072 2400 laetitia
3106 2346 3176 2402 sit
3210 2360 3277 2400 ex
3324 2345 3552 2401 victoria
3593 2353 3769 2416 parta.
3822 2341 3957 2398 Nam
3993 2355 4148 2398 nemo
4198 2356 4311 2398 non
4375 2342 4510 2412 jure

1271 2440 1336 2492 de
1369 2439 1434 2492 iis
1470 2452 1588 2507 quae
1618 2437 1767 2506 prius
1831 2451 2060 2492 evenere
2097 2440 2238 2507 quod
2274 2436 2510 2492 futurum
2559 2449 2643 2496 est
2677 2440 2919 2510 coniicit.

1327 2530 1601 2585 Hactenus
1641 2531 1704 2585 de
1734 2529 2006 2604 voluptate
2039 2531 2242 2586 dictum
2298 2542 2436 2599 esto,
2485 2534 2826 2605 quandoqui-

1254 2625 1378 2677 dem
1413 2622 1638 2674 ultt-rius
1673 2621 1923 2690 progredi
1957 2637 2062 2674 non
2093 2633 2327 2692 oportet.
2365 2625 2498 2678 Nam
2533 2626 2662 2681 mihi
2701 2627 2820 2697 qui-

1255 2719 1378 2768 dem
1438 2716 1670 2777 videtur,
1723 2728 1818 2767 nec
1859 2728 1979 2768 cum
2037 2717 2124 2781 qui
2162 2713 2229 2768 de
2270 2714 2372 2769 hac
2429 2718 2588 2770 verba
2644 2716 2824 2779 faciat.

1257 2803 1417 2857 facile
1445 2802 1550 2856 hoc
1589 2804 1802 2871 assequi
1836 2819 2017 2873 posse,
2045 2813 2101 2858 ut
2125 2815 2393 2860 accurate
2423 2821 2532 2860 rem
2559 2808 2822 2876 perﬁciat;

1257 2912 1359 2950 nec
1395 2895 1764 2964 prolixitatem
1799 2899 1968 2950 vitare
1999 2897 2290 2963 volentem,
2334 2915 2454 2968 qua:
2487 2902 2552 2955 de
2584 2902 2688 2957 hac
2743 2903 2826 2957 di-

1256 2989 1424 3042 cenda
1466 2987 1714 3050 veniunt,
1775 2988 2048 3058 explicare
2101 2988 2338 3045 dilucide
2375 3005 2554 3059 posse.
2618 2991 2826 3048 Saltem

1261 3082 1366 3134 hoc
1417 3093 1583 3132 unum
1645 3079 1860 3134 caneris
1912 3079 2278 3149 adjiciendum
2331 3091 2433 3136 est.
2497 3081 2828 3138 Multiforme

1259 3171 1529 3240 quoddam
1600 3173 1657 3223 lit
1715 3181 2042 3236 monstrum,
2085 3172 2252 3228 variis
2307 3173 2544 3229 vultibus
2601 3175 2827 3229 nimium

1257 3271 1520 3332 quantum
1549 3259 1742 3314 fallens
1777 3276 1840 3316 ac
1875 3275 2076 3316 nocens
2107 3279 2119 3315 :
2153 3271 2314 3333 atque
2343 3262 2418 3316 uti
2451 3265 2659 3319 minora
2694 3280 2827 3332 prae-

3007 2536 3154 2600 Ἕως
3185 2529 3286 2590 ὦδε
3315 2534 3382 2589 τά
3417 2536 3546 2606 περὶ
3571 2535 3671 2606 τῆς
3699 2534 3896 2606 ἡδονῆς
3929 2535 4104 2600 ἔσται,
4141 2533 4267 2588 ἐπεὶ
4313 2533 4394 2604 μὴ
4427 2531 4509 2586 δεῖ

2935 2627 3267 2697 περαιτέρω.
3290 2627 3428 2682 Οὔτε
3458 2627 3568 2697 γὰρ
3597 2629 3652 2689 ἐς
3703 2626 3967 2696 τάκριϐὲς
3995 2625 4174 2678 ἐλθεῖν
4229 2643 4322 2690 μοι
4354 2625 4512 2678 δοκεῖ

2933 2719 3120 2790 ῥᾴδιον
3149 2715 3292 2772 εἶναι
3323 2719 3414 2772 τὸν
3441 2719 3571 2788 περὶ
3601 2717 3806 2790 ταύτης
3839 2716 4088 2786 λέγοντα,
4131 2715 4258 2769 οὔτε
4303 2717 4368 2769 τὸ
4404 2719 4511 2786 μῆ-

2933 2827 3028 2874 κος
3058 2810 3285 2864 θέλοντα
3313 2810 3561 2877 φεύγειν,
3585 2810 3655 2863 τά
3682 2809 3802 2863 κατ’
3832 2809 4002 2880 αὐτὴν
4030 2808 4294 2875 καθαρῶς
4327 2809 4511 2861 εἰπεῖν

2932 2902 3256 2972 δυνηθῆναι.
3288 2901 3438 2974 Πλὴν
3469 2903 3646 2955 έκεῖνό
3704 2918 3767 2970 γε
3801 2902 3961 2972 μόνον
4013 2901 4374 2954 έπιλεκτέονο
4409 2918 4508 2954 ποι

2934 2994 3215 3066 λύμορφόν
3264 3012 3317 3048 τι
3367 2993 3616 3063 γίγνεται
3659 2993 3851 3065 τέρας,
3899 2992 4271 3056 παντοδαπαῖς
4340 2992 4511 3056 ἰδέαις

2935 3085 3288 3156 παράγουσα,
3340 3084 3435 3139 καὶ
3489 3085 3870 3153 λυμαινομένη
3919 3085 4088 3138 πόσον
4137 3084 4363 3149 δοκεῐςς
4405 3086 4510 3138 Καὶ

2937 3178 3027 3231 ῐνα
3053 3177 3122 3231 τὰ
3151 3177 3368 3231 έλάσσω
3402 3177 3587 3246 παρῶ,
3606 3176 3790 3247 εὕροις
3819 3175 3886 3230 ἂν
3916 3177 4016 3245 τὴν
4042 3177 4262 3246 ήδρνὴν,
4295 3179 4364 3230 τδ
4391 3176 4510 3230 κατ’

2938 3265 3108 3336 αὐτὴν
3136 3265 3345 3322 ἀνωθεν
3390 3265 3672 3331 ἐξετάσας,
3701 3267 3982 3330 ἀπωλείας
4037 3267 4203 3320 {vexa
4240 3268 4512 3320 παντοδα-

1261 3363 1578 3426 lcrtnillam,
1614 3359 1858 3413 invenias
1890 3356 2240 3427 voluptatem,
2275 3357 2322 3411 si
2363 3357 2431 3412 ab
2483 3358 2694 3427 origine
2736 3373 2830 3410 na-
2859 3366 2902 3423 ο
2935 3361 3044 3430 acip:
3072 3377 3132 3426 γε

2634 3373 2694 3413 ne
2736 3373 2830 3410 tta-
2859 3366 2902 3423 ο
2935 3361 3044 3430 πὴν
3072 3358 3569 3428 γεγονυῖαν.·Αὓτη
3600 3359 3700 3422 τὰς
3745 3359 3978 3429 νιφάδας
4039 3359 4134 3412 τοῦ
4195 3360 4378 3430 πυρὸς
4419 3351 4509 3411 ὖσέ

1261 3469 1437 3509 turam
1461 3453 1576 3523 ejus
1603 3448 1996 3518 exploraveris,
2021 3448 2280 3503 interitus
2311 3449 2637 3516 procurandi
2664 3464 2828 3504 causa

1261 3549 1411 3600 varie
1451 3543 1921 3599 transformatam.
1961 3540 2086 3594 Hae
2121 3540 2320 3595 nimbis
2350 3539 2528 3610 igneis
2554 3541 2683 3596 olim
2733 3542 2832 3596 So-

1261 3638 1478 3694 domitis
1510 3636 1679 3706 pluit:
1714 3635 1828 3688 haec
1862 3633 2071 3687 telluris
2103 3632 2328 3703 abyssos
2354 3635 2590 3702 aperuit,
2621 3636 2830 3702 ipsum-

1263 3746 1369 3800 que
1396 3729 1618 3790 caelum,
1659 3736 1716 3779 ut
1754 3727 1918 3778 etiam
1951 3734 2144 3777 natura
2179 3724 2412 3778 rationis
2439 3739 2636 3793 expers
2673 3726 2832 3778 inun-

1261 3828 1484 3876 daretur
1503 3831 1769 3888 aquarum
1794 3815 2019 3880 diluvio,
2043 3814 2310 3886 quamvis,
2339 3823 2398 3869 ut
2418 3825 2604 3868 natura
2625 3824 2830 3883 nostra,

1265 3923 1354 3962 rea
1382 3923 1490 3960 non
1525 3915 1694 3961 esset.
1735 3903 1989 3974 Expende
2024 3902 2178 3968 mihi,
2215 3918 2419 3973 quaso,
2454 3903 2671 3962 Iudaeos
2707 3906 2832 3964 illos

1262 3999 1432 4069 quiiu
1493 3995 1787 4052 solitudine
1845 3995 2108 4065 prostrati
2160 3996 2572 4064 occubuerunt;
2633 3999 2833 4068 ubique

1265 4090 1566 4144 facinorum
1595 4086 1715 4155 ejus
1746 4086 1972 4153 vestigia
2006 4087 2194 4141 videre
2224 4086 2372 4148 licet,
2408 4103 2474 4142 ne
2524 4104 2712 4144 rursus
2746 4090 2831 4145 Itis

1267 4180 1614 4238 recensendis
1643 4180 2013 4234 lmmorenntr.
2039 4175 2150 4233 Hoc
2175 4188 2358 4233 autem
2383 4177 2434 4232 in
2457 4194 2518 4234 ea
2540 4181 2831 4248 pessimum

1198 4306 1199 4309 η
1265 4272 1431 4341 quod,
1472 4285 1595 4323 cum
1631 4269 1744 4323 haec
1774 4278 1902 4322 nota
1930 4268 2089 4322 nobis
2117 4269 2247 4331 sint,
2279 4279 2457 4324 tamen
2505 4283 2622 4324 eam
2669 4272 2835 4326 relin-

1266 4377 1434 4430 quere
1471 4375 1576 4414 non
1626 4359 1924 4429 possimus,
1961 4358 2089 4413 licet
2153 4359 2206 4413 id
2243 4359 2396 4414 valde
2435 4360 2700 4428 velimus;
2752 4365 2832 4417 vel

1267 4473 1298 4506 «ε
1343 4451 1664 4511 contrario.
1733 4464 1857 4504 cum
1920 4449 2150 4504 fortasse
2205 4451 2498 4519 possimus,
2557 4451 2830 4508 nolumus.

1267 4547 1609 4612 Quapmpter
1633 4554 1694 4592 ea
1723 4549 1916 4594 natura
1942 4540 2256 4608 voluptatis
2297 4549 2398 4602 cst.
2437 4550 2494 4595 ut
2524 4542 2577 4596 in
2626 4551 2833 4598 utram-

1268 4647 1374 4700 que
1390 4637 1615 4699 .partem
1643 4630 1841 4681 malum
1871 4628 1943 4682 sit
1961 4637 2014 4682 et
2037 4627 2420 4682 detrimentum
2447 4630 2830 4695 certissimum,

1270 4725 1376 4779 il!is
1401 4724 1644 4790 inquam,
1678 4719 1769 4787 qui
1798 4733 1902 4772 non
1930 4717 2140 4787 praediti
2171 4727 2299 4773 sunt
2336 4719 2518 4772 animo
2573 4718 2728 4773 firmo
2775 4734 2840 4774 ac

1268 4813 1449 4867 stabili
1485 4819 1539 4865 et
1567 4810 1842 4864 variarum
1875 4821 2055 4862 rerum
2111 4808 2470 4877 experientia,
2529 4817 2585 4862 et
2618 4809 2838 4865 institu-

1272 4905 1416 4956 lioue
1441 4899 1722 4970 praeclara,
1757 4909 1811 4952 et
1840 4907 2020 4953 mente
2074 4897 2221 4952 vitiis
2253 4897 2396 4950 haud
2450 4897 2750 4967 inquinata,
2786 4911 2841 4955 et

1270 4992 1452 5046 indole
1491 4990 1675 5059 gloria:
1705 4987 1922 5056 cupida,
1977 4997 2030 5040 et
2081 4986 2359 5042 voluntate
2395 4991 2630 5054 seipsam
2693 4989 2843 5042 exci-

1271 5095 1438 5143 tante,
1480 5096 1544 5135 ac
1575 5093 1792 5147 semper
1847 5081 1914 5132 ad
1948 5077 2314 5147 pulcherrima
2345 5079 2551 5146 quaevis
2609 5087 2662 5132 et
2698 5080 2840 5146 opti-

1271 5193 1358 5232 ma
1410 5175 1656 5246 proclivi,
1691 5188 1919 5241 qua-que
1953 5173 2090 5228 satis
2148 5175 2374 5228 omnino
2420 5175 2616 5228 virium
2649 5174 2840 5228 habeat

1269 5271 1334 5322 ad
1375 5267 1775 5336 intelligendum
1808 5280 2143 5333 quacunque
2196 5264 2433 5318 divinam
2481 5266 2546 5319 ad
2588 5267 2840 5318 virtutem

1269 5377 1368 5415 ceu
1428 5361 1703 5428 principes
1756 5373 1940 5413 causa:
2001 5373 2100 5412 nos
2150 5356 2466 5423 deducunt';
2505 5371 2602 5411 uec
2663 5357 2842 5411 minus

1267 5453 1601 5521 cupiditatis,
1633 5452 1696 5505 ad
1724 5449 2177 5519 perseverandum
2205 5449 2255 5502 in
2293 5449 2360 5502 iis
2389 5464 2512 5517 quae
2545 5448 2842 5515 pulcherri-

1269 5559 1353 5596 tna
1389 5556 1511 5594 esse
1540 5549 1699 5607 atque
1741 5539 1944 5607 optima
1978 5546 2368 5606 cOgnoverunt.
2432 5536 2661 5601 Quinam
2715 5551 2843 5605 ergo

1269 5634 1399 5686 tanti
1417 5634 1515 5684 viri
1544 5631 1766 5696 fuerint,
1789 5641 1843 5683 ut
1873 5645 1993 5698 quae
2017 5629 2181 5683 nimia
2204 5638 2352 5692 sunt,
2378 5638 2527 5682 recto
2548 5628 2840 5696 voluptatis

1265 5741 1362 5777 usu
1386 5726 1553 5778 vitare
1593 5721 1907 5788 potuerint?
1941 5719 2249 5788 Perpaucos
2272 5719 2579 5788 hujusmodi
2627 5733 2724 5773 nos
2757 5718 2836 5770 in-

1263 5826 1520 5872 venturos
1556 5815 1809 5881 arbitror,
1828 5815 1917 5883 qui
1939 5813 2152 5884 quidem
2176 5813 2276 5882 ipsi
2297 5824 2519 5870 caeteros
2539 5810 2838 5884 longopost

2938 3467 3066 3504 ποτε
3120 3450 3480 3521 Σοδομίταις,
3521 3451 3792 3512 ἀϐύσσους
3843 3451 3944 3518 γῆς
4000 3449 4235 3519 ἀνέῳξε,
4287 3451 4388 3504 καὶ
4418 3451 4510 3502 αύο

2935 3543 3026 3594 τὸν
3069 3542 3164 3595 τὸν
3189 3542 3442 3613 οὐρανὸν,
3477 3541 3552 3604 ὡς
3590 3541 4038 3610 κατακλυσθῆναι
4068 3541 4164 3594 καὶ
4197 3539 4370 3608 φύσιν
4395 3542 4513 3593 dlo-

2937 3649 3053 3699 γον,
3085 3623 3185 3685 ού’κ
3241 3632 3589 3702 ἑνεχομένην,
3633 3631 3825 3702 ὥσπερ
3856 3635 3889 3702 η
3919 3633 4189 3701 ἡμετέρα.
4231 3632 4306 3683 Σὺ
4340 3632 4401 3684 δέ
4429 3649 4512 3700 μοι

2936 3724 3156 3790 λογίζου
3205 3715 3333 3786 τοὺς
3371 3725 3430 3775 ὲν
3469 3725 3666 3792 ἐρήμῳ
3722 3723 3993 3786 πεσόντας
4037 3724 4146 3776 τῶν
4207 3723 4507 3776 Ἰουδαίων.

2937 3816 3019 3867 TC:
3069 3814 3276 3886 ταύτης
3339 3813 3619 3885 πανταχοῦ
3682 3813 4114 3884 κατορθώματα,
4152 3813 4245 3866 ἵνα
4291 3817 4373 3884 μὴ
4426 3814 4511 3864 καὶ

2935 3901 3090 3968 αὖθις
3146 3905 3518 3975 διατρίϐωμεν
3571 3904 3991 3973 καταλέγοντες.
4047 3904 4121 3957 Τὸ
4162 3903 4225 3958 δέ
4277 3903 4510 3973 ταυτησὶ

2937 3998 3232 4066 χείριστον,
3259 3997 3348 4073 δτι
3377 3995 3550 4051 ταῦτα
3583 3995 3951 4064 γινώσκοντες
3982 3996 4033 4048 οι
4055 3993 4380 4065 ἄνθρωποι,
4418 3996 4510 4048 οὐκ

2935 4087 3318 4158 ἀπαλλαγῆναι
3349 4087 3656 4158 δυνάμεθα,
3716 4087 3926 4159 σφόδρα
3967 4085 4218 4148 θέλοντες
4247 4103 4262 4117 ο
4317 4087 4352 4156 ἢ
4396 4087 4509 4140 τοὺ-

2937 4178 3148 4232 ναντίον
3195 4181 3328 4242 ίσως
3378 4179 3690 4250 δυνάμενοι,
3725 4179 3788 4233 οὐ
3830 4177 4158 4248 βουλόμεθα.
4189 4177 4356 4232 Ὠσθ⁹
4397 4179 4512 4231 έκα-

2935 4270 3174 4339 τέρωθεν
3204 4271 3399 4337 κακὸν,
3431 4272 3525 4324 καὶ
3564 4270 4253 4340 ἀπαραίτητονβλαδερδν
4284 4272 4319 4338 ἡ
4355 4271 4505 4342 ἡδονὴ

2937 4362 3182 4428 πέφυκεν
3211 4359 3353 4416 εῖναι
3377 4378 3390 4391 °
3422 4362 3567 4429 λέγω
3595 4365 3652 4416 δέ
3699 4364 3921 4426 πάντως
3960 4362 4222 4427 ἐκείνοις,
4273 4365 4396 4425 τοῖς
4447 4360 4510 4429 μὴ

2938 4452 3172 4521 βεϐηκός
3193 4469 3252 4506 τε
3277 4455 3374 4506 καὶ
3405 4453 3607 4523 πάγιον
3644 4455 4014 4525 κεκτημένοις
4075 4455 4366 4524 φρόνημα,
4426 4451 4506 4506 καὶ

2937 4546 3140 4614 πεῖραν
3185 4546 3531 4614 πραγμάτων
3564 4545 3956 4611 παντοδαπῶν,
3988 4549 4082 4600 καὶ
4108 4547 4370 4599 παιδείαν
4395 4548 4509 4610 ἀγα-

2941 4635 3069 4704 θὴν,
3107 4637 3213 4690 καὶ
3231 4635 3356 4689 νοῦν
3390 4637 3664 4691 ἀθόλωτον
3703 4637 3930 4704 πάθεσι,
3960 4638 4054 4690 καὶ
4104 4639 4315 4707 τρόπον
4370 4638 4508 4701 δόξης

2943 4725 3178 4795 έρῶντα,
3213 4728 3308 4779 καὶ
3337 4727 3474 4789 ὅλως
3507 4743 3570 4795 γε
3615 4728 3836 4797 θέλησιν
3865 4726 4258 4796 αὐτοκίνητον,
4306 4731 4402 4781 καὶ
4437 4728 4509 4778 ἀεὶ

2945 4815 3044 4885 τὴν
3079 4815 3253 4885 ῥοπὴν
3298 4818 3645 4888 κεκτημένην
3677 4819 3814 4887 πρὸς
3839 4819 3866 4870 ὅ
3901 4834 3956 4870 τι
3989 4818 4288 4873 κάλλιστόν
4320 4836 4383 4871 τε
4434 4821 4508 4869 καὶ

2946 4907 3249 4976 βέλτιστον,
3292 4907 3352 4960 εὖ
3393 4908 3490 4976 μὲν
3520 4908 3809 4978 δυνάμεως
3828 4910 4072 4978 ἔχουσαν
4137 4911 4381 4976 γνῶναι,
4425 4913 4506 4962 ὅσα

2949 4997 3246 5050 αἱτιώτατα
3283 4997 3422 5066 πρὸς
3468 4999 3564 5068 τὴν
3601 4997 3754 5052 θείαν
3787 5000 3994 5070 ἀρετὴν
4041 5000 4177 5053 δντα
4237 5002 4500 5072 τυγχάνει.

2949 5087 3008 5142 εὖ
3067 5089 3124 5144 δὲ
3174 5089 3486 5160 βουλήσεως
3534 5091 3721 5158 μένειν
3779 5093 3868 5161 ἐφ’
3923 5085 4007 5156 οἷς
4053 5093 4385 5158 καλλίστοις
4431 5091 4505 5143 καὶ

2949 5181 3197 5249 ἀρίστοις
3228 5181 3482 5248 ἔγνωσαν
3507 5181 3648 5236 οὖσι.
3688 5182 3848 5245 Τίνες
3881 5181 3978 5236 οὖν
4011 5184 4076 5236 ἀν
4104 5181 4221 5236 εἷεν
4261 5185 4502 5238 τοσοῦτοι.

2949 5271 3023 5331 ὼς
3057 5269 3346 5338 διαφυγεῖν
3374 5273 3473 5340 τῆς
3506 5271 3702 5340 ἡδονῆς
3735 5273 3831 5334 τὰς
3863 5270 4178 5341 ὑπερϐολὰς
4234 5273 4500 5340 δυνηθῆναι

2953 5362 3019 5430 τῇ
3061 5362 3361 5432 γιγνομένῃ
3420 5379 3483 5429 γε
3516 5361 3721 5432 ταύτης
3768 5363 3967 5432 χρήσει
3997 5380 4013 5420 :
4046 5363 4260 5430 Ὀλίγοι
4324 5381 4411 5434 μοι
4437 5362 4502 5414 δῦ·

2956 5453 3144 5506 κοῦσιν
3168 5453 3592 5524 εὑρεθήσεσθαι,
3617 5455 3712 5507 καὶ
3761 5448 3912 5508 οὗτοί
3968 5472 4033 5523 γε
4088 5457 4500 5527 παρενεγκόντες

2953 5547 3080 5606 τοὺς
3109 5545 3301 5608 ἄλλους
3334 5546 3514 5615 πολλῷ
3535 5546 3615 5616 τῷ
3642 5546 3812 5616 μέσῳ.
3845 5547 3979 5600 Ὅτε
4005 5549 4116 5618 γάρ
4136 5550 4234 5601 τὸν
4255 5546 4500 5617 όφθαλμέν

2953 5635 3051 5703 τῆς
3079 5635 3256 5704 ψυχῆς
3285 5638 3494 5704 τυφλοί,
3542 5636 3638 5689 καὶ
3681 5638 3978 5706 μαλακίζει
4008 5638 4104 5692 τὸν
4137 5639 4351 5709 ταύτης
4384 5638 4498 5691 τόνον

2948 5729 2980 5797 ἡ
3014 5728 3112 5796 τῆς
3145 5727 3339 5796 ἡδονῆς
3370 5727 3513 5796 ῐυγξ,
3545 5727 3664 5791 πῶς
3697 5729 3760 5782 οὐ
3801 5728 3864 5786 τὸ
3903 5728 4115 5799 ταύτης
4161 5728 4442 5801 ἐπαγωγόν
4459 5741 4497 5777 τε

2945 5816 3042 5870 καὶ
3075 5815 3264 5886 θέλγον
3299 5817 3525 5889 μονονοὺ
3565 5818 3658 5872 καὶ
3688 5818 3910 5888 φύσεως
3977 5821 4351 5893 ἰσχυρότερον
4373 5841 4385 5889 ;
4429 5837 4493 5872 κι-
