4748 6512
216 430 335 494 461

1636 436 1926 495 ORATIO
1974 439 2037 497 γ.

3379 465 3477 516 ἱειιέ

210 550 269 597 εξ
303 548 425 608 ταῖς
459 546 783 615 ὑπερϐολαῖς
815 548 924 600 τῶν
954 548 1185 618 ἡδίστων
1245 552 1498 606 κάκιστοι
1530 558 1793 622 γινόμεθα
1828 564 1865 616 Α
1901 573 1957 609 se
1988 558 2085 610 intt

1598 558 1793 622 νόμεθα
1828 564 1865 616 Α
1901 573 1957 609 si:
1988 558 2269 611 intervallo
2303 560 2653 628 reliquerunt.
2678 563 2811 620 Nam
2846 582 2966 621 cum
3021 570 3271 625 illecebra
3320 576 3473 627 volu-

215 638 436 700 πάντες
459 638 845 709 ἄνθρωποι(οὐ
873 642 980 709 γὰρ
1023 642 1190 705 ἔστιν,
1245 645 1345 696 οὐκ
1402 644 1547 698 ἔστιν
1604 649 1797 711 αὐταῖς

210 730 568 798 χρωμένους,
598 732 841 798 ἀγαθοὺς
880 730 1064 801 εἶναι).
1095 736 1154 788 τὸ
1183 735 1237 789 δὲ
1297 737 1520 808 μέτριον
1562 741 1784 811 ἇρίστον

211 820 527 887 πανταχοῦ,
571 824 822 875 τοσοῦτον
876 824 930 876 δὲ
970 825 1231 891 χαλεπὸν,
1270 828 1367 880 καὶ
1429 831 1666 899 μάλιστά
1725 849 1792 899 γε

210 909 483 976 ἐνταῦθα,
517 913 712 967 ὁπόσον
757 914 885 983 ἄρτι
924 915 1232 985 δεδήλωκεν
1260 920 1394 989 ἡμῖν
1424 924 1451 974 ό
1484 921 1610 989 λόγο
1636 940 1650 955 °
1678 926 1798 988 πῶς

209 1004 321 1054 οὒκ
346 1004 609 1072 ἄντικρυς
644 1009 815 1058 κακὸν
853 1009 930 1077 τῷ
964 1009 1067 1077 βίῳ
1099 1011 1130 1079 ἡ
1174 1011 1361 1083 ἡδονὴ,
1387 1014 1454 1067 δι’
1495 1015 1556 1084 ἣν
1613 1033 1797 1086 παρα-

210 1094 543 1163 καλούμεθά
575 1113 632 1148 τε
653 1100 745 1150 καὶ
768 1098 1068 1170 βιαζόμεθα
1096 1102 1235 1170 πρὸς
1260 1105 1359 1167 τὰς
1377 1107 1596 1172 ἐκείνης
1625 1108 1797 1178 ὑπερ-

212 1185 407 1251 ϐολὰς,
444 1189 512 1240 δι’
540 1191 604 1251 ἇς
644 1208 707 1258 γε
737 1191 909 1261 δήπου
940 1195 1047 1247 τῶν
1073 1197 1257 1250 καλῶν
1287 1200 1513 1253 καὶτῶν
1548 1204 1794 1271 ἀγαθῶν,

211 1278 333 1329 τῶν
366 1296 425 1331 τε
456 1280 571 1344 νῦν,
620 1284 730 1335 τῶν
764 1302 823 1336 τε
873 1287 1182 1353 μελλόντων
1229 1292 1571 1363 ἐκπίπτομεν
1619 1298 1795 1350 ᾶπαν-

208 1388 309 1421 ts:
334 1392 346 1435 ;
371 1369 481 1424 Ἠν
504 1375 615 1441 ἄρα
637 1380 889 1446 κρεῖττον
920 1381 1180 1450 τοιαύτην
1233 1383 1399 1439 οὖσαν
1446 1388 1544 1457 τὴν
1573 1390 1792 1459 ἡδονὴν,

208 1463 412 1514 ὁποίαν
469 1482 532 1529 γε
567 1468 702 1536 ἡμῖν
751 1468 1063 1540 διαγράψας
1100 1477 1128 1526 ό
1198 1476 1357 1543 λόγος
1404 1479 1628 1545 ἔδειξεν,
1690 1485 1790 1537 οὐκ

206 1555 466 1622 ἀκριϐῶς
508 1558 605 1625 μὲν
638 1554 795 1627 οἶμαι
826 1564 1193 1630 παντάπασιν,
1230 1565 1305 1629 ώς
1360 1568 1403 1619 δ’
1438 1567 1532 1623 οὖν
1564 1568 1674 1624 οἷόν
1728 1592 1788 1627 τε

208 1643 467 1711 ὑπῆρξεν
491 1648 708 1716 ἐκείνην
738 1651 1211 1718 διατυπώσασθαι,
1270 1659 1543 1727 μηδαμῶς
1586 1664 1790 1734 ταύτην

207 1732 385 1797 εἶναι,
424 1737 557 1807 μηδὲ
590 1743 845 1804 παρεῖναι
872 1744 1008 1813 τῷδε
1039 1746 1117 1815 τῷ
1147 1746 1271 1818 βίῳ,
1301 1752 1435 1818 μηδὲ
1470 1754 1569 1822 τὴν
1608 1757 1785 1827 ἀρχὴν

207 1826 545 1893 ὑφεστάναι,
582 1832 887 1905 καθαπερεὶ
917 1840 1205 1908 καταρχὰς
1245 1844 1481 1911 εἴρηται.
1520 1847 1675 1900 Οὕτω
1706 1866 1791 1901 τι-

208 1921 304 1981 νες
332 1921 441 1971 τῶν
476 1924 725 1991 σοϐαρῶν
759 1928 858 1995 μὲν
888 1930 1068 1992 ἄλλως
1136 1934 1225 1984 καὶ
1262 1936 1610 2006 ὑπερόγκων,
1651 1942 1791 2008 πρὸς

207 2010 269 2062 δὲ
323 2014 424 2081 τὴν
448 2014 690 2085 ἄκοσμον
717 2022 933 2089 τρυφὴν
983 2030 1201 2077 πάντων
1250 2025 1377 2095 ἑξῆς
1429 2029 1790 2083 ἐπιλανθανό-

211 2118 398 2166 μενοι,
432 2105 663 2170 ἑαυτούς
692 2126 755 2175 γε
790 2110 1061 2179 κρύπτειν
1121 2115 1424 2181 ἐθέλοντες,
1482 2122 1615 2190 μηδὲ
1672 2126 1794 2191 κρίο

207 2210 329 2244 νειν
362 2196 720 2263 ἐπιστάμενοι
749 2204 1071 2270 πρεπόντως
1134 2201 1290 2274 οἶμαι
1360 2211 1429 2262 τὰ
1487 2214 1785 2281 πρέποντα,

206 2286 315 2353 τὴν
347 2287 545 2356 ἡδονὴν
583 2294 960 2360 διαϐάλλουσι,
1020 2298 1214 2364 λόγους
1262 2318 1320 2353 τε
1385 2307 1783 2373 προτείνοντες,

206 2379 308 2428 καὶ
342 2381 562 2445 εἰκόνας
597 2385 949 2450 πλάττοντες,
983 2390 1155 2443 τᾶλλα
1200 2394 1299 2461 μὲν
1333 2395 1461 2458 ἴσως
1498 2398 1595 2449 οὐκ
1622 2402 1784 2467 ἀγεν-

206 2471 341 2537 νῶς,
372 2475 507 2541 πρὸς
542 2477 600 2528 ἓν
632 2496 684 2530 τι
716 2480 771 2532 δὲ
804 2481 1111 2554 βλαϐερῶς,
1141 2486 1217 2550 ὡς
1256 2490 1322 2542 ἂν
1354 2491 1531 2559 ἔγωγε
1590 2493 1781 2562 φαίην.

206 2564 324 2631 Τῆς
348 2566 459 2637 γὰρ
498 2571 650 2635 σφῶν
675 2573 855 2627 αὐτῶν
883 2578 1087 2640 κακίας
1118 2582 1404 2636 αἰτιῶνται
1450 2586 1549 2653 μὲν
1587 2587 1785 2647 αὐτοὺς

205 2657 487 2727 οὐδαμῶς,
545 2664 577 2733 ἦ
638 2667 839 2736 μικρόν
892 2686 967 2732 τι,
1005 2670 1171 2739 σοφὸν
1220 2676 1530 2738 ποιοῦντες,
1574 2678 1676 2745 τὴν
1727 2677 1783 2730 δὲ

205 2747 407 2818 ἡδονὴν
428 2754 567 2805 κατὰ
592 2756 794 2819 πάντα,
816 2758 947 2826 μηδὲ
966 2761 1103 2812 Θεοῦ
1122 2763 1451 2833 φειδόμενοι,
1478 2766 1553 2827 ὡς
1576 2769 1783 2836 προῖὼν

204 2842 234 2889 ὁ
278 2841 433 2906 λόγος
496 2842 747 2910 δηλώσει.
787 2847 960 2903 Τοῦτό
1015 2869 1105 2920 μοι
1134 2854 1289 2906 δοκεῖ
1345 2856 1609 2911 κάκιστον
1643 2856 1781 2914 εἶναι

207 2930 323 2983 τῶν
358 2934 543 2999 αὐτοῖς
597 2939 930 3008 εἰρημένων.
1002 2944 1161 2998 Οὕτω
1219 2949 1424 3012 πάντες
1462 2951 1563 3018 μὲν
1624 2955 1782 3022 σοφοὶ

208 3023 354 3088 πρὸς
380 3024 478 3094 τὴν
514 3020 792 3097 ἡμετέραν
856 3034 1038 3088 αὐτῶν
1080 3037 1385 3104 ἀπώλειαν,
1434 3042 1547 3093 ὅσοι
1586 3044 1649 3113 δὴ
1682 3044 1781 3114 τὴν

205 3115 509 3183 ρᾳθυμίαν,
544 3122 659 3173 ὅσοι
687 3124 787 3191 τὴν
819 3127 1108 3199 ῥᾳστώνην
1126 3131 1298 3199 αὐτὴν
1330 3133 1425 3186 τοῦ
1454 3135 1624 3187 καλοῦ
1646 3153 1780 3206 προ-

1821 1893 1863 1948 Β

1901 638 2061 712 ptatis
2107 647 2326 701 oculum
2378 650 2541 704 animi
2593 663 2849 717 excaecat,
2888 658 3116 728 ejusque
3179 669 3455 713 contentio

1904 748 2025 787 nem
2072 737 2363 791 molliendo
2397 740 2619 811 frangit,
2651 746 2740 811 qui
2787 744 2898 799 fieri
2934 758 3112 814 potest
3149 760 3201 803 ιιι
3252 750 3482 821 insignis

1905 826 2025 893 ejus
2085 827 2141 880 in
2193 829 2516 896 pelliciendo
2566 834 3031 905 dctnulcendoquc
3085 842 3168 894 vis
3224 859 3327 896 non
3365 845 3478 913 ipsa

1902 932 2068 987 prope
2119 930 2311 973 natura
2348 923 2420 975 sit
2460 921 2654 977 fortior
2684 924 2806 979 ?Ac
2836 927 2880 980 si
2935 929 3153 995 pessimi
3204 932 3490 986 evadimus

1906 1011 2141 1064 universi
2171 1014 2427 1068 mortales
2451 1030 2543 1082 per
2568 1031 2627 1069 ea
2658 1033 2777 1086 qua:
2799 1019 3215 1087 jucundissimis
3246 1025 3296 1078 in
3322 1025 3482 1079 rebus

1902 1101 2069 1154 nimia
2130 1114 2255 1155 sunt
2288 1105 2501 1172 (nequit
2532 1108 2702 1175 enim,
2762 1112 2947 1178 nequit
2993 1115 3213 1169 omnino
3272 1112 3388 1171 fieri
3422 1126 3483 1171 ut

1898 1194 1989 1261 qui
2033 1194 2147 1251 haec
2204 1207 2483 1251 sectantur
2511 1199 2635 1254 boni
2694 1203 2850 1272 sint),
2883 1216 2935 1257 et
2968 1207 3013 1261 si
3047 1207 3192 1277 quod
3244 1210 3480 1264 medium

1900 1296 2004 1347 est,
2033 1288 2295 1356 optimum
2330 1292 2383 1345 id
2414 1293 2631 1360 quidem
2659 1306 2742 1350 est
2776 1299 2996 1366 ubique,
3035 1302 3130 1356 sed
3169 1310 3320 1355 tanta
3355 1318 3479 1356 cum

1898 1372 2218 1430 difﬁcultate
2262 1379 2628 1447 cenjunctum,
2667 1388 2964 1451 praesertim
2997 1389 3047 1442 in
3086 1404 3144 1443 re
3178 1394 3480 1461 preposita,

1897 1476 2095 1532 quanta
2142 1483 2247 1522 non
2302 1472 2373 1523 ita
2426 1474 2631 1539 pridem
2672 1490 2700 1527 a
2751 1478 2905 1531 nobis
2953 1486 3043 1533 est
3084 1480 3343 1548 indicata,
3374 1500 3483 1553 quo

1899 1564 2053 1620 pacto
2083 1571 2187 1609 non
2233 1574 2361 1613 vere
2415 1562 2570 1616 noxia
2606 1565 2727 1619 vita:
2752 1568 2999 1635 voluptas
3032 1582 3139 1635 est,
3191 1589 3291 1643 per
3317 1590 3483 1643 quam

1895 1654 1952 1698 et
2006 1647 2301 1703 invitamur
2331 1662 2387 1705 et
2452 1657 2698 1725 cogimur
2728 1659 2792 1711 ad
2821 1674 2885 1713 ea
2922 1676 3043 1729 qua:
3082 1664 3136 1718 in
3169 1667 3271 1721 hac
3308 1669 3481 1725 nimia

1894 1751 2042 1803 sunt,
2065 1726 2150 1793 Iob
2179 1757 2297 1809 quae
2326 1748 2543 1813 quidem
2579 1747 2691 1816 ipsa
2724 1761 2830 1804 tam
2882 1758 3162 1821 praesentis
3188 1776 3345 1825 quam
3390 1762 3478 1816 fu-

1894 1837 2028 1881 turm
2053 1833 2174 1887 vitae
2212 1835 2348 1888 bona
2401 1852 2592 1895 omnes
2627 1843 2970 1899 amittimus?
3015 1849 3281 1906 Nimirum
3331 1857 3483 1909 volu'

1894 1932 2118 1988 ptatem,
2144 1941 2265 1994 quae
2305 1929 2429 1983 talis
2456 1932 2524 1985 sit
2552 1935 2762 2001 qualem
2793 1940 2947 1994 nobis
2970 1956 3086 1995 eam
3114 1948 3269 2011 quasi
3306 1946 3482 2014 pictu-

1893 2028 1953 2067 ra
1984 2018 2217 2083 quadam
2252 2020 2366 2074 haec
2387 2022 2633 2078 exhibuit
2650 2030 2846 2093 oratio,
2876 2047 2980 2085 non
3004 2036 3227 2090 omnino
3247 2040 3464 2107 quidem

1891 2118 2171 2174 accurate,
2230 2114 2487 2182 arbitror,
2514 2128 2785 2187 quatenus
2829 2131 3010 2178 tamen
3094 2127 3241 2183 illam
3293 2136 3478 2199 expri-

1890 2214 2039 2255 mere
2098 2204 2269 2268 licuit,
2307 2210 2466 2274 plane
2525 2227 2630 2263 non
2696 2229 2815 2269 esse
2868 2222 3180 2285 praestabat,
3217 2239 3315 2278 nec
3348 2226 3477 2281 huic

1900 2293 2092 2347 adesse
2129 2296 2267 2359 vitae,
2304 2314 2401 2351 nec
2434 2314 2656 2367 prorsus
2682 2308 2966 2373 exsistere,
3013 2316 3472 2379 quemadmodum

1888 2385 1957 2437 ab
1996 2386 2151 2440 initia
2185 2390 2387 2443 dictum
2442 2392 2560 2447 fuit.
2600 2394 2711 2450 lloc
2769 2403 2927 2455 modo
2987 2407 3256 2472 nonnulli,
3294 2413 3471 2465 severi

1899 2479 2118 2546 quidem
2170 2482 2304 2536 alias
2351 2494 2407 2537 et
2458 2486 2646 2552 inflati,
2682 2491 2775 2544 sed
2836 2509 2959 2547 cum
3015 2501 3082 2551 ad
3122 2499 3470 2557 inhonestam

1888 2568 2223 2637 voluptatem
2287 2585 2505 2628 ventum
2561 2590 2665 2644 est,
2722 2583 2962 2635 omnium
3026 2587 3414 2644 oblivisceutes
3449 2632 3463 2653 ,

1887 2663 2014 2713 dum
2088 2665 2365 2720 occultare
2421 2682 2544 2723 sese
2601 2672 2847 2740 cupiunt,
2910 2689 3008 2730 nec
3066 2689 3272 2733 rectum
3325 2681 3468 2735 ferre

1883 2752 2145 2821 judicium
2177 2768 2397 2821 norunt,
2443 2762 2768 2828 voluptatem
2807 2766 3197 2833 criminantur,
3231 2786 3281 2826 et
3304 2777 3447 2825 ratio

1882 2856 1980 2896 nes
2002 2848 2423 2912 prtetexendomt
2443 2851 2701 2919 imagines
2728 2858 2879 2923 quasi
2908 2864 3162 2925 quasdam
3189 2863 3453 2931 fingendo.

1885 2934 2043 3002 idque
2092 2944 2383 3009 cteteroqui
2462 2944 2693 3000 fortasse
2760 2964 2863 3002 non
2916 2952 3192 3007 instrenuo
3227 2995 3241 3015 ,
3276 2973 3461 3010 verum

1885 3030 2049 3085 unius
2088 3034 2165 3087 rei
2226 3047 2469 3103 respectu
2536 3052 2815 3103 nocenter,
2842 3056 2893 3094 ut
2925 3046 3173 3113 equidem
3237 3051 3409 3103 sentio
3450 3100 3455 3101 κ

1884 3125 2083 3195 quippe
2117 3129 2330 3195 seipsos
2376 3131 2687 3186 vitiositatis
2725 3150 2834 3188 suae
2872 3139 3088 3192 nomine
3122 3157 3462 3211 nequaquam

199 3208 496 3276 κρίνομεν,
531 3212 625 3265 καὶ
650 3215 708 3264 τὸ
738 3216 938 3269 αὐτίκα
961 3218 1168 3273 ἄλυπον
1198 3222 1306 3275 τῶν
1346 3224 1637 3294 ἐσύστερον
1689 3243 1784 3293 με-
1808 3244 1852 3303 c
1888 3218 1970 3270 vel
2022 3234 2074 3286 Pi

1583 3242 1637 3278 ον
1689 3243 1852 3303 με-α
1888 3218 1970 3270 vel
2022 3220 2239 3286 paulum
2285 3222 2473 3276 saltem
2508 3225 2751 3292 culpent,
2790 3239 2967 3283 asmte
3008 3231 3059 3284 id
3107 3208 3458 3299 quidem—:atl

200 3300 419 3363 γίστων
493 3303 717 3369 ἀγαθῶν
771 3309 1136 3378 προτιμῶμεν
1168 3330 1180 3342 ’
1242 3316 1291 3367 οἱ
1339 3315 1395 3368 δὲ
1433 3317 1622 3369 πολλοὶ
1669 3319 1778 3369 τῶν

197 3392 464 3444 τοιούτων
489 3395 610 3447 οὐδὲ
656 3397 866 3451 πείθειν
900 3402 1128 3466 ἑαυτοὺς
1154 3406 1428 3472 δύνανται,
1482 3409 1557 3471 ὡς
1615 3409 1772 3478 ὤφθη

198 3482 269 3544 γέ
297 3499 379 3544 τις
403 3484 725 3554 ἀνθρώπων,
760 3492 1029 3552 κρείττων
1079 3496 1188 3546 τῶν
1222 3498 1445 3565 ἡδονῶν.
1497 3502 1629 3553 Ἀπὸ
1669 3502 1770 3572 γὰρ

197 3571 313 3623 τῶν
330 3572 611 3645 ἡμετέρων
632 3579 706 3641 ὼς
724 3582 1018 3636 ἐπιτοπολὺ
1042 3586 1357 3655 τάλλότριον
1374 3591 1657 3661 κρίνομεν,
1681 3595 1773 3648 καὶ

198 3662 265 3712 τὸ
296 3664 435 3731 ὑπὲρ
473 3669 568 3725 τὴν
599 3670 756 3737 ήμῶν
780 3673 1003 3742 ἀνδρίαν
1034 3677 1305 3745 ἁναφανὲν
1338 3681 1478 3751 ὑπὲρ
1514 3683 1613 3753 τὴν
1663 3685 1773 3737 τῶν

194 3754 260 3806 ὃ).
270 3773 344 3805 ων
363 3750 501 3809 εῐναι
531 3761 848 3829 νομίζομεν.

1886 3310 2211 3379 voluptatem
2251 3329 2382 3367 vero
2439 3315 2679 3370 referunt
2725 3322 2927 3383 omnia,
2957 3336 3022 3375 ne
3084 3324 3194 3378 Deo
3241 3327 3460 3394 quidem

1884 3412 2186 3469 parcentes,
2214 3405 2287 3455 uti
2323 3420 2608 3474 progressa
2637 3409 2861 3464 ulterius
2886 3413 3064 3465 oratio
3083 3414 3318 3471 docebit.
3350 3417 3461 3469 Hoc

1883 3494 2011 3547 miln
2042 3497 2337 3561 pessimum
2360 3513 2478 3552 esse
2495 3501 2704 3554 videtur
2727 3518 2788 3555 ex
2818 3506 3069 3560 omnibus
3096 3522 3215 3576 quae
3236 3510 3301 3560 ab
3333 3508 3413 3575 ips
3436 3525 3461 3563 s

1883 3588 2088 3656 prolata
2131 3598 2274 3642 sunt.
2321 3588 2376 3642 In
2414 3590 2559 3644 hunc
2600 3594 2815 3647 modum
2862 3613 3050 3653 omnes
3102 3612 3337 3654 nostram
3390 3604 3456 3654 ad

1883 3680 2175 3747 perniciem
2213 3682 2388 3750 arguti
2422 3698 2633 3743 sumus.
2671 3696 2935 3754 quotquot
2977 3690 3272 3758 ignaviam,
3298 3707 3431 3765 quot

1879 3782 2010 3843 quot
2039 3773 2206 3841 ipsam
2242 3773 2506 3828 desidiam
2558 3777 2785 3833 honesto
2817 3786 3217 3851 anteponimus,
3254 3798 3307 3840 et
3342 3804 3429 3841 mo

201 3857 544 3903 mentaneam
574 3855 770 3911 doloris
799 3860 1116 3914 vacuitatem
1172 3867 1433 3930 potiorem
1481 3882 1643 3937 quam
1686 3879 1938 3925 secutura
1993 3869 2251 3937 deinceps
2300 3871 2532 3923 maxima
2590 3873 2728 3927 bona
2773 3876 3043 3932 ducimus.
3115 3881 3189 3934 Ex
3235 3899 3452 3943 eorum-

197 3944 329 3996 dem
391 3957 611 3997 numero
677 3950 984 4015 complures
1036 3970 1101 4007 ne
1159 3960 1490 4024 persuadere
1552 3962 1767 4028 quidem
1812 3962 1911 4015 sibi
1948 3971 2196 4026 possunt,
2268 3961 2432 4015 ullum
2484 3979 2715 4032 unquam
2790 3968 3065 4024 hominem
3101 3987 3453 4043 conspectum

196 4028 402 4099 fuisse,
458 4038 548 4105 qui
601 4042 930 4109 voluptatum
991 4045 1097 4097 vim
1149 4051 1462 4116 perviCerit.
1512 4052 1645 4108 Nam
1703 4056 1769 4109 de
1809 4056 2011 4108 nostris
2048 4056 2224 4109 aliena
2265 4058 2584 4127 plerumque
2664 4061 2993 4129 judicamus,
3033 4070 3285 4139 quodque
3354 4089 3450 4128 su-

192 4146 295 4198 pra
330 4130 699 4189 fortitudinem
738 4149 975 4194 nostram
1028 4144 1262 4211 exsistit,
1305 4151 1546 4204 omnium
1599 4165 1857 4221 superare
1888 4151 2255 4206 fortitudinem
2312 4165 2583 4222 putamus.

797 4256 1013 4309 ΛΟΓΟΣ
1055 4258 1130 4314 ιν.

193 4338 339 4405 Περὶ
393 4338 619 4406 ἡδονῆς
650 4356 665 4370 °
713 4342 1017 4468 ἀντίὲἓσις
1074 4353 1163 4415 εις
1220 4352 1329 4407 τὸν
1399 4356 1511 4431 πρὸ
1589 4359 1763 4413 τοῦδε

928 4435 1055 4468 γον.

928 4435 1055 4483 γον.

268 4502 439 4554 Ταυτὶ
467 4505 564 4571 μὲν
587 4499 680 4556 οὖν
704 4506 772 4559 τὰ
792 4509 939 4578 παρὰ
963 4510 1074 4563 τῶν
1118 4518 1485 4586 μεμφομένων
1518 4521 1617 4590 τὴν
1642 4523 1765 4593 ἠδο-

2466 4272 2721 4329 ORATIO
2760 4276 2824 4331 V.

1945 4368 2021 4422 De
2049 4370 2352 4436 voluptate;
2384 4382 2489 4435 qua
2532 4368 2827 4432 praecedens
2879 4374 3049 4427 oratio
3092 4378 3354 4443 refellitur

1952 4540 2078 4578 ntec
2110 4540 2238 4593 ergo
2270 4535 2396 4578 sunt
2423 4540 2542 4593 quae
2585 4527 2634 4579 in
2666 4528 2902 4582 medium
2940 4544 2968 4582 a
3005 4532 3330 4600 voluptatem
3363 4538 3442 4589 vi-

190 4595 319 4661 νήν·
365 4594 474 4660 ἐγὼ
496 4596 553 4646 δὲ
577 4595 750 4667 ταύτῃ
773 4601 1109 4671 πειράσομαι
1146 4606 1385 4676 βοηθεῖν,
1434 4613 1622 4666 δίκαια
1677 4633 1764 4668 νο-
1796 4603 1839 4657 D
1867 4624 2065 4683 tuperat

1567 4632 1622 4666 ια
1677 4633 1764 4668 νο-
1796 4603 2240 4683 Dtuperantibus
2280 4618 2597 4672 afferuntur.
2653 4617 2763 4687 Ego
2813 4635 2941 4674 vero
2993 4637 3150 4691 opem
3210 4627 3255 4679 ei
3299 4626 3441 4681 ferre

194 4686 375 4752 μίζων
406 4690 579 4739 ποιεῖν
598 4704 613 4719 ο
642 4690 735 4741 καὶ
757 4689 930 4755 ὅπως,
960 4695 1062 4764 ἤδη
1084 4702 1360 4764 φανεῖται.
1414 4703 1635 4775 Ἐπειδὴ
1655 4707 1761 4777 γὰρ

193 4779 331 4845 περὶ
353 4778 449 4845 τῆς
473 4779 666 4848 ἡδονῆς
695 4784 744 4833 οἱ
771 4784 868 4851 μὲν
898 4784 1071 4848 οὓτως
1121 4789 1307 4857 ἔχουσι
1326 4793 1573 4864 γνώμης,
1631 4801 1680 4851 oi
1704 4799 1761 4851 δὲ

190 4865 373 4926 ἄλλως
399 4880 413 4894 ·
472 4867 567 4919 καὶ
606 4870 750 4929 τινὲς
806 4871 1004 4936 τελέως
1033 4878 1395 4946 ἐκτρέπονται
1449 4884 1550 4955 τῆς
1584 4887 1762 4957 ὀρθῶς

191 4955 287 5006 ἐπὶ
313 4955 545 5022 τάληθὲς
565 4958 861 5028 φερούσης,
886 4963 1056 5015 κακόν
1087 4982 1139 5017 τι
1162 4969 1259 5019 καὶ
1291 4955 1763 5042 ἀσύμφοροννταύ-

189 5062 297 5114 την
320 5041 462 5097 εἶναι
485 5046 799 5115 νομίζοντες
823 5066 837 5079 ·
869 5052 1018 5107 οὗτοι
1043 5056 1099 5109 δὲ
1129 5061 1466 5131 ὴπάτηνται,
1499 5070 1573 5132 ὠς
1592 5071 1759 5138 ἔγωγ’

187 5138 261 5188 ἂν
288 5138 676 5206 ἰσχυρισαίμην
716 5141 859 5195 πάνυ
894 5147 1238 5218 θαρρούντως
1259 5171 1273 5184 ο
1297 5156 1413 5219 πῶς
1446 5161 1547 5213 οὐκ
1605 5164 1759 5215 είσα-

189 5230 352 5280 κτέον
381 5231 562 5293 αὐτοῖς
592 5232 867 5303 βοήθειαν,
917 5238 1013 5308 ὅση
1045 5242 1242 5314 δυνατή
1268 5265 1281 5312 ;
1320 5249 1379 5300 Ei
1422 5252 1523 5319 γὰρ
1542 5254 1603 5305 τὸ
1622 5255 1757 5307 πλα-

188 5319 391 5372 νᾶσθαι
431 5320 550 5385 λίμν
583 5325 775 5389 κακὸν,
805 5328 865 5379 τὸ
894 5329 949 5381 δὲ
995 5332 1383 5403 πλανωμένους
1410 5342 1607 5411 ὀρθοῦν
1639 5363 1756 5400 πει-

189 5414 419 5481 ρᾶσθαι,
473 5412 687 5484 βοηθεῖν
735 5418 921 5481 αὐτοῖς
974 5424 1109 5489 ἐστι,
1157 5429 1253 5479 καὶ
1278 5431 1337 5482 τὸ
1389 5432 1603 5501 βοηθεῖν
1644 5441 1755 5502 τοῖς

186 5504 518 5571 ὀμογενέσιν
544 5508 625 5568 είς
655 5507 886 5577 δύναμιν
921 5512 1093 5566 ἅπασι
1144 5520 1304 5586 χρέος
1340 5526 1519 5579 κοινόν
1541 5543 1554 5556 ’
1614 5531 1752 5584 καλὰ

186 5604 286 5647 καὶ
332 5592 519 5645 δίκαια
586 5600 730 5649 ποιεί
774 5602 801 5651 ό
839 5603 907 5653 τὰ.
964 5606 1148 5659 εἰκότα
1201 5611 1424 5678 ἀμύνων
1463 5618 1528 5684 τῇ
1567 5619 1748 5689 ἡδονῇ,

183 5682 313 5735 καθ’
342 5684 369 5734 ὅ
410 5698 471 5750 τε
512 5686 672 5754 μέρος
705 5690 802 5741 οὐκ
824 5692 929 5745 ἔδει
957 5696 1363 5770 πολεμουμένη.
1407 5703 1465 5757 ἺΟ
1494 5682 1602 5777 γὰρ
1622 5682 1751 5761 τοιό-ζ

178 5792 249 5841 qn
302 5772 513 5842 βοηθῶν
546 5776 733 5845 ⁸Βοηθεί
762 5784 875 5844 τοῖς
906 5784 1305 5856 πλανωμένοις,
1343 5796 1745 5853 καὶάποδίξωσι

178 5866 341 5933 χρζο;
383 5866 514 5917 πᾶσι
542 5869 654 5930 τοῖς
680 5870 1381 5948 ἁνθρώποιςε-ρειλόμενον.
1426 5889 1577 5940 ”Ωστ’
1620 5893 1742 5961 ἐμοὶ

1867 4708 2128 4772 conabor,
2158 4707 2299 4774 quod
2328 4708 2450 4776 jure
2484 4722 2569 4762 me
2605 4710 2656 4761 id
2692 4710 2870 4763 facere
2910 4721 3114 4779 putem,
3138 4714 3292 4782 cujus
3317 4718 3441 4783 qui-

1865 4798 1986 4850 dem
2019 4798 2251 4851 instituti
2287 4799 2425 4851 ratio
2475 4814 2598 4852 mox
2641 4803 2940 4869 apparebit.
2988 4803 3125 4857 Cum
3176 4808 3318 4857 enim
3375 4809 3440 4861 de

1864 4889 2141 4955 voluptate
2177 4891 2363 4942 horum
2394 4891 2465 4942 sit
2517 4890 2629 4943 hmo
2675 4894 2963 4957 sententia,
3015 4894 3230 4948 illorum
3282 4895 3384 4949 alia
3420 4939 3436 4960 ,

1866 4997 2100 5049 cumque
2120 4982 2186 5035 de
2211 4991 2360 5034 recto
2386 4982 2451 5035 ad
2472 4984 2757 5037 veritatem
2789 4984 2977 5039 itinere
3006 4988 3252 5041 nonnulli
3280 4989 3436 5057 plane

1862 5071 2163 5133 deﬂectant,
2192 5070 2321 5124 dum
2362 5087 2477 5124 eam
2520 5086 2643 5126 esse
2677 5074 2874 5126 malum
2934 5075 3200 5142 quoddam
3233 5088 3285 5129 et
3322 5093 3433 5131 rem

1862 5166 2079 5218 noxiam
2104 5163 2460 5229 arbitrantur,
2487 5180 2624 5233 quos
2650 5166 2903 5234 equidem
2934 5167 2986 5219 in
3019 5182 3206 5222 errore
3225 5171 3430 5223 versari

1859 5256 2197 5310 confidenter
2247 5257 2538 5310 admodum
2599 5256 3009 5323 aflirmaverim,
3068 5274 3168 5311 cur
3220 5275 3323 5313 non
3353 5262 3434 5315 eis

1859 5362 2262 5412 succurramus,
2312 5342 2524 5419 quantis
2595 5365 2726 5403 sane
2779 5349 2983 5403 viribus
3037 5349 3430 5405 licebit?Natn

1856 5438 1901 5491 si
1948 5437 2099 5489 valde
2138 5438 2336 5491 malum
2386 5448 2469 5492 est
2507 5439 2853 5505 ltallucinari,
2878 5448 2932 5493 et
2979 5440 3429 5496 hallucinantium

1856 5529 2250 5584 correctionem
2308 5532 2506 5595 tnuliri,
2542 5547 2697 5600 Opem
2756 5533 2836 5586 eis
2881 5541 2963 5586 est
3009 5532 3430 5603 ferre;prnque

1853 5621 2055 5674 viribus
2087 5635 2242 5689 opem
2277 5621 2418 5675 ferre
2433 5624 2644 5691 generis
2662 5624 3037 5693 conjunctione
3060 5624 3345 5687 devinctis,
3384 5627 3426 5678 si

1854 5711 2094 5764 debitum
2169 5712 2434 5781 quoddam
2485 5723 2589 5778 est,
2647 5715 3015 5783 praestandum
3067 5719 3428 5769 communiter

1852 5804 2147 5867 universis,
2181 5804 2431 5855 nimirum
2482 5803 2706 5859 honeste
2730 5820 2794 5859 ac
2825 5806 2968 5874 juste
3001 5805 3150 5867 facit,
3182 5806 3273 5872 qui
3299 5820 3431 5859 con-

1850 5895 2120 5950 sentaneis
2168 5896 2466 5953 rationibus
2528 5906 2752 5954 eatenus
2786 5900 3109 5968 voluptatem
3173 5896 3423 5953 defendit
