4748 6512
241 505 349 568 465

1640 509 1922 571 ORATIO
1964 514 2022 572 ν.

3369 516 3473 578 466

232 624 396 690 Θεοῦ,
428 622 505 686 ὡς
536 622 593 677 δὲ
611 625 710 677 καὶ
746 626 881 678 πᾶσι
911 628 1023 687 τοῖς
1041 620 1182 691 οῦσι,
1210 628 1304 678 καὶ
1333 625 1487 679 τοῦτὸ
1511 645 1573 693 γε
1619 629 1795 697 δόγμα
1825 640 1867 693 Α
1897 629 2107 698 quidem

1619 629 2111 698 δόγμαΑῳιίιΙοιη
2168 630 2233 682 de
2283 629 2383 682 liae
2437 638 2617 682 nostra
2673 627 3025 698 pollicebatur
3090 630 3283 683 oratio.
3345 632 3475 686 Esse

232 726 418 770 κοινόν
441 735 457 750 ·
491 719 670 771 κοινὸν
704 720 801 772 καὶ
835 718 996 772 τοῦτο
1030 719 1226 785 γένοιτ’
1261 720 1350 783 ἂν,
1379 717 1556 789 οἶμαι,
1590 722 1789 789 δόγμα,

231 809 308 870 ὡς
337 811 369 878 ἡ
411 811 571 879 ἡδονὴ
595 812 781 873 καλὸν,
815 812 909 864 καὶ
939 813 1099 882 δῆλον
1156 813 1403 869 αὐτόθεν.
1441 814 1511 865 Ἥ
1546 814 1654 881 γὰρ
1698 816 1796 867 οὐκ

234 901 352 954 ἔστι
381 904 440 954 τὸ
490 904 588 971 τῆς
637 904 831 972 ἡδονῆς
884 905 1162 975 χρῆμα,ἥ
1212 909 1343 977 παρ’
1390 902 1455 961 οὗ
1497 910 1562 961 τὰ
1596 910 1794 974 πάντα,

237 994 487 1064 κᾶκείνη.
526 995 666 1048 Ἀλλ’
687 995 800 1048 ἐστι
834 1014 897 1065 γε
922 999 1140 1052 πάντων
1172 1001 1204 1069 ἠ
1234 1001 1416 1069 ἡδονή.
1448 988 1645 1053 Θεόθεν
1664 1001 1791 1072 ἄρα.

238 1086 349 1136 Καὶ
395 1088 649 1141 τάκεῖθεν
688 1091 887 1157 ἀγαθά.
938 1091 1142 1162 Ἀγαθὴ
1192 1093 1323 1161 ἄρα.
1381 1094 1454 1146 Οὐ
1501 1094 1681 1146 τοίνυν
1715 1111 1797 1146 σοι

240 1177 507 1230 πλειόνων
538 1174 691 1246 οἶμαι
730 1180 935 1249 δεήσει,
964 1181 1099 1250 πρὸς
1143 1183 1242 1254 τὴν
1295 1185 1394 1253 τῆς
1451 1186 1797 1254 ὑποσχέσεως

236 1269 468 1321 ἔκτισιν.
511 1275 585 1324 Οὐ
615 1274 723 1340 γὰρ
757 1273 925 1336 ἔστιν,
962 1278 1063 1329 οὐκ
1099 1276 1246 1331 ἔστιν
1277 1278 1444 1347 ἄνδρα
1476 1282 1663 1333 πιστὸν
1684 1282 1798 1332 διᾶ-

238 1378 327 1425 ραι
365 1362 539 1430 στόμα
568 1364 842 1433 τολμῆσαι
872 1367 1005 1437 πρὸς
1032 1369 1365 1424 τούναντίον.
1397 1368 1563 1439 Οἶμαι
1589 1373 1646 1424 δὲ
1679 1373 1799 1442 μηδ’

235 1452 490 1514 ἄπιστον,
529 1455 721 1520 ἔχοντά
777 1474 840 1522 γε
895 1458 1021 1510 νοῦν
1074 1461 1392 1531 διακρίνειν,
1438 1465 1529 1517 καὶ
1588 1466 1798 1533 λογιζό-

238 1560 427 1609 μενον,
465 1544 562 1605 τὰς
590 1546 897 1615 ὑπερϐολὰς
928 1552 1021 1601 καὶ
1055 1551 1152 1614 τὰς
1177 1556 1557 1623 παραχρήσεις
1604 1560 1717 1615 τοῖς
1737 1557 1798 1609 οὐ

233 1634 419 1695 καλῶς
450 1635 756 1703 χρωμένοις
779 1634 921 1690 εἶναι
950 1654 963 1669 °
1002 1642 1101 1707 τῆς
1119 1641 1174 1693 δέ
1197 1643 1388 1712 ἡδονῆς
1412 1645 1511 1712 τὴν
1538 1646 1799 1700 σύστασιν

233 1724 395 1785 αὖθις
447 1722 585 1779 εἶναι
620 1732 681 1797 τῇ
726 1733 1043 1802 συμμετρίᾳ
1083 1735 1180 1799 τῆς
1215 1736 1599 1805 μεταλήψεως.
1632 1739 1798 1791 Ὥστε

242 1816 459 1881 ἔξεστιν
489 1820 684 1880 εξπεῖν.
726 1823 838 1886 Πρὸ
885 1824 979 1876 τοῦ
1035 1825 1251 1891 βαδίσαι
1288 1827 1531 1893 ἔφθασας
1556 1846 1570 1861 ο
1602 1831 1630 1883 ὃ
1689 1847 1795 1883 τινι

240 1908 354 1958 τῶν
393 1909 555 1963 θείων
602 1913 813 1980 ἀνδρῶν
843 1915 1079 1982 εἴρηται,
1148 1918 1453 1987 ὑπερϐολὴν
1511 1923 1591 1981 εἰς
1639 1937 1801 1987 ταχυ-

232 2000 376 2068 τῆτα
400 2002 609 2055 θέλοντι
636 2004 830 2070 δεῖξαι.
861 2003 1032 2075 Οἶμαι
1089 2010 1143 2061 δέ
1188 2026 1339 2069 τινας
1380 2010 1489 2063 τῶν
1518 2013 1804 2080 παρόντων

234 2093 585 2163 σαφέστερον
621 2096 827 2149 ἐθέλειν
856 2100 1107 2163 ἀκοῦσαι,
1132 2102 1226 2153 καὶ
1250 2102 1442 2171 χρῆναι
1470 2104 1680 2165 τούτοις
1701 2123 1803 2157 πα-

235 2184 664 2251 ραμυθήσασθαί
696 2207 785 2255 μοι
812 2191 979 2253 δοκεῖ,
1028 2194 1151 2245 ὅσον
1183 2196 1383 2246 ἱκανόν.
1437 2195 1600 2247 Ὅθεν
1623 2197 1685 2265 δὴ
1715 2197 1801 2249 διὰ

232 2276 499 2330 πλειόνων
526 2281 823 2350 ἐκθέμενος
854 2284 945 2336 τὸν
972 2284 1147 2351 λόγον,
1174 2286 1349 2354 ὀρθῶς
1380 2304 1440 2352 γε
1473 2287 1594 2354 ἔχον
1644 2289 1801 2354 δείξω

229 2370 296 2422 τδ
350 2373 550 2441 δόγμα.
602 2376 894 2442 ἀνάγκαις,
936 2372 1110 2446 οἶμαι,
1176 2379 1536 2446 πρεπούσαις.
1608 2382 1799 2434 Καίτοι

230 2464 378 2514 δοκῶ
414 2482 502 2531 μοι
525 2465 645 2519 λίαν
675 2469 843 2534 σαφὲς
869 2471 1305 2535 κατασκευάζειν
1344 2474 1667 2541 ἐπιχειρεῖν.
1688 2476 1800 2527 Κα-

232 2558 326 2605 ὶδν
352 2558 405 2607 δὲ
441 2560 589 2623 ὅμως
637 2563 814 2613 εἰπεῖν
844 2564 932 2613 καὶ
962 2562 1021 2614 τὸ
1069 2563 1189 2615 καθ’
1227 2564 1361 2616 αὐτὸ
1402 2566 1799 2633 συνιστάμενον

232 2650 346 2699 ἀπο
382 2651 491 2701 τῶν
544 2651 642 2721 ἤδη
682 2654 956 2722 ῥηθέντων
984 2655 1071 2707 διὰ
1117 2656 1305 2721 κοινῆς
1340 2656 1435 2721 (ὡς
1486 2658 1685 2727 εἰπεῖν)
1718 2662 1799 2711 ἐν-

230 2742 381 2804 νοίας
426 2745 511 2794 ul.
541 2744 871 2813 ἀξιώματος,
912 2748 987 2798 ἔτι
1021 2749 1114 2799 καὶ
1175 2750 1379 2816 μᾶλλον
1415 2752 1677 2819 συστῆσαι
1708 2754 1798 2806 καὶ

228 2836 297 2903 τῇ
365 2837 474 2887 τῶν
524 2838 700 2904 λόγων
757 2839 1049 2908 ἀκολουθία
1091 2842 1149 2891 ἐν
1212 2842 1487 2909 διαφόροις
1520 2845 1802 2913 ἐπιχειρή-

234 2946 399 2994 μασι.
442 2930 511 2980 Τὸ
540 2931 650 3000 γὰρ
672 2930 821 2983 δυοῖν
857 2933 1273 3000 συνιστάμενον,
1307 2934 1401 2985 δύο
1427 2934 1489 3000 δή
1524 2952 1677 2998 τινας
1705 2937 1799 3001 (ὡς

228 3022 437 3079 εἰπεῖν)
472 3022 592 3089 ἔχον
631 3022 817 3087 πῦδας,
852 3024 1200 3092 ἐδραιότερὸν
1233 3042 1335 3076 που
1362 3024 1455 3077 τοῦ
1485 3026 1552 3077 δι’
1587 3028 1704 3089 ἐνὸς
1726 3028 1800 3091 ὡς

227 3113 290 3176 ἐξ
328 3115 590 3180 ἡμισείας
647 3133 762 3178 πως
803 3116 1115 3185 βεϐηκότος,
1169 3117 1358 3186 ὥσπερ
1410 3118 1496 3183 ἐφ’
1542 3120 1624 3171 ἐνὶ
1658 3120 1797 3173 ποδί.

227 3204 291 3256 Εἰ
326 3207 382 3257 δὲ
418 3207 512 3257 καὶ
548 3207 795 3259 πλείοσιν
816 3209 1183 3276 ἐπερείδεται,
1220 3210 1355 3262 πολύ
1387 3229 1447 3277 γε
1473 3214 1620 3265 τοῦτ’
1641 3214 1799 3283 ἄμει-

227 3314 345 3348 νον.
386 3299 493 3349 Καὶ
519 3298 582 3365 δὴ
609 3300 905 3365 σκοπῶμεν
949 3300 1068 3353 ὡδί.
1109 3302 1413 3372 Ἀρξὸμεθα
1441 3305 1488 3358 δ’
1520 3302 1676 3369 αὖθις
1734 3312 1797 3362 ἐκ
1824 3339 1868 3396 c

226 3387 345 3439 τῶν
374 3390 675 3459 προτέρων.
726 3391 993 3459 Θεμέλιον
1027 3393 1134 3464 γὰρ
1184 3394 1342 3447 ἄλλον
1374 3397 1548 3457 οὐδεὶς
1579 3400 1797 3455 δύναται

225 3482 408 3535 θεῖναι
448 3484 597 3550 παρὰ
627 3483 720 3535 τὸν
749 3485 1028 3552 κείμενον,
1084 3487 1193 3554 ἔφη
1246 3487 1481 3551 Παῦλος.
1532 3492 1641 3545 Καὶ
1692 3494 1797 3564 ὀδῷ

226 3574 469 3645 βαδίζων
505 3576 534 3626 δ
568 3575 750 3642 λόγος,
774 3574 913 3630 Θεοῦ
971 3581 1388 3647 συναιρομένου,
1426 3584 1706 3651 συντόμως
1739 3587 1798 3638 τὸ

223 3668 559 3736 γιγνόμενον
585 3668 885 3734 ἀποδώσει,
921 3670 1213 3734 ἀποδείξας
1245 3672 1343 3741 μὲν
1373 3673 1587 3739 ἐκεῖνα,
1626 3669 1700 3729 ὧν
1724 3680 1798 3747 μὴ

222 3761 575 3829 δειχθέντων,
612 3762 712 3814 οὐκ
737 3763 805 3815 ἂν
837 3756 1153 3831 ἀρκούντως
1180 3763 1324 3834 ἔχειν
1346 3766 1413 3818 τὰ
1444 3767 1794 3837 ῥηθησόμενα

219 3853 404 3916 δόξαι·
436 3854 723 3921 σεωπήσας
754 3853 812 3906 δὲ
846 3854 1037 3919 πολλὰ,
1066 3854 1099 3908 ἃ
1134 3856 1225 3909 καὶ
1258 3856 1332 3927 μὴ
1366 3857 1624 3926 λεχθέντα
1644 3862 1793 3928 φυγῇ

218 3945 323 3997 τοῦ
345 3946 534 4014 κόρου,
565 3946 665 3999 οὐκ
698 3948 765 4001 ἂν
796 3949 1018 4016 ἐνέγκαι
1069 3950 1299 4019 ζημίαν,
1335 3946 1509 4020 οἶμαι,
1559 3951 1636 4021 τῷ
1668 3969 1798 4022 προς

219 4054 311 4089 κει
321 4036 469 4107 μένῳ
502 4038 711 4106 σκοπῷ.

1903 736 2030 775 vero
2060 721 2383 787 voluptatem
2426 736 2455 773 a
2512 720 2639 783 Deo,
2682 720 2878 774 nullius
2915 736 3073 788 egere
3134 723 3471 788 probationis

1901 811 2153 864 arbitror.
2185 812 2319 868 Nam
2350 826 2469 866 cum
2498 813 2678 867 omnia
2707 812 2882 873 nobis,
2918 816 3057 867 sicut
3088 822 3141 868 et
3168 815 3327 869 rebus
3360 815 3480 867 uni-

1904 905 2145 965 versis,a
2191 906 2298 959 Deo
2322 906 2521 959 tributa
2554 907 2683 971 sint,
2737 908 2877 974 quod
2929 908 3141 974 quidem
3191 908 3469 962 communi

1902 1006 2174 1065 receptum
2208 1008 2289 1052 est
2318 999 2617 1061 sententia,
2645 1000 2909 1068 sequitur,
2950 1012 3003 1051 et
3054 1002 3151 1054 hoc
3184 1016 3475 1055 commune

1902 1088 2053 1155 quasi
2086 1087 2352 1156 quoddam
2386 1102 2508 1143 esse
2537 1089 2815 1157 placitum,
2849 1091 3175 1155 voluptatem
3209 1104 3329 1144 esse
3359 1106 3471 1143 rem

1905 1181 2122 1244 bonam,
2161 1180 2319 1246 idque
2352 1181 2433 1233 vel
2490 1180 2614 1233 hinc
2655 1180 2995 1248 perspicuum
3051 1186 3134 1233 est
3175 1178 3299 1232 :vel
3331 1179 3474 1231 enim

1904 1270 2048 1324 nulla
2077 1270 2321 1339 voluptas
2346 1281 2447 1335 est,
2470 1272 2554 1325 vel
2596 1287 2623 1325 a
2654 1287 2763 1339 quo
2791 1282 2982 1326 cuneta
3015 1280 3160 1335 sunt,
3188 1272 3254 1323 ali
3286 1271 3472 1322 eodem

1901 1373 1954 1417 et
1984 1366 2117 1433 ipsa.
2144 1364 2212 1417 At
2247 1378 2375 1417 vero
2402 1364 2640 1431 voluptas
2671 1373 2755 1420 est
2785 1364 3025 1417 omnium
3064 1382 3077 1416 :
3107 1381 3135 1417 a
3170 1367 3273 1417 er
3298 1363 3477 1430 igitur.

1902 1455 2031 1518 Quae
2064 1462 2241 1507 autem
2290 1468 2320 1505 a
2372 1452 2494 1517 Deo,
2545 1453 2683 1507 bona
2739 1463 2903 1507 sunt:
2940 1456 3079 1508 bona
3140 1455 3318 1523 igitur.
3361 1452 3478 1505 Non

1903 1544 2157 1613 ergotibi
2199 1544 2459 1610 pluribus,
2485 1547 2696 1612 opinor,
2745 1562 2878 1613 optts
2918 1548 3107 1599 eritad
3146 1546 3472 1614 persolutio-

1906 1650 2023 1686 nem
2056 1634 2132 1686 rei
2158 1636 2456 1701 promissas.
2493 1634 2609 1689 Non
2635 1636 2779 1690 enim
2817 1638 2960 1700 licet,
2998 1652 3101 1691 non
3138 1638 3262 1691 licet
3304 1642 3478 1694 Itnnti-

1908 1726 1960 1778 ni
1991 1724 2131 1779 lideli
2169 1727 2433 1779 diversam
2467 1736 2522 1780 ut
2552 1729 2605 1781 in
2632 1739 2836 1795 partem
2888 1732 3083 1783 audeat
3106 1747 3165 1783 os
3199 1734 3409 1797 aperire
3461 1750 3475 1798 ;

1907 1818 2015 1871 imo
2047 1832 2145 1871 nec
2174 1817 2391 1882 inﬁdeli,
2428 1834 2544 1873 mea
2581 1821 2794 1889 quidem
2824 1820 3102 1887 Opinione,
3140 1823 3297 1875 modo
3326 1839 3479 1877 meu-

1910 1922 1979 1975 te,
2051 1925 2173 1978 quas
2216 1910 2479 1977 judicium
2541 1910 2681 1964 ferre
2739 1912 2925 1979 possit,
2980 1913 3238 1979 praiditns
3280 1914 3348 1966 sit
3385 1922 3480 1977 ;et

1840 1980 1878 2031 Β
1906 2001 2123 2070 cngitet,
2156 2015 2274 2068 qua:
2323 2001 2484 2054 nimia
2518 2001 2645 2067 sint,
2686 2018 2790 2054 una
2837 2018 2959 2055 eum
2992 2004 3272 2063 aliusibus.
3303 2006 3367 2056 ad
3387 2020 3480 2057 eos

1905 2108 2024 2147 esse
2067 2091 2348 2147 referenda
2378 2096 2471 2162 qui
2507 2109 2613 2146 non
2677 2104 2823 2148 recte
2882 2104 3105 2147 utantur
3139 2112 3151 2156 ;
3184 2095 3477 2163 voluptatis

1912 2196 2091 2238 autem
2155 2187 2322 2254 ipsius
2350 2187 2502 2252 quasi
2552 2186 2981 2253 fundamentum,
3029 2188 3079 2239 in
3120 2190 3478 2255 perceptiotus

1903 2277 2270 2329 moderamine
2324 2278 2645 2331 consistere.
2686 2277 2801 2341 Quo
2826 2277 2877 2328 ﬁt
2918 2288 2974 2330 ut
3009 2279 3186 2332 dicere
3237 2280 3366 2331 mihi
3413 2279 3472 2331 li-

1903 2380 2024 2422 ceat
2072 2388 2085 2421 :
2122 2370 2422 2435 Antequam
2478 2372 2577 2425 iter
2610 2375 2907 2440 occiperes,
2970 2374 3300 2439 pervenisti;
3341 2388 3480 2437 quou

1901 2460 2113 2514 divinus
2176 2462 2393 2530 quidam
2427 2467 2508 2515 \‘ir
2537 2464 2689 2528 dixit,
2724 2466 2944 2518 nimiam
2982 2469 3264 2533 quamdam
3291 2466 3469 2518 celeri-

1905 2561 2068 2606 tatem
2104 2554 2290 2607 voletis
2336 2556 2643 2609 ostendere.
2676 2558 2923 2609 Arbitror
2984 2570 3161 2609 autem
3217 2564 3479 2624 quosdam

1904 2647 1991 2700 hic
2021 2656 2314 2713 praesentes
2339 2648 2625 2702 dilucidius
2650 2649 2763 2702 haec
2788 2651 2974 2707 audire
3006 2665 3201 2717 cupere
3245 2670 3257 2716 ;
3292 2652 3483 2718 quilius

1900 2739 2143 2806 equidem
2198 2740 2633 2807 gratiﬁeandutn,
2690 2744 2815 2796 dum
2867 2744 3001 2796 satis
3049 2745 3128 2796 eis
3162 2746 3273 2809 ﬁat,
3337 2762 3455 2811 νει..

1899 2830 2257 2896 Quamobrem
2325 2832 2567 2901 pluribus
2616 2849 2838 2887 onmem
2890 2836 3151 2888 rationem
3208 2836 3483 2904 explicans

1905 2934 2046 2977 recte
2087 2934 2453 2989 comparatam
2507 2940 2628 2979 esse
2690 2927 3049 2990 sententiam,
3085 2930 3408 2981 Itt‘CQSSﬂl‘ilS
3432 2938 3482 2981 et

1900 3015 2364 3079 convenientilms,
2419 3024 2477 3069 ut
2532 3017 2789 3080 arbitror,
2837 3020 3164 3085 argumentis
3223 3020 3477 3086 probabo.

1916 3104 2235 3174 Quanquam
2282 3123 2392 3161 rem
2442 3108 2598 3163 valde
2651 3111 2994 3178 perspicuam
3048 3123 3294 3165 astruere
3352 3111 3481 3163 mihi

1901 3198 2036 3252 velle
2068 3201 2271 3264 videor,
2301 3200 2651 3255 nihilominus
2681 3204 2879 3256 bonum
2912 3214 2996 3257 est
3031 3205 3148 3258 haec
3177 3204 3479 3272 explicare,

1905 3290 2154 3358 quodque
2181 3306 2274 3359 per
2307 3306 2364 3346 se
2389 3292 2638 3347 consistit
2666 3309 2729 3346 ex
2769 3294 2834 3348 iis
2861 3310 2976 3363 quae
3016 3296 3126 3364 jam
3164 3296 3304 3349 dicta
3334 3306 3479 3354 sunt.

1906 3399 2001 3452 per
2033 3398 2401 3448 communem,
2436 3395 2494 3439 ut
2551 3386 2624 3439 ita
2675 3386 2928 3452 dixerim,
2988 3390 3262 3442 rmtionem
3319 3400 3483 3457 atque

1903 3479 2251 3540 sententiam,
2307 3479 2473 3547 magis
2537 3481 2699 3535 etiam
2746 3483 3127 3536 consentaneis
3179 3482 3482 3536 ratiunibus

1905 3573 2157 3639 probare,
2191 3570 2403 3625 diversa
2456 3587 2550 3639 per
2587 3582 2923 3641 argumenta.
2958 3574 3089 3627 Nam
3142 3576 3281 3644 quod
3315 3576 3481 3630 rebus

1904 3664 2115 3717 duabus
2144 3672 2378 3728 constat,
2407 3666 2542 3719 duos
2570 3667 2855 3734 quosdam,
2883 3678 2939 3719 ttt
2974 3668 3045 3720 ita
3080 3668 3280 3731 dicam,
3311 3670 3478 3737 pedes

1903 3758 2125 3822 habens,
2182 3759 2575 3827 quodammodo
2638 3761 2887 3814 stabilius
2956 3770 3037 3814 est
3097 3775 3162 3815 eo
3210 3762 3349 3829 quod
3386 3776 3480 3830 per

1904 3869 2067 3906 unum
2098 3852 2325 3921 aliquid,
2355 3852 2495 3906 velut
2521 3868 2584 3906 ex
2609 3856 2854 3919 semisse,
2884 3855 3145 3923 quasique
3177 3856 3310 3924 pede
3335 3858 3480 3909 duu-

1906 3954 2057 3998 laxat
2090 3959 2197 3998 uno
2238 3945 2511 3998 consistit.
2553 3947 2704 4010 Quod
2734 3948 2778 3999 si
2815 3948 2979 3999 etiam
3016 3948 3259 4015 pluribus
3316 3947 3473 4002 fulci-

1906 4048 2017 4101 tur,
2052 4038 2209 4105 lOuge
2252 4036 2300 4089 id
2350 4050 2565 4105 quoque
2597 4039 2788 4091 melius
2833 4050 2937 4093 est.
2989 4040 3053 4092 Et
3109 4040 3475 4095 consideratio

217 4146 360 4184 sane
409 4140 592 4184 nostra
646 4133 746 4185 hoc
785 4131 1015 4200 quodam
1051 4135 1211 4187 modo
1238 4134 1571 4188 instituatur.
1605 4133 1892 4187 Ordiamur
1958 4140 2137 4184 autent
2182 4143 2365 4182 rursus
2430 4145 2493 4184 ex
2558 4134 3047 4197 antecedentibus;
3094 4136 3289 4205 quippe
3352 4134 3474 4189 fun-

217 4229 539 4281 damentum
569 4227 709 4280 aliud
740 4229 863 4297 poni
897 4229 1081 4297 nequit
1103 4246 1261 4298 quam
1281 4231 1424 4297 quod
1451 4229 1653 4295 jactqu
1688 4239 1791 4290 est.

218 4319 546 4386 rationeqtte
593 4322 992 4388 progrediente,
1030 4322 1330 4389 Opitulante
1384 4322 1511 4387 Deo,
1580 4323 1979 4384 compendiaria
2033 4321 2173 4388 quod
2243 4327 2456 4374 rectum
2535 4322 2639 4376 erit
2704 4335 2941 4395 exponet
2985 4342 2997 4377 :

216 4410 356 4473 illis,
387 4411 581 4477 quibus
607 4428 713 4465 non
754 4413 1017 4481 probatis,
1064 4413 1204 4466 haud
1243 4414 1375 4468 satis
1412 4414 1549 4469 bene
1598 4424 1893 4468 constituta
1935 4431 2056 4484 qua:
2094 4416 2343 4473 dicentur
2384 4422 2553 4475 videri
2632 4426 2853 4488 queant,

1873 4240 1930 4282 ut
2000 4226 2147 4279 Pauli
2197 4224 2379 4279 verbis
2428 4237 2567 4279 Utar.
2603 4228 2666 4281 Et
2716 4231 2827 4297 ipsa
2885 4230 3060 4283 oratio
3118 4234 3199 4283 via
3242 4234 3473 4298 quadam

3083 4326 3477 4380 demonstratis

2937 4418 3231 4486 multisque
3302 4419 3437 4472 silen

218 4502 301 4554 tio
342 4501 649 4568 praeteritis,
707 4517 826 4570 qua:
878 4502 1087 4557 tametsi
1153 4504 1355 4557 vitandi
1413 4504 1553 4558 tredii
1628 4520 1789 4561 causa
1831 4509 2041 4575 prolata
2078 4524 2180 4563 non
2238 4512 2460 4577 fuerint,
2498 4514 2699 4566 ttullum
2755 4518 2931 4564 tamen
2967 4511 3243 4580 proposito
3306 4524 3475 4582 scopo

215 4599 635 4662 detrimentum,
666 4601 880 4668 opinor,
935 4599 1236 4653 attulerint.

296 4691 361 4743 Ei
391 4692 523 4759 γοῦν
560 4694 593 4760 ἡ
630 4692 793 4759 φύσις
843 4693 951 4745 τῶν
979 4692 1150 4745 ὄντων
1186 4694 1338 4761 παρὰ
1393 4692 1552 4759 Θεοῦ,
1611 4695 1704 4748 καὶ
1755 4696 1787 4764 ἡ
1826 4703 1871 4759 υ
1971 4694 2025 4748 Si
2084 4708 2171 4765 erg

1611 4695 1704 4748 καὶ
1755 4696 1787 4764 ἡ
1826 4703 1871 4759 υ
1971 4694 2025 4748 Si
2084 4708 2212 4765 ergo
2278 4704 2467 4749 natura
2513 4710 2697 4749 rerum
2730 4710 2758 4748 a
2791 4695 2902 4749 Deo
2959 4702 3061 4759 est,
3096 4704 3149 4749 et
3195 4697 3471 4765 appetitus

216 4782 498 4849 ἐπιθυμία
532 4783 668 4835 πᾶσι
697 4784 811 4845 τοῖς
836 4781 999 4846 ζώοις
1031 4784 1389 4851 ἐνέσπαρται,
1422 4785 1674 4855 καθάπερ
1706 4786 1801 4837 καὶ

217 4876 583 4942 προείρηται,
626 4873 725 4925 καὶ
763 4872 865 4926 οὐκ
922 4871 1071 4925 ἔστιν
1132 4871 1330 4936 ἔξωθεν
1368 4873 1428 4925 τὸ
1476 4874 1793 4942 ἐπιθυμεῖν,

213 4966 349 5017 οὐδὲ
378 4964 758 5032 ίιστερογενές,
792 4963 904 5018 οὐδ’
934 4966 1251 5033 ἐπίκτητον,
1280 4965 1399 5017 ἀλλ’
1422 4966 1667 5035 ἔμφυτός
1711 4984 1797 5028 τις

216 5056 467 5123 δύναμις
506 5055 607 5123 τῆς
633 5055 841 5125 ψυχῆς,
870 5056 966 5109 καὶ
999 5054 1326 5126 ἀχώριστος,
1361 5058 1455 5109 καὶ
1518 5057 1684 5126 μέρος
1729 5059 1792 5123 γέ

218 5165 277 5199 τι
316 5146 521 5215 ταύτης
557 5147 629 5215 (εἰ
668 5144 850 5214 βούλει
886 5145 1090 5213 λέγειν)
1119 5145 1219 5215 τῆς
1257 5145 1558 5216 τριμεροῦς
1607 5164 1666 5199 τε
1698 5147 1793 5198 καὶ

218 5235 471 5306 ἀμεροῦς
508 5236 675 5306 (λέγω
708 5236 766 5288 δὲ
800 5236 894 5290 νῦν
920 5236 1049 5306 περὶ
1075 5236 1178 5301 τῆς
1208 5236 1433 5305 λογικῆς
1463 5254 1519 5289 τε
1544 5240 1638 5290 καὶ
1659 5240 1797 5307 ἠμε-

213 5328 443 5397 τέρας),
470 5328 715 5398 δηλονότι
743 5329 1009 5399 ἁγαθδνή
1045 5329 1337 5398 ἐπιθυμία,
1394 5329 1490 5383 ἇτε
1529 5330 1592 5398 δὴ
1641 5331 1795 5400 παρὰ

214 5420 368 5474 Θεοῦ
413 5424 479 5492 τῇ
517 5421 665 5492 ψυχῇ
712 5422 978 5491 δεδομένη
1028 5423 1125 5491 οὐχ
1163 5416 1325 5493 ἦττον
1380 5422 1412 5492 ἢ
1456 5422 1522 5474 τὰ
1586 5422 1794 5491 ἀδελφὰ

216 5514 406 5581 αὐτῆς
471 5517 640 5583 μέρη,
686 5516 747 5567 τὸ
809 5515 1027 5581 λογικόν
1055 5532 1116 5566 τε
1154 5515 1247 5567 καὶ
1295 5515 1547 5582 θυμικόν.
1591 5516 1698 5566 Καὶ
1749 5519 1797 5568 εἰ

213 5608 388 5661 τοῦτο
410 5608 527 5677 δοίη
568 5626 671 5677 τις,
705 5609 910 5678 ἀγαθὸν
955 5605 1100 5662 εἶναι
1134 5610 1236 5677 τὴν
1262 5610 1559 5680 ἐπιθυμίαν
1606 5609 1791 5679 (δώσει

213 5705 278 5756 δέ
308 5719 373 5769 γε
405 5704 515 5766 πᾶς
540 5721 644 5767 τις,
671 5701 845 5772 οἶμαι,
872 5703 971 5756 οὐκ
1004 5703 1079 5756 ὢν
1118 5704 1357 5773 αὐθάδης
1386 5721 1444 5755 τε
1487 5704 1604 5755 καὶ·
1637 5703 1793 5755 ἁλλό-

218 5794 437 5857 κοτος),
477 5795 683 5862 ἀγαθὸν
708 5796 804 5850 καὶ
832 5799 864 5867 ἡ
899 5796 1062 5865 ἡδονὴ
1093 5795 1367 5863 φαίνεται,
1395 5793 1463 5847 δι’
1485 5795 1551 5863 ἣν
1568 5811 1625 5845 τε
1646 5795 1791 5847 ἐστιν

221 5886 549 5954 ἐπιθυμεῖν,
591 5889 685 5939 καὶ
714 5882 779 5956 ἦς
807 5888 975 5956 χωρὶς
998 5888 1119 5940 οὐδὲ
1141 5888 1238 5957 τὴν
1280 5884 1576 5953 ἐπιθυμίαν
1622 5886 1791 5949 αὐτὴν

225 5980 383 6042 εἰκὸς
414 5975 477 6045 ἦν
506 5979 679 6047 δήπου
701 5981 764 6049 τῇ
792 5980 937 6050 ψυχῇ
974 5980 1387 6051 ξυμπεφυκέναι
1420 5980 1514 6048 τὴν
1548 5977 1790 6049 πρώτην.

1906 4787 2119 4840 cunctis
2155 4787 2525 4841 animantibus
2552 4787 2772 4852 insitus,
2823 4788 2967 4842 sicut
2997 4797 3051 4841 et
3085 4799 3212 4843 ante
3266 4790 3471 4844 dictum

1900 4887 2003 4941 εει,
2036 4895 2133 4933 nec
2164 4878 2448 4946 appetendi
2477 4878 2557 4933 vis
2588 4888 2682 4932 aut
2714 4881 3055 4934 extrinsecus
3079 4881 3326 4935 alicunde
3349 4897 3474 4949 pro-

1902 4971 2072 5032 venit,
2104 4976 2195 5021 aut
2223 4978 2341 5022 orta
2381 4970 2653 5035 pOSterius
2683 4980 2788 5031 est,
2826 4982 2917 5023 aut
2949 4972 3213 5036 ascititia,
3265 4975 3356 5026 sed
3384 4975 3468 5026 itt-

1900 5071 2021 5111 nata
2084 5058 2331 5127 quaedam
2381 5068 2435 5113 et
2503 5062 2880 5128 inseparabilis
2931 5064 3096 5117 animi
3142 5065 3373 5119 lacultas
3416 5077 3471 5119 et

1899 5166 2022 5217 pars
2058 5151 2299 5214 quaedam
2334 5150 2469 5216 ejus,
2501 5150 2545 5205 si
2570 5151 2783 5220 quidem
2820 5152 2894 5205 ita
2945 5153 3090 5223 loqui
3127 5155 3295 5215 voles,
3349 5171 3469 5224 quze

1902 5241 2168 5305 tripartita
2227 5242 2431 5307 pariter
2483 5250 2537 5296 et
2600 5241 2832 5309 partium
2891 5258 3087 5311 expers
3136 5253 3221 5299 est
3257 5245 3470 5316 (loquut-

1901 5344 2079 5383 au;em
2108 5331 2265 5383 modo
2296 5332 2363 5384 de
2386 5333 2567 5385 anima
2602 5333 2828 5387 rationis
2863 5336 3127 5404 participe
3147 5352 3210 5390 ac
3230 5346 3467 5407 nostra),

1902 5421 2167 5488 sequitur,
2198 5425 2496 5490 appetitum
2525 5439 2645 5479 esse
2694 5442 2804 5479 rem
2839 5426 3058 5491 bonam,
3092 5427 3256 5481 veluti
3309 5429 3398 5496 qui
3435 5446 3466 5482 ιι

1902 5513 2011 5567 Deo
2054 5530 2157 5567 nou
2196 5515 2373 5569 minus
2393 5517 2573 5569 animo
2602 5517 2842 5572 tributus
2870 5519 2964 5581 sit,
3000 5535 3060 5573 ac
3086 5530 3267 5588 partes
3299 5521 3467 5589 ipsius

1899 5620 2192 5675 germanm,
2223 5606 2599 5661 ratiocinatrix
2628 5617 2682 5661 et
2728 5608 2990 5666 irascens.
3032 5611 3109 5664 Ac
3168 5611 3211 5665 si
3248 5612 3463 5679 quidem

1900 5699 2097 5767 aliquis
2127 5700 2361 5766 dederit,
2409 5703 2709 5771 appetitum
2737 5718 2855 5758 esse
2893 5720 3004 5757 rem
3054 5706 3249 5759 bonam
3293 5704 3467 5773 (dabit.

1897 5802 2077 5845 autent
2109 5793 2361 5861 quilibet,
2400 5796 2620 5863 Opinor,
2672 5795 2764 5863 qui
2810 5812 2983 5864 neque
3012 5810 3331 5860 cootuuiax,
3364 5814 3461 5852 ne—

1899 5900 2001 5951 que
2029 5885 2272 5939 insolens
2314 5887 2460 5953 erit),
2500 5888 2709 5955 parebit
2737 5897 2791 5942 et
2829 5890 3155 5960 voluptatem
3201 5907 3320 5946 esse
3351 5908 3461 5946 rem

1900 5978 2118 6045 bonam,
2161 5988 2380 6048 propter
2423 5994 2583 6048 quam
2616 5985 2941 6050 appetitnus,
3003 5995 3053 6038 et
3094 5985 3297 6055 absque
3354 6000 3457 6053 qua
