4748 6512
1223 417 1329 477 467

2407 414 2802 476 MANUELIS
2835 413 3274 477 PALAZOLOGI

4347 410 4461 472 468

1219 543 1287 582 ne
1339 526 1514 594 ipsum
1583 524 1798 592 quidem
1865 524 2162 592 appetitum
2198 525 2264 576 ab
2309 523 2462 578 initio
2533 537 2776 578 naturam
2809 525 2854 580 A
2883 528 3076 596 Μάτην

2582 537 2776 578 ituram
2809 525 2854 580 A
2883 528 3076 596 Μάτην
3103 528 3208 596 γὰρ
3245 528 3310 580 ἂν
3353 530 3503 595 παρά
3536 526 3634 594 την
3690 526 3865 596 ἀρχὴν
3901 524 3959 578 τδ
4000 525 4284 597 ἐπιθυμεῖν
4332 528 4457 591 ἐγεο

1219 619 1404 672 animo
1430 619 1723 670 indituram
1753 615 1941 679 fuisse,
1977 628 2401 669 consentaneum
2428 627 2528 669 est.
2561 615 2780 670 Frustra

1225 712 1369 764 enim
1399 711 1466 764 ab
1497 709 1651 763 initio
1685 711 1921 764 tributus
1976 711 2130 764 nobis
2168 711 2356 764 luisset
2395 714 2687 779 appetitus,
2739 714 2784 768 si

1227 818 1334 856 non
1364 812 1416 855 et
1470 802 1596 855 illud
1640 803 1961 865 exstitisset,
1991 805 2042 854 in
2085 817 2192 870 quo
2225 804 2437 856 animus
2485 803 2587 857 hac
2615 806 2782 858 etiam

1224 895 1279 947 in
1310 902 1460 961 parte
1485 902 1665 958 posset
1697 893 1748 944 in
1783 893 1941 946 nobis
1970 891 2153 944 emcax
2189 906 2330 946 esse.
2377 895 2444 944 At
2470 892 2667 946 frustra
2706 893 2784 946 fa-

1222 995 1368 1037 ctum
1405 985 1609 1048 aliquid
1639 999 1760 1037 esse
1789 1001 1816 1036 a
1849 985 1979 1044 Deo.
2016 991 2124 1038 lam
2161 986 2312 1039 dictu
2336 1001 2494 1054 quain
2526 987 2786 1056 cogitatur,

1228 1077 1496 1131 nefarium
1547 1077 1726 1131 fuerit.
1755 1077 2014 1144 Sequitur
2037 1093 2189 1144 ergo,
2220 1079 2305 1133 vel
2334 1081 2572 1134 animum
2614 1096 2640 1132 a
2677 1081 2788 1136 Deo

1226 1184 1334 1222 non
1384 1183 1506 1223 esse
1541 1168 1767 1231 factum,
1813 1171 1955 1236 (quis
1987 1180 2163 1222 autem
2196 1179 2249 1222 et
2295 1171 2475 1224 animo
2510 1172 2788 1238 pra'ditus,

1227 1272 1283 1314 et
1318 1261 1511 1314 mentis
1553 1265 1841 1329 particeps,
1871 1263 1971 1316 hoc
2004 1263 2198 1315 dixerit
2226 1265 2270 1330 ἲ)
2303 1266 2380 1318 vel
2423 1279 2544 1319 esse
2568 1268 2793 1318 creden-

1233 1355 1383 1417 dum,
1422 1353 1750 1420 voluptatem
1788 1355 1969 1406 animo
2005 1355 2267 1408 divinitus
2326 1355 2605 1410 tributam.
2656 1357 2790 1410 Cum

1241 1446 1386 1495 enim
1415 1447 1698 1510 prolatum
1730 1445 1822 1507 sit,
1849 1459 1914 1495 ne
1953 1446 2247 1511 appetitum
2289 1448 2507 1512 quidem
2552 1463 2671 1501 esse
2699 1449 2792 1500 de-

1237 1535 1446 1596 buisse,
1479 1535 1522 1586 si
1555 1536 1714 1601 plane
1750 1536 1879 1588 nibil
1918 1537 2229 1601 exsisteret,
2272 1538 2325 1592 in
2367 1555 2474 1607 quo
2529 1541 2798 1608 appetitus

1238 1643 1297 1681 se
1324 1627 1374 1680 id
1405 1643 1525 1682 esse
1558 1628 1701 1696 quod
1730 1638 1813 1681 est
1837 1638 1980 1682 recte
2011 1629 2290 1684 declarare
2343 1642 2546 1700 posset,
2595 1633 2800 1699 perspi-

1239 1733 1399 1770 cuum
1438 1735 1661 1785 prorsus
1689 1729 1768 1772 est
1803 1721 2082 1784 omnibus,
2109 1721 2253 1773 nulla
2273 1722 2315 1774 si
2347 1721 2594 1790 voluptas
2628 1736 2795 1787 esset,

1238 1827 1338 1866 nec
1368 1815 1664 1878 appetitum
1699 1813 1919 1866 omnino
1976 1816 2247 1868 exsistere
2283 1815 2553 1880 debuisse,
2598 1817 2797 1884 quippe

2888 623 3055 688 γόνει,
3096 623 3194 674 οὐκ
3257 622 3411 684 ὄντος
3479 620 3712 683 ἐκείνου,
3768 622 3828 672 ἐν
3895 614 4050 687 ᾇπερ
4112 620 4178 671 ἀν
4216 614 4363 686 εἶχεν
4420 619 4456 684 η

2890 714 3035 780 ψυχὴ
3068 715 3162 766 καὶ
3189 715 3326 765 κατά
3359 714 3479 766 τόδε
3510 715 3570 764 τδ
3613 715 3778 780 μέρος
3830 713 4049 780 ἐνεργὸς
4112 713 4244 778 ἡμῖν
4284 708 4451 762 εἶναι-

2888 807 3083 874 Μάτην
3105 807 3162 858 δέ
3196 825 3247 858 τι
3274 808 3426 874 παρὰ
3449 807 3584 858 Θεοῦ
3615 807 3897 872 γεγονέναι
3926 805 4243 872 βλάσφημον
4275 804 4459 852 εἰπεῖν

2892 898 2922 963 ἦ
2956 897 3165 963 νοῆσαι.
3196 898 3492 965 Συμϐαίνει
3533 898 3646 965 aut,
3682 897 3814 965 μηδέ
3849 897 3946 963 τὴν
3980 896 4160 963 ψυχὴν
4214 897 4275 945 ἐκ
4313 891 4458 943 Θεοῦ

2892 989 3203 1056 γεγονέναι,
3233 989 3281 1052 (ὃ
3309 989 3389 1049 τίς
3431 989 3498 1040 ἀν
3528 988 3697 1049 εἴποι,
3729 987 3911 1057 ψυχήν
3944 1004 4004 1038 τε
4039 988 4201 1053 έχων,
4237 986 4333 1038 καὶ
4362 984 4459 1036 νοῦ

2896 1082 3140 1150 μετέχων
3182 1081 3221 1148 ;)
3252 1081 3282 1149 ἦ
3314 1083 3408 1134 καὶ
3437 1081 3538 1148 τὴν
3567 1080 3761 1148 ἡδονὴν
3793 1083 3860 1150 τῇ
3888 1081 4035 1146 ψυχῇ
4071 1079 4254 1129 θεόθεν
4314 1072 4459 1128 εἶναι

2893 1173 3198 1225 πιστεύειν.
3273 1172 3493 1241 Ἐπειδὴ
3544 1172 3657 1241 γάρ
3712 1171 4005 1231 δέδεικται,
4053 1168 4126 1230 ὡς
4185 1169 4308 1220 οὐδέ
4359 1167 4463 1235 τὴν

2894 1265 3192 1335 ἐπιθυμίαν
3228 1267 3398 1334 ἐχρῆν
3435 1262 3598 1328 εῖναι,
3647 1265 3864 1324 οὐδενός
3894 1280 4042 1324 τινος
4095 1263 4232 1323 ὅλως
4279 1264 4434 1313 ὄντος

2896 1358 2982 1424 ἐφ’
3013 1355 3166 1426 ᾧπερ
3197 1358 3262 1411 ἂν
3291 1357 3472 1418 καλῶς
3494 1358 3846 1409 ἐπεδείκνυτο
3879 1355 4007 1407 αὑτό
4039 1371 4100 1421 γε
4133 1354 4291 1406 τοῦτο
4324 1349 4462 1405 οὖτα

2897 1447 3192 1514 ἐπιθυμία,
3222 1448 3379 1514 δῆλον
3414 1447 3480 1497 ἂν
3525 1449 3612 1514 εῐη
3675 1449 3840 1498 πᾶσιν
3900 1443 4052 1510 ἑξῆς,
4098 1445 4171 1506 ὡς
4207 1445 4302 1496 καὶ
4359 1443 4465 1509 τῆς

2899 1539 3093 1606 ἡδονῆς
3157 1537 3422 1605 μηδαμῶς
3478 1537 3664 1602 οὔσης,
3721 1537 3840 1589 οὑδέ
3890 1536 3989 1603 τὴν
4047 1535 4343 1603 ἐπιθυμίαν
4395 1551 4463 1599 γε

2900 1631 3005 1683 ἔδει
3053 1632 3381 1698 τοπαράπαν
3440 1631 3853 1697 συνεστηκέναι.
3922 1627 4198 1697 Πρόδηλον
4248 1628 4356 1695 γὰρ
4386 1627 4467 1687 ὡς

2902 1742 2934 1793 η
2968 1723 3229 1788 ἐπιθυμία
3273 1725 3340 1776 δι’
3377 1723 3714 1792 εὐφροσύνην
3758 1725 3853 1774 καὶ
3881 1723 4072 1791 ἡδονὴν
4106 1721 4219 1789 ἔχει
4247 1721 4346 1788 τὴν
4376 1720 4467 1770 κί-

2903 1832 3076 1879 νησιν.
3111 1816 3183 1866 03
3212 1817 3320 1882 γὰρ
3355 1815 3503 1866 ἔστιν
3544 1813 3731 1882 ἕτερόν
3775 1829 3828 1864 τι
3867 1813 3976 1863 τῶν
4033 1813 4274 1872 πάντων,
4322 1811 4467 1876 ὑπὲρ

1237 1902 1582 1956 manilestum
1639 1913 1746 1964 est.
1802 1903 2096 1971 appetitum
2134 1905 2334 1958 Iustitiae
2398 1880 2795 1974 voluptatisque
2831 1880 2870 1935 Β
2901 1906 2960 1958 οὗ
2984 1907 3112 1975 δήπι

2593 1880 2795 1974 alisque
2831 1880 2870 1935 Β
2901 1906 2960 1958 οὗ
2984 1907 3257 1975 δήπουθεν
3290 1880 3436 1972 αὕτη
3484 1906 3550 1959 ἂν
3583 1880 3856 1973 κινηθείη.
3892 1904 4049 1956 Οΰτω
4089 1903 4147 1955 δέ
4201 1901 4300 1969 τῆς
4348 1903 4468 1951 ἐπι-

1239 2009 1401 2047 causa
1437 1995 1638 2046 moveri
1699 1993 1804 2048 Nec
1831 1997 1973 2048 enim
2017 2007 2098 2050 est
2132 1997 2273 2049 aliud
2309 1997 2610 2065 quidpiam,
2642 1997 2799 2064 cujus

1239 2086 1328 2138 hic
1362 2100 1521 2138 causa
1582 2087 1786 2139 moveri
1844 2090 2035 2153 possit.
2089 2089 2426 2156 Quapropter
2462 2091 2700 2159 appetitu
2748 2092 2798 2143 in

1239 2179 1385 2232 hunc
1418 2178 1636 2230 modum
1693 2179 1917 2241 abolito,
1955 2179 2130 2248 deque
2193 2180 2371 2234 medio
2408 2183 2658 2245 sublato,
2701 2197 2801 2236 nec

1245 2271 1463 2323 animus
1496 2270 1608 2335 ipse
1659 2272 2006 2324 remanserit.
2057 2271 2266 2326 Etenim
2327 2271 2439 2326 ﬂeri
2497 2274 2702 2340 nequit,
2748 2282 2804 2325 ut

1241 2361 1456 2413 animus
1479 2359 1651 2427 aliqua
1694 2376 1750 2412 re
1798 2376 1891 2412 sua
1955 2362 2240 2430 spoliatus,
2285 2364 2338 2416 in
2379 2378 2440 2416 eo
2491 2379 2804 2432 permanere

1242 2459 1404 2514 statu,
1439 2467 1542 2520 quo
1576 2454 1822 2507 conditus
1841 2453 1960 2515 fuit,
1995 2455 2205 2519 possit;
2237 2457 2380 2523 quod
2412 2471 2547 2511 sane
2585 2457 2648 2509 de
2676 2472 2806 2509 con-

1245 2543 1416 2596 trario
1447 2551 1618 2610 paret.
1650 2544 1780 2595 Nam
1811 2559 1984 2612 neque
2013 2557 2437 2600 consentaneum
2481 2556 2581 2610 est,
2634 2563 2806 2616 neque

1247 2634 1368 2688 ﬁeri
1402 2645 1595 2701 potest,
1643 2644 1700 2688 ut
1728 2636 1941 2688 animus
1999 2635 2203 2704 aliquid
2254 2639 2593 2692 extrinsecus
2652 2654 2808 2693 assu-

1252 2734 1389 2787 mat,
1419 2740 1522 2792 quo
1552 2727 1725 2792 magis
1759 2727 1828 2780 sit
1873 2727 2108 2780 animus.
2167 2727 2402 2797 Ideoque
2445 2747 2542 2784 nec
2581 2732 2809 2785 alterum

1256 2815 1372 2869 ﬁeri
1410 2824 1608 2883 potest,
1642 2829 1695 2870 ut
1726 2819 1928 2885 aliquid
1955 2819 2162 2873 scilicet
2185 2823 2418 2874 amittat.
2455 2819 2810 2875 Namutrunt-

1254 2923 1359 2974 que
1389 2908 1750 2962 consimiliter
1778 2909 2071 2963 absurdum
2103 2920 2206 2964 est.
2249 2911 2460 2965 Etenim
2493 2913 2656 2965 animi
2687 2928 2812 2980 erga

1253 3013 1314 3055 se
1384 2999 1633 3057 invicem.
1693 3002 1835 3063 quod
1887 3001 2056 3066 ipsam
2111 3003 2301 3056 attinet
2354 3005 2708 3057 substantiam
2764 3011 2817 3058 et.

1255 3101 1432 3142 ortum
1490 3091 1749 3158 primum,
1803 3092 2090 3158 aequaliter
2152 3104 2204 3146 et
2234 3095 2421 3148 eodem
2471 3095 2653 3148 an‘eeli
2688 3105 2817 3150 sunt

2903 1998 3108 2064 θυμίας
3150 1996 3433 2064 ἀρθείσης,
3467 1996 3563 2048 καὶ
3596 1995 3880 2057 παντελῶς
3931 1995 3994 2046 ἐκ
4029 1994 4198 2060 μέσου
4229 2007 4469 2058 γεγενη-

2906 2089 3097 2155 μένης,
3149 2088 3266 2138 οὐδὲ
3299 2087 3360 2138 τὸ
3393 2087 3490 2153 τῆς
3539 2087 3718 2155 ψυχῆς
3754 2086 3943 2155 χρῆμα
3979 2089 4320 2152 παρέμεινεν
4377 2082 4467 2133 ἀν.

2904 2180 2976 2232 Οὐ
3012 2179 3120 2247 γὰρ
3150 2179 3263 2231 ἔστι
3292 2178 3392 2244 τὴν
3415 2178 3593 2246 ψυχὴν
3614 2177 4012 2246 ἀφαιρεθεῖσάν
4036 2193 4088 2227 τι
4137 2176 4247 2227 τῶν
4274 2175 4467 2240 αὐτῆς,

2907 2274 2964 2322 ἐν
2997 2266 3245 2341 γέγονε
3299 2269 3634 2322 καταστάσει
3675 2271 3884 2336 μεῖναι.
3929 2267 4098 2336 Δῆλον
4149 2267 4206 2318 δὲ
4266 2268 4330 2317 ἐκ
4375 2265 4471 2315 τοῦ

2906 2360 3175 2413 ἐναντίου.
3205 2359 3337 2411 Οὐδὲ
3370 2359 3477 2428 γὰρ
3519 2358 3688 2420 εἰκὸς,
3723 2358 3845 2409 οὐδὲ
3885 2356 4259 2424 ἐνδεχόμενον,
4299 2369 4471 2418 προσο

2907 2451 3091 2504 λαϐεῖν
3120 2469 3172 2503 τι
3204 2451 3440 2518 θύραθεν
3475 2449 3574 2518 τὴν
3603 2450 3804 2518 ψυχὴν,
3833 2448 3975 2500 ὥστε
4006 2451 4099 2498 καὶ
4143 2445 4350 2512 μᾶλλον
4373 2445 4476 2511 ψυ-

2909 2543 3010 2612 χὴν
3048 2543 3325 2608 γενέσθαι.
3358 2540 3567 2594 Οὐκοῦν
3620 2542 3740 2594 οὐδὲ
3795 2540 4022 2608 θάτερον
4062 2537 4290 2591 δυνατόν
4335 2537 4474 2599 ἐστι,

2910 2637 2970 2686 τὸ
3001 2635 3296 2687 ἀποϐαλεῖν
3329 2651 3494 2701 φημι.
3537 2633 3775 2701 Ὁμοίως
3809 2635 3918 2702 γὰρ
3951 2633 4213 2697 ἑκάτερον
4247 2630 4474 2683 ἀτοπον.

2912 2727 2976 2778 Αἰ
2999 2727 3107 2794 γὰρ
3144 2725 3313 2793 ψυχαὶ
3349 2724 3440 2776 καὶ
3470 2741 3604 2792 προς
3639 2723 3893 2792 ἀλλήλας,
3930 2723 4024 2774 καὶ
4085 2723 4223 2790 πρὸς
4278 2720 4474 2779 αὑτὰς,

2918 2819 3043 2878 ἴσως
3089 2818 3380 2885 ἀειδήποτε
3414 2815 3507 2866 καὶ
3536 2814 3803 2873 ὡσαύτως
3835 2813 4053 2880 ἔχουσιν
4079 2813 4179 2864 ὃσα
4211 2811 4358 2864 κατά
4379 2809 4479 2876 τὴν

2917 2910 3107 2962 οὐσίαν
3168 2910 3363 2977 αὐτὴν,
3415 2910 3502 2961 καὶ
3544 2907 3606 2958 τὸ
3663 2907 3896 2974 ὲξαρχῆς
3947 2901 4107 2957 εἶναι.
4163 2903 4382 2958 Οῠκουν
4415 2918 4480 2967 γε

2917 3001 3153 3072 ψυχῆςῆ
3188 3000 3410 3068 χείρων,
3445 2999 3749 3068 ἢβελτίων,
3786 2998 3906 3050 οὐδὲ
3942 2999 4140 3064 ἐαυτῆς
4156 3013 4312 3059 ποτε,
4340 2995 4483 3047 κατά

2918 3095 3017 3163 τὴν
3041 3093 3202 3160 φύσιν
3234 3091 3487 3158 γενέσθαι
3517 3085 3624 3151 οἶός
3657 3107 3738 3152 τε,
3773 3091 3833 3142 οὐ
3854 3091 4036 3141 τοίνυν
4071 3088 4192 3141 οὐδὲ
4223 3087 4484 3152 δέξασθαί

1256 3181 1439 3234 modo.
1492 3180 1692 3250 Neqnit
1744 3184 1907 3250 igitur
1931 3185 2141 3237 animus
2171 3187 2376 3248 animo,
2423 3188 2506 3239 vel
2546 3188 2709 3239 etiam
2761 3201 2818 3242 se
2845 3215 2888 3272 ο
2922 3204 2976 3238 τι
3005 3186 3110 3237 τῶν

2609 3188 2709 3239 iam
2761 3201 2818 3242 se
2845 3215 2888 3272 ε
2922 3204 2976 3238 τι
3005 3186 3110 3237 τῶν
3146 3183 3399 3249 θύραθεν,
3457 3183 3566 3233 οὐδ’
3625 3181 3925 3234 ἀποϐαλεῖν
3972 3180 4080 3232 τῶν
4138 3180 4380 3232 οἰκείων.
4423 3179 4484 3229 El

1257 3273 1396 3339 ipso,
1433 3285 1678 3327 naturam
1709 3277 1850 3343 quod
1883 3278 2098 3342 attinet,
2128 3287 2222 3331 aut
2265 3280 2530 3344 deterior,
2569 3291 2662 3334 aut
2705 3297 2820 3334 me-

1258 3365 1358 3417 lior
1391 3365 1543 3430 ﬁeri;
1580 3367 1809 3436 ideoque
1839 3383 1937 3421 nee
1993 3384 2272 3424 assumere
2309 3372 2588 3440 quidpiam
2619 3375 2824 3426 extrin-

1259 3475 1437 3520 secus,
1467 3472 1566 3510 nec
1606 3474 1761 3512 suum
1797 3460 2000 3526 aliquid
2057 3461 2307 3514 amittere
2367 3471 2564 3530 potest.
2617 3462 2748 3515 Nam
2780 3465 2822 3516 si

1262 3560 1413 3603 recte
1441 3547 1663 3602 aﬂectus
1699 3551 1802 3602 crit
1832 3565 1926 3618 per
1950 3565 2007 3603 se
2031 3551 2266 3613 animus,
2306 3553 2394 3606 ubi
2433 3554 2515 3606 vel
2545 3567 2698 3607 suum
2725 3555 2826 3606 ali-

1261 3642 1390 3710 quid
1423 3643 1690 3705 amiserit,
1743 3643 1826 3696 vel
1855 3645 2111 3712 quiddam
2143 3648 2486 3700 extrinsecus
2515 3661 2824 3710 assumpse-

1263 3735 1360 3795 rit,
1391 3735 1730 3803 perspicuum
1775 3745 1876 3798 est,
1902 3752 2024 3789 eum
2061 3745 2204 3790 recte
2253 3737 2501 3792 allectum
2532 3755 2637 3793 non
2685 3754 2826 3803 esse,

1266 3826 1313 3878 si
1348 3840 1445 3879 suo
1482 3825 1533 3878 in
1570 3834 1712 3878 statu
1741 3837 1979 3880 maneat.
2008 3829 2076 3880 At
2104 3842 2230 3880 vero
2258 3830 2384 3881 dum
2437 3830 2486 3882 iu
2524 3845 2587 3884 eo
2629 3841 2826 3892 manet,

1266 3919 1323 3970 in
1348 3932 1459 3986 quo
1478 3918 1734 3971 conditus
1771 3921 1837 3972 ab
1862 3918 2017 3973 initio
2050 3917 2171 3984 fuit,
2200 3920 2252 3972 in
2289 3935 2503 3974 summo
2527 3921 2669 3976 bono
2719 3938 2834 3975 ma-

1273 4019 1384 4061 net.
1443 4007 1584 4074 Ergo
1617 4008 1972 4062 manifestum
2007 4018 2090 4062 est
2135 4011 2407 4074 omnibus,
2469 4010 2730 4076 futurum,
2775 4021 2833 4064 ut

1274 4110 1405 4152 tunc
1434 4099 1605 4169 magis
1633 4100 1770 4151 male
1793 4099 1863 4152 sit
1901 4100 2127 4156 allectus
2155 4100 2371 4170 (loquor
2403 4112 2581 4155 autem
2619 4118 2682 4156 ex
2736 4103 2833 4173 Ity-

1275 4191 1536 4260 potltesi),
1565 4207 1686 4243 eum
1740 4193 1940 4259 aliquid
1979 4195 2320 4249 extrinsecus
2346 4199 2697 4264 assumpserit
2743 4205 2833 4249 aut

1277 4299 1436 4336 suum
1463 4284 1727 4338 amiserit.
1772 4283 1906 4337 Nam
1971 4289 2296 4339 assumenda
2355 4287 2554 4341 nimius
2601 4288 2832 4352 evadet;

1277 4375 1574 4430 deﬁciendo
1633 4376 1922 4444 quamdam
1952 4377 2103 4445 quasi
2158 4377 2550 4432 mutilationem
2604 4380 2836 4434 sustine-

1276 4468 1381 4522 bit.
1437 4468 1598 4536 Atqui
1641 4469 1685 4521 si
1737 4469 1952 4521 animus
2002 4468 2210 4538 integer
2264 4484 2328 4522 ac
2375 4471 2548 4523 bonus
2607 4471 2835 4524 inveniri

2924 3280 3035 3346 γὰρ
3069 3277 3234 3342 ὑγιῶς
3271 3276 3387 3339 ἔξει
3421 3292 3483 3341 γε
3506 3276 3569 3326 τὸ
3600 3273 3721 3326 καθ’
3761 3272 3932 3340 αὐτὴν
3959 3274 3990 3340 ἡ
4021 3271 4190 3340 ψυχὴ,
4218 3271 4251 3339 ἢ
4276 3269 4489 3322 ἀποϐα-

2924 3367 3089 3418 λοῦσα
3121 3383 3173 3418 τι
3203 3367 3315 3416 τῶν
3346 3367 3539 3433 αὐτῆς,
3577 3364 3609 3433 ἢ
3661 3365 3754 3416 καὶ
3802 3363 4000 3426 ἔξωθεν
4055 3360 4446 3430 προσλαϐοῦσα
4471 3375 4488 3388 ⁶

2923 3457 3106 3525 δῆλον,
3139 3457 3214 3518 ὡς
3236 3459 3332 3525 οὑχ
3369 3458 3537 3524 ὑγιῶς
3578 3457 3645 3509 ἂν
3693 3451 3863 3524 εἶχεν,
3917 3458 3974 3507 ἐν
4011 3455 4088 3522 τῷ
4144 3453 4268 3507 καθ’
4323 3453 4494 3520 αὐτὴν

2930 3549 3190 3616 μένουσα.
3237 3547 3400 3598 Ἀλλά
3434 3546 3528 3598 νῦν
3549 3563 3612 3611 γε
3647 3546 3884 3612 μένουσα
3931 3544 4018 3612 ἐφ’
4056 3539 4211 3612 ᾧπερ
4253 3543 4360 3612 τὴν
4391 3544 4492 3610 ἀρε

2927 3644 3030 3710 χὴν
3071 3643 3333 3709 ἐγεγόνει,
3359 3645 3415 3694 ἐν
3442 3641 3519 3711 τῷ
3549 3644 3702 3711 ἄκρῳ
3732 3642 3827 3695 τοῦ
3876 3639 4045 3695 καλοῦ
4110 3641 4285 3709 μένει.
4327 3640 4492 3692 Ὠστε

2929 3736 3063 3786 πᾶσι
3087 3733 3350 3801 φανερὸν,
3382 3736 3456 3796 ὡς
3484 3734 3605 3786 τότε
3638 3733 3838 3802 μᾶλλον
3877 3731 4062 3794 κακῶς
4110 3732 4225 3796 ἔξει
4253 3731 4338 3796 (ἐξ
4362 3731 4496 3783 ὑπο-

2931 3825 3132 3888 θέσεως
3161 3826 3217 3878 δέ
3243 3824 3432 3892 λέγω),
3464 3825 3594 3877 ὅταν
3641 3842 3696 3876 τι
3738 3825 3846 3879 τῶν
3882 3824 4115 3893 θύραθεν
4151 3823 4494 3892 ἐπιδέξηται,

2929 3918 2963 3988 ἢ
3004 3917 3113 3970 τῶν
3139 3917 3282 3970 ίδίων
3307 3915 3576 3985 ἀποϐάλῃ.
3613 3915 3690 3984 Τῇ
3729 3920 3825 3984 μὶν
3850 3917 3957 3985 γάρ
3981 3915 4289 3982 προσλήψει
4325 3915 4496 3982 ὕπερ-

2931 4010 3089 4063 ϐαλεῖ
3113 4027 3126 4040 ·
3158 4011 3223 4078 τῇ
3245 4007 3301 4060 δέ
3334 4007 3572 4075 ἐλλείψει
3601 4007 3842 4077 ὡσπερεί
3867 4025 3990 4060 τινα
4049 4008 4303 4077 πήρωσιν
4370 4007 4500 4059 ὑπο-

2935 4103 3216 4172 στήσεται.
3243 4101 3350 4152 Καὶ
3378 4099 3506 4169 μὴν,
3547 4099 3594 4151 el
3629 4095 3698 4168 ἦν
3744 4099 3841 4168 τὴν
3877 4098 4055 4168 ψυχὴν
4098 4099 4376 4166 ἀκεραίαν
4407 4095 4500 4150 καὶ

2934 4195 3104 4264 καλὴν
3130 4195 3445 4264 εὑρεθῆναι,
3479 4196 3578 4262 τῆς
3622 4192 3917 4260 ἐπιθυμίας
3967 4191 4234 4259 ἀπούσης,
4269 4191 4499 4260 περιττή

2935 4302 3050 4347 πως
3084 4287 3174 4336 καὶ
3196 4286 3393 4354 αἰσχρά
3422 4285 3612 4350 γένοιτ’
3642 4284 3706 4338 ἄν
3755 4287 3820 4354 τῇ
3851 4285 3946 4351 τῆς
3979 4283 4282 4352 ἐπιθυμίας
4333 4300 4503 4352 προσ-

2937 4380 3100 4451 θήκῃ.
3167 4381 3228 4432 Εί
3261 4379 3317 4432 δὲ
3348 4379 3442 4432 νῦν
3477 4379 3643 4449 αὐτὴν
3677 4379 3848 4447 καλὴν
3895 4381 3988 4432 καὶ
4016 4379 4318 4447 ὀλόκληρον
4373 4379 4505 4449 ὁρῶς

2945 4486 3066 4537 μεν,
3101 4468 3322 4536 εὔδηλον
3355 4469 3418 4520 ἂν
3441 4471 3526 4538 εἴη
3551 4469 3761 4536 σαφῶς,
3784 4470 3859 4528 ὡς
3891 4464 3960 4538 ἦν
3989 4471 4056 4521 ἀν
4092 4470 4352 4537 αἰσχίστη
4414 4470 4502 4520 καὶ

1278 4567 1480 4623 posset,
1533 4558 1772 4626 appetitu
1846 4558 2156 4620 destitutus,
2205 4559 2506 4628 superﬂuus
2563 4568 2614 4614 et
2670 4560 2841 4628 turpis
2873 4545 2915 4598 1)
2941 4561 3153 4631 ἐλλιπὴς

2670 4560 2841 4628 turpis
2873 4545 2915 4598 1)
2941 4561 3165 4631 ἐλλιπὴς
3200 4563 3265 4630 τῇ
3292 4559 3383 4612 τοῦ
3421 4561 3617 4628 μέρους
3652 4561 3959 4628 ἀφαιρέσει.
3995 4560 4075 4613 Τὰ
4123 4560 4234 4629 γὰρ
4292 4560 4505 4612 ἐναντία

1281 4660 1426 4703 esset
1474 4665 1537 4703 ex
1601 4649 1872 4716 appetitus
1933 4652 2277 4712 accessione;
2345 4652 2426 4704 sin
2495 4651 2645 4704 illum
2698 4667 2840 4705 nunc

1288 4739 1568 4804 pulchrum
1609 4747 1663 4790 et
1717 4739 1983 4807 integrum
2013 4739 2282 4800 videmus.
2345 4740 2628 4808 perspicue
2672 4739 2843 4793 mani-

1285 4831 1484 4884 festum
1546 4832 1671 4891 erit,
1739 4830 2109 4896 turpissimum
2165 4839 2219 4882 et
2272 4831 2642 4897 imperfectum
2707 4832 2842 4896 fore,

1285 4923 1459 4988 partis
1493 4919 1839 4986 ademptione
1871 4919 2033 4972 facta.
2073 4921 2280 4988 Quippe
2317 4923 2588 4975 contraria
2624 4933 2842 4974 contra-

1291 5017 1390 5066 riis
1423 5028 1530 5066 non
1554 5013 1732 5064 minus
1763 5012 2208 5064 demonstrantur
2262 5026 2420 5080 quam
2461 5012 2654 5066 similil
2687 5015 2840 5066 simi-

1291 5107 1456 5158 libus.
1495 5103 1759 5157 Neutrum
1827 5105 1989 5169 igitur
2021 5103 2214 5156 borum
2273 5103 2668 5157 contrariorum
2722 5120 2840 5157 eum

1289 5201 1435 5251 bono
1512 5207 1796 5264 congruct,
1858 5195 1924 5247 de
1963 5194 2256 5248 amissione
2317 5194 2506 5262 loquor
2541 5205 2594 5247 et
2637 5210 2846 5250 assum-

1291 5290 1489 5348 ptione.
1555 5285 1666 5338 lino
1737 5285 1916 5353 potius
1993 5286 2273 5354 perspicue
2329 5287 2692 5339 necessarium
2743 5297 2845 5350 est,

1295 5389 1586 5445 utrumque
1609 5377 1793 5430 animo
1821 5377 2077 5430 infestum
2113 5391 2252 5439 esse,
2311 5385 2420 5429 tam
2475 5379 2843 5431 accessionem

1293 5467 1502 5520 scilicet
1534 5482 1694 5533 quam
1719 5467 2134 5528 detractionem,
2187 5477 2244 5518 ut
2303 5481 2476 5534 neque
2522 5469 2844 5536 superﬂuum

1294 5560 1500 5628 aliquid
1531 5571 1793 5622 assumat,
1844 5574 2015 5628 neque
2064 5560 2339 5613 mutiletur
2385 5563 2526 5628 quod
2579 5561 2844 5629 integrum

1295 5663 1402 5706 est.
1435 5653 1798 5716 Quamobrem
1834 5653 1934 5704 hoc
1968 5651 2258 5720 explicito,
2299 5653 2410 5705 ﬁeri
2454 5654 2662 5705 scilicet
2707 5654 2845 5706 haud

1298 5756 1454 5810 posse
1484 5752 1539 5794 ut
1563 5743 1777 5794 animus
1811 5743 2098 5796 incolumis
2127 5742 2196 5795 sit
2220 5742 2422 5809 absque
2462 5745 2720 5811 appetitu,
2753 5758 2849 5796 ea-

1296 5832 1417 5884 dem
1474 5833 1684 5887 ratione
1746 5833 2029 5899 probatum
2078 5832 2334 5897 arbitror,
2404 5848 2501 5886 nec
2553 5834 2850 5902 appetitum

2941 4654 3051 4706 τῶν
3083 4653 3339 4705 ἐναντίων
3373 4651 3644 4716 ἀπόδειξις
3674 4651 3773 4720 οὐχ
3803 4647 3968 4722 ἦττον
4002 4651 4032 4719 ἢ
4065 4651 4134 4703 τά
4190 4653 4358 4716 ὃμοια
4408 4652 4509 4702 τῶν

2943 4745 3166 4813 ὁμοίων.
3204 4740 3508 4810 Τοιγαροῦν
3534 4742 3640 4794 τῶν
3670 4743 3924 4795 ἐναντίων
3956 4741 4240 4810 οὐδέτερον
4257 4742 4339 4809 τῷ
4365 4741 4506 4808 καλῷ

2947 4834 3323 4902 συμϐήσεται·
3351 4834 3449 4900 τὴν
3491 4832 3768 4899 ἀποϐολήν
3833 4849 3975 4900 φημι
4010 4833 4104 4884 καὶ
4133 4832 4233 4900 τὴν
4275 4833 4511 4900 πρόσλη-

2945 4928 3059 4995 ψιν.
3111 4925 3330 4979 Μᾶλλον
3383 4927 3427 4976 δ’
3474 4926 3770 4992 ἀναγκαῖον
3824 4925 4010 4990 σαφῶς
4046 4925 4162 4974 ἐστι
4229 4925 4323 4974 καὶ
4362 4924 4513 4974 πολε·

2950 5015 3084 5084 μίως
3106 5015 3249 5084 ἔχειν
3282 5015 3541 5083 ἑκάτερον
3566 5016 3632 5083 τῇ
3662 5014 3830 5083 ψυχῇ,
3861 5012 4062 5083 δηλαδὴ
4093 5013 4184 5064 καὶ
4217 5012 4321 5080 τὴν
4349 5029 4511 5080 προς-

2950 5107 3145 5174 θὴκην,
3183 5106 3280 5158 καὶ
3332 5104 3430 5173 τὴν
3479 5105 3807 5173 ἀφαίρεσιν·
3855 5103 3944 5156 ἵνα
3976 5103 4110 5171 μήτε
4168 5104 4438 5170 περιττόν
4469 5119 4514 5151 τι

2954 5197 3260 5268 προσλάϐῃ,
3314 5200 3450 5264 μήτε
3481 5195 3712 5264 πηρωθῇ
3744 5196 3804 5246 τὸ
3832 5195 4154 5260 ὁλόκληρον.
4193 5193 4418 5246 Οὐκοῦν
4449 5195 4515 5253 ὡς

2952 5290 3109 5340 τοῦτο
3135 5289 3328 5355 γέγονε
3360 5288 3544 5356 δῆλον,
3610 5288 3685 5355 μὴ
3728 5282 3841 5338 οἷόν
3897 5301 3953 5337 τε
4013 5281 4288 5353 εἶναιτὴν
4343 5285 4517 5352 ψυχὴν

2952 5380 3225 5448 διαμένειν
3266 5379 3562 5447 ἐπιθυμίας
3595 5379 3787 5446 χωρὶς,
3829 5377 3920 5428 τὸν
3955 5377 4089 5438 ἴσον,
4136 5372 4321 5442 οἶμαι,
4352 5377 4515 5427 δέδει-

2951 5486 3076 5520 κται
3104 5469 3325 5538 τρόπον,
3356 5469 3489 5537 μηδέ
3520 5469 3616 5537 τὴν
3644 5467 3940 5534 ἐπιθυμίαν
3975 5466 4332 5516 συνίστασθαι
4367 5466 4519 5516 δυνα-

2952 5559 3044 5610 τὸν
3075 5555 3236 5619 εἶναι,
3263 5557 3360 5625 τῆς
3404 5558 3595 5625 ἡδονῆς
3641 5555 3905 5624 μηδαμῶς
3956 5553 4146 5620 οὔσης.
4193 5554 4353 5604 Ὠστ“
4403 5554 4516 5604 ουδὲ

2954 5651 3156 5718 ταύτης
3213 5649 3458 5717 ἀπούσης
3508 5644 3620 5699 οἷόν
3652 5647 3712 5700 τέ
3761 5649 3878 5698 ἐστι
3923 5644 4292 5707 διασώζεσθαι
4326 5646 4389 5696 τὸ
4426 5645 4515 5708 τῆς

2955 5742 3131 5808 ψυχῆς
3164 5739 3373 5808 χρῆμα,
3407 5738 3567 5807 εἴπερ
3589 5741 3654 5806 τῇ
3707 5737 3805 5803 μὲν
3842 5736 4002 5805 ἡδονῇ
4040 5735 4140 5803 τὴν
4195 5734 4509 5799 ἐπιθυμίαν,

2953 5833 3123 5901 ταύτη
3160 5832 3335 5900 δὲτὴν
3366 5830 3544 5900 ψυχὴν
3590 5834 3615 5883 ὁ
3647 5829 3803 5896 λόγος
3843 5845 3904 5895 γε
3937 5829 4070 5897 ἡμῖν
4111 5827 4281 5889 ἔδειξε
4341 5842 4510 5882 aliut-
