  <div class='ocr_page' id='page_1' title='image "/cluster/home/n/w/nwhite01/storage/ocr_20150623/156/nnc1.0046980911/238.png"; bbox 0 0 4748 6512; ppageno 0'>
   <div class='ocr_carea' id='block_1_1' title="bbox 249 527 357 589">
    <p class='ocr_par' dir='ltr' id='par_1_1' title="bbox 249 527 357 589">
     <span class='ocr_line' id='line_1_1' title="bbox 249 527 357 589; baseline -0.019 0"><span class='ocrx_word' id='word_1_1' title='bbox 249 527 357 589; x_wconf 69' lang='lat'><strong>46‘)</strong></span> 
     </span>
    </p>
   </div>
   <div class='ocr_carea' id='block_1_2' title="bbox 1638 528 2024 592">
    <p class='ocr_par' dir='ltr' id='par_1_2' title="bbox 1638 528 2024 592">
     <span class='ocr_line' id='line_1_2' title="bbox 1638 528 2024 592; baseline 0.01 -6"><span class='ocrx_word' id='word_1_2' title='bbox 1638 528 1916 590; x_wconf 85' lang='lat' dir='ltr'><strong>ORATIO</strong></span> <span class='ocrx_word' id='word_1_3' title='bbox 1955 533 2024 592; x_wconf 89' lang='lat' dir='ltr'><strong>V.</strong></span> 
     </span>
    </p>
   </div>
   <div class='ocr_carea' id='block_1_3' title="bbox 3369 525 3471 598">
    <p class='ocr_par' dir='ltr' id='par_1_3' title="bbox 3369 525 3471 598">
     <span class='ocr_line' id='line_1_3' title="bbox 3369 525 3471 598; baseline 0 -10"><span class='ocrx_word' id='word_1_4' title='bbox 3369 525 3471 598; x_wconf 82' lang='grc'><strong>410</strong></span> 
     </span>
    </p>
   </div>
   <div class='ocr_carea' id='block_1_4' title="bbox 253 641 2128 719">
    <p class='ocr_par' dir='ltr' id='par_1_4' title="bbox 253 641 2128 714">
     <span class='ocr_line' id='line_1_4' title="bbox 253 641 2128 714; baseline 0.005 -22"><span class='ocrx_word' id='word_1_5' title='bbox 253 641 545 712; x_wconf 83' lang='grc' dir='ltr'>ρουμένην.</span> <span class='ocrx_word' id='word_1_6' title='bbox 572 641 743 695; x_wconf 68' lang='grc' dir='ltr'>Ταυτὶ</span> <span class='ocrx_word' id='word_1_7' title='bbox 777 642 832 695; x_wconf 86' lang='grc' dir='ltr'><strong>δέ</strong></span> <span class='ocrx_word' id='word_1_8' title='bbox 871 643 1084 714; x_wconf 77' lang='grc' dir='ltr'>εἴρηταί</span> <span class='ocrx_word' id='word_1_9' title='bbox 1112 661 1205 713; x_wconf 74' lang='grc' dir='ltr'><strong>μοι</strong></span> <span class='ocrx_word' id='word_1_10' title='bbox 1236 646 1330 698; x_wconf 76' lang='grc' dir='ltr'>καὶ</span> <span class='ocrx_word' id='word_1_11' title='bbox 1349 647 1805 711; x_wconf 82' lang='grc' dir='ltr'><strong>κατεσκεύασται,</strong></span> <span class='ocrx_word' id='word_1_12' title='bbox 1838 650 1880 705; x_wconf 76' lang='grc' dir='ltr'>Α</span> <span class='ocrx_word' id='word_1_13' title='bbox 1910 652 2128 705; x_wconf 81' lang='lat' dir='ltr'><strong>consistt</strong></span> 
     </span>
    </p>
   </div>
   <div class='ocr_carea' id='block_1_5' title="bbox 1583 641 3458 719">
    <p class='ocr_par' dir='ltr' id='par_1_5' title="bbox 1589 645 3458 719">
     <span class='ocr_line' id='line_1_5' title="bbox 1589 645 3458 719; baseline -0.002 -19"><span class='ocrx_word' id='word_1_14' title='bbox 1589 647 1805 711; x_wconf 88' lang='grc' dir='ltr'>ύασται,</span> <span class='ocrx_word' id='word_1_15' title='bbox 1838 650 1880 705; x_wconf 77' lang='grc' dir='ltr'>Α</span> <span class='ocrx_word' id='word_1_16' title='bbox 1910 652 2206 706; x_wconf 78' lang='lat' dir='ltr'><strong>consistere</strong></span> <span class='ocrx_word' id='word_1_17' title='bbox 2250 666 2425 719; x_wconf 80' lang='lat' dir='ltr'><strong>posse,</strong></span> <span class='ocrx_word' id='word_1_18' title='bbox 2450 652 2492 704; x_wconf 89' lang='lat' dir='ltr'><strong>si</strong></span> <span class='ocrx_word' id='word_1_19' title='bbox 2529 648 2671 703; x_wconf 90' lang='lat' dir='ltr'><strong>nulla</strong></span> <span class='ocrx_word' id='word_1_20' title='bbox 2707 648 2950 715; x_wconf 80' lang='lat' dir='ltr'><strong>voluptas</strong></span> <span class='ocrx_word' id='word_1_21' title='bbox 3003 648 3101 708; x_wconf 87' lang='lat' dir='ltr'><strong>sit;</strong></span> <span class='ocrx_word' id='word_1_22' title='bbox 3154 645 3382 711; x_wconf 74' lang='lat' dir='ltr'><strong>ideoque</strong></span> <span class='ocrx_word' id='word_1_23' title='bbox 3414 646 3458 696; x_wconf 82' lang='lat' dir='ltr'><strong>si</strong></span> 
     </span>
    </p>
   </div>
   <div class='ocr_carea' id='block_1_6' title="bbox 253 729 1808 809">
    <p class='ocr_par' dir='ltr' id='par_1_6' title="bbox 253 729 1808 809">
     <span class='ocr_line' id='line_1_6' title="bbox 253 729 1808 809; baseline 0.004 -23"><span class='ocrx_word' id='word_1_24' title='bbox 253 735 321 786; x_wconf 71' lang='grc' dir='ltr'><strong>ἶν’</strong></span> <span class='ocrx_word' id='word_1_25' title='bbox 403 733 562 788; x_wconf 73' lang='grc' dir='ltr'>,τουτὶ</span> <span class='ocrx_word' id='word_1_26' title='bbox 598 734 855 802; x_wconf 66' lang='grc' dir='ltr'>φανερδν,</span> <span class='ocrx_word' id='word_1_27' title='bbox 884 735 957 798; x_wconf 86' lang='grc' dir='ltr'>ὼς</span> <span class='ocrx_word' id='word_1_28' title='bbox 993 736 1082 803; x_wconf 85' lang='grc' dir='ltr'><strong>ἄρ’</strong></span> <span class='ocrx_word' id='word_1_29' title='bbox 1134 738 1420 806; x_wconf 77' lang='grc' dir='ltr'><strong>ἐμπέφυκε</strong></span> <span class='ocrx_word' id='word_1_30' title='bbox 1452 740 1516 807; x_wconf 84' lang='grc' dir='ltr'>τῇ</span> <span class='ocrx_word' id='word_1_31' title='bbox 1547 739 1690 809; x_wconf 76' lang='grc' dir='ltr'>ψυχῇ</span> <span class='ocrx_word' id='word_1_32' title='bbox 1722 740 1808 792; x_wconf 72' lang='grc' dir='ltr'>διὰ</span> 
     </span>
    </p>
   </div>
   <div class='ocr_carea' id='block_1_7' title="bbox 249 825 1809 898">
    <p class='ocr_par' dir='ltr' id='par_1_7' title="bbox 249 825 1809 898">
     <span class='ocr_line' id='line_1_7' title="bbox 249 825 1809 898; baseline 0.006 -22"><span class='ocrx_word' id='word_1_33' title='bbox 249 826 345 876; x_wconf 84' lang='grc' dir='ltr'><strong>τοῦ</strong></span> <span class='ocrx_word' id='word_1_34' title='bbox 367 825 764 896; x_wconf 69' lang='grc' dir='ltr'>ἐπιθυμητικοῦ</span> <span class='ocrx_word' id='word_1_35' title='bbox 797 827 997 896; x_wconf 81' lang='grc' dir='ltr'><strong>μέρους</strong></span> <span class='ocrx_word' id='word_1_36' title='bbox 1031 829 1063 897; x_wconf 82' lang='grc' dir='ltr'>ἡ</span> <span class='ocrx_word' id='word_1_37' title='bbox 1104 830 1290 898; x_wconf 82' lang='grc' dir='ltr'>ἡδονὴ,</span> <span class='ocrx_word' id='word_1_38' title='bbox 1329 829 1466 884; x_wconf 84' lang='grc' dir='ltr'>οῦσά</span> <span class='ocrx_word' id='word_1_39' title='bbox 1497 835 1560 898; x_wconf 86' lang='grc' dir='ltr'><strong>γέ</strong></span> <span class='ocrx_word' id='word_1_40' title='bbox 1591 848 1676 893; x_wconf 87' lang='grc' dir='ltr'><strong>τις</strong></span> <span class='ocrx_word' id='word_1_41' title='bbox 1720 833 1809 884; x_wconf 61' lang='grc' dir='ltr'>δύη</span> 
     </span>
    </p>
   </div>
   <div class='ocr_carea' id='block_1_8' title="bbox 253 918 1802 992">
    <p class='ocr_par' dir='ltr' id='par_1_8' title="bbox 253 918 1802 992">
     <span class='ocr_line' id='line_1_8' title="bbox 253 918 1802 992; baseline 0.006 -26"><span class='ocrx_word' id='word_1_42' title='bbox 253 936 422 984; x_wconf 80' lang='grc' dir='ltr'>ναμις</span> <span class='ocrx_word' id='word_1_43' title='bbox 480 918 647 971; x_wconf 65' lang='grc' dir='ltr'>αὐτοῦ</span> <span class='ocrx_word' id='word_1_44' title='bbox 702 920 966 988; x_wconf 82' lang='grc' dir='ltr'>οὐσιὼδης</span> <span class='ocrx_word' id='word_1_45' title='bbox 1015 922 1106 972; x_wconf 79' lang='grc' dir='ltr'>καὶ</span> <span class='ocrx_word' id='word_1_46' title='bbox 1163 921 1464 992; x_wconf 83' lang='grc' dir='ltr'>ἀχώριστος</span> <span class='ocrx_word' id='word_1_47' title='bbox 1512 925 1802 986; x_wconf 69' lang='grc' dir='ltr'>παντελῶς.</span> 
     </span>
    </p>
   </div>
   <div class='ocr_carea' id='block_1_9' title="bbox 257 1008 1809 1082">
    <p class='ocr_par' dir='ltr' id='par_1_9' title="bbox 257 1008 1809 1082">
     <span class='ocr_line' id='line_1_9' title="bbox 257 1008 1809 1082; baseline 0.003 -22"><span class='ocrx_word' id='word_1_48' title='bbox 257 1008 408 1060; x_wconf 82' lang='grc' dir='ltr'>Ὤστ⁹</span> <span class='ocrx_word' id='word_1_49' title='bbox 459 1011 599 1078; x_wconf 83' lang='grc' dir='ltr'>ὅπερ</span> <span class='ocrx_word' id='word_1_50' title='bbox 641 1010 1052 1079; x_wconf 80' lang='grc' dir='ltr'><strong>ὑπισχνούμεθα</strong></span> <span class='ocrx_word' id='word_1_51' title='bbox 1107 1010 1324 1075; x_wconf 77' lang='grc' dir='ltr'><strong>δείξειν,</strong></span> <span class='ocrx_word' id='word_1_52' title='bbox 1376 1011 1578 1079; x_wconf 84' lang='grc' dir='ltr'>ἀγαθὸν</span> <span class='ocrx_word' id='word_1_53' title='bbox 1619 1015 1809 1082; x_wconf 73' lang='grc' dir='ltr'>εἴληφε</span> 
     </span>
    </p>
   </div>
   <div class='ocr_carea' id='block_1_10' title="bbox 251 1102 1818 1174">
    <p class='ocr_par' dir='ltr' id='par_1_10' title="bbox 251 1102 1818 1174">
     <span class='ocr_line' id='line_1_10' title="bbox 251 1102 1818 1174; baseline 0.004 -23"><span class='ocrx_word' id='word_1_54' title='bbox 251 1102 428 1165; x_wconf 67' lang='grc' dir='ltr'>τέλος,</span> <span class='ocrx_word' id='word_1_55' title='bbox 461 1103 594 1154; x_wconf 85' lang='grc' dir='ltr'>Θεοῦ</span> <span class='ocrx_word' id='word_1_56' title='bbox 626 1104 1039 1172; x_wconf 80' lang='grc' dir='ltr'>συναιρομένου,</span> <span class='ocrx_word' id='word_1_57' title='bbox 1073 1104 1299 1174; x_wconf 82' lang='grc' dir='ltr'>βραχέσι</span> <span class='ocrx_word' id='word_1_58' title='bbox 1319 1105 1517 1172; x_wconf 76' lang='grc' dir='ltr'>λόγοις.</span> <span class='ocrx_word' id='word_1_59' title='bbox 1553 1108 1612 1158; x_wconf 84' lang='grc' dir='ltr'>Εἰ</span> <span class='ocrx_word' id='word_1_60' title='bbox 1647 1108 1818 1159; x_wconf 78' lang='grc' dir='ltr'>δὲκαὶ</span> 
     </span>
    </p>
   </div>
   <div class='ocr_carea' id='block_1_11' title="bbox 257 1190 1818 1265">
    <p class='ocr_par' dir='ltr' id='par_1_11' title="bbox 257 1190 1818 1265">
     <span class='ocr_line' id='line_1_11' title="bbox 257 1190 1818 1265; baseline 0.004 -21"><span class='ocrx_word' id='word_1_61' title='bbox 257 1194 523 1247; x_wconf 82' lang='grc' dir='ltr'>πλειόνων</span> <span class='ocrx_word' id='word_1_62' title='bbox 557 1190 625 1263; x_wconf 84' lang='grc' dir='ltr'>ἦν</span> <span class='ocrx_word' id='word_1_63' title='bbox 665 1195 846 1264; x_wconf 80' lang='grc' dir='ltr'>χρεία,</span> <span class='ocrx_word' id='word_1_64' title='bbox 877 1195 1005 1264; x_wconf 82' lang='grc' dir='ltr'>ἐξῆν</span> <span class='ocrx_word' id='word_1_65' title='bbox 1044 1213 1108 1261; x_wconf 91' lang='grc' dir='ltr'><strong>γε</strong></span> <span class='ocrx_word' id='word_1_66' title='bbox 1138 1196 1308 1264; x_wconf 81' lang='grc' dir='ltr'><strong>δήπου</strong></span> <span class='ocrx_word' id='word_1_67' title='bbox 1362 1198 1458 1250; x_wconf 75' lang='grc' dir='ltr'>καὶ</span> <span class='ocrx_word' id='word_1_68' title='bbox 1488 1199 1646 1250; x_wconf 88' lang='grc' dir='ltr'>τοῦτο</span> <span class='ocrx_word' id='word_1_69' title='bbox 1679 1199 1818 1265; x_wconf 76' lang='grc' dir='ltr'>μετᾶ</span> 
     </span>
    </p>
   </div>
   <div class='ocr_carea' id='block_1_12' title="bbox 257 1286 1818 1359">
    <p class='ocr_par' dir='ltr' id='par_1_12' title="bbox 257 1286 1818 1359">
     <span class='ocr_line' id='line_1_12' title="bbox 257 1286 1818 1359; baseline 0.002 -22"><span class='ocrx_word' id='word_1_70' title='bbox 257 1287 464 1354; x_wconf 77' lang='grc' dir='ltr'>πολλῆς</span> <span class='ocrx_word' id='word_1_71' title='bbox 496 1287 592 1355; x_wconf 82' lang='grc' dir='ltr'>τῆς</span> <span class='ocrx_word' id='word_1_72' title='bbox 633 1286 917 1356; x_wconf 74' lang='grc' dir='ltr'><strong>ῥᾳστώνης</strong></span> <span class='ocrx_word' id='word_1_73' title='bbox 943 1286 1226 1353; x_wconf 90' lang='grc' dir='ltr'>γενέσθαι.</span> <span class='ocrx_word' id='word_1_74' title='bbox 1261 1287 1478 1354; x_wconf 74' lang='grc' dir='ltr'>Πέφυκε</span> <span class='ocrx_word' id='word_1_75' title='bbox 1510 1290 1617 1359; x_wconf 86' lang='grc' dir='ltr'>γὰρ</span> <span class='ocrx_word' id='word_1_76' title='bbox 1651 1291 1818 1359; x_wconf 65' lang='grc' dir='ltr'>τάλησ</span> 
     </span>
    </p>
   </div>
   <div class='ocr_carea' id='block_1_13' title="bbox 256 1370 1822 1449">
    <p class='ocr_par' dir='ltr' id='par_1_13' title="bbox 256 1370 1822 1449">
     <span class='ocr_line' id='line_1_13' title="bbox 256 1370 1822 1449; baseline 0.004 -20"><span class='ocrx_word' id='word_1_77' title='bbox 256 1370 352 1438; x_wconf 67' lang='lat' dir='ltr'><strong>et;</strong></span> <span class='ocrx_word' id='word_1_78' title='bbox 379 1377 589 1430; x_wconf 78' lang='grc' dir='ltr'>οἴκοθεν</span> <span class='ocrx_word' id='word_1_79' title='bbox 620 1379 891 1445; x_wconf 87' lang='grc' dir='ltr'>πηγάζειν</span> <span class='ocrx_word' id='word_1_80' title='bbox 924 1380 1020 1440; x_wconf 66' lang='grc' dir='ltr'>τὰς</span> <span class='ocrx_word' id='word_1_81' title='bbox 1045 1379 1303 1448; x_wconf 77' lang='grc' dir='ltr'>ἀφορμὰς</span> <span class='ocrx_word' id='word_1_82' title='bbox 1341 1381 1441 1449; x_wconf 87' lang='grc' dir='ltr'><strong>τῆς</strong></span> <span class='ocrx_word' id='word_1_83' title='bbox 1496 1382 1691 1434; x_wconf 83' lang='grc' dir='ltr'>ἑαυτοῦ</span> <span class='ocrx_word' id='word_1_84' title='bbox 1727 1400 1822 1434; x_wconf 85' lang='grc' dir='ltr'>συ·</span> 
     </span>
    </p>
   </div>
   <div class='ocr_carea' id='block_1_14' title="bbox 260 1468 1817 1539">
    <p class='ocr_par' dir='ltr' id='par_1_14' title="bbox 260 1468 1817 1539">
     <span class='ocr_line' id='line_1_14' title="bbox 260 1468 1817 1539; baseline 0.004 -21"><span class='ocrx_word' id='word_1_85' title='bbox 260 1468 527 1524; x_wconf 70' lang='grc' dir='ltr'>στάσεως.</span> <span class='ocrx_word' id='word_1_86' title='bbox 572 1469 726 1519; x_wconf 75' lang='grc' dir='ltr'>Ἐπεὶ</span> <span class='ocrx_word' id='word_1_87' title='bbox 754 1469 809 1521; x_wconf 86' lang='grc' dir='ltr'><strong>δέ</strong></span> <span class='ocrx_word' id='word_1_88' title='bbox 835 1469 955 1530; x_wconf 74' lang='grc' dir='ltr'>ἃλις</span> <span class='ocrx_word' id='word_1_89' title='bbox 976 1469 1090 1539; x_wconf 79' lang='grc' dir='ltr'>ἔχει</span> <span class='ocrx_word' id='word_1_90' title='bbox 1118 1471 1187 1521; x_wconf 74' lang='grc' dir='ltr'>τὰ</span> <span class='ocrx_word' id='word_1_91' title='bbox 1213 1471 1341 1538; x_wconf 78' lang='grc' dir='ltr'>περὶ</span> <span class='ocrx_word' id='word_1_92' title='bbox 1361 1469 1582 1536; x_wconf 90' lang='grc' dir='ltr'>τούτου,</span> <span class='ocrx_word' id='word_1_93' title='bbox 1614 1472 1707 1524; x_wconf 71' lang='grc' dir='ltr'>καὶ</span> <span class='ocrx_word' id='word_1_94' title='bbox 1733 1473 1817 1524; x_wconf 82' lang='grc' dir='ltr'>δέ-</span> 
     </span>
    </p>
   </div>
   <div class='ocr_carea' id='block_1_15' title="bbox 254 1555 1817 1630">
    <p class='ocr_par' dir='ltr' id='par_1_15' title="bbox 254 1555 1817 1630">
     <span class='ocr_line' id='line_1_15' title="bbox 254 1555 1817 1630; baseline 0.004 -25"><span class='ocrx_word' id='word_1_95' title='bbox 254 1555 467 1608; x_wconf 86' lang='grc' dir='ltr'>δεικται</span> <span class='ocrx_word' id='word_1_96' title='bbox 499 1559 531 1623; x_wconf 80' lang='grc' dir='ltr'>ἡ</span> <span class='ocrx_word' id='word_1_97' title='bbox 576 1557 738 1626; x_wconf 83' lang='grc' dir='ltr'>ἡδονὴ</span> <span class='ocrx_word' id='word_1_98' title='bbox 763 1558 1156 1627; x_wconf 77' lang='grc' dir='ltr'>ξυμπεφυκυῖα</span> <span class='ocrx_word' id='word_1_99' title='bbox 1191 1559 1292 1628; x_wconf 81' lang='grc' dir='ltr'><strong>μὲν</strong></span> <span class='ocrx_word' id='word_1_100' title='bbox 1331 1562 1396 1629; x_wconf 82' lang='grc' dir='ltr'>τῇ</span> <span class='ocrx_word' id='word_1_101' title='bbox 1427 1560 1596 1630; x_wconf 79' lang='grc' dir='ltr'>ψυχῇ,</span> <span class='ocrx_word' id='word_1_102' title='bbox 1628 1561 1817 1614; x_wconf 82' lang='grc' dir='ltr'>θεόθεν</span> 
     </span>
    </p>
   </div>
   <div class='ocr_carea' id='block_1_16' title="bbox 254 1645 1816 1722">
    <p class='ocr_par' dir='ltr' id='par_1_16' title="bbox 254 1645 1816 1722">
     <span class='ocr_line' id='line_1_16' title="bbox 254 1645 1816 1722; baseline 0.006 -26"><span class='ocrx_word' id='word_1_103' title='bbox 254 1645 312 1696; x_wconf 78' lang='grc' dir='ltr'><strong>δὲ</strong></span> <span class='ocrx_word' id='word_1_104' title='bbox 348 1647 481 1714; x_wconf 81' lang='grc' dir='ltr'>αὐτὴ</span> <span class='ocrx_word' id='word_1_105' title='bbox 520 1647 805 1716; x_wconf 79' lang='grc' dir='ltr'>δεδομένη,</span> <span class='ocrx_word' id='word_1_106' title='bbox 840 1648 1018 1718; x_wconf 82' lang='grc' dir='ltr'>ἀγαθὴ</span> <span class='ocrx_word' id='word_1_107' title='bbox 1051 1650 1107 1702; x_wconf 78' lang='grc' dir='ltr'>δὲ</span> <span class='ocrx_word' id='word_1_108' title='bbox 1153 1651 1467 1718; x_wconf 80' lang='grc' dir='ltr'>ἀναγκαίως</span> <span class='ocrx_word' id='word_1_109' title='bbox 1502 1653 1590 1720; x_wconf 74' lang='grc' dir='ltr'><strong>(τὰ</strong></span> <span class='ocrx_word' id='word_1_110' title='bbox 1621 1653 1728 1722; x_wconf 79' lang='grc' dir='ltr'>γὰρ</span> <span class='ocrx_word' id='word_1_111' title='bbox 1753 1655 1816 1705; x_wconf 88' lang='grc' dir='ltr'><strong>ἐκ</strong></span> 
     </span>
    </p>
   </div>
   <div class='ocr_carea' id='block_1_17' title="bbox 254 1736 1814 1812">
    <p class='ocr_par' dir='ltr' id='par_1_17' title="bbox 254 1736 1814 1812">
     <span class='ocr_line' id='line_1_17' title="bbox 254 1736 1814 1812; baseline 0.006 -25"><span class='ocrx_word' id='word_1_112' title='bbox 254 1736 395 1790; x_wconf 77' lang='grc' dir='ltr'>Θεοῦ</span> <span class='ocrx_word' id='word_1_113' title='bbox 423 1739 695 1808; x_wconf 82' lang='grc' dir='ltr'>τοιαῦτα)’</span> <span class='ocrx_word' id='word_1_114' title='bbox 733 1741 866 1807; x_wconf 79' lang='grc' dir='ltr'>φέρε</span> <span class='ocrx_word' id='word_1_115' title='bbox 899 1743 1072 1805; x_wconf 71' lang='grc' dir='ltr'>καλὴν</span> <span class='ocrx_word' id='word_1_116' title='bbox 1101 1745 1272 1808; x_wconf 79' lang='grc' dir='ltr'>αὐτὴν</span> <span class='ocrx_word' id='word_1_117' title='bbox 1308 1743 1682 1812; x_wconf 81' lang='grc' dir='ltr'>ἀποδείξωμεν</span> <span class='ocrx_word' id='word_1_118' title='bbox 1722 1745 1814 1796; x_wconf 76' lang='grc' dir='ltr'>καὶ</span> 
     </span>
    </p>
   </div>
   <div class='ocr_carea' id='block_1_18' title="bbox 253 1831 1815 1905">
    <p class='ocr_par' dir='ltr' id='par_1_18' title="bbox 253 1831 1815 1905">
     <span class='ocr_line' id='line_1_18' title="bbox 253 1831 1815 1905; baseline 0.003 -23"><span class='ocrx_word' id='word_1_119' title='bbox 253 1831 364 1882; x_wconf 75' lang='grc' dir='ltr'>ἀπὸ</span> <span class='ocrx_word' id='word_1_120' title='bbox 399 1831 507 1883; x_wconf 88' lang='grc' dir='ltr'><strong>τῶν</strong></span> <span class='ocrx_word' id='word_1_121' title='bbox 533 1833 876 1900; x_wconf 81' lang='grc' dir='ltr'>πραγμάτων</span> <span class='ocrx_word' id='word_1_122' title='bbox 900 1835 1081 1886; x_wconf 71' lang='grc' dir='ltr'>αὐτᾶν</span> <span class='ocrx_word' id='word_1_123' title='bbox 1116 1837 1251 1905; x_wconf 77' lang='grc' dir='ltr'>μετὰ</span> <span class='ocrx_word' id='word_1_124' title='bbox 1277 1834 1577 1904; x_wconf 80' lang='grc' dir='ltr'><strong>λογισμῶν,</strong></span> <span class='ocrx_word' id='word_1_125' title='bbox 1617 1835 1682 1905; x_wconf 76' lang='grc' dir='ltr'>ἣν</span> <span class='ocrx_word' id='word_1_126' title='bbox 1711 1831 1815 1887; x_wconf 73' lang='grc' dir='ltr'>οἷοί</span> 
     </span>
    </p>
   </div>
   <div class='ocr_carea' id='block_1_19' title="bbox 253 1922 1098 1993">
    <p class='ocr_par' dir='ltr' id='par_1_19' title="bbox 253 1922 1098 1993">
     <span class='ocr_line' id='line_1_19' title="bbox 253 1922 1098 1993; baseline 0.008 -19"><span class='ocrx_word' id='word_1_127' title='bbox 253 1941 314 1975; x_wconf 91' lang='grc' dir='ltr'><strong>τε</strong></span> <span class='ocrx_word' id='word_1_128' title='bbox 348 1922 636 1993; x_wconf 82' lang='grc' dir='ltr'>γενώμεθα</span> <span class='ocrx_word' id='word_1_129' title='bbox 671 1925 828 1978; x_wconf 90' lang='grc' dir='ltr'>τοῦτο</span> <span class='ocrx_word' id='word_1_130' title='bbox 851 1928 1098 1993; x_wconf 84' lang='grc' dir='ltr'>ποιῆσαι.</span> 
     </span>
    </p>
   </div>
   <div class='ocr_carea' id='block_1_20' title="bbox 1916 737 3468 808">
    <p class='ocr_par' dir='ltr' id='par_1_20' title="bbox 1916 737 3468 808">
     <span class='ocr_line' id='line_1_20' title="bbox 1916 737 3468 808; baseline -0.007 -13"><span class='ocrx_word' id='word_1_131' title='bbox 1916 757 1976 795; x_wconf 88' lang='lat' dir='ltr'><strong>ea</strong></span> <span class='ocrx_word' id='word_1_132' title='bbox 2019 743 2156 795; x_wconf 88' lang='lat' dir='ltr'><strong>nulla</strong></span> <span class='ocrx_word' id='word_1_133' title='bbox 2194 746 2284 806; x_wconf 87' lang='lat' dir='ltr'><strong>sit,</strong></span> <span class='ocrx_word' id='word_1_134' title='bbox 2323 759 2419 797; x_wconf 91' lang='lat' dir='ltr'><strong>nec</strong></span> <span class='ocrx_word' id='word_1_135' title='bbox 2464 743 2673 796; x_wconf 83' lang='lat' dir='ltr'><strong>animus</strong></span> <span class='ocrx_word' id='word_1_136' title='bbox 2712 740 2822 808; x_wconf 84' lang='lat' dir='ltr'><strong>ipse</strong></span> <span class='ocrx_word' id='word_1_137' title='bbox 2878 738 3054 790; x_wconf 92' lang='lat' dir='ltr'><strong>salvus</strong></span> <span class='ocrx_word' id='word_1_138' title='bbox 3094 753 3211 790; x_wconf 90' lang='lat' dir='ltr'><strong>esse</strong></span> <span class='ocrx_word' id='word_1_139' title='bbox 3251 737 3468 804; x_wconf 80' lang='lat' dir='ltr'><strong>poterit,</strong></span> 
     </span>
    </p>
   </div>
   <div class='ocr_carea' id='block_1_21' title="bbox 1918 827 3473 901">
    <p class='ocr_par' dir='ltr' id='par_1_21' title="bbox 1918 827 3473 901">
     <span class='ocr_line' id='line_1_21' title="bbox 1918 827 3473 901; baseline -0.005 -18"><span class='ocrx_word' id='word_1_140' title='bbox 1918 833 2352 901; x_wconf 85' lang='lat' dir='ltr'><strong>quandoquidem</strong></span> <span class='ocrx_word' id='word_1_141' title='bbox 2386 832 2678 900; x_wconf 81' lang='lat' dir='ltr'><strong>appetitum</strong></span> <span class='ocrx_word' id='word_1_142' title='bbox 2713 844 2834 882; x_wconf 91' lang='lat' dir='ltr'><strong>cum</strong></span> <span class='ocrx_word' id='word_1_143' title='bbox 2875 827 3168 894; x_wconf 89' lang='lat' dir='ltr'><strong>voluptate,</strong></span> <span class='ocrx_word' id='word_1_144' title='bbox 3224 840 3343 879; x_wconf 89' lang='lat' dir='ltr'><strong>cum</strong></span> <span class='ocrx_word' id='word_1_145' title='bbox 3380 839 3473 891; x_wconf 91' lang='lat' dir='ltr'><strong>ap-</strong></span> 
     </span>
    </p>
   </div>
   <div class='ocr_carea' id='block_1_22' title="bbox 1919 916 3466 991">
    <p class='ocr_par' dir='ltr' id='par_1_22' title="bbox 1919 916 3466 991">
     <span class='ocr_line' id='line_1_22' title="bbox 1919 916 3466 991; baseline -0.008 -14"><span class='ocrx_word' id='word_1_146' title='bbox 1919 925 2086 991; x_wconf 88' lang='lat' dir='ltr'><strong>petitu</strong></span> <span class='ocrx_word' id='word_1_147' title='bbox 2114 925 2350 976; x_wconf 91' lang='lat' dir='ltr'><strong>animum</strong></span> <span class='ocrx_word' id='word_1_148' title='bbox 2387 937 2598 990; x_wconf 89' lang='lat' dir='ltr'><strong>quoque</strong></span> <span class='ocrx_word' id='word_1_149' title='bbox 2634 919 2746 974; x_wconf 92' lang='lat' dir='ltr'><strong>tolli</strong></span> <span class='ocrx_word' id='word_1_150' title='bbox 2805 934 2832 973; x_wconf 91' lang='lat' dir='ltr'><strong>e</strong></span> <span class='ocrx_word' id='word_1_151' title='bbox 2869 918 3044 972; x_wconf 90' lang='lat' dir='ltr'><strong>medio</strong></span> <span class='ocrx_word' id='word_1_152' title='bbox 3094 916 3466 984; x_wconf 79' lang='lat' dir='ltr'><strong>probavimus.</strong></span> 
     </span>
    </p>
   </div>
   <div class='ocr_carea' id='block_1_23' title="bbox 1922 1012 3471 1071">
    <p class='ocr_par' dir='ltr' id='par_1_23' title="bbox 1922 1012 3471 1071">
     <span class='ocr_line' id='line_1_23' title="bbox 1922 1012 3471 1071; baseline -0.009 -1"><span class='ocrx_word' id='word_1_153' title='bbox 1922 1017 2046 1070; x_wconf 62' lang='lat' dir='ltr'><strong>Haec</strong></span> <span class='ocrx_word' id='word_1_154' title='bbox 2083 1025 2258 1071; x_wconf 89' lang='lat' dir='ltr'><strong>autem</strong></span> <span class='ocrx_word' id='word_1_155' title='bbox 2308 1032 2334 1067; x_wconf 91' lang='lat' dir='ltr'><strong>a</strong></span> <span class='ocrx_word' id='word_1_156' title='bbox 2375 1030 2459 1067; x_wconf 89' lang='lat' dir='ltr'><strong>me</strong></span> <span class='ocrx_word' id='word_1_157' title='bbox 2489 1015 2628 1067; x_wconf 87' lang='lat' dir='ltr'><strong>dicta</strong></span> <span class='ocrx_word' id='word_1_158' title='bbox 2663 1023 2790 1067; x_wconf 89' lang='lat' dir='ltr'><strong>sunt</strong></span> <span class='ocrx_word' id='word_1_159' title='bbox 2837 1021 2890 1065; x_wconf 89' lang='lat' dir='ltr'><strong>et</strong></span> <span class='ocrx_word' id='word_1_160' title='bbox 2922 1012 3237 1069; x_wconf 88' lang='lat' dir='ltr'><strong>constituta,</strong></span> <span class='ocrx_word' id='word_1_161' title='bbox 3274 1018 3324 1060; x_wconf 88' lang='lat' dir='ltr'><strong>ut</strong></span> <span class='ocrx_word' id='word_1_162' title='bbox 3358 1025 3471 1060; x_wconf 82' lang='lat' dir='ltr'><strong>ma—</strong></span> 
     </span>
    </p>
   </div>
   <div class='ocr_carea' id='block_1_24' title="bbox 1919 1102 3472 1172">
    <p class='ocr_par' dir='ltr' id='par_1_24' title="bbox 1919 1102 3472 1172">
     <span class='ocr_line' id='line_1_24' title="bbox 1919 1102 3472 1172; baseline -0.007 -10"><span class='ocrx_word' id='word_1_163' title='bbox 1919 1107 2174 1163; x_wconf 84' lang='lat' dir='ltr'><strong>nifestum</strong></span> <span class='ocrx_word' id='word_1_164' title='bbox 2206 1109 2294 1171; x_wconf 89' lang='lat' dir='ltr'><strong>sit,</strong></span> <span class='ocrx_word' id='word_1_165' title='bbox 2356 1107 2593 1160; x_wconf 88' lang='lat' dir='ltr'><strong>innatam</strong></span> <span class='ocrx_word' id='word_1_166' title='bbox 2641 1120 2758 1158; x_wconf 88' lang='lat' dir='ltr'><strong>esse</strong></span> <span class='ocrx_word' id='word_1_167' title='bbox 2792 1106 3116 1172; x_wconf 81' lang='lat' dir='ltr'><strong>voluptatem</strong></span> <span class='ocrx_word' id='word_1_168' title='bbox 3151 1102 3332 1155; x_wconf 87' lang='lat' dir='ltr'><strong>animo</strong></span> <span class='ocrx_word' id='word_1_169' title='bbox 3380 1115 3472 1167; x_wconf 83' lang='lat' dir='ltr'><strong>per</strong></span> 
     </span>
    </p>
   </div>
   <div class='ocr_carea' id='block_1_25' title="bbox 1919 1193 3474 1270">
    <p class='ocr_par' dir='ltr' id='par_1_25' title="bbox 1919 1193 3474 1270">
     <span class='ocr_line' id='line_1_25' title="bbox 1919 1193 3474 1270; baseline -0.005 -17"><span class='ocrx_word' id='word_1_170' title='bbox 1919 1203 2037 1270; x_wconf 81' lang='lat' dir='ltr'><strong>ejus</strong></span> <span class='ocrx_word' id='word_1_171' title='bbox 2061 1211 2266 1270; x_wconf 88' lang='lat' dir='ltr'><strong>partem</strong></span> <span class='ocrx_word' id='word_1_172' title='bbox 2302 1208 2662 1269; x_wconf 89' lang='lat' dir='ltr'><strong>appetentem,</strong></span> <span class='ocrx_word' id='word_1_173' title='bbox 2709 1214 2833 1267; x_wconf 73' lang='lat' dir='ltr'><strong>qua:</strong></span> <span class='ocrx_word' id='word_1_174' title='bbox 2870 1193 3240 1252; x_wconf 79' lang='lat' dir='ltr'><strong>substantialis</strong></span> <span class='ocrx_word' id='word_1_175' title='bbox 3290 1205 3342 1249; x_wconf 91' lang='lat' dir='ltr'><strong>et</strong></span> <span class='ocrx_word' id='word_1_176' title='bbox 3394 1197 3474 1247; x_wconf 92' lang='lat' dir='ltr'><strong>in-</strong></span> 
     </span>
    </p>
   </div>
   <div class='ocr_carea' id='block_1_26' title="bbox 1920 1289 3472 1362">
    <p class='ocr_par' dir='ltr' id='par_1_26' title="bbox 1920 1289 3472 1362">
     <span class='ocr_line' id='line_1_26' title="bbox 1920 1289 3472 1362; baseline -0.006 -14"><span class='ocrx_word' id='word_1_177' title='bbox 1920 1293 2236 1362; x_wconf 87' lang='lat' dir='ltr'><strong>separabilis</strong></span> <span class='ocrx_word' id='word_1_178' title='bbox 2267 1293 2488 1346; x_wconf 90' lang='lat' dir='ltr'><strong>omnino</strong></span> <span class='ocrx_word' id='word_1_179' title='bbox 2523 1291 2755 1344; x_wconf 80' lang='lat' dir='ltr'><strong>facultas</strong></span> <span class='ocrx_word' id='word_1_180' title='bbox 2791 1289 2934 1343; x_wconf 91' lang='lat' dir='ltr'><strong>illius</strong></span> <span class='ocrx_word' id='word_1_181' title='bbox 2965 1289 3053 1342; x_wconf 89' lang='lat' dir='ltr'><strong>sit.</strong></span> <span class='ocrx_word' id='word_1_182' title='bbox 3096 1291 3349 1356; x_wconf 79' lang='lat' dir='ltr'><strong>Adeoque</strong></span> <span class='ocrx_word' id='word_1_183' title='bbox 3375 1289 3472 1339; x_wconf 67' lang='lat' dir='ltr'><strong>bo~</strong></span> 
     </span>
    </p>
   </div>
   <div class='ocr_carea' id='block_1_27' title="bbox 1918 1379 3473 1452">
    <p class='ocr_par' dir='ltr' id='par_1_27' title="bbox 1918 1379 3473 1452">
     <span class='ocr_line' id='line_1_27' title="bbox 1918 1379 3473 1452; baseline -0.007 -13"><span class='ocrx_word' id='word_1_184' title='bbox 1918 1401 2046 1439; x_wconf 88' lang='lat' dir='ltr'><strong>num</strong></span> <span class='ocrx_word' id='word_1_185' title='bbox 2097 1387 2160 1437; x_wconf 92' lang='lat' dir='ltr'><strong>ad</strong></span> <span class='ocrx_word' id='word_1_186' title='bbox 2208 1385 2368 1438; x_wconf 83' lang='lat' dir='ltr'><strong>ﬁnem</strong></span> <span class='ocrx_word' id='word_1_187' title='bbox 2433 1384 2754 1452; x_wconf 89' lang='lat' dir='ltr'><strong>perductum</strong></span> <span class='ocrx_word' id='word_1_188' title='bbox 2842 1393 2943 1444; x_wconf 89' lang='lat' dir='ltr'><strong>est,</strong></span> <span class='ocrx_word' id='word_1_189' title='bbox 3001 1379 3292 1443; x_wconf 72' lang='lat' dir='ltr'><strong>adjmante</strong></span> <span class='ocrx_word' id='word_1_190' title='bbox 3344 1380 3473 1440; x_wconf 81' lang='lat' dir='ltr'><strong>Deo,</strong></span> 
     </span>
    </p>
   </div>
   <div class='ocr_carea' id='block_1_28' title="bbox 1917 1471 3472 1544">
    <p class='ocr_par' dir='ltr' id='par_1_28' title="bbox 1917 1471 3472 1544">
     <span class='ocr_line' id='line_1_28' title="bbox 1917 1471 3472 1544; baseline -0.003 -18"><span class='ocrx_word' id='word_1_191' title='bbox 1917 1477 2106 1544; x_wconf 83' lang='lat' dir='ltr'><strong>paucis</strong></span> <span class='ocrx_word' id='word_1_192' title='bbox 2135 1491 2267 1530; x_wconf 84' lang='lat' dir='ltr'><strong>sane</strong></span> <span class='ocrx_word' id='word_1_193' title='bbox 2297 1477 2496 1538; x_wconf 89' lang='lat' dir='ltr'><strong>verbis,</strong></span> <span class='ocrx_word' id='word_1_194' title='bbox 2521 1474 2666 1543; x_wconf 90' lang='lat' dir='ltr'><strong>quod</strong></span> <span class='ocrx_word' id='word_1_195' title='bbox 2703 1485 3015 1526; x_wconf 88' lang='lat' dir='ltr'><strong>ostensuros</strong></span> <span class='ocrx_word' id='word_1_196' title='bbox 3056 1485 3151 1524; x_wconf 85' lang='lat' dir='ltr'><strong>nos</strong></span> <span class='ocrx_word' id='word_1_197' title='bbox 3177 1471 3472 1537; x_wconf 90' lang='lat' dir='ltr'><strong>polliceba-</strong></span> 
     </span>
    </p>
   </div>
   <div class='ocr_carea' id='block_1_29' title="bbox 1920 1562 3473 1632">
    <p class='ocr_par' dir='ltr' id='par_1_29' title="bbox 1920 1562 3473 1632">
     <span class='ocr_line' id='line_1_29' title="bbox 1920 1562 3473 1632; baseline -0.005 -15"><span class='ocrx_word' id='word_1_198' title='bbox 1920 1582 2060 1618; x_wconf 88' lang='lat' dir='ltr'><strong>mur.</strong></span> <span class='ocrx_word' id='word_1_199' title='bbox 2085 1566 2238 1631; x_wconf 84' lang='lat' dir='ltr'><strong>Quod</strong></span> <span class='ocrx_word' id='word_1_200' title='bbox 2271 1565 2313 1618; x_wconf 92' lang='lat' dir='ltr'><strong>si</strong></span> <span class='ocrx_word' id='word_1_201' title='bbox 2342 1565 2584 1632; x_wconf 89' lang='lat' dir='ltr'><strong>pluribus</strong></span> <span class='ocrx_word' id='word_1_202' title='bbox 2601 1578 2735 1631; x_wconf 89' lang='lat' dir='ltr'><strong>opus</strong></span> <span class='ocrx_word' id='word_1_203' title='bbox 2761 1570 2922 1625; x_wconf 90' lang='lat' dir='ltr'><strong>esset,</strong></span> <span class='ocrx_word' id='word_1_204' title='bbox 2952 1562 3114 1614; x_wconf 89' lang='lat' dir='ltr'><strong>etiam</strong></span> <span class='ocrx_word' id='word_1_205' title='bbox 3143 1562 3194 1613; x_wconf 90' lang='lat' dir='ltr'><strong>id</strong></span> <span class='ocrx_word' id='word_1_206' title='bbox 3216 1575 3473 1630; x_wconf 89' lang='lat' dir='ltr'><strong>perquam</strong></span> 
     </span>
    </p>
   </div>
   <div class='ocr_carea' id='block_1_30' title="bbox 1921 1656 3479 1727">
    <p class='ocr_par' dir='ltr' id='par_1_30' title="bbox 1921 1656 3479 1727">
     <span class='ocr_line' id='line_1_30' title="bbox 1921 1656 3479 1727; baseline -0.003 -16"><span class='ocrx_word' id='word_1_207' title='bbox 1921 1657 2075 1711; x_wconf 78' lang='lat' dir='ltr'><strong>facile</strong></span> <span class='ocrx_word' id='word_1_208' title='bbox 2107 1666 2364 1727; x_wconf 61' lang='lat' dir='ltr'><strong>prmstare</strong></span> <span class='ocrx_word' id='word_1_209' title='bbox 2387 1672 2691 1725; x_wconf 87' lang='lat' dir='ltr'><strong>possemus.</strong></span> <span class='ocrx_word' id='word_1_210' title='bbox 2735 1657 2805 1709; x_wconf 82' lang='lat' dir='ltr'><strong>Ea</strong></span> <span class='ocrx_word' id='word_1_211' title='bbox 2843 1671 3075 1722; x_wconf 77' lang='lat' dir='ltr'><strong>namque</strong></span> <span class='ocrx_word' id='word_1_212' title='bbox 3104 1656 3345 1709; x_wconf 76' lang='lat' dir='ltr'><strong>veritatis</strong></span> <span class='ocrx_word' id='word_1_213' title='bbox 3396 1666 3479 1707; x_wconf 80' lang='lat' dir='ltr'><strong>est</strong></span> 
     </span>
    </p>
   </div>
   <div class='ocr_carea' id='block_1_31' title="bbox 1924 1747 3472 1815">
    <p class='ocr_par' dir='ltr' id='par_1_31' title="bbox 1924 1747 3472 1815">
     <span class='ocr_line' id='line_1_31' title="bbox 1924 1747 3472 1815; baseline -0.003 -13"><span class='ocrx_word' id='word_1_214' title='bbox 1924 1759 2137 1814; x_wconf 88' lang='lat' dir='ltr'><strong>natura,</strong></span> <span class='ocrx_word' id='word_1_215' title='bbox 2163 1758 2219 1802; x_wconf 93' lang='lat' dir='ltr'><strong>ut</strong></span> <span class='ocrx_word' id='word_1_216' title='bbox 2252 1749 2566 1804; x_wconf 72' lang='lat' dir='ltr'><strong>occasiones</strong></span> <span class='ocrx_word' id='word_1_217' title='bbox 2596 1759 2648 1802; x_wconf 90' lang='lat' dir='ltr'><strong>et</strong></span> <span class='ocrx_word' id='word_1_218' title='bbox 2675 1763 2870 1802; x_wconf 84' lang='lat' dir='ltr'><strong>causas</strong></span> <span class='ocrx_word' id='word_1_219' title='bbox 2903 1747 3214 1802; x_wconf 86' lang='lat' dir='ltr'><strong>stabiliendi</strong></span> <span class='ocrx_word' id='word_1_220' title='bbox 3241 1750 3472 1815; x_wconf 89' lang='lat' dir='ltr'><strong>seipsam</strong></span> 
     </span>
    </p>
   </div>
   <div class='ocr_carea' id='block_1_32' title="bbox 1921 1837 3477 1907">
    <p class='ocr_par' dir='ltr' id='par_1_32' title="bbox 1921 1837 3477 1907">
     <span class='ocr_line' id='line_1_32' title="bbox 1921 1837 3477 1907; baseline 0 -17"><span class='ocrx_word' id='word_1_221' title='bbox 1921 1850 1984 1890; x_wconf 84' lang='lat' dir='ltr'><strong>ex</strong></span> <span class='ocrx_word' id='word_1_222' title='bbox 2017 1851 2076 1890; x_wconf 87' lang='lat' dir='ltr'><strong>se</strong></span> <span class='ocrx_word' id='word_1_223' title='bbox 2107 1838 2257 1904; x_wconf 90' lang='lat' dir='ltr'><strong>quasi</strong></span> <span class='ocrx_word' id='word_1_224' title='bbox 2297 1837 2441 1891; x_wconf 89' lang='lat' dir='ltr'><strong>fonte</strong></span> <span class='ocrx_word' id='word_1_225' title='bbox 2470 1839 2702 1906; x_wconf 89' lang='lat' dir='ltr'><strong>quodam</strong></span> <span class='ocrx_word' id='word_1_226' title='bbox 2738 1837 3046 1907; x_wconf 77' lang='lat' dir='ltr'><strong>profundat.</strong></span> <span class='ocrx_word' id='word_1_227' title='bbox 3083 1837 3192 1892; x_wconf 83' lang='lat' dir='ltr'><strong>Sed</strong></span> <span class='ocrx_word' id='word_1_228' title='bbox 3223 1842 3342 1906; x_wconf 77' lang='lat' dir='ltr'><strong>quia</strong></span> <span class='ocrx_word' id='word_1_229' title='bbox 3391 1853 3477 1891; x_wconf 88' lang='lat' dir='ltr'><strong>res</strong></span> 
     </span>
    </p>
   </div>
   <div class='ocr_carea' id='block_1_33' title="bbox 1921 1929 3477 1998">
    <p class='ocr_par' dir='ltr' id='par_1_33' title="bbox 1921 1929 3477 1998">
     <span class='ocr_line' id='line_1_33' title="bbox 1921 1929 3477 1998; baseline -0.003 -15"><span class='ocrx_word' id='word_1_230' title='bbox 1921 1929 2056 1983; x_wconf 83' lang='lat' dir='ltr'><strong>satis</strong></span> <span class='ocrx_word' id='word_1_231' title='bbox 2095 1938 2178 1981; x_wconf 87' lang='lat' dir='ltr'><strong>est</strong></span> <span class='ocrx_word' id='word_1_232' title='bbox 2209 1930 2502 1994; x_wconf 78' lang='lat' dir='ltr'><strong>explicata,</strong></span> <span class='ocrx_word' id='word_1_233' title='bbox 2539 1929 2952 1996; x_wconf 84' lang='lat' dir='ltr'><strong>probatumque,</strong></span> <span class='ocrx_word' id='word_1_234' title='bbox 2983 1931 3331 1998; x_wconf 68' lang='lat' dir='ltr'><strong>voluptatem</strong></span> <span class='ocrx_word' id='word_1_235' title='bbox 3358 1932 3477 1980; x_wconf 91' lang='lat' dir='ltr'><strong>aui-</strong></span> 
     </span>
    </p>
   </div>
   <div class='ocr_carea' id='block_1_34' title="bbox 256 2021 3478 2091">
    <p class='ocr_par' dir='ltr' id='par_1_34' title="bbox 256 2021 3478 2091">
     <span class='ocr_line' id='line_1_34' title="bbox 256 2021 3478 2091; baseline 0 -20"><span class='ocrx_word' id='word_1_236' title='bbox 256 2035 345 2072; x_wconf 93' lang='lat' dir='ltr'><strong>mo</strong></span> <span class='ocrx_word' id='word_1_237' title='bbox 373 2034 401 2071; x_wconf 87' lang='lat' dir='ltr'><strong>a</strong></span> <span class='ocrx_word' id='word_1_238' title='bbox 439 2031 626 2074; x_wconf 87' lang='lat' dir='ltr'><strong>natura</strong></span> <span class='ocrx_word' id='word_1_239' title='bbox 655 2021 877 2076; x_wconf 87' lang='lat' dir='ltr'><strong>inditam</strong></span> <span class='ocrx_word' id='word_1_240' title='bbox 910 2038 973 2077; x_wconf 92' lang='lat' dir='ltr'><strong>ac</strong></span> <span class='ocrx_word' id='word_1_241' title='bbox 1005 2023 1267 2078; x_wconf 86' lang='lat' dir='ltr'><strong>divinitus</strong></span> <span class='ocrx_word' id='word_1_242' title='bbox 1292 2024 1449 2080; x_wconf 90' lang='lat' dir='ltr'><strong>nobis</strong></span> <span class='ocrx_word' id='word_1_243' title='bbox 1474 2039 1810 2088; x_wconf 86' lang='lat' dir='ltr'><strong>concessam,</strong></span> <span class='ocrx_word' id='word_1_244' title='bbox 1853 2028 2088 2091; x_wconf 89' lang='lat' dir='ltr'><strong>adeoque</strong></span> <span class='ocrx_word' id='word_1_245' title='bbox 2161 2023 2471 2076; x_wconf 77' lang='lat' dir='ltr'><strong>necessario</strong></span> <span class='ocrx_word' id='word_1_246' title='bbox 2533 2024 2725 2074; x_wconf 77' lang='lat' dir='ltr'><strong>l-onam</strong></span> <span class='ocrx_word' id='word_1_247' title='bbox 2760 2037 2880 2076; x_wconf 91' lang='lat' dir='ltr'><strong>esse</strong></span> <span class='ocrx_word' id='word_1_248' title='bbox 2915 2023 3059 2074; x_wconf 77' lang='lat' dir='ltr'><strong>(sunt</strong></span> <span class='ocrx_word' id='word_1_249' title='bbox 3128 2023 3270 2074; x_wconf 88' lang='lat' dir='ltr'><strong>enim</strong></span> <span class='ocrx_word' id='word_1_250' title='bbox 3330 2024 3478 2089; x_wconf 78' lang='lat' dir='ltr'><strong>ejus-</strong></span> 
     </span>
    </p>
   </div>
   <div class='ocr_carea' id='block_1_35' title="bbox 255 2114 3477 2186">
    <p class='ocr_par' dir='ltr' id='par_1_35' title="bbox 255 2114 3477 2186">
     <span class='ocr_line' id='line_1_35' title="bbox 255 2114 3477 2186; baseline 0 -22"><span class='ocrx_word' id='word_1_251' title='bbox 255 2114 397 2167; x_wconf 89' lang='lat' dir='ltr'><strong>modi</strong></span> <span class='ocrx_word' id='word_1_252' title='bbox 480 2130 598 2182; x_wconf 82' lang='lat' dir='ltr'><strong>quae</strong></span> <span class='ocrx_word' id='word_1_253' title='bbox 649 2131 676 2168; x_wconf 92' lang='lat' dir='ltr'><strong>a</strong></span> <span class='ocrx_word' id='word_1_254' title='bbox 741 2116 848 2169; x_wconf 86' lang='lat' dir='ltr'><strong>Deo</strong></span> <span class='ocrx_word' id='word_1_255' title='bbox 900 2114 1363 2185; x_wconf 82' lang='lat' dir='ltr'><strong>proficiscuntur),</strong></span> <span class='ocrx_word' id='word_1_256' title='bbox 1409 2131 1526 2186; x_wconf 77' lang='lat' dir='ltr'><strong>age,</strong></span> <span class='ocrx_word' id='word_1_257' title='bbox 1583 2116 1651 2170; x_wconf 88' lang='lat' dir='ltr'><strong>de</strong></span> <span class='ocrx_word' id='word_1_258' title='bbox 1716 2117 1843 2184; x_wconf 85' lang='lat' dir='ltr'><strong>ipsis</strong></span> <span class='ocrx_word' id='word_1_259' title='bbox 1917 2117 2074 2168; x_wconf 81' lang='lat' dir='ltr'><strong>etiam</strong></span> <span class='ocrx_word' id='word_1_260' title='bbox 2136 2116 2294 2169; x_wconf 89' lang='lat' dir='ltr'><strong>rebus</strong></span> <span class='ocrx_word' id='word_1_261' title='bbox 2360 2128 2476 2168; x_wconf 89' lang='lat' dir='ltr'><strong>eam</strong></span> <span class='ocrx_word' id='word_1_262' title='bbox 2569 2115 2760 2167; x_wconf 84' lang='lat' dir='ltr'><strong>bonam</strong></span> <span class='ocrx_word' id='word_1_263' title='bbox 2839 2114 3304 2180; x_wconf 85' lang='lat' dir='ltr'><strong>demonstremus,</strong></span> <span class='ocrx_word' id='word_1_264' title='bbox 3371 2129 3477 2166; x_wconf 91' lang='lat' dir='ltr'><strong>non</strong></span> 
     </span>
    </p>
   </div>
   <div class='ocr_carea' id='block_1_36' title="bbox 253 2206 1982 2277">
    <p class='ocr_par' dir='ltr' id='par_1_36' title="bbox 253 2206 1982 2277">
     <span class='ocr_line' id='line_1_36' title="bbox 253 2206 1982 2277; baseline 0.002 -20"><span class='ocrx_word' id='word_1_265' title='bbox 253 2207 373 2258; x_wconf 85' lang='lat' dir='ltr'><strong>sine</strong></span> <span class='ocrx_word' id='word_1_266' title='bbox 409 2206 938 2269; x_wconf 77' lang='lat' dir='ltr'><strong>ratiocinationibus,</strong></span> <span class='ocrx_word' id='word_1_267' title='bbox 979 2207 1022 2260; x_wconf 93' lang='lat' dir='ltr'><strong>si</strong></span> <span class='ocrx_word' id='word_1_268' title='bbox 1084 2208 1300 2277; x_wconf 89' lang='lat' dir='ltr'><strong>quidem</strong></span> <span class='ocrx_word' id='word_1_269' title='bbox 1355 2208 1405 2260; x_wconf 85' lang='lat' dir='ltr'><strong>id</strong></span> <span class='ocrx_word' id='word_1_270' title='bbox 1441 2208 1616 2262; x_wconf 89' lang='lat' dir='ltr'><strong>facere</strong></span> <span class='ocrx_word' id='word_1_271' title='bbox 1667 2208 1982 2276; x_wconf 85' lang='lat' dir='ltr'><strong>poterimus.</strong></span> 
     </span>
    </p>
   </div>
   <div class='ocr_carea' id='block_1_37' title="bbox 325 2293 2200 2370">
    <p class='ocr_par' dir='ltr' id='par_1_37' title="bbox 325 2293 2197 2368">
     <span class='ocr_line' id='line_1_37' title="bbox 325 2293 2197 2368; baseline 0.002 -19"><span class='ocrx_word' id='word_1_272' title='bbox 325 2297 661 2366; x_wconf 79' lang='grc' dir='ltr'>Πολλαχόθεν</span> <span class='ocrx_word' id='word_1_273' title='bbox 695 2299 792 2366; x_wconf 77' lang='grc' dir='ltr'><strong>μὲν</strong></span> <span class='ocrx_word' id='word_1_274' title='bbox 821 2293 915 2350; x_wconf 75' lang='grc' dir='ltr'><strong>οὖν</strong></span> <span class='ocrx_word' id='word_1_275' title='bbox 945 2299 1091 2351; x_wconf 80' lang='grc' dir='ltr'>ἐσται</span> <span class='ocrx_word' id='word_1_276' title='bbox 1117 2301 1447 2368; x_wconf 68' lang='grc' dir='ltr'>καταφανὲς,</span> <span class='ocrx_word' id='word_1_277' title='bbox 1480 2300 1554 2362; x_wconf 87' lang='grc' dir='ltr'>ὼς</span> <span class='ocrx_word' id='word_1_278' title='bbox 1589 2300 1808 2352; x_wconf 83' lang='grc' dir='ltr'>δύναται</span> <span class='ocrx_word' id='word_1_279' title='bbox 1841 2303 1887 2362; x_wconf 85' lang='grc' dir='ltr'><strong>Β</strong></span> <span class='ocrx_word' id='word_1_280' title='bbox 1991 2300 2060 2354; x_wconf 89' lang='lat' dir='ltr'><strong>De</strong></span> <span class='ocrx_word' id='word_1_281' title='bbox 2092 2299 2197 2353; x_wconf 88' lang='lat' dir='ltr'><strong>mttl</strong></span> 
     </span>
    </p>
   </div>
   <div class='ocr_carea' id='block_1_38' title="bbox 1604 2293 3479 2370">
    <p class='ocr_par' dir='ltr' id='par_1_38' title="bbox 1604 2299 3479 2370">
     <span class='ocr_line' id='line_1_38' title="bbox 1604 2299 3479 2370; baseline 0 -18"><span class='ocrx_word' id='word_1_282' title='bbox 1604 2300 1808 2352; x_wconf 72' lang='grc' dir='ltr'>Ξύναται</span> <span class='ocrx_word' id='word_1_283' title='bbox 1841 2303 1887 2362; x_wconf 84' lang='grc' dir='ltr'><strong>Β</strong></span> <span class='ocrx_word' id='word_1_284' title='bbox 1991 2300 2060 2354; x_wconf 89' lang='lat' dir='ltr'><strong>De</strong></span> <span class='ocrx_word' id='word_1_285' title='bbox 2092 2299 2274 2354; x_wconf 88' lang='lat' dir='ltr'><strong>multis</strong></span> <span class='ocrx_word' id='word_1_286' title='bbox 2301 2315 2428 2370; x_wconf 83' lang='lat' dir='ltr'><strong>ergo</strong></span> <span class='ocrx_word' id='word_1_287' title='bbox 2470 2301 2698 2369; x_wconf 88' lang='lat' dir='ltr'><strong>parebit,</strong></span> <span class='ocrx_word' id='word_1_288' title='bbox 2732 2314 2894 2370; x_wconf 89' lang='lat' dir='ltr'><strong>posse</strong></span> <span class='ocrx_word' id='word_1_289' title='bbox 2952 2301 3284 2366; x_wconf 87' lang='lat' dir='ltr'><strong>voluptatem</strong></span> <span class='ocrx_word' id='word_1_290' title='bbox 3328 2299 3479 2352; x_wconf 68' lang='lat' dir='ltr'><strong>iuve&#39;</strong></span> 
     </span>
    </p>
   </div>
   <div class='ocr_carea' id='block_1_39' title="bbox 252 2390 1814 2462">
    <p class='ocr_par' dir='ltr' id='par_1_39' title="bbox 252 2390 1814 2462">
     <span class='ocr_line' id='line_1_39' title="bbox 252 2390 1814 2462; baseline -0.001 -17"><span class='ocrx_word' id='word_1_291' title='bbox 252 2394 286 2461; x_wconf 77' lang='grc' dir='ltr'>ὴ</span> <span class='ocrx_word' id='word_1_292' title='bbox 324 2393 483 2461; x_wconf 76' lang='grc' dir='ltr'>ἡδονὴ</span> <span class='ocrx_word' id='word_1_293' title='bbox 516 2390 892 2462; x_wconf 72' lang='grc' dir='ltr'>καθαρεύουσα</span> <span class='ocrx_word' id='word_1_294' title='bbox 940 2392 1128 2445; x_wconf 81' lang='grc' dir='ltr'>κακῶν</span> <span class='ocrx_word' id='word_1_295' title='bbox 1172 2391 1487 2462; x_wconf 78' lang='grc' dir='ltr'>εὑρεθῆναι,</span> <span class='ocrx_word' id='word_1_296' title='bbox 1534 2395 1586 2446; x_wconf 83' lang='grc' dir='ltr'><strong>εί</strong></span> <span class='ocrx_word' id='word_1_297' title='bbox 1629 2395 1712 2455; x_wconf 88' lang='grc' dir='ltr'><strong>τίς</strong></span> <span class='ocrx_word' id='word_1_298' title='bbox 1752 2410 1814 2460; x_wconf 89' lang='grc' dir='ltr'><strong>γε</strong></span> 
     </span>
    </p>
   </div>
   <div class='ocr_carea' id='block_1_40' title="bbox 252 2480 1818 2555">
    <p class='ocr_par' dir='ltr' id='par_1_40' title="bbox 252 2480 1818 2555">
     <span class='ocr_line' id='line_1_40' title="bbox 252 2480 1818 2555; baseline 0.001 -20"><span class='ocrx_word' id='word_1_299' title='bbox 252 2486 436 2554; x_wconf 80' lang='grc' dir='ltr'>ἐκείνῃ</span> <span class='ocrx_word' id='word_1_300' title='bbox 455 2483 654 2554; x_wconf 81' lang='grc' dir='ltr'>χρῷτο,</span> <span class='ocrx_word' id='word_1_301' title='bbox 685 2484 758 2544; x_wconf 87' lang='grc' dir='ltr'>ὼς</span> <span class='ocrx_word' id='word_1_302' title='bbox 784 2483 900 2536; x_wconf 89' lang='grc' dir='ltr'>δέον</span> <span class='ocrx_word' id='word_1_303' title='bbox 927 2485 1184 2553; x_wconf 78' lang='grc' dir='ltr'>χρῆσθαι.</span> <span class='ocrx_word' id='word_1_304' title='bbox 1204 2485 1276 2535; x_wconf 85' lang='grc' dir='ltr'>Τὸ</span> <span class='ocrx_word' id='word_1_305' title='bbox 1303 2484 1431 2554; x_wconf 83' lang='grc' dir='ltr'>γὰρ,</span> <span class='ocrx_word' id='word_1_306' title='bbox 1461 2480 1637 2555; x_wconf 75' lang='grc' dir='ltr'>οἶμαι,</span> <span class='ocrx_word' id='word_1_307' title='bbox 1672 2485 1818 2553; x_wconf 76' lang='grc' dir='ltr'>ἐφίε-</span> 
     </span>
    </p>
   </div>
   <div class='ocr_carea' id='block_1_41' title="bbox 254 2575 1820 2644">
    <p class='ocr_par' dir='ltr' id='par_1_41' title="bbox 254 2575 1820 2644">
     <span class='ocr_line' id='line_1_41' title="bbox 254 2575 1820 2644; baseline 0.003 -19"><span class='ocrx_word' id='word_1_308' title='bbox 254 2575 384 2626; x_wconf 88' lang='grc' dir='ltr'>σθαι</span> <span class='ocrx_word' id='word_1_309' title='bbox 417 2577 510 2627; x_wconf 75' lang='grc' dir='ltr'><strong>καὶ</strong></span> <span class='ocrx_word' id='word_1_310' title='bbox 539 2575 826 2643; x_wconf 79' lang='grc' dir='ltr'>ἐπιθυμεῖν</span> <span class='ocrx_word' id='word_1_311' title='bbox 857 2575 963 2628; x_wconf 91' lang='grc' dir='ltr'><strong>τῶν</strong></span> <span class='ocrx_word' id='word_1_312' title='bbox 998 2575 1071 2637; x_wconf 84' lang='grc' dir='ltr'>ὡς</span> <span class='ocrx_word' id='word_1_313' title='bbox 1093 2575 1311 2644; x_wconf 85' lang='grc' dir='ltr'>ἀληθῶς</span> <span class='ocrx_word' id='word_1_314' title='bbox 1341 2577 1547 2643; x_wconf 82' lang='grc' dir='ltr'>ἐφετῶν</span> <span class='ocrx_word' id='word_1_315' title='bbox 1575 2576 1670 2629; x_wconf 72' lang='grc' dir='ltr'>καὶ</span> <span class='ocrx_word' id='word_1_316' title='bbox 1700 2579 1820 2629; x_wconf 87' lang='grc' dir='ltr'>ἐπι-</span> 
     </span>
    </p>
   </div>
   <div class='ocr_carea' id='block_1_42' title="bbox 250 2668 1816 2736">
    <p class='ocr_par' dir='ltr' id='par_1_42' title="bbox 250 2668 1816 2736">
     <span class='ocr_line' id='line_1_42' title="bbox 250 2668 1816 2736; baseline 0 -17"><span class='ocrx_word' id='word_1_317' title='bbox 250 2669 546 2736; x_wconf 79' lang='grc' dir='ltr'>θυμεῖσθαι</span> <span class='ocrx_word' id='word_1_318' title='bbox 582 2669 829 2734; x_wconf 84' lang='grc' dir='ltr'>δικαίων,</span> <span class='ocrx_word' id='word_1_319' title='bbox 867 2669 961 2722; x_wconf 70' lang='grc' dir='ltr'>καὶ</span> <span class='ocrx_word' id='word_1_320' title='bbox 987 2670 1108 2731; x_wconf 86' lang='grc' dir='ltr'>ταῖς</span> <span class='ocrx_word' id='word_1_321' title='bbox 1137 2669 1244 2721; x_wconf 77' lang='grc' dir='ltr'>ἀπὸ</span> <span class='ocrx_word' id='word_1_322' title='bbox 1270 2668 1476 2722; x_wconf 85' lang='grc' dir='ltr'>τούτων</span> <span class='ocrx_word' id='word_1_323' title='bbox 1506 2668 1661 2732; x_wconf 78' lang='grc' dir='ltr'>αὖθις</span> <span class='ocrx_word' id='word_1_324' title='bbox 1695 2669 1816 2736; x_wconf 75' lang='grc' dir='ltr'>ἡδο-</span> 
     </span>
    </p>
   </div>
   <div class='ocr_carea' id='block_1_43' title="bbox 251 2759 1818 2830">
    <p class='ocr_par' dir='ltr' id='par_1_43' title="bbox 251 2759 1818 2830">
     <span class='ocr_line' id='line_1_43' title="bbox 251 2759 1818 2830; baseline 0.001 -19"><span class='ocrx_word' id='word_1_325' title='bbox 251 2763 371 2820; x_wconf 80' lang='grc' dir='ltr'>ναῖς</span> <span class='ocrx_word' id='word_1_326' title='bbox 399 2759 826 2826; x_wconf 78' lang='grc' dir='ltr'>ἐπαγάλλεσθαι,</span> <span class='ocrx_word' id='word_1_327' title='bbox 872 2762 1132 2830; x_wconf 83' lang='grc' dir='ltr'>οὐδεμίαν</span> <span class='ocrx_word' id='word_1_328' title='bbox 1172 2778 1234 2828; x_wconf 89' lang='grc' dir='ltr'><strong>γε</strong></span> <span class='ocrx_word' id='word_1_329' title='bbox 1269 2761 1482 2814; x_wconf 88' lang='grc' dir='ltr'>δικαίαν</span> <span class='ocrx_word' id='word_1_330' title='bbox 1516 2760 1716 2825; x_wconf 81' lang='grc' dir='ltr'>δέξαιτ’</span> <span class='ocrx_word' id='word_1_331' title='bbox 1754 2762 1818 2815; x_wconf 81' lang='grc' dir='ltr'><strong>ἂν</strong></span> 
     </span>
    </p>
   </div>
   <div class='ocr_carea' id='block_1_44' title="bbox 253 2850 1815 2918">
    <p class='ocr_par' dir='ltr' id='par_1_44' title="bbox 253 2850 1815 2918">
     <span class='ocr_line' id='line_1_44' title="bbox 253 2850 1815 2918; baseline 0.001 -16"><span class='ocrx_word' id='word_1_332' title='bbox 253 2850 491 2918; x_wconf 76' lang='grc' dir='ltr'>μέμψιν,</span> <span class='ocrx_word' id='word_1_333' title='bbox 524 2850 659 2902; x_wconf 84' lang='grc' dir='ltr'>ὅπου</span> <span class='ocrx_word' id='word_1_334' title='bbox 691 2867 753 2917; x_wconf 88' lang='grc' dir='ltr'><strong>γε</strong></span> <span class='ocrx_word' id='word_1_335' title='bbox 789 2851 878 2903; x_wconf 74' lang='grc' dir='ltr'><strong>καὶ</strong></span> <span class='ocrx_word' id='word_1_336' title='bbox 927 2850 1237 2903; x_wconf 81' lang='grc' dir='ltr'>τούναντίον</span> <span class='ocrx_word' id='word_1_337' title='bbox 1263 2850 1492 2913; x_wconf 76' lang='grc' dir='ltr'>πολλοὺς</span> <span class='ocrx_word' id='word_1_338' title='bbox 1538 2852 1815 2912; x_wconf 81' lang='grc' dir='ltr'>ἐπαίνους.</span> 
     </span>
    </p>
   </div>
   <div class='ocr_carea' id='block_1_45' title="bbox 266 2942 1818 3013">
    <p class='ocr_par' dir='ltr' id='par_1_45' title="bbox 266 2942 1818 3013">
     <span class='ocr_line' id='line_1_45' title="bbox 266 2942 1818 3013; baseline 0 -18"><span class='ocrx_word' id='word_1_339' title='bbox 266 2943 391 3010; x_wconf 70' lang='grc' dir='ltr'><strong>Ὑφ’</strong></span> <span class='ocrx_word' id='word_1_340' title='bbox 440 2943 594 3011; x_wconf 70' lang='grc' dir='ltr'>ἡμῶν</span> <span class='ocrx_word' id='word_1_341' title='bbox 626 2944 734 3012; x_wconf 78' lang='grc' dir='ltr'><strong>γὰρ</strong></span> <span class='ocrx_word' id='word_1_342' title='bbox 765 2942 1137 3012; x_wconf 81' lang='grc' dir='ltr'>ζητουμένηή</span> <span class='ocrx_word' id='word_1_343' title='bbox 1178 2944 1658 3013; x_wconf 80' lang='grc' dir='ltr'>ἐπισυμϐαίνουσα</span> <span class='ocrx_word' id='word_1_344' title='bbox 1706 2947 1818 3006; x_wconf 90' lang='grc' dir='ltr'>τοῖς</span> 
     </span>
    </p>
   </div>
   <div class='ocr_carea' id='block_1_46' title="bbox 254 3033 1818 3104">
    <p class='ocr_par' dir='ltr' id='par_1_46' title="bbox 254 3033 1818 3104">
     <span class='ocr_line' id='line_1_46' title="bbox 254 3033 1818 3104; baseline 0 -19"><span class='ocrx_word' id='word_1_345' title='bbox 254 3035 613 3102; x_wconf 77' lang='grc' dir='ltr'>ζητουμένοις</span> <span class='ocrx_word' id='word_1_346' title='bbox 639 3035 705 3086; x_wconf 88' lang='grc' dir='ltr'>δι’</span> <span class='ocrx_word' id='word_1_347' title='bbox 735 3034 909 3086; x_wconf 85' lang='grc' dir='ltr'>ἐκεῖνό</span> <span class='ocrx_word' id='word_1_348' title='bbox 940 3050 1000 3099; x_wconf 85' lang='grc' dir='ltr'><strong>γε</strong></span> <span class='ocrx_word' id='word_1_349' title='bbox 1033 3035 1127 3086; x_wconf 77' lang='grc' dir='ltr'><strong>καὶ</strong></span> <span class='ocrx_word' id='word_1_350' title='bbox 1161 3033 1342 3103; x_wconf 85' lang='grc' dir='ltr'>μόνον,</span> <span class='ocrx_word' id='word_1_351' title='bbox 1378 3033 1406 3086; x_wconf 83' lang='grc' dir='ltr'><strong>ὃ</strong></span> <span class='ocrx_word' id='word_1_352' title='bbox 1435 3037 1501 3104; x_wconf 80' lang='grc' dir='ltr'>τῇ</span> <span class='ocrx_word' id='word_1_353' title='bbox 1540 3033 1700 3098; x_wconf 87' lang='grc' dir='ltr'>φύσει</span> <span class='ocrx_word' id='word_1_354' title='bbox 1733 3034 1818 3085; x_wconf 81' lang='grc' dir='ltr'><strong>δὲ-</strong></span> 
     </span>
    </p>
   </div>
   <div class='ocr_carea' id='block_1_47' title="bbox 251 3124 1818 3196">
    <p class='ocr_par' dir='ltr' id='par_1_47' title="bbox 251 3124 1818 3196">
     <span class='ocr_line' id='line_1_47' title="bbox 251 3124 1818 3196; baseline -0.003 -17"><span class='ocrx_word' id='word_1_355' title='bbox 251 3129 404 3180; x_wconf 88' lang='grc' dir='ltr'>δοται</span> <span class='ocrx_word' id='word_1_356' title='bbox 436 3128 616 3196; x_wconf 80' lang='grc' dir='ltr'>ζητεῖν</span> <span class='ocrx_word' id='word_1_357' title='bbox 648 3127 884 3195; x_wconf 81' lang='grc' dir='ltr'>ἐξαρχῆς</span> <span class='ocrx_word' id='word_1_358' title='bbox 919 3125 1102 3188; x_wconf 77' lang='grc' dir='ltr'>εὐθὺς,</span> <span class='ocrx_word' id='word_1_359' title='bbox 1130 3126 1374 3195; x_wconf 85' lang='grc' dir='ltr'>δηλονότι</span> <span class='ocrx_word' id='word_1_360' title='bbox 1404 3125 1494 3178; x_wconf 79' lang='grc' dir='ltr'><strong>τὸν</strong></span> <span class='ocrx_word' id='word_1_361' title='bbox 1522 3124 1678 3188; x_wconf 87' lang='grc' dir='ltr'>Θεδν,</span> <span class='ocrx_word' id='word_1_362' title='bbox 1719 3125 1818 3193; x_wconf 85' lang='grc' dir='ltr'>τὴν</span> 
     </span>
    </p>
   </div>
   <div class='ocr_carea' id='block_1_48' title="bbox 254 3215 1818 3289">
    <p class='ocr_par' dir='ltr' id='par_1_48' title="bbox 254 3215 1818 3289">
     <span class='ocr_line' id='line_1_48' title="bbox 254 3215 1818 3289; baseline -0.004 -17"><span class='ocrx_word' id='word_1_363' title='bbox 254 3220 480 3289; x_wconf 77' lang='grc' dir='ltr'>ἀρετὴν,</span> <span class='ocrx_word' id='word_1_364' title='bbox 513 3219 610 3287; x_wconf 81' lang='grc' dir='ltr'><strong>τὴν</strong></span> <span class='ocrx_word' id='word_1_365' title='bbox 637 3217 837 3286; x_wconf 80' lang='grc' dir='ltr'>ἐαυτῆς</span> <span class='ocrx_word' id='word_1_366' title='bbox 866 3217 1143 3282; x_wconf 79' lang='grc' dir='ltr'>σύστασιν,</span> <span class='ocrx_word' id='word_1_367' title='bbox 1166 3216 1282 3278; x_wconf 89' lang='grc' dir='ltr'><strong>πῶς</strong></span> <span class='ocrx_word' id='word_1_368' title='bbox 1301 3216 1400 3268; x_wconf 83' lang='grc' dir='ltr'><strong>οὐκ</strong></span> <span class='ocrx_word' id='word_1_369' title='bbox 1427 3216 1494 3270; x_wconf 84' lang='grc' dir='ltr'><strong>ἂν</strong></span> <span class='ocrx_word' id='word_1_370' title='bbox 1519 3215 1604 3286; x_wconf 82' lang='grc' dir='ltr'><strong>εῐη</strong></span> <span class='ocrx_word' id='word_1_371' title='bbox 1633 3216 1818 3269; x_wconf 79' lang='grc' dir='ltr'>δικαία</span> 
     </span>
    </p>
   </div>
   <div class='ocr_carea' id='block_1_49' title="bbox 253 3307 1817 3380">
    <p class='ocr_par' dir='ltr' id='par_1_49' title="bbox 253 3307 1817 3380">
     <span class='ocr_line' id='line_1_49' title="bbox 253 3307 1817 3380; baseline -0.002 -18"><span class='ocrx_word' id='word_1_372' title='bbox 253 3313 288 3380; x_wconf 75' lang='grc' dir='ltr'><strong>ἡ</strong></span> <span class='ocrx_word' id='word_1_373' title='bbox 324 3311 482 3380; x_wconf 74' lang='grc' dir='ltr'>ἡδονὴ</span> <span class='ocrx_word' id='word_1_374' title='bbox 515 3310 693 3378; x_wconf 81' lang='grc' dir='ltr'>ἀγαθὴ</span> <span class='ocrx_word' id='word_1_375' title='bbox 723 3310 1065 3374; x_wconf 79' lang='grc' dir='ltr'>νομίζεσθαι,</span> <span class='ocrx_word' id='word_1_376' title='bbox 1105 3309 1198 3361; x_wconf 74' lang='grc' dir='ltr'><strong>καὶ</strong></span> <span class='ocrx_word' id='word_1_377' title='bbox 1230 3308 1428 3370; x_wconf 77' lang='grc' dir='ltr'>καλοὺς</span> <span class='ocrx_word' id='word_1_378' title='bbox 1473 3307 1817 3377; x_wconf 80' lang='grc' dir='ltr'>ἐργαζομένη</span> 
     </span>
    </p>
   </div>
   <div class='ocr_carea' id='block_1_50' title="bbox 253 3400 1818 3472">
    <p class='ocr_par' dir='ltr' id='par_1_50' title="bbox 253 3400 1818 3472">
     <span class='ocr_line' id='line_1_50' title="bbox 253 3400 1818 3472; baseline -0.001 -18"><span class='ocrx_word' id='word_1_379' title='bbox 253 3405 382 3465; x_wconf 66' lang='grc' dir='ltr'>τοὺς</span> <span class='ocrx_word' id='word_1_380' title='bbox 414 3403 582 3471; x_wconf 82' lang='grc' dir='ltr'>αὐτῆς</span> <span class='ocrx_word' id='word_1_381' title='bbox 632 3402 924 3470; x_wconf 80' lang='grc' dir='ltr'>σωφρόνως</span> <span class='ocrx_word' id='word_1_382' title='bbox 958 3403 1318 3472; x_wconf 83' lang='grc' dir='ltr'>μετέχοντας;</span> <span class='ocrx_word' id='word_1_383' title='bbox 1364 3400 1572 3453; x_wconf 82' lang='grc' dir='ltr'>Αὐτίκα</span> <span class='ocrx_word' id='word_1_384' title='bbox 1603 3400 1732 3468; x_wconf 89' lang='grc' dir='ltr'>γοῦν</span> <span class='ocrx_word' id='word_1_385' title='bbox 1764 3403 1818 3452; x_wconf 80' lang='grc' dir='ltr'><strong>ἐν</strong></span> 
     </span>
    </p>
   </div>
   <div class='ocr_carea' id='block_1_51' title="bbox 253 3489 1819 3563">
    <p class='ocr_par' dir='ltr' id='par_1_51' title="bbox 253 3489 1819 3563">
     <span class='ocr_line' id='line_1_51' title="bbox 253 3489 1819 3563; baseline -0.002 -17"><span class='ocrx_word' id='word_1_386' title='bbox 253 3497 373 3556; x_wconf 71' lang='grc' dir='ltr'>ταῖς</span> <span class='ocrx_word' id='word_1_387' title='bbox 408 3495 759 3563; x_wconf 82' lang='grc' dir='ltr'>ἐπουρανίαις</span> <span class='ocrx_word' id='word_1_388' title='bbox 790 3494 1106 3560; x_wconf 78' lang='grc' dir='ltr'>δυνάμεσιν,</span> <span class='ocrx_word' id='word_1_389' title='bbox 1141 3489 1197 3544; x_wconf 77' lang='grc' dir='ltr'><strong>ἐν</strong></span> <span class='ocrx_word' id='word_1_390' title='bbox 1229 3489 1430 3560; x_wconf 77' lang='grc' dir='ltr'>αἷσπερ</span> <span class='ocrx_word' id='word_1_391' title='bbox 1471 3492 1571 3543; x_wconf 80' lang='grc' dir='ltr'>οὐκ</span> <span class='ocrx_word' id='word_1_392' title='bbox 1606 3491 1819 3561; x_wconf 83' lang='grc' dir='ltr'>ἐνδέχε-</span> 
     </span>
    </p>
   </div>
   <div class='ocr_carea' id='block_1_52' title="bbox 251 3579 1814 3654">
    <p class='ocr_par' dir='ltr' id='par_1_52' title="bbox 251 3579 1814 3654">
     <span class='ocr_line' id='line_1_52' title="bbox 251 3579 1814 3654; baseline -0.001 -17"><span class='ocrx_word' id='word_1_393' title='bbox 251 3587 345 3638; x_wconf 74' lang='grc' dir='ltr'><strong>ταί</strong></span> <span class='ocrx_word' id='word_1_394' title='bbox 381 3603 432 3636; x_wconf 92' lang='grc' dir='ltr'><strong>τι</strong></span> <span class='ocrx_word' id='word_1_395' title='bbox 462 3586 570 3638; x_wconf 89' lang='grc' dir='ltr'><strong>τῶν</strong></span> <span class='ocrx_word' id='word_1_396' title='bbox 601 3586 704 3637; x_wconf 80' lang='grc' dir='ltr'><strong>οὐκ</strong></span> <span class='ocrx_word' id='word_1_397' title='bbox 737 3585 957 3651; x_wconf 79' lang='grc' dir='ltr'>ἀγαθῶν</span> <span class='ocrx_word' id='word_1_398' title='bbox 988 3579 1150 3646; x_wconf 73' lang='grc' dir='ltr'>εἶναι,</span> <span class='ocrx_word' id='word_1_399' title='bbox 1188 3582 1370 3652; x_wconf 78' lang='grc' dir='ltr'>εὕροις</span> <span class='ocrx_word' id='word_1_400' title='bbox 1410 3584 1476 3636; x_wconf 85' lang='grc' dir='ltr'><strong>ἂν</strong></span> <span class='ocrx_word' id='word_1_401' title='bbox 1507 3584 1814 3654; x_wconf 76' lang='grc' dir='ltr'>ἀμφότεραο</span> 
     </span>
    </p>
   </div>
   <div class='ocr_carea' id='block_1_53' title="bbox 1919 2390 3481 2459">
    <p class='ocr_par' dir='ltr' id='par_1_53' title="bbox 1919 2390 3481 2459">
     <span class='ocr_line' id='line_1_53' title="bbox 1919 2390 3481 2459; baseline -0.003 -15"><span class='ocrx_word' id='word_1_402' title='bbox 1919 2391 2045 2457; x_wconf 90' lang='lat' dir='ltr'><strong>niri,</strong></span> <span class='ocrx_word' id='word_1_403' title='bbox 2073 2405 2191 2459; x_wconf 75' lang='lat' dir='ltr'><strong>quze</strong></span> <span class='ocrx_word' id='word_1_404' title='bbox 2219 2391 2472 2445; x_wconf 91' lang='lat' dir='ltr'><strong>immunis</strong></span> <span class='ocrx_word' id='word_1_405' title='bbox 2509 2391 2627 2445; x_wconf 89' lang='lat' dir='ltr'><strong>sita</strong></span> <span class='ocrx_word' id='word_1_406' title='bbox 2671 2391 2838 2453; x_wconf 84' lang='lat' dir='ltr'><strong>vitiis,</strong></span> <span class='ocrx_word' id='word_1_407' title='bbox 2877 2395 2920 2444; x_wconf 87' lang='lat' dir='ltr'><strong>si</strong></span> <span class='ocrx_word' id='word_1_408' title='bbox 2944 2392 3063 2458; x_wconf 89' lang='lat' dir='ltr'><strong>quis</strong></span> <span class='ocrx_word' id='word_1_409' title='bbox 3103 2405 3161 2442; x_wconf 88' lang='lat' dir='ltr'><strong>ea</strong></span> <span class='ocrx_word' id='word_1_410' title='bbox 3195 2390 3270 2442; x_wconf 86' lang='lat' dir='ltr'><strong>sic</strong></span> <span class='ocrx_word' id='word_1_411' title='bbox 3295 2398 3481 2442; x_wconf 83' lang='lat' dir='ltr'><strong>utatur</strong></span> 
     </span>
    </p>
   </div>
   <div class='ocr_carea' id='block_1_54' title="bbox 1919 2481 3480 2552">
    <p class='ocr_par' dir='ltr' id='par_1_54' title="bbox 1919 2481 3480 2552">
     <span class='ocr_line' id='line_1_54' title="bbox 1919 2481 3480 2552; baseline -0.001 -19"><span class='ocrx_word' id='word_1_412' title='bbox 1919 2484 2368 2552; x_wconf 87' lang='lat' dir='ltr'><strong>quemadmodum</strong></span> <span class='ocrx_word' id='word_1_413' title='bbox 2400 2483 2473 2535; x_wconf 93' lang='lat' dir='ltr'><strong>uti</strong></span> <span class='ocrx_word' id='word_1_414' title='bbox 2509 2492 2738 2552; x_wconf 87' lang='lat' dir='ltr'><strong>oportet.</strong></span> <span class='ocrx_word' id='word_1_415' title='bbox 2771 2481 2931 2543; x_wconf 84' lang='lat' dir='ltr'><strong>Nam,</strong></span> <span class='ocrx_word' id='word_1_416' title='bbox 2956 2492 3010 2534; x_wconf 93' lang='lat' dir='ltr'><strong>ut</strong></span> <span class='ocrx_word' id='word_1_417' title='bbox 3043 2481 3291 2548; x_wconf 88' lang='lat' dir='ltr'><strong>equidem</strong></span> <span class='ocrx_word' id='word_1_418' title='bbox 3337 2481 3480 2533; x_wconf 87' lang='lat' dir='ltr'><strong>arbi-</strong></span> 
     </span>
    </p>
   </div>
   <div class='ocr_carea' id='block_1_55' title="bbox 1921 2578 3478 2647">
    <p class='ocr_par' dir='ltr' id='par_1_55' title="bbox 1921 2578 3478 2647">
     <span class='ocr_line' id='line_1_55' title="bbox 1921 2578 3478 2647; baseline -0.002 -18"><span class='ocrx_word' id='word_1_419' title='bbox 1921 2587 2052 2640; x_wconf 91' lang='lat' dir='ltr'><strong>tror,</strong></span> <span class='ocrx_word' id='word_1_420' title='bbox 2087 2593 2146 2631; x_wconf 89' lang='lat' dir='ltr'><strong>ea</strong></span> <span class='ocrx_word' id='word_1_421' title='bbox 2176 2587 2286 2631; x_wconf 91' lang='lat' dir='ltr'><strong>tum</strong></span> <span class='ocrx_word' id='word_1_422' title='bbox 2326 2586 2599 2647; x_wconf 83' lang='lat' dir='ltr'><strong>appetere,</strong></span> <span class='ocrx_word' id='word_1_423' title='bbox 2633 2587 2742 2630; x_wconf 91' lang='lat' dir='ltr'><strong>tum</strong></span> <span class='ocrx_word' id='word_1_424' title='bbox 2766 2578 3174 2645; x_wconf 77' lang='lat' dir='ltr'><strong>concupiscere,</strong></span> <span class='ocrx_word' id='word_1_425' title='bbox 3211 2589 3329 2645; x_wconf 62' lang='lat' dir='ltr'><strong>qua:</strong></span> <span class='ocrx_word' id='word_1_426' title='bbox 3351 2589 3478 2626; x_wconf 85' lang='lat' dir='ltr'><strong>vere</strong></span> 
     </span>
    </p>
   </div>
   <div class='ocr_carea' id='block_1_56' title="bbox 1919 2668 3480 2738">
    <p class='ocr_par' dir='ltr' id='par_1_56' title="bbox 1919 2668 3480 2738">
     <span class='ocr_line' id='line_1_56' title="bbox 1919 2668 3480 2738; baseline -0.004 -15"><span class='ocrx_word' id='word_1_427' title='bbox 1919 2679 2046 2723; x_wconf 87' lang='lat' dir='ltr'><strong>sunt</strong></span> <span class='ocrx_word' id='word_1_428' title='bbox 2079 2669 2334 2738; x_wconf 78' lang='lat' dir='ltr'><strong>optabilia</strong></span> <span class='ocrx_word' id='word_1_429' title='bbox 2398 2670 2702 2737; x_wconf 89' lang='lat' dir='ltr'><strong>meritoque</strong></span> <span class='ocrx_word' id='word_1_430' title='bbox 2759 2668 3207 2735; x_wconf 81' lang='lat' dir='ltr'><strong>concupiscenda,</strong></span> <span class='ocrx_word' id='word_1_431' title='bbox 3253 2681 3480 2735; x_wconf 64' lang='lat' dir='ltr'><strong>quaeque</strong></span> 
     </span>
    </p>
   </div>
   <div class='ocr_carea' id='block_1_57' title="bbox 1919 2759 3477 2829">
    <p class='ocr_par' dir='ltr' id='par_1_57' title="bbox 1919 2759 3477 2829">
     <span class='ocr_line' id='line_1_57' title="bbox 1919 2759 3477 2829; baseline -0.002 -15"><span class='ocrx_word' id='word_1_432' title='bbox 1919 2761 1984 2816; x_wconf 91' lang='lat' dir='ltr'><strong>de</strong></span> <span class='ocrx_word' id='word_1_433' title='bbox 2016 2761 2100 2816; x_wconf 79' lang='lat' dir='ltr'><strong>his</strong></span> <span class='ocrx_word' id='word_1_434' title='bbox 2128 2761 2431 2829; x_wconf 88' lang='lat' dir='ltr'><strong>voluptates</strong></span> <span class='ocrx_word' id='word_1_435' title='bbox 2458 2762 2748 2823; x_wconf 81' lang='lat' dir='ltr'><strong>exsistunt,</strong></span> <span class='ocrx_word' id='word_1_436' title='bbox 2785 2761 2848 2815; x_wconf 87' lang='lat' dir='ltr'><strong>iis</strong></span> <span class='ocrx_word' id='word_1_437' title='bbox 2882 2760 3163 2826; x_wconf 70' lang='lat' dir='ltr'><strong>delt-clari,</strong></span> <span class='ocrx_word' id='word_1_438' title='bbox 3196 2759 3394 2813; x_wconf 84' lang='lat' dir='ltr'><strong>nullam</strong></span> <span class='ocrx_word' id='word_1_439' title='bbox 3425 2760 3477 2812; x_wconf 88' lang='lat' dir='ltr'><strong>id</strong></span> 
     </span>
    </p>
   </div>
   <div class='ocr_carea' id='block_1_58' title="bbox 1919 2852 3479 2922">
    <p class='ocr_par' dir='ltr' id='par_1_58' title="bbox 1919 2852 3479 2922">
     <span class='ocr_line' id='line_1_58' title="bbox 1919 2852 3479 2922; baseline 0.002 -19"><span class='ocrx_word' id='word_1_440' title='bbox 1919 2852 2132 2922; x_wconf 85' lang='lat' dir='ltr'><strong>quidem</strong></span> <span class='ocrx_word' id='word_1_441' title='bbox 2165 2853 2366 2922; x_wconf 85' lang='lat' dir='ltr'><strong>justam</strong></span> <span class='ocrx_word' id='word_1_442' title='bbox 2404 2854 2878 2919; x_wconf 83' lang='lat' dir='ltr'><strong>reprehensionem</strong></span> <span class='ocrx_word' id='word_1_443' title='bbox 2909 2865 3172 2918; x_wconf 90' lang='lat' dir='ltr'><strong>meretur,</strong></span> <span class='ocrx_word' id='word_1_444' title='bbox 3201 2854 3244 2906; x_wconf 91' lang='lat' dir='ltr'><strong>si</strong></span> <span class='ocrx_word' id='word_1_445' title='bbox 3311 2866 3414 2907; x_wconf 90' lang='lat' dir='ltr'><strong>non</strong></span> <span class='ocrx_word' id='word_1_446' title='bbox 3449 2867 3479 2906; x_wconf 79' lang='grc' dir='ltr'><strong>ο</strong></span> 
     </span>
    </p>
   </div>
   <div class='ocr_carea' id='block_1_59' title="bbox 1918 2943 3478 3014">
    <p class='ocr_par' dir='ltr' id='par_1_59' title="bbox 1918 2943 3478 3014">
     <span class='ocr_line' id='line_1_59' title="bbox 1918 2943 3478 3014; baseline -0.001 -16"><span class='ocrx_word' id='word_1_447' title='bbox 1918 2945 2136 2999; x_wconf 90' lang='lat' dir='ltr'><strong>diverso</strong></span> <span class='ocrx_word' id='word_1_448' title='bbox 2165 2945 2360 2998; x_wconf 89' lang='lat' dir='ltr'><strong>multas</strong></span> <span class='ocrx_word' id='word_1_449' title='bbox 2387 2945 2569 3014; x_wconf 89' lang='lat' dir='ltr'><strong>potius</strong></span> <span class='ocrx_word' id='word_1_450' title='bbox 2598 2944 2804 2998; x_wconf 89' lang='lat' dir='ltr'><strong>laudes.</strong></span> <span class='ocrx_word' id='word_1_451' title='bbox 2836 2944 3045 3012; x_wconf 84' lang='lat' dir='ltr'><strong>Quippe</strong></span> <span class='ocrx_word' id='word_1_452' title='bbox 3093 2945 3136 2997; x_wconf 90' lang='lat' dir='ltr'><strong>si</strong></span> <span class='ocrx_word' id='word_1_453' title='bbox 3169 2943 3418 3011; x_wconf 83' lang='lat' dir='ltr'><strong>voluptas</strong></span> <span class='ocrx_word' id='word_1_454' title='bbox 3448 2956 3478 2996; x_wconf 83' lang='lat' dir='ltr'><strong>a</strong></span> 
     </span>
    </p>
   </div>
   <div class='ocr_carea' id='block_1_60' title="bbox 1921 3035 3479 3105">
    <p class='ocr_par' dir='ltr' id='par_1_60' title="bbox 1921 3035 3479 3105">
     <span class='ocr_line' id='line_1_60' title="bbox 1921 3035 3479 3105; baseline -0.002 -16"><span class='ocrx_word' id='word_1_455' title='bbox 1921 3038 2075 3090; x_wconf 89' lang='lat' dir='ltr'><strong>nobis</strong></span> <span class='ocrx_word' id='word_1_456' title='bbox 2119 3053 2179 3091; x_wconf 91' lang='lat' dir='ltr'><strong>ea</strong></span> <span class='ocrx_word' id='word_1_457' title='bbox 2236 3047 2512 3104; x_wconf 74' lang='lat' dir='ltr'><strong>quteratur</strong></span> <span class='ocrx_word' id='word_1_458' title='bbox 2546 3050 2663 3104; x_wconf 61' lang='lat' dir='ltr'><strong>quae</strong></span> <span class='ocrx_word' id='word_1_459' title='bbox 2702 3037 2864 3090; x_wconf 89' lang='lat' dir='ltr'><strong>rebus</strong></span> <span class='ocrx_word' id='word_1_460' title='bbox 2913 3036 3304 3105; x_wconf 75' lang='lat' dir='ltr'><strong>investigandis</strong></span> <span class='ocrx_word' id='word_1_461' title='bbox 3339 3035 3479 3088; x_wconf 92' lang='lat' dir='ltr'><strong>ultro</strong></span> 
     </span>
    </p>
   </div>
   <div class='ocr_carea' id='block_1_61' title="bbox 1920 3126 3479 3197">
    <p class='ocr_par' dir='ltr' id='par_1_61' title="bbox 1920 3126 3479 3197">
     <span class='ocr_line' id='line_1_61' title="bbox 1920 3126 3479 3197; baseline 0.001 -19"><span class='ocrx_word' id='word_1_462' title='bbox 1920 3126 2144 3191; x_wconf 83' lang='lat' dir='ltr'><strong>accedit,</strong></span> <span class='ocrx_word' id='word_1_463' title='bbox 2183 3139 2237 3180; x_wconf 90' lang='lat' dir='ltr'><strong>et</strong></span> <span class='ocrx_word' id='word_1_464' title='bbox 2275 3137 2492 3195; x_wconf 89' lang='lat' dir='ltr'><strong>propter</strong></span> <span class='ocrx_word' id='word_1_465' title='bbox 2515 3127 2616 3182; x_wconf 89' lang='lat' dir='ltr'><strong>hoc</strong></span> <span class='ocrx_word' id='word_1_466' title='bbox 2644 3126 2817 3182; x_wconf 85' lang='lat' dir='ltr'><strong>solum</strong></span> <span class='ocrx_word' id='word_1_467' title='bbox 2847 3127 2986 3197; x_wconf 90' lang='lat' dir='ltr'><strong>quod</strong></span> <span class='ocrx_word' id='word_1_468' title='bbox 3035 3130 3218 3181; x_wconf 89' lang='lat' dir='ltr'><strong>statim</strong></span> <span class='ocrx_word' id='word_1_469' title='bbox 3277 3127 3343 3180; x_wconf 89' lang='lat' dir='ltr'><strong>ab</strong></span> <span class='ocrx_word' id='word_1_470' title='bbox 3373 3128 3479 3179; x_wconf 55' lang='lat' dir='ltr'><strong>ini.</strong></span> 
     </span>
    </p>
   </div>
   <div class='ocr_carea' id='block_1_62' title="bbox 1922 3218 3477 3288">
    <p class='ocr_par' dir='ltr' id='par_1_62' title="bbox 1922 3218 3477 3288">
     <span class='ocr_line' id='line_1_62' title="bbox 1922 3218 3477 3288; baseline -0.001 -17"><span class='ocrx_word' id='word_1_471' title='bbox 1922 3219 1995 3272; x_wconf 92' lang='lat' dir='ltr'><strong>tio</strong></span> <span class='ocrx_word' id='word_1_472' title='bbox 2033 3227 2237 3272; x_wconf 70' lang='lat' dir='ltr'><strong>natura:</strong></span> <span class='ocrx_word' id='word_1_473' title='bbox 2291 3218 2474 3272; x_wconf 85' lang='lat' dir='ltr'><strong>datum</strong></span> <span class='ocrx_word' id='word_1_474' title='bbox 2527 3229 2630 3278; x_wconf 74' lang='grc' dir='ltr'>εει,</span> <span class='ocrx_word' id='word_1_475' title='bbox 2685 3228 2742 3271; x_wconf 89' lang='lat' dir='ltr'><strong>ut</strong></span> <span class='ocrx_word' id='word_1_476' title='bbox 2774 3227 3070 3286; x_wconf 66' lang='lat' dir='ltr'><strong>quaeratur,</strong></span> <span class='ocrx_word' id='word_1_477' title='bbox 3111 3228 3234 3288; x_wconf 91' lang='lat' dir='ltr'><strong>puta</strong></span> <span class='ocrx_word' id='word_1_478' title='bbox 3287 3218 3477 3281; x_wconf 87' lang='lat' dir='ltr'><strong>Deum,</strong></span> 
     </span>
    </p>
   </div>
   <div class='ocr_carea' id='block_1_63' title="bbox 1921 3310 3478 3379">
    <p class='ocr_par' dir='ltr' id='par_1_63' title="bbox 1921 3310 3478 3379">
     <span class='ocr_line' id='line_1_63' title="bbox 1921 3310 3478 3379; baseline -0.001 -15"><span class='ocrx_word' id='word_1_479' title='bbox 1921 3310 2198 3375; x_wconf 83' lang='lat' dir='ltr'><strong>virtutem,</strong></span> <span class='ocrx_word' id='word_1_480' title='bbox 2248 3312 2446 3366; x_wconf 88' lang='lat' dir='ltr'><strong>suimet</strong></span> <span class='ocrx_word' id='word_1_481' title='bbox 2475 3312 2993 3367; x_wconf 84' lang='lat' dir='ltr'><strong>conservationem:</strong></span> <span class='ocrx_word' id='word_1_482' title='bbox 3032 3327 3267 3379; x_wconf 89' lang='lat' dir='ltr'><strong>quonam</strong></span> <span class='ocrx_word' id='word_1_483' title='bbox 3323 3323 3478 3379; x_wconf 77' lang='lat' dir='ltr'><strong>pacto</strong></span> 
     </span>
    </p>
   </div>
   <div class='ocr_carea' id='block_1_64' title="bbox 1922 3403 3479 3471">
    <p class='ocr_par' dir='ltr' id='par_1_64' title="bbox 1922 3403 3479 3471">
     <span class='ocr_line' id='line_1_64' title="bbox 1922 3403 3479 3471; baseline -0.001 -17"><span class='ocrx_word' id='word_1_484' title='bbox 1922 3416 2027 3456; x_wconf 88' lang='lat' dir='ltr'><strong>non</strong></span> <span class='ocrx_word' id='word_1_485' title='bbox 2060 3403 2206 3456; x_wconf 71' lang='lat' dir='ltr'><strong>istam</strong></span> <span class='ocrx_word' id='word_1_486' title='bbox 2228 3403 2349 3470; x_wconf 87' lang='lat' dir='ltr'><strong>jure</strong></span> <span class='ocrx_word' id='word_1_487' title='bbox 2389 3403 2526 3456; x_wconf 90' lang='lat' dir='ltr'><strong>bona</strong></span> <span class='ocrx_word' id='word_1_488' title='bbox 2552 3404 2780 3456; x_wconf 85' lang='lat' dir='ltr'><strong>ducatur</strong></span> <span class='ocrx_word' id='word_1_489' title='bbox 2804 3417 2922 3457; x_wconf 91' lang='lat' dir='ltr'><strong>esse</strong></span> <span class='ocrx_word' id='word_1_490' title='bbox 2953 3404 3220 3471; x_wconf 84' lang='lat' dir='ltr'><strong>voluptas,</strong></span> <span class='ocrx_word' id='word_1_491' title='bbox 3254 3418 3479 3471; x_wconf 79' lang='lat' dir='ltr'><strong>quaequa</strong></span> 
     </span>
    </p>
   </div>
   <div class='ocr_carea' id='block_1_65' title="bbox 1919 3493 3481 3564">
    <p class='ocr_par' dir='ltr' id='par_1_65' title="bbox 1919 3493 3481 3564">
     <span class='ocr_line' id='line_1_65' title="bbox 1919 3493 3481 3564; baseline -0.001 -16"><span class='ocrx_word' id='word_1_492' title='bbox 1919 3495 2090 3548; x_wconf 88' lang='lat' dir='ltr'><strong>bonos</strong></span> <span class='ocrx_word' id='word_1_493' title='bbox 2116 3493 2332 3557; x_wconf 73' lang='lat' dir='ltr'><strong>efﬁciat,</strong></span> <span class='ocrx_word' id='word_1_494' title='bbox 2373 3504 2640 3563; x_wconf 84' lang='lat' dir='ltr'><strong>quotquot</strong></span> <span class='ocrx_word' id='word_1_495' title='bbox 2670 3508 2788 3549; x_wconf 87' lang='lat' dir='ltr'><strong>eam</strong></span> <span class='ocrx_word' id='word_1_496' title='bbox 2857 3496 2954 3549; x_wconf 85' lang='lat' dir='ltr'><strong>rite</strong></span> <span class='ocrx_word' id='word_1_497' title='bbox 2991 3494 3327 3564; x_wconf 86' lang='lat' dir='ltr'><strong>percipiunt?</strong></span> <span class='ocrx_word' id='word_1_498' title='bbox 3365 3495 3481 3548; x_wconf 87' lang='lat' dir='ltr'><strong>Pri-</strong></span> 
     </span>
    </p>
   </div>
   <div class='ocr_carea' id='block_1_66' title="bbox 1924 3587 3481 3661">
    <p class='ocr_par' dir='ltr' id='par_1_66' title="bbox 1924 3587 3481 3661">
     <span class='ocr_line' id='line_1_66' title="bbox 1924 3587 3481 3661; baseline 0.001 -21"><span class='ocrx_word' id='word_1_499' title='bbox 1924 3602 2069 3640; x_wconf 91' lang='lat' dir='ltr'><strong>mum</strong></span> <span class='ocrx_word' id='word_1_500' title='bbox 2099 3589 2150 3640; x_wconf 93' lang='lat' dir='ltr'><strong>in</strong></span> <span class='ocrx_word' id='word_1_501' title='bbox 2181 3587 2313 3656; x_wconf 90' lang='lat' dir='ltr'><strong>ipsis</strong></span> <span class='ocrx_word' id='word_1_502' title='bbox 2332 3589 2502 3655; x_wconf 91' lang='lat' dir='ltr'><strong>copiis</strong></span> <span class='ocrx_word' id='word_1_503' title='bbox 2531 3587 2862 3648; x_wconf 76' lang='lat' dir='ltr'><strong>ccelestibus,</strong></span> <span class='ocrx_word' id='word_1_504' title='bbox 2920 3589 2969 3641; x_wconf 90' lang='lat' dir='ltr'><strong>in</strong></span> <span class='ocrx_word' id='word_1_505' title='bbox 3005 3588 3200 3657; x_wconf 91' lang='lat' dir='ltr'><strong>quibus</strong></span> <span class='ocrx_word' id='word_1_506' title='bbox 3239 3589 3352 3661; x_wconf 73' lang='lat' dir='ltr'><strong>fieri</strong></span> <span class='ocrx_word' id='word_1_507' title='bbox 3385 3604 3481 3642; x_wconf 90' lang='lat' dir='ltr'><strong>ne-</strong></span> 
     </span>
    </p>
   </div>
   <div class='ocr_carea' id='block_1_67' title="bbox 253 3661 2128 3748">
    <p class='ocr_par' dir='ltr' id='par_1_67' title="bbox 253 3661 2123 3746">
     <span class='ocr_line' id='line_1_67' title="bbox 253 3661 2123 3746; baseline 0.001 -17"><span class='ocrx_word' id='word_1_508' title='bbox 253 3679 352 3729; x_wconf 68' lang='grc' dir='ltr'><strong>καὶ</strong></span> <span class='ocrx_word' id='word_1_509' title='bbox 403 3677 500 3745; x_wconf 77' lang='grc' dir='ltr'><strong>τὴν</strong></span> <span class='ocrx_word' id='word_1_510' title='bbox 555 3676 853 3743; x_wconf 84' lang='grc' dir='ltr'>ἐπιθυμίαν</span> <span class='ocrx_word' id='word_1_511' title='bbox 895 3677 1055 3744; x_wconf 71' lang='grc' dir='ltr'>φημὶ,</span> <span class='ocrx_word' id='word_1_512' title='bbox 1092 3677 1186 3728; x_wconf 78' lang='grc' dir='ltr'><strong>καὶ</strong></span> <span class='ocrx_word' id='word_1_513' title='bbox 1234 3677 1331 3744; x_wconf 81' lang='grc' dir='ltr'>τὴν</span> <span class='ocrx_word' id='word_1_514' title='bbox 1387 3678 1581 3746; x_wconf 77' lang='grc' dir='ltr'>ἡδονήν</span> <span class='ocrx_word' id='word_1_515' title='bbox 1609 3693 1621 3706; x_wconf 92' lang='grc'><strong>·</strong></span> <span class='ocrx_word' id='word_1_516' title='bbox 1661 3678 1751 3737; x_wconf 88' lang='grc' dir='ltr'><strong>Εἰς</strong></span> <span class='ocrx_word' id='word_1_517' title='bbox 1781 3675 1818 3730; x_wconf 77' lang='grc' dir='ltr'><strong>ἃ.</strong></span> <span class='ocrx_word' id='word_1_518' title='bbox 1844 3661 1884 3716; x_wconf 79' lang='lat' dir='ltr'><strong>C</strong></span> <span class='ocrx_word' id='word_1_519' title='bbox 1919 3678 2036 3744; x_wconf 92' lang='lat' dir='ltr'><strong>quit</strong></span> <span class='ocrx_word' id='word_1_520' title='bbox 2068 3686 2123 3730; x_wconf 87' lang='lat' dir='ltr'><strong>ut</strong></span> 
     </span>
    </p>
   </div>
   <div class='ocr_carea' id='block_1_68' title="bbox 1605 3661 3480 3748">
    <p class='ocr_par' dir='ltr' id='par_1_68' title="bbox 1609 3661 3480 3748">
     <span class='ocr_line' id='line_1_68' title="bbox 1609 3661 3480 3748; baseline 0.002 -20"><span class='ocrx_word' id='word_1_521' title='bbox 1609 3693 1621 3706; x_wconf 92' lang='grc'><strong>·</strong></span> <span class='ocrx_word' id='word_1_522' title='bbox 1661 3678 1751 3737; x_wconf 88' lang='grc' dir='ltr'><strong>Εἰς</strong></span> <span class='ocrx_word' id='word_1_523' title='bbox 1781 3675 1818 3730; x_wconf 77' lang='grc' dir='ltr'><strong>ἃ.</strong></span> <span class='ocrx_word' id='word_1_524' title='bbox 1844 3661 1884 3716; x_wconf 79' lang='lat' dir='ltr'><strong>C</strong></span> <span class='ocrx_word' id='word_1_525' title='bbox 1919 3678 2036 3744; x_wconf 87' lang='lat' dir='ltr'><strong>quit</strong></span> <span class='ocrx_word' id='word_1_526' title='bbox 2068 3686 2123 3730; x_wconf 91' lang='lat' dir='ltr'><strong>ut</strong></span> <span class='ocrx_word' id='word_1_527' title='bbox 2159 3676 2360 3746; x_wconf 88' lang='lat' dir='ltr'><strong>aliquid</strong></span> <span class='ocrx_word' id='word_1_528' title='bbox 2415 3691 2520 3731; x_wconf 89' lang='lat' dir='ltr'><strong>non</strong></span> <span class='ocrx_word' id='word_1_529' title='bbox 2555 3677 2749 3730; x_wconf 89' lang='lat' dir='ltr'><strong>bonum</strong></span> <span class='ocrx_word' id='word_1_530' title='bbox 2798 3677 3047 3742; x_wconf 82' lang='lat' dir='ltr'><strong>exsistat,</strong></span> <span class='ocrx_word' id='word_1_531' title='bbox 3096 3687 3324 3748; x_wconf 88' lang='lat' dir='ltr'><strong>utraque</strong></span> <span class='ocrx_word' id='word_1_532' title='bbox 3356 3680 3480 3733; x_wconf 69' lang='lat' dir='ltr'><strong>licet</strong></span> 
     </span>
    </p>
   </div>
   <div class='ocr_carea' id='block_1_69' title="bbox 253 3766 1819 3837">
    <p class='ocr_par' dir='ltr' id='par_1_69' title="bbox 253 3766 1819 3837">
     <span class='ocr_line' id='line_1_69' title="bbox 253 3766 1819 3837; baseline -0.001 -18"><span class='ocrx_word' id='word_1_533' title='bbox 253 3769 604 3837; x_wconf 82' lang='grc' dir='ltr'>ἐπιθυμοῦσι,</span> <span class='ocrx_word' id='word_1_534' title='bbox 654 3769 841 3837; x_wconf 71' lang='grc' dir='ltr'>φησὶν,</span> <span class='ocrx_word' id='word_1_535' title='bbox 890 3766 1113 3834; x_wconf 81' lang='grc' dir='ltr'>ἄγγελοι</span> <span class='ocrx_word' id='word_1_536' title='bbox 1151 3766 1495 3836; x_wconf 78' lang='grc' dir='ltr'>παρακύψαι.</span> <span class='ocrx_word' id='word_1_537' title='bbox 1542 3769 1649 3819; x_wconf 74' lang='grc' dir='ltr'><strong>Καὶ</strong></span> <span class='ocrx_word' id='word_1_538' title='bbox 1683 3767 1819 3821; x_wconf 84' lang='grc' dir='ltr'>ἀπέ-</span> 
     </span>
    </p>
   </div>
   <div class='ocr_carea' id='block_1_70' title="bbox 256 3858 1822 3929">
    <p class='ocr_par' dir='ltr' id='par_1_70' title="bbox 256 3858 1822 3929">
     <span class='ocr_line' id='line_1_70' title="bbox 256 3858 1822 3929; baseline -0.002 -16"><span class='ocrx_word' id='word_1_539' title='bbox 256 3878 471 3929; x_wconf 80' lang='grc' dir='ltr'>ραντος,</span> <span class='ocrx_word' id='word_1_540' title='bbox 501 3862 595 3912; x_wconf 78' lang='grc' dir='ltr'>καὶ</span> <span class='ocrx_word' id='word_1_541' title='bbox 631 3860 862 3929; x_wconf 81' lang='grc' dir='ltr'>ἀληκτος</span> <span class='ocrx_word' id='word_1_542' title='bbox 897 3858 1144 3911; x_wconf 83' lang='grc' dir='ltr'>καλεῖται</span> <span class='ocrx_word' id='word_1_543' title='bbox 1176 3859 1210 3927; x_wconf 85' lang='grc' dir='ltr'>ἠ</span> <span class='ocrx_word' id='word_1_544' title='bbox 1251 3858 1435 3926; x_wconf 81' lang='grc' dir='ltr'>ἡδονὴ,</span> <span class='ocrx_word' id='word_1_545' title='bbox 1471 3859 1504 3928; x_wconf 81' lang='grc' dir='ltr'>ἢ</span> <span class='ocrx_word' id='word_1_546' title='bbox 1536 3860 1646 3920; x_wconf 85' lang='grc' dir='ltr'>τοῖς</span> <span class='ocrx_word' id='word_1_547' title='bbox 1679 3859 1822 3911; x_wconf 68' lang='grc' dir='ltr'>ἀσωο</span> 
     </span>
    </p>
   </div>
   <div class='ocr_carea' id='block_1_71' title="bbox 256 3950 1819 4021">
    <p class='ocr_par' dir='ltr' id='par_1_71' title="bbox 256 3950 1819 4021">
     <span class='ocr_line' id='line_1_71' title="bbox 256 3950 1819 4021; baseline -0.003 -17"><span class='ocrx_word' id='word_1_548' title='bbox 256 3953 452 4021; x_wconf 76' lang='grc' dir='ltr'>μάτοις</span> <span class='ocrx_word' id='word_1_549' title='bbox 482 3953 567 4005; x_wconf 77' lang='grc' dir='ltr'>ἀεὶ</span> <span class='ocrx_word' id='word_1_550' title='bbox 596 3951 865 4006; x_wconf 78' lang='grc' dir='ltr'>σύνεστιν.</span> <span class='ocrx_word' id='word_1_551' title='bbox 898 3952 1045 4018; x_wconf 81' lang='grc' dir='ltr'>Αὕτη</span> <span class='ocrx_word' id='word_1_552' title='bbox 1078 3951 1228 4020; x_wconf 79' lang='grc' dir='ltr'>παρᾶ</span> <span class='ocrx_word' id='word_1_553' title='bbox 1265 3951 1375 4004; x_wconf 90' lang='grc' dir='ltr'><strong>τῶν</strong></span> <span class='ocrx_word' id='word_1_554' title='bbox 1407 3950 1580 4017; x_wconf 83' lang='grc' dir='ltr'>ἁγίων</span> <span class='ocrx_word' id='word_1_555' title='bbox 1612 3950 1819 4018; x_wconf 86' lang='grc' dir='ltr'>ἀνδρῶν</span> 
     </span>
    </p>
   </div>
   <div class='ocr_carea' id='block_1_72' title="bbox 253 4043 1823 4114">
    <p class='ocr_par' dir='ltr' id='par_1_72' title="bbox 253 4043 1823 4114">
     <span class='ocr_line' id='line_1_72' title="bbox 253 4043 1823 4114; baseline -0.001 -15"><span class='ocrx_word' id='word_1_556' title='bbox 253 4047 354 4099; x_wconf 67' lang='grc' dir='ltr'>καὶ</span> <span class='ocrx_word' id='word_1_557' title='bbox 382 4045 584 4113; x_wconf 77' lang='grc' dir='ltr'>τρυφὴ,</span> <span class='ocrx_word' id='word_1_558' title='bbox 636 4047 730 4096; x_wconf 64' lang='grc' dir='ltr'><strong>καὶ</strong></span> <span class='ocrx_word' id='word_1_559' title='bbox 757 4043 1068 4113; x_wconf 82' lang='grc' dir='ltr'>εὐφροσύνη</span> <span class='ocrx_word' id='word_1_560' title='bbox 1110 4044 1599 4114; x_wconf 87' lang='grc' dir='ltr'>προσαγορεύεται,</span> <span class='ocrx_word' id='word_1_561' title='bbox 1649 4045 1742 4096; x_wconf 72' lang='grc' dir='ltr'><strong>καὶ</strong></span> <span class='ocrx_word' id='word_1_562' title='bbox 1771 4047 1823 4097; x_wconf 79' lang='grc' dir='ltr'>εἰ</span> 
     </span>
    </p>
   </div>
   <div class='ocr_carea' id='block_1_73' title="bbox 257 4133 1820 4206">
    <p class='ocr_par' dir='ltr' id='par_1_73' title="bbox 257 4133 1820 4206">
     <span class='ocr_line' id='line_1_73' title="bbox 257 4133 1820 4206; baseline -0.002 -16"><span class='ocrx_word' id='word_1_563' title='bbox 257 4158 310 4190; x_wconf 88' lang='grc' dir='ltr'><strong>τι</strong></span> <span class='ocrx_word' id='word_1_564' title='bbox 335 4133 591 4189; x_wconf 85' lang='grc' dir='ltr'>τοιοῦτον.</span> <span class='ocrx_word' id='word_1_565' title='bbox 619 4136 766 4206; x_wconf 71' lang='grc' dir='ltr'>Αὕτη</span> <span class='ocrx_word' id='word_1_566' title='bbox 786 4138 879 4189; x_wconf 77' lang='grc' dir='ltr'>καὶ</span> <span class='ocrx_word' id='word_1_567' title='bbox 900 4136 1126 4188; x_wconf 85' lang='grc' dir='ltr'>δικαίων</span> <span class='ocrx_word' id='word_1_568' title='bbox 1147 4136 1344 4206; x_wconf 74' lang='grc' dir='ltr'>ψυχαῖς</span> <span class='ocrx_word' id='word_1_569' title='bbox 1370 4138 1623 4188; x_wconf 82' lang='grc' dir='ltr'>συνέσται</span> <span class='ocrx_word' id='word_1_570' title='bbox 1646 4136 1820 4204; x_wconf 78' lang='grc' dir='ltr'>διηνε-</span> 
     </span>
    </p>
   </div>
   <div class='ocr_carea' id='block_1_74' title="bbox 257 4225 1819 4305">
    <p class='ocr_par' dir='ltr' id='par_1_74' title="bbox 257 4225 1819 4305">
     <span class='ocr_line' id='line_1_74' title="bbox 257 4225 1819 4305; baseline -0.003 -24"><span class='ocrx_word' id='word_1_571' title='bbox 257 4230 396 4290; x_wconf 71' lang='grc' dir='ltr'>κῶς,</span> <span class='ocrx_word' id='word_1_572' title='bbox 444 4227 692 4281; x_wconf 83' lang='grc' dir='ltr'>ἐντεῦθεν</span> <span class='ocrx_word' id='word_1_573' title='bbox 742 4226 1032 4290; x_wconf 75' lang='grc' dir='ltr'>λαὸούσαις</span> <span class='ocrx_word' id='word_1_574' title='bbox 1076 4227 1176 4305; x_wconf 69' lang='grc' dir='ltr'><strong>τῆς</strong></span> <span class='ocrx_word' id='word_1_575' title='bbox 1216 4227 1407 4296; x_wconf 77' lang='grc' dir='ltr'>ὴδονῆς</span> <span class='ocrx_word' id='word_1_576' title='bbox 1438 4229 1534 4295; x_wconf 82' lang='grc' dir='ltr'>τῆς</span> <span class='ocrx_word' id='word_1_577' title='bbox 1569 4228 1682 4277; x_wconf 84' lang='grc' dir='ltr'>ἐκεῖ</span> <span class='ocrx_word' id='word_1_578' title='bbox 1728 4225 1819 4277; x_wconf 83' lang='grc' dir='ltr'><strong>τὸν</strong></span> 
     </span>
    </p>
   </div>
   <div class='ocr_carea' id='block_1_75' title="bbox 255 4317 1821 4393">
    <p class='ocr_par' dir='ltr' id='par_1_75' title="bbox 255 4317 1821 4393">
     <span class='ocr_line' id='line_1_75' title="bbox 255 4317 1821 4393; baseline -0.006 -17"><span class='ocrx_word' id='word_1_579' title='bbox 255 4323 424 4376; x_wconf 77' lang='grc' dir='ltr'>καλὸν</span> <span class='ocrx_word' id='word_1_580' title='bbox 459 4322 773 4393; x_wconf 66' lang='grc' dir='ltr'>ἀρραϐῶνα.</span> <span class='ocrx_word' id='word_1_581' title='bbox 806 4323 868 4374; x_wconf 72' lang='lat' dir='ltr'><strong>Et</strong></span> <span class='ocrx_word' id='word_1_582' title='bbox 901 4321 956 4374; x_wconf 83' lang='grc' dir='ltr'><strong>δέ</strong></span> <span class='ocrx_word' id='word_1_583' title='bbox 985 4338 1063 4382; x_wconf 88' lang='grc' dir='ltr'><strong>τις</strong></span> <span class='ocrx_word' id='word_1_584' title='bbox 1102 4320 1244 4390; x_wconf 84' lang='grc' dir='ltr'>μέγα</span> <span class='ocrx_word' id='word_1_585' title='bbox 1269 4319 1478 4388; x_wconf 81' lang='grc' dir='ltr'>νομίζει</span> <span class='ocrx_word' id='word_1_586' title='bbox 1508 4318 1567 4370; x_wconf 83' lang='grc' dir='ltr'><strong>τὸ</strong></span> <span class='ocrx_word' id='word_1_587' title='bbox 1590 4319 1689 4386; x_wconf 82' lang='grc' dir='ltr'>τὴν</span> <span class='ocrx_word' id='word_1_588' title='bbox 1724 4317 1821 4368; x_wconf 84' lang='grc' dir='ltr'>αύ-</span> 
     </span>
    </p>
   </div>
   <div class='ocr_carea' id='block_1_76' title="bbox 251 4411 1816 4485">
    <p class='ocr_par' dir='ltr' id='par_1_76' title="bbox 251 4411 1816 4485">
     <span class='ocr_line' id='line_1_76' title="bbox 251 4411 1816 4485; baseline -0.004 -16"><span class='ocrx_word' id='word_1_589' title='bbox 251 4419 355 4485; x_wconf 78' lang='grc' dir='ltr'><strong>τὴν</strong></span> <span class='ocrx_word' id='word_1_590' title='bbox 386 4421 496 4478; x_wconf 76' lang='grc' dir='ltr'>τοῖς</span> <span class='ocrx_word' id='word_1_591' title='bbox 535 4417 851 4485; x_wconf 77' lang='grc' dir='ltr'>ἀσωμάτοις</span> <span class='ocrx_word' id='word_1_592' title='bbox 889 4414 1101 4484; x_wconf 79' lang='grc' dir='ltr'>τρυφὴν</span> <span class='ocrx_word' id='word_1_593' title='bbox 1150 4413 1298 4482; x_wconf 83' lang='grc' dir='ltr'>ἡμᾶς</span> <span class='ocrx_word' id='word_1_594' title='bbox 1348 4411 1516 4481; x_wconf 76' lang='grc' dir='ltr'>ἔχειν,</span> <span class='ocrx_word' id='word_1_595' title='bbox 1559 4412 1652 4463; x_wconf 71' lang='grc' dir='ltr'>καὶ</span> <span class='ocrx_word' id='word_1_596' title='bbox 1684 4411 1816 4485; x_wconf 75' lang='grc' dir='ltr'>ἀπο-</span> 
     </span>
    </p>
   </div>
   <div class='ocr_carea' id='block_1_77' title="bbox 250 4503 1818 4580">
    <p class='ocr_par' dir='ltr' id='par_1_77' title="bbox 250 4503 1818 4580">
     <span class='ocr_line' id='line_1_77' title="bbox 250 4503 1818 4580; baseline -0.004 -21"><span class='ocrx_word' id='word_1_597' title='bbox 250 4510 442 4561; x_wconf 66' lang='grc' dir='ltr'>λαύειν</span> <span class='ocrx_word' id='word_1_598' title='bbox 478 4508 587 4561; x_wconf 66' lang='grc' dir='ltr'><strong>τῶν</strong></span> <span class='ocrx_word' id='word_1_599' title='bbox 625 4510 856 4570; x_wconf 78' lang='grc' dir='ltr'>ἐκείνοις</span> <span class='ocrx_word' id='word_1_600' title='bbox 904 4506 1261 4580; x_wconf 75' lang='grc' dir='ltr'>ἀπολαυστῶν</span> <span class='ocrx_word' id='word_1_601' title='bbox 1295 4505 1433 4574; x_wconf 86' lang='grc' dir='ltr'><strong>μετά</strong></span> <span class='ocrx_word' id='word_1_602' title='bbox 1477 4505 1576 4572; x_wconf 80' lang='grc' dir='ltr'>τὴν</span> <span class='ocrx_word' id='word_1_603' title='bbox 1607 4503 1818 4555; x_wconf 84' lang='grc' dir='ltr'>ἐνθένδε</span> 
     </span>
    </p>
   </div>
   <div class='ocr_carea' id='block_1_78' title="bbox 251 4581 1818 4670">
    <p class='ocr_par' dir='ltr' id='par_1_78' title="bbox 251 4581 1818 4670">
     <span class='ocr_line' id='line_1_78' title="bbox 251 4581 1818 4670; baseline -0.004 -16"><span class='ocrx_word' id='word_1_604' title='bbox 251 4603 425 4670; x_wconf 79' lang='grc' dir='ltr'>ζωὴν,</span> <span class='ocrx_word' id='word_1_605' title='bbox 461 4581 749 4655; x_wconf 81' lang='grc' dir='ltr'>ἀκουσάτω</span> <span class='ocrx_word' id='word_1_606' title='bbox 795 4617 857 4665; x_wconf 82' lang='grc' dir='ltr'><strong>γε</strong></span> <span class='ocrx_word' id='word_1_607' title='bbox 891 4601 1132 4660; x_wconf 84' lang='grc' dir='ltr'>κάκεῖνο,</span> <span class='ocrx_word' id='word_1_608' title='bbox 1172 4598 1248 4661; x_wconf 85' lang='grc' dir='ltr'><strong>ὡς</strong></span> <span class='ocrx_word' id='word_1_609' title='bbox 1292 4599 1384 4649; x_wconf 74' lang='grc' dir='ltr'><strong>καὶ</strong></span> <span class='ocrx_word' id='word_1_610' title='bbox 1428 4597 1639 4650; x_wconf 84' lang='grc' dir='ltr'>ἐνταῦθ’</span> <span class='ocrx_word' id='word_1_611' title='bbox 1685 4597 1818 4664; x_wconf 79' lang='grc' dir='ltr'>ἡμῖν</span> 
     </span>
    </p>
   </div>
   <div class='ocr_carea' id='block_1_79' title="bbox 249 4687 1818 4761">
    <p class='ocr_par' dir='ltr' id='par_1_79' title="bbox 249 4687 1818 4761">
     <span class='ocr_line' id='line_1_79' title="bbox 249 4687 1818 4761; baseline -0.004 -14"><span class='ocrx_word' id='word_1_612' title='bbox 249 4697 432 4759; x_wconf 77' lang='grc' dir='ltr'>ἔξεστι</span> <span class='ocrx_word' id='word_1_613' title='bbox 459 4693 645 4745; x_wconf 80' lang='grc' dir='ltr'>τούτου</span> <span class='ocrx_word' id='word_1_614' title='bbox 689 4691 941 4761; x_wconf 85' lang='grc' dir='ltr'>μετέχειν</span> <span class='ocrx_word' id='word_1_615' title='bbox 968 4691 1062 4743; x_wconf 90' lang='grc' dir='ltr'><strong>τοῦ</strong></span> <span class='ocrx_word' id='word_1_616' title='bbox 1104 4688 1328 4756; x_wconf 83' lang='grc' dir='ltr'>ἀγαθοῦ.</span> <span class='ocrx_word' id='word_1_617' title='bbox 1363 4689 1490 4750; x_wconf 84' lang='grc' dir='ltr'>Τοῖς</span> <span class='ocrx_word' id='word_1_618' title='bbox 1519 4687 1629 4757; x_wconf 85' lang='grc' dir='ltr'>γὰρ</span> <span class='ocrx_word' id='word_1_619' title='bbox 1664 4688 1818 4741; x_wconf 85' lang='grc' dir='ltr'>εἱσά-</span> 
     </span>
    </p>
   </div>
   <div class='ocr_carea' id='block_1_80' title="bbox 251 4780 1818 4853">
    <p class='ocr_par' dir='ltr' id='par_1_80' title="bbox 251 4780 1818 4853">
     <span class='ocr_line' id='line_1_80' title="bbox 251 4780 1818 4853; baseline -0.004 -15"><span class='ocrx_word' id='word_1_620' title='bbox 251 4786 368 4849; x_wconf 82' lang='grc' dir='ltr'>παξ</span> <span class='ocrx_word' id='word_1_621' title='bbox 398 4785 676 4853; x_wconf 72' lang='grc' dir='ltr'>καθαροῖς.</span> <span class='ocrx_word' id='word_1_622' title='bbox 720 4781 1244 4850; x_wconf 79' lang='grc' dir='ltr'>ἢ,κεκαθαρμένοις,</span> <span class='ocrx_word' id='word_1_623' title='bbox 1267 4781 1426 4850; x_wconf 83' lang='grc' dir='ltr'>χάρις</span> <span class='ocrx_word' id='word_1_624' title='bbox 1456 4780 1664 4832; x_wconf 81' lang='grc' dir='ltr'>ἐκεῖθεν</span> <span class='ocrx_word' id='word_1_625' title='bbox 1696 4781 1818 4832; x_wconf 82' lang='grc' dir='ltr'>ἐπι-</span> 
     </span>
    </p>
   </div>
   <div class='ocr_carea' id='block_1_81' title="bbox 249 4871 1815 4949">
    <p class='ocr_par' dir='ltr' id='par_1_81' title="bbox 249 4871 1815 4949">
     <span class='ocr_line' id='line_1_81' title="bbox 249 4871 1815 4949; baseline -0.004 -21"><span class='ocrx_word' id='word_1_626' title='bbox 249 4880 436 4947; x_wconf 69' lang='grc' dir='ltr'>φοιτᾷ,</span> <span class='ocrx_word' id='word_1_627' title='bbox 541 4894 601 4942; x_wconf 93' lang='grc' dir='ltr'><strong>γε</strong></span> <span class='ocrx_word' id='word_1_628' title='bbox 644 4875 898 4945; x_wconf 78' lang='grc' dir='ltr'>μέλλουσι</span> <span class='ocrx_word' id='word_1_629' title='bbox 939 4876 1178 4926; x_wconf 83' lang='grc' dir='ltr'>συνεῖναι</span> <span class='ocrx_word' id='word_1_630' title='bbox 1204 4873 1297 4924; x_wconf 79' lang='grc' dir='ltr'>τὸν</span> <span class='ocrx_word' id='word_1_631' title='bbox 1324 4872 1502 4924; x_wconf 78' lang='grc' dir='ltr'>πάντα</span> <span class='ocrx_word' id='word_1_632' title='bbox 1531 4873 1740 4940; x_wconf 73' lang='grc' dir='ltr'>χρόνον,</span> <span class='ocrx_word' id='word_1_633' title='bbox 1768 4872 1815 4922; x_wconf 89' lang='grc' dir='ltr'><strong>εί</strong></span> 
     </span>
    </p>
   </div>
   <div class='ocr_carea' id='block_1_82' title="bbox 249 4961 1818 5037">
    <p class='ocr_par' dir='ltr' id='par_1_82' title="bbox 249 4961 1818 5037">
     <span class='ocr_line' id='line_1_82' title="bbox 249 4961 1818 5037; baseline -0.006 -18"><span class='ocrx_word' id='word_1_634' title='bbox 249 4970 352 5020; x_wconf 72' lang='grc' dir='ltr'><strong>καὶ</strong></span> <span class='ocrx_word' id='word_1_635' title='bbox 384 4967 782 5036; x_wconf 68' lang='grc' dir='ltr'>ἀδρανέστερίν</span> <span class='ocrx_word' id='word_1_636' title='bbox 834 4981 952 5037; x_wconf 77' lang='grc' dir='ltr'><strong>πως</strong></span> <span class='ocrx_word' id='word_1_637' title='bbox 1007 4964 1102 5015; x_wconf 79' lang='grc' dir='ltr'>καὶ</span> <span class='ocrx_word' id='word_1_638' title='bbox 1150 4962 1522 5031; x_wconf 86' lang='grc' dir='ltr'>ἀμυδρότερον</span> <span class='ocrx_word' id='word_1_639' title='bbox 1569 4961 1818 5013; x_wconf 81' lang='grc' dir='ltr'>ἐνταυθοῖ</span> 
     </span>
    </p>
   </div>
   <div class='ocr_carea' id='block_1_83' title="bbox 246 5052 1812 5124">
    <p class='ocr_par' dir='ltr' id='par_1_83' title="bbox 246 5052 1812 5124">
     <span class='ocr_line' id='line_1_83' title="bbox 246 5052 1812 5124; baseline -0.006 -14"><span class='ocrx_word' id='word_1_640' title='bbox 246 5058 414 5110; x_wconf 82' lang='grc' dir='ltr'>τοῦτο</span> <span class='ocrx_word' id='word_1_641' title='bbox 465 5057 696 5124; x_wconf 77' lang='grc' dir='ltr'>γίνεται.</span> <span class='ocrx_word' id='word_1_642' title='bbox 729 5056 824 5107; x_wconf 85' lang='grc' dir='ltr'>Διά</span> <span class='ocrx_word' id='word_1_643' title='bbox 859 5056 963 5122; x_wconf 76' lang='grc' dir='ltr'>γὰρ</span> <span class='ocrx_word' id='word_1_644' title='bbox 995 5054 1055 5106; x_wconf 67' lang='grc' dir='ltr'>τὸ</span> <span class='ocrx_word' id='word_1_645' title='bbox 1096 5052 1467 5120; x_wconf 75' lang='grc' dir='ltr'>ἐπιπροσθοῦν</span> <span class='ocrx_word' id='word_1_646' title='bbox 1499 5052 1598 5121; x_wconf 77' lang='grc' dir='ltr'>ἤδη</span> <span class='ocrx_word' id='word_1_647' title='bbox 1654 5052 1812 5119; x_wconf 78' lang='grc' dir='ltr'>σῶμα</span> 
     </span>
    </p>
   </div>
   <div class='ocr_carea' id='block_1_84' title="bbox 242 5142 1813 5217">
    <p class='ocr_par' dir='ltr' id='par_1_84' title="bbox 242 5142 1813 5217">
     <span class='ocr_line' id='line_1_84' title="bbox 242 5142 1813 5217; baseline -0.003 -19"><span class='ocrx_word' id='word_1_648' title='bbox 242 5154 315 5217; x_wconf 81' lang='grc' dir='ltr'>τῇ</span> <span class='ocrx_word' id='word_1_649' title='bbox 353 5147 454 5216; x_wconf 83' lang='grc' dir='ltr'>τῆς</span> <span class='ocrx_word' id='word_1_650' title='bbox 484 5148 659 5215; x_wconf 57' lang='grc' dir='ltr'>ψυχῆς</span> <span class='ocrx_word' id='word_1_651' title='bbox 698 5146 900 5215; x_wconf 66' lang='grc' dir='ltr'>θεωρίᾳ.</span> <span class='ocrx_word' id='word_1_652' title='bbox 953 5147 1046 5197; x_wconf 74' lang='grc' dir='ltr'>καὶ</span> <span class='ocrx_word' id='word_1_653' title='bbox 1074 5145 1143 5196; x_wconf 80' lang='grc' dir='ltr'>τὰ</span> <span class='ocrx_word' id='word_1_654' title='bbox 1173 5144 1279 5196; x_wconf 74' lang='grc' dir='ltr'>ἀπὸ</span> <span class='ocrx_word' id='word_1_655' title='bbox 1317 5142 1471 5196; x_wconf 81' lang='grc' dir='ltr'>τοῦδε</span> <span class='ocrx_word' id='word_1_656' title='bbox 1506 5143 1672 5211; x_wconf 85' lang='grc' dir='ltr'>πάθη,</span> <span class='ocrx_word' id='word_1_657' title='bbox 1719 5142 1813 5195; x_wconf 72' lang='grc' dir='ltr'><strong>καὶ</strong></span> 
     </span>
    </p>
   </div>
   <div class='ocr_carea' id='block_1_85' title="bbox 241 5235 1811 5305">
    <p class='ocr_par' dir='ltr' id='par_1_85' title="bbox 241 5235 1811 5305">
     <span class='ocr_line' id='line_1_85' title="bbox 241 5235 1811 5305; baseline -0.005 -13"><span class='ocrx_word' id='word_1_658' title='bbox 241 5245 350 5301; x_wconf 69' lang='grc' dir='ltr'>τὶς</span> <span class='ocrx_word' id='word_1_659' title='bbox 389 5240 476 5291; x_wconf 75' lang='grc' dir='ltr'>διὰ</span> <span class='ocrx_word' id='word_1_660' title='bbox 513 5238 686 5290; x_wconf 82' lang='grc' dir='ltr'>ταῦτα</span> <span class='ocrx_word' id='word_1_661' title='bbox 719 5237 1030 5305; x_wconf 80' lang='grc' dir='ltr'>φροντίδας,</span> <span class='ocrx_word' id='word_1_662' title='bbox 1073 5237 1224 5288; x_wconf 65' lang='grc' dir='ltr'>οὐδὲν</span> <span class='ocrx_word' id='word_1_663' title='bbox 1255 5236 1319 5287; x_wconf 83' lang='grc' dir='ltr'>ἂν</span> <span class='ocrx_word' id='word_1_664' title='bbox 1353 5236 1524 5305; x_wconf 82' lang='grc' dir='ltr'>δήπου</span> <span class='ocrx_word' id='word_1_665' title='bbox 1557 5235 1811 5302; x_wconf 76' lang='grc' dir='ltr'>καθαρῶς</span> 
     </span>
    </p>
   </div>
   <div class='ocr_carea' id='block_1_86' title="bbox 243 5326 1813 5398">
    <p class='ocr_par' dir='ltr' id='par_1_86' title="bbox 243 5326 1813 5398">
     <span class='ocr_line' id='line_1_86' title="bbox 243 5326 1813 5398; baseline -0.004 -13"><span class='ocrx_word' id='word_1_666' title='bbox 243 5333 363 5385; x_wconf 85' lang='grc' dir='ltr'><strong>τῶν</strong></span> <span class='ocrx_word' id='word_1_667' title='bbox 389 5328 678 5398; x_wconf 81' lang='grc' dir='ltr'>θεωρητῶν</span> <span class='ocrx_word' id='word_1_668' title='bbox 709 5327 1116 5397; x_wconf 84' lang='grc' dir='ltr'>θεωρήσαιμεν,</span> <span class='ocrx_word' id='word_1_669' title='bbox 1146 5329 1177 5397; x_wconf 81' lang='grc' dir='ltr'>ἢ</span> <span class='ocrx_word' id='word_1_670' title='bbox 1205 5328 1314 5380; x_wconf 90' lang='grc' dir='ltr'><strong>τῶν</strong></span> <span class='ocrx_word' id='word_1_671' title='bbox 1341 5328 1546 5395; x_wconf 84' lang='grc' dir='ltr'>ἐφετῶν</span> <span class='ocrx_word' id='word_1_672' title='bbox 1577 5326 1813 5380; x_wconf 75' lang='grc' dir='ltr'>ἀπολαύ-</span> 
     </span>
    </p>
   </div>
   <div class='ocr_carea' id='block_1_87' title="bbox 244 5419 1814 5490">
    <p class='ocr_par' dir='ltr' id='par_1_87' title="bbox 244 5419 1814 5490">
     <span class='ocr_line' id='line_1_87' title="bbox 244 5419 1814 5490; baseline -0.004 -14"><span class='ocrx_word' id='word_1_673' title='bbox 244 5439 470 5490; x_wconf 70' lang='grc' dir='ltr'>σαιμεν.</span> <span class='ocrx_word' id='word_1_674' title='bbox 507 5422 634 5482; x_wconf 81' lang='grc' dir='ltr'>Τοῖς</span> <span class='ocrx_word' id='word_1_675' title='bbox 667 5437 730 5488; x_wconf 89' lang='grc' dir='ltr'><strong>γε</strong></span> <span class='ocrx_word' id='word_1_676' title='bbox 756 5420 862 5489; x_wconf 81' lang='grc' dir='ltr'><strong>μὴν</strong></span> <span class='ocrx_word' id='word_1_677' title='bbox 895 5421 1089 5483; x_wconf 80' lang='grc' dir='ltr'>ἀϊδίοις</span> <span class='ocrx_word' id='word_1_678' title='bbox 1123 5420 1349 5489; x_wconf 75' lang='grc' dir='ltr'>μηδενὸς</span> <span class='ocrx_word' id='word_1_679' title='bbox 1391 5419 1635 5472; x_wconf 88' lang='grc' dir='ltr'>τοιούτου</span> <span class='ocrx_word' id='word_1_680' title='bbox 1673 5436 1814 5486; x_wconf 78' lang='grc' dir='ltr'>παρ-</span> 
     </span>
    </p>
   </div>
   <div class='ocr_carea' id='block_1_88' title="bbox 242 5511 1816 5582">
    <p class='ocr_par' dir='ltr' id='par_1_88' title="bbox 242 5511 1816 5582">
     <span class='ocr_line' id='line_1_88' title="bbox 242 5511 1816 5582; baseline -0.004 -13"><span class='ocrx_word' id='word_1_681' title='bbox 242 5513 593 5582; x_wconf 79' lang='grc' dir='ltr'>ενοχλοῦντος</span> <span class='ocrx_word' id='word_1_682' title='bbox 647 5513 1035 5582; x_wconf 86' lang='grc' dir='ltr'>καθαρώτερον</span> <span class='ocrx_word' id='word_1_683' title='bbox 1102 5514 1310 5580; x_wconf 82' lang='grc' dir='ltr'>ἐφεῖται</span> <span class='ocrx_word' id='word_1_684' title='bbox 1381 5511 1673 5580; x_wconf 77' lang='grc' dir='ltr'>ἐπιθυμεῖν</span> <span class='ocrx_word' id='word_1_685' title='bbox 1725 5512 1816 5563; x_wconf 69' lang='grc' dir='ltr'><strong>καὶ</strong></span> 
     </span>
    </p>
   </div>
   <div class='ocr_carea' id='block_1_89' title="bbox 239 5602 1816 5673">
    <p class='ocr_par' dir='ltr' id='par_1_89' title="bbox 239 5602 1816 5673">
     <span class='ocr_line' id='line_1_89' title="bbox 239 5602 1816 5673; baseline -0.003 -17"><span class='ocrx_word' id='word_1_686' title='bbox 239 5603 641 5671; x_wconf 78' lang='grc' dir='ltr'>εὐφραίνεσθαι</span> <span class='ocrx_word' id='word_1_687' title='bbox 669 5605 736 5656; x_wconf 86' lang='grc' dir='ltr'><strong>τά</strong></span> <span class='ocrx_word' id='word_1_688' title='bbox 767 5602 1082 5673; x_wconf 73' lang='grc' dir='ltr'>ἐπιθυμητὰ</span> <span class='ocrx_word' id='word_1_689' title='bbox 1106 5620 1167 5670; x_wconf 91' lang='grc' dir='ltr'><strong>γε</strong></span> <span class='ocrx_word' id='word_1_690' title='bbox 1193 5604 1282 5655; x_wconf 68' lang='grc' dir='ltr'><strong>καὶ</strong></span> <span class='ocrx_word' id='word_1_691' title='bbox 1320 5603 1616 5672; x_wconf 73' lang='grc' dir='ltr'>εὐφραντὰ,</span> <span class='ocrx_word' id='word_1_692' title='bbox 1653 5604 1816 5655; x_wconf 78' lang='grc' dir='ltr'>ταυτό</span> 
     </span>
    </p>
   </div>
   <div class='ocr_carea' id='block_1_90' title="bbox 240 5693 1818 5763">
    <p class='ocr_par' dir='ltr' id='par_1_90' title="bbox 240 5693 1818 5763">
     <span class='ocr_line' id='line_1_90' title="bbox 240 5693 1818 5763; baseline -0.003 -16"><span class='ocrx_word' id='word_1_693' title='bbox 240 5694 293 5747; x_wconf 78' lang='grc' dir='ltr'>δ’</span> <span class='ocrx_word' id='word_1_694' title='bbox 322 5695 501 5746; x_wconf 81' lang='grc' dir='ltr'>εἰπεῖν</span> <span class='ocrx_word' id='word_1_695' title='bbox 527 5695 596 5746; x_wconf 84' lang='grc' dir='ltr'>τὰ</span> <span class='ocrx_word' id='word_1_696' title='bbox 622 5695 768 5763; x_wconf 71' lang='grc' dir='ltr'>ἡδέα.</span> <span class='ocrx_word' id='word_1_697' title='bbox 805 5694 966 5746; x_wconf 88' lang='grc' dir='ltr'>Ὅθεν</span> <span class='ocrx_word' id='word_1_698' title='bbox 991 5695 1076 5746; x_wconf 80' lang='grc' dir='ltr'><strong>ἀεὶ</strong></span> <span class='ocrx_word' id='word_1_699' title='bbox 1101 5695 1198 5762; x_wconf 81' lang='grc' dir='ltr'>μὲν</span> <span class='ocrx_word' id='word_1_700' title='bbox 1222 5693 1518 5762; x_wconf 90' lang='grc' dir='ltr'>θεωροῦσιν</span> <span class='ocrx_word' id='word_1_701' title='bbox 1540 5694 1613 5755; x_wconf 83' lang='grc' dir='ltr'>ὡς</span> <span class='ocrx_word' id='word_1_702' title='bbox 1640 5693 1818 5744; x_wconf 78' lang='grc' dir='ltr'>ἔνεστι</span> 
     </span>
    </p>
   </div>
   <div class='ocr_carea' id='block_1_91' title="bbox 236 5783 1811 5853">
    <p class='ocr_par' dir='ltr' id='par_1_91' title="bbox 236 5783 1811 5853">
     <span class='ocr_line' id='line_1_91' title="bbox 236 5783 1811 5853; baseline -0.002 -16"><span class='ocrx_word' id='word_1_703' title='bbox 236 5787 302 5837; x_wconf 82' lang='grc' dir='ltr'><strong>τὸ</strong></span> <span class='ocrx_word' id='word_1_704' title='bbox 341 5784 621 5853; x_wconf 70' lang='grc' dir='ltr'>βασιλικὸν</span> <span class='ocrx_word' id='word_1_705' title='bbox 652 5784 870 5848; x_wconf 77' lang='grc' dir='ltr'>κάλλος,</span> <span class='ocrx_word' id='word_1_706' title='bbox 898 5785 991 5836; x_wconf 68' lang='grc' dir='ltr'><strong>καὶ</strong></span> <span class='ocrx_word' id='word_1_707' title='bbox 1015 5785 1113 5852; x_wconf 79' lang='grc' dir='ltr'>τῆς</span> <span class='ocrx_word' id='word_1_708' title='bbox 1141 5783 1347 5835; x_wconf 88' lang='grc' dir='ltr'>ἐκεῖθεν</span> <span class='ocrx_word' id='word_1_709' title='bbox 1379 5784 1664 5853; x_wconf 75' lang='grc' dir='ltr'>ἀστραπῆς</span> <span class='ocrx_word' id='word_1_710' title='bbox 1699 5800 1811 5834; x_wconf 80' lang='grc' dir='ltr'>κοι-</span> 
     </span>
    </p>
   </div>
   <div class='ocr_carea' id='block_1_92' title="bbox 233 5874 1809 5941">
    <p class='ocr_par' dir='ltr' id='par_1_92' title="bbox 233 5874 1809 5941">
     <span class='ocr_line' id='line_1_92' title="bbox 233 5874 1809 5941; baseline -0.001 -15"><span class='ocrx_word' id='word_1_711' title='bbox 233 5879 407 5927; x_wconf 70' lang='grc' dir='ltr'>νωνοὶ</span> <span class='ocrx_word' id='word_1_712' title='bbox 462 5875 734 5939; x_wconf 83' lang='grc' dir='ltr'>γίνονται,</span> <span class='ocrx_word' id='word_1_713' title='bbox 789 5874 1011 5941; x_wconf 74' lang='grc' dir='ltr'>καὶτῆς</span> <span class='ocrx_word' id='word_1_714' title='bbox 1063 5874 1385 5941; x_wconf 74' lang='grc' dir='ltr'>θαυμαστῆς</span> <span class='ocrx_word' id='word_1_715' title='bbox 1441 5876 1809 5927; x_wconf 70' lang='grc' dir='ltr'>ἀπολαύουσιν</span> 
     </span>
    </p>
   </div>
   <div class='ocr_carea' id='block_1_93' title="bbox 232 5965 1804 6037">
    <p class='ocr_par' dir='ltr' id='par_1_93' title="bbox 232 5965 1804 6037">
     <span class='ocr_line' id='line_1_93' title="bbox 232 5965 1804 6037; baseline -0.003 -15"><span class='ocrx_word' id='word_1_716' title='bbox 232 5967 415 6037; x_wconf 71' lang='grc' dir='ltr'>ὧρας.</span> <span class='ocrx_word' id='word_1_717' title='bbox 452 5966 624 6036; x_wconf 69' lang='grc' dir='ltr'>Κόρον</span> <span class='ocrx_word' id='word_1_718' title='bbox 653 5966 709 6019; x_wconf 79' lang='grc' dir='ltr'>δὲ</span> <span class='ocrx_word' id='word_1_719' title='bbox 741 5965 861 6018; x_wconf 72' lang='grc' dir='ltr'>οὒτε</span> <span class='ocrx_word' id='word_1_720' title='bbox 888 5966 1107 6033; x_wconf 60' lang='grc' dir='ltr'>ἔλαϐον,</span> <span class='ocrx_word' id='word_1_721' title='bbox 1145 5967 1267 6020; x_wconf 73' lang='grc' dir='ltr'>οὕτε</span> <span class='ocrx_word' id='word_1_722' title='bbox 1300 5966 1581 6036; x_wconf 56' lang='grc' dir='ltr'>λήψονται.</span> <span class='ocrx_word' id='word_1_723' title='bbox 1614 5969 1804 6020; x_wconf 61' lang='grc' dir='ltr'><strong>Μανᾶς</strong></span> 
     </span>
    </p>
   </div>
   <div class='ocr_carea' id='block_1_94' title="bbox 1924 3766 3478 3839">
    <p class='ocr_par' dir='ltr' id='par_1_94' title="bbox 1924 3766 3478 3839">
     <span class='ocr_line' id='line_1_94' title="bbox 1924 3766 3478 3839; baseline 0.003 -21"><span class='ocrx_word' id='word_1_724' title='bbox 1924 3766 2195 3830; x_wconf 87' lang='lat' dir='ltr'><strong>invenire,</strong></span> <span class='ocrx_word' id='word_1_725' title='bbox 2228 3778 2332 3819; x_wconf 91' lang='lat' dir='ltr'><strong>tam</strong></span> <span class='ocrx_word' id='word_1_726' title='bbox 2362 3767 2853 3834; x_wconf 86' lang='lat' dir='ltr'><strong>concupiscentiam</strong></span> <span class='ocrx_word' id='word_1_727' title='bbox 2890 3769 3009 3822; x_wconf 88' lang='lat' dir='ltr'><strong>dico</strong></span> <span class='ocrx_word' id='word_1_728' title='bbox 3047 3785 3205 3839; x_wconf 91' lang='lat' dir='ltr'><strong>quam</strong></span> <span class='ocrx_word' id='word_1_729' title='bbox 3233 3772 3478 3837; x_wconf 76' lang='lat' dir='ltr'><strong>VoIUpta-</strong></span> 
     </span>
    </p>
   </div>
   <div class='ocr_carea' id='block_1_95' title="bbox 1925 3856 3481 3928">
    <p class='ocr_par' dir='ltr' id='par_1_95' title="bbox 1925 3856 3481 3928">
     <span class='ocr_line' id='line_1_95' title="bbox 1925 3856 3481 3928; baseline 0.003 -20"><span class='ocrx_word' id='word_1_730' title='bbox 1925 3864 2051 3918; x_wconf 87' lang='lat' dir='ltr'><strong>tem,</strong></span> <span class='ocrx_word' id='word_1_731' title='bbox 2085 3872 2205 3908; x_wconf 91' lang='lat' dir='ltr'><strong>nam</strong></span> <span class='ocrx_word' id='word_1_732' title='bbox 2261 3856 2621 3924; x_wconf 86' lang='lat' dir='ltr'><strong>perscriptum</strong></span> <span class='ocrx_word' id='word_1_733' title='bbox 2685 3858 2959 3928; x_wconf 79' lang='lat' dir='ltr'><strong>legimus:</strong></span> <span class='ocrx_word' id='word_1_734' title='bbox 2997 3858 3127 3924; x_wconf 72' lang='lat' dir='ltr'><strong>Qua:</strong></span> <span class='ocrx_word' id='word_1_735' title='bbox 3177 3862 3481 3928; x_wconf 74' lang='lat' dir='ltr'><strong>inspectare</strong></span> 
     </span>
    </p>
   </div>
   <div class='ocr_carea' id='block_1_96' title="bbox 1922 3945 3470 4015">
    <p class='ocr_par' dir='ltr' id='par_1_96' title="bbox 1922 3945 3470 4015">
     <span class='ocr_line' id='line_1_96' title="bbox 1922 3945 3470 4015; baseline 0.002 -18"><span class='ocrx_word' id='word_1_736' title='bbox 1922 3946 2091 4014; x_wconf 80' lang='lat' dir='ltr'><strong>angeli</strong></span> <span class='ocrx_word' id='word_1_737' title='bbox 2124 3947 2365 4014; x_wconf 89' lang='lat' dir='ltr'><strong>cupiunt.</strong></span> <span class='ocrx_word' id='word_1_738' title='bbox 2400 3945 2586 3999; x_wconf 86' lang='lat' dir='ltr'><strong>Itidem</strong></span> <span class='ocrx_word' id='word_1_739' title='bbox 2620 3946 2743 3999; x_wconf 82' lang='lat' dir='ltr'><strong>finis</strong></span> <span class='ocrx_word' id='word_1_740' title='bbox 2774 3963 2970 4015; x_wconf 81' lang='lat' dir='ltr'><strong>expers</strong></span> <span class='ocrx_word' id='word_1_741' title='bbox 2998 3949 3198 4003; x_wconf 89' lang='lat' dir='ltr'><strong>dicitur</strong></span> <span class='ocrx_word' id='word_1_742' title='bbox 3249 3965 3309 4002; x_wconf 87' lang='lat' dir='ltr'><strong>ea</strong></span> <span class='ocrx_word' id='word_1_743' title='bbox 3380 3968 3470 4003; x_wconf 76' lang='lat' dir='ltr'><strong>Vt)-</strong></span> 
     </span>
    </p>
   </div>
   <div class='ocr_carea' id='block_1_97' title="bbox 1923 4036 3477 4107">
    <p class='ocr_par' dir='ltr' id='par_1_97' title="bbox 1923 4036 3477 4107">
     <span class='ocr_line' id='line_1_97' title="bbox 1923 4036 3477 4107; baseline 0.003 -19"><span class='ocrx_word' id='word_1_744' title='bbox 1923 4036 2095 4102; x_wconf 87' lang='lat' dir='ltr'><strong>luptas</strong></span> <span class='ocrx_word' id='word_1_745' title='bbox 2131 4052 2247 4104; x_wconf 73' lang='lat' dir='ltr'><strong>quae</strong></span> <span class='ocrx_word' id='word_1_746' title='bbox 2282 4038 2398 4092; x_wconf 90' lang='lat' dir='ltr'><strong>istis</strong></span> <span class='ocrx_word' id='word_1_747' title='bbox 2423 4052 2705 4104; x_wconf 89' lang='lat' dir='ltr'><strong>eorporum</strong></span> <span class='ocrx_word' id='word_1_748' title='bbox 2738 4041 3050 4106; x_wconf 78' lang='lat' dir='ltr'><strong>expertibus</strong></span> <span class='ocrx_word' id='word_1_749' title='bbox 3077 4056 3287 4107; x_wconf 81' lang='lat' dir='ltr'><strong>semper</strong></span> <span class='ocrx_word' id='word_1_750' title='bbox 3305 4043 3477 4094; x_wconf 78' lang='lat' dir='ltr'><strong>adest.</strong></span> 
     </span>
    </p>
   </div>
   <div class='ocr_carea' id='block_1_98' title="bbox 1925 4131 3481 4203">
    <p class='ocr_par' dir='ltr' id='par_1_98' title="bbox 1925 4131 3481 4203">
     <span class='ocr_line' id='line_1_98' title="bbox 1925 4131 3481 4203; baseline 0.004 -20"><span class='ocrx_word' id='word_1_751' title='bbox 1925 4131 2058 4186; x_wconf 89' lang='lat' dir='ltr'><strong>lluie</strong></span> <span class='ocrx_word' id='word_1_752' title='bbox 2089 4136 2258 4186; x_wconf 81' lang='lat' dir='ltr'><strong>sancti</strong></span> <span class='ocrx_word' id='word_1_753' title='bbox 2291 4133 2388 4185; x_wconf 88' lang='lat' dir='ltr'><strong>viri</strong></span> <span class='ocrx_word' id='word_1_754' title='bbox 2433 4141 2485 4186; x_wconf 92' lang='lat' dir='ltr'><strong>et</strong></span> <span class='ocrx_word' id='word_1_755' title='bbox 2526 4134 2866 4200; x_wconf 84' lang='lat' dir='ltr'><strong>deliciarum,</strong></span> <span class='ocrx_word' id='word_1_756' title='bbox 2908 4144 2958 4187; x_wconf 92' lang='lat' dir='ltr'><strong>et</strong></span> <span class='ocrx_word' id='word_1_757' title='bbox 3005 4136 3226 4200; x_wconf 73' lang='lat' dir='ltr'><strong>la-titize,</strong></span> <span class='ocrx_word' id='word_1_758' title='bbox 3269 4137 3481 4203; x_wconf 73' lang='lat' dir='ltr'><strong>aliaque</strong></span> 
     </span>
    </p>
   </div>
   <div class='ocr_carea' id='block_1_99' title="bbox 1925 4221 3478 4290">
    <p class='ocr_par' dir='ltr' id='par_1_99' title="bbox 1925 4221 3478 4290">
     <span class='ocr_line' id='line_1_99' title="bbox 1925 4221 3478 4290; baseline 0.001 -17"><span class='ocrx_word' id='word_1_759' title='bbox 1925 4223 2141 4273; x_wconf 87' lang='lat' dir='ltr'><strong>nomina</strong></span> <span class='ocrx_word' id='word_1_760' title='bbox 2174 4222 2430 4274; x_wconf 91' lang='lat' dir='ltr'><strong>tribuuut.</strong></span> <span class='ocrx_word' id='word_1_761' title='bbox 2463 4221 2584 4276; x_wconf 70' lang='lat' dir='ltr'><strong>llmc</strong></span> <span class='ocrx_word' id='word_1_762' title='bbox 2605 4233 2657 4275; x_wconf 91' lang='lat' dir='ltr'><strong>et</strong></span> <span class='ocrx_word' id='word_1_763' title='bbox 2687 4223 2958 4290; x_wconf 85' lang='lat' dir='ltr'><strong>justorum</strong></span> <span class='ocrx_word' id='word_1_764' title='bbox 3000 4224 3194 4279; x_wconf 90' lang='lat' dir='ltr'><strong>animis</strong></span> <span class='ocrx_word' id='word_1_765' title='bbox 3217 4235 3478 4278; x_wconf 66' lang='lat' dir='ltr'><strong>{eternium</strong></span> 
     </span>
    </p>
   </div>
   <div class='ocr_carea' id='block_1_100' title="bbox 1924 4315 3484 4386">
    <p class='ocr_par' dir='ltr' id='par_1_100' title="bbox 1924 4315 3484 4386">
     <span class='ocr_line' id='line_1_100' title="bbox 1924 4315 3484 4386; baseline 0.001 -19"><span class='ocrx_word' id='word_1_766' title='bbox 1924 4315 2114 4378; x_wconf 90' lang='lat' dir='ltr'><strong>aderit,</strong></span> <span class='ocrx_word' id='word_1_767' title='bbox 2181 4331 2305 4370; x_wconf 90' lang='lat' dir='ltr'><strong>cum</strong></span> <span class='ocrx_word' id='word_1_768' title='bbox 2370 4317 2421 4369; x_wconf 92' lang='lat' dir='ltr'><strong>in</strong></span> <span class='ocrx_word' id='word_1_769' title='bbox 2453 4316 2617 4369; x_wconf 85' lang='lat' dir='ltr'><strong>altera</strong></span> <span class='ocrx_word' id='word_1_770' title='bbox 2655 4317 2760 4368; x_wconf 92' lang='lat' dir='ltr'><strong>vita</strong></span> <span class='ocrx_word' id='word_1_771' title='bbox 2816 4318 3134 4386; x_wconf 61' lang='lat' dir='ltr'><strong>praclarum</strong></span> <span class='ocrx_word' id='word_1_772' title='bbox 3192 4318 3484 4385; x_wconf 76' lang='lat' dir='ltr'><strong>voluptatis</strong></span> 
     </span>
    </p>
   </div>
   <div class='ocr_carea' id='block_1_101' title="bbox 1922 4407 3481 4478">
    <p class='ocr_par' dir='ltr' id='par_1_101' title="bbox 1922 4407 3481 4478">
     <span class='ocr_line' id='line_1_101' title="bbox 1922 4407 3481 4478; baseline 0.001 -18"><span class='ocrx_word' id='word_1_773' title='bbox 1922 4407 2158 4460; x_wconf 80' lang='lat' dir='ltr'><strong>ccelestis</strong></span> <span class='ocrx_word' id='word_1_774' title='bbox 2205 4407 2559 4461; x_wconf 88' lang='lat' dir='ltr'><strong>arrhabonem</strong></span> <span class='ocrx_word' id='word_1_775' title='bbox 2602 4408 2929 4475; x_wconf 88' lang='lat' dir='ltr'><strong>acceperint.</strong></span> <span class='ocrx_word' id='word_1_776' title='bbox 2993 4409 3062 4461; x_wconf 87' lang='lat' dir='ltr'><strong>At</strong></span> <span class='ocrx_word' id='word_1_777' title='bbox 3115 4409 3159 4463; x_wconf 90' lang='lat' dir='ltr'><strong>si</strong></span> <span class='ocrx_word' id='word_1_778' title='bbox 3192 4411 3314 4478; x_wconf 89' lang='lat' dir='ltr'><strong>quis</strong></span> <span class='ocrx_word' id='word_1_779' title='bbox 3368 4427 3481 4462; x_wconf 84' lang='lat' dir='ltr'><strong>ma-</strong></span> 
     </span>
    </p>
   </div>
   <div class='ocr_carea' id='block_1_102' title="bbox 1921 4497 3480 4568">
    <p class='ocr_par' dir='ltr' id='par_1_102' title="bbox 1921 4497 3480 4568">
     <span class='ocr_line' id='line_1_102' title="bbox 1921 4497 3480 4568; baseline 0.001 -18"><span class='ocrx_word' id='word_1_780' title='bbox 1921 4513 2080 4566; x_wconf 83' lang='lat' dir='ltr'><strong>gnum</strong></span> <span class='ocrx_word' id='word_1_781' title='bbox 2111 4497 2310 4565; x_wconf 90' lang='lat' dir='ltr'><strong>aliquid</strong></span> <span class='ocrx_word' id='word_1_782' title='bbox 2337 4513 2456 4552; x_wconf 85' lang='lat' dir='ltr'><strong>esse</strong></span> <span class='ocrx_word' id='word_1_783' title='bbox 2511 4499 2679 4561; x_wconf 86' lang='lat' dir='ltr'><strong>ducit,</strong></span> <span class='ocrx_word' id='word_1_784' title='bbox 2707 4499 2851 4568; x_wconf 87' lang='lat' dir='ltr'><strong>quod</strong></span> <span class='ocrx_word' id='word_1_785' title='bbox 2887 4501 3105 4553; x_wconf 86' lang='lat' dir='ltr'><strong>easdem</strong></span> <span class='ocrx_word' id='word_1_786' title='bbox 3138 4515 3259 4553; x_wconf 76' lang='lat' dir='ltr'><strong>cum</strong></span> <span class='ocrx_word' id='word_1_787' title='bbox 3298 4503 3480 4554; x_wconf 87' lang='lat' dir='ltr'><strong>incor-</strong></span> 
     </span>
    </p>
   </div>
   <div class='ocr_carea' id='block_1_103' title="bbox 1922 4588 3481 4659">
    <p class='ocr_par' dir='ltr' id='par_1_103' title="bbox 1922 4588 3481 4659">
     <span class='ocr_line' id='line_1_103' title="bbox 1922 4588 3481 4659; baseline 0.002 -17"><span class='ocrx_word' id='word_1_788' title='bbox 1922 4588 2104 4656; x_wconf 90' lang='lat' dir='ltr'><strong>poreis</strong></span> <span class='ocrx_word' id='word_1_789' title='bbox 2136 4588 2353 4642; x_wconf 90' lang='lat' dir='ltr'><strong>delicias</strong></span> <span class='ocrx_word' id='word_1_790' title='bbox 2389 4589 2626 4651; x_wconf 82' lang='lat' dir='ltr'><strong>habituri</strong></span> <span class='ocrx_word' id='word_1_791' title='bbox 2665 4604 2762 4641; x_wconf 91' lang='lat' dir='ltr'><strong>nos</strong></span> <span class='ocrx_word' id='word_1_792' title='bbox 2819 4590 3009 4654; x_wconf 88' lang='lat' dir='ltr'><strong>simus,</strong></span> <span class='ocrx_word' id='word_1_793' title='bbox 3069 4603 3121 4642; x_wconf 79' lang='lat' dir='ltr'><strong>et</strong></span> <span class='ocrx_word' id='word_1_794' title='bbox 3186 4603 3302 4659; x_wconf 88' lang='lat' dir='ltr'><strong>post</strong></span> <span class='ocrx_word' id='word_1_795' title='bbox 3340 4593 3481 4645; x_wconf 87' lang='lat' dir='ltr'><strong>bane</strong></span> 
     </span>
    </p>
   </div>
   <div class='ocr_carea' id='block_1_104' title="bbox 1923 4680 3480 4749">
    <p class='ocr_par' dir='ltr' id='par_1_104' title="bbox 1923 4680 3480 4749">
     <span class='ocr_line' id='line_1_104' title="bbox 1923 4680 3480 4749; baseline 0.004 -19"><span class='ocrx_word' id='word_1_796' title='bbox 1923 4680 2087 4732; x_wconf 84' lang='lat' dir='ltr'><strong>vitam</strong></span> <span class='ocrx_word' id='word_1_797' title='bbox 2117 4680 2184 4735; x_wconf 85' lang='lat' dir='ltr'><strong>iis</strong></span> <span class='ocrx_word' id='word_1_798' title='bbox 2216 4680 2450 4741; x_wconf 89' lang='lat' dir='ltr'><strong>fruituri,</strong></span> <span class='ocrx_word' id='word_1_799' title='bbox 2482 4680 2678 4749; x_wconf 90' lang='lat' dir='ltr'><strong>quibus</strong></span> <span class='ocrx_word' id='word_1_800' title='bbox 2721 4681 2794 4734; x_wconf 93' lang='lat' dir='ltr'><strong>illi</strong></span> <span class='ocrx_word' id='word_1_801' title='bbox 2837 4681 3110 4743; x_wconf 91' lang='lat' dir='ltr'><strong>fruuntur,</strong></span> <span class='ocrx_word' id='word_1_802' title='bbox 3144 4683 3188 4736; x_wconf 83' lang='lat' dir='ltr'><strong>is</strong></span> <span class='ocrx_word' id='word_1_803' title='bbox 3216 4685 3374 4734; x_wconf 88' lang='lat' dir='ltr'><strong>velim</strong></span> <span class='ocrx_word' id='word_1_804' title='bbox 3411 4684 3480 4736; x_wconf 84' lang='lat' dir='ltr'><strong>de</strong></span> 
     </span>
    </p>
   </div>
   <div class='ocr_carea' id='block_1_105' title="bbox 1923 4770 3479 4840">
    <p class='ocr_par' dir='ltr' id='par_1_105' title="bbox 1923 4770 3479 4840">
     <span class='ocr_line' id='line_1_105' title="bbox 1923 4770 3479 4840; baseline 0.003 -17"><span class='ocrx_word' id='word_1_805' title='bbox 1923 4771 2077 4825; x_wconf 85' lang='lat' dir='ltr'><strong>nobis</strong></span> <span class='ocrx_word' id='word_1_806' title='bbox 2112 4771 2314 4834; x_wconf 88' lang='lat' dir='ltr'><strong>audiat,</strong></span> <span class='ocrx_word' id='word_1_807' title='bbox 2370 4770 2423 4824; x_wconf 90' lang='lat' dir='ltr'><strong>in</strong></span> <span class='ocrx_word' id='word_1_808' title='bbox 2482 4773 2580 4824; x_wconf 88' lang='lat' dir='ltr'><strong>bac</strong></span> <span class='ocrx_word' id='word_1_809' title='bbox 2636 4786 2847 4840; x_wconf 88' lang='lat' dir='ltr'><strong>quoque</strong></span> <span class='ocrx_word' id='word_1_810' title='bbox 2897 4774 3002 4826; x_wconf 89' lang='lat' dir='ltr'><strong>vita</strong></span> <span class='ocrx_word' id='word_1_811' title='bbox 3041 4788 3137 4826; x_wconf 89' lang='lat' dir='ltr'><strong>nos</strong></span> <span class='ocrx_word' id='word_1_812' title='bbox 3172 4775 3289 4839; x_wconf 78' lang='lat' dir='ltr'><strong>eius</strong></span> <span class='ocrx_word' id='word_1_813' title='bbox 3353 4774 3479 4827; x_wconf 84' lang='lat' dir='ltr'><strong>beni</strong></span> 
     </span>
    </p>
   </div>
   <div class='ocr_carea' id='block_1_106' title="bbox 1921 4861 3480 4933">
    <p class='ocr_par' dir='ltr' id='par_1_106' title="bbox 1921 4861 3480 4933">
     <span class='ocr_line' id='line_1_106' title="bbox 1921 4861 3480 4933; baseline 0.003 -19"><span class='ocrx_word' id='word_1_814' title='bbox 1921 4863 2210 4931; x_wconf 89' lang='lat' dir='ltr'><strong>participes</strong></span> <span class='ocrx_word' id='word_1_815' title='bbox 2246 4876 2366 4915; x_wconf 89' lang='lat' dir='ltr'><strong>esse</strong></span> <span class='ocrx_word' id='word_1_816' title='bbox 2400 4877 2578 4930; x_wconf 89' lang='lat' dir='ltr'><strong>posse.</strong></span> <span class='ocrx_word' id='word_1_817' title='bbox 2616 4861 2746 4914; x_wconf 81' lang='lat' dir='ltr'><strong>Nam</strong></span> <span class='ocrx_word' id='word_1_818' title='bbox 2790 4865 2957 4918; x_wconf 78' lang='lat' dir='ltr'><strong>semel</strong></span> <span class='ocrx_word' id='word_1_819' title='bbox 2986 4866 3134 4933; x_wconf 90' lang='lat' dir='ltr'><strong>puris</strong></span> <span class='ocrx_word' id='word_1_820' title='bbox 3165 4875 3257 4918; x_wconf 89' lang='lat' dir='ltr'><strong>aut</strong></span> <span class='ocrx_word' id='word_1_821' title='bbox 3296 4881 3480 4933; x_wconf 87' lang='lat' dir='ltr'><strong>repur-</strong></span> 
     </span>
    </p>
   </div>
   <div class='ocr_carea' id='block_1_107' title="bbox 1920 4953 3482 5023">
    <p class='ocr_par' dir='ltr' id='par_1_107' title="bbox 1920 4953 3482 5023">
     <span class='ocr_line' id='line_1_107' title="bbox 1920 4953 3482 5023; baseline 0.002 -19"><span class='ocrx_word' id='word_1_822' title='bbox 1920 4953 2055 5022; x_wconf 82' lang='lat' dir='ltr'><strong>gatis</strong></span> <span class='ocrx_word' id='word_1_823' title='bbox 2083 4969 2142 5006; x_wconf 89' lang='lat' dir='ltr'><strong>ea</strong></span> <span class='ocrx_word' id='word_1_824' title='bbox 2176 4953 2440 5021; x_wconf 78' lang='lat' dir='ltr'><strong>contingit</strong></span> <span class='ocrx_word' id='word_1_825' title='bbox 2466 4954 2659 5023; x_wconf 83' lang='lat' dir='ltr'><strong>gratia,</strong></span> <span class='ocrx_word' id='word_1_826' title='bbox 2683 4969 2786 5022; x_wconf 90' lang='lat' dir='ltr'><strong>qua</strong></span> <span class='ocrx_word' id='word_1_827' title='bbox 2817 4955 2965 5009; x_wconf 89' lang='lat' dir='ltr'><strong>omni</strong></span> <span class='ocrx_word' id='word_1_828' title='bbox 3020 4964 3145 5010; x_wconf 89' lang='lat' dir='ltr'><strong>sunt</strong></span> <span class='ocrx_word' id='word_1_829' title='bbox 3171 4972 3284 5010; x_wconf 56' lang='lat' dir='ltr'><strong>aevo</strong></span> <span class='ocrx_word' id='word_1_830' title='bbox 3349 4956 3482 5008; x_wconf 83' lang='lat' dir='ltr'><strong>frui-</strong></span> 
     </span>
    </p>
   </div>
   <div class='ocr_carea' id='block_1_108' title="bbox 1921 5044 3480 5114">
    <p class='ocr_par' dir='ltr' id='par_1_108' title="bbox 1921 5044 3480 5114">
     <span class='ocr_line' id='line_1_108' title="bbox 1921 5044 3480 5114; baseline 0.003 -19"><span class='ocrx_word' id='word_1_831' title='bbox 1921 5044 2045 5105; x_wconf 90' lang='lat' dir='ltr'><strong>turi,</strong></span> <span class='ocrx_word' id='word_1_832' title='bbox 2070 5044 2315 5112; x_wconf 84' lang='lat' dir='ltr'><strong>quamvis</strong></span> <span class='ocrx_word' id='word_1_833' title='bbox 2347 5044 2446 5098; x_wconf 88' lang='lat' dir='ltr'><strong>hoc</strong></span> <span class='ocrx_word' id='word_1_834' title='bbox 2480 5054 2528 5099; x_wconf 93' lang='lat' dir='ltr'><strong>et</strong></span> <span class='ocrx_word' id='word_1_835' title='bbox 2559 5046 2876 5099; x_wconf 82' lang='lat' dir='ltr'><strong>imbecillius</strong></span> <span class='ocrx_word' id='word_1_836' title='bbox 2923 5047 3158 5114; x_wconf 87' lang='lat' dir='ltr'><strong>quodam</strong></span> <span class='ocrx_word' id='word_1_837' title='bbox 3214 5049 3371 5101; x_wconf 85' lang='lat' dir='ltr'><strong>modo</strong></span> <span class='ocrx_word' id='word_1_838' title='bbox 3426 5058 3480 5100; x_wconf 82' lang='lat' dir='ltr'><strong>et</strong></span> 
     </span>
    </p>
   </div>
   <div class='ocr_carea' id='block_1_109' title="bbox 1919 5135 3479 5206">
    <p class='ocr_par' dir='ltr' id='par_1_109' title="bbox 1919 5135 3479 5206">
     <span class='ocr_line' id='line_1_109' title="bbox 1919 5135 3479 5206; baseline 0.002 -18"><span class='ocrx_word' id='word_1_839' title='bbox 1919 5135 2286 5202; x_wconf 85' lang='lat' dir='ltr'><strong>imperfectius</strong></span> <span class='ocrx_word' id='word_1_840' title='bbox 2311 5137 2362 5189; x_wconf 90' lang='lat' dir='ltr'><strong>in</strong></span> <span class='ocrx_word' id='word_1_841' title='bbox 2397 5136 2498 5189; x_wconf 82' lang='lat' dir='ltr'><strong>hac</strong></span> <span class='ocrx_word' id='word_1_842' title='bbox 2531 5136 2634 5188; x_wconf 83' lang='lat' dir='ltr'><strong>vita</strong></span> <span class='ocrx_word' id='word_1_843' title='bbox 2669 5136 2782 5188; x_wconf 82' lang='lat' dir='ltr'><strong>fiat.</strong></span> <span class='ocrx_word' id='word_1_844' title='bbox 2823 5137 3031 5190; x_wconf 80' lang='lat' dir='ltr'><strong>Etenim</strong></span> <span class='ocrx_word' id='word_1_845' title='bbox 3088 5150 3310 5206; x_wconf 86' lang='lat' dir='ltr'><strong>prepter</strong></span> <span class='ocrx_word' id='word_1_846' title='bbox 3358 5155 3479 5193; x_wconf 87' lang='lat' dir='ltr'><strong>cor-</strong></span> 
     </span>
    </p>
   </div>
   <div class='ocr_carea' id='block_1_110' title="bbox 1916 5227 3475 5296">
    <p class='ocr_par' dir='ltr' id='par_1_110' title="bbox 1916 5227 3475 5296">
     <span class='ocr_line' id='line_1_110' title="bbox 1916 5227 3475 5296; baseline 0.001 -19"><span class='ocrx_word' id='word_1_847' title='bbox 1916 5242 2016 5293; x_wconf 91' lang='lat' dir='ltr'><strong>pus</strong></span> <span class='ocrx_word' id='word_1_848' title='bbox 2042 5227 2169 5280; x_wconf 90' lang='lat' dir='ltr'><strong>illud</strong></span> <span class='ocrx_word' id='word_1_849' title='bbox 2216 5236 2483 5291; x_wconf 86' lang='lat' dir='ltr'><strong>nostrum,</strong></span> <span class='ocrx_word' id='word_1_850' title='bbox 2542 5228 2685 5296; x_wconf 90' lang='lat' dir='ltr'><strong>quod</strong></span> <span class='ocrx_word' id='word_1_851' title='bbox 2731 5228 2838 5294; x_wconf 88' lang='lat' dir='ltr'><strong>jam</strong></span> <span class='ocrx_word' id='word_1_852' title='bbox 2902 5227 2956 5281; x_wconf 90' lang='lat' dir='ltr'><strong>in</strong></span> <span class='ocrx_word' id='word_1_853' title='bbox 3013 5231 3475 5296; x_wconf 80' lang='lat' dir='ltr'><strong>contemplatione</strong></span> 
     </span>
    </p>
   </div>
   <div class='ocr_carea' id='block_1_111' title="bbox 1917 5319 3475 5388">
    <p class='ocr_par' dir='ltr' id='par_1_111' title="bbox 1917 5319 3475 5388">
     <span class='ocr_line' id='line_1_111' title="bbox 1917 5319 3475 5388; baseline 0.001 -17"><span class='ocrx_word' id='word_1_854' title='bbox 1917 5319 2082 5371; x_wconf 86' lang='lat' dir='ltr'><strong>animi</strong></span> <span class='ocrx_word' id='word_1_855' title='bbox 2119 5320 2272 5386; x_wconf 73' lang='lat' dir='ltr'><strong>missi</strong></span> <span class='ocrx_word' id='word_1_856' title='bbox 2329 5320 2625 5373; x_wconf 85' lang='lat' dir='ltr'><strong>luminibus</strong></span> <span class='ocrx_word' id='word_1_857' title='bbox 2661 5321 2917 5377; x_wconf 90' lang='lat' dir='ltr'><strong>obstruit.</strong></span> <span class='ocrx_word' id='word_1_858' title='bbox 2958 5333 3011 5373; x_wconf 92' lang='lat' dir='ltr'><strong>et</strong></span> <span class='ocrx_word' id='word_1_859' title='bbox 3078 5333 3292 5388; x_wconf 90' lang='lat' dir='ltr'><strong>propter</strong></span> <span class='ocrx_word' id='word_1_860' title='bbox 3323 5332 3475 5374; x_wconf 71' lang='lat' dir='ltr'><strong>ortos</strong></span> 
     </span>
    </p>
   </div>
   <div class='ocr_carea' id='block_1_112' title="bbox 1921 5409 3472 5480">
    <p class='ocr_par' dir='ltr' id='par_1_112' title="bbox 1921 5409 3472 5480">
     <span class='ocr_line' id='line_1_112' title="bbox 1921 5409 3472 5480; baseline 0.002 -18"><span class='ocrx_word' id='word_1_861' title='bbox 1921 5409 2046 5464; x_wconf 84' lang='lat' dir='ltr'><strong>inde</strong></span> <span class='ocrx_word' id='word_1_862' title='bbox 2111 5409 2328 5464; x_wconf 85' lang='lat' dir='ltr'><strong>morbos</strong></span> <span class='ocrx_word' id='word_1_863' title='bbox 2375 5420 2766 5480; x_wconf 86' lang='lat' dir='ltr'><strong>sequentesque</strong></span> <span class='ocrx_word' id='word_1_864' title='bbox 2818 5411 3012 5464; x_wconf 89' lang='lat' dir='ltr'><strong>deinde</strong></span> <span class='ocrx_word' id='word_1_865' title='bbox 3061 5412 3472 5473; x_wconf 80' lang='lat' dir='ltr'><strong>sollicitudines.</strong></span> 
     </span>
    </p>
   </div>
   <div class='ocr_carea' id='block_1_113' title="bbox 1917 5501 3477 5570">
    <p class='ocr_par' dir='ltr' id='par_1_113' title="bbox 1917 5501 3477 5570">
     <span class='ocr_line' id='line_1_113' title="bbox 1917 5501 3477 5570; baseline 0.003 -18"><span class='ocrx_word' id='word_1_866' title='bbox 1917 5517 2014 5554; x_wconf 90' lang='lat' dir='ltr'><strong>nec</strong></span> <span class='ocrx_word' id='word_1_867' title='bbox 2047 5517 2132 5555; x_wconf 89' lang='lat' dir='ltr'><strong>res</strong></span> <span class='ocrx_word' id='word_1_868' title='bbox 2154 5501 2594 5570; x_wconf 83' lang='lat' dir='ltr'><strong>contemplandas</strong></span> <span class='ocrx_word' id='word_1_869' title='bbox 2625 5519 2755 5570; x_wconf 87' lang='lat' dir='ltr'><strong>pure</strong></span> <span class='ocrx_word' id='word_1_870' title='bbox 2785 5503 3162 5569; x_wconf 72' lang='lat' dir='ltr'><strong>contemplari,</strong></span> <span class='ocrx_word' id='word_1_871' title='bbox 3198 5520 3477 5568; x_wconf 65' lang='lat' dir='ltr'><strong>neceXpe-</strong></span> 
     </span>
    </p>
   </div>
   <div class='ocr_carea' id='block_1_114' title="bbox 1917 5592 3474 5661">
    <p class='ocr_par' dir='ltr' id='par_1_114' title="bbox 1917 5592 3474 5661">
     <span class='ocr_line' id='line_1_114' title="bbox 1917 5592 3474 5661; baseline 0.003 -18"><span class='ocrx_word' id='word_1_872' title='bbox 1917 5592 2090 5644; x_wconf 88' lang='lat' dir='ltr'><strong>tendis</strong></span> <span class='ocrx_word' id='word_1_873' title='bbox 2122 5592 2224 5645; x_wconf 89' lang='lat' dir='ltr'><strong>frui</strong></span> <span class='ocrx_word' id='word_1_874' title='bbox 2289 5607 2607 5661; x_wconf 82' lang='lat' dir='ltr'><strong>possumus;</strong></span> <span class='ocrx_word' id='word_1_875' title='bbox 2665 5593 2879 5645; x_wconf 68' lang='lat' dir='ltr'><strong>aeternis</strong></span> <span class='ocrx_word' id='word_1_876' title='bbox 2939 5602 3115 5646; x_wconf 82' lang='lat' dir='ltr'><strong>autem</strong></span> <span class='ocrx_word' id='word_1_877' title='bbox 3158 5610 3279 5646; x_wconf 89' lang='lat' dir='ltr'><strong>eum</strong></span> <span class='ocrx_word' id='word_1_878' title='bbox 3340 5596 3474 5648; x_wconf 79' lang='lat' dir='ltr'><strong>nihil</strong></span> 
     </span>
    </p>
   </div>
   <div class='ocr_carea' id='block_1_115' title="bbox 1918 5665 3474 5751">
    <p class='ocr_par' dir='ltr' id='par_1_115' title="bbox 1918 5683 3474 5751">
     <span class='ocr_line' id='line_1_115' title="bbox 1918 5683 3474 5751; baseline -0.001 -19"><span class='ocrx_word' id='word_1_879' title='bbox 1918 5683 2022 5735; x_wconf 89' lang='lat' dir='ltr'><strong>tale</strong></span> <span class='ocrx_word' id='word_1_880' title='bbox 2067 5684 2351 5736; x_wconf 87' lang='lat' dir='ltr'><strong>molestum</strong></span> <span class='ocrx_word' id='word_1_881' title='bbox 2377 5684 2467 5743; x_wconf 91' lang='lat' dir='ltr'><strong>sit,</strong></span> <span class='ocrx_word' id='word_1_882' title='bbox 2519 5685 2705 5751; x_wconf 79' lang='lat' dir='ltr'><strong>purius</strong></span> <span class='ocrx_word' id='word_1_883' title='bbox 2754 5694 2808 5735; x_wconf 89' lang='lat' dir='ltr'><strong>et</strong></span> <span class='ocrx_word' id='word_1_884' title='bbox 2842 5684 3140 5750; x_wconf 83' lang='lat' dir='ltr'><strong>expetenda</strong></span> <span class='ocrx_word' id='word_1_885' title='bbox 3198 5696 3474 5741; x_wconf 46' lang='lat' dir='ltr'><strong>expett-ru,</strong></span> 
     </span>
    </p>
   </div>
   <div class='ocr_carea' id='block_1_116' title="bbox 1919 5772 3476 5841">
    <p class='ocr_par' dir='ltr' id='par_1_116' title="bbox 1919 5772 3476 5841">
     <span class='ocr_line' id='line_1_116' title="bbox 1919 5772 3476 5841; baseline -0.001 -19"><span class='ocrx_word' id='word_1_886' title='bbox 1919 5783 1970 5824; x_wconf 69' lang='lat' dir='ltr'><strong>rt</strong></span> <span class='ocrx_word' id='word_1_887' title='bbox 2012 5774 2249 5826; x_wconf 56' lang='lat' dir='ltr'><strong>laetitiam</strong></span> <span class='ocrx_word' id='word_1_888' title='bbox 2284 5774 2638 5841; x_wconf 83' lang='lat' dir='ltr'><strong>parientibus,</strong></span> <span class='ocrx_word' id='word_1_889' title='bbox 2665 5775 2761 5827; x_wconf 86' lang='lat' dir='ltr'><strong>hoc</strong></span> <span class='ocrx_word' id='word_1_890' title='bbox 2783 5782 2862 5825; x_wconf 88' lang='lat' dir='ltr'><strong>est</strong></span> <span class='ocrx_word' id='word_1_891' title='bbox 2907 5772 3176 5840; x_wconf 83' lang='lat' dir='ltr'><strong>jncnndis,</strong></span> <span class='ocrx_word' id='word_1_892' title='bbox 3212 5773 3476 5828; x_wconf 76' lang='lat' dir='ltr'><strong>obiectari</strong></span> 
     </span>
    </p>
   </div>
   <div class='ocr_carea' id='block_1_117' title="bbox 1917 5862 3470 5939">
    <p class='ocr_par' dir='ltr' id='par_1_117' title="bbox 1917 5862 3470 5939">
     <span class='ocr_line' id='line_1_117' title="bbox 1917 5862 3470 5939; baseline -0.004 -20"><span class='ocrx_word' id='word_1_893' title='bbox 1917 5866 2267 5934; x_wconf 88' lang='lat' dir='ltr'><strong>permittitur.</strong></span> <span class='ocrx_word' id='word_1_894' title='bbox 2305 5864 2536 5939; x_wconf 84' lang='lat' dir='ltr'><strong>Ideoque</strong></span> <span class='ocrx_word' id='word_1_895' title='bbox 2574 5879 2787 5932; x_wconf 81' lang='lat' dir='ltr'><strong>semper</strong></span> <span class='ocrx_word' id='word_1_896' title='bbox 2842 5864 3039 5933; x_wconf 80' lang='lat' dir='ltr'><strong>regiam</strong></span> <span class='ocrx_word' id='word_1_897' title='bbox 3098 5862 3241 5914; x_wconf 87' lang='lat' dir='ltr'><strong>illam</strong></span> <span class='ocrx_word' id='word_1_898' title='bbox 3305 5878 3470 5914; x_wconf 84' lang='lat' dir='ltr'><strong>venu-</strong></span> 
     </span>
    </p>
   </div>
   <div class='ocr_carea' id='block_1_118' title="bbox 1916 5954 3470 6028">
    <p class='ocr_par' dir='ltr' id='par_1_118' title="bbox 1916 5954 3470 6028">
     <span class='ocr_line' id='line_1_118' title="bbox 1916 5954 3470 6028; baseline -0.005 -15"><span class='ocrx_word' id='word_1_899' title='bbox 1916 5971 2106 6014; x_wconf 76' lang='lat' dir='ltr'><strong>SIatem</strong></span> <span class='ocrx_word' id='word_1_900' title='bbox 2147 5974 2242 6028; x_wconf 85' lang='lat' dir='ltr'><strong>pro</strong></span> <span class='ocrx_word' id='word_1_901' title='bbox 2277 5960 2477 6012; x_wconf 67' lang='lat' dir='ltr'><strong>viribus</strong></span> <span class='ocrx_word' id='word_1_902' title='bbox 2513 5958 2809 6021; x_wconf 52' lang='lat' dir='ltr'><strong>intuentur,</strong></span> <span class='ocrx_word' id='word_1_903' title='bbox 2859 5971 2917 6010; x_wconf 86' lang='lat' dir='ltr'><strong>ac</strong></span> <span class='ocrx_word' id='word_1_904' title='bbox 2956 5954 3178 6025; x_wconf 81' lang='lat' dir='ltr'><strong>profecti</strong></span> <span class='ocrx_word' id='word_1_905' title='bbox 3236 5955 3470 6012; x_wconf 76' lang='lat' dir='ltr'><strong>indidem</strong></span> 
     </span>
    </p>
   </div>
  </div>
