4748 6512
231 523 336 586 473

1643 519 1928 581 ORATIO
1975 524 2044 585 V.

3375 522 3479 587 474

230 631 351 683 κατ’
380 629 595 700 ἐκείνης
616 628 822 694 ὥπλιζε
845 630 960 691 ταῖς
985 628 1327 700 θαυμασταῖς
1354 645 1414 683 τε
1440 629 1686 693 ἐντολαῖς
1712 631 1806 684 καὶ
1834 627 1882 686 Α
1912 633 2002 688 ille
2029 634 2105 704 jut

1605 632 1686 693 αἶς
1712 631 1806 684 καὶ
1834 627 1882 686 Α
1912 633 2002 688 ille
2029 634 2192 704 judex
2247 642 2434 693 noster
2474 641 2735 700 sumeret,
2763 633 3093 689 voluntatem
3129 632 3295 702 ipsius
3325 635 3480 687 volu-

233 721 618 794 παραινέσεσι.

307 995 570 1065 Σύμφημι
623 994 676 1048 δέ
730 1013 791 1064 γε
828 994 906 1064 τῷ
941 994 1095 1063 ἷλόγῳ
1141 995 1219 1066 τῷ
1275 995 1580 1066 καταρχὰς,
1609 997 1684 1060 ὡς
1713 998 1806 1067 ἄρ’

236 1089 390 1141 ἔστιν
416 1091 448 1157 ὴ
481 1088 640 1156 ἡδονὴ
685 1087 1163 1158 τυραννικῶτατον
1195 1087 1390 1153 πάθος,
1418 1091 1510 1159 καὶ
1549 1091 1647 1158 τὴν
1679 1091 1808 1158 περὶ

237 1178 445 1245 ταύτης
475 1180 660 1232 εἰκόνα
691 1179 945 1249 οὐδαμῶς
991 1183 1302 1251 μέμφομαι.
1335 1183 1469 1236 Οὐδὲ
1516 1183 1622 1254 γὰρ
1662 1184 1810 1254 ἀπᾲ-ο

238 1273 323 1324 δει
358 1273 451 1324 τοῦ
500 1273 704 1342 ταύτης
733 1274 958 1344 τρόπου.
1007 1277 1081 1327 Ού
1119 1271 1259 1344 Δμὴν
1299 1277 1355 1329 δέ
1399 1277 1543 1330 κατά
1590 1278 1809 1331 πάντων

242 1367 370 1431 ἐξῆς
400 1366 706 1434 ἀνθρώπων
730 1367 1002 1437 τοσαύτην
1032 1369 1300 1438 κέκτηται
1322 1369 1574 1438 δύναμιν,
1604 1371 1808 1437 ὁπόσης

241 1461 266 1510 ὁ
306 1459 479 1524 λέγων
512 1458 764 1511 ἐϐούλετο
786 1477 800 1491 ·
836 1460 997 1528 μόνον
1021 1461 1078 1513 δέ
1119 1462 1230 1512 τῶν
1259 1461 1319 1513 οὐ
1353 1461 1617 1529 γενναίως
1655 1461 1809 1512 ἀνθι-

242 1552 528 1618 σταμένων
555 1554 677 1613 ταῖς
725 1551 897 1619 αὐτῆς
933 1553 1142 1619 ἐφόδοις
1175 1554 1270 1604 καὶ
1315 1554 1665 1622 προσϐολαῖς.
1703 1553 1809 1620 Δῆ-

239 1645 333 1695 λον
360 1644 456 1696 δέ·
507 1645 739 1712 ἀνδράσι
782 1646 891 1715 γάρ
946 1645 1336 1716 προσπεσοῦσα
1383 1648 1527 1717 (βορᾷ
1564 1647 1806 1716 δριμείᾳ,

240 1733 396 1793 κῦμά
429 1753 477 1787 τι
515 1736 782 1806 πρόϐολον
815 1736 1011 1790 ἔπαισε
1045 1740 1324 1806 μεγίστοις
1364 1738 1534 1801 λίθοις
1564 1741 1642 1802 είς
1671 1740 1730 1791 ἐν
1759 1757 1809 1792 τι

239 1825 698 1896 καθηρμοσμένον
750 1829 947 1899 ἀρίστῃ
1009 1829 1195 1899 τέχνῃ,
1232 1830 1325 1882 καὶ
1372 1831 1608 1897 διελύθη,
1643 1831 1811 1900 μηδὲν

1909 730 2074 797 ptatis
2099 743 2260 784 causa
2289 729 2730 798 reprobantibus,
2759 741 2858 781 nec
2888 727 2954 780 ab
2980 726 3136 779 initio
3164 743 3259 781 nos
3290 728 3481 780 adver-

1909 836 2004 875 sus
2036 820 2182 874 illam
2217 819 2628 875 admirabilibus
2657 817 2928 873 mandatis
2946 826 2999 872 et
3017 816 3478 872 admonitionibus

1909 924 2200 975 armasset.

1980 1006 2268 1061 Assentior
2299 1005 2556 1070 equidem
2590 1003 2757 1073 priori
2788 1002 3054 1058 orationis
3089 1000 3252 1071 parti,
3323 1000 3478 1054 volu-

1911 1108 2114 1171 ptatem
2151 1111 2272 1154 esse
2300 1097 2489 1150 vitium
2529 1097 2686 1164 longe
2717 1094 3190 1152 violentissimutn.
3238 1106 3336 1145 nec
3388 1106 3481 1144 ex-

1912 1208 2153 1261 pressam
2231 1191 2376 1245 illius
2429 1190 2716 1260 imaginem
2749 1187 3133 1257 reprehendo:
3167 1201 3273 1239 non
3332 1183 3480 1237 enim

1911 1286 2176 1341 abhorret
2206 1286 2271 1340 ab
2294 1285 2436 1340 illius
2464 1285 2678 1338 ratione
2710 1297 2774 1336 ac
2807 1295 2978 1336 more.
3020 1280 3218 1334 Verum
3255 1294 3358 1332 non
3386 1277 3482 1331 ad-

1914 1394 2104 1433 versus
2131 1391 2320 1431 omnes
2345 1375 2548 1445 pariter
2579 1375 2831 1428 homines
2860 1381 3066 1426 tantam
3099 1372 3186 1424 illa
3219 1372 3325 1423 vim
3378 1372 3481 1423 ob-

1917 1473 2070 1536 tinet,
2102 1481 2362 1539 quantam
2391 1477 2575 1522 orator
2603 1468 2705 1522 iste
2730 1467 2944 1527 statuit,
2976 1467 3068 1519 sed
3125 1466 3391 1518 duntaxat
3426 1465 3478 1516 in

1912 1578 2007 1618 eos
2039 1563 2130 1629 qui
2155 1561 2372 1615 fortiter
2399 1559 2518 1627 ejus
2547 1559 2999 1627 impressionibus
3037 1556 3179 1611 haud
3202 1544 3479 1610 resistunt.

1912 1656 2067 1721 Quod
2095 1668 2228 1708 sane
2263 1653 2346 1707 vel
2384 1653 2509 1706 hinc
2541 1661 2694 1720 paret
2726 1667 2740 1704 :
2790 1650 3005 1721 quoties
3036 1650 3176 1703 enim
3215 1651 3323 1703 acri
3357 1665 3481 1704 cum

1913 1749 2117 1816 impetu
2153 1746 2301 1800 viros
2363 1746 2633 1808 adoritur,
2690 1743 3081 1797 iustartluctus
3129 1740 3356 1810 alicujus
3385 1742 3484 1796 ob-

1920 1839 2119 1908 jectam
2171 1837 2390 1901 molem,
2435 1838 2500 1891 de
2558 1837 2807 1890 maximis
2856 1836 3119 1905 lapidibus
3151 1843 3267 1888 arte
3301 1834 3486 1901 singu-

244 1918 504 2010 ίσχύσαν⁸
551 1921 775 1972 ἐκείνων
806 1923 864 1974 δὲ
915 1922 1015 1984 τάς
1061 1922 1239 1992 ψυχὰς
1289 1925 1353 1993 τῇ
1403 1923 1648 1994 ποικιλίᾳ
1696 1923 1808 1974 τῶν
1842 1956 1884 2010 Β
1921 1932 2024 1985 lari
2076 1947 2119 1983 Ct

1601 1923 1648 1994 ἶςι
1696 1923 1808 1974 τῶν
1842 1956 1884 2010 Β
1921 1932 2024 1985 lari
2076 1939 2437 2000 compactam,
2471 1927 2615 1991 ferit,
2639 1928 2900 1994 irritoque
2931 1935 3128 1979 conatu
3165 1923 3476 1991 dissipatur.

237 2007 484 2078 ὀρεκτῶν
517 2011 772 2075 καθάπαξ
822 2012 1166 2082 ἀνῃρημένη,
1191 2015 1267 2076 ὡς
1303 2015 1470 2083 μηδὲν
1520 2011 1661 2069 εἶναι
1690 2013 1804 2066 λοι-

240 2102 366 2162 πὸν,
402 2102 562 2172 ἢτὴν
596 2105 694 2173 μὲν
747 2108 1075 2168 ἐπιτάττειν,
1109 2107 1209 2171 τὰς
1245 2107 1292 2160 δ’
1330 2108 1524 2172 εἴκειν,
1567 2109 1647 2168 είς
1691 2109 1720 2160 ὅ
1751 2124 1806 2159 τι

241 2195 517 2264 χείριστον
565 2199 737 2256 αὐτάς
793 2202 1182 2271 παραπέμποι,
1232 2203 1327 2255 καὶ
1369 2203 1533 2256 οἱονεὶ
1573 2201 1708 2272 πρὸς
1747 2202 1808 2255 τὸ

241 2289 482 2356 πέλαγος
512 2290 572 2344 τὸ
606 2291 972 2360 Ἀτλαντικὸν,
993 2295 1054 2345 τὸ
1073 2295 1217 2363 πέρα
1237 2295 1529 2364 Γαδείρων,
1554 2295 1618 2348 eo
1647 2295 1810 2348 άπλε-

239 2400 357 2434 τον.
395 2385 504 2437 Καὶ
531 2385 640 2453 γάρ
666 2402 749 2439 τοι
779 2385 984 2448 ταύτας
1013 2388 1112 2448 τὰς
1145 2387 1325 2456 ψυχὰς
1359 2390 1450 2441 καὶ
1478 2377 1805 2457 παρασύρει,

240 2477 339 2527 καὶ
373 2475 688 2543 ἀποπνίγει,
723 2478 1044 2548 χειμάρῥων
1072 2479 1249 2547 δίκην,
1292 2479 1351 2542 ἐξ
1387 2479 1543 2532 ὑετοῦ
1576 2498 1809 2549 καταφεο

247 2567 493 2632 ρομένων
536 2570 679 2621 πάνυ
715 2571 974 2638 ῥαγδαίου
1011 2573 1214 2641 σφοδρᾷ
1254 2589 1359 2625 τινι
1397 2575 1542 2642 ῥύμῃ
1590 2575 1684 2628 καὶ
1713 2592 1811 2640 φο-

243 2658 406 2728 ϐερᾷ,
449 2659 633 2728 δούπῳ
675 2663 768 2714 καὶ
806 2663 953 2733 μόνῳ
989 2663 1289 2716 ποιούντων
1324 2666 1588 2733 φρίττειν.
1640 2667 1811 2735 Δῆλον

242 2747 355 2815 γὰρ
388 2749 469 2807 είς
499 2745 610 2801 οἷον
641 2749 992 2821 ἐμπίπτομεν
1031 2752 1325 2822 βάραθρον,
1361 2756 1486 2806 ὅταν
1519 2759 1613 2817 τὰς
1659 2759 1812 2826 ἡνίας

243 2839 374 2900 ὅλας
408 2840 635 2908 ἀφῶμεν
665 2840 758 2894 τοῦ
794 2843 1191 2912 ἐπιθυμητικοῦ
1227 2845 1329 2912 τῆς
1355 2846 1537 2916 ψυχῆς
1586 2849 1808 2917 μέρους.

246 2933 397 3001 Πλὴν
425 2934 559 2988 ἀλλά
587 2936 697 2988 τῶν
719 2938 887 3007 ἀρετῇ
909 2939 1000 2990 καὶ
1026 2938 1171 3009 λόγῳ
1197 2940 1670 3010 καθωπλισμένων
1701 2943 1813 2996 οὐδ’

245 3025 313 3078 ἂν
348 3025 538 3079 οὐδένα
585 3027 816 3097 τρώσειε
848 3030 908 3082 τὸ
958 3032 1172 3100 ἐκείνης
1221 3037 1469 3090 ὁπωσοῦν
1517 3038 1687 3106 βέλος.
1729 3036 1816 3099 Ὠς

245 3116 302 3168 οἴ
328 3132 390 3182 γε
423 3117 636 3185 ἄνδρες,
676 3114 734 3171 εὖ
786 3119 916 3183 ῐσθι,
950 3122 1049 3188 τὴν
1082 3123 1335 3194 σώφρονα
1371 3129 1466 3181 καὶ
1512 3128 1818 3196 ἀναγκαίαν

247 3208 444 3276 ἡδονὴν
479 3210 576 3261 σὺν
634 3209 712 3278 τῷ
762 3211 940 3280 καιρῷ
992 3214 1388 3283 καρπούμενοι,
1443 3219 1672 3282 ταυτησὶ
1719 3218 1817 3286 τῆς

1910 2026 2222 2079 Alterorum
2249 2038 2378 2077 vero
2409 2023 2618 2074 animos
2676 2019 2763 2072 ttbi
2825 2018 2991 2071 semel
3055 2017 3479 2084 expetendarum

1909 2132 2090 2172 rerum
2143 2114 2402 2170 varietate
2432 2113 2596 2178 cepit,
2630 2111 2765 2164 nihil
2799 2118 2964 2162 restat
3016 2109 3160 2161 aliud
3214 2123 3374 2176 quam
3427 2116 3486 2160 ut

1911 2210 2027 2278 ipsa
2085 2207 2351 2275 imperet,
2416 2202 2492 2257 illi
2555 2207 2803 2271 pareant,
2884 2199 2950 2253 ad
2996 2199 3357 2268 quodcunque
3399 2197 3487 2252 vel

1914 2300 2286 2370 turpissimum
2333 2296 2690 2365 ablegaverit,
2727 2292 2880 2362 quasi
2929 2294 3200 2362 quoddam
3237 2293 3301 2344 ad
3336 2291 3488 2360 pela-

1914 2405 2013 2462 gus
2047 2387 2403 2449 Atlanticum,
2448 2384 2590 2438 ultra
2627 2383 2805 2438 Gades
2855 2383 3040 2446 situm,
3075 2381 3343 2451 planeque
3385 2381 3489 2432 im-

1914 2495 2184 2536 mensum.
2219 2478 2354 2533 Nam
2399 2477 2520 2531 illos
2577 2477 2787 2529 animos
2819 2485 2873 2530 et
2913 2475 3081 2528 trahit
3128 2484 3181 2527 et
3235 2473 3485 2538 snti'ocat,

1917 2576 2241 2628 torrentium
2285 2571 2337 2624 in
2381 2585 2611 2633 morem,
2664 2569 2755 2636 qui
2794 2569 3114 2621 vehemente
3148 2565 3328 2635 pluvia
3361 2581 3482 2618 cum

1918 2663 2294 2731 impelluntur,
2354 2662 2424 2715 ob
2478 2675 2657 2714 acrem
2691 2669 2745 2713 et
2780 2658 3174 2713 formidabilem
3223 2660 3484 2728 impetum

1917 2757 1998 2812 vel
2033 2756 2148 2811 solo
2180 2755 2407 2823 strepitu
2456 2753 2739 2807 horrorem
2793 2751 3088 2807 incutiunt.
3142 2751 3286 2806 Satis
3339 2752 3487 2805 enim

1917 2846 2264 2901 manifestum
2294 2853 2377 2898 est
2418 2844 2468 2896 in
2494 2842 2654 2912 quale
2679 2842 2994 2895 barathrum
3025 2841 3326 2896 incidamus
3353 2855 3487 2908 quo-

1919 2943 2022 2996 ties
2059 2942 2132 2995 illi
2175 2941 2340 2993 animi
2376 2939 2514 3008 parti
2554 2952 2658 3006 qua
2710 2936 2791 2989 vis
2825 2944 3086 3003 appetens
3145 2935 3483 2997 continetur,

1921 3035 2072 3088 frena
2117 3032 2275 3101 plane
2333 3033 2600 3083 laxamus.
2665 3028 2736 3080 At
2789 3027 3004 3080 illorum
3044 3027 3131 3095 qui
3177 3026 3389 3079 virtutis
3434 3036 3490 3079 et

1923 3125 2154 3179 rationis
2192 3123 2358 3177 armis
2383 3121 2575 3176 muniti
2632 3127 2780 3185 sunt,
2842 3120 3117 3172 nemiuem
3170 3117 3281 3172 ullo
3327 3128 3488 3186 pacto

1923 3217 2085 3276 telum
2129 3216 2301 3283 ipsius
2360 3212 2747 3266 vulneravcrit.
2776 3211 2908 3264 Nam
2951 3212 3042 3280 qui
3086 3211 3186 3264 viri
3215 3219 3359 3276 sunt,
3397 3225 3489 3264 eos

246 3300 576 3364 ἀκολάστου,
608 3303 706 3368 τῆς
741 3303 879 3373 ὑπὲρ
921 3305 1136 3374 χρείαν,
1167 3280 1582 3375 καταγελῶσιν,
1605 3280 1697 3373 -ὡς
1728 3280 1820 3362 ού·
1846 3280 1891 3340 c
1924 3310 2068 3364 scire
2101 3325 2121 3360 ι

1621 3311 1697 3373 ὡς
1728 3311 1820 3362 οὗ·
1846 3280 1891 3340 c
1924 3310 2068 3364 scire
2101 3309 2266 3361 debes
2299 3307 2633 3359 moderatam
2662 3319 2724 3357 ac
2758 3305 3121 3358 necessariam
3156 3303 3485 3371 voluptatem

245 3391 336 3444 δέν
372 3392 516 3460 ίερδν
565 3391 754 3462 οὔσης,
790 3396 1013 3448 ἐπειδὰν
1066 3399 1385 3470 παντοδαπὴ
1440 3401 1538 3470 μέν
1572 3391 1820 3470 γένηται,

248 3487 509 3557 προτείνῃ
537 3487 593 3538 δέ
635 3489 734 3539 σὺν
768 3492 984 3559 μηχανῇ
1025 3507 1082 3542 τε
1117 3493 1209 3543 καὶ
1238 3493 1481 3564 ποικιλίᾳ
1513 3496 1619 3547 πᾶν
1647 3494 1821 3547 ὁτιοῦν

248 3579 536 3632 κάλλιστόν
567 3597 624 3631 τε
660 3581 754 3632 καὶ
792 3581 1011 3650 ἣδιστον
1050 3585 1168 3643 ταῖς
1207 3583 1300 3636 τοῦ
1332 3587 1587 3654 σώματος
1630 3587 1824 3655 αἰσθή-

250 3689 395 3734 σεσι,
423 3671 492 3723 δι’
517 3665 592 3724 ῶν
623 3671 797 3741 ἰσχύει
829 3674 924 3725 καὶ
956 3674 1352 3743 περιγίγνεται,
1382 3677 1429 3726 εί
1464 3676 1537 3746 μὴ
1579 3677 1823 3744 κοσμίως

251 3766 599 3818 αἰσθάνοιντο
621 3767 851 3818 τουτωνὶ
871 3767 980 3819 τῶν
1004 3768 1300 3836 αἰσθητῶν,
1335 3770 1559 3832 καὶτοῖς
1587 3769 1824 3837 ἡδίστοις

249 3856 536 3927 ήδύνοιντο
573 3857 711 3925 μετὰ
759 3857 1039 3927 λογισμοῦ.
1076 3860 1339 3912 Ὥστεοτδ
1371 3863 1477 3912 πᾶν
1519 3861 1617 3929 τῆς
1652 3861 1823 3930 ὑπερ-

252 3948 448 4017 ϐολῆς,
480 3949 574 3998 καὶ
601 3948 694 4000 τοῦ
721 3948 942 4012 πολλοῦ,
977 3949 1068 4001 καὶ
1089 3950 1191 4018 τῆς
1221 3951 1508 4018 ἀμετρίας.
1536 3950 1644 4004 Καὶ
1673 3951 1826 4004 ταῦθ’

252 4043 528 4111 ἲξμεξτερον
579 4039 854 4107 ἔγκλημα,
899 4040 1152 4110 καθάπερ
1196 4043 1290 4094 καὶ
1336 4042 1681 4112 προείρηται,
1729 4045 1827 4114 οὐχ

251 4132 328 4192 ὡς
366 4130 512 4198 αὖτῷ
561 4146 643 4180 σοι
689 4129 857 4183 δοκεῖ.
895 4129 968 4181 Σὺ
1002 4128 1101 4196 μὲν
1140 4129 1270 4198 γάρ,
1312 4123 1356 4181 ὧ
1382 4130 1501 4192 τάν,
1533 4129 1608 4191 ὡς
1658 4131 1824 4194 ἔοικε,

257 4223 460 4278 σαυτὸν
507 4222 683 4283 αίτίας
717 4221 1045 4288 ἐλευθεροῖς,
1089 4223 1182 4274 καὶ
1228 4223 1327 4292 τὴν
1361 4222 1633 4292 ἀκρασίαν
1676 4223 1829 4275 οὐδὲν

254 4316 473 4386 λογίζῃ,
507 4317 599 4367 καὶ
645 4316 745 4382 τὴν
789 4313 1094 4367 ἐθελούσιον
1135 4315 1350 4385 κίνησιν
1402 4314 1532 4384 παρ’
1568 4315 1718 4368 οὐδὲν
1749 4316 1829 4368 τί-

256 4409 362 4477 θης
388 4425 400 4440 ο
440 4407 608 4476 μόνην
637 4405 823 4472 δέ-τὴν
852 4405 1047 4475 ἡδονὴν
1077 4405 1188 4459 ἀνω
1225 4408 1319 4458 καὶ
1360 4406 1509 4459 κάτω
1548 4408 1826 4478 στρέφεις,

256 4498 585 4565 αἰτιώμενος
619 4497 805 4557 ἁπλῶς
847 4498 981 4566 πρὸς
1011 4497 1151 4568 ἀπερ
1183 4497 1248 4551 ἄν
1274 4501 1404 4550 ποτέ
1443 4515 1522 4550 σοι
1557 4500 1829 4571 πραχθείη

1925 3410 2236 3470 opportune
2277 3397 2668 3467 percipientes,
2737 3396 2894 3451 istam
2965 3394 3221 3448 ell'renem
3275 3403 3328 3449 et
3383 3409 3487 3447 non

1927 3492 2289 3547 necessariam
2357 3491 2558 3554 ridere,
2591 3490 2730 3554 quod
2795 3489 2928 3542 nihil
2992 3489 3045 3540 in
3081 3501 3145 3542 eo
3195 3487 3334 3541 sacri
3397 3487 3487 3549 sit,

1924 3588 2139 3655 quoties
2169 3593 2223 3638 et
2248 3583 2565 3637 varietatem
2599 3581 2796 3643 induit,
2833 3589 2885 3633 et
2940 3587 3055 3633 arte
3097 3580 3328 3647 quadam
3367 3591 3491 3630 ver-

1927 3679 2182 3746 sutiaque
2215 3676 2465 3745 corporis
2497 3676 2746 3730 sensibus
2788 3673 3055 3742 quidquid
3104 3683 3156 3726 et
3189 3671 3494 3739 pulcherri-

1927 3787 2071 3826 mum
2105 3781 2157 3824 et
2189 3770 2640 3840 jucundissimum
2681 3775 2782 3830 est,
2819 3767 3027 3835 objicit,
3081 3774 3243 3834 atque
3297 3764 3489 3815 horum

1927 3864 2239 3932 adjumento
2266 3863 2651 3917 corroboratur
2681 3903 2695 3924 ,
2750 3871 2804 3914 et
2850 3860 3100 3930 superior
3133 3856 3338 3917 evadit,
3391 3854 3489 3906 nisi

1929 3970 2018 4009 res
2057 3956 2188 4009 istas
2240 3954 2470 4009 sensiles
2503 3955 2605 4007 rite
2635 3952 2958 4022 percipiant,
3001 3946 3492 4018 etjucundissitnis

1928 4061 2049 4099 eum
2086 4046 2296 4100 ratione
2331 4056 2502 4100 seruet
2523 4045 2818 4100 oblectent.
2854 4042 2971 4109 Quo
3028 4043 3085 4095 lit
3135 4049 3193 4094 ut
3246 4036 3354 4092 to'ta
3407 4051 3492 4090 res

1930 4137 1985 4188 in
2031 4135 2196 4189 nimio
2253 4137 2427 4204 posita
2478 4134 2571 4198 sit,
2613 4146 2665 4188 et
2708 4134 2858 4202 copia
2923 4133 3173 4199 modique
3221 4128 3490 4195 neglectu,

1929 4244 2049 4299 qua:
2079 4244 2213 4283 sane
2238 4238 2488 4283 nostrum
2535 4235 2661 4281 sunt
2688 4229 2916 4290 crimen,
2950 4226 3026 4278 uti
3058 4236 3219 4292 supra
3277 4235 3494 4288 quoque

1932 4323 2132 4375 dictum
2171 4310 2281 4384 est,
2306 4335 2413 4373 non
2447 4319 2522 4373 uti
2554 4318 2644 4372 tibi
2681 4318 2915 4371 videtur.
2965 4314 3097 4368 Nam
3142 4324 3196 4366 tu
3249 4312 3489 4381 quidem,

1930 4429 1962 4467 o
1995 4411 2133 4467 bone
2165 4411 2268 4472 vir,
2303 4413 2531 4479 teipsnm
2557 4409 2715 4477 culpa
2758 4407 2990 4460 liberare
3039 4404 3261 4466 videris,
3299 4411 3353 4455 et
3409 4402 3496 4453 itt-

1931 4503 2345 4571 temperantiam
2374 4512 2657 4563 extenuas,
2687 4513 2746 4552 ac
2779 4507 2978 4550 motum
3007 4495 3366 4549 voluntarium
3395 4508 3493 4560 pro

257 4596 338 4654 εἰς
371 4591 658 4644 αὐθάδειαν
710 4590 800 4642 καὶ
829 4590 1038 4659 τέρψιν.
1075 4591 1184 4643 Καὶ
1235 4593 1487 4662 παραινῶ
1520 4608 1601 4645 σοι
1646 4593 1826 4660 φείδε-
1860 4615 1904 4670 ι)
1935 4598 2110 4653 nihilo

1646 4593 1826 4660 φείδε-
1860 4615 1904 4670 ι)
1935 4598 2110 4653 nihilo
2143 4597 2299 4652 ducis
2330 4614 2342 4649 :
2377 4595 2708 4661 voluptatem
2750 4606 2875 4644 vero
2903 4591 3077 4643 solam
3111 4605 3320 4642 sursum
3342 4590 3495 4642 deor-

261 4685 390 4734 σθαι
421 4680 530 4732 τῶν
562 4679 823 4732 τοιούτων
856 4678 1112 4747 κρίσεων,
1147 4681 1242 4731 καὶ
1281 4683 1499 4748 μακρὰν
1531 4683 1831 4752 ἀπέχεσθαι

256 4774 493 4827 τουτωνὶ
525 4771 634 4824 τῶν
670 4770 970 4838 λογισμῶν,
1010 4772 1200 4842 πόρρω
1233 4789 1338 4824 που
1373 4774 1467 4825 καὶ
1510 4775 1714 4827 τούτων
1746 4775 1835 4828 δν-

253 4883 371 4919 των
395 4866 494 4934 τῆς
527 4864 806 4933 ἀληθείας.
847 4864 1028 4916 Ποιείν
1059 4866 1168 4935 γάρ
1201 4867 1613 4935 παραπλήσιον,
1644 4866 1836 4938 ὥσπερ

253 4959 329 5012 ἂν
386 4960 434 5009 εί
468 4957 757 5027 φάρμακον
798 4956 907 5009 ἔδει
970 4974 1028 5010 σε
1091 4959 1427 5021 πεπωκέναι,
1477 4958 1580 5011 ὑπὸ
1638 4961 1838 5029 ίατρῶν

254 5049 508 5120 ἀρίστων
539 5049 966 5118 ἐσκευασμένον,
1004 5045 1108 5102 εἶτ’
1145 5051 1392 5119 ἀκαίρως
1425 5052 1590 5114 αὐτὸς
1616 5053 1827 5124 χρησά-

256 5158 430 5212 μενος
465 5140 534 5208 τῷ
578 5141 876 5210 φαρμάκῳ,
925 5140 1060 5210 πρὸς
1088 5141 1401 5194 τούναντίον
1445 5143 1708 5208 ἐκϐάντος
1743 5161 1825 5196 σοι

251 5234 358 5287 τοῦ
403 5233 760 5303 βουλήματος,
795 5232 956 5298 ἀφεὶς
991 5232 1189 5286 σαυτὸν
1237 5234 1617 5304 ἐπιπλήττειν,
1662 5237 1726 5289 σὺ
1773 5236 1829 5291 δὲ

252 5326 574 5390 διαϐάλλεις
608 5326 667 5378 τὸ
695 5327 1005 5396 φάρμακον,
1033 5327 1129 5379 καὶ¹
1166 5327 1292 5390 τοὺς
1323 5331 1500 5381 ἐκεῖνο
1529 5331 1708 5398 σοφῶς
1743 5349 1836 5384 κε-

258 5420 557 5490 ράσαντας.
595 5420 670 5472 Οὐ
719 5421 874 5488 μόνον
918 5419 975 5472 δὲ
1007 5421 1074 5473 τὰ
1109 5422 1256 5492 παρά
1300 5421 1407 5474 τῶν
1442 5424 1664 5493 ίατρῶν,
1698 5427 1836 5480 ἀλλά

253 5515 359 5567 καὶ
389 5512 546 5566 πάνθ’
576 5507 656 5575 οξ
684 5513 963 5583 χρώμεθα,
986 5514 1032 5565 εί
1058 5513 1237 5583 χρῷτό
1273 5532 1360 5575 τις
1383 5516 1441 5567 οὐ
1484 5517 1687 5581 καλῶς,
1713 5519 1835 5571 οὐδὲ

259 5603 410 5672 μετὰ
440 5603 533 5656 τοῦ
569 5605 940 5673 προσήκοντος
975 5605 1198 5673 μέτρου,
1247 5605 1486 5677 βλαϐερά
1526 5607 1591 5660 ἂν
1625 5609 1836 5674 γένοιτο

256 5697 449 5749 πάντα
497 5695 757 5766 τρόπονῆ
817 5697 1034 5761 αὐτίκα,
1076 5696 1108 5766 ἢ
1163 5699 1480 5766 μετέπειτα,
1517 5699 1547 5767 ἢ
1603 5700 1696 5752 καὶ
1736 5701 1833 5752 ἀπ’

256 5789 440 5857 ἀρχῆς
469 5789 598 5857 ἄχρι
630 5788 838 5850 τέλους.
872 5789 1041 5841 Τοῦτο
1068 5790 1123 5841 δέ
1162 5775 1461 5855 οὐκέστιν,
1493 5790 1578 5859 ἐφ’
1604 5793 1707 5859 ὅτῳ
1733 5794 1832 5845 οὒκ

258 5885 436 5935 ἔστιν.
467 5883 581 5933 Οὐκ
599 5881 691 5950 ἄρ’
718 5883 749 5951 ἡ
775 5882 936 5952 ἡδονὴ
963 5882 1024 5934 τὸ
1051 5885 1240 5942 κακὸν,
1276 5884 1388 5936 ἀλλ’
1416 5885 1448 5954 ἡ
1482 5887 1832 5954 παράχρησις

256 5975 494 6028 ἐπὶτῶν
543 5975 816 6032 ἁπάντων.
862 5976 1012 6029 Ἐπεὶ
1065 5978 1154 6044 καὶ
1204 5976 1311 6046 πῦρ
1367 5980 1433 6047 τῇ
1483 5979 1829 6047 παραχρήσῃ

1930 4705 2049 4745 sum
2071 4690 2344 4751 volutans,
2365 4685 2685 4754 simpliciter
2701 4684 2765 4737 ad
2793 4698 2910 4735 eam
2937 4681 3127 4744 refers,
3149 4694 3491 4749 quaecunque

1931 4780 2287 4836 contumacia
2304 4793 2368 4832 ac
2395 4776 2633 4830 libidinis
2651 4775 2932 4842 explendae
2953 4789 3112 4827 causa
3134 4786 3366 4840 unquam
3398 4773 3495 4825 abs

1929 4883 1982 4929 te
2012 4885 2159 4943 gesta
2181 4879 2326 4925 sunt.
2352 4868 2561 4935 Quibus
2586 4883 2613 4920 a
2637 4866 2863 4935 judiciis
2895 4877 2952 4918 ιιι
2972 4867 3271 4930 abstineas,
3309 4865 3497 4931 longe-

1932 4982 2036 5036 que
2055 4964 2409 5034 cogitationes
2435 4960 2741 5030 hujusmodi
2766 4957 3018 5026 repellas,
3043 4972 3256 5016 moneo,
3279 4960 3497 5023 quando

1931 5067 1985 5112 et
2011 5059 2138 5125 ipsae
2173 5055 2332 5123 longe
2361 5069 2388 5106 a
2411 5053 2637 5106 veritate
2674 5051 2890 5103 absunt.
2938 5046 3068 5101 Nam
3103 5049 3328 5116 perinde
3369 5047 3498 5100 lat-is

1933 5163 1997 5202 ac
2027 5150 2092 5214 si,
2121 5158 2241 5200 cum
2276 5141 2627 5198 hauriendum
2661 5140 2754 5193 tibi
2788 5140 3134 5206 pharmacutn
3165 5150 3331 5202 esset,
3362 5141 3503 5206 opti-

1937 5239 2040 5293 mis
2073 5253 2099 5290 a
2134 5235 2361 5289 medicis
2393 5240 2668 5303 paratum,
2709 5241 2762 5284 tu
2800 5233 3179 5302 intempestive
3211 5233 3503 5300 pllarlllnt'tl

1937 5346 2098 5396 usus,
2132 5339 2324 5383 eventu
2357 5326 2619 5381 voluntati
2657 5334 2760 5378 tute
2793 5327 3066 5380 contrario
3098 5325 3466 5391 subsequente
3488 5363 3502 5388 ,

1933 5422 2308 5492 objurgatione
2344 5421 2540 5475 tuimet
2574 5421 2742 5488 ipsius
2776 5419 2995 5480 omissa,
3030 5417 3379 5483 pharmacutn
3417 5430 3505 5467 ae-

1934 5530 2094 5568 euses
2137 5523 2189 5566 et
2226 5527 2320 5566 eos
2356 5511 2445 5579 qui
2484 5511 2645 5564 docte
2682 5511 2731 5563 id
2771 5511 3121 5563 miscuerant.
3163 5507 3344 5577 Neque
3389 5516 3510 5560 latt-

1933 5617 2043 5658 tum
2078 5605 2371 5674 pharmaca
2406 5603 2761 5665 medicorum,
2788 5602 2880 5655 sed
2911 5602 3072 5655 etiam
3100 5601 3278 5652 Otttttin
3311 5599 3508 5666 quibus

1938 5697 2163 5760 utimur,
2222 5697 2265 5749 si
2317 5695 2442 5764 quis
2497 5695 2638 5748 haud
2697 5703 2845 5746 recte
2898 5703 3100 5758 utatur,
3159 5705 3329 5758 neque
3383 5703 3516 5741 cum

1941 5789 2101 5843 modo
2129 5789 2512 5851 conveniente,
2545 5787 2675 5856 quin
2713 5787 2870 5840 noxia
2903 5784 3078 5839 futura
3111 5787 3256 5850 sint,
3288 5783 3368 5836 vel
3401 5792 3510 5834 sta-

1942 5883 2066 5945 tim,
2106 5882 2188 5936 vel
2227 5880 2278 5934 iu
2316 5892 2620 5950 posterum,
2660 5880 2741 5934 vel
2776 5881 2935 5934 etiam
2973 5895 2998 5932 a
3041 5878 3303 5947 principio
3340 5889 3528 5943 usque

1941 5977 2004 6030 ad
2034 5975 2220 6041 ﬁnem,
2246 5973 2357 6030 ﬁeri
2390 5974 2531 6029 nulla
2561 5974 2766 6027 ratione
2796 5981 2987 6041 potest.
3022 5970 3126 6026 Nec
3159 5971 3259 6024 ulla
3291 5977 3368 6024 εει
3398 5984 3506 6028 ινεκ
