4748 6512
1262 459 1365 519 4'79

2445 453 2843 515 MANUELIS
2876 451 3313 515 PALJEOLOGI

4402 448 4523 510 48⁷)

1262 585 1487 638 quorum
1519 572 1805 624 maximam
1834 576 2038 638 partem
2065 584 2128 621 ex
2161 582 2277 621 sese
2306 568 2460 622 nobis
2485 571 2828 637 suppeditant
2856 576 2901 631 Α
2930 574 3137 640 κοσμεῖ·

2647 571 2901 631 εόίιιιιιιλ
2930 574 3259 640 κοσμεῖται*
3310 562 3377 641 ἧς
3426 565 3807 636 ἀναιρεθείσης
3861 562 4135 629 καθᾶπαξ,
4195 565 4522 630 ἀναιρεῖται

1263 664 1540 724 animalia,
1573 677 1691 729 qua:
1721 662 1835 730 ipsa
1864 676 2081 730 quoque
2113 662 2389 728 voluptate
2412 674 2825 729 conservantur,

1265 768 1400 808 sane
1428 769 1587 821 quam
1619 754 1962 822 perspicuum
1992 752 2243 814 cﬂicitur.
2274 753 2436 806 etiam
2468 754 2705 822 ipsorum
2737 769 2831 809 vo-

1266 845 1469 910 luptate
1518 843 1683 895 vitam
1729 852 1968 897 nostram
2017 842 2323 895 conservari
2374 852 2537 912 atque
2580 843 2765 897 ornari
2812 861 2826 897 :

1266 950 1366 1001 qua
1400 949 1622 1001 prorsus
1653 934 1883 995 abolita,
1918 933 2049 987 nihil
2082 933 2302 987 dubium
2334 942 2447 999 est,
2477 933 2678 988 aboleri
2711 949 2831 1003 qua:

1266 1026 1425 1079 bruta
1473 1037 1621 1088 sunt,
1664 1040 1876 1093 unaque
1916 1040 2037 1078 cum
2085 1026 2166 1079 eis
2206 1024 2407 1079 aboleri
2459 1041 2578 1095 quae
2622 1027 2831 1079 ratione

1267 1119 1611 1185 praeditorum
1644 1117 1765 1171 vitae
1795 1127 1921 1170 sunt
1952 1115 2281 1180 necessaria,
2315 1132 2412 1171 nec
2439 1117 2586 1171 aliud
2616 1124 2833 1187 superat

1270 1208 1371 1261 nisi
1410 1217 1465 1261 ut
1498 1222 1855 1261 aerumnosam
1890 1207 2263 1275 lubricamque
2292 1208 2454 1262 vitam
2487 1222 2732 1275 agamus.
2767 1206 2834 1260 Et

1268 1300 1395 1367 quid
1438 1314 1538 1367 ego
1577 1300 1737 1354 dico?
1769 1299 2053 1355 Brutorum
2088 1301 2309 1355 omnino
2346 1302 2467 1356 vitae
2502 1302 2610 1354 vita
2646 1310 2832 1356 nostra

1270 1393 1462 1447 similis
1484 1404 1658 1458 esset,
1686 1395 1731 1447 si
1757 1406 1820 1446 ea
1848 1393 1911 1447 de
1936 1393 2113 1446 medio
2139 1393 2351 1446 sublata
2382 1393 2591 1459 forent;
2620 1393 2763 1459 into,
2789 1393 2833 1448 si

1270 1487 1453 1539 dicere
1492 1487 1671 1550 liceat,
1710 1487 1879 1538 multo
1916 1485 2166 1539 miserius
2200 1500 2361 1553 quam
2402 1485 2515 1554 ipsa
2553 1486 2669 1539 sine
2704 1486 2835 1553 ipsis

1270 1580 1609 1641 viveremus;
1641 1593 1761 1630 nam
1792 1578 2031 1645 ipsorum
2062 1578 2200 1631 bene
2228 1578 2407 1631 virere
2435 1577 2664 1633 nihilest
2690 1576 2835 1631 aliud

1267 1685 1430 1737 quam
1472 1672 1542 1722 ita
1579 1670 1756 1723 Vivere
1793 1668 1949 1723 sicuti
1992 1684 2134 1722 nunc
2169 1669 2371 1722 viVunt.
2404 1668 2472 1722 At
2506 1668 2611 1722 vita
2654 1680 2834 1721 nostra

1272 1761 1411 1813 male
1450 1760 1639 1815 all‘ecta
1679 1759 1817 1814 foret
1858 1761 1901 1813 si
1938 1760 2153 1814 vivendi
2191 1759 2329 1813 ratio
2368 1768 2549 1812 nostra
2589 1758 2837 1813 belluina:

1272 1856 1646 1922 responderet,
1688 1853 1917 1908 sublatis
1956 1869 1986 1907 e
2026 1854 2201 1907 medio
2241 1852 2448 1906 scilicet
2487 1853 2550 1905 iis
2585 1866 2703 1920 qua:
2743 1868 2837 1904 no-

1271 1958 1380 1998 stra
1437 1960 1602 1999 causa
1654 1944 1796 1998 facta
1845 1954 1989 1998 sum.
2044 1944 2155 1999 Nec
2206 1944 2257 1997 id
2313 1946 2599 1997 tacendum
2645 1961 2659 1997 :

1270 2037 1466 2105 duplex
1490 2038 1562 2091 sit
1594 2039 1863 2113 voluptas,
1884 2037 1952 2090 ab
1985 2047 2211 2103 utraque
2245 2036 2586 2088 commodum
2619 2035 2832 2102 aliquod

1272 2131 1554 2196 percipere
1584 2129 1725 2183 licet.
1752 2128 1885 2180 Nam
1911 2138 1965 2182 et
1994 2128 2081 2181 illa
2120 2128 2366 2195 voluptas
2404 2127 2622 2196 (loquor
2651 2137 2831 2181 autem

1269 2220 1336 2272 de
1363 2221 1648 2273 inhonesta
1675 2229 1728 2272 et
1751 2221 2086 2287 turpissima,
2113 2235 2232 2288 qua:
2258 2236 2286 2273 a
2315 2220 2466 2273 bonis
2492 2218 2629 2273 male
2658 2220 2833 2283 audit,

1272 2313 1429 2377 quasi
1462 2321 1625 2380 caput
1655 2311 1926 2379 quoddam
1956 2311 2256 2380 vitiorum),
2288 2312 2332 2366 si
2365 2311 2581 2380 quidem
2613 2326 2711 2365 nos
2740 2326 2832 2363 v2-

1272 2402 1457 2465 limns,
1495 2402 1719 2456 delicias
1751 2402 1902 2456 nobis
1935 2410 2167 2456 aeternas
2192 2412 2245 2455 et
2271 2404 2486 2457 sobrias
2519 2417 2637 2455 eum
2662 2402 2832 2471 gloria

1270 2494 1668 2548 conciliaverit.
1709 2496 1825 2561 Quo
1867 2492 1925 2545 fit
1972 2504 2029 2545 ut
2078 2495 2129 2546 in
2175 2503 2461 2562 utramque
2499 2506 2705 2560 partem
2744 2508 2836 2546 vo-

1271 2587 1447 2651 luptas
1485 2586 1552 2641 iis
1595 2587 1683 2652 qui
1713 2586 1901 2640 volunt
1934 2585 2303 2641 emolumento
2334 2589 2424 2641 sit.
2459 2586 2514 2641 Si
2549 2588 2685 2643 bona
2729 2596 2832 2651 est,

1272 2679 1372 2731 hoc
1400 2678 1517 2746 ipso
1544 2678 1795 2749 prodest;
1820 2679 1901 2733 sin
1930 2679 2088 2743 mala,
2116 2688 2167 2732 et
2195 2680 2514 2743 insidiatrix,
2540 2681 2683 2749 quod
2710 2695 2830 2733 eum

1274 2770 1397 2821 talis
1428 2770 1519 2834 sit,
1553 2770 1687 2823 nihil
1714 2771 2019 2837 perfecerit.
2051 2770 2186 2824 Nam
2223 2772 2266 2825 si
2300 2772 2508 2824 hastam
2546 2771 2595 2823 in
2628 2786 2724 2825 nos
2745 2772 2833 2825 illa

1272 2863 1623 2923 contorserit,
1660 2877 1779 2927 qua:
1805 2876 1902 2916 nos
1932 2872 2183 2917 accurate
2219 2874 2471 2932 recteque
2501 2864 2735 2917 munitos
2760 2874 2834 2917 at-

1272 2956 1515 3007 tentione
1552 2955 1950 3024 tolerantiaque
1990 2957 2347 3011 conveniente
2402 2958 2658 3026 reperiat,
2696 2973 2834 3024 pra:—

1274 3056 1521 3116 terquam
1552 3050 1693 3115 quod
1723 3049 1855 3102 nihil
1883 3048 1989 3102 ullo
2028 3050 2186 3103 modo
2221 3051 2488 3113 nocuerit,
2531 3054 2692 3104 etiam
2724 3068 2838 3105 ma-

1272 3139 1419 3193 xime
1445 3140 1713 3209 profuerit
1744 3142 1810 3194 iis
1843 3142 2040 3209 quibus
2070 3141 2294 3196 insidias
2329 3145 2593 3198 struebat.
2625 3146 2836 3214 Quippe

1274 3247 1398 3286 eum
1440 3234 1698 3287 emissum
1731 3234 1797 3288 ab
1842 3249 1904 3288 ea
1941 3236 2104 3289 telum
2140 3237 2191 3289 in
2232 3236 2557 3291 soliditatem
2599 3239 2840 3292 thoracis
2870 3213 2913 3271 θ

1273 3340 1329 3379 et
1366 3328 1526 3392 scuti,
1560 3344 1791 3396 quorum
1834 3330 2031 3383 artifex
2066 3330 2239 3384 virtus
2268 3341 2372 3394 est,
2405 3331 2697 3399 impactum
2726 3332 2834 3387 fue:

1273 3418 1370 3483 rit,
1401 3420 1713 3488 impetuque
1744 3436 1841 3475 suo
1877 3420 2136 3476 reflexum
2167 3422 2233 3474 ad
2262 3437 2381 3475 eam
2415 3437 2533 3490 quae
2562 3423 2840 3488 emiserat,

1280 3510 1475 3563 vulnus
1519 3513 1631 3579 ipsa
1677 3512 1895 3580 quidem
1956 3512 2155 3581 accipit
2200 3512 2345 3565 letali
2390 3514 2635 3577 verbere,
2688 3518 2844 3575 nobis

1273 3614 1452 3658 autem
1487 3606 1651 3658 invita
1692 3606 2018 3673 suppeditat,
2053 3615 2111 3659 nt
2142 3617 2517 3662 marcescente
2563 3624 2841 3677 nunquam

1275 3713 1477 3750 corona
1526 3699 1798 3763 exornati,
1837 3698 2047 3752 deliciis
2102 3698 2307 3753 nullttm
2361 3698 2521 3752 linem
2579 3698 2844 3753 habituris

1278 3794 1547 3845 fruantur.
1586 3790 1650 3845 Et
1682 3791 1876 3845 tnet'ilo
1910 3791 1959 3844 id
1996 3791 2234 3858 quidem.
2271 3789 2405 3843 Nam
2438 3792 2481 3843 si
2518 3804 2683 3845 cornu
2715 3804 2845 3844 con.

1278 3897 1358 3938 tra
1385 3900 1483 3938 nos
1514 3884 1765 3951 voluptas
1794 3881 2008 3947 extulit,
2039 3890 2091 3935 et
2119 3881 2396 3936 stimulum
2434 3882 2623 3935 mortis
2645 3883 2847 3951 acqui-

1276 3979 1427 4041 sivit,
1478 3985 1698 4044 propter
1750 3975 2094 4044 gnlositatetn
2145 3981 2411 4037 nostram,
2464 3989 2627 4041 quam
2657 3989 2723 4028 ex
2756 3973 2844 4027 illa

1279 4072 1453 4140 prima
1477 4069 1896 4139 intemperantia
1920 4067 2064 4120 velut
2088 4068 2404 4121 luereditate
2433 4068 2712 4122 consecuti
2739 4083 2848 4121 sn-

1278 4178 1421 4220 nms.
1458 4163 1710 4230 sequitur
1741 4177 1833 4216 eos
1862 4160 1953 4229 qui
1984 4175 2078 4228 per
2115 4160 2506 4215 continentiam
2546 4171 2715 4214 semet
2743 4162 2847 4214 im-

1280 4272 1472 4311 munes
1502 4258 1569 4309 ah
1602 4254 1896 4310 insatiabili
1931 4252 2158 4307 libidine
2185 4252 2607 4314 declaraverint,
2650 4256 2846 4305 merito

1280 4349 1625 4403 coronandos
1647 4348 1864 4414 vitaque
1885 4343 2458 4398 fruiturosimmortali
2485 4358 2606 4397 cunt
2636 4343 2848 4399 deliciis

1285 4443 1376 4497 tali
1411 4445 1534 4496 vita:
1585 4440 2029 4510 congruentibus.
2074 4436 2182 4490 Nec
2218 4437 2313 4491 abs
2344 4451 2400 4490 re
2449 4436 2591 4490 Deus
2626 4437 2727 4491 hoc
2762 4435 2846 4490 fa-

2935 665 3035 733 μὲν
3068 662 3255 731 σαφῶς
3284 660 3345 713 τὸ
3374 659 3481 712 τῶν
3532 658 3744 726 ἀλόγων
3790 657 3970 723 γένος,
4008 658 4427 724 συναναιρεῖται
4464 656 4525 707 δὲ

2933 756 3120 818 αὐτοῖς
3151 755 3220 822 τεά
3267 752 3407 824 πρὸς
3436 752 3529 805 τὸν
3578 751 3793 817 λογικὸν
3830 751 3946 819 βίον
3993 752 4126 819 ἡμῖν
4175 750 4473 817 ὲπιτὴδεια
4506 764 4522 779 ·

2932 849 3029 903 καὶ
3065 848 3325 911 ὃλοιπδν,
3380 844 3684 914 ὲπίμοχθόν
3730 859 3855 896 τινα
3906 843 4022 911 βίον
4091 842 4183 895 καὶ
4237 840 4525 906 σφαλερὸν

2934 941 3083 993 ’ἑλκει
3115 939 3178 991 τὸ
3208 938 3363 1004 γένος
3386 937 3542 1007 ἡμῖν.
3581 934 3773 988 Καίτοι
3808 934 3861 985 τί
3904 932 4081 998 λέγιιη
4114 931 4205 999 Τῷ
4235 931 4349 983 τῶν
4384 930 4525 982 ἀλό-

2934 1051 3047 1101 γων
3080 1034 3342 1101 ἄντικρυς
3376 1030 3477 1100 βίῳ
3512 1031 3539 1081 ό
3566 1027 3693 1081 καθ’
3720 1028 3864 1094 ἡμᾶς
3907 1024 3975 1078 ἂν
4007 1024 4192 1094 ἐῴκει,
4225 1022 4414 1075 αὐτῶν
4455 1024 4523 1073 ἐκ

2939 1126 3108 1196 μέσου
3162 1122 3576 1191 γεγενημένων·
3605 1120 3700 1172 ἐὰν
3742 1118 3799 1169 δὲ
3857 1118 3949 1185 ἐξῇ
3988 1134 4078 1183 μοι
4115 1116 4212 1167 καὶ
4241 1114 4393 1166 τοῦτ’
4442 1114 4525 1162 εί-

2939 1219 3083 1280 πείν,
3113 1211 3293 1284 πολλῷ
3332 1214 3603 1266 κάκείνων
3628 1211 3991 1275 ἐλεεινότερον
4035 1210 4101 1262 ἀν
4132 1208 4349 1275 ἐζῶμεν
4381 1206 4523 1258 ἄνευ

2937 1309 3165 1360 ἐκείνων
3188 1323 3202 1339 ·
3232 1307 3312 1359 ὅτι
3361 1306 3425 1358 τὸ
3457 1306 3557 1372 μὲν
3590 1305 3815 1356 ἐκείνων
3847 1300 3906 1354 εὖ
3945 1302 4044 1370 ζῇν
4091 1300 4235 1352 τοῦτ’
4279 1299 4424 1359 ἔστι,
4457 1298 4524 1350 τὸ

2938 1398 3039 1468 ζῇν
3067 1400 3143 1462 ὼς
3174 1399 3266 1450 νῦν
3290 1415 3304 1429 ·
3337 1398 3469 1466 ἡμῖν
3495 1396 3552 1448 δὲ
3584 1396 3651 1449 ἂν
3690 1391 3806 1464 εἶχε
3840 1393 4027 1453 κακῶς
4056 1394 4083 1444 ὁ
4130 1392 4265 1453 βίος,
4295 1390 4521 1457 θηρίοις

2938 1489 3143 1541 ἐοικόσι
3171 1491 3235 1557 τῇ
3270 1486 3517 1555 πολιτείᾳ
3556 1503 3615 1539 τε
3649 1486 3744 1535 καὶ
3768 1486 3836 1552 τῇ
3877 1484 4146 1550 διαγωγῇ,
4186 1481 4277 1533 ἆτε
4306 1481 4375 1549 δὴ
4404 1480 4523 1529 τῶν

2939 1579 3004 1634 δι’
3038 1582 3187 1648 ἡμᾶς
3209 1578 3597 1647 γεγενημένων
3615 1576 4025 1645 ἠφανισμένων,
4066 1573 4229 1625 Ἀλλά
4255 1572 4365 1640 μὴν
4388 1571 4523 1622 οὐδὲ

2941 1674 3118 1724 ἐκεῖνο
3145 1671 3358 1738 σιωπῆς
3389 1669 3538 1731 ἀξιον
3567 1685 3581 1701 ο
3609 1667 3803 1735 διπλῆς
3830 1668 3937 1732 γὰρ
3964 1665 4131 1734 οὔσης
4161 1664 4260 1731 τῆς
4292 1663 4521 1730 ἡδονῆς.

2942 1764 3059 1816 ἐστι
3090 1764 3183 1816 καὶ
3232 1763 3361 1825 παρ’
3393 1761 3661 1827 ἑκατέρας
3705 1758 4076 1827 ὠφεληθῆναι.
4110 1758 4216 1810 Καὶ
4272 1757 4379 1823 γὰρ
4415 1756 4523 1806 καὶ

2941 1856 3080 1921 αὓτη
3108 1857 3142 1924 ἡ
3172 1856 3333 1925 ἡδονὴ
3364 1854 3533 1923 (λέγω
3554 1852 3609 1904 δὲ
3650 1853 3744 1905 νῦν
3779 1854 3875 1923 τὴν
3907 1854 4162 1919 ἄσεμνον.
4206 1852 4304 1916 τὴν
4337 1848 4525 1915 αίσχί-

2709 1956 2832 1996 cum
2870 1923 2911 1978 Β
2945 1965 3101 2015 στην,
3194 1923 3350 2015 ἠπαρά
3397 1945 3507 1997 τῶν
3563 1946 3943 2014 χρηστοτέρων
3977 1944 4163 2003 κακῶς
4193 1941 4407 2002 ἀκούει,
4437 1940 4522 2001 ὡς

2940 2040 2968 2093 ὅ
3002 2057 3048 2093 τι
3071 2057 3178 2109 περ
3204 2038 3500 2106 κεφάλαιόν
3527 2041 3642 2089 ἐστι
3671 2038 3778 2087 τῶν
3806 2037 4035 2104 κακῶν),
4068 2036 4184 2102 εἴγε
4215 2038 4375 2104 ἡμεῖς
4394 2036 4524 2102 βου⁶

2941 2132 3193 2201 λοίμεθα,
3226 2128 3427 2198 γένοιτ’
3459 2129 3524 2181 ἂν
3556 2131 3689 2197 ἡμῖν
3718 2127 3981 2196 πρόξενος
4013 2127 4251 2179 αἰωνίων
4279 2129 4373 2179 καὶ
4403 2145 4520 2178 σω-

2944 2226 3158 2296 φρόνων
3192 2224 3330 2293 μετά
3377 2222 3535 2291 δόξης
3572 2221 3950 2277 ἀπολαύσεων.
3989 2221 4151 2272 Ὥστε
4207 2220 4337 2271 καθ’
4384 2221 4523 2271 ὲκάο

2942 2336 3097 2387 τερον
3141 2318 3307 2385 μέρος
3339 2317 3371 2385 ὴ
3401 2315 3562 2385 ἡδονὴ
3587 2313 3861 2366 λυσιτελεῖ
3888 2315 4003 2374 τοῖς
4048 2311 4416 2381 βουλομένοις.
4454 2311 4520 2362 El

2948 2414 3047 2481 μὲν
3082 2410 3260 2479 ἀγαθή
3297 2412 3467 2472 ἐστιν,
3500 2408 3650 2477 αύτῴ
3681 2423 3746 2475 γε
3788 2406 3965 2474 τούτῳ
3990 2419 4004 2434 °
4038 2406 4085 2457 εί
4133 2405 4189 2457 δὲ
4238 2406 4384 2472 κακὴ
4419 2405 4521 2456 καὶ

2944 2504 3250 2568 ἐπίϐουλος,
3286 2504 3369 2556 ὅτι
3422 2498 3555 2555 οὗσά
3606 2518 3666 2569 γε
3708 2500 3955 2567 τοιαύτη,
3997 2497 4151 2551 οὐδὲν
4195 2500 4415 2566 ἤνυσε).
4452 2497 4519 2546 El

2945 2598 3052 2664 γὰρ
3089 2596 3272 2659 εκείνη
3319 2592 3439 2646 καθ’
3468 2593 3624 2661 ἡμῶν
3664 2592 3940 2644 ἀκοντίσει
3987 2590 4047 2641 τὺ
4086 2590 4234 2657 δόρυ,
4272 2587 4423 2654 εὖροι
4460 2600 4517 2637 ιε

2944 2690 3094 2758 ἡμᾶς
3123 2686 3183 2739 τὸ
3209 2686 3337 2754 δόρυ
3365 2684 3609 2755 ἀκριόὦς
3648 2700 3712 2735 τε
3748 2682 3841 2735 καὶ
3878 2680 4063 2742 καλῶς
4090 2678 4519 2748 πεφραγμένους

2947 2783 3189 2851 προσοχῇ
3227 2780 3322 2830 καὶ
3349 2776 3619 2847 καρτερία
3658 2777 3722 2843 τῇ
3758 2774 4077 2843 γιγνομένῃ,
4126 2772 4260 2840 πρὸς
4295 2772 4375 2840 τῷ
4411 2789 4521 2839 μη-

2945 2873 3133 2940 δαμῶς
3182 2871 3345 2941 μηδὲν
3374 2868 3752 2937 παραὸλάψαι,
3784 2868 3816 2936 ή
3869 2866 3942 2917 δὲ’
3972 2866 4067 2917 καὶ
4111 2862 4319 2932 ὤνησεν
4362 2863 4417 2919 ἐς
4446 2864 4516 2913 τὰ

2951 2967 3205 3036 μάλιστα,
3240 2958 3320 3025 οἷς
3354 2980 3413 3029 γε
3448 2961 3828 3011 ὲπεῖούλευεν.
3859 2956 4032 3008 Ὅταν
4067 2956 4173 3024 γὰρ
4216 2954 4278 3005 τὸ
4309 2955 4519 3019 ταύτης

2946 3059 3111 3113 ὅπλον
3144 3057 3343 3123 ἁφεθὲν
3394 3052 3758 3123 ἀντικρουσθῇ
3794 3048 4119 3119 στερρότητι
4152 3065 4210 3099 τε
4264 3045 4522 3113 Θώρακος

2946 3154 3041 3207 καὶ
3072 3152 3313 3211 ἀσπίδος,
3346 3144 3418 3201 ὧν
3451 3150 3567 3199 ἐστι
3594 3145 3902 3214 τεχνίτηςὴ
3936 3143 4127 3212 ἀρετὴ,
4159 3143 4250 3193 καὶ
4286 3144 4351 3210 τῇ
4392 3142 4522 3192 ἐαυ-

2945 3247 3039 3300 τοῦ
3069 3247 3210 3315 φορᾷ
3238 3240 3641 3311 ἀντεπιστρέψῃ
3666 3239 3798 3306 πρὶς
3830 3236 3928 3306 τὴν
3952 3234 4340 3303 ἐκπέμψασαν,
4370 3235 4519 3286 ἐκεῖ.

2945 3357 3045 3409 νην
3078 3339 3175 3406 μὲν
3200 3335 3493 3404 ἐργάζεται
3524 3330 3874 3398 τραυματίαν
3906 3327 4089 3397 πληγῇ
4120 3327 4313 3395 καιρίᾳ
4336 3364 4352 3389 ,
4392 3328 4526 3396 ἡμῖν

2944 3435 3000 3487 δὲ
3024 3433 3232 3486 ἄκουσα
3264 3431 3513 3499 χορηγεῖ,
3544 3427 3740 3495 ἀγήρῳ
3773 3425 4025 3492 στεφάνῳ
4053 3420 4523 3489 κεκοσμημένοις,

2945 3528 3139 3595 ἀγήρω
3164 3527 3374 3593 τρυφῆς
3403 3519 3722 3573 ἀπολαύειν.
3754 3517 4013 3579 Εἰκότως.
4046 3516 4106 3567 Εἰ
4128 3509 4237 3583 γὰρ
4267 3515 4328 3565 τὸ
4355 3513 4527 3581 κέρας

2946 3619 3179 3685 ἔσχηκεν
3202 3617 3235 3684 ἡ
3271 3614 3437 3683 ἡδονὴ
3471 3610 3593 3664 καθ’
3620 3607 3801 3677 ἡμῶν,
3834 3607 3929 3659 καί
3951 3606 4184 3659 θανάτου
4212 3605 4529 3671 προσεκτήο

2950 3723 3083 3759 σατο
3117 3706 3364 3775 κέντρον,
3398 3702 3487 3755 διὰ
3516 3701 3577 3753 τό
3611 3698 3864 3768 λιχνῶδες
3887 3697 3950 3748 τό
3986 3695 4113 3764 παρ’
4141 3696 4293 3762 ἡμῖν,
4324 3696 4391 3746 ἐκ
4430 3696 4527 3763 τῆς

2948 3800 3188 3870 ἀρχῆθεν
3223 3796 3495 3865 ἀκρασίας
3536 3789 4036 3862 κληροδοχούμενον
4060 3804 4074 3818 ⁸
4107 3788 4156 3839 oi
4198 3788 4267 3839 δι’
4318 3788 4525 3856 ἐγκρα-

2948 3894 3099 3953 τείας
3162 3887 3441 3953 ὲλεύθεροι
3492 3884 3592 3952 τῆς
3657 3879 3964 3948 ἀπληστίας
4018 3877 4393 3944 ἀναφανέντες
4452 3876 4529 3927 δι-

2948 3984 3122 4045 καίως
3160 3978 3623 4046 στεφανώσονται,
3656 3973 3751 4026 καὶ
3784 3973 3932 4039 ζωῆς
3965 3970 4291 4041 μεθέξουσιν
4321 3969 4531 4021 ἀθανά-

2948 4095 3063 4139 τνυ,
3104 4075 3198 4125 καὶ
3247 4072 3461 4140 τρυφῆς
3494 4069 3594 4119 οὐκ
3652 4064 3969 4135 ἀπᾳδούσης
3998 4065 4063 4131 τῇ
4120 4063 4256 4131 ζωῇ.
4308 4060 4529 4122 Δίκαιος

2951 4168 3015 4220 ἂν
3051 4165 3136 4230 εἴη
3160 4162 3291 4223 Θεὸς
3316 4159 3475 4211 τοῦτο
3505 4155 3730 4226 πρᾶξαι.
3765 4155 3825 4206 Ei
3854 4153 3962 4221 γὰρ
3994 4151 4153 4217 δίκην
4185 4167 4246 4216 γε
4271 4150 4531 4213 εἰσ-τρὶς-

2949 4277 3032 4312 τει
3080 4259 3203 4317 τοὺς
3261 4253 3502 4323 ἀκρασίᾳ
3540 4249 3911 4318 συζήσαντας,
3973 4244 4153 4311 πολλῷ
4202 4260 4264 4305 γε
4327 4240 4529 4308 μᾶλλον

2951 4352 3100 4421 αύτῷ
3129 4350 3396 4419 προσήκει
3445 4346 3569 4405 τοὺς
3626 4339 3987 4408 γιγνομένους
4041 4335 4274 4403 μισθοὺς
4324 4334 4528 4385 διδὸναι

2953 4449 3064 4507 τοῖς
3094 4443 3342 4510 ἀγαθοῖς,
3375 4437 3541 4490 εἰδόσι
3574 4434 3751 4503 μέτρα
3783 4432 3959 4482 θεῖναι
4006 4431 4127 4489 ταῖς
4160 4426 4404 4495 χρείαις,
4438 4424 4529 4475 καὶ

1281 4541 1388 4591 eiet
1417 4555 1431 4591 :
1471 4552 1590 4589 nam
1622 4536 1666 4589 si
1701 4548 1893 4603 paruas
1924 4532 1992 4585 ab
2041 4531 2107 4586 iis
2138 4532 2307 4599 exigit
2352 4530 2443 4598 qui
2477 4530 2732 4585 vixerunt
2763 4532 2849 4585 in-
2882 4535 2929 4594 D
2956 4535 3156 4596 παντὸς

2653 4542 2732 4585 tnt
2763 4532 2849 4585 in-
2882 4535 2929 4594 D
2956 4535 3158 4596 παντὸς
3188 4532 3283 4584 τοῦ
3313 4531 3453 4598 ὑπὲρ
3500 4527 3703 4588 ταύτας
3746 4522 4135 4590 ἀποπηδιῖτσιν-
4171 4518 4246 4580 ὡς
4284 4518 4396 4568 οἵδε
4432 4516 4528 4567 οὐκ

1285 4639 1675 4700 temperanter,
1721 4631 1888 4681 multo
1925 4624 2097 4693 magis
2125 4624 2173 4677 ei
2206 4623 2482 4687 convenit,
2508 4622 2657 4693 justa
2692 4622 2849 4677 bonis

1286 4721 1685 4795 praetuia'dare,
1708 4719 1801 4789 qui
1827 4718 2241 4772 necessitatibus
2266 4715 2485 4769 modum
2513 4715 2851 4769 constituere

1283 4826 1507 4879 Imrttltl,
1535 4824 1588 4868 et
1614 4830 1643 4866 a
1676 4826 1735 4865 re
1779 4810 1971 4879 quavis
2026 4809 2123 4862 has
2149 4816 2439 4876 superante
2468 4815 2639 4860 semet
2676 4806 2847 4861 absti-

1286 4919 1439 4973 nent,
1468 4922 1589 4961 eum
1618 4904 1843 4960 delicias
1867 4903 1917 4957 hi
1952 4900 2128 4955 nullas
2160 4899 2516 4961 admirentur,
2549 4896 2690 4950 haud
2719 4894 2851 4950 alle-

1287 5004 1358 5054 cti
1393 5014 1521 5067 erga
1546 4996 1761 5066 quidvis
1795 4995 2102 5063 promiscue
2122 4991 2266 5061 quod
2297 4990 2433 5044 ultra
2462 4989 2848 5043 necessitatem

1287 5094 1411 5145 Imni
1454 5090 1692 5159 speciem
1731 5087 1913 5141 habet.
1953 5085 2197 5153 Denique
2246 5083 2541 5138 secundum
2574 5084 2850 5150 expositas

1286 5191 1551 5237 tim-tenus
1582 5182 1845 5245 rationes,
1875 5180 2188 5234 existimare
2219 5178 2490 5241 convenit,
2522 5178 2847 5245 voluptatem

1292 5275 1378 5327 his
1438 5274 1632 5326 bonam
1669 5286 1809 5333 esse,
1848 5270 1953 5324 illis
1985 5284 2013 5320 e
2043 5268 2314 5323 contrario
2348 5268 2567 5322 malam.
2593 5264 2724 5319 Nam
2758 5263 2851 5333 qui

1293 5369 1435 5420 malo
1480 5364 1727 5418 feruntur
1771 5364 1997 5433 impetu,
2035 5364 2247 5416 navium
2289 5364 2341 5415 in
2379 5376 2606 5423 morem,
2647 5360 2851 5413 instru-

1298 5471 1482 5514 mento
1507 5475 1603 5513 suo
1624 5459 1947 5519 carentium,
1978 5466 2253 5524 utcunque
2283 5454 2559 5507 libidinem
2590 5450 2860 5520 appetitus

1297 5556 1482 5608 atllare
1514 5556 1825 5623 contigerit,
1858 5554 1921 5604 iis
1982 5549 2123 5603 haud
2156 5547 2316 5601 dubie
2348 5542 2710 5599 formidabilis
2764 5540 2862 5593 ho-

1294 5648 1397 5699 stis
1428 5656 1531 5708 est,
1559 5656 1610 5696 et
1639 5645 1811 5697 audax
1841 5643 2042 5709 pariter
2068 5651 2232 5708 atque
2262 5636 2618 5701 subdolus,et
2640 5631 2865 5686 infinitis

1298 5738 1511 5791 artibus
1564 5753 1655 5789 eos
1714 5747 1929 5788 tentans
1984 5733 2302 5800 quibusetuu
2349 5728 2541 5798 pedem
2596 5725 2859 5787 conserit,

1291 5830 1545 5896 adeoque
1594 5827 1913 5893 simpliciter
1944 5824 2154 5878 illorum
2188 5821 2428 5874 eninium
2460 5817 2687 5870 formam
2726 5813 2858 5865 reti-

1291 5938 1455 5989 ttrns,
1514 5930 1846 5988 quattunquc
1878 5914 2227 5972 sitnulactutn
2266 5908 2391 5964 illud
2426 5907 2711 5977 voluptatis
2743 5904 2860 5957 illn-

2958 4630 3257 4698 ἐπτόηνται
3284 4626 3413 4694 περὶ
3445 4624 3544 4692 τὴν
3566 4621 3804 4690 τρυφὴν,
3848 4615 4255 4684 διακεχυμένως
4290 4613 4524 4679 ἔχοντες,

2956 4726 3093 4790 πρὸς
3122 4724 3149 4775 ὅ
3178 4739 3231 4773 τι
3276 4720 3341 4773 ἀν
3373 4734 3473 4771 που
3509 4719 3620 4768 τῶν
3653 4713 3791 4781 ὑπὲρ
3840 4712 3941 4778 τὴν
3968 4708 4160 4778 χρείαν
4206 4705 4394 4757 καλῶν
4434 4721 4529 4770 φα-

2958 4818 3099 4882 νείη.
3137 4812 3296 4868 Κατά
3324 4812 3379 4865 δὲ
3407 4811 3534 4873 τοὺς
3572 4808 3672 4878 ήδη
3716 4805 3981 4875 ῥηθέντας
4025 4800 4216 4867 λόγους
4261 4798 4527 4865 προσήκει

2958 4910 3203 4978 νομίζειν
3230 4906 3329 4973 τὴν
3360 4903 3552 4972 ἡδονὴν
3597 4901 3706 4959 τοῖς
3749 4899 3849 4965 μὲν
3889 4892 4101 4963 ἀγαθὴν
4132 4887 4295 4953 εἶναι,
4326 4891 4438 4948 τοῖς
4475 4887 4525 4938 δὲ

2960 5002 3291 5057 τούναντίον.
3343 4998 3468 5057 Τοῖς
3516 4996 3616 5063 μὲν
3668 4993 3776 5062 γὰρ
3812 4988 4000 5049 κακῶς
4032 4985 4359 5055 φερομένοις
4390 4979 4526 5032 κατὰ

2958 5100 3027 5151 τὰ
3075 5094 3451 5164 ἀνερμάτιστα
3488 5090 3669 5151 πλοῖα,
3702 5086 3777 5146 ὼς
3830 5083 3897 5136 ἀν
3929 5096 4059 5133 ποτε
4104 5077 4242 5144 τύχῃ
4297 5073 4527 5125 releuant

2958 5190 3057 5260 τὴν
3087 5188 3295 5253 ἔφεσιν,
3348 5184 3597 5250 ἀντικρις
3654 5175 3910 5244 πολέμιός
3956 5174 4069 5225 ἐστι
4107 5168 4364 5237 φοϐερὸς,
4403 5166 4529 5235 09a-

2964 5284 3055 5344 σύς
3092 5298 3151 5333 τε
3178 5280 3293 5346 ἄμα
3316 5278 3409 5329 καὶ
3443 5273 3670 5341 ὕφαλος,
3706 5268 3928 5339 μυρίαις
3952 5281 4013 5317 τε
4045 5262 4393 5330 πειρώμενος
4427 5273 4527 5323 μη-

2963 5375 3153 5443 χαναῖς
3182 5368 3262 5434 οἷς
3296 5367 3695 5437 συμπλέκεται,
3729 5362 3823 5414 καὶ
3846 5358 4027 5418 ἁπλῶς
4055 5355 4282 5408 ἐκείνων
4313 5350 4528 5443 πάντων

2964 5461 3243 5524 διασώζων
3286 5459 3379 5511 τὸν
3407 5456 3599 5518 τύπον,
3646 5454 3855 5520 ὅσαπερ
3904 5451 3939 5518 ἡ
3975 5446 4178 5511 ταύτης
4226 5440 4395 5494 εἰκὼν
4429 5436 4529 5491 ὑπὸ

2967 5554 3076 5606 τῶν
3107 5551 3438 5621 γραψάντων
3466 5547 3634 5614 αὐτὴν
3656 5547 3791 5615 ἡμῖν
3824 5540 4047 5605 ἔδειξεν.
4086 5534 4179 5597 Ἐξ
4209 5528 4285 5585 ὧν
4315 5532 4379 5599 δὴ
4407 5530 4531 5621 πάν-

2965 5663 3073 5699 των
3115 5643 3433 5709 συνάγεται,
3468 5639 3543 5700 ὡς
3594 5637 3654 5689 τὺ
3700 5633 3924 5700 νικῆσαι
3973 5627 4239 5697 πρόδηλον
4284 5625 4398 5691 ἔχει
4436 5620 4529 5685 τῆς

2968 5740 3177 5798 εἰκόνος
3224 5734 3604 5803 πρωτότυπος,
3655 5728 3771 5782 ἀνθ’
3801 5720 3875 5779 ὦν
3925 5740 3989 5791 γε
4038 5721 4176 5789 πρὸς
4238 5716 4528 5769 ἀντίπαλον

2969 5830 3264 5885 ἀποδύεται
3304 5822 3721 5893 εὐεπιχείρητον
3752 5819 3847 5871 καὶ
3866 5814 4073 5884 νωθρόν
4099 5829 4111 5840 ·
4137 5812 4247 5869 τοῖς
4278 5809 4335 5860 δὲ
4377 5807 4525 5871 λόγον

2973 5922 3319 5991 ποιουμένοις
3350 5917 3444 5985 τῆς
3472 5915 3544 5978 ὡς
3568 5910 3784 5981 ἀληθῶτ
3819 5908 3984 5977 ζωῆς,
4037 5904 4127 5957 καὶ
4163 5902 4331 5972 μόνης
4367 5911 4504 5965 προσ
