4748 6512
258 460 365 527 481

1694 464 1979 525 ORATIO
2023 466 2089 529 V.

3397 467 3501 532 £82

258 582 505 653 ηκούσης
550 580 879 647 ἀνθρώποις,
912 582 1046 647 ζῶσί
1079 602 1137 636 τε
1173 582 1505 653 προσήκοντι
1565 584 1827 655 σχήματι,
1858 593 1903 651 Α
1935 599 2050 637 rum
2101 600 2131 636 ο

1620 586 1827 655 [ἡματι,
1858 593 1903 651 Α
1935 599 2050 637 rum
2101 599 2264 651 opera
2310 584 2465 638 nobis
2515 584 2775 650 ostendit,
2824 583 3022 649 quilms
3075 584 3285 651 pictura
3343 589 3495 652 quasi

256 677 354 728 καὶ
383 673 633 742 λογισμῷ
673 674 740 725 τὰ
770 673 891 725 κατ’
946 676 1147 737 αὐτοὺς
1195 675 1432 727 ἰθύνουσι
1492 678 1819 747 πράγματα,

254 766 471 833 ἀγαθήν
514 784 573 821 τε
613 761 752 818 εἶναι
789 766 910 819 καθ’
957 766 1147 836 αὐτὴν,
1179 767 1276 821 καὶ
1325 767 1513 829 αὐτοῖς
1564 766 1820 836 πρόξενον

254 859 482 927 ἀγαθῶν
518 858 812 926 μεγίστων,
843 858 934 910 τὸν
960 859 1083 928 τῇδε
1120 859 1237 926 βίον
1266 859 1554 929 ἀμείψασι,
1592 863 1819 929 προσέτι

253 953 313 1005 δὲ
357 952 454 1004 καὶ
495 951 688 1020 ἡδονῆς
738 950 1116 1017 ἀλγβεστάτης
1161 967 1220 1001 τε
1266 954 1359 1004 καὶ
1403 954 1631 1021 μονίμου
1681 957 1820 1022 μετὰ

252 1043 414 1108 δόξης
443 1041 769 1109 γιγνομένης
801 1039 879 1109 τῷ
908 1041 1028 1092 τότε
1067 1039 1186 1109 βίῳ.
1230 1040 1318 1103 Ὧς
1363 1042 1429 1093 τά
1461 1058 1522 1106 γε
1576 1045 1820 1110 παρόντα

255 1133 458 1200 ἀγαθὰ,
495 1134 586 1185 καὶ
628 1131 977 1200 λαμπρότης,
1002 1130 1217 1193 ἅπασα.
1247 1132 1344 1184 καὶ
1370 1132 1400 1200 ἡ
1446 1132 1629 1201 ἡδονὴ,
1659 1134 1754 1184 καὶ
1787 1136 1821 1201 ὴ

253 1223 406 1289 δόξα,
436 1221 766 1291 ψευδώνυμά
817 1225 940 1276 τινα
982 1222 1101 1275 ἐστι
1132 1224 1227 1275 καὶ
1282 1222 1476 1292 μικρὰ,
1513 1225 1609 1276 καὶ
1664 1224 1824 1293 μόγις

253 1335 362 1370 που
411 1320 475 1386 τῇ
530 1306 693 1386 χρείᾳ
746 1319 1275 1387 ωμπαραμένοντα.
1345 1320 1454 1372 Καὶ
1528 1319 1710 1371 πάντα
1765 1317 1822 1371 δὲ

252 1406 457 1464 ἐκεῖνα.
489 1404 589 1457 ὅσα
624 1405 862 1475 ζητητέα
887 1410 1020 1476 ἡμῖν
1042 1409 1213 1470 ἐστιν,
1249 1408 1309 1461 οὐ
1334 1408 1533 1478 μᾶλλόν
1562 1426 1624 1477 γε
1643 1408 1824 1461 αὐτῶν

249 1501 411 1553 ἓνεκα
448 1498 481 1568 ἢ
518 1499 722 1569 ἐτέρων
758 1500 968 1554 τοιαῦτ’
994 1503 1060 1556 ἂν
1118 1505 1229 1572 εἴη.
1276 1498 1370 1566 Οἷς
1410 1520 1474 1570 γε
1536 1505 1818 1573 σύστοιχόν

249 1593 365 1644 ἐστι
400 1591 496 1643 καὶ
528 1591 587 1643 τδ
614 1592 715 1654 τῆς
744 1593 938 1663 ἡδονῆς
965 1596 1175 1666 χρῆμα.
1208 1595 1521 1665 Νομίζομεν
1546 1597 1603 1649 δὲ
1650 1595 1815 1648 καλὸν

246 1677 418 1749 εἶναι,
453 1685 686 1738 ἐνταῦθα
715 1686 805 1737 τὸν
833 1683 990 1754 λόγον
1021 1687 1727 1757 κεφαλαιώσαντας,ὥσπερ
1758 1688 1816 1740 ιν

245 1779 679 1846 συμπεράσματι
712 1777 1027 1834 ἀποδοῦναι.

1928 679 2161 746 quadam
2218 682 2645 747 exprimeliatur.
2700 677 2775 731 Ex
2829 678 3028 743 quibus
3065 675 3319 747 omnibus
3363 694 3495 733 sane

1928 769 2224 836 colligitur,
2274 771 2446 840 ipsam
2484 770 2840 838 voluptatem,
2888 771 3044 838 cujus
3082 772 3264 839 imago
3295 786 3496 838 reprae-

1927 865 2261 935 sentabatur,
2290 866 2575 920 manifesto
2597 866 2873 921 victricem
2899 881 3018 921 esse
3044 878 3327 936 propterea
3351 867 3496 935 quod

1927 972 2049 1010 cum
2081 957 2399 1010 adversario
2433 970 2691 1027 superam
2720 957 2866 1013 facili
2904 967 2957 1011 et
2994 959 3188 1026 ignavo
3226 958 3277 1011 in
3313 968 3494 1010 certa-

1928 1062 2050 1100 men
2085 1049 2377 1101 descendat
2410 1063 2425 1101 :
2460 1066 2581 1103 cum
2619 1051 2762 1112 aliis.
2798 1050 2889 1120 qui
2918 1064 3059 1104 verre
3089 1051 3234 1111 vitae.
3267 1062 3493 1117 quaeque

1922 1139 2237 1195 hominibus
2271 1142 2382 1196 sola
2417 1144 2699 1212 competit,
2730 1146 2999 1198 rationem
3030 1143 3255 1207 habent,
3280 1151 3342 1195 et'
3362 1156 3492 1195 con-

1922 1233 2162 1287 venienti
2195 1250 2317 1289 cum
2348 1236 2614 1303 dignitate
2649 1238 2853 1301 vivunt,
2893 1238 3086 1307 resque
3126 1252 3253 1291 suas
3283 1237 3494 1291 ratimie

1925 1324 2296 1391 moderantur,
2327 1328 2467 1381 bona
2502 1342 2597 1395 per
2627 1343 2686 1383 se
2714 1330 2806 1392 sit,
2841 1339 2895 1383 et
2928 1329 3162 1383 maxima
3194 1329 3333 1383 bona
3362 1343 3494 1383 con-

1922 1413 2095 1479 ciliet,
2131 1417 2219 1469 ubi
2248 1419 2314 1470 de
2356 1417 2457 1472 hac
2488 1420 2595 1472 vita
2634 1411 3364 1491 migrarunt.praetereaque
3392 1433 3495 1471 vo-

1925 1508 2183 1576 luptatem
2215 1510 2558 1564 verissimam
2591 1527 2655 1567 ac
2682 1513 3007 1577 durabilem,
3034 1526 3155 1565 cum
3197 1511 3367 1579 gloria
3404 1509 3484 1563 vi-

1924 1605 1991 1651 ta:
2054 1609 2323 1653 secutura:
2372 1603 2740 1667 convenienti,
2780 1604 2975 1670 pariat.
3030 1601 3295 1656 Nimirum
3349 1615 3488 1668 pra:-

1924 1688 2101 1742 sentia
2135 1689 2296 1755 bona,
2342 1693 2597 1761 splendor
2624 1696 2936 1757 universus,
2982 1678 3250 1763 voluptas,
3295 1694 3491 1762 gloria,

1923 1794 2060 1835 vana
2092 1784 2341 1849 quaedam
2401 1786 2622 1840 nomina
2677 1797 2803 1842 sunt
2832 1797 2887 1841 et
2921 1803 3008 1842 res
3041 1788 3231 1852 exiles,
3263 1799 3493 1856 qua-que

240 1870 333 1922 vix
388 1872 452 1922 ad
493 1886 649 1925 usum
699 1872 1185 1938 necessitatemque
1233 1871 1463 1936 durant,
1511 1872 1805 1942 omniaque
1846 1872 2000 1939 adeo,
2057 1890 2398 1945 quaecunque
2457 1879 2616 1933 nobis
2662 1882 2953 1949 quaerenda
3023 1889 3170 1943 sunt,
3225 1895 3328 1933 nou
3380 1887 3488 1932 tam

239 1984 341 2021 sua
371 1983 532 2022 causa
564 1983 725 2036 quam
764 1970 1016 2033 aliorum,
1061 1969 1185 2022 talia
1216 1979 1361 2036 sunt,
1397 1983 1624 2037 quorum
1660 1969 1802 2024 serie
1841 1970 2085 2041 voluptas
2115 1987 2332 2041 quoque
2370 1976 2698 2032 continetur.
2731 1978 2894 2032 [lecte
2967 1992 3099 2033 vero
3149 1992 3248 2032 nos
3315 1975 3493 2029 factu-

238 2079 331 2119 ros
360 2064 619 2127 arbitror,
656 2065 700 2119 si
730 2064 1001 2134 capitibus
1029 2064 1294 2143 orationis
1323 2066 1390 2119 ad
1415 2080 1682 2118 summam
1710 2065 1811 2118 hoc
1851 2064 1972 2119 loco
2011 2069 2302 2134 revocatis,
2352 2070 2495 2123 velut
2533 2071 2585 2125 in
2637 2072 2993 2125 conclusione
3055 2086 3171 2125 rem
3245 2071 3489 2139 cxplice-

237 2176 381 2213 mus.

308 2251 462 2307 Εἶναι
493 2254 594 2322 μὶν
626 2252 721 2306 οὖν
752 2270 894 2322 φημ.
931 2251 1029 2321 τὴν
1052 2251 1252 2321 ψυχὴν,
1286 2252 1379 2304 καὶ
1403 2252 1582 2305 πάντα
1611 2252 1676 2305 τὰ
1708 2254 1803 2305 αὐ·
1835 2257 1881 2316 Β
1983 2252 2083 2306 Aio
2130 2252 2180 2321 ig

1611 2252 1676 2305 τὰ
1708 2254 1803 2305 αὐ·
1835 2257 1881 2316 Β
1983 2252 2083 2306 Aio
2130 2252 2297 2321 igitur
2334 2260 2388 2305 et
2416 2252 2656 2306 animum
2689 2262 2743 2308 et
2784 2270 2977 2309 omnes
3021 2255 3138 2323 ejus
3167 2266 3370 2321 partes,
3404 2256 3482 2310 uti

230 2347 336 2413 τῆς
369 2347 535 2415 μέλη.
563 2347 639 2408 ὡς
672 2346 739 2399 ἄν
770 2364 852 2407 τις
888 2348 1055 2411 εἴποι,
1084 2349 1178 2399 καὶ
1212 2347 1311 2406 τὰς
1335 2345 1617 2414 δυνάμεις,
1650 2348 1799 2415 παρὰ

230 2437 392 2490 Θεοῦ,
442 2436 564 2499 Πῶς
594 2438 701 2505 γὰρ
735 2435 797 2488 οὖ
829 2452 844 2501 ;
878 2432 1020 2488 εἶναι
1061 2437 1116 2487 δὲ
1165 2436 1305 2488 καλὰ
1348 2438 1446 2487 καὶ
1487 2436 1689 2504 ἀγαθὰ,
1720 2435 1796 2495 ὡς

230 2531 343 2581 ἀπο
390 2527 551 2583 Θεοῦ.
593 2528 765 2580 Τοῦτο
803 2528 911 2596 γὰρ
944 2528 1144 2589 πάσαις
1194 2529 1486 2595 ἀνάγκαις.
1535 2529 1644 2581 Καὶ
1696 2526 1797 2597 τὴν

230 2621 534 2690 ὲιιιθυμίαν
581 2620 647 2673 αὖ
685 2622 870 2687 πάλιν,
898 2621 991 2675 ἅτε
1020 2623 1120 2691 τὴν
1162 2623 1344 2691 ψυχὴν
1371 2620 1687 2674 τελειοῦσαν
1716 2622 1795 2689 τῷ

231 2716 363 2782 παρ’
390 2715 590 2784 ὲιιυτής
637 2714 814 2785 μέρει,
842 2716 935 2767 καὶ
965 2716 1107 2768 κατα
1134 2715 1293 2768 τοῦτο
1321 2716 1538 2783 ἀγαθήν
1559 2732 1573 2746 ·
1602 2714 1664 2767 τὸ
1690 2715 1797 2783 γὰρ

228 2808 442 2871 ἀτελὲς,
470 2808 531 2859 οὐ
561 2807 746 2860 καλόν.
783 2809 871 2871 Ὠς
902 2808 959 2860 δὲ
989 2809 1083 2860 καὶ
1117 2809 1217 2876 τὴν
1243 2808 1440 2876 ἡδονὴν
1480 2808 1645 2877 ἔχειν,
1675 2808 1709 2879 ἦ
1737 2826 1796 2860 τε

227 2900 323 2950 τὸν
352 2897 463 2965 βίον
502 2900 633 2967 ἡμῖν
674 2901 979 2968 συνίστησι,
1012 2900 1106 2952 καὶ
1152 2899 1219 2951 δι’
1250 2899 1317 2968 ἢν
1363 2899 1423 2951 τὸ
1466 2899 1795 2968 ἐπιθυμητι-

228 2992 329 3045 κὸν
363 2994 585 3060 ἐνεργόν
631 2996 779 3045 ἐστιν
814 2997 870 3046 ἐν
910 2995 1066 3063 ἡμῖν,
1100 2993 1194 3047 καὶ
1233 2994 1328 3062 οὐχ
1363 2994 1437 3055 ὡς
1488 2995 1681 3064 νεκρὸν
1708 2997 1797 3048 οὐ·

226 3084 365 3137 τωσὶ
411 3088 684 3153 κείμενον,
715 3086 947 3156 δυνάμει
987 3088 1147 3155 μόνον
1184 3088 1243 3139 τὸ
1276 3087 1470 3140 ἑαυτοῦ
1516 3088 1793 3155 κεκτημέ-

226 3196 341 3232 νον.
372 3181 482 3232 Καὶ
529 3180 832 3247 ὲπειδηπευρ
864 3181 1016 3233 ταῦτ’
1056 3181 1230 3242 οὕτως
1283 3181 1417 3249 ἔχει,
1450 3183 1539 3232 καὶ
1587 3180 1655 3233 τὰ
1694 3180 1794 3248 τῆς

226 3272 514 3340 ζητήσεως
561 3275 711 3330 τέλος
763 3272 928 3340 iuet,
967 3274 1059 3324 καὶ
1092 3271 1297 3339 ἀγαθὸν
1344 3273 1405 3325 τὸ
1450 3275 1550 3341 τῆς
1598 3272 1791 3341 ἡδονῆς

226 3365 362 3432 ἡμῖν
392 3364 766 3416 ἀποδέδεικται
799 3363 991 3433 χρῆμα
1024 3365 1134 3414 τῶν
1168 3382 1226 3415 τε
1261 3364 1435 3416 ἄλλων
1483 3366 1666 3425 ἓνεκα,
1700 3366 1794 3415 καὶ

223 3455 301 3514 ὡς
341 3454 448 3506 ἀπὸ
472 3453 609 3506 Θεοῦ
643 3455 926 3524 δεδομένον
957 3457 1021 3524 τῇ
1051 3472 1111 3507 τε
1153 3456 1343 3524 λογικῇ
1377 3457 1470 3507 καὶ
1498 3456 1789 3526 αίσθητικῇ

225 3544 389 3609 φύσει
412 3561 427 3576 ο
452 3545 508 3596 τί
546 3545 611 3614 δὴ
653 3545 753 3615 ζῇς
790 3545 818 3596 ὁ
856 3545 955 3613 τὴν
991 3547 1181 3614 ἡδονὴν
1226 3546 1412 3607 ἁπλῶς
1454 3546 1794 3610 διαϐάλλων;

1916 2347 2038 2415 quis
2064 2362 2157 2399 eas
2204 2348 2578 2414 appellaverit,
2627 2362 2927 2415 omnesque
2959 2347 3265 2413 facultates,
3311 2364 3340 2402 a
3373 2348 3483 2402 Deo

1914 2454 2055 2493 esse.
2090 2438 2367 2511 Cur‘enim
2416 2454 2523 2493 non
2557 2439 2713 2492 sint?
2751 2437 2941 2492 Itidem
2971 2454 3092 2493 cum
3133 2454 3161 2492 a
3203 2440 3314 2494 Deo
3347 2442 3475 2507 sint:

1913 2547 2039 2587 esse
2067 2546 2153 2587 res
2175 2532 2422 2601 egregias
2455 2541 2512 2586 et
2532 2530 2705 2585 bonas
2727 2550 2741 2588 :
2767 2548 2891 2585 nam
2925 2533 3028 2586 hoc
3054 2533 3273 2587 omnino
3299 2544 3485 2587 neres,

1915 2620 2115 2673 sarium
2152 2628 2252 2673 est.
2300 2619 2509 2675 Rursus
2545 2619 2842 2688 appetitum
2900 2635 3115 2689 quoque
3164 2635 3287 2674 cum
3330 2621 3477 2687 adjev

1913 2711 2096 2766 ctione
2136 2711 2305 2778 partis
2347 2726 2459 2765 suae
2508 2711 2812 2780 perfectum
2864 2713 3163 2766 constituat
3211 2712 3476 2778 animum,

1912 2809 2016 2863 hac
2050 2809 2166 2877 ipsa
2212 2809 2279 2863 de
2304 2823 2465 2863 causa
2507 2810 2705 2864 bonum
2745 2823 2888 2874 esse;
2940 2825 3064 2864 nam
3095 2813 3239 2878 quod
3281 2813 3479 2882 imper-

1913 2899 2138 2964 fectum,
2162 2901 2363 2955 bonum
2383 2916 2502 2955 esse
2525 2903 2732 2971 nequit.
2767 2901 3022 2961 Eamdem
3055 2920 3176 2958 esse
3206 2906 3471 2961 rationem

1915 2993 2229 3061 voluptatis.
2263 3008 2383 3062 qua:
2413 2994 2579 3046 vitam
2616 3002 2857 3047 nostram
2889 2994 3065 3060 fulcit,
3096 3010 3152 3051 et
3190 3013 3286 3065 per
3315 3015 3474 3069 quam

1910 3086 1990 3139 vis
2019 3096 2275 3152 appetens
2310 3086 2362 3137 in
2397 3084 2552 3139 nobis
2586 3096 2668 3140 est
2696 3086 2907 3149 eﬂicax,
2937 3103 3037 3141 nec
3064 3091 3220 3156 quasi
3256 3092 3301 3145 si
3333 3108 3477 3145 mor--

1912 3190 2001 3232 tua
2042 3178 2275 3246 iaceret,
2322 3187 2585 3247 potestate
2625 3179 2889 3234 duntaxat
2921 3181 3029 3232 vim
3062 3198 3214 3235 suam
3244 3185 3472 3242 obtinet.

1909 3271 2036 3335 Quae
2070 3284 2190 3321 cum
2223 3269 2294 3320 ita
2321 3270 2453 3331 sint,
2496 3278 2550 3323 et
2591 3270 2655 3323 ad
2690 3270 2849 3324 linem
2882 3274 3138 3339 perducta
3174 3276 3475 3341 quaestione

1903 3363 2011 3430 jam
2038 3362 2105 3415 sit
2132 3362 2589 3425 demonstratum,
2614 3361 2942 3429 voluptatem
2962 3378 3082 3418 esse
3112 3380 3223 3418 rem
3248 3367 3477 3433 bonam,

1905 3467 2029 3506 cum
2067 3452 2201 3507 alias
2235 3453 2302 3506 ol‘
2340 3448 2554 3513 causas,
2588 3464 2697 3507 tum
2729 3452 2871 3522 quod
2904 3469 2930 3506 a
2967 3455 3075 3508 Deo
3109 3466 3219 3510 tam
3246 3458 3475 3512 rationis

1906 3559 2066 3613 quam
2102 3560 2299 3598 sensus
2352 3545 2603 3613 participi
2639 3555 2845 3599 naturae
2900 3546 2969 3600 sit
3008 3561 3292 3613 concessa,
3343 3550 3472 3617 quid

225 3637 289 3688 Εἰ
322 3636 428 3706 γὰρ
457 3639 689 3707 σιωπᾷς,
721 3637 881 3700 αὐτὸς
917 3638 1023 3707 ὲρῶ
1050 3655 1130 3689 σοι
1159 3638 1472 3692 τελευταῖον
1497 3638 1626 3705 ἐγὼ.
1660 3639 1796 3710 ὅπερ
1826 3628 1866 3683 C
1907 3646 1960 3690 lu
1996 3647 2100 3689 tam

1598 3660 1626 3698 ι.
1660 3639 1796 3710 ὅπερ
1826 3628 1866 3683 C
1907 3646 1960 3690 tu
1996 3639 2208 3691 tandem
2235 3639 2339 3700 ais,
2368 3638 2461 3706 qui
2498 3638 2828 3705 voluptatem
2860 3637 3186 3707 simpliciter
3213 3641 3473 3695 crimina-

224 3730 292 3780 ἂν
325 3730 495 3798 ἡδέως
546 3728 826 3794 ἀκούσαις,
872 3724 1049 3798 οἶμαι.
1096 3730 1238 3797 Ἐγὼ
1296 3749 1390 3783 σου
1445 3732 1573 3794 τοὺς
1601 3732 1796 3800 λόγους

222 3823 600 3889 ὲπικυρώσας,
635 3822 702 3874 δι’
748 3816 824 3876 ὧν
873 3823 937 3875 σὺ
972 3823 1072 3894 τὴν
1118 3825 1301 3877 είκόνα
1346 3827 1446 3888 τῆς
1478 3825 1672 3895 ἡδονῆς
1706 3844 1794 3892 μι-

224 3912 361 3980 κροῦ
423 3914 707 3982 συντόμως
760 3914 1252 3984 ἀνεζωγράφησας,
1302 3917 1361 3969 ἓν
1410 3918 1472 3983 γέ
1527 3934 1580 3970 τι
1631 3918 1793 3986 μόνον
1856 3980 1857 3983 η

218 4006 509 4075 ἀωκυρῶ,
544 4007 606 4059 —.>.
638 4008 781 4060 κατὰ
812 4008 1029 4059 πάντων
1057 4008 1313 4061 τοσοῦτον
1346 4011 1593 4078 νομίζειν
1620 4008 1792 4080 αὐτὴν

217 4099 504 4162 όύνασοαι,
558 4100 633 4161 ὼς
663 4099 861 4169 μικροῦ
898 4102 1129 4168 μάταιον
1174 4097 1317 4154 εἶναι
1352 4104 1531 4156 πᾶσαν
1583 4101 1792 4170 ἀνθρω-

219 4190 385 4259 πίνην
410 4193 668 4261 σπουδὴν,
697 4193 989 4246 ἐθελόντων
1011 4195 1146 4262 πρὸς
1172 4196 1384 4265 ἐκείνην
1401 4194 1789 4261 ἀγωνίζεσθαι.

216 4282 279 4333 Εί
316 4281 450 4347 γοῦν
476 4286 571 4335 καὶ
599 4283 745 4352 αὑτῷ
782 4301 866 4336 σρι
895 4284 1072 4336 ταῦτα
1119 4285 1286 4351 δοκεῖ,
1326 4286 1422 4338 καὶ
1465 4286 1565 4354 τὴν
1594 4285 1790 4356 ἡδονὴν

212 4374 467 4441 νομίζεις
502 4375 602 4445 τὴν
635 4376 775 4446 ὑπὲρ
810 4378 1022 4445 χρείαν,
1054 4376 1150 4447 τὴν
1178 4377 1441 4448 ἄκοσμον,
1480 4378 1581 4449 τὴν
1611 4379 1788 4431 πάντα

211 4468 511 4538 ἐπεόλαΰῆ,
543 4468 775 4540 δυνατὴν
822 4470 922 4538 μὲν
959 4469 1245 4523 ἀσθενοῦσι
1293 4472 1394 4539 τὴν
1434 4470 1783 4540 προαίρεσιν,

209 4559 421 4627 ἀσθενῆ
448 4558 505 4611 δὲ
548 4559 872 4629 δυναμένοις
915 4560 1052 4630 ὀρθὰ
1086 4560 1421 4629 λογίζεσθαι,
1463 4562 1558 4613 καὶ
1608 4562 1785 4613 ποιεῖν

209 4651 515 4714 ἐθέλουσιν,
546 4651 937 4718 ἃλογίζονταιι
968 4640 1289 4721 εὔγνωμον,
1312 4649 1491 4723 οἶμαι,
1510 4651 1782 4720 ποιήσεις,

211 4738 363 4815 ἶν’ᾗς
381 4744 445 4794 ἐκ
469 4744 667 4812 μέρους
685 4744 954 4811 ἐπιεικὴς,
978 4744 1076 4813 ἐμὲ
1092 4744 1226 4814 πρὸς
1242 4744 1400 4797 τοῦτο
1422 4746 1590 4815 μιμοῦ
1601 4758 1785 4811 μενος.

205 4834 336 4887 οὔτε
375 4835 554 4887 πάντα
587 4852 670 4887 σοι
712 4837 804 4891 τὸν
839 4836 998 4903 λόγον
1029 4836 1382 4898 ἐπαινοῦντα,
1416 4838 1510 4890 καὶ
1553 4839 1613 4890 οὐ
1649 4838 1785 4909 πρὸς

1904 3729 2023 3782 ris?
2056 3728 2190 3782 Nam
2222 3730 2267 3782 si
2310 3730 2529 3797 quidem
2577 3729 2691 3797 ipse
2712 3730 2861 3795 siles,
2904 3733 3077 3785 dicam
3115 3748 3219 3801 ego
3252 3734 3346 3788 tibi
3377 3749 3475 3802 po-

1902 3828 2162 3873 stremum
2201 3821 2342 3889 quod
2397 3819 2660 3876 lubenter.
2689 3821 2905 3875 audies.
2931 3821 3283 3879 Confirmatis
3315 3825 3474 3893 equi-

1900 3913 2019 3966 dem
2049 3912 2307 3980 suﬂ'ragio
2331 3926 2451 3966 meo
2478 3912 2782 3968 rationibus
2806 3914 2932 3976 tuis,
2956 3916 3153 3982 quibus
3178 3915 3469 3983 imaginem

1902 4005 2195 4074 voluptatis
2231 4005 2469 4059 breviter
2496 4006 2834 4075 expressisti,
2865 4021 3032 4058 unum
3067 4008 3168 4061 hoc
3203 4007 3471 4062 duntaxat

1900 4100 2101 4166 abrogo
2131 4100 2275 4167 quod
2301 4100 2562 4152 adversus
2591 4112 2783 4152 omnes
2808 4112 2927 4151 eam
2965 4106 3172 4152 tantum
3195 4113 3355 4168 posse
3383 4113 3468 4152 ar-
3534 4134 3539 4138 ι

1896 4193 2433 4254 bitraris,ut‘va‘uum
2470 4205 2638 4260 prope
2673 4192 2745 4244 sit
2775 4206 2936 4244 omne
2981 4192 3223 4244 studium
3267 4203 3469 4248 morta-

1899 4282 2028 4337 lium
2053 4285 2144 4353 qui
2184 4294 2461 4337 certamen
2508 4282 2772 4336 adversus
2800 4298 2920 4337 eam
2968 4284 3245 4352 siiSpicere
3274 4285 3465 4340 velint.

1898 4373 2101 4430 Saltem
2134 4376 2180 4429 si
2215 4377 2327 4428 hzrc
2371 4374 2464 4428 tibi
2506 4389 2724 4443 quoque
2747 4374 3019 4438 videntur,
3045 4376 3158 4429 etsi
3195 4385 3353 4445 putas
3368 4392 3467 4430 vo-

1894 4468 2155 4536 luptatem
2194 4466 2545 4535 superﬂuam,
2573 4466 2941 4528 inhonestam,
2969 4467 3193 4520 omnino
3220 4469 3463 4535 noxiam,

1894 4560 2158 4612 valentem
2195 4558 2412 4625 quidem
2440 4572 2563 4612 esse
2590 4558 2643 4611 in
2677 4559 2743 4612 iis
2768 4572 2997 4625 quorum
3024 4559 3075 4610 in
3109 4557 3358 4627 eligendo
3384 4558 3464 4611 vis

1893 4650 2057 4704 animi
2092 4650 2281 4705 debilis
2312 4658 2417 4714 est,
2449 4659 2503 4704 at
2540 4650 2915 4711 invalidamin
2944 4649 3053 4703 illis
3083 4649 3175 4718 qui
3201 4659 3351 4703 recte
3376 4664 3464 4702 res

1892 4742 2164 4795 aestimare
2199 4750 2445 4809 possunt,
2487 4750 2541 4794 et
2568 4756 2687 4810 quae
2720 4741 2927 4795 ducunt
2960 4755 3081 4795 esse
3110 4741 3246 4794 bona
3281 4741 3463 4794 facere

1894 4834 2100 4897 volunt,
2129 4847 2346 4900 aequum
2379 4843 2430 4885 te
2464 4847 2645 4902 geres,
2676 4832 2894 4899 opinor,
2932 4840 2990 4885 ut
3021 4847 3085 4885 ex
3123 4843 3277 4898 parte
3312 4832 3462 4885 scili-

205 4929 394 4981 πάντα
456 4928 829 4998 μεμφόμενον.
889 4930 995 4981 Καὶ
1028 4929 1155 4997 μὴν,
1192 4931 1240 4981 εἰ
1288 4929 1463 4997 ἔγωγε
1523 4932 1636 4992 τοῖς
1673 4934 1783 4993 σοῖς
1818 4949 1860 5003 D
1892 4936 1977 4981 cet
2014 4943 2080 4979 nit

1580 4932 1636 4992 ιτς
1673 4934 1783 4993 σοῖς
1818 4949 1860 5003 D
1892 4936 1977 4981 cet
2014 4926 2325 4980 moderatus
2370 4926 2468 4989 sis,
2508 4924 2819 4993 exemplum
2855 4939 3032 4977 meum
3061 4925 3331 4990 imitatus,
3362 4926 3455 4993 qui

204 5019 496 5089 συμφαίην
546 5020 606 5085 ἐξ
652 5018 935 5091 ἡμισείας,
978 5023 1071 5074 καὶ
1105 5022 1170 5074 σὺ
1221 5021 1385 5074 ταυτό
1428 5038 1491 5089 γε
1547 5022 1784 5090 πράξαις

203 5113 350 5181 πρὸς
403 5111 587 5180 τάμὰ,
651 5112 970 5182 συνᾴδοντες
1026 5111 1275 5181 ἀλλήλοις
1333 5112 1779 5181 εὐρεθησόμεθα’

202 5204 508 5273 καλλίστην
562 5204 682 5272 μὲν,
739 5205 832 5257 καὶ
886 5204 1119 5274 ἀγαθὴν,
1175 5204 1269 5257 καὶ
1328 5203 1629 5273 ὠφέλιμον,
1682 5204 1782 5275 τὴν

200 5297 515 5364 ἀναγκαίαν
554 5298 646 5350 καὶ
696 5296 934 5365 κοσμίαν
972 5298 1169 5366 ἡδονὴν
1216 5298 1689 5367 ἀνακηρύττοντές
1718 5315 1779 5350 τε

197 5394 301 5445 καὶ
328 5392 761 5459 ἀποφαίνοντες·
795 5390 895 5459 τὴν
924 5390 980 5444 δὲ
1015 5390 1418 5454 πλεονάζουσάν
1448 5408 1505 5443 τε
1538 5392 1632 5442 καὶ
1652 5392 1779 5445 ἄκο-

199 5504 231 5538 σ
241 5504 347 5555 μον
376 5484 692 5537 τούναντίον
719 5484 780 5537 οὗ
816 5484 1011 5554 καλὴν,
1037 5484 1157 5537 οὐδὲ
1179 5484 1414 5553 ἀγαθὴν,
1440 5483 1551 5536 οὐδ’
1580 5482 1776 5551 ὠφέλι-

198 5595 343 5646 μον*
378 5579 473 5635 καὶ
513 5579 637 5640 τοὺς
675 5577 810 5646 αὐτῇ
860 5591 924 5643 γε
959 5578 1284 5646 χρωμένους
1316 5578 1415 5629 οὐκ
1466 5579 1524 5629 ἐν
1578 5575 1773 5647 καιρῷ,

194 5671 313 5722 οὐδ’
358 5671 417 5721 ὲν
452 5671 660 5739 μέτρῳ,
712 5669 789 5740 μὴ
841 5672 973 5740 παρ’
1003 5669 1200 5738 αὐτῆς,
1254 5668 1369 5720 ἀλλ’
1415 5667 1629 5721 οῐκοθεν
1677 5670 1776 5734 τὴν

195 5762 410 5832 βλάϐην
454 5762 799 5836 δεχομένους,
833 5763 907 5827 ὡς
961 5765 1101 5831 σφᾶς
1156 5762 1352 5825 αὐτοὺς
1406 5762 1773 5824 ἐκδεδωκότας

190 5859 323 5919 ταῖς
376 5858 815 5927 παραχρήσεσιν.
864 5858 1016 5909 Ἐπεὶ
1064 5858 1155 5909 καὶ
1202 5856 1377 5908 πάντα
1408 5853 1501 5905 τοῦ
1558 5852 1673 5923 βίον
1709 5855 1774 5908 τὰ

197 5954 264 6019 ἁ]
280 5950 385 6005 αθὲι
421 5952 495 6013 εἰς
524 5950 693 6005 κακὸν
720 5951 805 6015 ἂν,
839 5952 913 6014 ὡς
940 5951 1138 6017 εἰπεῖν,
1169 5947 1485 6022 μεταϐάλοι,
1516 5948 1567 5999 ετ
1598 5965 1681 6010 τις
1710 5965 1770 6017 γε

1889 5036 1990 5075 nec
2024 5034 2238 5072 onmem
2270 5018 2573 5072 oralionem
2604 5028 2751 5071 tuam
2781 5017 2965 5078 laudo,
2995 5031 3094 5070 nec
3129 5016 3181 5068 in
3207 5019 3458 5072 erunibus

1888 5112 2249 5182 reprehendo.
2275 5111 2434 5177 Atqui
2463 5110 2506 5162 si
2546 5110 2653 5162 tuis
2672 5124 2769 5178 ego
2802 5110 3075 5162 assentiar
3107 5126 3169 5161 ex
3201 5110 3451 5175 semisse,

1892 5217 2058 5273 tuque
2090 5202 2331 5255 vicissim
2369 5203 2422 5256 in
2463 5202 2598 5255 meis
2632 5202 2773 5253 idem
2830 5200 3045 5262 leceris,
3104 5199 3242 5252 alter
3295 5200 3450 5253 alteri

1888 5295 2203 5349 consentire
2253 5294 2744 5362 deprchendemur,
2776 5294 2866 5361 qui
2905 5292 3359 5360 pulcherrimam,
3400 5302 3454 5345 et

1888 5388 2106 5449 bonam,
2137 5396 2191 5439 et
2212 5387 2396 5439 utilem
2428 5384 2784 5452 praedicemus
2810 5399 2872 5438 ac
2896 5385 3310 5451 pronuntiemus
3334 5399 3451 5437 eam

1883 5482 2210 5548 volnpiatem
2236 5494 2358 5547 quae
2391 5478 2722 5541 necessaria,
2756 5492 2874 5546 qua:
2899 5476 3103 5531 decens
3131 5491 3195 5530 ac
3228 5478 3455 5530 honesta

1883 5574 1994 5637 sit;
2030 5572 2256 5642 viceque
2295 5588 2449 5627 versa
2490 5586 2595 5625 non
2628 5572 2937 5635 honestam,
2974 5584 3072 5623 nec
3103 5570 3320 5633 bonam,
3355 5582 3456 5627 nec

1886 5665 2096 5728 utilem,
2129 5678 2251 5731 quae
2282 5664 2498 5716 modum
2533 5664 2761 5716 excedat
2795 5672 2848 5714 et
2892 5675 3088 5730 expers
3123 5661 3194 5716 sit
3222 5661 3404 5714 decori
3436 5679 3449 5711 :

1884 5758 1975 5828 qui
2001 5757 2237 5825 denique
2268 5758 2545 5823 voluptate
2573 5770 2676 5807 non
2707 5762 3009 5822 opportune
3039 5768 3138 5806 nec
3174 5755 3450 5805 moderate

1884 5860 2126 5911 utantur,
2165 5864 2258 5903 eos
2281 5864 2384 5901 nou
2420 5865 2446 5899 a
2483 5846 2772 5916 voluptate,
2811 5847 2904 5900 sed
2936 5845 3135 5913 seipsis
3165 5846 3451 5897 detrimen-

1886 5955 1993 5999 tum
2031 5944 2297 6014 accipere,
2336 5958 2458 5996 cum
2506 5941 2712 6010 scipsos
2742 5940 2998 5995 abusibus
3032 5940 3250 6005 dedant,
3282 5954 3437 6008 clitan-
