4748 6512
193 541 301 606 485

1615 529 1904 592 ORATIO
1936 530 2031 594 Vl.
2071 481 2074 485 ‘

3311 527 3418 592 486

184 660 365 730 ὀργῶν
417 657 511 711 καὶ
551 653 903 725 φλεγμαῖνον.
954 651 1063 706 Καὶ
1100 648 1282 710 ἁπλῶς
1330 646 1386 700 δὲ
1422 648 1587 702 πᾶσιν
1616 643 1748 713 ἑξῆς
1779 652 1823 706 Α
1854 643 2059 700 Ιιεεθτὶι

1544 664 1587 698 ιν
1616 643 1748 713 ἑξῆς
1779 652 1823 706 Α
1854 643 2090 700 Ιιαιεετίι.
2155 643 2546 714 imponendum
2595 651 2775 697 autem
2823 640 3030 697 vulneri
3088 642 3419 696 conveniens

182 753 325 805 οὕτω
349 767 412 817 γε
444 747 738 820 βοηθητέον
773 748 889 809 ταῖς
921 743 1160 814 γνησίοις
1195 740 1490 812 βοηθείαις,
1523 740 1619 792 καὶ
1645 741 1745 794 οἰκ

183 842 520 914 ἀπξδούααις
563 841 657 893 τοῦ
688 838 987 910 χρῄζοντος
1031 836 1130 905 τῆς
1176 833 1308 905 παρ’
1336 833 1491 904 ἡμῶν
1523 849 1746 901 συμμα-

183 936 327 1003 χίας.
362 933 573 994 Ἄλλως
605 931 711 1001 γὰρ
760 929 826 984 ἀν
868 931 955 998 εἴη
1006 927 1142 998 μηδὶ
1195 927 1465 997 ιγχειρεῖν
1499 923 1744 994 ἄμεινον·

183 1025 386 1094 βλάψαι
417 1026 527 1094 γὰρ
572 1024 659 1087 ἂν,
703 1023 806 1075 οὐκ
855 1007 1048 1091 enim
1075 1020 1202 1081 τοὺς
1251 1016 1342 1084 ὑφ’
1377 1016 1532 1087 ἡμῶν
1565 1031 1627 1082 γε
1657 1015 1750 1084 δῆ-

182 1116 275 1170 θεν
323 1114 741 1186 βοηθουμένους.
775 1113 850 1167 Οὐ
900 1112 1139 1183 χαλεπὸν
1182 1110 1238 1163 δὲ
1273 1105 1427 1178 οἶμαι
1477 1109 1656 1172 εὑρεῖν
1686 1109 1749 1160 τδ

181 1185 521 1275 κατάλληλον
562 1185 722 1257 τοῦτο
767 1194 1370 1272 φάρμακον.”Χορηγεῖ
1401 1198 1508 1269 γὰρ
1537 1197 1748 1249 οἴκοθεν

181 1297 367 1368 αὑτδὴ
401 1297 495 1352 τοῦ
542 1297 796 1366 Σωτῆρος
835 1293 1244 1364 φιλανθρωπία,
1279 1293 1311 1362 ὴ
1351 1291 1492 1360 μόνη
1525 1289 1748 1343 πάντων

184 1387 369 1458 ἰατρὸς
425 1387 530 1440 τῶν
583 1403 647 1454 γε
687 1383 948 1438 τοιούτων
1002 1380 1494 1454 ἀρρωστημάτων
1556 1372 1627 1450 ἦς
1675 1375 1748 1428 τὰ

183 1481 564 1552 ἁμαρτήματα
593 1481 700 1533 τῶν
743 1478 1049 1548 ἀνθρώπων
1079 1475 1332 1530 τοσοῦτον
1358 1473 1577 1525 ἔλαττον
1607 1470 1744 1539 εχει,

178 1575 309 1625 ὅσον
352 1572 462 1625 οὐδ’
504 1573 653 1625 ἔστιν
702 1567 1096 1638 ἐνθυμηθῆναι.
1131 1567 1285 1619 Ὥστ⁹
1331 1563 1439 1616 ἀπὸ
1479 1560 1747 1633 βαλϐῖδος,

182 1665 341 1731 φασὶ,
371 1663 431 1716 τὸ
468 1661 797 1734 ζητούμενον
831 1659 966 1729 ἡμῖν
999 1656 1250 1728 εὕρηται.

1854 735 2309 790 medicamentum
2361 745 2510 803 puto,
2547 735 2822 805 siquidem
2872 733 2922 786 id
2965 733 3158 786 sedare
3189 733 3420 785 velimus

1853 840 1917 878 ac
1954 839 2168 889 sanare,
2208 841 2314 880 nou
2365 841 2459 893 per
2497 841 2556 882 se
2609 839 2827 880 tumens
2874 833 2929 878 et
2959 833 3197 878 wstuans
3249 823 3420 890 magis

1852 917 2015 971 etiam
2036 917 2329 971 contrariis
2345 919 2696 973 exacerbare.
2724 917 3057 987 Simpliciter
3085 924 3266 969 autem
3292 929 3421 968 cun-

1853 1009 1958 1064 ctis
1985 1009 2087 1065 hoc
2115 1009 2278 1064 modo
2307 1012 2735 1066 succurrendum
2769 1010 2971 1064 nativis
3005 1008 3282 1066 remediis,
3307 1015 3361 1059 ct
3391 1021 3420 1058 a

1855 1105 2054 1174 quibus
2097 1105 2187 1160 ille
2217 1119 2324 1158 non
2355 1103 2667 1170 abhorreat,
2712 1105 2916 1159 auxilio
2944 1105 3036 1172 qui
3065 1114 3251 1157 nostro
3279 1101 3420 1155 indi-

1854 1207 1962 1269 get.
1998 1197 2134 1252 Nam
2185 1198 2476 1267 ceteroqui
2519 1198 2855 1266 praestiterit,
2897 1197 3033 1251 nihil
3069 1211 3168 1251 nos
3195 1195 3419 1248 omnino

1856 1289 2052 1356 moliri,
2073 1291 2270 1360 quippe
2299 1291 2709 1354 detrimentum,
2733 1305 2836 1344 non
2866 1276 3288 1344 emolumentum
3324 1301 3420 1340 ac-

1854 1377 2114 1446 ciperent.
2145 1380 2344 1446 quibus
2375 1377 2632 1433 adhibere
2663 1378 2965 1432 remedium
3004 1378 3282 1432 vellemus.
3309 1375 3420 1430 Nec

1854 1468 2078 1524 inventu
2137 1468 2351 1525 diﬂicile
2405 1469 2735 1525 conveniens
2782 1469 2908 1523 illud
2964 1469 3415 1523 medicamentum

1853 1558 2111 1613 arbitror.
2143 1560 2354 1614 Etenim
2389 1559 2441 1613 id
2482 1573 2546 1614 ex
2578 1575 2698 1616 sese
2731 1560 3042 1629 suppeditat
3084 1560 3200 1628 ipsa
3234 1557 3421 1611 Salu-

1851 1650 1986 1704 toris
2018 1664 2146 1720 erga
2179 1665 2281 1706 nos
2311 1651 2624 1716 clementia,
2670 1667 2790 1722 qum
2823 1652 2940 1708 sola
2973 1653 3184 1706 cunctis
3230 1650 3422 1720 hujus.

183 1761 330 1814 modi
361 1757 567 1814 morbis
594 1756 859 1820 medetur,
893 1763 946 1808 et
970 1769 1074 1823 qua
1109 1758 1260 1805 tanto
1296 1757 1421 1803 sunt
1449 1745 1707 1805 inferiora
1735 1743 2051 1798 mortalium
2075 1744 2292 1811 delicta,
2329 1756 2589 1815 quantum
2621 1761 2687 1800 ne
2715 1745 3009 1815 cogitando
3039 1744 3256 1814 quidem
3286 1757 3419 1798 con-

182 1854 292 1924 cipi
339 1861 532 1922 potest.
583 1848 923 1920 Quapropter
976 1848 1045 1900 ab
1099 1845 1216 1915 ipso
1269 1843 1477 1906 limine,
1540 1841 1683 1910 quod
1747 1839 1920 1906 aiunt,
1945 1839 2223 1895 inventum
2254 1841 2408 1896 nobis
2435 1839 3102 1910 estquodquazrebamus.

269 1947 412 2002 Ἀλλ’
446 1947 475 2000 6
521 1944 670 1999 δεῖνά
714 1960 802 2012 γε,
849 1941 1035 2011 φησιν,
1078 1938 1246 2007 ὕψους
1302 1938 1621 2010 ἀπεῤῥάγη,
1648 1936 1743 1990 καὶ

1920 1935 1988 1988 At
2017 1935 2162 1989 enim
2191 1935 2300 1997 ille,
2339 1935 2485 1989 dicet
2513 1934 2737 2002 aliquis,
2780 1933 3002 1987 avulsus
3044 1940 3125 1986 est
3160 1932 3226 1986 de
3249 1930 3423 1985 subli-

183 2039 516 2111 κατηνέχθη.
544 2040 640 2094 καὶ
686 2037 876 2106 γέγονέ
907 2052 958 2088 τι
994 2033 1194 2104 πτῶμα
1233 2032 1404 2085 δεινὸν
1434 2032 1605 2085 ἅπασι
1635 2033 1749 2093 τοῖς
1781 2039 1822 2095 Β
1851 2028 1945 2094 mi,
2011 2029 2058 2082 dt

1544 2049 1605 2084 σι
1635 2033 1749 2093 τοῖς
1781 2028 1945 2095 Bmi,
2011 2029 2375 2096 deorsumque
2425 2027 2645 2096 lapsus,
2698 2042 2762 2082 ac
2819 2026 2990 2080 ruinae
3050 2022 3419 2094 spectaculum

183 2134 377 2187 τοῦτον
424 2133 612 2203 ὁρῶσι.
649 2131 759 2184 Καὶ
807 2129 859 2182 τί
901 2129 1057 2182 ταυτὶ
1109 2126 1247 2197 πρὸς
1292 2126 1354 2178 τὸ
1404 2124 1747 2191 ἀπογνῶναι;

184 2225 527 2294 Βουληθῆναι
570 2224 651 2277 δεῖ
700 2221 880 2292 μόνον,
909 2221 1006 2273 καὶ
1050 2218 1189 2289 πρὸς
1246 2217 1323 2286 τῷ
1383 2215 1752 2285 ἀπονίψασθαι

179 2321 257 2371 τὰ
303 2316 448 2370 κακά
499 2317 594 2369 καὶ⁸
641 2312 861 2382 πτηνῶν
904 2313 968 2374 ἆν
993 2310 1182 2378 τάχιον
1208 2310 1294 2362 ἔπ’
1321 2307 1492 2378 αὐτὴν
1514 2306 1752 2376 τὴντῶν

183 2411 370 2464 καλῶν
403 2407 611 2462 ἀνέλθοι
649 2405 915 2475 κορυφήν.
946 2403 1105 2471 Λέγω
1152 2403 1210 2455 δὲ
1239 2400 1494 2471 βούλησιν
1527 2401 1620 2453 νῦν
1654 2399 1753 2467 τὴν

181 2504 278 2557 διὰ
319 2504 429 2556 τῶν
476 2501 654 2570 ἔργων
697 2495 1186 2568 μαρτυρουμίνηνο
1218 2494 1279 2548 οὐ
1307 2495 1415 2563 γὰρ
1444 2493 1613 2554 ιστιν,
1653 2491 1754 2544 οὐκ

180 2598 339 2650 εστιν
377 2595 450 2657 ώς
482 2591 719 2662 ἀληθῶς,
755 2590 1114 2660 θελήσαντας,
1142 2588 1436 2656 ἀποτυχεῖν
1483 2584 1578 2638 τοῦ
1628 2601 1754 2636 σκο-

183 2688 317 2744 ποῦ.
359 2687 453 2740 Ἐκ
503 2685 613 2754 γὰρ
665 2683 762 2736 τοῦ
812 2682 887 2752 μὴ
941 2679 1226 2744 βούλεσθαι
1272 2679 1488 2748 ἰαθῆναι
1538 2677 1606 2730 τὰ
1653 2675 1755 2745 τῆς

180 2779 370 2848 ψυχῆς
426 2775 728 2845 παθήματα
781 2772 1062 2843 ἀπιμένειν
1119 2770 1311 2824 εἴωθεν
1365 2772 1537 2840 ἡμῖν·
1577 2768 1652 2830 ώς
1688 2768 1755 2822 ἂν

183 2868 536 2937 ἀντιστῶμεν
561 2867 844 2935 γενναίως,
881 2864 1004 2918 οὐδὲ
1030 2863 1130 2935 τὴν
1172 2862 1347 2934 ἀρχὴν
1393 2860 1751 2930 εἰσκωμάζει.

184 2962 270 3014 Τό
302 2978 360 3014 τε
390 2962 496 3029 γὰρ
521 2958 822 3027 γεγονέναι,
853 2955 913 3008 τό
939 2972 996 3008 τε
1029 2953 1496 3024 διαμεμενηκέναι
1526 2953 1753 3016 κακοὺς,

184 3053 290 3109 καὶ
347 3049 412 3105 αὖ
463 3050 524 3105 τὸ
572 3049 809 3118 ἀγαθοὺς
853 3041 1014 3109 εἶναι.
1065 3047 1160 3100 καὶ
1209 3045 1513 3116 διαρκέσαι,
1541 3045 1756 3098 οίκοθεν

186 3144 383 3213 σαφῶς
414 3144 526 3207 τοῖς
550 3139 878 3212 ἀνθρώποις.
907 3139 984 3194 Οὐ
1011 3139 1120 3209 γὰρ
1147 3137 1284 3203 ἐστι,
1315 3137 1515 3201 καλοὺς
1544 3135 1757 3189 ὲθίλον-

183 3254 294 3299 τας
345 3231 505 3300 εῖναι,
560 3235 666 3287 τινὶ
717 3231 828 3286 τῶν
903 3230 1140 3302 θύραθεν
1198 3228 1491 3299 βιασθῆναι
1552 3228 1756 3292 κακοὺς

184 3325 447 3395 γενέσθαι
477 3342 491 3356 ·
537 3325 660 3379 οὐδὶ
708 3324 944 3394 φαύλους
987 3323 1280 3392 γεγονότας
1339 3321 1430 3375 διά
1488 3320 1756 3390 κακίστην

187 3383 535 3490 ⁸προαίρεσιν,
554 3415 670 3472 εἶτα
695 3383 769 3489 ειη
801 3383 1185 3487 διορθωθῆτναι,
1207 3383 1367 3469 τοῦτο
1401 3383 1754 3486 θελήσαντας.
1782 3383 1828 3447 C

188 3512 312 3566 Καὶ
349 3511 398 3564 εἰ
427 3508 584 3563 τοῦτό
614 3526 676 3578 γε
712 3508 933 3578 ἀληθὲς,
965 3506 1195 3578 εὓρηται
1229 3509 1288 3560 τὸ
1317 3506 1630 3576 φάρμακον,
1664 3506 1760 3559 καὶ

188 3608 226 3674 ἡ
265 3605 366 3671 τῆς
412 3600 777 3675 ἀπογνώσεως
810 3600 1134 3672 ὑπεχώρησε
1180 3600 1356 3660 νόσος.
1385 3599 1514 3664 Ναὶ,
1549 3600 1716 3668 φησίν
1742 3612 1757 3630 ⁸

189 3694 314 3748 ἀλλ’
337 3686 489 3756 οὗτός
518 3710 582 3761 γε
616 3696 644 3746 6
675 3692 918 3762 σχέτλιος
941 3691 1288 3762 τραυματίας
1318 3692 1507 3759 γέγονε
1539 3693 1759 3745 πάντων

193 3788 328 3855 ἑξῆς
377 3787 489 3838 τῶν
536 3786 763 3839 παθῶν·
803 3785 899 3837 καὶ
950 3783 1214 3844 πολλάκις
1273 3783 1466 3845 ἰαθεὶς,
1498 3783 1761 3844 πολλάκις

192 3882 366 3934 πάλιν
395 3880 678 3948 τέτρωται.
717 3878 825 3930 Καὶ
852 3877 968 3940 πῶς
1002 3875 1068 3929 ἂν
1099 3877 1212 3946 ἔχοι
1242 3874 1601 3944 διορθωθῆναι
1627 3893 1640 3939 ;
1670 3875 1762 3945 Μὴ

193 3971 531 4042 ἀτεογνῶμεν
575 3970 666 4024 τδν
710 3968 1020 4039 ἄνθρωπον.
1075 3969 1176 4022 ’Ἂν
1215 3967 1324 4036 γὰρ
1368 3969 1399 4037 ἠ
1451 3967 1642 4036 καιρία
1689 3967 1763 4036 μὴ

193 4064 601 4136 παραγένηται,
628 4062 726 4132 τὴν
769 4062 1079 4128 ἀπόγνωσιν
1131 4059 1294 4128 λέγω.
1333 4059 1550 4130 ἰάσιμόν
1597 4075 1660 4127 γε
1705 4058 1764 4111 τδ

195 4154 379 4219 πάθος
417 4155 528 4217 τοῖς
555 4151 900 4224 βουλομίνοις
931 4149 1027 4221 τὴν
1060 4150 1302 4219 ἰατρείαν
1334 4149 1583 4217 ἀσμένως
1611 4146 1766 4214 δέξα-

196 4245 352 4300 σθαι.
383 4243 444 4296 Εἰ
493 4243 600 4310 γάρ
654 4239 728 4311 μὴ
775 4239 966 4295 τοῦτον
1006 4239 1097 4294 τὸν
1140 4241 1342 4309 τρόπον
1385 4234 1496 4310 εἷχε
1547 4238 1613 4292 τὰ
1643 4239 1766 4293 καθ’

191 4337 374 4405 ἡμᾶς,
409 4333 516 4386 οὐδ’
559 4332 626 4386 ἀν
667 4329 748 4395 εἷς
801 4329 1022 4393 πάντως
1069 4330 1272 4402 ἰσώθη.
1317 4331 1403 4393 Ὠς
1440 4330 1549 4402 γὰρ
1593 4331 1766 4394 οὐδεὶς

1853 2122 2008 2176 triste
2039 2119 2215 2175 factus
2231 2119 2519 2175 universis.
2547 2119 2684 2185 Quid
2709 2120 2853 2174 istaec
2874 2121 2938 2172 ad
2967 2114 3424 2186 desperationem?

1855 2214 2147 2270 Voluntate
2202 2214 2462 2268 duntaxat
2508 2227 2643 2281 Opus
2693 2212 2983 2270 estanimi.
3041 2225 3146 2280 qua
3201 2209 3312 2274 liet,
3365 2216 3424 2261 ut

1855 2307 2074 2361 ablutus
2109 2322 2138 2360 a
2172 2307 2321 2361 vitiis
2354 2306 2522 2360 etiam
2558 2321 2722 2374 supra
2757 2306 3047 2358 volucrum
3079 2302 3420 2358 celeritatem

1855 2399 1922 2453 ad
1967 2399 2140 2468 ipsum
2202 2398 2470 2453 honorum
2501 2398 2715 2452 culmen
2766 2398 3047 2462 ascendat.
3080 2396 3422 2449 Voluntateui

1853 2506 1984 2546 vero
2040 2506 2185 2546 nunc
2214 2506 2337 2547 eam
2372 2491 2492 2545 dico
2517 2507 2637 2560 qure
2674 2489 2984 2544 testimOnia
3019 2488 3286 2542 factorum
3318 2486 3421 2539 hac

1856 2586 1986 2648 bet‘;
2041 2585 2241 2655 quippe
2301 2585 2416 2639 ﬁeri
2472 2583 2680 2652 nequit,
2711 2582 2896 2652 nequit
2931 2580 3156 2635 omnino
3185 2579 3324 2642 lieri,
3359 2587 3422 2632 ut

1856 2678 1945 2747 qui
1984 2678 2518 2746 voluerint,scopum
2556 2691 2662 2731 non
2693 2676 2981 2745 attingant.
3017 2672 3149 2726 Nam
3178 2670 3302 2741 quia
3331 2685 3423 2725 sa-

1857 2777 1974 2827 nari
2009 2772 2280 2837 nolumus,
2324 2771 2524 2825 idcirco
2559 2771 2611 2823 in
2655 2770 2810 2824 nobis
2848 2767 3014 2822 animi
3046 2766 3172 2819 vitia
3223 2766 3424 2820 durare

1857 2874 2286 2919 consueverunt:
2321 2863 2520 2934 quippe
2563 2863 2610 2916 si
2649 2860 2968 2915 resistamus
3004 2857 3240 2920 fortiter,
3272 2872 3427 2925 pror-

1856 2971 1948 3011 sus
1977 2957 2028 3010 in
2061 2957 2274 3011 animos
2289 2971 2352 3012 ea
2383 2970 2486 3010 non
2511 2954 2831 3024 pervadunt.
2858 2953 3065 3007 Etenim
3099 2959 3161 3006 ut
3208 2951 3339 3004 liant
3371 2956 3428 3004 et

1858 3059 2112 3106 maneant
2132 3049 2280 3116 mali,
2309 3048 2601 3116 itidemque
2633 3057 2688 3099 ut
2710 3045 2833 3101 boni
2858 3045 2964 3099 sint
2993 3057 3055 3096 ac
3077 3050 3428 3112 perseverent

1859 3145 1913 3199 in
1943 3145 2107 3208 bono,
2131 3142 2292 3198 dubio
2317 3140 2504 3210 procul
2528 3156 2594 3195 ex
2625 3154 2744 3193 sese
2771 3137 3027 3192 mortales
3047 3136 3268 3190 habent.
3290 3133 3428 3188 Nam

1860 3234 1974 3288 lleri
2008 3234 2195 3303 nequit
2221 3242 2278 3286 ut
2309 3232 2398 3300 qui
2431 3231 2556 3286 boni
2597 3244 2719 3286 esse
2749 3229 2958 3292 volunt,
2989 3230 3053 3283 ab
3085 3236 3345 3282 extranea
3371 3239 3431 3280 re

1859 3327 2110 3397 quapiam
2131 3336 2392 3395 cogantur
2419 3325 2650 3380 evadere
2671 3322 2819 3387 mali,
2839 3338 2940 3377 nec
2960 3331 3016 3376 ut
3037 3322 3070 3375 ii
3096 3323 3186 3390 qui
3207 3320 3432 3375 electio-

1861 3436 1928 3476 ne
1960 3420 2122 3474 animi
2143 3419 2377 3488 pessima
2400 3417 2524 3472 mali
2549 3415 2675 3470 lacti
2695 3426 2845 3479 sunt,
2867 3413 3064 3469 deinde
3096 3428 3202 3467 non
3248 3427 3433 3468 emen-

1861 3513 2078 3577 dentur,
2100 3513 2144 3567 si
2175 3512 2391 3581 quidem
2421 3511 2472 3564 id
2503 3508 2980 3576 voluerint.Atque
3003 3507 3106 3561 hoc
3126 3521 3256 3562 sane
3276 3507 3322 3562 si
3343 3520 3439 3560 ve-

1865 3621 1982 3660 rum
2005 3615 2107 3667 est,
2131 3605 2408 3661 inventura
2428 3611 2515 3656 est
2547 3601 3020 3663 medicamentum,
3041 3599 3259 3669 jamque
3289 3613 3436 3653 mor-

1863 3699 1966 3753 bus
1997 3697 2087 3751 ille
2134 3695 2529 3764 desperationis
2569 3695 2742 3746 victus
2785 3692 3072 3747 abscessit.
3101 3691 3244 3746 Sane
3278 3706 3428 3751 vero.

1863 3789 2072 3858 inquiet
2130 3788 2363 3856 aliquis:
2417 3796 2472 3840 at
2506 3786 2670 3841 miser
2710 3785 2810 3839 iste
2859 3784 3034 3838 factus
3064 3795 3144 3839 est
3179 3785 3436 3839 omnibus

1863 3883 2026 3952 plane
2058 3881 2200 3935 vitiis
2251 3880 2538 3944 obnoxius,
2591 3879 2895 3947 szepiusque
2924 3887 3169 3940 sanatus.
3237 3878 3438 3932 multo-

1867 3972 1966 4028 ties
1995 3972 2180 4026 eadem
2207 3980 2462 4040 expertus
2482 3977 2567 4024 est
2595 3970 2814 4024 vulnera
2839 3983 3107 4038 ;quonam
3137 3966 3298 4039 igitur
3317 3968 3436 4024 llerl

1865 4060 2027 4136 pacto
2060 4063 2230 4132 possit
2258 4061 2688 4118 utemendetur?
2723 4059 3076 4130 Nequaquam
3106 4061 3170 4114 de
3202 4060 3426 4115 homine

1870 4152 2246 4222 desperemus.
2309 4151 2519 4220 Quippe
2572 4151 2616 4205 si
2651 4151 2806 4206 letale
2849 4152 3044 4205 vulnus
3103 4152 3248 4207 haud
3287 4153 3436 4208 adsit

1875 4245 2327 4318 (desperationem
2367 4256 2543 4298 autem
2573 4242 2874 4312 intelligo).
2909 4239 3171 4300 sanabilis
3213 4245 3435 4299 morbus

1874 4347 1956 4394 est
1988 4339 2039 4392 in
2075 4336 2139 4392 iis
2163 4337 2256 4406 qui
2281 4335 2606 4391 medicinam
2637 4335 2884 4391 lubenter
2901 4337 3186 4391 admittere
3215 4337 3432 4404 volunt;

191 4426 426 4495 ἀγαθὸς,
477 4424 618 4478 κατὰ
673 4423 764 4476 τδν
817 4425 961 4477 θεῖον
1015 4423 1285 4492 χρησμὸν,
1335 4422 1443 4476 οὐδ’
1491 4421 1766 4493 ἁμαρτίας
1875 4431 2066 4500 quippe

1559 4421 1766 4491 ιαρτίας
1875 4431 2071 4500 quippe
2122 4428 2166 4484 si
2203 4445 2310 4484 non
2335 4429 2389 4482 in
2421 4430 2570 4483 hunc
2600 4430 2819 4483 modum
2853 4437 3174 4497 comparatae
3206 4444 3292 4485 res
3333 4445 3434 4484 no-

189 4520 370 4580 ὅντως
403 4516 703 4585 ἐλεύθερος,
727 4515 832 4568 κᾶν
859 4514 1174 4584 ὑπερϐάλλῃ
1207 4512 1385 4583 πολλῷ
1414 4515 1541 4576 τοὺς
1576 4514 1767 4576 ἄλλους
1874 4533 2002 4577 ιιι-ω
2031 4520 2064 4576 [ε

1576 4514 1767 4576 ἄλλους
1874 4533 2002 4577 atrae
2031 4520 2228 4583 forent,
2280 4536 2380 4575 nec
2406 4535 2544 4575 unus
2574 4520 2796 4574 omnino
2831 4519 3012 4576 salvus
3045 4520 3332 4575 evasisset.
3367 4520 3435 4576 Ut

189 4613 280 4672 εις
313 4609 531 4677 ἀρετήν.
567 4607 757 4677 Δεήσει
782 4606 965 4659 τοίνυν
1000 4606 1174 4659 ἀπασι
1196 4605 1290 4657 τοῦ
1322 4605 1622 4676 φαρμάκου
1654 4622 1769 4659 του·
1874 4613 2019 4668 enim
2047 4629 2064 4666 ι

1561 4623 1622 4658 ου
1654 4622 1769 4659 τουο
1874 4613 2019 4668 euim
2047 4625 2202 4666 neruo
2233 4612 2408 4666 bonus
2437 4621 2542 4675 est,
2569 4609 2862 4664 secundum
2886 4611 3014 4665 illud
3042 4609 3281 4665 divinum
3309 4627 3436 4666 ora-

189 4700 320 4755 τουτ
339 4717 356 4733 ο
384 4699 478 4751 καὶ
507 4698 696 4751 τούτου
722 4697 1059 4766 καταλλήλου
1080 4697 1499 4766 τετυχηκόσι,τὸ
1525 4697 1766 4750 εὐεκτεῖν
1798 4710 1844 4768 1)
1873 4703 2064 4766 culum,

1559 4697 1766 4750 ὺεκτεῖν
1798 4710 1844 4768 1)
1873 4703 2072 4766 culum,
2111 4702 2184 4756 ita
2218 4716 2315 4755 nec
2336 4716 2528 4769 reapse
2553 4701 2677 4770 quis
2711 4701 2969 4755 immunis
2997 4716 3028 4756 a
3072 4713 3315 4770 peccato,
3349 4715 3434 4758 ta-

190 4789 365 4850 tOEL;
392 4787 592 4844 ἔπεισι.
626 4787 744 4841 Κάν
774 4804 858 4850 τις
893 4786 1196 4856 ἀνθρώπων
1242 4789 1549 4859 ὑπερελάσῃ
1589 4788 1767 4858 πολλῷ
1871 4795 2029 4849 metsi

1589 4788 1767 4858 πολλῷ
1871 4795 2029 4849 metsi
2076 4794 2229 4863 longe
2287 4793 2500 4855 caeteris
2551 4793 2755 4848 virtute
2814 4801 3058 4861 praestet.
3095 4793 3437 4865 Quapropter

189 4882 278 4950 ιιῷ
324 4880 508 4950 μέτρῳ
531 4879 664 4946 ὁμοῦ
696 4879 821 4942 τοὺς
848 4878 1006 4941 ὄντας
1036 4878 1130 4931 καὶ
1161 4879 1454 4947 γεγονότας
1482 4882 1574 4932 ὲπ).
1601 4882 1770 4953 κακίᾳ

191 4972 592 5045 βεϐοημένους,
650 4971 863 5039 θρήνων
923 4969 1024 5038 μὲν
1072 4973 1153 5023 ὃτι
1197 4969 1408 5022 πολλῶν
1456 4974 1484 5024 6
1529 4973 1769 5032 τοιοῦτος

187 5068 354 5135 ἄξιος
379 5064 453 5125 ὡς
489 5063 702 5133 ἀληθῶς
727 5062 970 5131 γέγονεν,
1006 5063 1085 5116 ὅτι
1117 5061 1284 5124 καλὸς
1305 5063 1401 5115 καὶ
1429 5063 1515 5117 ἐπ’
1544 5064 1769 5131 ἀγαθοῖς

188 5159 260 5225 δη
274 5154 649 5225 μιουργηθεις,
679 5158 708 5208 6
753 5155 808 5207 δὲ
844 5154 1055 5208 πολλῶν
1104 5153 1244 5207 ἑκὼν
1279 5155 1465 5207 κακῶν
1497 5156 1593 5225 τὴν
1637 5159 1766 5209 ἑαυ-

102 5269 104 5274 ’
189 5248 298 5301 τοῦ
323 5247 533 5317 ,ψυχὴν
575 5247 888 5315 ἐνέπλησεν,
920 5245 996 5307 ώς
1034 5246 1207 5309 οὐδεὶς
1257 5246 1465 5314 ἔτερος.
1497 5247 1645 5314 Πλὴν
1677 5248 1768 5301 καὶ

186 5335 362 5402 οὗτός
394 5356 454 5406 γε
494 5339 675 5405 αὐτὸς,
709 5337 776 5392 ἂν
817 5338 1049 5408 ἐραστὴς
1086 5338 1460 5407 μανικώτατος
1496 5339 1595 5409 τῆς
1631 5341 1769 5403 ἰδίας

187 5431 546 5502 διορθώσεως
574 5429 820 5500 γινηται,
858 5431 906 5484 εἰ
961 5430 1061 5498 μὶν
1092 5430 1339 5498 ἀπογνῷ,
1374 5431 1601 5501 εὐήθης,
1633 5431 1769 5500 μᾶλ-

188 5527 292 5580 λον
356 5524 414 5576 δὲ
458 5523 704 5593 ἀνόητος,
755 5522 853 5592 τὴν
908 5521 1322 5590 φιλανθρωπίαν
1368 5524 1469 5592 τὴν
1516 5522 1766 5592 ἄπειρον,

110 5643 113 5646 ·
193 5617 486 5690 ἁμαρτίας
514 5616 690 5686 πέρας
723 5614 976 5685 ἑκούσης.
1005 5616 1154 5685 ἥττω
1179 5615 1433 5684 νομίσας.
1468 5615 1530 5668 Εἰ
1558 5615 1614 5667 δὲ
1647 5615 1767 5685 Θεῷ

194 5711 492 5784 θαρρήσας
522 5709 725 5774 οὐτοσὶ,
755 5709 866 5761 τῶν
903 5708 1006 5777 μὲν
1055 5708 1243 5762 κακῶν
1284 5708 1578 5778 ἀποσταίη,
1610 5708 1768 5761 ἀνοὲο

193 5804 362 5868 Errat
412 5799 469 5853 δὲ
529 5801 636 5853 τῶν
690 5798 871 5852 καλῶν
918 5800 1016 5868 δση
1061 5798 1309 5868 δύναμις,
1343 5798 1493 5850 οὐδὲν
1535 5798 1768 5852 κωλύσει

115 5951 118 5953 λ
190 5894 400 5947 τοῦτον
434 5893 743 5953 ἐπανιόντα,
774 5890 871 5961 τὴν
903 5891 1173 5958 προτέραν
1202 5892 1538 5944 κατάστασιν
1570 5893 1771 5946 ἐπανα-

192 5981 411 6044 λαϐεῖν,
445 5979 476 6049 ἢ
503 5982 594 6035 καὶ
625 5979 803 6050 πολλῷ
829 5980 1120 6050 παρελθεῖν
1145 5994 1160 6010 ⁸
1189 5981 1238 6033 εἰ
1272 5980 1333 6052 δὴ
1360 5983 1454 6033 καὶ
1487 5980 1765 6051 ὑπερϐολή

1870 4884 2135 4940 universis
2182 4885 2283 4939 hoc
2331 4884 2745 4947 medicamento,
2805 4885 3121 4954 ptenitentla
3177 4886 3434 4954 inquam,

1868 4993 2003 5047 opus
2047 4979 2192 5031 erit:
2227 4978 2367 5045 quod
2416 4977 2460 5030 si
2509 4977 2600 5046 qui
2675 4977 2782 5030 tale
2832 4978 2977 5030 nacti
3032 4978 3234 5033 fuerint
3277 4983 3439 5049 quale

1869 5069 2028 5124 debet
2100 5084 2258 5133 esse,
2316 5084 2439 5122 mox
2512 5077 2655 5122 recta
2730 5067 2982 5122 valetudo
3056 5083 3433 5139 recuperatur.

1871 5159 2096 5214 Etiamsi
2121 5160 2245 5229 quis
2285 5158 2469 5212 multis
2502 5157 2676 5212 modis
2696 5169 2750 5212 et
2782 5174 2874 5214 eos
2906 5160 2998 5229 qui
3035 5176 3181 5214 nunc
3208 5173 3352 5228 suul,
3385 5172 3438 5217 et

1869 5252 1959 5320 qui
2023 5251 2236 5304 fuerunt
2293 5266 2357 5304 ex
2401 5251 2698 5304 vitiositate
2752 5251 3013 5316 celebres,
3076 5256 3437 5321 superaverit,

1872 5341 2053 5396 multis
2089 5341 2176 5394 ille
2202 5341 2414 5410 quidem
2469 5341 2724 5411 lacrymis
2779 5357 2964 5396 revera
3022 5343 3237 5411 dignus,
3294 5348 3438 5415 quod

1869 5451 1990 5488 cum
2030 5444 2085 5488 et
2116 5434 2284 5488 bonus
2308 5443 2364 5487 et
2399 5436 2464 5488 ad
2486 5433 2624 5488 bona
2659 5435 2926 5500 conditus,
2981 5446 3172 5503 sponte
3197 5453 3293 5491 sua
3323 5438 3441 5505 plu-

1871 5527 2019 5582 ribus
2042 5530 2277 5580 animum
2308 5525 2652 5596 vitiis,quam
2689 5527 2825 5581 alius
2853 5529 3160 5597 quisquam,
3185 5530 3443 5598 impleve-

1871 5622 1978 5673 rit:
2020 5620 2112 5673 sed
2144 5616 2493 5672 nihilominus
2537 5617 2701 5682 idem,
2765 5618 2927 5671 modo
2973 5620 3154 5673 studio
3207 5623 3438 5688 quodam

1870 5709 2062 5763 insano
2091 5708 2480 5762 correctionem
2509 5723 2659 5763 suam
2711 5709 2964 5776 sitiverit,
2996 5711 3042 5765 si
3085 5710 3300 5779 quidem
3350 5712 3443 5765 dc-

1871 5808 2071 5866 speret,
2103 5799 2334 5852 stolidus
2363 5806 2467 5862 est,
2497 5799 2579 5852 vel
2611 5814 2798 5854 amens
2849 5803 3046 5870 potius,
3081 5803 3172 5870 qui
3205 5803 3440 5856 divinam

1873 5890 2016 5943 illam
2048 5889 2430 5957 benignitatem
2470 5889 2734 5945 inﬁnitam
2768 5903 2990 5961 peccato
3020 5893 3176 5946 linem
3212 5893 3443 5949 habente

1873 5989 2021 6049 putet
2072 5981 2380 6038 inleriorem
2432 6001 2445 6038 :
2498 5983 2579 6040 sin
2623 5983 2878 6041 collocata
2922 5985 2972 6040 in
3024 5983 3192 6042 Deum
3249 5985 3440 6040 ﬁducia
