4748 6512
1218 427 1319 491 491
2372 413 2767 474 MANUELIS
2807 409 3093 472 PALEOl

2554 413 2767 474 UELiS
2807 404 3250 472 PALEOlDGI
4319 386 4429 448 £92

1205 536 1428 605 impellit
1457 575 1471 596 ,
1500 535 1703 598 absque
1725 528 2002 584 coactione
2034 538 2214 582 tamen
2241 538 2293 582 et
2318 529 2593 592 violentia,
2621 528 2763 595 quod
2797 535 2839 587 Α
2870 521 3021 582 Θεὸς.
3068 523 3080 572 2

2562 528 2763 595 t,quod
2797 535 2839 587 Α
2870 521 3021 582 Θεός.
3068 518 3356 587 Συγχωρεῖ
3400 515 3453 566 δὲ
3503 512 3658 564 scito
3711 508 3961 576 γενέσθαι
4010 507 4067 558 οὐ
4117 505 4199 556 διὰ
4244 504 4298 553 τὸ
4355 503 4437 551 ὁὶ-

1204 633 1277 684 ita
1313 642 1420 681 rem
1451 624 1563 677 ﬁeri
1595 623 1809 676 minime
1855 621 2154 675 conveniat.
2181 619 2358 673 Animi
2416 635 2643 686 namque
2675 635 2757 673 sa-
2863 627 3015 664 καιον
3041 630 3073 677 μ

2544 635 2643 686 que
2675 635 2757 673 sa-
2863 627 3015 664 καιον
3041 608 3352 677 μόνον,ἀλλ⁹
3371 607 3449 658 ὅτι
3481 606 3569 657 καὶ
3597 602 3873 671 συμφέρον
3889 617 3938 650 τι
3961 598 4219 649 λανθάνον
4249 598 4409 661 μῖγνυ

1207 719 1355 772 natio
1388 716 1590 769 medico
1628 715 1841 783 quidem
1875 714 2070 781 indiget
2105 712 2217 766 solo
2248 711 2384 777 Deo;
2421 714 2510 766 sed
2544 713 2755 766 interim
2862 720 2951 754 ται
2981 705 3082 762 ταῖς

2565 715 2755 766 nterim
2862 720 2951 754 ται
2981 705 3098 764 ταῖς
3130 702 3437 754 κολάσεσιν.
3487 699 3548 748 Ἦ
3605 696 3716 762 γάρ
3764 694 3827 760 δὴ
3871 694 3997 760 περὶ
4041 691 4187 756 ἡμᾶς
4222 688 4435 736 ἐκείνου

1203 825 1380 862 rerum
1439 822 1502 862 ex
1542 822 1723 862 earum
1778 814 1859 859 est
1918 818 2137 857 numero
2178 819 2294 872 qua:
2363 819 2390 854 a
2441 815 2624 858 nostra
2663 823 2758 858 vo-
2866 793 3072 861 χρηστά

2556 819 2624 858 :ra
2663 823 2758 858 νο.
2866 793 3174 861 χρηστότης
3207 787 3542 858 πανταχόθεν
3589 784 3887 854 ἀναγκάζει
3928 783 4085 834 ταυτὶ
4116 779 4431 829 πιστεὶειι.

1199 905 1402 955 luntate
1431 901 1680 972 pendent.
1720 897 2095 965 Oportetenim
2131 897 2359 965 primum
2424 897 2623 953 habere
2671 915 2888 958 sensum
2941 905 3322 958 imbecillita'is
3373 917 3504 967 suat,
3556 900 3750 954 deinde
3804 911 3960 952 nosse
4034 893 4322 949 medicum.
4385 899 4442 941 et

1199 999 1261 1050 ad
1283 1013 1402 1050 eum
1436 1007 1652 1047 currere
1686 991 1841 1056 velle,
1875 991 1916 1045 si
1960 993 2049 1060 qui
2114 990 2477 1045 valetudinem
2525 995 2788 1065 integram
2866 1000 3199 1054 desiderant.
3256 1001 3598 1069 Quapropter
3648 997 3725 1050 illi
3784 995 3874 1064 qui
3931 993 4104 1059 pugnis
4167 987 4434 1040 alliciendi

1197 1101 1320 1147 sunt
1345 1090 1538 1158 (neque
1579 1086 1799 1142 nuncde
1831 1086 2074 1140 ﬁdelibus
2119 1096 2321 1141 tantum
2357 1088 2594 1158 loquor),
2627 1091 2845 1158 ipsimet
2865 1097 3084 1148 omnino
3108 1097 3207 1150 sibi
3246 1111 3530 1165 pinnarum
3594 1100 3844 1146 auctores
3890 1098 4031 1148 sunt,
4099 1100 4203 1137 non
4275 1081 4434 1133 Deus.

1197 1185 1283 1247 qui
1317 1198 1442 1236 sane
1468 1183 1728 1252 permittit
1764 1182 1863 1234 hoc
1904 1179 2041 1240 ﬁeri,
2076 1195 2179 1233 non
2204 1181 2429 1250 justitia:
2454 1197 2563 1236 suae
2593 1198 2752 1238 causa
2797 1195 3023 1248 tantum,
3048 1190 3140 1242 sed
3167 1191 3327 1241 etiam
3362 1188 3501 1257 quod
3563 1184 3763 1254 aliqui-l
3820 1183 3991 1234 tacita:
4038 1177 4284 1231 utilitatis
4335 1177 4437 1226 ad-

1198 1284 1417 1334 nai-tum
1451 1281 1520 1334 sit
1564 1280 1694 1348 ipsis
1731 1280 1928 1346 pcenis.
1986 1277 2116 1330 Nam
2165 1279 2268 1332 hoc
2323 1280 2397 1332 uti
2443 1280 2751 1344 credamus,
2794 1286 3013 1338 omnino
3055 1301 3150 1338 nos
3187 1287 3354 1354 ipsius
3401 1301 3528 1350 erga
3571 1298 3669 1336 nos
3708 1280 3919 1334 bonitas
3951 1277 4114 1344 cogit.

1269 1374 1450 1438 Quare
1499 1374 1541 1424 si
1587 1371 1698 1423 ba-c
1722 1370 1792 1423 ita
1845 1384 1902 1423 se
1948 1369 2145 1423 habere
2206 1371 2458 1424 videntur
2491 1372 2767 1440 (videntur

1201 1477 1375 1520 autem
1411 1464 1674 1528 omnino),
1717 1476 1946 1531 quonam
1980 1472 2134 1530 pacto
2167 1461 2246 1514 ias
2264 1462 2332 1516 sit
2364 1470 2421 1514 ut
2447 1462 2512 1517 de
2547 1463 2766 1516 homine

1199 1558 1280 1610 vel
1315 1556 1633 1620 pravissimo
1665 1565 1825 1624 atque
1856 1555 2088 1623 pessimo
2136 1555 2188 1608 in
2225 1555 2327 1608 hac
2358 1556 2461 1614 vita
2515 1556 2635 1624 quis
2668 1556 2764 1610 de-

1201 1659 1538 1715 speret.cum
1571 1648 1831 1700 medelam
1864 1648 1906 1698 is
1939 1648 1988 1698 in
2028 1649 2276 1699 manibus
2304 1647 2516 1709 habeat,
2562 1649 2763 1701 saluta-

1199 1757 1310 1793 rem
1342 1739 1486 1792 illam
1513 1740 1905 1806 pcenitcntiam,
1941 1741 2074 1794 sicut
2110 1749 2162 1792 et
2187 1755 2346 1808 supra
2375 1739 2576 1795 dictum
2620 1756 2763 1792 ano-

1199 1831 1282 1885 bis
1312 1841 1393 1885 est
1423 1831 1445 1884 ἲ
1476 1831 1768 1899 thuando
1819 1830 2060 1883 Salvator
2096 1831 2206 1899 ipse
2256 1832 2411 1885 nobis
2472 1833 2757 1897 promittit,

2946 1378 3006 1430 Εί
3037 1376 3128 1429 οὖν
3155 1377 3217 1445 δὴ
3253 1375 3426 1428 ταῦτα
3458 1377 3602 1427 δοκεῖ
3632 1373 3821 1440 (δόξειε
3846 1372 3890 1424 δ’
3919 1371 3982 1424 ἂν
4020 1369 4283 1431 πὶντωςλ,
4329 1353 4437 1415 ποῖ

2873 1471 3066 1537 καιρὸν
3101 1469 3220 1536 ἔχον
3257 1469 3393 1532 ἐστὶ,
3428 1468 3517 1519 τὸν
3546 1464 3798 1517 ἐνταυθοῖ
3829 1463 4163 1530 φαυλότατον
4198 1461 4292 1509 καὶ
4319 1476 4378 1525 χε
4393 1457 4438 1506 ί-

2876 1576 3056 1628 ριστον
3103 1558 3439 1625 ἀπογνῶναι,
3485 1559 3538 1608 ἐν
3569 1558 3748 1626 χεροῖν
3781 1555 3839 1604 τὸ
3891 1553 4178 1620 φάρμακον
4220 1550 4434 1616 ἔχοντα,

2866 1652 2964 1716 τὴν
3001 1649 3281 1713 σώζουσαν
3321 1649 3635 1717 μετάνοιαν,
3672 1647 3744 1707 ὡς
3779 1646 3879 1696 κὰν
3920 1646 4032 1702 τοῖς
4067 1639 4435 1710 προλαθοῦσιν

2864 1744 2996 1810 ἡμῖν
3029 1742 3277 1811 εἴρηται,
3335 1740 3484 1793 Ἐπεὶ
3513 1739 3567 1790 δὲ
3601 1738 3694 1789 καὶ
3731 1739 3757 1788 ὁ
3787 1735 4121 1804 Σωτὴρημῖν
4157 1732 4433 1797 ὑπισχνεῖ-

2865 1849 2977 1895 ται,
3001 1831 3452 1899 ἐπικαλουμένοις
3481 1828 3642 1888 εὐθὺς
3671 1825 4027 1894 παρέσεσθαι,
4051 1822 4143 1874 καὶ
4171 1821 4436 1889 πάρεστιν

1202 1937 1258 1974 se
1288 1936 1406 1973 mox
1427 1920 1792 1972 invocantibus
1824 1919 2154 1979 adfuturum,
2189 1919 2429 1988 adeoque
2463 1921 2766 1988 inaspecta-
2798 1891 2838 1946 Β
2869 1922 2933 1974 ὲκ
2959 1919 3052 1972 τοῦ

2560 1891 2766 1988 specta-
2798 1891 2838 1946 Β
2869 1922 2933 1974 ὲκ
2959 1891 3052 1972 τοῦ
3078 1891 3340 1986 ἀφανοθς,
3368 1917 3465 1971 καὶ
3494 1915 3678 1986 βοηθεῖ
3705 1891 3953 1982 φανερῶς
3978 1911 4113 1978 πρὸς
4137 1910 4239 1975 τὴν
4265 1909 4435 1974 σωτή-

1204 2013 1380 2064 bititer
1407 2009 1576 2073 adest,
1609 2017 1661 2062 et
1689 2007 1970 2062 manifesto
1995 2009 2057 2060 ad
2094 2011 2381 2062 salutarem
2410 2014 2549 2064 hanc
2575 2011 2768 2064 volun-

1205 2112 1368 2156 tatem
1401 2102 1553 2171 jmat
1603 2115 1786 2155 omnes
1813 2100 1900 2168 qui
1955 2102 2053 2153 hoc
2110 2101 2178 2153 ah
2208 2115 2271 2154 eo
2329 2101 2591 2168 ﬂagitant,
2649 2104 2768 2169 quis

1205 2196 1446 2254 obsecro,
1483 2193 1581 2245 nisi
1611 2197 1952 2246 vehementer
2005 2191 2259 2255 insaniat,
2293 2201 2435 2246 recte
2477 2193 2555 2246 vel
2591 2193 2657 2248 de
2682 2195 2766 2262 ja-

1206 2286 1446 2342 rentibus
1479 2287 1530 2338 in
1551 2287 1666 2353 ipso
1712 2286 1972 2336 malorum
2029 2284 2239 2352 gurgite
2269 2284 2637 2352 desperaverit
2667 2302 2765 2338 un-

1206 2395 1392 2450 quam,
1413 2380 1455 2433 si
1474 2377 1570 2432 soli
1592 2377 1964 2429 miswieordim
1987 2377 2343 2444 potestatique
2373 2378 2598 2431 lidentes
2625 2378 2768 2433 illius

1206 2470 1295 2538 qui
1328 2469 1494 2538 gratis
1518 2476 1712 2530 servat,
1761 2465 2115 2532 resipiscam?
2159 2463 2518 2530 Quamobrem
2564 2468 2626 2519 de
2650 2466 2767 2517 nul-

1205 2563 1274 2618 lis
1310 2564 1526 2615 oumino
1566 2559 1977 2628 desperandum.
2013 2559 2109 2610 nisi
2157 2558 2243 2624 qui
2304 2572 2492 2626 magna
2538 2557 2766 2624 quadam

1209 2655 1416 2708 insania
1452 2652 1515 2706 de
1537 2651 1730 2718 seipsis
1770 2652 2139 2717 desperarunt.
2184 2647 2314 2701 Nam
2351 2659 2566 2717 propter
2621 2665 2769 2703 acer-

1209 2762 1329 2797 vum
1386 2743 1754 2808 multiplicium
1787 2750 2128 2808 peccatorum
2183 2740 2487 2807 desperare,
2547 2739 2766 2793 stultum

1210 2836 1426 2887 omnino
1466 2833 1646 2897 fuerit,
1688 2833 1853 2884 donec
1898 2831 2057 2883 vitam
2101 2831 2240 2883 hanc
2288 2841 2608 2898 praesentem
2661 2846 2765 2882 non

1213 2923 1636 2991 deposuerimus.
1673 2921 1800 2972 Nam
1835 2919 1969 2973 velle
2005 2920 2168 2972 Deum
2223 2919 2597 2974 misericordia
2658 2937 2770 2972 n:n—

1214 3025 1322 3067 tum
1351 3011 1424 3064 uti
1454 3018 1715 3079 potestate
1746 3023 1838 3062 sua
1866 3023 1960 3076 pro
1993 3007 2056 3060 iis
2095 3006 2184 3075 qui
2219 3021 2339 3060 eum
2375 3006 2650 3070 invocant,
2678 3020 2766 3057 sa-

1213 3105 1298 3166 tis,
1323 3103 1532 3170 opinor,
1564 3108 1982 3154 consentaneum
2019 3105 2135 3150 est:
2175 3097 2311 3150 idem
2366 3098 2409 3149 si
2441 3097 2566 3166 quid
2594 3098 2768 3149 facere

2871 2028 2988 2080 ριον
3017 2009 3220 2078 ταύτην
3265 2007 3524 2078 βούλησιν
3582 2005 3716 2057 πᾶσι
3765 2003 3876 2063 τοῖς
3908 1997 4068 2052 αὑτὸν
4120 1993 4430 2062 ἐκζητοῦσι·

2869 2105 2974 2166 τίς,
3038 2105 3085 2154 εί
3120 2102 3194 2172 μὴ
3225 2101 3428 2170 σφόδρα
3463 2099 3704 2167 μαίνοιτο
3733 2094 3936 2154 δίκαιος
3966 2092 4029 2145 ἂν
4063 2090 4146 2157 εἴη
4188 2087 4318 2140 ποτὲ
4343 2088 4433 2138 καὶ

2869 2197 2995 2255 τους
3031 2196 3086 2246 ὲν
3132 2192 3279 2260 αὐτῷ
3318 2190 3394 2260 τῷ
3429 2188 3574 2260 βυθῷ
3607 2188 3714 2240 τῶν
3747 2185 3932 2237 κακῶν
3981 2181 4265 2250 κειμένους
4295 2179 4430 2229 ἀποο

2870 2286 3181 2351 γινώσκειν,
3218 2283 3354 2352 ὲλέῳ
3391 2281 3538 2351 μόνῳ
3576 2275 3932 2348 θαρροῦντας,
3974 2274 4065 2325 καὶ
4097 2275 4163 2340 τῇ
4199 2269 4430 2334 δυνάμει

2869 2380 2964 2432 τοῦ
2993 2381 3194 2447 προῖκα
3227 2376 3491 2440 σώζοντος
3512 2371 3983 2443 μεταμελομένους
4010 2387 4022 2431 ;
4047 2365 4430 2422 ’ίὲστ“οὑδένας

2872 2488 2933 2538 γε
2961 2470 3068 2524 τῶν
3094 2470 3314 2523 πάντων
3339 2465 3722 2534 ἀπογνωστέον
3749 2464 3876 2533 ἡμῖν
3902 2461 3964 2512 ἂι
3992 2461 4097 2524 εἰη,
4126 2458 4170 2506 εί
4203 2455 4275 2524 μὴ
4304 2453 4428 2511 τοὺς

2872 2564 3011 2632 σφᾶς
3045 2579 3106 2628 γε
3139 2561 3337 2622 αὐτοὺς
3368 2555 3758 2623 ἀπεγνωκότας
3790 2551 3951 2618 πολλῇ
3989 2548 4173 2618 μανία.
4200 2549 4294 2596 Διά
4325 2545 4431 2609 γάρ

2874 2653 3047 2723 σωρὸν
3075 2652 3492 2720 ἁμαρτημάτων
3525 2643 3884 2699 παντοδαπῶν
3917 2641 4106 2706 εὔηθες
4148 2637 4432 2689 παντάπα-

2873 2763 2956 2796 σιν
2991 2743 3332 2810 ἀπογνῶναι,
3359 2741 3463 2802 ἓως
3489 2739 3553 2793 ἀν
3592 2738 3664 2807 μὴ
3694 2738 3790 2805 τὴν
3821 2733 4099 2803 παροῦσαν
4128 2732 4267 2796 ζωὴν
4299 2732 4433 2780 ἁπο-

2871 2835 3113 2902 θώμεθα.
3169 2831 3404 2900 Θελῆσαι
3461 2832 3560 2898 μὲν
3615 2831 3721 2897 γάρ
3769 2826 3860 2877 τὸν
3913 2827 4043 2877 Θεὲν
4095 2824 4200 2874 ὑπο
4253 2821 4432 2879 ἐλέους

2871 2926 3196 2993 κινούμενον
3239 2929 3302 2992 τῇ
3340 2925 3566 2991 δυνάμει
3618 2920 3919 2990 χρήσασθαι
3950 2917 4084 2982 ὑπὲρ
4131 2915 4238 2965 τῶν
4270 2912 4436 2963 αὐτὴν

2873 3018 3316 3085 ἐπικαλουμένων
3343 3018 3598 3076 ἐπιεικῶς
3623 3015 3768 3073 εἰκός
3792 3015 3954 3074 ἐστιν,
3976 3007 4149 3076 οἷμα;’
4175 3005 4436 3067 ἀτοιῆσαι

2870 3108 2924 3158 δέ
2971 3124 3100 3158 ποτε
3165 3105 3469 3172 θελήσαντα
3523 3121 3576 3154 τι
3631 3101 4027 3170 διαπράξασθαι
4090 3097 4435 3149 παντάπασιν

1213 3193 1527 3256 voluerit,in
1553 3206 1616 3245 eo
1651 3187 1982 3257 perﬁciundo
2005 3187 2206 3240 viribus
2254 3197 2309 3239 ut
2339 3187 2680 3249 destituatur,
2711 3188 2739 3238 ti
2800 3227 2840 3283 Ο
2875 3199 3088 3250 ἀδύνατη

2559 3199 2680 3249 Iw".
2711 3188 2739 3238 ίῘ
2800 3227 2840 3283 C
2875 3199 3155 3250 ἀδύνατον.
3204 3198 3370 3249 Οὐδὲν
3414 3198 3522 3266 ἀρα
3577 3195 3820 3245 λείπεται
3863 3192 3972 3250 τοῖς
4027 3193 4082 3241 ἐν
4134 3189 4434 3256 ἁμαρτίαις

1212 3286 1288 3339 eri
1323 3283 1462 3336 nullo
1491 3282 1643 3335 modo
1671 3287 1864 3347 potest.
1892 3276 2031 3329 Nihil
2059 3278 2215 3342 igitur
2252 3278 2316 3330 iis
2366 3280 2456 3341 qui
2490 3277 2693 3330 haerent
2719 3284 2768 3331 in

1216 3375 1472 3446 peccatis,
1499 3373 1562 3425 ad
1599 3373 1699 3424 hoc
1729 3369 1900 3430 deest,
1931 3377 1987 3420 ut
2015 3367 2146 3421 salvi
2185 3367 2332 3431 liant,
2364 3382 2522 3435 quam
2561 3380 2614 3421 ut
2648 3384 2770 3437 ger-

1216 3483 1430 3521 manam
1449 3478 1604 3533 agere
1623 3461 1988 3531 paenitentiam
2014 3460 2180 3513 velint
2207 3474 2220 3511 :
2248 3461 2447 3527 quippe
2466 3459 2553 3527 qui
2578 3459 2768 3512 Jonam

1216 3575 1244 3611 e
1275 3565 1460 3610 ventre
1505 3552 1690 3606 bellum
1717 3559 1878 3616 atque
1914 3548 2018 3601 imo
2045 3546 2207 3599 maris
2236 3547 2450 3611 eripuit,
2503 3545 2642 3598 idem
2675 3544 2772 3596 hos

1217 3662 1427 3718 quoque
1457 3646 1525 3699 de
1568 3651 1756 3698 ventre
1787 3640 1955 3694 hostis
2009 3650 2061 3692 et
2102 3639 2207 3689 imo
2262 3638 2568 3691 vitiositatis
2605 3636 2770 3690 fundo

1215 3739 1495 3794 extrahere
1535 3741 1726 3802 potest.
1785 3729 1943 3796 Atqui
2000 3727 2145 3781 Jonas
2192 3728 2529 3781 conservatio
2593 3727 2774 3793 prodi-

1221 3832 1365 3900 gium
1395 3828 1664 3898 quoddam
1696 3829 1835 3886 erat,
1873 3836 2043 3890 neque
2069 3821 2376 3873 necessario
2400 3821 2772 3888 requirebatur

1221 3933 1277 3976 ιιι
1319 3921 1460 3974 Deus
1515 3918 1564 3970 id
1607 3917 1842 3979 faceret;
1876 3927 1980 3965 non
2037 3913 2181 3965 enim
2227 3923 2375 3969 certe
2418 3911 2776 3977 ﬂagitabimus

1221 4015 1288 4066 ab
1321 4027 1406 4076 eo,
1438 4021 1766 4079 quacunque
1810 4013 2011 4075 potest,
2042 4003 2226 4068 eadem
2263 4013 2318 4057 ut
2370 4005 2551 4058 omnia
2593 4005 2773 4068 faciat,

1219 4119 1404 4156 verum
1434 4102 1508 4152 uti
1533 4096 1818 4166 prestratis
1849 4109 1878 4148 a
1929 4106 2166 4163 peccato,
2198 4095 2287 4164 qui
2337 4095 2528 4148 deinde
2579 4095 2776 4162 corrigi

2876 3291 3008 3360 πρὸς
3033 3291 3091 3340 τὸ
3120 3289 3381 3357 σωθῆναι,
3411 3288 3442 3354 ἢ
3475 3288 3532 3337 τὸ
3559 3286 3784 3352 θελῆσαι
3811 3282 4042 3349 γνησίως
4073 3279 4432 3347 μετανοῆσαι.

2887 3383 2947 3434 't)
2975 3382 3154 3433 τοίνυν
3181 3381 3274 3432 καὶ
3303 3380 3393 3431 τὸν
3426 3379 3612 3431 Ἰωνᾶν
3644 3377 3807 3446 θηρὸς
3833 3375 4063 3443 γαστρὸς
4089 3371 4435 3439 ἀναρπάσας,

2873 3476 2966 3526 καὶ
2998 3473 3291 3526 θαλαττίου
3342 3470 3531 3540 βυθοῦ,
3564 3469 3787 3521 δύναται
3829 3469 3918 3518 καὶ
3954 3467 4233 3516 τουτουσὶν
4278 3462 4437 3513 ἀνελ-

2874 3562 3038 3613 κύσαι
3064 3561 3163 3628 τῆς
3187 3577 3244 3611 τε
3271 3560 3506 3627 γαστρδς
3530 3557 3624 3608 τοῦ
3654 3554 3868 3624 ἐχθροῦ.
3889 3554 3978 3603 καὶ
3996 3551 4088 3602 τοῦ
4113 3551 4208 3615 τῆς
4235 3548 4435 3607 κακίας

2877 3651 3059 3720 βυθοῦ.
3097 3651 3287 3702 Καίτοι
3341 3635 3399 3702 τὸ
3439 3647 3534 3699 τοῦ
3575 3648 3730 3698 Ἰωνᾶ
3774 3644 3956 3711 θαῦμα
3991 3638 4078 3712 ἦν,
4110 3643 4201 3692 καὶ
4239 3641 4336 3691 οὐκ
4367 3634 4434 3703 ἦν

2876 3745 3088 3810 ἀνάγκη
3117 3741 3276 3794 τοῦτο
3310 3740 3554 3809 ποιῆσαι.
3588 3739 3661 3790 Οὐ
3702 3737 3809 3805 γάρ
3847 3736 4220 3806 άπαιτήσομεν
4249 3732 4429 3789 αὖτὸν,

2875 3835 2974 3887 ὅσα
3007 3834 3073 3902 δὴ
3116 3834 3210 3886 καὶ
3246 3832 3490 3892 δύναται,
3539 3829 3711 3882 ταῦτα
3759 3829 3929 3879 ποιεῖν
3972 3826 4205 3878 ἀπαντα.
4259 3824 4330 3875 Τὸ
4377 3823 4431 3872 δὲ

2874 3927 2986 3987 τοῖς
3015 3924 3438 3992 καταϐληθεῖσιν
3465 3921 3568 3973 ὑπὸ
3597 3920 3697 3986 τῆς
3727 3921 3839 3986 ἀμα
3853 3918 4023 3988 ρτίας,
4058 3916 4246 3968 ἔπειτα
4278 3913 4434 3982 θελὴ⁴

2879 4033 3036 4070 σασιν
3067 4013 3536 4084 ἐπανορθωθῆναι,
3563 4015 3720 4083 χεῖρα
3752 4011 3963 4079 ὀρέγειν
3992 4008 4165 4077 σαφὴς
4194 4008 4428 4071 ἀνάγκη.

2881 4106 3036 4170 Πῶςς
3067 4105 3194 4159 Ὀτι
3235 4102 3381 4155 τοῦτ’
3409 4104 3569 4164 αὐτὸς
3615 4101 4000 4170 ἐπηγγείλατο,
4046 4101 4103 4150 ὲν
4137 4095 4217 4160 οἷς
4263 4098 4430 4149 αἰτεῖν

1218 4193 1402 4255 velint,
1437 4206 1649 4244 mamuu
1685 4190 1798 4256 ipse
1840 4185 2098 4255 porrigat,
2135 4187 2272 4240 haud
2325 4186 2482 4240 dubie
2531 4200 2787 4241 necessa-
2878 4213 2936 4248 τε
2965 4196 3057 4250 καὶ

2553 4200 2787 4241 '800353'
2878 4213 2936 4248 τε
2965 4196 3057 4250 καὶ
3109 4195 3314 4265 ζητεῐν,
3341 4194 3433 4246 καὶ
3467 4191 3686 4264 κρούειν
3712 4194 3883 4245 ἅπασι
3913 4192 4183 4259 παραινεῖ.
4217 4189 4290 4241 Οὐ
4325 4188 4428 4254 γὰρ

1219 4283 1359 4335 rium
1384 4288 1486 4334 est.
1513 4276 1914 4344 Quamobrem?
1935 4275 2193 4341 Quoniam
2223 4275 2484 4344 istucipse
2508 4277 2774 4330 facturum

1218 4390 1276 4427 se
1319 4370 1585 4438 promisit,
1629 4369 1754 4420 dum
1789 4367 1854 4420 ad
1889 4367 2198 4432 petendum,
2235 4375 2288 4419 et
2319 4369 2689 4432 quaerendum,
2727 4374 2782 4420 et

1221 4465 1538 4532 pulsandum
1573 4461 1816 4511 hortatur
1854 4457 2151 4511 universos.
2182 4455 2294 4508 Non
2313 4458 2451 4510 enim
2471 4468 2530 4511 ut
2562 4459 2648 4511 illa
2668 4461 2784 4528 qui-

2877 4293 2942 4361 δὴ
2984 4292 3118 4362 πρὸς
3142 4291 3315 4343 ταῦτα
3350 4291 3446 4359 μὲν
3479 4287 3887 4355 παρακέκληκε,
3918 4285 3977 4336 τὸ
3996 4284 4050 4335 δὲ
4086 4285 4192 4335 ἀπὸ
4230 4282 4430 4333 τούτων

2880 4381 3249 4451 ἐκϐησόμενον
3302 4382 3619 4448 σεσίγηκεν,
3655 4379 3710 4435 ὲν
3748 4375 3939 4444 ἀδηλίᾳ
3972 4375 4092 4433 τοὺς
4137 4373 4431 4439 λογισμοὺς

2882 4471 3062 4538 ἀφείς·
3099 4471 3232 4522 ἀλλά
3263 4470 3357 4520 καὶ
3388 4469 3545 4520 τοῦτο
3573 4470 3702 4536 ἡμῖν
3739 4465 3926 4530 ἔδειξε,
3951 4463 4204 4533 προσθεὶς
4242 4465 4304 4530 τῇ
4336 4463 4429 4527 μὲν

1216 4555 1337 4606 dem
1387 4551 1643 4603 lacinntus
1696 4560 1792 4600 nos
1827 4547 2140 4599 adhortatus
2168 4555 2268 4609 est,
2300 4556 2353 4599 at
2384 4547 2509 4615 quid
2560 4548 2681 4601 inde
2709 4549 2779 4603 sit
2812 4562 2854 4617 ι)
2883 4560 3091 4629 aut)“.

2560 4548 2681 4601 inde
2709 4549 2779 4603 sit
2812 4562 2854 4617 ι)
2883 4560 3099 4629 αἰτήσει.
3139 4559 3236 4628 τὴν
3268 4559 3435 4622 δόσιν,
3465 4562 3530 4628 τῇ
3563 4559 3618 4611 δὲ
3664 4558 3887 4626 ζητήσει
3936 4555 4032 4622 τὴν
4066 4553 4304 4622 εὕρεσιν,
4340 4553 4429 4600 καὶ

1215 4652 1526 4696 eventurum
1563 4639 1746 4698 tat-uit,
1782 4636 2190 4702 cogitationibus
2217 4639 2413 4692 nostris
2448 4639 2498 4692 in
2533 4640 2781 4708 ambiguo

1219 4735 1440 4795 relictis,
1472 4731 1562 4784 sed
1593 4730 1715 4781 illud
1742 4728 1912 4796 ipsum
1946 4743 2156 4796 quoque
2188 4727 2340 4782 nobis
2370 4729 2625 4791 ostendit,
2657 4744 2778 4781 cum

1218 4823 1456 4894 petitioni
1488 4821 1670 4888 adjicit
1705 4821 2148 4887 impetrationem,
2183 4822 2479 4887 quaesitioui
2511 4822 2779 4874 inventio-

1219 4931 1361 4975 nem,
1394 4915 1639 4983 quodque
1693 4909 1834 4964 fores
1889 4911 2191 4978 aperienda:
2216 4921 2325 4963 smt
2359 4911 2424 4964 ad
2457 4912 2663 4964 illorum
2684 4911 2773 4979 qui

1216 5007 1428 5072 pulsant
1459 5005 1616 5056 ii-tus.
1641 5005 1822 5070 Itaque
1854 5003 2180 5069 promissum
2219 5003 2319 5055 hoc
2352 5004 2522 5069 gratia
2547 5011 2646 5064 est,
2684 5017 2777 5056 cu-

1213 5097 1302 5164 jus
1332 5096 1528 5148 certior
1551 5094 1838 5160 persolutio
1874 5108 2033 5160 quam
2085 5093 2321 5146 omnium
2357 5094 2495 5146 inter
2536 5095 2776 5148 homines

1217 5189 1542 5242 debitorum.
1575 5184 1704 5238 Nam
1727 5200 1820 5237 nos
1848 5199 1975 5238 sane
2026 5186 2165 5252 quod
2191 5185 2401 5247 attinet,
2455 5186 2542 5254 qui
2598 5187 2777 5238 multis

1217 5280 1355 5333 allixi
1388 5293 1568 5331 sumus
1601 5276 1763 5337 vitiis.
1799 5291 1858 5329 ac
1897 5291 2000 5328 non
2064 5291 2184 5328 raro
2231 5277 2444 5344 quidem
2508 5278 2778 5343 resipisci-

1219 5374 1360 5434 inus,
1410 5381 1594 5421 verum
1641 5366 1955 5435 plerumque
1993 5366 2187 5434 justam
2242 5368 2306 5419 ad
2361 5368 2772 5434 persolutionem

1218 5462 1378 5512 nimis
1414 5459 1705 5514 imbecilles
1741 5472 1945 5519 sumus,
1993 5466 2413 5510 consentaneum
2475 5466 2575 5522 est,
2602 5472 2773 5524 neque

1215 5552 1467 5617 gratiam,
1526 5564 1697 5616 neque
1746 5547 1982 5600 debitum
2037 5547 2260 5611 exsolvi,
2293 5548 2509 5617 quando
2575 5548 2769 5600 malum

1216 5649 1320 5696 hoc
1379 5642 1539 5693 etiam
1603 5641 1827 5694 accedit.
1911 5639 2118 5707 Quippe
2193 5655 2314 5693 cum
2391 5656 2768 5709 nonnunquam

1218 5733 1268 5784 id
1348 5742 1605 5798 praestare
1685 5746 1964 5800 possemus
2016 5731 2155 5796 quod
2232 5732 2475 5798 decebat,
2559 5744 2775 5801 praesta-

1217 5835 1277 5877 re
1307 5838 1408 5876 non
1438 5824 1701 5876 volumus.
1755 5823 1817 5873 At
1851 5821 1950 5875 ista
1987 5822 2159 5875 locum
2191 5823 2244 5875 in
2270 5821 2374 5878 Deo
2409 5838 2511 5877 non
2539 5826 2768 5877 habent:

2882 4647 2942 4698 τὸ
2972 4647 3068 4708 τάς
3100 4646 3270 4712 θύρας
3296 4644 3680 4712 ἁνοιγήσεσθαι
3713 4642 3923 4710 μέλλειν
3941 4644 4049 4700 τοῖς
4070 4639 4177 4690 τῶν
4207 4643 4426 4689 κοπτίν-

2883 4753 2988 4788 των
3021 4736 3315 4803 κρούμασι.
3347 4735 3521 4800 Χάρις
3557 4734 3655 4801 μὲν
3686 4729 3780 4784 οὖν
3828 4732 3886 4783 τὸ
3914 4730 4254 4796 ἐπάγγελμα,
4296 4731 4425 4778 τεάν-

2880 4845 2988 4880 των
3015 4826 3068 4878 δὲ
3104 4828 3211 4878 τῶν
3245 4827 3302 4877 ὲν
3336 4824 3638 4894 ἀνθρώποις
3670 4823 3994 4891 ὀυλημάτων
4026 4821 4426 4886 ἀσφαλεστέραν

2880 4917 2976 4984 τὴν
3010 4917 3268 4969 ἀπόδοσιν
3297 4916 3432 4984 ἔχει.
3475 4915 3588 4982 Ἐφ’
3621 4914 3772 4982 ἡμῶν
3810 4912 3903 4980 μὲν
3934 4912 4038 4978 γάρ
4072 4911 4177 4960 τῶν
4225 4926 4325 4975 προ
4341 4927 4426 4974 ετ,-

2878 5007 3137 5075 λωμένων
3170 5007 3382 5069 πολλοῖς
3421 5007 3656 5069 πάθεσι,
3681 5007 3774 5056 καὶ
3829 5003 4286 5070 μεταμελομένων
4336 5001 4428 5065 μὲν

2879 5099 2978 5148 οὐκ
3011 5097 3277 5162 ὀλιγάκις,
3311 5098 3446 5167 πρὸς
3476 5097 3530 5148 δὲ
3558 5097 3770 5148 δικαίαν
3799 5097 3997 5146 ἔκτισιν
4030 5093 4423 5144 ἀδυνατούντωι

2881 5189 3160 5251 πολλάκις,
3189 5190 3334 5250 είκός
3361 5191 3472 5240 ἐστι
3500 5191 3593 5240 καὶ
3628 5189 3784 5255 χάριν
3817 5188 3906 5237 καὶ
3937 5183 4152 5250 ὄφλημα
4189 5183 4260 5250 μὴ
4297 5184 4426 5232 ἀπο-

2878 5280 3119 5347 δοθῆναι.
3167 5281 3320 5349 Ἐπεὶ
3351 5284 3442 5331 καὶ
3473 5281 3630 5332 τοῦτο
3661 5279 3907 5345 γίγνεται
3946 5276 4001 5326 τὸ
4030 5274 4221 5326 δεινόν.
4259 5273 4424 5322 Δυνά-

2882 5389 3032 5437 μενοι
3068 5373 3176 5441 γάρ
3205 5373 3348 5423 ἔστιν
3381 5372 3466 5423 ὅτε
3497 5373 3553 5422 τδ
3585 5372 3790 5439 πρέπον
3829 5367 4176 5436 ἐργάσασθαι,
4216 5365 4275 5415 οὗ
4310 5364 4424 5430 βου-

2877 5461 3102 5528 λόμεθα.
3143 5463 3261 5512 Ἐπὶ
3310 5460 3540 5511 δὲ’Θεοῦ
3576 5461 3642 5510 τά
3671 5457 3890 5510 τοιαῦτα
3935 5455 4113 5524 χώραν
4143 5453 4242 5503 οὐκ
4287 5451 4413 5517 ἔχει.

2878 5553 3051 5604 Ὅπου
3095 5554 3200 5620 γὰρ
3231 5553 3362 5614 Θεὸς
3400 5553 3426 5603 ὁ
3462 5549 3950 5616 ἐπαγγελλόμενος,
3991 5547 4087 5596 οὐκ
4141 5542 4249 5593 ἐσθ’
4277 5542 4414 5598 ὅπως

2875 5645 2974 5694 οὐκ
3009 5645 3299 5703 ὲκτελέσει,
3325 5643 3416 5694 καὶ
3446 5642 3521 5709 δῷ
3549 5645 3665 5702 ταῖς
3695 5638 4013 5708 ὑποσχέσεσι
4044 5634 4191 5693 τέλος
4224 5632 4407 5695 ἴσχειν·

2879 5735 3006 5786 ὥστ’
3064 5735 3237 5792 οὐδεὶς
3281 5735 3336 5784 ἐν
3370 5732 3699 5798 ἀπογνώσει,
3739 5733 3783 5781 εἰ
3833 5729 3904 5797 μὴ
3954 5728 3980 5776 ὁ
4024 5721 4414 5787 ἀπογινώσκειν

2879 5826 3113 5896 νομίζων
3164 5825 3307 5888 ἄξιος
3357 5820 3516 5877 εἶναι.
3553 5822 3747 5892 Μηδεὶς
3796 5816 3884 5872 οὖν
3929 5820 4097 5870 ταῦτα
4140 5810 4412 5880 γινώσκων
