4748 6512
226 561 330 624 H3

1623 550 1902 609 OR-l'l‘IO
1931 551 2030 611 Vi.

3344 548 3447 611 494

224 674 316 723 καὶ
366 665 680 734 σωφρονῶν,
729 665 852 732 ἐμοὶ
902 662 1239 728 πειθόμενος,
1293 660 1530 729 ἁπογνῷο
1589 661 1701 713 ἀλλ’
1740 659 1849 728 ἢΛ
1879 672 1997 708 nam
2026 658 2099 708 ub,

1589 661 1701 713 ἀλλ’
1740 661 1772 728 ἢ
1804 659 1849 714 Α
1879 672 1997 708 nam
2026 657 2110 709 ubi
2148 657 2282 711 Deus
2307 667 2388 709 est
2418 654 2504 721 qui
2540 655 2825 722 promittit,
2856 655 2968 708 ﬁeri
2993 661 3285 720 nonputcst
3320 656 3444 720 quin

222 761 484 828 τρυφάτω
518 759 638 818 ταῖς
669 756 904 822 ἀγαθαῖς
949 756 1128 806 ἐλπίσι
1162 754 1290 816 ζῶν,
1320 756 1378 803 ἐν
1424 752 1650 817 ἀγαθαῖς
1695 754 1782 803 ἀεὶ

222 847 511 914 πράξεσιν,
544 847 575 913 ἢ
615 847 746 914 περὶ
782 844 880 913 τὴν
917 844 1216 910 ἑνδεκάτην
1248 842 1418 894 ἐλθὼν
1452 845 1529 903 εἰς
1559 843 1650 894 τὸν
1682 858 1780 892 κα-

221 938 315 991 λὸν
368 938 686 1005 ἀμπελῶνα,
747 936 1053 1005 ἔκδε-χὲσθω
1117 937 1317 1004 προῖκα
1384 933 1591 995 λαϐεῖν,
1658 934 1780 984 ὅσον

219 1030 440 1089 δικαίως
472 1030 681 1080 δέδοται
706 1030 817 1090 τοῖς
868 1028 1169 1095 βαστάσασι
1200 1025 1260 1078 τὺ
1292 1024 1458 1094 βάρος
1502 1026 1602 1093 τῆς
1650 1024 1782 1091 ἡμέ-

223 1138 349 1189 ρας,
370 1121 575 1172 καὶτὸν
600 1119 865 1172 καύσονα.
886 1117 1026 1185 Ἐγὼ
1063 1119 1185 1180 τοὺς
1211 1119 1420 1177 πάντας
1444 1115 1782 1185 ὑπερελάσας

223 1213 317 1263 ἐπὶ
388 1214 601 1274 κακοῖς,
650 1211 751 1261 οὐκ
809 1208 1047 1276 ὲμαυτδν
1100 1206 1509 1275 ἁπογνὼσομαι*
1558 1204 1654 1257 καὶ
1696 1205 1785 1256 διὰ

221 1303 399 1365 τοῦτο,
426 1303 534 1354 οὐδ’
564 1300 805 1353 ὁντινοῦν
831 1300 940 1351 τῶν
966 1300 1242 1352 ἁπάντωνο
1269 1298 1343 1362 ὡς
1373 1297 1567 1367 ὄφελόν
1599 1313 1660 1363 γε
1689 1298 1783 1348 καὶ

224 1394 285 1445 σὲ
315 1394 405 1445 τὸν
437 1392 756 1452 ἄπταιστον,
787 1392 873 1443 ἵνα
900 1392 974 1459 μὴ
1007 1392 1206 1460 κρίνων
1230 1390 1354 1451 τοὺς
1383 1389 1595 1451 ἄλλους,
1627 1389 1784 1449 αὐτὸς

222 1484 441 1553 κριθῇς,
505 1486 602 1536 καὶ
660 1482 1037 1545 καταδικάζων
1097 1482 1474 1551 ἀπαραίτητα,
1531 1481 1662 1533 αὐτὸ
1720 1497 1782 1546 γε

222 1577 382 1629 τοῦτο
410 1577 586 1645 πάθῃς
622 1576 725 1627 ύπδ
757 1575 913 1637 Θεοῦ,
952 1576 1093 1627 κατὰ
1130 1575 1221 1626 τὸν
1254 1575 1465 1628 ἐκείνου
1502 1574 1777 1642 χρησμόν.

224 1669 287 1720 Εἰ
325 1670 434 1737 γὰρ
461 1668 653 1719 ἑαυτὸν
698 1668 756 1718 ού
787 1668 995 1719 δίκαιον
1031 1667 1366 1733 ἀπογνῶναι,
1399 1666 1662 1733 οὖμενουν
1692 1667 1781 1716 ού-

218 1760 348 1811 δὲνα
382 1759 486 1811 τῶν
537 1760 779 1823 πάντων,
827 1760 936 1811 οὐδ’
982 1759 1046 1811 ἂν
1097 1759 1202 1810 ύπδ
1256 1758 1476 1810 πάντων
1514 1759 1785 1823 ἀπογινώ-

221 1866 442 1915 σκηται·
483 1848 597 1910 πῶς
630 1851 696 1902 ἄν
729 1866 811 1908 τις
844 1849 1066 1908 δικαίως
1099 1850 1225 1909 τοὺς
1274 1849 1484 1912 ἄλλους,
1534 1850 1671 1917 μήτε
1720 1849 1785 1899 τὰ

220 1940 446 1991 ἐκείνων
504 1940 951 2009 πλημμελήματα
1034 1940 1282 2008 ἀκριϐῶς
1345 1941 1522 2002 εἰδὼς,
1588 1940 1661 2003 ὡς
1715 1943 1784 1994 τὰ

218 2033 398 2085 οἰκεῖα
430 2032 594 2088 κακὰ.
626 2033 762 2101 μήτε
788 2033 885 2098 τὴν
918 2033 1036 2083 τότε
1069 2032 1311 2085 διάθεσιν
1343 2033 1442 2100 τῆς
1476 2035 1533 2083 ὲν
1561 2034 1776 2101 ἑκάστῳ

216 2124 421 2193 ψυχῆς,
458 2124 490 2192 ἢ
532 2124 739 2182 τᾶνδον,
780 2122 812 2192 ἢ
856 2124 922 2175 τὰ
960 2124 1193 2193 θύραθεν
1224 2124 1407 2186 αὐτοῖς
1442 2126 1777 2193 ὲπισυμὸαί-

219 2231 382 2267 νοντα
433 2216 763 2282 πράγματας
812 2215 921 2268 Καὶ
965 2214 1050 2266 διὰ
1101 2214 1272 2266 ταῦτα
1318 2216 1369 2265 οἰ
1419 2215 1522 2267 τῶν
1567 2216 1775 2284 ἀνδρῶν

218 2305 434 2371 ἄριστοι
465 2304 574 2355 οὒτ’
612 2303 1049 2370 ἀπογινώσκουσι
1097 2306 1223 2365 τοὺς
1269 2306 1370 2357 ούκ
1419 2308 1777 2374 ἀπογνόντας,

216 2396 333 2448 οὔτ’
369 2396 604 2465 εὐχερῶς
649 2396 1060 2463 κατακρίνουσι.
1115 2396 1285 2447 Τοῦτο
1324 2398 1429 2465 γὰρ
1460 2399 1780 2465 κεκρίκασιν

218 2487 445 2553 εὔλογον
476 2484 635 2548 εἶναι,
668 2488 806 2553 σφᾶς
836 2488 935 2556 μὲν
956 2486 1149 2548 αὐτοὺς
1163 2489 1531 2556 κατακρίνειν,
1561 2490 1780 2543 ἐπειδάν

220 2596 327 2631 που
357 2579 448 2631 τοῦ
483 2579 849 2647 προσήκοντος
877 2576 1267 2644 παρεξέλθωσι,
1311 2579 1529 2649 μακρὰν
1559 2580 1779 2633 ἐλαυνοο

222 2669 396 2737 μένης
429 2669 595 2720 ἅπασι
627 2668 846 2736 τρόποις
876 2667 975 2728 τῆς
1007 2668 1129 2719 καθ’
1161 2669 1316 2737 ημῶν
1345 2670 1625 2739 λυττώσης
1651 2672 1782 2724 ἀπο-

219 2760 504 2827 γνώσεωςο
535 2759 658 2820 τοὺς
694 2758 748 2810 δὲ
781 2758 998 2829 ἑτέρους
1032 2761 1239 2829 κρίνειν
1272 2762 1366 2830 ὲᾷν
1401 2762 1489 2813 τὸν
1507 2766 1781 2832 Δημιουρ-

218 2847 346 2914 τὸν,
378 2840 421 2913 ᾧ
475 2849 642 2916 μηδὲν
678 2847 778 2917 τῆς
806 2850 1033 2912 κτίσεως
1082 2848 1306 2903 ἄϐατον.
1358 2854 1628 2919 Κριτικὸς
1674 2857 1779 2923 γὰρ

217 2939 614 3007 ἐνθυμήσεων
666 2941 765 2993 καὶ
819 2939 1070 2995 ἐννοιῶν
1121 2942 1389 3010 καρδίας,
1438 2947 1465 2994 6
1513 2947 1783 3017 μακάριος

218 3031 328 3100 ἔφη
378 3030 605 3093 Παῦλος.
637 3031 729 3099 Μὴ
767 3034 1017 3099 κρίνετε,
1051 3035 1214 3103 φησὶν
1260 3036 1287 3086 6
1332 3034 1543 3104 Σωτὴρ,
1577 3037 1673 3091 καὶ
1708 3042 1778 3092 οὺ

214 3123 308 3189 μὴ
344 3123 601 3189 κριθῆτε.
629 3125 723 3189 Μὴ
758 3124 1187 3190 καταδικάζετε,
1218 3128 1318 3179 καὶ
1367 3132 1438 3180 οὺ
1461 3129 1547 3197 μὴ
1593 3147 1783 3184 κατα-

215 3213 575 3281 δικασθῆτε.
624 3215 840 3268 Τούτων
887 3217 1066 3269 τοίνυν
1112 3220 1220 3269 τῶν
1252 3220 1443 3285 φωνῶν
1488 3221 1784 3287 διαπαντὸς

1892 748 2028 800 idem
2066 749 2304 813 perﬁciat
2322 757 2376 800 et
2398 748 2461 799 ad
2484 748 2642 800 tinem
2666 748 2925 813 promissa
2952 747 3238 812 perducat.
3262 748 3445 815 itaque

1890 841 1953 892 de
1978 841 2192 892 nemine
2222 842 2638 908 desperandum,
2672 841 2775 894 nisi
2803 857 2860 893 se
2887 842 3103 910 dignum
3158 844 3451 895 arbitretur

1888 931 1953 983 de
1983 944 2090 996 quo
2123 931 2440 998 desperetur
2475 944 2684 999 ;caq‘ue
2727 934 2962 983 decausa
2988 930 3276 999 nemo,qni
3300 931 3450 983 novit

1889 1023 2067 1075 lizecct
2087 1023 2246 1089 sapit,
2268 1023 2392 1075 mihi
2415 1023 2456 1075 si
2476 1038 2663 1090 parcre
2687 1022 2833 1087 velit,
2852 1023 3120 1089 desperet,
3140 1024 3231 1076 sed
3254 1024 3333 1075 vel
3353 1023 3450 1075 bo-

1889 1128 1952 1165 na
1977 1127 2071 1180 spe
2089 1112 2263 1165 fretus
2290 1114 2505 1179 gestiat,
2526 1114 2682 1167 bonis
2708 1113 2760 1166 in
2781 1114 3037 1181 operibus
3053 1113 3215 1166 vitam
3239 1129 3452 1182 semper

1887 1204 2131 1272 exigens,
2153 1205 2233 1257 vel
2258 1205 2597 1273 injegregiam
2614 1205 2759 1258 illam
2783 1207 2994 1259 vineam
3020 1206 3242 1259 veniens
3259 1208 3324 1257 ad
3349 1224 3451 1257 un-

1889 1297 2147 1350 decimam
2180 1299 2387 1360 horam,
2417 1298 2584 1364 gratis
2635 1300 3170 1366 exspectetaccipere
3193 1311 3450 1365 quantum

1885 1388 2005 1455 jure
2026 1390 2204 1441 datum
2226 1396 2307 1441 est
2332 1389 2401 1441 iis
2440 1388 2531 1456 qui
2556 1398 2607 1441 et
2625 1404 2760 1442 onus
2784 1400 2839 1443 et
2861 1401 3049 1444 aestum
3068 1391 3169 1442 diei
3194 1391 3452 1445 tulerunt.

1890 1478 2000 1545 Ego
2046 1481 2135 1547 qui
2175 1480 2319 1533 vitiis
2370 1494 2557 1533 omnes
2594 1489 2939 1545 antegressus
2970 1496 3114 1541 sum,
3150 1484 3214 1535 de
3239 1483 3453 1550 meipse

1891 1581 1997 1619 non
2019 1569 2322 1635 desperabo
2355 1587 2369 1633 ;
2403 1580 2455 1623 et
2483 1573 2730 1624 eamdem
2750 1571 2819 1624 ob
2842 1587 3083 1636 causam,
3109 1589 3206 1627 nec
3224 1576 3287 1627 de
3316 1590 3452 1642 quo-

1889 1674 2048 1725 quam
2083 1662 2345 1713 omnium.
2377 1660 2532 1726 Quod
2560 1665 2761 1715 utinam
2791 1676 2842 1716 tu
2886 1680 3123 1732 quoque,
3150 1668 3238 1733 qui
3272 1668 3455 1735 lapsus

1889 1766 1950 1804 es
1977 1765 2193 1819 expers,
2227 1753 2414 1815 facias,
2445 1770 2513 1807 ne
2537 1754 2788 1820 judicans
2811 1757 2964 1820 alios,
3010 1759 3123 1824 ipse
3160 1758 3447 1824 iudiceris,

1889 1840 2382 1896 etinexorabiiiter
2425 1846 2706 1909 danmans,
2773 1848 2915 1913 quod
2972 1858 3054 1901 est
3105 1850 3158 1901 in
3209 1854 3445 1917 oraculo,

1897 1933 2077 1986 itidem
2107 1952 2135 1989 a
2158 1936 2265 1988 Deo
2293 1937 2586 1991 damneris.
2619 1937 2752 1992 Nam
2773 1944 2814 1993 si
2840 1941 2907 1994 de
2924 1944 3106 2009 seipse
3128 1960 3451 2015 quemquam

1896 2026 2180 2095 desperare
2213 2028 2349 2081 haud
2380 2044 2475 2098 par
2491 2042 2591 2096 est,
2623 2048 2720 2087 nec
2753 2034 2916 2087 etiam
2939 2037 3005 2089 de
3037 2052 3305 2105 quoquam
3338 2056 3423 2094 οιιι

1891 2119 2040 2183 nino,
2075 2135 2177 2172 non
2204 2121 2245 2173 si
2268 2124 2499 2174 maxime
2519 2124 2586 2177 de
2622 2139 2684 2177 eo
2714 2126 2999 2193 desperent
3031 2130 3291 2194 universi,
3315 2154 3403 2201 ιιυη.

1892 2224 2013 2261 nam
2037 2220 2193 2276 pacto
2210 2215 2273 2263 de
2288 2211 2537 2277 aliisjure
2555 2214 2675 2281 quis
2704 2216 3090 2285 desperaverit,
3105 2234 3330 2289 quorum
3356 2242 3455 2277 nec

1888 2310 2137 2353 accurate
2156 2301 2348 2355 delicta
2367 2304 2443 2354 sic
2468 2306 2637 2370 novit,
2666 2320 2721 2361 ut
2752 2309 2890 2361 mala
2927 2312 3164 2381 prepria,
3201 2329 3298 2368 nec
3335 2316 3449 2384 ejus

1890 2394 2149 2459 temporis
2186 2394 2348 2448 animi
2388 2396 2723 2451 alfectionem
2753 2400 2805 2453 in
2830 2404 3095 2467 quolibet,
3124 2418 3215 2459 aut
3248 2424 3334 2463 res
3364 2413 3450 2464 vel

1891 2482 2042 2537 intus
2060 2485 2139 2537 vel
2168 2487 2505 2542 extrinsecus
2540 2490 2617 2543 cis
2643 2491 2945 2548 accidentes
2994 2495 3017 2547 ?
3075 2497 3302 2567 ideoque
3351 2503 3454 2556 viri

1893 2575 2323 2639 praestantissimi
2350 2592 2446 2632 nec
2479 2580 2765 2648 desperant
2801 2584 2864 2637 de
2894 2583 2962 2637 iis
2993 2587 3081 2653 qui
3116 2604 3217 2641 non
3261 2594 3451 2660 despe~

1891 2674 2099 2724 rarunt.
2131 2680 2228 2719 nec
2257 2667 2415 2721 facile
2471 2671 2837 2727 condemnant
2879 2691 2896 2727 :
2931 2691 3052 2729 nam
3090 2678 3191 2732 hoc
3253 2683 3449 2737 rationi

1890 2764 2316 2810 consentaneum
2354 2772 2475 2814 esse
2524 2761 2795 2828 judicent,
2854 2767 3062 2836 seipsos
3102 2773 3318 2838 quidem
3378 2780 3454 2830 uti

1891 2845 2169 2911 damnent,
2230 2850 2401 2903 sicubi
2456 2860 2650 2918 praeter
2702 2856 2934 2911 otlicium
2997 2866 3244 2930 t’ecerint,
3299 2870 3455 2939 longe

1893 2943 2105 2996 interim
2136 2956 2337 2999 remota
2368 2948 2540 3002 modis
2574 2952 2824 3007 onmibus
2858 2954 3069 3011 furente
3120 2970 3308 3016 contra
3352 2982 3452 3020 nos

1894 3035 2295 3101 desperatione,
2340 3046 2395 3090 at
2429 3051 2554 3093 vero
2611 3040 2872 3106 judicium
2900 3047 2965 3101 de
2996 3050 3114 3104 aliis
3167 3065 3221 3106 ut
3272 3060 3449 3115 opiﬁci

1894 3141 2071 3180 rerum
2121 3131 2453 3196 permittant,
2506 3133 2592 3185 cui
2630 3134 2761 3187 nihil
2800 3138 2850 3189 in
2912 3142 3068 3195 rebus
3126 3150 3321 3202 creatis
3371 3166 3453 3202 es:

1895 3216 2252 3287 incognitum,
2290 3223 2483 3291 quippe
2516 3225 2824 3279 facultatem
2884 3230 3157 3296 judicandi
3192 3238 3256 3291 de
3307 3244 3453 3307 cogi.

225 3305 587 3374 μεμνημένοι,
607 3306 713 3358 οὐδ’
728 3307 968 3359 ὁντινοῦν
988 3309 1433 3375 κατακρίνουσιν,
1453 3312 1572 3364 οὐδὲ
1599 3315 1790 3381 μισοῦ-
1816 3322 1858 3379 c
1894 3309 2100 3362 laliOﬂil

1599 3315 1790 3381 μισοῦ-
1816 3322 1858 3379 (ι
1894 3309 2187 3364 tationibus
2221 3322 2275 3365 et
2314 3316 2590 3381 conceptis
2623 3320 2803 3372 cordis
2827 3322 3005 3386 habet,
3056 3336 3111 3378 ut
3142 3329 3326 3384 beatus
3360 3305 3450 3385 itte

220 3413 337 3449 σιν.
368 3396 581 3462 Ἀπαγε
614 3397 626 3449 ί
662 3398 781 3448 οὐδὲ
833 3400 941 3467 γὰρ
990 3398 1241 3451 τοσοῦτον
1278 3400 1443 3468 ὁμόσε
1473 3405 1781 3474 χωρήσουσι

213 3488 370 3540 κατὰ
403 3488 501 3554 τῆς
536 3488 720 3556 κοινῆς
750 3486 988 3555 φύσεως,
1027 3489 1131 3541 κᾶν
1167 3490 1192 3542 ὅ
1221 3508 1272 3542 τι
1304 3492 1453 3561 πάθῃ
1480 3493 1567 3546 διὰ
1593 3496 1784 3564 προαί-

221 3594 401 3647 ρεσιν*
430 3580 566 3630 ἀλλὰ
594 3580 692 3647 τὴν
722 3580 818 3648 μὲν
854 3580 1157 3649 μοχθηρίαν
1181 3582 1545 3650 βδελύξονται,
1577 3589 1702 3649 τοὺς
1728 3590 1784 3640 δὲ

221 3667 644 3737 ἁμαρτάνοντας
707 3670 1090 3739 δακρύσουσιν⁸
1156 3672 1183 3724 6
1250 3676 1426 3726 ποιεῖν
1486 3676 1780 3747 εἰώθαμεν,

224 3761 426 3831 μέλους
458 3763 587 3829 ἡμῖν
633 3763 943 3830 σηπομένου
972 3766 1191 3833 πονήρῳ
1226 3766 1395 3830 ἕλκει,
1427 3767 1459 3836 ἢ
1507 3769 1669 3836 ἡνίκα
1701 3788 1786 3832 τις

220 3854 376 3903 νοσεῖ
400 3852 510 3903 τῶν
543 3852 776 3920 μάλιστα
811 3853 1056 3921 συνήθων
1100 3856 1195 3909 καὶ
1235 3858 1535 3924 συγγενῶν.
1570 3860 1783 3923 Εἰδότες

216 3941 280 3994 δὲ
310 3943 404 3994 καὶ
446 3943 540 3995 τὸν
577 3945 806 4013 Χριστὸν
830 3945 967 4014 ὑπὲρ
1001 3947 1109 3998 τῶν
1160 3952 1594 4017 σταυρωσάντων
1620 3954 1784 4016 εὐξά-

223 4049 413 4101 μενον,
443 4035 531 4085 καί
558 4033 644 4085 διὰ
676 4037 891 4088 πάντων
920 4038 1186 4103 ὲνάγοντα
1220 4039 1354 4107 πρὸς
1383 4043 1670 4109 μετάνοιαν
1695 4045 1784 4097 τὸν

219 4125 429 4191 ὀλίγοις
473 4126 755 4195 ἀργυρίοις
802 4130 963 4182 αὑτὸν
1003 4135 1347 4199 πεπρακότα,
1378 4134 1471 4186 τὸν
1519 4138 1786 4205 προδεδω-

220 4214 385 4275 κότα,
418 4215 510 4267 τὸν
568 4218 834 4284 φιλήματι
886 4219 1331 4288 παραδεδωκότα,
1367 4224 1476 4287 τὸν,
1518 4228 1620 4279 κᾶν
1666 4229 1693 4281 ὃ
1732 4246 1783 4280 τι

218 4304 473 4371 γένηται,
504 4306 864 4373 διαμενοῦντα
900 4309 1089 4360 κακόν⁹
1142 4310 1314 4363 ταῦτα
1341 4312 1402 4382 δὴ
1462 4317 1555 4366 καὶ
1587 4317 1653 4368 τὰ
1680 4335 1785 4369 τοι·

218 4395 369 4446 αῦτα
423 4396 527 4461 πρὸ
582 4397 875 4465 ὀφθαλμῶν
926 4398 1164 4468 ἔχοντες,
1221 4403 1315 4455 καὶ
1366 4404 1617 4471 κήδονται
1676 4409 1784 4461 τῶν

218 4490 647 4556 ἡμαρτηκότων,
672 4494 766 4543 καὶ
794 4495 1094 4562 πειρῶνται
1119 4495 1444 4564 θεραπεύειν
1472 4500 1531 4551 τὸ
1558 4501 1781 4563 λυποῦν,

217 4580 323 4633 καὶ
353 4580 611 4645 γίνονται,
639 4584 734 4633 καὶ
777 4586 1110 4651 πράττουσιν
1143 4587 1356 4639 ἅπαντα
1392 4591 1525 4657 πρὸς
1559 4593 1654 4659 τὴν
1686 4592 1779 4643 τοῦ

218 4670 401 4724 κακοῦ
426 4671 597 4737 λύσιν,
631 4675 723 4725 καὶ
751 4677 1035 4743 χαίρουσιν
1079 4678 1352 4739 ἀνύονπς,
1386 4683 1479 4731 καὶ
1526 4682 1783 4735 ἀνιῶνται

218 4763 399 4831 μηδὲν
428 4764 799 4832 περαίνοντες·
834 4768 1078 4829 εἰκότως.
1111 4770 1173 4821 Εἰ
1204 4774 1310 4839 γὰρ
1346 4772 1482 4838 μετὰ
1526 4775 1623 4842 τὴν
1657 4780 1783 4827 πολ-

216 4855 322 4921 λὴν
352 4855 696 4921 ἐπιμέλειαν,
724 4859 815 4907 καὶ
838 4859 1188 4929 τάλεξιτήρια
1216 4864 1504 4932 φάρμακα,
1529 4867 1589 4917 τὸ
1617 4868 1783 4920 διενο-

215 4941 386 5011 χλοῦν
425 4947 611 5012 χωρεῖ,
638 4946 753 5007 δέος
783 4948 929 4999 ἐστὶν
958 4948 1016 4998 ού
1055 4950 1270 5017 μικρὸν,
1302 4952 1376 5020 μὴ
1409 4953 1782 5021 ὐπερνικῆσαν

214 5034 304 5101 τῷ
328 5035 526 5103 χρόνῳ,
556 5037 635 5096 εἰς
666 5039 787 5098 τοὺς
818 5040 915 5105 τῆς
947 5040 1304 5106 ἀπογνώσεως
1334 5043 1531 5109 βυθοὺς
1554 5048 1651 5109 τὰς
1677 5050 1784 5101 τῶν

216 5125 547 5178 ἑαλωκότων
592 5120 763 5195 ψυχὰς
793 5129 1159 5199 παραπέμψη,
1193 5132 1328 5199 πρὸς
1363 5133 1455 5196 οὒς
1490 5136 1662 5201 οὐδείς
1698 5157 1781 5192 πω

215 5216 501 5271 κατελθὼν
524 5219 816 5283 ἐπανῆκεν.
844 5218 1031 5281 Οὕτως
1066 5222 1115 5271 οἱ
1144 5221 1435 5289 ἁκίὸδηλον
1462 5227 1558 5293 τὴν
1580 5227 1781 5296 ἀρετὴν

214 5304 576 5372 κεκτημένοι.
624 5305 765 5357 Ἀλλ’
797 5303 876 5367 οἷς
902 5323 963 5373 γε
991 5306 1195 5377 ταύτης
1228 5311 1449 5377 μέτεστι
1484 5312 1603 5380 μὲν,
1630 5332 1781 5367 νενο-

215 5393 501 5461 θευμὲνης
532 5393 577 5444 δ’
600 5390 690 5448 οὖν
724 5396 894 5461 ὅμως,
924 5397 1051 5458 τοὺς
1078 5399 1133 5449 ὲν
1159 5399 1456 5467 ἁμαρτίαις
1481 5404 1780 5471 κατειλημ-

216 5486 427 5554 μένους
449 5485 543 5553 οὐχ
566 5484 639 5547 ὡς
665 5486 943 5555 σχετλίους
968 5488 1317 5557 δακρύουσιν,
1340 5491 1448 5543 οὐδ’
1466 5492 1541 5554 ὡς
1566 5497 1779 5546 νοσοῦσι

210 5573 437 5632 τούτοις
460 5570 777 5637 ἀμύνουσιν,
802 5573 921 5625 οὐδὲ
954 5576 1349 5645 παρερχόμενοι
1376 5578 1445 5629 τὰ
1472 5582 1780 5633 συνοίσοντα

212 5665 562 5725 διδάσκουσι,
616 5664 710 5715 καὶ
761 5665 1205 5734 περινοστοῦντες
1253 5666 1507 5734 ζητοῦσιν
1559 5670 1779 5724 ὁθενοῦν

222 5750 487 5823 βοήθειαν
533 5753 744 5815 τούτοις
791 5756 1127 5824 εἰσαγαγεῖν·
1179 5756 1294 5810 ἀλλ’
1335 5758 1410 5822 ὡς
1462 5761 1698 5830 ἐκραγέν
1725 5779 1775 5815 τι

304 5933 321 5962 ⁸
353 5928 549 5985 Matth.
582 5947 632 5997 γ,
663 5933 710 5987 1.

1887 3396 2086 3452 Paulus
2114 3401 2305 3467 inquit.
2331 3401 2452 3455 Non
2485 3405 2743 3472 judicate,
2800 3413 2874 3463 ait
2925 3412 3195 3479 Salvator,
3248 3433 3295 3473 et
3352 3441 3452 3476 nan

1875 3488 2247 3555 judicabimint‘
2276 3492 2311 3545 ί.
2335 3493 2681 3563 Quapropter
2712 3500 2901 3554 horum
2941 3505 3203 3560 dictormn
3238 3527 3451 3582 semper

1887 3593 2171 3644 memores,
2202 3582 2466 3636 neminem
2512 3589 2893 3653 condemnant,
2933 3609 3030 3649 nec
3082 3599 3206 3652 odio
3263 3620 3452 3668 prose-

1884 3679 2144 3737 quuntur.
2181 3672 2414 3727 Absitut
2441 3677 2540 3730 hoc
2572 3677 2791 3732 faciant.
2830 3682 2943 3737 Non
2969 3688 3109 3740 enim
3174 3700 3451 3760 tanwpere

1885 3766 2069 3810 contra
2098 3770 2344 3812 naturam
2368 3776 2711 3819 communem
2742 3771 2894 3835 quasi
2925 3772 3057 3837 pede
3108 3776 3304 3832 collato
3357 3798 3453 3845 μιν

1885 3852 2143 3915 gnubunt,
2194 3852 2317 3906 licet
2342 3855 2390 3907 ei
2448 3857 2665 3924 quidvis
2702 3862 2904 3915 accidit
2938 3880 2999 3918 ex
3057 3868 3226 3934 ipsius
3285 3875 3447 3927 animi

1886 3942 2179 4007 proposito,
2205 3948 2298 3997 sed
2320 3945 2509 3998 vitium
2529 3948 2743 4014 quidem
2770 3953 2943 4020 ipsum
2970 3956 3448 4031 abominabuntur,

1885 4042 2170 4098 peccantes
2206 4050 2332 4089 vero
2376 4036 2691 4094 deﬂebunt:
2748 4046 2906 4110 quale
2965 4051 3219 4115 quiddam
3270 4055 3449 4113 facere.

1884 4127 2288 4189 consuevimus,
2324 4144 2443 4183 eum
2479 4133 2662 4186 ulcere
2702 4137 2840 4189 malo
2879 4145 3176 4197 membrum
3228 4148 3443 4216 aliquod

1885 4226 2128 4267 nostrum
2158 4222 2442 4283 putrescit,
2473 4222 2553 4274 vel
2583 4228 2706 4289 quis
2739 4228 2972 4283 maxime
3020 4230 3299 4289 familiaris
3358 4252 3449 4293 aut

1884 4307 2213 4374 prepinquus
2242 4321 2486 4379 mgrotat.
2530 4314 2689 4366 Iidem
2715 4332 2833 4369 cum
2870 4323 3047 4373 norint
3079 4324 3355 4380 Christum
3390 4348 3449 4381 e-

1888 4396 2013 4447 tiam
2036 4412 2131 4464 pro
2151 4398 2211 4451 iis
2231 4402 2598 4467 deprecatum,
2622 4422 2708 4467 qu.
2740 4423 2860 4459 eum
2884 4408 2934 4460 in
2962 4426 3175 4465 erucem
3198 4430 3448 4483 egenus,

1883 4492 1933 4536 et
1974 4487 2221 4539 omnibus
2251 4488 2400 4540 illum
2452 4492 2626 4545 modis
2660 4494 2726 4545 ad
2758 4498 3186 4565 resipiscendum
3216 4506 3445 4561 invitaau

1887 4586 2015 4641 tem,
2046 4578 2132 4643 qui
2157 4579 2339 4643 paucis
2363 4579 2537 4647 ipsum
2565 4586 2797 4638 mmnnis
2818 4592 3087 4655 argenteis
3110 4598 3445 4653 vendiderag

1816 4663 1858 4716 Ι)
1888 4665 1980 4733 qui
2021 4668 2352 4734 prodiderat,
2412 4673 2500 4737 qui
2553 4674 2740 4726 osculo
2782 4680 3097 4746 tradiderat,
3156 4689 3245 4753 qui
3288 4692 3439 4742 denT-

1881 4772 2007 4824 que,
2027 4760 2285 4827 quidquid
2308 4763 2520 4815 tandem
2544 4763 2712 4829 tieret,
2740 4770 2910 4822 malus
2935 4780 3109 4825 tamen
3133 4789 3447 4838 permansu-

1886 4863 1975 4902 rus
2006 4859 2123 4902 erat
2157 4867 2170 4901 :
2205 4850 2315 4903 ιιωο
2350 4850 2533 4917 igitur,
2557 4864 2607 4906 et
2630 4854 2932 4921 hujusmodi
2956 4875 3078 4915 cum
3114 4878 3237 4917 .‘tttte
3267 4873 3446 4920 oculos

1885 4942 2135 5004 habeant,
2170 4951 2222 4995 et
2254 4942 2470 4995 solliciti
2518 4954 2643 4997 sunt
2672 4947 2735 4997 de
2767 4948 2830 5000 iis
2862 4950 2951 5015 qui
3002 4954 3357 5022 deliquernqr

1883 5033 2250 5099 aegritudinem
2296 5047 2489 5087 sanare
2540 5048 2825 5105 conantur,
2879 5046 3165 5111 omniaque
3220 5066 3349 5102 num
3396 5071 3444 5104 et

1886 5120 2193 5188 aguntmali
2244 5120 2452 5174 levandi
2483 5136 2669 5188 causa,
2717 5135 2878 5192 atque
2902 5130 2976 5181 uti
3019 5146 3077 5183 re
3124 5139 3445 5191 SllCCetlcntp

1885 5213 2137 5278 gaudent,
2161 5212 2232 5264 ita
2256 5212 2303 5264 si
2324 5210 2453 5265 nihil
2477 5214 2776 5278 perﬁciant,
2796 5216 2997 5272 dolent.
3018 5221 3090 5273 Ac
3116 5222 3303 5277 meriio
3330 5232 3447 5293 quin

1885 5304 2041 5356 dem:
2071 5316 2189 5355 nam
2210 5303 2252 5355 si
2283 5312 2404 5371 post
2428 5305 2720 5358 adhibitam
2754 5320 2935 5360 curam
2971 5311 3276 5366 diuturnam
3294 5332 3441 5369 sam-

1886 5395 2108 5463 briaque
2135 5396 2389 5461 remedia,
2424 5397 2619 5449 malum
2651 5398 2876 5453 ulterius
2898 5413 3100 5466 serpat,
3128 5420 3235 5458 non
3253 5423 3441 5474 parum

1888 5489 2170 5541 verendum
2188 5497 2292 5551 εει,
2312 5502 2379 5541 ne
2396 5502 2515 5542 eum
2543 5490 2792 5556 paulatim
2813 5494 3169 5559 przevaluerit,
3187 5496 3237 5547 in
3257 5500 3444 5563 desneu

1887 5581 2114 5634 rationis
2145 5580 2376 5633 vortices
2403 5591 2778 5648 eorreptorum
2816 5586 3022 5636 animos
3065 5587 3336 5653 deturbet,
3384 5592 3439 5647 in

1884 5684 2020 5737 quos
2051 5670 2413 5738 prtecipitatus
2451 5686 2607 5724 nemo
2662 5690 2896 5741 unquam
2951 5678 3196 5733 emersit.
3252 5679 3327 5734 Ita
3379 5698 3437 5736 se

1884 5770 2075 5830 gerunt
2115 5760 2191 5815 illi
2217 5762 2308 5828 qui
2338 5776 2650 5830 germanam
2684 5766 3010 5834 minimeque
3037 5770 3275 5825 vitiatam
3330 5773 3439 5826 vir—
