  <div class='ocr_page' id='page_1' title='image "/cluster/home/n/w/nwhite01/storage/ocr_20150623/156/nnc1.0046980911/251.png"; bbox 0 0 4748 6512; ppageno 0'>
   <div class='ocr_carea' id='block_1_1' title="bbox 1417 465 1524 530">
    <p class='ocr_par' dir='ltr' id='par_1_1' title="bbox 1417 465 1524 530">
     <span class='ocr_line' id='line_1_1' title="bbox 1417 465 1524 530; baseline 0 -1"><span class='ocrx_word' id='word_1_1' title='bbox 1417 465 1524 530; x_wconf 75' lang='grc'><strong>495</strong></span> 
     </span>
    </p>
   </div>
   <div class='ocr_carea' id='block_1_2' title="bbox 2555 476 3409 536">
    <p class='ocr_par' dir='ltr' id='par_1_2' title="bbox 2555 476 3409 536">
     <span class='ocr_line' id='line_1_2' title="bbox 2555 476 3409 536; baseline 0.004 -3"><span class='ocrx_word' id='word_1_2' title='bbox 2555 477 2606 533; x_wconf 83' lang='grc' dir='ltr'>Μ</span> <span class='ocrx_word' id='word_1_3' title='bbox 2620 478 2709 532; x_wconf 65' lang='grc' dir='ltr'><strong>ΑΝ</strong></span> <span class='ocrx_word' id='word_1_4' title='bbox 2725 477 2770 534; x_wconf 92' lang='lat' dir='ltr'>U</span> <span class='ocrx_word' id='word_1_5' title='bbox 2785 476 2948 533; x_wconf 69' lang='grc' dir='ltr'><strong>ΕΗΒ</strong></span> <span class='ocrx_word' id='word_1_6' title='bbox 2994 476 3409 536; x_wconf 67' lang='lat' dir='ltr'><strong>PALASOLOG</strong></span> 
     </span>
    </p>
   </div>
   <div class='ocr_carea' id='block_1_3' title="bbox 4541 486 4636 552">
    <p class='ocr_par' dir='ltr' id='par_1_3' title="bbox 4541 486 4636 552">
     <span class='ocr_line' id='line_1_3' title="bbox 4541 486 4636 552; baseline 0.011 -1"><span class='ocrx_word' id='word_1_7' title='bbox 4541 486 4636 552; x_wconf 67' lang='grc'><strong>496</strong></span> 
     </span>
    </p>
   </div>
   <div class='ocr_carea' id='block_1_4' title="bbox 1414 581 3289 668">
    <p class='ocr_par' dir='ltr' id='par_1_4' title="bbox 1414 581 3289 653">
     <span class='ocr_line' id='line_1_4' title="bbox 1414 581 3289 653; baseline 0.004 -23"><span class='ocrx_word' id='word_1_8' title='bbox 1414 588 1583 632; x_wconf 88' lang='lat' dir='ltr'><strong>tutem</strong></span> <span class='ocrx_word' id='word_1_9' title='bbox 1621 581 1894 645; x_wconf 90' lang='lat' dir='ltr'><strong>possident</strong></span> <span class='ocrx_word' id='word_1_10' title='bbox 1950 600 1966 638; x_wconf 88' lang='lat'><strong>:</strong></span> <span class='ocrx_word' id='word_1_11' title='bbox 1998 593 2053 639; x_wconf 83' lang='lat' dir='ltr'><strong>at</strong></span> <span class='ocrx_word' id='word_1_12' title='bbox 2090 599 2179 652; x_wconf 89' lang='lat' dir='ltr'><strong>qut</strong></span> <span class='ocrx_word' id='word_1_13' title='bbox 2222 583 2512 652; x_wconf 71' lang='lat' dir='ltr'><strong>participes</strong></span> <span class='ocrx_word' id='word_1_14' title='bbox 2540 585 2757 652; x_wconf 81' lang='lat' dir='ltr'><strong>quidem</strong></span> <span class='ocrx_word' id='word_1_15' title='bbox 2819 586 2965 638; x_wconf 85' lang='lat' dir='ltr'><strong>illius</strong></span> <span class='ocrx_word' id='word_1_16' title='bbox 2992 588 3038 645; x_wconf 82' lang='grc' dir='ltr'><strong>Α</strong></span> <span class='ocrx_word' id='word_1_17' title='bbox 3071 586 3230 653; x_wconf 80' lang='grc' dir='ltr'><strong>μέλος</strong></span> <span class='ocrx_word' id='word_1_18' title='bbox 3283 607 3289 619; x_wconf 67' lang='grc' dir='ltr'><strong>ι</strong></span> 
     </span>
    </p>
   </div>
   <div class='ocr_carea' id='block_1_5' title="bbox 2755 581 4630 668">
    <p class='ocr_par' dir='ltr' id='par_1_5' title="bbox 2755 586 4630 668">
     <span class='ocr_line' id='line_1_5' title="bbox 2755 586 4630 668; baseline 0.01 -34"><span class='ocrx_word' id='word_1_19' title='bbox 2755 610 2757 635; x_wconf 80' lang='grc' dir='ltr'><strong>ι</strong></span> <span class='ocrx_word' id='word_1_20' title='bbox 2819 586 3038 645; x_wconf 79' lang='lat' dir='ltr'><strong>illiusA</strong></span> <span class='ocrx_word' id='word_1_21' title='bbox 3071 586 3230 653; x_wconf 80' lang='grc' dir='ltr'><strong>μέλος</strong></span> <span class='ocrx_word' id='word_1_22' title='bbox 3283 588 3378 639; x_wconf 81' lang='grc' dir='ltr'><strong>τοῦ</strong></span> <span class='ocrx_word' id='word_1_23' title='bbox 3432 591 3556 643; x_wconf 80' lang='grc' dir='ltr'><strong>ὅλου</strong></span> <span class='ocrx_word' id='word_1_24' title='bbox 3599 591 3874 661; x_wconf 80' lang='grc' dir='ltr'><strong>σώματος,</strong></span> <span class='ocrx_word' id='word_1_25' title='bbox 3928 597 4020 648; x_wconf 74' lang='grc' dir='ltr'><strong>καὶ</strong></span> <span class='ocrx_word' id='word_1_26' title='bbox 4075 597 4293 668; x_wconf 81' lang='grc' dir='ltr'><strong>νεκρὸν,</strong></span> <span class='ocrx_word' id='word_1_27' title='bbox 4332 602 4431 653; x_wconf 71' lang='grc' dir='ltr'><strong>καὶ</strong></span> <span class='ocrx_word' id='word_1_28' title='bbox 4476 602 4630 656; x_wconf 71' lang='grc' dir='ltr'><strong>ιωλοδ</strong></span> 
     </span>
    </p>
   </div>
   <div class='ocr_carea' id='block_1_6' title="bbox 1411 671 2967 744">
    <p class='ocr_par' dir='ltr' id='par_1_6' title="bbox 1411 671 2967 744">
     <span class='ocr_line' id='line_1_6' title="bbox 1411 671 2967 744; baseline 0.006 -24"><span class='ocrx_word' id='word_1_29' title='bbox 1411 679 1558 733; x_wconf 80' lang='lat' dir='ltr'><strong>sunt,</strong></span> <span class='ocrx_word' id='word_1_30' title='bbox 1606 671 1699 724; x_wconf 85' lang='lat' dir='ltr'><strong>sed</strong></span> <span class='ocrx_word' id='word_1_31' title='bbox 1748 672 2059 728; x_wconf 68' lang='lat' dir='ltr'><strong>adulterata:</strong></span> <span class='ocrx_word' id='word_1_32' title='bbox 2088 684 2475 744; x_wconf 65' lang='lat' dir='ltr'><strong>corruptaeque,</strong></span> <span class='ocrx_word' id='word_1_33' title='bbox 2518 675 2878 744; x_wconf 78' lang='lat' dir='ltr'><strong>deprehensos</strong></span> <span class='ocrx_word' id='word_1_34' title='bbox 2914 678 2967 730; x_wconf 93' lang='lat' dir='ltr'><strong>in</strong></span> 
     </span>
    </p>
   </div>
   <div class='ocr_carea' id='block_1_7' title="bbox 1409 757 2960 832">
    <p class='ocr_par' dir='ltr' id='par_1_7' title="bbox 1409 757 2960 832">
     <span class='ocr_line' id='line_1_7' title="bbox 1409 757 2960 832; baseline 0.005 -22"><span class='ocrx_word' id='word_1_35' title='bbox 1409 757 1645 823; x_wconf 75' lang='lat' dir='ltr'><strong>peccatis</strong></span> <span class='ocrx_word' id='word_1_36' title='bbox 1674 774 1778 813; x_wconf 91' lang='lat' dir='ltr'><strong>non</strong></span> <span class='ocrx_word' id='word_1_37' title='bbox 1814 762 2109 816; x_wconf 87' lang='lat' dir='ltr'><strong>utmiseros</strong></span> <span class='ocrx_word' id='word_1_38' title='bbox 2154 762 2369 825; x_wconf 81' lang='lat' dir='ltr'><strong>deﬂent,</strong></span> <span class='ocrx_word' id='word_1_39' title='bbox 2429 777 2524 816; x_wconf 88' lang='lat' dir='ltr'><strong>nec</strong></span> <span class='ocrx_word' id='word_1_40' title='bbox 2562 773 2617 816; x_wconf 91' lang='lat' dir='ltr'><strong>ut</strong></span> <span class='ocrx_word' id='word_1_41' title='bbox 2646 765 2801 832; x_wconf 68' lang='lat' dir='ltr'><strong>aegris</strong></span> <span class='ocrx_word' id='word_1_42' title='bbox 2830 766 2960 818; x_wconf 91' lang='lat' dir='ltr'><strong>sub-</strong></span> 
     </span>
    </p>
   </div>
   <div class='ocr_carea' id='block_1_8' title="bbox 1409 850 2963 921">
    <p class='ocr_par' dir='ltr' id='par_1_8' title="bbox 1409 850 2963 921">
     <span class='ocr_line' id='line_1_8' title="bbox 1409 850 2963 921; baseline 0.006 -24"><span class='ocrx_word' id='word_1_43' title='bbox 1409 850 1651 914; x_wconf 69' lang='lat' dir='ltr'><strong>veniunt,</strong></span> <span class='ocrx_word' id='word_1_44' title='bbox 1708 867 1805 905; x_wconf 91' lang='lat' dir='ltr'><strong>nec</strong></span> <span class='ocrx_word' id='word_1_45' title='bbox 1840 863 2222 919; x_wconf 73' lang='lat' dir='ltr'><strong>praetereuntes</strong></span> <span class='ocrx_word' id='word_1_46' title='bbox 2272 853 2549 921; x_wconf 82' lang='lat' dir='ltr'><strong>profutura</strong></span> <span class='ocrx_word' id='word_1_47' title='bbox 2609 855 2820 919; x_wconf 90' lang='lat' dir='ltr'><strong>docent,</strong></span> <span class='ocrx_word' id='word_1_48' title='bbox 2872 865 2963 908; x_wconf 86' lang='lat' dir='ltr'><strong>aut</strong></span> 
     </span>
    </p>
   </div>
   <div class='ocr_carea' id='block_1_9' title="bbox 3074 681 4630 761">
    <p class='ocr_par' dir='ltr' id='par_1_9' title="bbox 3074 681 4630 761">
     <span class='ocr_line' id='line_1_9' title="bbox 3074 681 4630 761; baseline 0.012 -34"><span class='ocrx_word' id='word_1_49' title='bbox 3074 681 3460 748; x_wconf 82' lang='grc' dir='ltr'><strong>γεγενημένον,</strong></span> <span class='ocrx_word' id='word_1_50' title='bbox 3499 684 3903 755; x_wconf 77' lang='grc' dir='ltr'><strong>ἀπαγορεύουσι</strong></span> <span class='ocrx_word' id='word_1_51' title='bbox 3956 704 4015 741; x_wconf 79' lang='grc' dir='ltr'><strong>τε</strong></span> <span class='ocrx_word' id='word_1_52' title='bbox 4068 692 4161 744; x_wconf 76' lang='grc' dir='ltr'><strong>καὶ</strong></span> <span class='ocrx_word' id='word_1_53' title='bbox 4203 692 4630 761; x_wconf 65' lang='grc' dir='ltr'><strong>ἀπορρίπτουσι,</strong></span> 
     </span>
    </p>
   </div>
   <div class='ocr_carea' id='block_1_10' title="bbox 3068 774 4628 855">
    <p class='ocr_par' dir='ltr' id='par_1_10' title="bbox 3068 774 4628 855">
     <span class='ocr_line' id='line_1_10' title="bbox 3068 774 4628 855; baseline 0.009 -35"><span class='ocrx_word' id='word_1_54' title='bbox 3068 774 3371 840; x_wconf 80' lang='grc' dir='ltr'><strong>σπάραγμα</strong></span> <span class='ocrx_word' id='word_1_55' title='bbox 3405 776 3531 827; x_wconf 79' lang='grc' dir='ltr'><strong>κυσί</strong></span> <span class='ocrx_word' id='word_1_56' title='bbox 3552 793 3610 828; x_wconf 83' lang='grc' dir='ltr'><strong>τε</strong></span> <span class='ocrx_word' id='word_1_57' title='bbox 3644 778 3738 830; x_wconf 80' lang='grc' dir='ltr'><strong>καὶ</strong></span> <span class='ocrx_word' id='word_1_58' title='bbox 3771 778 4017 849; x_wconf 76' lang='grc' dir='ltr'><strong>κόραξιν·</strong></span> <span class='ocrx_word' id='word_1_59' title='bbox 4053 782 4085 852; x_wconf 76' lang='grc' dir='ltr'>ἦ</span> <span class='ocrx_word' id='word_1_60' title='bbox 4116 784 4176 836; x_wconf 88' lang='grc' dir='ltr'><strong>τό</strong></span> <span class='ocrx_word' id='word_1_61' title='bbox 4208 800 4270 851; x_wconf 88' lang='grc' dir='ltr'><strong>γε</strong></span> <span class='ocrx_word' id='word_1_62' title='bbox 4301 786 4628 855; x_wconf 74' lang='grc' dir='ltr'><strong>οἰκειότερον</strong></span> 
     </span>
    </p>
   </div>
   <div class='ocr_carea' id='block_1_11' title="bbox 3065 862 3797 940">
    <p class='ocr_par' dir='ltr' id='par_1_11' title="bbox 3065 862 3797 940">
     <span class='ocr_line' id='line_1_11' title="bbox 3065 862 3797 940; baseline 0.016 -27"><span class='ocrx_word' id='word_1_63' title='bbox 3065 862 3255 929; x_wconf 80' lang='grc' dir='ltr'><strong>φάναι,</strong></span> <span class='ocrx_word' id='word_1_64' title='bbox 3289 863 3487 935; x_wconf 85' lang='grc' dir='ltr'><strong>βρῶμα</strong></span> <span class='ocrx_word' id='word_1_65' title='bbox 3523 869 3797 940; x_wconf 60' lang='grc' dir='ltr'><strong>δαίμοσιν</strong></span> 
     </span>
    </p>
   </div>
   <div class='ocr_carea' id='block_1_12' title="bbox 1405 941 4628 1037">
    <p class='ocr_par' dir='ltr' id='par_1_12' title="bbox 1405 941 4628 1037">
     <span class='ocr_line' id='line_1_12' title="bbox 1405 941 4628 1037; baseline 0.01 -45"><span class='ocrx_word' id='word_1_66' title='bbox 1405 941 1732 1013; x_wconf 78' lang='lat' dir='ltr'><strong>obvagantes</strong></span> <span class='ocrx_word' id='word_1_67' title='bbox 1754 959 1905 1013; x_wconf 87' lang='lat' dir='ltr'><strong>opem</strong></span> <span class='ocrx_word' id='word_1_68' title='bbox 1944 947 2295 1015; x_wconf 79' lang='lat' dir='ltr'><strong>undecunque</strong></span> <span class='ocrx_word' id='word_1_69' title='bbox 2316 949 2660 1014; x_wconf 82' lang='lat' dir='ltr'><strong>conquirunt,</strong></span> <span class='ocrx_word' id='word_1_70' title='bbox 2695 965 2854 1018; x_wconf 89' lang='lat' dir='ltr'><strong>quam</strong></span> <span class='ocrx_word' id='word_1_71' title='bbox 2879 950 2957 1005; x_wconf 89' lang='lat' dir='ltr'><strong>eis</strong></span> <span class='ocrx_word' id='word_1_72' title='bbox 3010 951 3209 1023; x_wconf 77' lang='lat' dir='ltr'><strong>ferant,</strong></span> <span class='ocrx_word' id='word_1_73' title='bbox 3273 960 3366 1014; x_wconf 87' lang='lat' dir='ltr'><strong>sed</strong></span> <span class='ocrx_word' id='word_1_74' title='bbox 3428 961 3595 1017; x_wconf 89' lang='lat' dir='ltr'><strong>veluti</strong></span> <span class='ocrx_word' id='word_1_75' title='bbox 3630 964 3938 1020; x_wconf 82' lang='lat' dir='ltr'><strong>membrum</strong></span> <span class='ocrx_word' id='word_1_76' title='bbox 4026 968 4295 1037; x_wconf 78' lang='lat' dir='ltr'><strong>quoddam</strong></span> <span class='ocrx_word' id='word_1_77' title='bbox 4327 983 4359 1022; x_wconf 85' lang='lat' dir='ltr'><strong>a</strong></span> <span class='ocrx_word' id='word_1_78' title='bbox 4415 984 4628 1036; x_wconf 84' lang='lat' dir='ltr'><strong>corpore</strong></span> 
     </span>
    </p>
   </div>
   <div class='ocr_carea' id='block_1_13' title="bbox 1406 1040 4629 1128">
    <p class='ocr_par' dir='ltr' id='par_1_13' title="bbox 1406 1040 4629 1128">
     <span class='ocr_line' id='line_1_13' title="bbox 1406 1040 4629 1128; baseline 0.008 -38"><span class='ocrx_word' id='word_1_79' title='bbox 1406 1049 1523 1090; x_wconf 93' lang='lat' dir='ltr'><strong>toto</strong></span> <span class='ocrx_word' id='word_1_80' title='bbox 1591 1040 1852 1105; x_wconf 81' lang='lat' dir='ltr'><strong>avulsum,</strong></span> <span class='ocrx_word' id='word_1_81' title='bbox 1909 1052 1960 1095; x_wconf 90' lang='lat' dir='ltr'><strong>et</strong></span> <span class='ocrx_word' id='word_1_82' title='bbox 2017 1051 2319 1096; x_wconf 85' lang='lat' dir='ltr'><strong>emortuum</strong></span> <span class='ocrx_word' id='word_1_83' title='bbox 2384 1046 2792 1111; x_wconf 83' lang='lat' dir='ltr'><strong>mareidumqne</strong></span> <span class='ocrx_word' id='word_1_84' title='bbox 2846 1044 3200 1114; x_wconf 78' lang='lat' dir='ltr'><strong>jamfactum,</strong></span> <span class='ocrx_word' id='word_1_85' title='bbox 3243 1053 3498 1109; x_wconf 86' lang='lat' dir='ltr'><strong>abdicant</strong></span> <span class='ocrx_word' id='word_1_86' title='bbox 3566 1066 3728 1127; x_wconf 84' lang='lat' dir='ltr'><strong>atque</strong></span> <span class='ocrx_word' id='word_1_87' title='bbox 3784 1058 4055 1128; x_wconf 81' lang='lat' dir='ltr'><strong>rejiciunt,</strong></span> <span class='ocrx_word' id='word_1_88' title='bbox 4098 1060 4330 1117; x_wconf 75' lang='lat' dir='ltr'><strong>canibus</strong></span> <span class='ocrx_word' id='word_1_89' title='bbox 4382 1071 4439 1118; x_wconf 85' lang='lat' dir='ltr'><strong>et</strong></span> <span class='ocrx_word' id='word_1_90' title='bbox 4461 1064 4629 1117; x_wconf 85' lang='lat' dir='ltr'><strong>corvis</strong></span> 
     </span>
    </p>
   </div>
   <div class='ocr_carea' id='block_1_14' title="bbox 1404 1129 4281 1222">
    <p class='ocr_par' dir='ltr' id='par_1_14' title="bbox 1404 1129 4281 1222">
     <span class='ocr_line' id='line_1_14' title="bbox 1404 1129 4281 1222; baseline 0.009 -39"><span class='ocrx_word' id='word_1_91' title='bbox 1404 1129 1827 1197; x_wconf 82' lang='lat' dir='ltr'><strong>dilacerandum,</strong></span> <span class='ocrx_word' id='word_1_92' title='bbox 1857 1134 1939 1186; x_wconf 90' lang='lat' dir='ltr'><strong>vel</strong></span> <span class='ocrx_word' id='word_1_93' title='bbox 1976 1135 2048 1187; x_wconf 85' lang='lat' dir='ltr'><strong>uti</strong></span> <span class='ocrx_word' id='word_1_94' title='bbox 2087 1135 2254 1204; x_wconf 79' lang='lat' dir='ltr'><strong>magis</strong></span> <span class='ocrx_word' id='word_1_95' title='bbox 2286 1135 2501 1204; x_wconf 87' lang='lat' dir='ltr'><strong>proprie</strong></span> <span class='ocrx_word' id='word_1_96' title='bbox 2560 1135 2769 1203; x_wconf 85' lang='lat' dir='ltr'><strong>loquar,</strong></span> <span class='ocrx_word' id='word_1_97' title='bbox 2804 1138 2963 1191; x_wconf 87' lang='lat' dir='ltr'><strong>malis</strong></span> <span class='ocrx_word' id='word_1_98' title='bbox 2993 1141 3165 1207; x_wconf 78' lang='lat' dir='ltr'><strong>geniis</strong></span> <span class='ocrx_word' id='word_1_99' title='bbox 3204 1145 3594 1203; x_wconf 81' lang='lat' dir='ltr'><strong>devorandum.</strong></span> <span class='ocrx_word' id='word_1_100' title='bbox 3620 1149 3782 1207; x_wconf 80' lang='lat' dir='ltr'><strong>Poeta</strong></span> <span class='ocrx_word' id='word_1_101' title='bbox 3813 1153 4028 1222; x_wconf 87' lang='lat' dir='ltr'><strong>quidem</strong></span> <span class='ocrx_word' id='word_1_102' title='bbox 4054 1153 4281 1218; x_wconf 88' lang='lat' dir='ltr'><strong>diceret,</strong></span> 
     </span>
    </p>
   </div>
   <div class='ocr_carea' id='block_1_15' title="bbox 1625 1247 2785 1320">
    <p class='ocr_par' dir='ltr' id='par_1_15' title="bbox 1625 1247 2785 1320">
     <span class='ocr_line' id='line_1_15' title="bbox 1625 1247 2785 1320; baseline 0.003 -20"><span class='ocrx_word' id='word_1_103' title='bbox 1625 1287 1639 1300; x_wconf 93' lang='lat'><strong>.</strong></span> <span class='ocrx_word' id='word_1_104' title='bbox 1700 1247 2081 1320; x_wconf 13' lang='lat' dir='ltr'><strong>Ipsosranlem</strong></span> <span class='ocrx_word' id='word_1_105' title='bbox 2136 1252 2453 1319; x_wconf 78' lang='lat' dir='ltr'><strong>canibusque</strong></span> <span class='ocrx_word' id='word_1_106' title='bbox 2503 1253 2785 1320; x_wconf 75' lang='lat' dir='ltr'><strong>avibusque</strong></span> 
     </span>
    </p>
   </div>
   <div class='ocr_carea' id='block_1_16' title="bbox 1611 1319 2388 1386">
    <p class='ocr_par' dir='ltr' id='par_1_16' title="bbox 1611 1319 2388 1386">
     <span class='ocr_line' id='line_1_16' title="bbox 1611 1319 2388 1386; baseline 0.005 -17"><span class='ocrx_word' id='word_1_107' title='bbox 1611 1319 1807 1370; x_wconf 73' lang='lat' dir='ltr'><strong>cunctis</strong></span> <span class='ocrx_word' id='word_1_108' title='bbox 1834 1319 2018 1369; x_wconf 84' lang='lat' dir='ltr'><strong>obtulit</strong></span> <span class='ocrx_word' id='word_1_109' title='bbox 2050 1322 2101 1370; x_wconf 85' lang='lat' dir='ltr'><strong>in</strong></span> <span class='ocrx_word' id='word_1_110' title='bbox 2130 1322 2388 1386; x_wconf 74' lang='lat' dir='ltr'><strong>prwdam.</strong></span> 
     </span>
    </p>
   </div>
   <div class='ocr_carea' id='block_1_17' title="bbox 3294 1264 4521 1337">
    <p class='ocr_par' dir='ltr' id='par_1_17' title="bbox 3294 1264 4521 1337">
     <span class='ocr_line' id='line_1_17' title="bbox 3294 1264 4521 1337; baseline 0.006 -23"><span class='ocrx_word' id='word_1_111' title='bbox 3294 1299 3309 1313; x_wconf 95' lang='lat'><strong>.</strong></span> <span class='ocrx_word' id='word_1_112' title='bbox 3364 1264 3593 1337; x_wconf 60' lang='grc' dir='ltr'><strong>Αρτοὺς</strong></span> <span class='ocrx_word' id='word_1_113' title='bbox 3623 1264 3697 1337; x_wconf 56' lang='lat' dir='ltr'><strong>de</strong></span> <span class='ocrx_word' id='word_1_114' title='bbox 3729 1266 3945 1337; x_wconf 76' lang='grc' dir='ltr'><strong>ἑλώρια</strong></span> <span class='ocrx_word' id='word_1_115' title='bbox 3981 1269 4159 1337; x_wconf 81' lang='grc' dir='ltr'><strong>τεῦχε</strong></span> <span class='ocrx_word' id='word_1_116' title='bbox 4194 1270 4521 1333; x_wconf 78' lang='grc' dir='ltr'><strong>κύνεσσιν,</strong></span> 
     </span>
    </p>
   </div>
   <div class='ocr_carea' id='block_1_18' title="bbox 3238 1332 4069 1395">
    <p class='ocr_par' dir='ltr' id='par_1_18' title="bbox 3238 1332 4069 1395">
     <span class='ocr_line' id='line_1_18' title="bbox 3238 1332 4069 1395; baseline 0.014 -14"><span class='ocrx_word' id='word_1_117' title='bbox 3238 1332 3503 1386; x_wconf 68' lang='grc' dir='ltr'><strong>οἰωνοῖσί</strong></span> <span class='ocrx_word' id='word_1_118' title='bbox 3528 1351 3593 1388; x_wconf 82' lang='grc' dir='ltr'><strong>τε</strong></span> <span class='ocrx_word' id='word_1_119' title='bbox 3621 1332 3889 1392; x_wconf 53' lang='grc' dir='ltr'><strong>πᾶσινξ.</strong></span> <span class='ocrx_word' id='word_1_120' title='bbox 3936 1377 3950 1393; x_wconf 94' lang='grc'><strong>.</strong></span> <span class='ocrx_word' id='word_1_121' title='bbox 3993 1378 4010 1395; x_wconf 91' lang='grc'><strong>.</strong></span> <span class='ocrx_word' id='word_1_122' title='bbox 4053 1377 4069 1393; x_wconf 92' lang='grc'><strong>.</strong></span> 
     </span>
    </p>
   </div>
   <div class='ocr_carea' id='block_1_19' title="bbox 1477 1407 3352 1497">
    <p class='ocr_par' dir='ltr' id='par_1_19' title="bbox 1477 1407 3329 1477">
     <span class='ocr_line' id='line_1_19' title="bbox 1477 1407 3329 1477; baseline 0.009 -19"><span class='ocrx_word' id='word_1_123' title='bbox 1477 1410 1547 1459; x_wconf 81' lang='lat' dir='ltr'><strong>At</strong></span> <span class='ocrx_word' id='word_1_124' title='bbox 1604 1422 1737 1474; x_wconf 87' lang='lat' dir='ltr'><strong>quos</strong></span> <span class='ocrx_word' id='word_1_125' title='bbox 1776 1407 2043 1471; x_wconf 86' lang='lat' dir='ltr'><strong>homines,</strong></span> <span class='ocrx_word' id='word_1_126' title='bbox 2094 1409 2368 1465; x_wconf 83' lang='lat' dir='ltr'><strong>obsecro?</strong></span> <span class='ocrx_word' id='word_1_127' title='bbox 2409 1426 2634 1477; x_wconf 90' lang='lat' dir='ltr'><strong>quorum</strong></span> <span class='ocrx_word' id='word_1_128' title='bbox 2672 1412 2752 1465; x_wconf 84' lang='lat' dir='ltr'><strong>vel</strong></span> <span class='ocrx_word' id='word_1_129' title='bbox 2793 1412 2963 1467; x_wconf 83' lang='lat' dir='ltr'><strong>hostis</strong></span> <span class='ocrx_word' id='word_1_130' title='bbox 3062 1417 3216 1474; x_wconf 75' lang='grc' dir='ltr'><strong>εἶπεν</strong></span> <span class='ocrx_word' id='word_1_131' title='bbox 3263 1422 3329 1475; x_wconf 79' lang='grc' dir='ltr'><strong>ἂν</strong></span> 
     </span>
    </p>
   </div>
   <div class='ocr_carea' id='block_1_20' title="bbox 2746 1407 4621 1497">
    <p class='ocr_par' dir='ltr' id='par_1_20' title="bbox 2746 1412 4621 1497">
     <span class='ocr_line' id='line_1_20' title="bbox 2746 1412 4621 1497; baseline 0.01 -32"><span class='ocrx_word' id='word_1_132' title='bbox 2746 1412 2752 1465; x_wconf 85' lang='grc' dir='ltr'><strong>Ι</strong></span> <span class='ocrx_word' id='word_1_133' title='bbox 2793 1412 2963 1467; x_wconf 83' lang='lat' dir='ltr'><strong>hostis</strong></span> <span class='ocrx_word' id='word_1_134' title='bbox 3062 1417 3216 1474; x_wconf 76' lang='grc' dir='ltr'><strong>εἶπεν</strong></span> <span class='ocrx_word' id='word_1_135' title='bbox 3263 1422 3329 1475; x_wconf 79' lang='grc' dir='ltr'><strong>ἂν</strong></span> <span class='ocrx_word' id='word_1_136' title='bbox 3383 1425 3411 1475; x_wconf 86' lang='grc' dir='ltr'>ὁ</span> <span class='ocrx_word' id='word_1_137' title='bbox 3460 1429 3709 1496; x_wconf 86' lang='grc' dir='ltr'><strong>ποιητής.</strong></span> <span class='ocrx_word' id='word_1_138' title='bbox 3762 1428 3874 1482; x_wconf 74' lang='grc' dir='ltr'><strong>Καὶ</strong></span> <span class='ocrx_word' id='word_1_139' title='bbox 3916 1428 4109 1493; x_wconf 86' lang='grc' dir='ltr'><strong>ταῦτα,</strong></span> <span class='ocrx_word' id='word_1_140' title='bbox 4158 1430 4344 1497; x_wconf 83' lang='grc' dir='ltr'><strong>τίνας;</strong></span> <span class='ocrx_word' id='word_1_141' title='bbox 4392 1428 4490 1492; x_wconf 81' lang='grc' dir='ltr'><strong>οὓς</strong></span> <span class='ocrx_word' id='word_1_142' title='bbox 4532 1430 4621 1483; x_wconf 68' lang='grc' dir='ltr'><strong>κᾶν</strong></span> 
     </span>
    </p>
   </div>
   <div class='ocr_carea' id='block_1_21' title="bbox 1406 1497 2958 1571">
    <p class='ocr_par' dir='ltr' id='par_1_21' title="bbox 1406 1497 2958 1571">
     <span class='ocr_line' id='line_1_21' title="bbox 1406 1497 2958 1571; baseline 0.006 -24"><span class='ocrx_word' id='word_1_143' title='bbox 1406 1498 1656 1549; x_wconf 81' lang='lat' dir='ltr'><strong>misertus</strong></span> <span class='ocrx_word' id='word_1_144' title='bbox 1687 1497 1868 1561; x_wconf 79' lang='lat' dir='ltr'><strong>fuerit,</strong></span> <span class='ocrx_word' id='word_1_145' title='bbox 1925 1498 2180 1566; x_wconf 84' lang='lat' dir='ltr'><strong>humique</strong></span> <span class='ocrx_word' id='word_1_146' title='bbox 2223 1498 2527 1566; x_wconf 85' lang='lat' dir='ltr'><strong>jacentibns</strong></span> <span class='ocrx_word' id='word_1_147' title='bbox 2558 1516 2773 1554; x_wconf 84' lang='lat' dir='ltr'><strong>manum</strong></span> <span class='ocrx_word' id='word_1_148' title='bbox 2831 1517 2958 1571; x_wconf 89' lang='lat' dir='ltr'><strong>por-</strong></span> 
     </span>
    </p>
   </div>
   <div class='ocr_carea' id='block_1_22' title="bbox 1403 1587 2955 1647">
    <p class='ocr_par' dir='ltr' id='par_1_22' title="bbox 1403 1587 2955 1647">
     <span class='ocr_line' id='line_1_22' title="bbox 1403 1587 2955 1647; baseline 0.006 -10"><span class='ocrx_word' id='word_1_149' title='bbox 1403 1587 1629 1640; x_wconf 78' lang='lat' dir='ltr'><strong>rexerit.</strong></span> <span class='ocrx_word' id='word_1_150' title='bbox 1689 1587 1806 1641; x_wconf 85' lang='lat' dir='ltr'><strong>lmo</strong></span> <span class='ocrx_word' id='word_1_151' title='bbox 1862 1600 2103 1644; x_wconf 89' lang='lat' dir='ltr'><strong>mortuos</strong></span> <span class='ocrx_word' id='word_1_152' title='bbox 2153 1590 2311 1644; x_wconf 87' lang='lat' dir='ltr'><strong>etiam</strong></span> <span class='ocrx_word' id='word_1_153' title='bbox 2368 1590 2612 1647; x_wconf 81' lang='lat' dir='ltr'><strong>homines</strong></span> <span class='ocrx_word' id='word_1_154' title='bbox 2656 1593 2955 1647; x_wconf 83' lang='lat' dir='ltr'><strong>honoribus</strong></span> 
     </span>
    </p>
   </div>
   <div class='ocr_carea' id='block_1_23' title="bbox 1398 1674 2952 1748">
    <p class='ocr_par' dir='ltr' id='par_1_23' title="bbox 1398 1674 2952 1748">
     <span class='ocr_line' id='line_1_23' title="bbox 1398 1674 2952 1748; baseline 0.007 -23"><span class='ocrx_word' id='word_1_155' title='bbox 1398 1674 1616 1728; x_wconf 82' lang='lat' dir='ltr'><strong>allicere</strong></span> <span class='ocrx_word' id='word_1_156' title='bbox 1641 1678 2041 1741; x_wconf 77' lang='lat' dir='ltr'><strong>consuevimus,</strong></span> <span class='ocrx_word' id='word_1_157' title='bbox 2076 1688 2129 1732; x_wconf 91' lang='lat' dir='ltr'><strong>et</strong></span> <span class='ocrx_word' id='word_1_158' title='bbox 2168 1680 2336 1732; x_wconf 91' lang='lat' dir='ltr'><strong>multa</strong></span> <span class='ocrx_word' id='word_1_159' title='bbox 2369 1680 2611 1748; x_wconf 82' lang='lat' dir='ltr'><strong>eisjusta</strong></span> <span class='ocrx_word' id='word_1_160' title='bbox 2647 1683 2952 1736; x_wconf 85' lang='lat' dir='ltr'><strong>necessario</strong></span> 
     </span>
    </p>
   </div>
   <div class='ocr_carea' id='block_1_24' title="bbox 1398 1767 2956 1841">
    <p class='ocr_par' dir='ltr' id='par_1_24' title="bbox 1398 1767 2956 1841">
     <span class='ocr_line' id='line_1_24' title="bbox 1398 1767 2956 1841; baseline 0.003 -19"><span class='ocrx_word' id='word_1_161' title='bbox 1398 1767 1753 1835; x_wconf 85' lang='lat' dir='ltr'><strong>persolvimus</strong></span> <span class='ocrx_word' id='word_1_162' title='bbox 1782 1785 1797 1822; x_wconf 88' lang='lat'><strong>:</strong></span> <span class='ocrx_word' id='word_1_163' title='bbox 1833 1768 1899 1821; x_wconf 88' lang='lat' dir='ltr'><strong>ab</strong></span> <span class='ocrx_word' id='word_1_164' title='bbox 1931 1770 2132 1823; x_wconf 86' lang='lat' dir='ltr'><strong>eisdem</strong></span> <span class='ocrx_word' id='word_1_165' title='bbox 2166 1770 2470 1824; x_wconf 88' lang='lat' dir='ltr'><strong>membrum</strong></span> <span class='ocrx_word' id='word_1_166' title='bbox 2523 1787 2734 1841; x_wconf 88' lang='lat' dir='ltr'><strong>quoque</strong></span> <span class='ocrx_word' id='word_1_167' title='bbox 2778 1774 2956 1826; x_wconf 86' lang='lat' dir='ltr'><strong>abcis-</strong></span> 
     </span>
    </p>
   </div>
   <div class='ocr_carea' id='block_1_25' title="bbox 3060 1513 4623 1593">
    <p class='ocr_par' dir='ltr' id='par_1_25' title="bbox 3060 1513 4623 1593">
     <span class='ocr_line' id='line_1_25' title="bbox 3060 1513 4623 1593; baseline 0.008 -30"><span class='ocrx_word' id='word_1_168' title='bbox 3060 1513 3253 1580; x_wconf 82' lang='grc' dir='ltr'><strong>ὲχθρδς</strong></span> <span class='ocrx_word' id='word_1_169' title='bbox 3286 1515 3515 1586; x_wconf 75' lang='grc' dir='ltr'><strong>ἠλέησεν</strong></span> <span class='ocrx_word' id='word_1_170' title='bbox 3558 1519 3867 1591; x_wconf 79' lang='grc' dir='ltr'><strong>ἄνθρωπος,</strong></span> <span class='ocrx_word' id='word_1_171' title='bbox 3910 1524 4005 1575; x_wconf 78' lang='grc' dir='ltr'><strong>καὶ</strong></span> <span class='ocrx_word' id='word_1_172' title='bbox 4042 1523 4203 1593; x_wconf 71' lang='grc' dir='ltr'><strong>χεῖρά</strong></span> <span class='ocrx_word' id='word_1_173' title='bbox 4252 1540 4317 1589; x_wconf 87' lang='grc' dir='ltr'><strong>γε</strong></span> <span class='ocrx_word' id='word_1_174' title='bbox 4354 1526 4623 1593; x_wconf 73' lang='grc' dir='ltr'><strong>κειμένοις</strong></span> 
     </span>
    </p>
   </div>
   <div class='ocr_carea' id='block_1_26' title="bbox 3060 1601 4617 1683">
    <p class='ocr_par' dir='ltr' id='par_1_26' title="bbox 3060 1601 4617 1683">
     <span class='ocr_line' id='line_1_26' title="bbox 3060 1601 4617 1683; baseline 0.009 -30"><span class='ocrx_word' id='word_1_175' title='bbox 3060 1601 3262 1674; x_wconf 79' lang='grc' dir='ltr'><strong>ὤρεξεν</strong></span> <span class='ocrx_word' id='word_1_176' title='bbox 3284 1605 3366 1662; x_wconf 82' lang='grc' dir='ltr'><strong>ἀν.</strong></span> <span class='ocrx_word' id='word_1_177' title='bbox 3391 1608 3584 1662; x_wconf 80' lang='grc' dir='ltr'><strong>Καίτοι</strong></span> <span class='ocrx_word' id='word_1_178' title='bbox 3610 1611 3700 1662; x_wconf 82' lang='grc' dir='ltr'><strong>καὶ</strong></span> <span class='ocrx_word' id='word_1_179' title='bbox 3724 1613 3950 1682; x_wconf 75' lang='grc' dir='ltr'><strong>νεκροὺς</strong></span> <span class='ocrx_word' id='word_1_180' title='bbox 3970 1612 4273 1682; x_wconf 88' lang='grc' dir='ltr'><strong>ἀνθρώπων</strong></span> <span class='ocrx_word' id='word_1_181' title='bbox 4296 1614 4417 1674; x_wconf 74' lang='grc' dir='ltr'><strong>ἔθος</strong></span> <span class='ocrx_word' id='word_1_182' title='bbox 4437 1617 4617 1683; x_wconf 75' lang='grc' dir='ltr'><strong>τιμᾷν,</strong></span> 
     </span>
    </p>
   </div>
   <div class='ocr_carea' id='block_1_27' title="bbox 3060 1697 4617 1775">
    <p class='ocr_par' dir='ltr' id='par_1_27' title="bbox 3060 1697 4617 1775">
     <span class='ocr_line' id='line_1_27' title="bbox 3060 1697 4617 1775; baseline 0.006 -29"><span class='ocrx_word' id='word_1_183' title='bbox 3060 1697 3154 1747; x_wconf 74' lang='grc' dir='ltr'><strong>καὶ</strong></span> <span class='ocrx_word' id='word_1_184' title='bbox 3183 1697 3355 1775; x_wconf 84' lang='grc' dir='ltr'><strong>πολλά</strong></span> <span class='ocrx_word' id='word_1_185' title='bbox 3378 1700 3448 1753; x_wconf 81' lang='grc' dir='ltr'><strong>τὰ</strong></span> <span class='ocrx_word' id='word_1_186' title='bbox 3478 1700 3811 1771; x_wconf 76' lang='grc' dir='ltr'><strong>νομιζόμενα</strong></span> <span class='ocrx_word' id='word_1_187' title='bbox 3834 1705 3925 1757; x_wconf 76' lang='grc' dir='ltr'><strong>ἐπ’</strong></span> <span class='ocrx_word' id='word_1_188' title='bbox 3950 1704 4145 1769; x_wconf 77' lang='grc' dir='ltr'><strong>αὐτοὺς</strong></span> <span class='ocrx_word' id='word_1_189' title='bbox 4177 1706 4398 1774; x_wconf 78' lang='grc' dir='ltr'><strong>ἀνάγκη</strong></span> <span class='ocrx_word' id='word_1_190' title='bbox 4429 1705 4617 1757; x_wconf 77' lang='grc' dir='ltr'><strong>τελεῖν·</strong></span> 
     </span>
    </p>
   </div>
   <div class='ocr_carea' id='block_1_28' title="bbox 3062 1790 4618 1865">
    <p class='ocr_par' dir='ltr' id='par_1_28' title="bbox 3062 1790 4618 1865">
     <span class='ocr_line' id='line_1_28' title="bbox 3062 1790 4618 1865; baseline 0.006 -25"><span class='ocrx_word' id='word_1_191' title='bbox 3062 1790 3155 1841; x_wconf 69' lang='grc' dir='ltr'><strong>καὶ</strong></span> <span class='ocrx_word' id='word_1_192' title='bbox 3188 1792 3348 1859; x_wconf 87' lang='grc' dir='ltr'><strong>μέλος</strong></span> <span class='ocrx_word' id='word_1_193' title='bbox 3375 1792 3431 1845; x_wconf 74' lang='grc' dir='ltr'><strong>δὲ</strong></span> <span class='ocrx_word' id='word_1_194' title='bbox 3455 1795 3641 1858; x_wconf 81' lang='grc' dir='ltr'><strong>αὐτοῖς</strong></span> <span class='ocrx_word' id='word_1_195' title='bbox 3662 1797 3889 1865; x_wconf 77' lang='grc' dir='ltr'><strong>τμηθέν,</strong></span> <span class='ocrx_word' id='word_1_196' title='bbox 3920 1799 4013 1852; x_wconf 76' lang='grc' dir='ltr'><strong>καὶ</strong></span> <span class='ocrx_word' id='word_1_197' title='bbox 4039 1797 4312 1852; x_wconf 78' lang='grc' dir='ltr'><strong>ἀποθανδν</strong></span> <span class='ocrx_word' id='word_1_198' title='bbox 4340 1796 4468 1850; x_wconf 76' lang='grc' dir='ltr'><strong>καθ’</strong></span> <span class='ocrx_word' id='word_1_199' title='bbox 4488 1800 4618 1850; x_wconf 85' lang='grc' dir='ltr'><strong>οἱον-</strong></span> 
     </span>
    </p>
   </div>
   <div class='ocr_carea' id='block_1_29' title="bbox 1394 1849 3269 1959">
    <p class='ocr_par' dir='ltr' id='par_1_29' title="bbox 1394 1849 3246 1948">
     <span class='ocr_line' id='line_1_29' title="bbox 1394 1849 3246 1948; baseline 0.004 -35"><span class='ocrx_word' id='word_1_200' title='bbox 1394 1874 1535 1923; x_wconf 88' lang='lat' dir='ltr'><strong>sum,</strong></span> <span class='ocrx_word' id='word_1_201' title='bbox 1561 1877 1622 1913; x_wconf 87' lang='lat' dir='ltr'><strong>ac</strong></span> <span class='ocrx_word' id='word_1_202' title='bbox 1658 1876 1981 1930; x_wconf 87' lang='lat' dir='ltr'><strong>quocunque</strong></span> <span class='ocrx_word' id='word_1_203' title='bbox 2018 1861 2176 1915; x_wconf 89' lang='lat' dir='ltr'><strong>modo</strong></span> <span class='ocrx_word' id='word_1_204' title='bbox 2210 1874 2499 1927; x_wconf 89' lang='lat' dir='ltr'><strong>mortuum,</strong></span> <span class='ocrx_word' id='word_1_205' title='bbox 2562 1877 2945 1932; x_wconf 80' lang='lat' dir='ltr'><strong>nonnunquam</strong></span> <span class='ocrx_word' id='word_1_206' title='bbox 2988 1849 3028 1902; x_wconf 75' lang='grc' dir='ltr'><strong>Β</strong></span> <span class='ocrx_word' id='word_1_207' title='bbox 3056 1849 3246 1948; x_wconf 45' lang='lat' dir='ltr'><strong>uim.”</strong></span> 
     </span>
    </p>
   </div>
   <div class='ocr_carea' id='block_1_30' title="bbox 2740 1849 4615 1959">
    <p class='ocr_par' dir='ltr' id='par_1_30' title="bbox 2748 1849 4615 1959">
     <span class='ocr_line' id='line_1_30' title="bbox 2748 1849 4615 1959; baseline 0.008 -31"><span class='ocrx_word' id='word_1_208' title='bbox 2748 1878 2945 1932; x_wconf 62' lang='lat'><strong>0‘1&quot;”)</strong></span> <span class='ocrx_word' id='word_1_209' title='bbox 2988 1849 3028 1902; x_wconf 74' lang='grc' dir='ltr'><strong><em>Β</em></strong></span> <span class='ocrx_word' id='word_1_210' title='bbox 3056 1849 3246 1948; x_wconf 71' lang='grc' dir='ltr'><strong>δήτινα</strong></span> <span class='ocrx_word' id='word_1_211' title='bbox 3292 1849 3532 1954; x_wconf 58' lang='grc' dir='ltr'><strong>τρόπονν</strong></span> <span class='ocrx_word' id='word_1_212' title='bbox 3560 1849 3659 1939; x_wconf 66' lang='grc' dir='ltr'><strong>κᾷι</strong></span> <span class='ocrx_word' id='word_1_213' title='bbox 3697 1849 3909 1955; x_wconf 65' lang='grc' dir='ltr'><strong>ἰλίυύέ,</strong></span> <span class='ocrx_word' id='word_1_214' title='bbox 4095 1849 4300 1959; x_wconf 73' lang='grc' dir='ltr'><strong>ταφῆς,</strong></span> <span class='ocrx_word' id='word_1_215' title='bbox 4346 1849 4438 1943; x_wconf 79' lang='grc' dir='ltr'><strong>καὶ</strong></span> <span class='ocrx_word' id='word_1_216' title='bbox 4493 1889 4615 1958; x_wconf 78' lang='grc' dir='ltr'><strong>παρ’</strong></span> 
     </span>
    </p>
   </div>
   <div class='ocr_carea' id='block_1_31' title="bbox 1394 1953 2944 2023">
    <p class='ocr_par' dir='ltr' id='par_1_31' title="bbox 1394 1953 2944 2023">
     <span class='ocr_line' id='line_1_31' title="bbox 1394 1953 2944 2023; baseline 0.002 -19"><span class='ocrx_word' id='word_1_217' title='bbox 1394 1954 1461 2006; x_wconf 85' lang='lat' dir='ltr'><strong>ab</strong></span> <span class='ocrx_word' id='word_1_218' title='bbox 1493 1953 1598 2008; x_wconf 84' lang='lat' dir='ltr'><strong>illis</strong></span> <span class='ocrx_word' id='word_1_219' title='bbox 1622 1955 1754 2023; x_wconf 87' lang='lat' dir='ltr'><strong>ipsis</strong></span> <span class='ocrx_word' id='word_1_220' title='bbox 1785 1954 1874 2022; x_wconf 92' lang='lat' dir='ltr'><strong>qui</strong></span> <span class='ocrx_word' id='word_1_221' title='bbox 1912 1964 2283 2019; x_wconf 84' lang='lat' dir='ltr'><strong>resecuerunt,</strong></span> <span class='ocrx_word' id='word_1_222' title='bbox 2318 1964 2372 2008; x_wconf 91' lang='lat' dir='ltr'><strong>et</strong></span> <span class='ocrx_word' id='word_1_223' title='bbox 2392 1955 2944 2023; x_wconf 68' lang='lat' dir='ltr'><strong>commiserationem,</strong></span> 
     </span>
    </p>
   </div>
   <div class='ocr_carea' id='block_1_32' title="bbox 1392 2046 2947 2116">
    <p class='ocr_par' dir='ltr' id='par_1_32' title="bbox 1392 2046 2947 2116">
     <span class='ocr_line' id='line_1_32' title="bbox 1392 2046 2947 2116; baseline 0.003 -19"><span class='ocrx_word' id='word_1_224' title='bbox 1392 2054 1446 2097; x_wconf 88' lang='lat' dir='ltr'><strong>et</strong></span> <span class='ocrx_word' id='word_1_225' title='bbox 1500 2046 1835 2114; x_wconf 86' lang='lat' dir='ltr'><strong>sepulturam</strong></span> <span class='ocrx_word' id='word_1_226' title='bbox 1896 2047 2278 2115; x_wconf 83' lang='lat' dir='ltr'><strong>consequitur:</strong></span> <span class='ocrx_word' id='word_1_227' title='bbox 2345 2060 2571 2115; x_wconf 90' lang='lat' dir='ltr'><strong>quarum</strong></span> <span class='ocrx_word' id='word_1_228' title='bbox 2612 2063 2743 2102; x_wconf 86' lang='lat' dir='ltr'><strong>sane</strong></span> <span class='ocrx_word' id='word_1_229' title='bbox 2774 2048 2947 2116; x_wconf 76' lang='lat' dir='ltr'><strong>legum</strong></span> 
     </span>
    </p>
   </div>
   <div class='ocr_carea' id='block_1_33' title="bbox 1394 2137 2946 2207">
    <p class='ocr_par' dir='ltr' id='par_1_33' title="bbox 1394 2137 2946 2207">
     <span class='ocr_line' id='line_1_33' title="bbox 1394 2137 2946 2207; baseline 0.005 -20"><span class='ocrx_word' id='word_1_230' title='bbox 1394 2137 1701 2191; x_wconf 83' lang='lat' dir='ltr'><strong>meminisse</strong></span> <span class='ocrx_word' id='word_1_231' title='bbox 1725 2138 1893 2190; x_wconf 86' lang='lat' dir='ltr'><strong>multo</strong></span> <span class='ocrx_word' id='word_1_232' title='bbox 1923 2139 2091 2207; x_wconf 80' lang='lat' dir='ltr'><strong>magis</strong></span> <span class='ocrx_word' id='word_1_233' title='bbox 2120 2138 2403 2206; x_wconf 77' lang='lat' dir='ltr'><strong>oportebat</strong></span> <span class='ocrx_word' id='word_1_234' title='bbox 2433 2141 2485 2192; x_wconf 89' lang='lat' dir='ltr'><strong>ln</strong></span> <span class='ocrx_word' id='word_1_235' title='bbox 2521 2139 2585 2191; x_wconf 88' lang='lat' dir='ltr'><strong>iis</strong></span> <span class='ocrx_word' id='word_1_236' title='bbox 2614 2141 2703 2207; x_wconf 87' lang='lat' dir='ltr'><strong>qui</strong></span> <span class='ocrx_word' id='word_1_237' title='bbox 2735 2150 2789 2194; x_wconf 89' lang='lat' dir='ltr'><strong>et</strong></span> <span class='ocrx_word' id='word_1_238' title='bbox 2842 2140 2946 2194; x_wconf 75' lang='lat' dir='ltr'><strong>viti</strong></span> 
     </span>
    </p>
   </div>
   <div class='ocr_carea' id='block_1_34' title="bbox 1392 2226 2947 2299">
    <p class='ocr_par' dir='ltr' id='par_1_34' title="bbox 1392 2226 2947 2299">
     <span class='ocr_line' id='line_1_34' title="bbox 1392 2226 2947 2299; baseline 0.002 -19"><span class='ocrx_word' id='word_1_239' title='bbox 1392 2238 1512 2280; x_wconf 86' lang='lat' dir='ltr'><strong>sunt</strong></span> <span class='ocrx_word' id='word_1_240' title='bbox 1539 2238 1594 2282; x_wconf 92' lang='lat' dir='ltr'><strong>et</strong></span> <span class='ocrx_word' id='word_1_241' title='bbox 1621 2230 1770 2297; x_wconf 57' lang='grc' dir='ltr'><strong>πει-ἰ,</strong></span> <span class='ocrx_word' id='word_1_242' title='bbox 1810 2245 1968 2297; x_wconf 87' lang='lat' dir='ltr'><strong>quam</strong></span> <span class='ocrx_word' id='word_1_243' title='bbox 2023 2231 2077 2282; x_wconf 90' lang='lat' dir='ltr'><strong>in</strong></span> <span class='ocrx_word' id='word_1_244' title='bbox 2131 2226 2236 2282; x_wconf 89' lang='lat' dir='ltr'><strong>illis</strong></span> <span class='ocrx_word' id='word_1_245' title='bbox 2266 2229 2356 2298; x_wconf 89' lang='lat' dir='ltr'><strong>qui</strong></span> <span class='ocrx_word' id='word_1_246' title='bbox 2404 2231 2582 2283; x_wconf 87' lang='lat' dir='ltr'><strong>omnis</strong></span> <span class='ocrx_word' id='word_1_247' title='bbox 2632 2233 2750 2299; x_wconf 90' lang='lat' dir='ltr'><strong>opis</strong></span> <span class='ocrx_word' id='word_1_248' title='bbox 2789 2245 2947 2286; x_wconf 85' lang='lat' dir='ltr'><strong>sensu</strong></span> 
     </span>
    </p>
   </div>
   <div class='ocr_carea' id='block_1_35' title="bbox 1391 2320 2945 2393">
    <p class='ocr_par' dir='ltr' id='par_1_35' title="bbox 1391 2320 2945 2393">
     <span class='ocr_line' id='line_1_35' title="bbox 1391 2320 2945 2393; baseline 0.003 -22"><span class='ocrx_word' id='word_1_249' title='bbox 1391 2327 1598 2373; x_wconf 85' lang='lat' dir='ltr'><strong>carent.</strong></span> <span class='ocrx_word' id='word_1_250' title='bbox 1656 2321 1726 2372; x_wconf 82' lang='lat' dir='ltr'><strong>At</strong></span> <span class='ocrx_word' id='word_1_251' title='bbox 1752 2320 1840 2373; x_wconf 89' lang='lat' dir='ltr'><strong>isti</strong></span> <span class='ocrx_word' id='word_1_252' title='bbox 1896 2323 2273 2389; x_wconf 65' lang='lat' dir='ltr'><strong>prteclararum</strong></span> <span class='ocrx_word' id='word_1_253' title='bbox 2332 2322 2386 2376; x_wconf 92' lang='lat' dir='ltr'><strong>in</strong></span> <span class='ocrx_word' id='word_1_254' title='bbox 2422 2324 2520 2376; x_wconf 79' lang='lat' dir='ltr'><strong>bac</strong></span> <span class='ocrx_word' id='word_1_255' title='bbox 2559 2331 2713 2392; x_wconf 86' lang='lat' dir='ltr'><strong>parte</strong></span> <span class='ocrx_word' id='word_1_256' title='bbox 2771 2322 2945 2393; x_wconf 79' lang='lat' dir='ltr'><strong>legum</strong></span> 
     </span>
    </p>
   </div>
   <div class='ocr_carea' id='block_1_36' title="bbox 1388 2411 2948 2477">
    <p class='ocr_par' dir='ltr' id='par_1_36' title="bbox 1388 2411 2948 2477">
     <span class='ocr_line' id='line_1_36' title="bbox 1388 2411 2948 2477; baseline 0.005 -14"><span class='ocrx_word' id='word_1_257' title='bbox 1388 2411 1800 2477; x_wconf 88' lang='lat' dir='ltr'><strong>obliviscuntur,</strong></span> <span class='ocrx_word' id='word_1_258' title='bbox 1827 2414 1915 2468; x_wconf 91' lang='lat' dir='ltr'><strong>ubi</strong></span> <span class='ocrx_word' id='word_1_259' title='bbox 1943 2416 2111 2468; x_wconf 91' lang='lat' dir='ltr'><strong>multo</strong></span> <span class='ocrx_word' id='word_1_260' title='bbox 2136 2418 2368 2472; x_wconf 78' lang='lat' dir='ltr'><strong>maxime</strong></span> <span class='ocrx_word' id='word_1_261' title='bbox 2394 2418 2607 2471; x_wconf 83' lang='lat' dir='ltr'><strong>illarum</strong></span> <span class='ocrx_word' id='word_1_262' title='bbox 2634 2416 2948 2472; x_wconf 86' lang='lat' dir='ltr'><strong>meminisse</strong></span> 
     </span>
    </p>
   </div>
   <div class='ocr_carea' id='block_1_37' title="bbox 1389 2500 2949 2566">
    <p class='ocr_par' dir='ltr' id='par_1_37' title="bbox 1389 2500 2949 2566">
     <span class='ocr_line' id='line_1_37' title="bbox 1389 2500 2949 2566; baseline 0.004 -13"><span class='ocrx_word' id='word_1_263' title='bbox 1389 2500 1674 2566; x_wconf 83' lang='lat' dir='ltr'><strong>debebant,</strong></span> <span class='ocrx_word' id='word_1_264' title='bbox 1707 2501 1915 2556; x_wconf 84' lang='lat' dir='ltr'><strong>etiamsi</strong></span> <span class='ocrx_word' id='word_1_265' title='bbox 1947 2513 2261 2560; x_wconf 70' lang='lat' dir='ltr'><strong>eaeterarum</strong></span> <span class='ocrx_word' id='word_1_266' title='bbox 2293 2507 2532 2561; x_wconf 80' lang='lat' dir='ltr'><strong>omnium</strong></span> <span class='ocrx_word' id='word_1_267' title='bbox 2567 2506 2949 2561; x_wconf 80' lang='lat' dir='ltr'><strong>oblivisceren-</strong></span> 
     </span>
    </p>
   </div>
   <div class='ocr_carea' id='block_1_38' title="bbox 1389 2593 2943 2664">
    <p class='ocr_par' dir='ltr' id='par_1_38' title="bbox 1389 2593 2943 2664">
     <span class='ocr_line' id='line_1_38' title="bbox 1389 2593 2943 2664; baseline 0.006 -23"><span class='ocrx_word' id='word_1_268' title='bbox 1389 2600 1476 2642; x_wconf 90' lang='lat' dir='ltr'><strong>tur</strong></span> <span class='ocrx_word' id='word_1_269' title='bbox 1507 2607 1521 2653; x_wconf 90' lang='lat'><strong>;</strong></span> <span class='ocrx_word' id='word_1_270' title='bbox 1561 2608 1664 2644; x_wconf 90' lang='lat' dir='ltr'><strong>non</strong></span> <span class='ocrx_word' id='word_1_271' title='bbox 1700 2608 1765 2647; x_wconf 91' lang='lat' dir='ltr'><strong>eo</strong></span> <span class='ocrx_word' id='word_1_272' title='bbox 1795 2593 2057 2649; x_wconf 75' lang='lat' dir='ltr'><strong>duntaxat</strong></span> <span class='ocrx_word' id='word_1_273' title='bbox 2114 2598 2253 2664; x_wconf 89' lang='lat' dir='ltr'><strong>quod</strong></span> <span class='ocrx_word' id='word_1_274' title='bbox 2290 2599 2360 2651; x_wconf 81' lang='lat' dir='ltr'><strong>ita</strong></span> <span class='ocrx_word' id='word_1_275' title='bbox 2401 2599 2662 2652; x_wconf 85' lang='lat' dir='ltr'><strong>rationem</strong></span> <span class='ocrx_word' id='word_1_276' title='bbox 2711 2596 2943 2650; x_wconf 83' lang='lat' dir='ltr'><strong>habituri</strong></span> 
     </span>
    </p>
   </div>
   <div class='ocr_carea' id='block_1_39' title="bbox 1387 2682 2941 2757">
    <p class='ocr_par' dir='ltr' id='par_1_39' title="bbox 1387 2682 2941 2757">
     <span class='ocr_line' id='line_1_39' title="bbox 1387 2682 2941 2757; baseline 0.005 -24"><span class='ocrx_word' id='word_1_277' title='bbox 1387 2682 1632 2735; x_wconf 75' lang='lat' dir='ltr'><strong>vivorum</strong></span> <span class='ocrx_word' id='word_1_278' title='bbox 1659 2697 1840 2737; x_wconf 87' lang='lat' dir='ltr'><strong>essent</strong></span> <span class='ocrx_word' id='word_1_279' title='bbox 1899 2701 1961 2739; x_wconf 79' lang='lat' dir='ltr'><strong>ac</strong></span> <span class='ocrx_word' id='word_1_280' title='bbox 1999 2686 2312 2757; x_wconf 85' lang='lat' dir='ltr'><strong>plerumque</strong></span> <span class='ocrx_word' id='word_1_281' title='bbox 2349 2690 2698 2753; x_wconf 87' lang='lat' dir='ltr'><strong>sanabiliunt,</strong></span> <span class='ocrx_word' id='word_1_282' title='bbox 2759 2702 2941 2741; x_wconf 85' lang='lat' dir='ltr'><strong>verum</strong></span> 
     </span>
    </p>
   </div>
   <div class='ocr_carea' id='block_1_40' title="bbox 1386 2772 2945 2842">
    <p class='ocr_par' dir='ltr' id='par_1_40' title="bbox 1386 2772 2945 2842">
     <span class='ocr_line' id='line_1_40' title="bbox 1386 2772 2945 2842; baseline 0.004 -19"><span class='ocrx_word' id='word_1_283' title='bbox 1386 2772 1546 2825; x_wconf 90' lang='lat' dir='ltr'><strong>etiam</strong></span> <span class='ocrx_word' id='word_1_284' title='bbox 1584 2782 1863 2842; x_wconf 85' lang='lat' dir='ltr'><strong>propterea</strong></span> <span class='ocrx_word' id='word_1_285' title='bbox 1908 2779 2048 2842; x_wconf 83' lang='lat' dir='ltr'><strong>quod</strong></span> <span class='ocrx_word' id='word_1_286' title='bbox 2079 2776 2131 2830; x_wconf 85' lang='lat' dir='ltr'><strong>bi</strong></span> <span class='ocrx_word' id='word_1_287' title='bbox 2168 2778 2354 2832; x_wconf 87' lang='lat' dir='ltr'><strong>morbo</strong></span> <span class='ocrx_word' id='word_1_288' title='bbox 2413 2778 2658 2833; x_wconf 87' lang='lat' dir='ltr'><strong>laborent</strong></span> <span class='ocrx_word' id='word_1_289' title='bbox 2705 2778 2945 2831; x_wconf 86' lang='lat' dir='ltr'><strong>minante</strong></span> 
     </span>
    </p>
   </div>
   <div class='ocr_carea' id='block_1_41' title="bbox 1387 2865 2941 2941">
    <p class='ocr_par' dir='ltr' id='par_1_41' title="bbox 1387 2865 2941 2941">
     <span class='ocr_line' id='line_1_41' title="bbox 1387 2865 2941 2941; baseline 0.005 -24"><span class='ocrx_word' id='word_1_290' title='bbox 1387 2879 1490 2918; x_wconf 92' lang='lat' dir='ltr'><strong>non</strong></span> <span class='ocrx_word' id='word_1_291' title='bbox 1521 2865 1731 2932; x_wconf 85' lang='lat' dir='ltr'><strong>corpori</strong></span> <span class='ocrx_word' id='word_1_292' title='bbox 1762 2876 2010 2928; x_wconf 86' lang='lat' dir='ltr'><strong>mortem.</strong></span> <span class='ocrx_word' id='word_1_293' title='bbox 2039 2882 2200 2937; x_wconf 86' lang='lat' dir='ltr'><strong>quam</strong></span> <span class='ocrx_word' id='word_1_294' title='bbox 2240 2869 2391 2923; x_wconf 91' lang='lat' dir='ltr'><strong>obire</strong></span> <span class='ocrx_word' id='word_1_295' title='bbox 2431 2871 2739 2926; x_wconf 85' lang='lat' dir='ltr'><strong>necessario</strong></span> <span class='ocrx_word' id='word_1_296' title='bbox 2788 2873 2941 2941; x_wconf 83' lang='lat' dir='ltr'><strong>cogi-</strong></span> 
     </span>
    </p>
   </div>
   <div class='ocr_carea' id='block_1_42' title="bbox 1385 2958 2945 3030">
    <p class='ocr_par' dir='ltr' id='par_1_42' title="bbox 1385 2958 2945 3030">
     <span class='ocr_line' id='line_1_42' title="bbox 1385 2958 2945 3030; baseline 0.008 -23"><span class='ocrx_word' id='word_1_297' title='bbox 1385 2973 1525 3019; x_wconf 90' lang='lat' dir='ltr'><strong>mur,</strong></span> <span class='ocrx_word' id='word_1_298' title='bbox 1560 2958 1899 3011; x_wconf 79' lang='lat' dir='ltr'><strong>accedentem</strong></span> <span class='ocrx_word' id='word_1_299' title='bbox 1930 2968 2120 3025; x_wconf 79' lang='lat' dir='ltr'><strong>sponte</strong></span> <span class='ocrx_word' id='word_1_300' title='bbox 2159 2975 2277 3025; x_wconf 87' lang='lat' dir='ltr'><strong>sua,</strong></span> <span class='ocrx_word' id='word_1_301' title='bbox 2337 2976 2535 3030; x_wconf 84' lang='lat' dir='ltr'><strong>perque</strong></span> <span class='ocrx_word' id='word_1_302' title='bbox 2594 2967 2945 3019; x_wconf 59' lang='lat' dir='ltr'><strong>resurrectiov</strong></span> 
     </span>
    </p>
   </div>
   <div class='ocr_carea' id='block_1_43' title="bbox 1384 3049 2943 3134">
    <p class='ocr_par' dir='ltr' id='par_1_43' title="bbox 1384 3049 2943 3134">
     <span class='ocr_line' id='line_1_43' title="bbox 1384 3049 2943 3134; baseline 0.005 -32"><span class='ocrx_word' id='word_1_303' title='bbox 1384 3064 1505 3103; x_wconf 92' lang='lat' dir='ltr'><strong>nem</strong></span> <span class='ocrx_word' id='word_1_304' title='bbox 1561 3049 1898 3115; x_wconf 78' lang='lat' dir='ltr'><strong>abolendam,</strong></span> <span class='ocrx_word' id='word_1_305' title='bbox 1940 3053 2030 3105; x_wconf 88' lang='lat' dir='ltr'><strong>sed</strong></span> <span class='ocrx_word' id='word_1_306' title='bbox 2078 3053 2279 3115; x_wconf 88' lang='lat' dir='ltr'><strong>animo,</strong></span> <span class='ocrx_word' id='word_1_307' title='bbox 2338 3054 2490 3134; x_wconf 74' lang='lat' dir='ltr'><strong>cujus</strong></span> <span class='ocrx_word' id='word_1_308' title='bbox 2540 3063 2740 3108; x_wconf 78' lang='lat' dir='ltr'><strong>:eterna</strong></span> <span class='ocrx_word' id='word_1_309' title='bbox 2799 3071 2943 3110; x_wconf 89' lang='lat' dir='ltr'><strong>mors</strong></span> 
     </span>
    </p>
   </div>
   <div class='ocr_carea' id='block_1_44' title="bbox 3050 1974 4617 2052">
    <p class='ocr_par' dir='ltr' id='par_1_44' title="bbox 3050 1974 4617 2052">
     <span class='ocr_line' id='line_1_44' title="bbox 3050 1974 4617 2052; baseline 0.008 -30"><span class='ocrx_word' id='word_1_310' title='bbox 3050 1974 3275 2027; x_wconf 86' lang='grc' dir='ltr'><strong>ἐκείνων</strong></span> <span class='ocrx_word' id='word_1_311' title='bbox 3322 1976 3504 2029; x_wconf 84' lang='grc' dir='ltr'><strong>αὐτῶν</strong></span> <span class='ocrx_word' id='word_1_312' title='bbox 3564 1978 3714 2032; x_wconf 81' lang='grc' dir='ltr'><strong>ἐστιν</strong></span> <span class='ocrx_word' id='word_1_313' title='bbox 3759 1982 3849 2034; x_wconf 85' lang='grc' dir='ltr'><strong>ὅτε</strong></span> <span class='ocrx_word' id='word_1_314' title='bbox 3894 1983 4002 2035; x_wconf 81' lang='grc' dir='ltr'><strong>τῶν</strong></span> <span class='ocrx_word' id='word_1_315' title='bbox 4051 1982 4438 2052; x_wconf 71' lang='grc' dir='ltr'><strong>ἀποτεμόντων</strong></span> <span class='ocrx_word' id='word_1_316' title='bbox 4493 1982 4617 2035; x_wconf 73' lang='grc' dir='ltr'><strong>αὐτὸ</strong></span> 
     </span>
    </p>
   </div>
   <div class='ocr_carea' id='block_1_45' title="bbox 3048 2065 4612 2142">
    <p class='ocr_par' dir='ltr' id='par_1_45' title="bbox 3048 2065 4612 2142">
     <span class='ocr_line' id='line_1_45' title="bbox 3048 2065 4612 2142; baseline 0.002 -24"><span class='ocrx_word' id='word_1_317' title='bbox 3048 2065 3328 2131; x_wconf 77' lang='grc' dir='ltr'><strong>τυγχάνει.</strong></span> <span class='ocrx_word' id='word_1_318' title='bbox 3350 2065 3459 2121; x_wconf 82' lang='grc' dir='ltr'><strong>Καὶ</strong></span> <span class='ocrx_word' id='word_1_319' title='bbox 3488 2068 3596 2122; x_wconf 76' lang='grc' dir='ltr'><strong>ἔδει</strong></span> <span class='ocrx_word' id='word_1_320' title='bbox 3622 2086 3687 2138; x_wconf 79' lang='grc' dir='ltr'><strong>γε</strong></span> <span class='ocrx_word' id='word_1_321' title='bbox 3721 2071 4030 2142; x_wconf 77' lang='grc' dir='ltr'><strong>μεμνῆσθαι</strong></span> <span class='ocrx_word' id='word_1_322' title='bbox 4054 2073 4164 2126; x_wconf 82' lang='grc' dir='ltr'><strong>τῶν</strong></span> <span class='ocrx_word' id='word_1_323' title='bbox 4190 2073 4371 2142; x_wconf 88' lang='grc' dir='ltr'><strong>νόμων</strong></span> <span class='ocrx_word' id='word_1_324' title='bbox 4397 2071 4612 2125; x_wconf 80' lang='grc' dir='ltr'><strong>τούτων</strong></span> 
     </span>
    </p>
   </div>
   <div class='ocr_carea' id='block_1_46' title="bbox 3050 2155 4613 2229">
    <p class='ocr_par' dir='ltr' id='par_1_46' title="bbox 3050 2155 4613 2229">
     <span class='ocr_line' id='line_1_46' title="bbox 3050 2155 4613 2229; baseline 0.005 -22"><span class='ocrx_word' id='word_1_325' title='bbox 3050 2155 3231 2226; x_wconf 84' lang='grc' dir='ltr'><strong>πολλῷ</strong></span> <span class='ocrx_word' id='word_1_326' title='bbox 3265 2174 3328 2225; x_wconf 91' lang='grc' dir='ltr'><strong>γε</strong></span> <span class='ocrx_word' id='word_1_327' title='bbox 3370 2160 3575 2229; x_wconf 82' lang='grc' dir='ltr'><strong>μᾶλλον</strong></span> <span class='ocrx_word' id='word_1_328' title='bbox 3620 2163 3713 2215; x_wconf 74' lang='grc' dir='ltr'><strong>ἐπὶ</strong></span> <span class='ocrx_word' id='word_1_329' title='bbox 3758 2165 3866 2219; x_wconf 85' lang='grc' dir='ltr'><strong>τῶν</strong></span> <span class='ocrx_word' id='word_1_330' title='bbox 3904 2164 4124 2229; x_wconf 85' lang='grc' dir='ltr'><strong>ζώντων</strong></span> <span class='ocrx_word' id='word_1_331' title='bbox 4156 2182 4214 2218; x_wconf 89' lang='grc' dir='ltr'><strong>τε</strong></span> <span class='ocrx_word' id='word_1_332' title='bbox 4265 2167 4360 2218; x_wconf 83' lang='grc' dir='ltr'><strong>καὶ</strong></span> <span class='ocrx_word' id='word_1_333' title='bbox 4389 2164 4613 2218; x_wconf 77' lang='grc' dir='ltr'><strong>νοσούν-</strong></span> 
     </span>
    </p>
   </div>
   <div class='ocr_carea' id='block_1_47' title="bbox 3047 2250 4615 2325">
    <p class='ocr_par' dir='ltr' id='par_1_47' title="bbox 3047 2250 4615 2325">
     <span class='ocr_line' id='line_1_47' title="bbox 3047 2250 4615 2325; baseline 0.006 -25"><span class='ocrx_word' id='word_1_334' title='bbox 3047 2263 3177 2313; x_wconf 92' lang='grc' dir='ltr'><strong>των,</strong></span> <span class='ocrx_word' id='word_1_335' title='bbox 3202 2250 3235 2320; x_wconf 72' lang='grc' dir='ltr'>ἢ</span> <span class='ocrx_word' id='word_1_336' title='bbox 3261 2250 3367 2302; x_wconf 85' lang='grc' dir='ltr'><strong>τῶν</strong></span> <span class='ocrx_word' id='word_1_337' title='bbox 3394 2252 3657 2322; x_wconf 81' lang='grc' dir='ltr'><strong>μηδαμῶς</strong></span> <span class='ocrx_word' id='word_1_338' title='bbox 3680 2254 4089 2325; x_wconf 72' lang='grc' dir='ltr'><strong>αἲσθανομένων</strong></span> <span class='ocrx_word' id='word_1_339' title='bbox 4113 2256 4426 2325; x_wconf 74' lang='grc' dir='ltr'><strong>ἡστινοσοῦν</strong></span> <span class='ocrx_word' id='word_1_340' title='bbox 4489 2255 4615 2325; x_wconf 78' lang='grc' dir='ltr'><strong>βοη-</strong></span> 
     </span>
    </p>
   </div>
   <div class='ocr_carea' id='block_1_48' title="bbox 3048 2339 4612 2404">
    <p class='ocr_par' dir='ltr' id='par_1_48' title="bbox 3048 2339 4612 2404">
     <span class='ocr_line' id='line_1_48' title="bbox 3048 2339 4612 2404; baseline 0.004 -12"><span class='ocrx_word' id='word_1_341' title='bbox 3048 2339 3219 2404; x_wconf 83' lang='grc' dir='ltr'><strong>θείας.</strong></span> <span class='ocrx_word' id='word_1_342' title='bbox 3256 2343 3319 2395; x_wconf 73' lang='grc' dir='ltr'><strong>Οἱ</strong></span> <span class='ocrx_word' id='word_1_343' title='bbox 3361 2343 3419 2396; x_wconf 78' lang='grc' dir='ltr'><strong>δὲ</strong></span> <span class='ocrx_word' id='word_1_344' title='bbox 3473 2346 3708 2399; x_wconf 85' lang='grc' dir='ltr'><strong>ἐνταῦθα</strong></span> <span class='ocrx_word' id='word_1_345' title='bbox 3763 2346 3873 2401; x_wconf 86' lang='grc' dir='ltr'><strong>τῶν</strong></span> <span class='ocrx_word' id='word_1_346' title='bbox 3926 2347 4110 2403; x_wconf 77' lang='grc' dir='ltr'><strong>καλῶν</strong></span> <span class='ocrx_word' id='word_1_347' title='bbox 4161 2349 4612 2403; x_wconf 70' lang='grc' dir='ltr'><strong>ἐπιλανθάνονται</strong></span> 
     </span>
    </p>
   </div>
   <div class='ocr_carea' id='block_1_49' title="bbox 3050 2432 4616 2510">
    <p class='ocr_par' dir='ltr' id='par_1_49' title="bbox 3050 2432 4616 2510">
     <span class='ocr_line' id='line_1_49' title="bbox 3050 2432 4616 2510; baseline 0.004 -26"><span class='ocrx_word' id='word_1_348' title='bbox 3050 2432 3249 2501; x_wconf 88' lang='grc' dir='ltr'><strong>νόμων,</strong></span> <span class='ocrx_word' id='word_1_349' title='bbox 3279 2432 3409 2487; x_wconf 75' lang='grc' dir='ltr'><strong>ἔνθα</strong></span> <span class='ocrx_word' id='word_1_350' title='bbox 3440 2435 3657 2492; x_wconf 84' lang='grc' dir='ltr'><strong>πάντων</strong></span> <span class='ocrx_word' id='word_1_351' title='bbox 3678 2436 3892 2504; x_wconf 79' lang='grc' dir='ltr'><strong>μάλιστ’</strong></span> <span class='ocrx_word' id='word_1_352' title='bbox 3920 2439 4088 2509; x_wconf 86' lang='grc' dir='ltr'><strong>ἐχρῆν</strong></span> <span class='ocrx_word' id='word_1_353' title='bbox 4121 2440 4456 2510; x_wconf 74' lang='grc' dir='ltr'><strong>μεμνῆσθαι,</strong></span> <span class='ocrx_word' id='word_1_354' title='bbox 4509 2439 4616 2492; x_wconf 75' lang='grc' dir='ltr'><strong>κάν</strong></span> 
     </span>
    </p>
   </div>
   <div class='ocr_carea' id='block_1_50' title="bbox 3048 2523 4612 2597">
    <p class='ocr_par' dir='ltr' id='par_1_50' title="bbox 3048 2523 4612 2597">
     <span class='ocr_line' id='line_1_50' title="bbox 3048 2523 4612 2597; baseline 0.004 -24"><span class='ocrx_word' id='word_1_355' title='bbox 3048 2523 3097 2573; x_wconf 82' lang='lat' dir='ltr'><strong>et</strong></span> <span class='ocrx_word' id='word_1_356' title='bbox 3125 2523 3342 2577; x_wconf 78' lang='grc' dir='ltr'><strong>πάντων</strong></span> <span class='ocrx_word' id='word_1_357' title='bbox 3362 2525 3497 2593; x_wconf 82' lang='grc' dir='ltr'><strong>ὁμοῦ</strong></span> <span class='ocrx_word' id='word_1_358' title='bbox 3522 2525 3634 2577; x_wconf 88' lang='grc' dir='ltr'><strong>τῶν</strong></span> <span class='ocrx_word' id='word_1_359' title='bbox 3664 2526 3842 2580; x_wconf 78' lang='grc' dir='ltr'><strong>ἄλλων</strong></span> <span class='ocrx_word' id='word_1_360' title='bbox 3870 2529 4331 2583; x_wconf 74' lang='grc' dir='ltr'><strong>ἐπιλανθάνοιντιν</strong></span> <span class='ocrx_word' id='word_1_361' title='bbox 4354 2530 4410 2582; x_wconf 77' lang='grc' dir='ltr'><strong>οὐ</strong></span> <span class='ocrx_word' id='word_1_362' title='bbox 4446 2529 4612 2597; x_wconf 75' lang='grc' dir='ltr'><strong>μόνον</strong></span> 
     </span>
    </p>
   </div>
   <div class='ocr_carea' id='block_1_51' title="bbox 3050 2613 4611 2690">
    <p class='ocr_par' dir='ltr' id='par_1_51' title="bbox 3050 2613 4611 2690">
     <span class='ocr_line' id='line_1_51' title="bbox 3050 2613 4611 2690; baseline 0.004 -25"><span class='ocrx_word' id='word_1_363' title='bbox 3050 2614 3133 2667; x_wconf 85' lang='grc' dir='ltr'><strong>ὅτι</strong></span> <span class='ocrx_word' id='word_1_364' title='bbox 3180 2613 3403 2679; x_wconf 78' lang='grc' dir='ltr'><strong>ζώντων</strong></span> <span class='ocrx_word' id='word_1_365' title='bbox 3426 2617 3853 2689; x_wconf 72' lang='grc' dir='ltr'><strong>ἐπιμελήσονται</strong></span> <span class='ocrx_word' id='word_1_366' title='bbox 3874 2622 3967 2674; x_wconf 76' lang='grc' dir='ltr'><strong>καὶ</strong></span> <span class='ocrx_word' id='word_1_367' title='bbox 3995 2620 4225 2690; x_wconf 89' lang='grc' dir='ltr'><strong>ίασίμων</strong></span> <span class='ocrx_word' id='word_1_368' title='bbox 4246 2620 4318 2682; x_wconf 84' lang='grc' dir='ltr'><strong>ὠς</strong></span> <span class='ocrx_word' id='word_1_369' title='bbox 4342 2619 4611 2682; x_wconf 79' lang='grc' dir='ltr'><strong>ταπολλα,</strong></span> 
     </span>
    </p>
   </div>
   <div class='ocr_carea' id='block_1_52' title="bbox 3044 2703 4615 2778">
    <p class='ocr_par' dir='ltr' id='par_1_52' title="bbox 3044 2703 4615 2778">
     <span class='ocr_line' id='line_1_52' title="bbox 3044 2703 4615 2778; baseline 0.003 -20"><span class='ocrx_word' id='word_1_370' title='bbox 3044 2703 3162 2758; x_wconf 85' lang='grc' dir='ltr'><strong>ἀλλ’</strong></span> <span class='ocrx_word' id='word_1_371' title='bbox 3192 2706 3386 2778; x_wconf 82' lang='grc' dir='ltr'><strong>ὅτιπερ</strong></span> <span class='ocrx_word' id='word_1_372' title='bbox 3424 2710 3519 2762; x_wconf 75' lang='grc' dir='ltr'><strong>καὶ</strong></span> <span class='ocrx_word' id='word_1_373' title='bbox 3565 2712 3720 2763; x_wconf 85' lang='grc' dir='ltr'><strong>νόσον</strong></span> <span class='ocrx_word' id='word_1_374' title='bbox 3766 2704 3911 2765; x_wconf 77' lang='grc' dir='ltr'><strong>οὗτοι</strong></span> <span class='ocrx_word' id='word_1_375' title='bbox 3959 2711 4229 2777; x_wconf 76' lang='grc' dir='ltr'><strong>νοσοῦσιν,</strong></span> <span class='ocrx_word' id='word_1_376' title='bbox 4275 2710 4615 2765; x_wconf 77' lang='grc' dir='ltr'><strong>ἀπειλοῦσαν</strong></span> 
     </span>
    </p>
   </div>
   <div class='ocr_carea' id='block_1_53' title="bbox 3041 2798 4609 2873">
    <p class='ocr_par' dir='ltr' id='par_1_53' title="bbox 3041 2798 4609 2873">
     <span class='ocr_line' id='line_1_53' title="bbox 3041 2798 4609 2873; baseline 0.003 -24"><span class='ocrx_word' id='word_1_377' title='bbox 3041 2798 3102 2850; x_wconf 81' lang='grc' dir='ltr'><strong>οὑ</strong></span> <span class='ocrx_word' id='word_1_378' title='bbox 3128 2798 3206 2867; x_wconf 84' lang='grc' dir='ltr'><strong>τῷ</strong></span> <span class='ocrx_word' id='word_1_379' title='bbox 3237 2799 3449 2871; x_wconf 72' lang='grc' dir='ltr'><strong>σώματι</strong></span> <span class='ocrx_word' id='word_1_380' title='bbox 3481 2801 3739 2868; x_wconf 80' lang='grc' dir='ltr'><strong>θάνατον,</strong></span> <span class='ocrx_word' id='word_1_381' title='bbox 3771 2802 3830 2866; x_wconf 78' lang='grc' dir='ltr'><strong>ὃς</strong></span> <span class='ocrx_word' id='word_1_382' title='bbox 3861 2806 3954 2857; x_wconf 80' lang='grc' dir='ltr'><strong>καὶ</strong></span> <span class='ocrx_word' id='word_1_383' title='bbox 3979 2806 4273 2872; x_wconf 75' lang='grc' dir='ltr'><strong>ἀναγκαῖος</strong></span> <span class='ocrx_word' id='word_1_384' title='bbox 4302 2806 4435 2873; x_wconf 80' lang='grc' dir='ltr'><strong>ἡμῖν</strong></span> <span class='ocrx_word' id='word_1_385' title='bbox 4465 2805 4609 2866; x_wconf 80' lang='grc' dir='ltr'><strong>ἐστι,</strong></span> 
     </span>
    </p>
   </div>
   <div class='ocr_carea' id='block_1_54' title="bbox 3044 2889 4611 2965">
    <p class='ocr_par' dir='ltr' id='par_1_54' title="bbox 3044 2889 4611 2965">
     <span class='ocr_line' id='line_1_54' title="bbox 3044 2889 4611 2965; baseline 0.004 -25"><span class='ocrx_word' id='word_1_386' title='bbox 3044 2890 3136 2941; x_wconf 77' lang='grc' dir='ltr'><strong>καὶ</strong></span> <span class='ocrx_word' id='word_1_387' title='bbox 3170 2889 3383 2943; x_wconf 76' lang='grc' dir='ltr'><strong>ἔπεισιν</strong></span> <span class='ocrx_word' id='word_1_388' title='bbox 3410 2892 3733 2962; x_wconf 79' lang='grc' dir='ltr'><strong>αὐτόματος,</strong></span> <span class='ocrx_word' id='word_1_389' title='bbox 3766 2895 3863 2947; x_wconf 83' lang='grc' dir='ltr'><strong>καί</strong></span> <span class='ocrx_word' id='word_1_390' title='bbox 3898 2912 4030 2948; x_wconf 76' lang='grc' dir='ltr'><strong>ποτε</strong></span> <span class='ocrx_word' id='word_1_391' title='bbox 4057 2895 4347 2964; x_wconf 79' lang='grc' dir='ltr'><strong>λυθήσεται</strong></span> <span class='ocrx_word' id='word_1_392' title='bbox 4372 2897 4437 2965; x_wconf 73' lang='grc' dir='ltr'><strong>τῇ</strong></span> <span class='ocrx_word' id='word_1_393' title='bbox 4470 2896 4611 2948; x_wconf 80' lang='grc' dir='ltr'><strong>ἀναο</strong></span> 
     </span>
    </p>
   </div>
   <div class='ocr_carea' id='block_1_55' title="bbox 3044 2982 4606 3059">
    <p class='ocr_par' dir='ltr' id='par_1_55' title="bbox 3044 2982 4606 3059">
     <span class='ocr_line' id='line_1_55' title="bbox 3044 2982 4606 3059; baseline 0.004 -26"><span class='ocrx_word' id='word_1_394' title='bbox 3044 2982 3253 3035; x_wconf 77' lang='grc' dir='ltr'><strong>στάσει·</strong></span> <span class='ocrx_word' id='word_1_395' title='bbox 3284 2984 3421 3036; x_wconf 85' lang='grc' dir='ltr'><strong>ἀλλά</strong></span> <span class='ocrx_word' id='word_1_396' title='bbox 3450 2989 3513 3054; x_wconf 84' lang='grc' dir='ltr'><strong>τῇ</strong></span> <span class='ocrx_word' id='word_1_397' title='bbox 3538 2988 3710 3057; x_wconf 79' lang='grc' dir='ltr'><strong>ψυχῇ,</strong></span> <span class='ocrx_word' id='word_1_398' title='bbox 3733 2984 3802 3059; x_wconf 79' lang='grc' dir='ltr'><strong>ἧς</strong></span> <span class='ocrx_word' id='word_1_399' title='bbox 3826 2986 4094 3050; x_wconf 78' lang='grc' dir='ltr'><strong>ἀθάνατος</strong></span> <span class='ocrx_word' id='word_1_400' title='bbox 4116 2989 4143 3041; x_wconf 86' lang='grc' dir='ltr'>ὁ</span> <span class='ocrx_word' id='word_1_401' title='bbox 4169 2987 4392 3047; x_wconf 80' lang='grc' dir='ltr'><strong>θάνατός</strong></span> <span class='ocrx_word' id='word_1_402' title='bbox 4419 2989 4606 3040; x_wconf 73' lang='grc' dir='ltr'><strong>ἐστιν⁸</strong></span> 
     </span>
    </p>
   </div>
   <div class='ocr_carea' id='block_1_56' title="bbox 3043 3073 4611 3147">
    <p class='ocr_par' dir='ltr' id='par_1_56' title="bbox 3043 3073 4611 3147">
     <span class='ocr_line' id='line_1_56' title="bbox 3043 3073 4611 3147; baseline 0.004 -24"><span class='ocrx_word' id='word_1_403' title='bbox 3043 3073 3259 3136; x_wconf 76' lang='grc' dir='ltr'><strong>αἰώνιος</strong></span> <span class='ocrx_word' id='word_1_404' title='bbox 3285 3074 3413 3144; x_wconf 86' lang='grc' dir='ltr'><strong>γάρ.</strong></span> <span class='ocrx_word' id='word_1_405' title='bbox 3444 3076 3638 3147; x_wconf 76' lang='grc' dir='ltr'><strong>Ψυχῆς</strong></span> <span class='ocrx_word' id='word_1_406' title='bbox 3673 3078 3782 3147; x_wconf 78' lang='grc' dir='ltr'><strong>γὰρ</strong></span> <span class='ocrx_word' id='word_1_407' title='bbox 3813 3078 4043 3132; x_wconf 81' lang='grc' dir='ltr'><strong>θάνατον</strong></span> <span class='ocrx_word' id='word_1_408' title='bbox 4068 3078 4150 3132; x_wconf 76' lang='grc' dir='ltr'><strong>δεῖ</strong></span> <span class='ocrx_word' id='word_1_409' title='bbox 4170 3080 4307 3131; x_wconf 82' lang='grc' dir='ltr'><strong>νοεῖν</strong></span> <span class='ocrx_word' id='word_1_410' title='bbox 4333 3078 4391 3130; x_wconf 73' lang='grc' dir='ltr'><strong>τὸ</strong></span> <span class='ocrx_word' id='word_1_411' title='bbox 4423 3094 4611 3147; x_wconf 83' lang='grc' dir='ltr'><strong>κεχω-</strong></span> 
     </span>
    </p>
   </div>
   <div class='ocr_carea' id='block_1_57' title="bbox 1383 3142 3258 3238">
    <p class='ocr_par' dir='ltr' id='par_1_57' title="bbox 1383 3142 3258 3237">
     <span class='ocr_line' id='line_1_57' title="bbox 1383 3142 3258 3237; baseline 0.003 -42"><span class='ocrx_word' id='word_1_412' title='bbox 1383 3151 1488 3206; x_wconf 85' lang='lat' dir='ltr'><strong>est,</strong></span> <span class='ocrx_word' id='word_1_413' title='bbox 1530 3157 1648 3195; x_wconf 91' lang='lat' dir='ltr'><strong>cum</strong></span> <span class='ocrx_word' id='word_1_414' title='bbox 1680 3153 1733 3196; x_wconf 91' lang='lat' dir='ltr'><strong>et</strong></span> <span class='ocrx_word' id='word_1_415' title='bbox 1765 3143 1875 3211; x_wconf 87' lang='lat' dir='ltr'><strong>ipse</strong></span> <span class='ocrx_word' id='word_1_416' title='bbox 1903 3142 1972 3195; x_wconf 91' lang='lat' dir='ltr'><strong>sit</strong></span> <span class='ocrx_word' id='word_1_417' title='bbox 2011 3153 2244 3197; x_wconf 65' lang='lat' dir='ltr'><strong>aeternus</strong></span> <span class='ocrx_word' id='word_1_418' title='bbox 2276 3160 2290 3207; x_wconf 88' lang='lat'><strong>;</strong></span> <span class='ocrx_word' id='word_1_419' title='bbox 2336 3144 2498 3197; x_wconf 84' lang='lat' dir='ltr'><strong>animi</strong></span> <span class='ocrx_word' id='word_1_420' title='bbox 2535 3160 2765 3213; x_wconf 80' lang='lat' dir='ltr'><strong>namque</strong></span> <span class='ocrx_word' id='word_1_421' title='bbox 2795 3162 2937 3200; x_wconf 86' lang='lat' dir='ltr'><strong>mor—</strong></span> <span class='ocrx_word' id='word_1_422' title='bbox 2963 3180 3004 3237; x_wconf 65' lang='grc' dir='ltr'>ο</span> <span class='ocrx_word' id='word_1_423' title='bbox 3042 3165 3223 3235; x_wconf 54' lang='lat' dir='ltr'><strong>pham</strong></span> <span class='ocrx_word' id='word_1_424' title='bbox 3254 3177 3258 3208; x_wconf 66' lang='grc' dir='ltr'><strong>ε</strong></span> 
     </span>
    </p>
   </div>
   <div class='ocr_carea' id='block_1_58' title="bbox 2730 3142 4605 3238">
    <p class='ocr_par' dir='ltr' id='par_1_58' title="bbox 2736 3142 4605 3238">
     <span class='ocr_line' id='line_1_58' title="bbox 2736 3142 4605 3238; baseline 0.011 -27"><span class='ocrx_word' id='word_1_425' title='bbox 2736 3161 2765 3199; x_wconf 70' lang='grc' dir='ltr'><strong>θ</strong></span> <span class='ocrx_word' id='word_1_426' title='bbox 2795 3162 2937 3238; x_wconf 55' lang='grc' dir='ltr'><strong>ιξιοτ·</strong></span> <span class='ocrx_word' id='word_1_427' title='bbox 2963 3180 3004 3237; x_wconf 79' lang='lat' dir='ltr'>c</span> <span class='ocrx_word' id='word_1_428' title='bbox 3042 3165 3223 3235; x_wconf 76' lang='grc' dir='ltr'><strong>ρίσθαι</strong></span> <span class='ocrx_word' id='word_1_429' title='bbox 3254 3142 3412 3220; x_wconf 83' lang='grc' dir='ltr'><strong>Θεοῦ.</strong></span> <span class='ocrx_word' id='word_1_430' title='bbox 3594 3142 3722 3222; x_wconf 55' lang='lat' dir='ltr'><strong>ne</strong></span> <span class='ocrx_word' id='word_1_431' title='bbox 3753 3142 3899 3234; x_wconf 67' lang='grc' dir='ltr'><strong>⁷Θεόις</strong></span> <span class='ocrx_word' id='word_1_432' title='bbox 3943 3170 4091 3223; x_wconf 87' lang='grc' dir='ltr'><strong>ἐστιν</strong></span> <span class='ocrx_word' id='word_1_433' title='bbox 4123 3171 4155 3237; x_wconf 83' lang='grc' dir='ltr'><strong>ἡ</strong></span> <span class='ocrx_word' id='word_1_434' title='bbox 4189 3167 4410 3238; x_wconf 81' lang='grc' dir='ltr'><strong>ἀληθινὴ</strong></span> <span class='ocrx_word' id='word_1_435' title='bbox 4464 3142 4605 3235; x_wconf 28' lang='lat' dir='ltr'><strong>CVI-vii.</strong></span> 
     </span>
    </p>
   </div>
   <div class='ocr_carea' id='block_1_59' title="bbox 1384 3232 2929 3313">
    <p class='ocr_par' dir='ltr' id='par_1_59' title="bbox 1384 3232 2929 3313">
     <span class='ocr_line' id='line_1_59' title="bbox 1384 3232 2929 3313; baseline 0.006 -30"><span class='ocrx_word' id='word_1_436' title='bbox 1384 3245 1486 3289; x_wconf 87' lang='lat' dir='ltr'><strong>tom</strong></span> <span class='ocrx_word' id='word_1_437' title='bbox 1536 3232 1831 3301; x_wconf 73' lang='lat' dir='ltr'><strong>intelligere</strong></span> <span class='ocrx_word' id='word_1_438' title='bbox 1882 3234 2140 3289; x_wconf 87' lang='lat' dir='ltr'><strong>debemus</strong></span> <span class='ocrx_word' id='word_1_439' title='bbox 2183 3249 2304 3289; x_wconf 86' lang='lat' dir='ltr'><strong>esse</strong></span> <span class='ocrx_word' id='word_1_440' title='bbox 2363 3236 2685 3303; x_wconf 88' lang='lat' dir='ltr'><strong>diremptum</strong></span> <span class='ocrx_word' id='word_1_441' title='bbox 2722 3253 2751 3290; x_wconf 85' lang='lat' dir='ltr'><strong>a</strong></span> <span class='ocrx_word' id='word_1_442' title='bbox 2800 3236 2929 3313; x_wconf 86' lang='lat' dir='ltr'><strong>Deo.</strong></span> 
     </span>
    </p>
   </div>
   <div class='ocr_carea' id='block_1_60' title="bbox 1381 3325 2935 3398">
    <p class='ocr_par' dir='ltr' id='par_1_60' title="bbox 1381 3325 2935 3398">
     <span class='ocr_line' id='line_1_60' title="bbox 1381 3325 2935 3398; baseline 0.005 -22"><span class='ocrx_word' id='word_1_443' title='bbox 1381 3325 1530 3391; x_wconf 82' lang='lat' dir='ltr'><strong>Quod</strong></span> <span class='ocrx_word' id='word_1_444' title='bbox 1568 3325 1610 3379; x_wconf 90' lang='lat' dir='ltr'><strong>si</strong></span> <span class='ocrx_word' id='word_1_445' title='bbox 1643 3326 1777 3380; x_wconf 85' lang='lat' dir='ltr'><strong>Deus</strong></span> <span class='ocrx_word' id='word_1_446' title='bbox 1813 3339 1937 3380; x_wconf 86' lang='lat' dir='ltr'><strong>vera</strong></span> <span class='ocrx_word' id='word_1_447' title='bbox 1976 3326 2080 3379; x_wconf 79' lang='lat' dir='ltr'><strong>vita</strong></span> <span class='ocrx_word' id='word_1_448' title='bbox 2113 3336 2213 3390; x_wconf 88' lang='lat' dir='ltr'><strong>est,</strong></span> <span class='ocrx_word' id='word_1_449' title='bbox 2248 3326 2339 3395; x_wconf 88' lang='lat' dir='ltr'><strong>qui</strong></span> <span class='ocrx_word' id='word_1_450' title='bbox 2391 3341 2613 3394; x_wconf 87' lang='lat' dir='ltr'><strong>prorsus</strong></span> <span class='ocrx_word' id='word_1_451' title='bbox 2647 3327 2755 3382; x_wconf 91' lang='lat' dir='ltr'><strong>Deo</strong></span> <span class='ocrx_word' id='word_1_452' title='bbox 2810 3344 2935 3398; x_wconf 89' lang='lat' dir='ltr'><strong>spo-</strong></span> 
     </span>
    </p>
   </div>
   <div class='ocr_carea' id='block_1_61' title="bbox 1381 3418 2928 3489">
    <p class='ocr_par' dir='ltr' id='par_1_61' title="bbox 1381 3418 2928 3489">
     <span class='ocr_line' id='line_1_61' title="bbox 1381 3418 2928 3489; baseline 0.003 -22"><span class='ocrx_word' id='word_1_453' title='bbox 1381 3418 1489 3471; x_wconf 67' lang='lat' dir='ltr'><strong>liati</strong></span> <span class='ocrx_word' id='word_1_454' title='bbox 1515 3427 1638 3473; x_wconf 87' lang='lat' dir='ltr'><strong>sunt</strong></span> <span class='ocrx_word' id='word_1_455' title='bbox 1670 3418 1856 3482; x_wconf 88' lang='lat' dir='ltr'><strong>animi,</strong></span> <span class='ocrx_word' id='word_1_456' title='bbox 1891 3432 2069 3470; x_wconf 77' lang='lat' dir='ltr'><strong>veram</strong></span> <span class='ocrx_word' id='word_1_457' title='bbox 2104 3419 2267 3472; x_wconf 84' lang='lat' dir='ltr'><strong>vitam</strong></span> <span class='ocrx_word' id='word_1_458' title='bbox 2302 3419 2621 3484; x_wconf 82' lang='lat' dir='ltr'><strong>amiserunt,</strong></span> <span class='ocrx_word' id='word_1_459' title='bbox 2667 3422 2733 3473; x_wconf 87' lang='lat' dir='ltr'><strong>ad</strong></span> <span class='ocrx_word' id='word_1_460' title='bbox 2768 3436 2928 3489; x_wconf 79' lang='lat' dir='ltr'><strong>quam</strong></span> 
     </span>
    </p>
   </div>
   <div class='ocr_carea' id='block_1_62' title="bbox 1379 3509 2928 3579">
    <p class='ocr_par' dir='ltr' id='par_1_62' title="bbox 1379 3509 2928 3579">
     <span class='ocr_line' id='line_1_62' title="bbox 1379 3509 2928 3579; baseline 0.003 -16"><span class='ocrx_word' id='word_1_461' title='bbox 1379 3510 1582 3564; x_wconf 89' lang='lat' dir='ltr'><strong>reditus</strong></span> <span class='ocrx_word' id='word_1_462' title='bbox 1611 3510 1832 3564; x_wconf 90' lang='lat' dir='ltr'><strong>omnino</strong></span> <span class='ocrx_word' id='word_1_463' title='bbox 1862 3510 2037 3565; x_wconf 89' lang='lat' dir='ltr'><strong>nnllns</strong></span> <span class='ocrx_word' id='word_1_464' title='bbox 2064 3524 2183 3565; x_wconf 90' lang='lat' dir='ltr'><strong>esse</strong></span> <span class='ocrx_word' id='word_1_465' title='bbox 2217 3518 2412 3579; x_wconf 80' lang='lat' dir='ltr'><strong>potest.</strong></span> <span class='ocrx_word' id='word_1_466' title='bbox 2444 3509 2739 3579; x_wconf 70' lang='grc' dir='ltr'><strong>(Σαιιθιοαιιὶ</strong></span> <span class='ocrx_word' id='word_1_467' title='bbox 2802 3528 2928 3567; x_wconf 90' lang='lat' dir='ltr'><strong>vero</strong></span> 
     </span>
    </p>
   </div>
   <div class='ocr_carea' id='block_1_63' title="bbox 1377 3601 2929 3671">
    <p class='ocr_par' dir='ltr' id='par_1_63' title="bbox 1377 3601 2929 3671">
     <span class='ocr_line' id='line_1_63' title="bbox 1377 3601 2929 3671; baseline -0.001 -14"><span class='ocrx_word' id='word_1_468' title='bbox 1377 3617 1572 3671; x_wconf 88' lang='lat' dir='ltr'><strong>corpus</strong></span> <span class='ocrx_word' id='word_1_469' title='bbox 1602 3603 1687 3656; x_wconf 92' lang='lat' dir='ltr'><strong>ubi</strong></span> <span class='ocrx_word' id='word_1_470' title='bbox 1718 3612 1986 3656; x_wconf 87' lang='lat' dir='ltr'><strong>mortuum</strong></span> <span class='ocrx_word' id='word_1_471' title='bbox 2033 3601 2229 3667; x_wconf 83' lang='lat' dir='ltr'><strong>fuerit,</strong></span> <span class='ocrx_word' id='word_1_472' title='bbox 2265 3612 2325 3657; x_wconf 91' lang='lat' dir='ltr'><strong>ut</strong></span> <span class='ocrx_word' id='word_1_473' title='bbox 2384 3617 2504 3655; x_wconf 90' lang='lat' dir='ltr'><strong>cum</strong></span> <span class='ocrx_word' id='word_1_474' title='bbox 2560 3617 2624 3656; x_wconf 89' lang='lat' dir='ltr'><strong>eo</strong></span> <span class='ocrx_word' id='word_1_475' title='bbox 2665 3604 2929 3656; x_wconf 89' lang='lat' dir='ltr'><strong>moriatur</strong></span> 
     </span>
    </p>
   </div>
   <div class='ocr_carea' id='block_1_64' title="bbox 1375 3693 2925 3765">
    <p class='ocr_par' dir='ltr' id='par_1_64' title="bbox 1375 3693 2925 3765">
     <span class='ocr_line' id='line_1_64' title="bbox 1375 3693 2925 3765; baseline 0.001 -19"><span class='ocrx_word' id='word_1_476' title='bbox 1375 3695 1586 3747; x_wconf 86' lang='lat' dir='ltr'><strong>animus</strong></span> <span class='ocrx_word' id='word_1_477' title='bbox 1621 3693 1733 3747; x_wconf 78' lang='lat' dir='ltr'><strong>ﬁeri</strong></span> <span class='ocrx_word' id='word_1_478' title='bbox 1766 3708 1868 3747; x_wconf 90' lang='lat' dir='ltr'><strong>non</strong></span> <span class='ocrx_word' id='word_1_479' title='bbox 1906 3700 2095 3761; x_wconf 86' lang='lat' dir='ltr'><strong>potest.</strong></span> <span class='ocrx_word' id='word_1_480' title='bbox 2135 3694 2202 3746; x_wconf 87' lang='lat' dir='ltr'><strong>At</strong></span> <span class='ocrx_word' id='word_1_481' title='bbox 2249 3693 2337 3747; x_wconf 92' lang='lat' dir='ltr'><strong>ubi</strong></span> <span class='ocrx_word' id='word_1_482' title='bbox 2372 3694 2733 3748; x_wconf 88' lang='lat' dir='ltr'><strong>tristissimam</strong></span> <span class='ocrx_word' id='word_1_483' title='bbox 2782 3696 2925 3765; x_wconf 87' lang='lat' dir='ltr'><strong>illam</strong></span> 
     </span>
    </p>
   </div>
   <div class='ocr_carea' id='block_1_65' title="bbox 1375 3785 2930 3855">
    <p class='ocr_par' dir='ltr' id='par_1_65' title="bbox 1375 3785 2930 3855">
     <span class='ocr_line' id='line_1_65' title="bbox 1375 3785 2930 3855; baseline 0.001 -16"><span class='ocrx_word' id='word_1_484' title='bbox 1375 3795 1605 3839; x_wconf 88' lang='lat' dir='ltr'><strong>mortem</strong></span> <span class='ocrx_word' id='word_1_485' title='bbox 1630 3786 1921 3853; x_wconf 81' lang='lat' dir='ltr'><strong>Oppetierit</strong></span> <span class='ocrx_word' id='word_1_486' title='bbox 1944 3786 2180 3847; x_wconf 88' lang='lat' dir='ltr'><strong>animus,</strong></span> <span class='ocrx_word' id='word_1_487' title='bbox 2208 3785 2371 3838; x_wconf 91' lang='lat' dir='ltr'><strong>etiam</strong></span> <span class='ocrx_word' id='word_1_488' title='bbox 2398 3800 2590 3854; x_wconf 86' lang='lat' dir='ltr'><strong>corpus</strong></span> <span class='ocrx_word' id='word_1_489' title='bbox 2617 3788 2791 3854; x_wconf 88' lang='lat' dir='ltr'><strong>ipsmn</strong></span> <span class='ocrx_word' id='word_1_490' title='bbox 2810 3798 2930 3855; x_wconf 88' lang='lat' dir='ltr'><strong>post</strong></span> 
     </span>
    </p>
   </div>
   <div class='ocr_carea' id='block_1_66' title="bbox 1378 3872 2930 3944">
    <p class='ocr_par' dir='ltr' id='par_1_66' title="bbox 1378 3872 2930 3944">
     <span class='ocr_line' id='line_1_66' title="bbox 1378 3872 2930 3944; baseline 0.002 -14"><span class='ocrx_word' id='word_1_491' title='bbox 1378 3872 1824 3931; x_wconf 87' lang='lat' dir='ltr'><strong>resurrectionem</strong></span> <span class='ocrx_word' id='word_1_492' title='bbox 1856 3876 2011 3944; x_wconf 87' lang='lat' dir='ltr'><strong>quasi</strong></span> <span class='ocrx_word' id='word_1_493' title='bbox 2044 3885 2314 3931; x_wconf 86' lang='lat' dir='ltr'><strong>mortuum</strong></span> <span class='ocrx_word' id='word_1_494' title='bbox 2350 3886 2403 3930; x_wconf 91' lang='lat' dir='ltr'><strong>et</strong></span> <span class='ocrx_word' id='word_1_495' title='bbox 2435 3878 2688 3930; x_wconf 89' lang='lat' dir='ltr'><strong>miserum</strong></span> <span class='ocrx_word' id='word_1_496' title='bbox 2754 3880 2930 3933; x_wconf 88' lang='lat' dir='ltr'><strong>modis</strong></span> 
     </span>
    </p>
   </div>
   <div class='ocr_carea' id='block_1_67' title="bbox 1372 3967 2915 4036">
    <p class='ocr_par' dir='ltr' id='par_1_67' title="bbox 1372 3967 2915 4036">
     <span class='ocr_line' id='line_1_67' title="bbox 1372 3967 2915 4036; baseline 0.002 -13"><span class='ocrx_word' id='word_1_497' title='bbox 1372 3969 1623 4023; x_wconf 88' lang='lat' dir='ltr'><strong>omnibus</strong></span> <span class='ocrx_word' id='word_1_498' title='bbox 1650 3967 1755 4022; x_wconf 84' lang='lat' dir='ltr'><strong>erit</strong></span> <span class='ocrx_word' id='word_1_499' title='bbox 1787 3984 1800 4020; x_wconf 90' lang='lat'><strong>:</strong></span> <span class='ocrx_word' id='word_1_500' title='bbox 1832 3982 1952 4020; x_wconf 86' lang='lat' dir='ltr'><strong>nam</strong></span> <span class='ocrx_word' id='word_1_501' title='bbox 1987 3982 2090 4035; x_wconf 88' lang='lat' dir='ltr'><strong>quo</strong></span> <span class='ocrx_word' id='word_1_502' title='bbox 2125 3978 2283 4036; x_wconf 89' lang='lat' dir='ltr'><strong>pacto</strong></span> <span class='ocrx_word' id='word_1_503' title='bbox 2315 3982 2402 4023; x_wconf 89' lang='lat' dir='ltr'><strong>res</strong></span> <span class='ocrx_word' id='word_1_504' title='bbox 2435 3968 2592 4023; x_wconf 86' lang='lat' dir='ltr'><strong>aliter</strong></span> <span class='ocrx_word' id='word_1_505' title='bbox 2628 3970 2828 4026; x_wconf 85' lang='lat' dir='ltr'><strong>habere</strong></span> <span class='ocrx_word' id='word_1_506' title='bbox 2857 3987 2915 4026; x_wconf 91' lang='lat' dir='ltr'><strong>se</strong></span> 
     </span>
    </p>
   </div>
   <div class='ocr_carea' id='block_1_68' title="bbox 1373 4056 2923 4127">
    <p class='ocr_par' dir='ltr' id='par_1_68' title="bbox 1373 4056 2923 4127">
     <span class='ocr_line' id='line_1_68' title="bbox 1373 4056 2923 4127; baseline 0.004 -16"><span class='ocrx_word' id='word_1_507' title='bbox 1373 4059 1562 4125; x_wconf 88' lang='lat' dir='ltr'><strong>possit,</strong></span> <span class='ocrx_word' id='word_1_508' title='bbox 1596 4071 1717 4111; x_wconf 89' lang='lat' dir='ltr'><strong>enm</strong></span> <span class='ocrx_word' id='word_1_509' title='bbox 1755 4056 1805 4111; x_wconf 91' lang='lat' dir='ltr'><strong>id</strong></span> <span class='ocrx_word' id='word_1_510' title='bbox 1834 4057 1978 4126; x_wconf 90' lang='lat' dir='ltr'><strong>quod</strong></span> <span class='ocrx_word' id='word_1_511' title='bbox 2016 4056 2188 4126; x_wconf 88' lang='lat' dir='ltr'><strong>ipsum</strong></span> <span class='ocrx_word' id='word_1_512' title='bbox 2218 4073 2414 4127; x_wconf 89' lang='lat' dir='ltr'><strong>corpus</strong></span> <span class='ocrx_word' id='word_1_513' title='bbox 2457 4058 2710 4124; x_wconf 79' lang='lat' dir='ltr'><strong>viviﬁeat,</strong></span> <span class='ocrx_word' id='word_1_514' title='bbox 2745 4076 2923 4117; x_wconf 79' lang='lat' dir='ltr'><strong>veram</strong></span> 
     </span>
    </p>
   </div>
   <div class='ocr_carea' id='block_1_69' title="bbox 1372 4148 2923 4217">
    <p class='ocr_par' dir='ltr' id='par_1_69' title="bbox 1372 4148 2923 4217">
     <span class='ocr_line' id='line_1_69' title="bbox 1372 4148 2923 4217; baseline 0.007 -19"><span class='ocrx_word' id='word_1_515' title='bbox 1372 4148 1557 4215; x_wconf 87' lang='lat' dir='ltr'><strong>vitam,</strong></span> <span class='ocrx_word' id='word_1_516' title='bbox 1618 4164 1735 4217; x_wconf 87' lang='lat' dir='ltr'><strong>quae</strong></span> <span class='ocrx_word' id='word_1_517' title='bbox 1768 4150 1904 4203; x_wconf 89' lang='lat' dir='ltr'><strong>Deus</strong></span> <span class='ocrx_word' id='word_1_518' title='bbox 1944 4155 2047 4213; x_wconf 83' lang='lat' dir='ltr'><strong>est,</strong></span> <span class='ocrx_word' id='word_1_519' title='bbox 2078 4150 2363 4205; x_wconf 82' lang='lat' dir='ltr'><strong>amiserit?</strong></span> <span class='ocrx_word' id='word_1_520' title='bbox 2401 4149 2601 4205; x_wconf 84' lang='lat' dir='ltr'><strong>Eadem</strong></span> <span class='ocrx_word' id='word_1_521' title='bbox 2626 4160 2780 4207; x_wconf 87' lang='lat' dir='ltr'><strong>estet</strong></span> <span class='ocrx_word' id='word_1_522' title='bbox 2814 4155 2923 4210; x_wconf 74' lang='lat' dir='ltr'><strong>dae-</strong></span> 
     </span>
    </p>
   </div>
   <div class='ocr_carea' id='block_1_70' title="bbox 1367 4242 2923 4311">
    <p class='ocr_par' dir='ltr' id='par_1_70' title="bbox 1367 4242 2923 4311">
     <span class='ocr_line' id='line_1_70' title="bbox 1367 4242 2923 4311; baseline 0.001 -14"><span class='ocrx_word' id='word_1_523' title='bbox 1367 4256 1589 4297; x_wconf 88' lang='lat' dir='ltr'><strong>monum</strong></span> <span class='ocrx_word' id='word_1_524' title='bbox 1610 4242 1783 4307; x_wconf 85' lang='lat' dir='ltr'><strong>ratio;</strong></span> <span class='ocrx_word' id='word_1_525' title='bbox 1819 4257 1939 4295; x_wconf 89' lang='lat' dir='ltr'><strong>nam</strong></span> <span class='ocrx_word' id='word_1_526' title='bbox 1984 4259 2099 4309; x_wconf 86' lang='lat' dir='ltr'><strong>eos,</strong></span> <span class='ocrx_word' id='word_1_527' title='bbox 2138 4242 2229 4311; x_wconf 87' lang='lat' dir='ltr'><strong>qui</strong></span> <span class='ocrx_word' id='word_1_528' title='bbox 2280 4257 2458 4297; x_wconf 88' lang='lat' dir='ltr'><strong>veram</strong></span> <span class='ocrx_word' id='word_1_529' title='bbox 2512 4247 2676 4297; x_wconf 87' lang='lat' dir='ltr'><strong>vitam</strong></span> <span class='ocrx_word' id='word_1_530' title='bbox 2729 4245 2923 4300; x_wconf 85' lang='lat' dir='ltr'><strong>amise-</strong></span> 
     </span>
    </p>
   </div>
   <div class='ocr_carea' id='block_1_71' title="bbox 1374 4332 2921 4396">
    <p class='ocr_par' dir='ltr' id='par_1_71' title="bbox 1374 4332 2921 4396">
     <span class='ocr_line' id='line_1_71' title="bbox 1374 4332 2921 4396; baseline 0.005 -13"><span class='ocrx_word' id='word_1_531' title='bbox 1374 4342 1515 4396; x_wconf 83' lang='lat' dir='ltr'><strong>runt,</strong></span> <span class='ocrx_word' id='word_1_532' title='bbox 1548 4347 1653 4386; x_wconf 93' lang='lat' dir='ltr'><strong>non</strong></span> <span class='ocrx_word' id='word_1_533' title='bbox 1676 4332 1757 4386; x_wconf 80' lang='lat' dir='ltr'><strong>fas</strong></span> <span class='ocrx_word' id='word_1_534' title='bbox 1788 4341 1870 4386; x_wconf 91' lang='lat' dir='ltr'><strong>est</strong></span> <span class='ocrx_word' id='word_1_535' title='bbox 1900 4334 2118 4388; x_wconf 87' lang='lat' dir='ltr'><strong>mutatis</strong></span> <span class='ocrx_word' id='word_1_536' title='bbox 2170 4333 2364 4387; x_wconf 88' lang='lat' dir='ltr'><strong>animis</strong></span> <span class='ocrx_word' id='word_1_537' title='bbox 2408 4333 2473 4385; x_wconf 89' lang='lat' dir='ltr'><strong>ad</strong></span> <span class='ocrx_word' id='word_1_538' title='bbox 2526 4348 2645 4387; x_wconf 83' lang='lat' dir='ltr'><strong>eam</strong></span> <span class='ocrx_word' id='word_1_539' title='bbox 2700 4335 2921 4391; x_wconf 82' lang='lat' dir='ltr'><strong>redire:</strong></span> 
     </span>
    </p>
   </div>
   <div class='ocr_carea' id='block_1_72' title="bbox 1370 4421 2915 4492">
    <p class='ocr_par' dir='ltr' id='par_1_72' title="bbox 1370 4421 2915 4492">
     <span class='ocr_line' id='line_1_72' title="bbox 1370 4421 2915 4492; baseline 0.002 -17"><span class='ocrx_word' id='word_1_540' title='bbox 1370 4425 1507 4492; x_wconf 85' lang='lat' dir='ltr'><strong>quod</strong></span> <span class='ocrx_word' id='word_1_541' title='bbox 1536 4423 1750 4491; x_wconf 86' lang='lat' dir='ltr'><strong>quidem</strong></span> <span class='ocrx_word' id='word_1_542' title='bbox 1786 4423 1891 4476; x_wconf 89' lang='lat' dir='ltr'><strong>illis</strong></span> <span class='ocrx_word' id='word_1_543' title='bbox 1925 4423 1969 4475; x_wconf 91' lang='lat' dir='ltr'><strong>si</strong></span> <span class='ocrx_word' id='word_1_544' title='bbox 2017 4432 2343 4489; x_wconf 86' lang='lat' dir='ltr'><strong>superesset,</strong></span> <span class='ocrx_word' id='word_1_545' title='bbox 2402 4421 2754 4478; x_wconf 86' lang='lat' dir='ltr'><strong>consimiliter</strong></span> <span class='ocrx_word' id='word_1_546' title='bbox 2797 4423 2915 4478; x_wconf 82' lang='lat' dir='ltr'><strong>ﬁeri</strong></span> 
     </span>
    </p>
   </div>
   <div class='ocr_carea' id='block_1_73' title="bbox 1369 4509 3001 4581">
    <p class='ocr_par' dir='ltr' id='par_1_73' title="bbox 1369 4509 3001 4581">
     <span class='ocr_line' id='line_1_73' title="bbox 1369 4509 3001 4581; baseline 0.002 -15"><span class='ocrx_word' id='word_1_547' title='bbox 1369 4520 1568 4581; x_wconf 51' lang='lat' dir='ltr'><strong>posset,</strong></span> <span class='ocrx_word' id='word_1_548' title='bbox 1598 4519 1654 4563; x_wconf 90' lang='lat' dir='ltr'><strong>ut</strong></span> <span class='ocrx_word' id='word_1_549' title='bbox 1682 4510 1951 4564; x_wconf 87' lang='lat' dir='ltr'><strong>emendati</strong></span> <span class='ocrx_word' id='word_1_550' title='bbox 2018 4511 2126 4562; x_wconf 86' lang='lat' dir='ltr'><strong>vita</strong></span> <span class='ocrx_word' id='word_1_551' title='bbox 2182 4509 2270 4563; x_wconf 91' lang='lat' dir='ltr'><strong>illa</strong></span> <span class='ocrx_word' id='word_1_552' title='bbox 2330 4525 2545 4581; x_wconf 88' lang='lat' dir='ltr'><strong>quoque</strong></span> <span class='ocrx_word' id='word_1_553' title='bbox 2601 4513 2920 4580; x_wconf 85' lang='lat' dir='ltr'><strong>potirentur.</strong></span> <span class='ocrx_word' id='word_1_554' title='bbox 2957 4526 3001 4580; x_wconf 81' lang='grc' dir='ltr'><strong>ι)</strong></span> 
     </span>
    </p>
   </div>
   <div class='ocr_carea' id='block_1_74' title="bbox 1435 4600 2926 4671">
    <p class='ocr_par' dir='ltr' id='par_1_74' title="bbox 1435 4600 2926 4671">
     <span class='ocr_line' id='line_1_74' title="bbox 1435 4600 2926 4671; baseline 0.003 -18"><span class='ocrx_word' id='word_1_555' title='bbox 1435 4602 1794 4671; x_wconf 68' lang='lat' dir='ltr'><strong>Quamobrem</strong></span> <span class='ocrx_word' id='word_1_556' title='bbox 1828 4615 1975 4654; x_wconf 90' lang='lat' dir='ltr'><strong>mors</strong></span> <span class='ocrx_word' id='word_1_557' title='bbox 2012 4600 2175 4653; x_wconf 89' lang='lat' dir='ltr'><strong>animi</strong></span> <span class='ocrx_word' id='word_1_558' title='bbox 2210 4615 2297 4654; x_wconf 88' lang='lat' dir='ltr'><strong>res</strong></span> <span class='ocrx_word' id='word_1_559' title='bbox 2325 4609 2408 4655; x_wconf 88' lang='lat' dir='ltr'><strong>est</strong></span> <span class='ocrx_word' id='word_1_560' title='bbox 2432 4602 2670 4656; x_wconf 90' lang='lat' dir='ltr'><strong>omnium</strong></span> <span class='ocrx_word' id='word_1_561' title='bbox 2692 4605 2926 4659; x_wconf 68' lang='lat' dir='ltr'><strong>maxime</strong></span> 
     </span>
    </p>
   </div>
   <div class='ocr_carea' id='block_1_75' title="bbox 1369 4691 2921 4760">
    <p class='ocr_par' dir='ltr' id='par_1_75' title="bbox 1369 4691 2921 4760">
     <span class='ocr_line' id='line_1_75' title="bbox 1369 4691 2921 4760; baseline 0.001 -13"><span class='ocrx_word' id='word_1_562' title='bbox 1369 4692 1741 4757; x_wconf 71' lang='lat' dir='ltr'><strong>formidabilis,</strong></span> <span class='ocrx_word' id='word_1_563' title='bbox 1795 4700 1848 4746; x_wconf 89' lang='lat' dir='ltr'><strong>et</strong></span> <span class='ocrx_word' id='word_1_564' title='bbox 1882 4691 1972 4760; x_wconf 90' lang='lat' dir='ltr'><strong>qui</strong></span> <span class='ocrx_word' id='word_1_565' title='bbox 2054 4691 2240 4746; x_wconf 89' lang='lat' dir='ltr'><strong>morbo</strong></span> <span class='ocrx_word' id='word_1_566' title='bbox 2305 4691 2548 4746; x_wconf 88' lang='lat' dir='ltr'><strong>laborant</strong></span> <span class='ocrx_word' id='word_1_567' title='bbox 2600 4694 2668 4748; x_wconf 89' lang='lat' dir='ltr'><strong>ad</strong></span> <span class='ocrx_word' id='word_1_568' title='bbox 2725 4695 2921 4749; x_wconf 86' lang='lat' dir='ltr'><strong>malum</strong></span> 
     </span>
    </p>
   </div>
   <div class='ocr_carea' id='block_1_76' title="bbox 1367 4782 2925 4851">
    <p class='ocr_par' dir='ltr' id='par_1_76' title="bbox 1367 4782 2925 4851">
     <span class='ocr_line' id='line_1_76' title="bbox 1367 4782 2925 4851; baseline 0.003 -16"><span class='ocrx_word' id='word_1_569' title='bbox 1367 4785 1469 4838; x_wconf 80' lang='lat' dir='ltr'><strong>ltoe</strong></span> <span class='ocrx_word' id='word_1_570' title='bbox 1503 4783 1782 4845; x_wconf 84' lang='lat' dir='ltr'><strong>tendente,</strong></span> <span class='ocrx_word' id='word_1_571' title='bbox 1827 4796 1934 4836; x_wconf 90' lang='lat' dir='ltr'><strong>non</strong></span> <span class='ocrx_word' id='word_1_572' title='bbox 1990 4790 2170 4836; x_wconf 86' lang='lat' dir='ltr'><strong>mente</strong></span> <span class='ocrx_word' id='word_1_573' title='bbox 2224 4782 2464 4851; x_wconf 49' lang='lat' dir='ltr'><strong>proditis</strong></span> <span class='ocrx_word' id='word_1_574' title='bbox 2519 4798 2639 4839; x_wconf 89' lang='lat' dir='ltr'><strong>esse</strong></span> <span class='ocrx_word' id='word_1_575' title='bbox 2667 4785 2796 4840; x_wconf 89' lang='lat' dir='ltr'><strong>odio</strong></span> <span class='ocrx_word' id='word_1_576' title='bbox 2829 4787 2925 4839; x_wconf 87' lang='lat' dir='ltr'><strong>de-</strong></span> 
     </span>
    </p>
   </div>
   <div class='ocr_carea' id='block_1_77' title="bbox 1366 4872 2925 4944">
    <p class='ocr_par' dir='ltr' id='par_1_77' title="bbox 1366 4872 2925 4944">
     <span class='ocr_line' id='line_1_77' title="bbox 1366 4872 2925 4944; baseline 0.002 -17"><span class='ocrx_word' id='word_1_577' title='bbox 1366 4878 1513 4940; x_wconf 77' lang='lat' dir='ltr'><strong>bent,</strong></span> <span class='ocrx_word' id='word_1_578' title='bbox 1556 4872 1651 4927; x_wconf 87' lang='lat' dir='ltr'><strong>sed</strong></span> <span class='ocrx_word' id='word_1_579' title='bbox 1703 4872 2128 4927; x_wconf 86' lang='lat' dir='ltr'><strong>misericordiam</strong></span> <span class='ocrx_word' id='word_1_580' title='bbox 2173 4874 2349 4941; x_wconf 86' lang='lat' dir='ltr'><strong>poti-us</strong></span> <span class='ocrx_word' id='word_1_581' title='bbox 2412 4878 2627 4930; x_wconf 85' lang='lat' dir='ltr'><strong>mereri.</strong></span> <span class='ocrx_word' id='word_1_582' title='bbox 2683 4877 2764 4932; x_wconf 80' lang='lat' dir='ltr'><strong>Ae</strong></span> <span class='ocrx_word' id='word_1_583' title='bbox 2826 4892 2925 4944; x_wconf 80' lang='lat' dir='ltr'><strong>par</strong></span> 
     </span>
    </p>
   </div>
   <div class='ocr_carea' id='block_1_78' title="bbox 1362 4963 2915 5033">
    <p class='ocr_par' dir='ltr' id='par_1_78' title="bbox 1362 4963 2915 5033">
     <span class='ocr_line' id='line_1_78' title="bbox 1362 4963 2915 5033; baseline 0.002 -15"><span class='ocrx_word' id='word_1_584' title='bbox 1362 4966 1579 5033; x_wconf 90' lang='lat' dir='ltr'><strong>quidem</strong></span> <span class='ocrx_word' id='word_1_585' title='bbox 1645 4974 1764 5017; x_wconf 83' lang='lat' dir='ltr'><strong>erat</strong></span> <span class='ocrx_word' id='word_1_586' title='bbox 1819 4963 1983 5017; x_wconf 81' lang='lat' dir='ltr'><strong>dubio</strong></span> <span class='ocrx_word' id='word_1_587' title='bbox 2047 4965 2259 5032; x_wconf 84' lang='lat' dir='ltr'><strong>procul,</strong></span> <span class='ocrx_word' id='word_1_588' title='bbox 2322 4974 2380 5018; x_wconf 92' lang='lat' dir='ltr'><strong>ut</strong></span> <span class='ocrx_word' id='word_1_589' title='bbox 2414 4966 2505 5032; x_wconf 93' lang='lat' dir='ltr'><strong>qui</strong></span> <span class='ocrx_word' id='word_1_590' title='bbox 2552 4975 2603 5020; x_wconf 91' lang='lat' dir='ltr'><strong>et</strong></span> <span class='ocrx_word' id='word_1_591' title='bbox 2664 4967 2915 5021; x_wconf 89' lang='lat' dir='ltr'><strong>virtutem</strong></span> 
     </span>
    </p>
   </div>
   <div class='ocr_carea' id='block_1_79' title="bbox 1362 5054 2921 5123">
    <p class='ocr_par' dir='ltr' id='par_1_79' title="bbox 1362 5054 2921 5123">
     <span class='ocr_line' id='line_1_79' title="bbox 1362 5054 2921 5123; baseline 0.002 -13"><span class='ocrx_word' id='word_1_592' title='bbox 1362 5065 1413 5110; x_wconf 89' lang='lat' dir='ltr'><strong>et</strong></span> <span class='ocrx_word' id='word_1_593' title='bbox 1490 5054 1865 5118; x_wconf 81' lang='lat' dir='ltr'><strong>vitiositatem,</strong></span> <span class='ocrx_word' id='word_1_594' title='bbox 1929 5054 2191 5121; x_wconf 87' lang='lat' dir='ltr'><strong>quasique</strong></span> <span class='ocrx_word' id='word_1_595' title='bbox 2267 5056 2427 5109; x_wconf 88' lang='lat' dir='ltr'><strong>ambo</strong></span> <span class='ocrx_word' id='word_1_596' title='bbox 2489 5056 2637 5111; x_wconf 70' lang='lat' dir='ltr'><strong>istmc</strong></span> <span class='ocrx_word' id='word_1_597' title='bbox 2718 5059 2921 5123; x_wconf 86' lang='lat' dir='ltr'><strong>promi-</strong></span> 
     </span>
    </p>
   </div>
   <div class='ocr_carea' id='block_1_80' title="bbox 1361 5145 2917 5216">
    <p class='ocr_par' dir='ltr' id='par_1_80' title="bbox 1361 5145 2917 5216">
     <span class='ocr_line' id='line_1_80' title="bbox 1361 5145 2917 5216; baseline 0.002 -15"><span class='ocrx_word' id='word_1_598' title='bbox 1361 5160 1491 5202; x_wconf 90' lang='lat' dir='ltr'><strong>scue</strong></span> <span class='ocrx_word' id='word_1_599' title='bbox 1538 5145 1837 5216; x_wconf 86' lang='lat' dir='ltr'><strong>possident,</strong></span> <span class='ocrx_word' id='word_1_600' title='bbox 1872 5146 2135 5199; x_wconf 88' lang='lat' dir='ltr'><strong>adversus</strong></span> <span class='ocrx_word' id='word_1_601' title='bbox 2177 5152 2403 5203; x_wconf 58' lang='lat' dir='ltr'><strong>caeteros</strong></span> <span class='ocrx_word' id='word_1_602' title='bbox 2436 5160 2555 5203; x_wconf 88' lang='lat' dir='ltr'><strong>sese</strong></span> <span class='ocrx_word' id='word_1_603' title='bbox 2601 5164 2707 5203; x_wconf 90' lang='lat' dir='ltr'><strong>non</strong></span> <span class='ocrx_word' id='word_1_604' title='bbox 2759 5149 2917 5204; x_wconf 84' lang='lat' dir='ltr'><strong>etl‘er-</strong></span> 
     </span>
    </p>
   </div>
   <div class='ocr_carea' id='block_1_81' title="bbox 1360 5238 2916 5309">
    <p class='ocr_par' dir='ltr' id='par_1_81' title="bbox 1360 5238 2916 5309">
     <span class='ocr_line' id='line_1_81' title="bbox 1360 5238 2916 5309; baseline 0.003 -16"><span class='ocrx_word' id='word_1_605' title='bbox 1360 5250 1480 5295; x_wconf 90' lang='lat' dir='ltr'><strong>rent</strong></span> <span class='ocrx_word' id='word_1_606' title='bbox 1514 5240 1583 5295; x_wconf 91' lang='lat' dir='ltr'><strong>ob</strong></span> <span class='ocrx_word' id='word_1_607' title='bbox 1623 5253 1786 5293; x_wconf 86' lang='lat' dir='ltr'><strong>unam</strong></span> <span class='ocrx_word' id='word_1_608' title='bbox 1819 5238 1961 5293; x_wconf 91' lang='lat' dir='ltr'><strong>illam</strong></span> <span class='ocrx_word' id='word_1_609' title='bbox 1998 5247 2204 5309; x_wconf 88' lang='lat' dir='ltr'><strong>partem</strong></span> <span class='ocrx_word' id='word_1_610' title='bbox 2240 5238 2541 5307; x_wconf 86' lang='lat' dir='ltr'><strong>meliorem,</strong></span> <span class='ocrx_word' id='word_1_611' title='bbox 2578 5255 2680 5296; x_wconf 90' lang='lat' dir='ltr'><strong>nec</strong></span> <span class='ocrx_word' id='word_1_612' title='bbox 2707 5242 2916 5297; x_wconf 88' lang='lat' dir='ltr'><strong>vitiosi-</strong></span> 
     </span>
    </p>
   </div>
   <div class='ocr_carea' id='block_1_82' title="bbox 1358 5330 2916 5400">
    <p class='ocr_par' dir='ltr' id='par_1_82' title="bbox 1358 5330 2916 5400">
     <span class='ocr_line' id='line_1_82' title="bbox 1358 5330 2916 5400; baseline 0.003 -15"><span class='ocrx_word' id='word_1_613' title='bbox 1358 5334 1484 5386; x_wconf 88' lang='lat' dir='ltr'><strong>tatis</strong></span> <span class='ocrx_word' id='word_1_614' title='bbox 1518 5345 1676 5386; x_wconf 85' lang='lat' dir='ltr'><strong>causa</strong></span> <span class='ocrx_word' id='word_1_615' title='bbox 1710 5330 1910 5385; x_wconf 88' lang='lat' dir='ltr'><strong>vultum</strong></span> <span class='ocrx_word' id='word_1_616' title='bbox 1938 5330 1989 5384; x_wconf 93' lang='lat' dir='ltr'><strong>in</strong></span> <span class='ocrx_word' id='word_1_617' title='bbox 2018 5330 2553 5400; x_wconf 74' lang='lat' dir='ltr'><strong>terram-deﬁgerent.</strong></span> <span class='ocrx_word' id='word_1_618' title='bbox 2580 5334 2648 5386; x_wconf 87' lang='lat' dir='ltr'><strong>At</strong></span> <span class='ocrx_word' id='word_1_619' title='bbox 2678 5335 2761 5388; x_wconf 89' lang='lat' dir='ltr'><strong>isti</strong></span> <span class='ocrx_word' id='word_1_620' title='bbox 2790 5351 2916 5390; x_wconf 88' lang='lat' dir='ltr'><strong>con-</strong></span> 
     </span>
    </p>
   </div>
   <div class='ocr_carea' id='block_1_83' title="bbox 1357 5422 2914 5494">
    <p class='ocr_par' dir='ltr' id='par_1_83' title="bbox 1357 5422 2914 5494">
     <span class='ocr_line' id='line_1_83' title="bbox 1357 5422 2914 5494; baseline 0.001 -17"><span class='ocrx_word' id='word_1_621' title='bbox 1357 5424 1547 5487; x_wconf 86' lang='lat' dir='ltr'><strong>trario,</strong></span> <span class='ocrx_word' id='word_1_622' title='bbox 1581 5435 1742 5491; x_wconf 87' lang='lat' dir='ltr'><strong>quam</strong></span> <span class='ocrx_word' id='word_1_623' title='bbox 1774 5435 1880 5490; x_wconf 83' lang='lat' dir='ltr'><strong>par</strong></span> <span class='ocrx_word' id='word_1_624' title='bbox 1895 5431 2035 5486; x_wconf 84' lang='lat' dir='ltr'><strong>erat,</strong></span> <span class='ocrx_word' id='word_1_625' title='bbox 2072 5422 2230 5476; x_wconf 91' lang='lat' dir='ltr'><strong>modo</strong></span> <span class='ocrx_word' id='word_1_626' title='bbox 2254 5436 2313 5477; x_wconf 88' lang='lat' dir='ltr'><strong>se</strong></span> <span class='ocrx_word' id='word_1_627' title='bbox 2344 5432 2557 5490; x_wconf 77' lang='lat' dir='ltr'><strong>gerunt.</strong></span> <span class='ocrx_word' id='word_1_628' title='bbox 2594 5422 2724 5478; x_wconf 82' lang='lat' dir='ltr'><strong>Nam</strong></span> <span class='ocrx_word' id='word_1_629' title='bbox 2757 5440 2914 5494; x_wconf 83' lang='lat' dir='ltr'><strong>prop-</strong></span> 
     </span>
    </p>
   </div>
   <div class='ocr_carea' id='block_1_84' title="bbox 1356 5511 2913 5582">
    <p class='ocr_par' dir='ltr' id='par_1_84' title="bbox 1356 5511 2913 5582">
     <span class='ocr_line' id='line_1_84' title="bbox 1356 5511 2913 5582; baseline 0.002 -14"><span class='ocrx_word' id='word_1_630' title='bbox 1356 5526 1436 5570; x_wconf 85' lang='lat' dir='ltr'><strong>ter</strong></span> <span class='ocrx_word' id='word_1_631' title='bbox 1472 5513 1682 5567; x_wconf 79' lang='lat' dir='ltr'><strong>virtutis</strong></span> <span class='ocrx_word' id='word_1_632' title='bbox 1710 5511 2035 5580; x_wconf 90' lang='lat' dir='ltr'><strong>portionem,</strong></span> <span class='ocrx_word' id='word_1_633' title='bbox 2090 5520 2298 5567; x_wconf 88' lang='lat' dir='ltr'><strong>tantum</strong></span> <span class='ocrx_word' id='word_1_634' title='bbox 2350 5527 2456 5568; x_wconf 90' lang='lat' dir='ltr'><strong>non</strong></span> <span class='ocrx_word' id='word_1_635' title='bbox 2503 5514 2676 5582; x_wconf 88' lang='lat' dir='ltr'><strong>ipsum</strong></span> <span class='ocrx_word' id='word_1_636' title='bbox 2715 5517 2913 5571; x_wconf 72' lang='lat' dir='ltr'><strong>cmlum</strong></span> 
     </span>
    </p>
   </div>
   <div class='ocr_carea' id='block_1_85' title="bbox 1355 5600 2913 5669">
    <p class='ocr_par' dir='ltr' id='par_1_85' title="bbox 1355 5600 2913 5669">
     <span class='ocr_line' id='line_1_85' title="bbox 1355 5600 2913 5669; baseline 0.004 -14"><span class='ocrx_word' id='word_1_637' title='bbox 1355 5601 1709 5667; x_wconf 78' lang='lat' dir='ltr'><strong>somniantes,</strong></span> <span class='ocrx_word' id='word_1_638' title='bbox 1749 5614 1943 5669; x_wconf 76' lang='lat' dir='ltr'><strong>graves</strong></span> <span class='ocrx_word' id='word_1_639' title='bbox 1972 5614 2036 5655; x_wconf 89' lang='lat' dir='ltr'><strong>ac</strong></span> <span class='ocrx_word' id='word_1_640' title='bbox 2083 5600 2451 5656; x_wconf 88' lang='lat' dir='ltr'><strong>intolerabiles</strong></span> <span class='ocrx_word' id='word_1_641' title='bbox 2506 5615 2654 5669; x_wconf 88' lang='lat' dir='ltr'><strong>sunt,</strong></span> <span class='ocrx_word' id='word_1_642' title='bbox 2684 5617 2913 5664; x_wconf 72' lang='lat' dir='ltr'><strong>caateros</strong></span> 
     </span>
    </p>
   </div>
   <div class='ocr_carea' id='block_1_86' title="bbox 1356 5692 2909 5767">
    <p class='ocr_par' dir='ltr' id='par_1_86' title="bbox 1356 5692 2909 5767">
     <span class='ocr_line' id='line_1_86' title="bbox 1356 5692 2909 5767; baseline 0.007 -23"><span class='ocrx_word' id='word_1_643' title='bbox 1356 5706 1450 5755; x_wconf 84' lang='lat' dir='ltr'><strong>pro</strong></span> <span class='ocrx_word' id='word_1_644' title='bbox 1478 5692 1646 5747; x_wconf 82' lang='lat' dir='ltr'><strong>nihilo</strong></span> <span class='ocrx_word' id='word_1_645' title='bbox 1668 5695 1943 5758; x_wconf 87' lang='lat' dir='ltr'><strong>ducentes,</strong></span> <span class='ocrx_word' id='word_1_646' title='bbox 1965 5692 2135 5761; x_wconf 88' lang='lat' dir='ltr'><strong>ipsam</strong></span> <span class='ocrx_word' id='word_1_647' title='bbox 2169 5708 2294 5749; x_wconf 87' lang='lat' dir='ltr'><strong>vero</strong></span> <span class='ocrx_word' id='word_1_648' title='bbox 2312 5694 2679 5762; x_wconf 84' lang='lat' dir='ltr'><strong>vitiositatem,</strong></span> <span class='ocrx_word' id='word_1_649' title='bbox 2704 5714 2824 5767; x_wconf 73' lang='lat' dir='ltr'><strong>qua:</strong></span> <span class='ocrx_word' id='word_1_650' title='bbox 2859 5702 2909 5755; x_wconf 90' lang='lat' dir='ltr'><strong>iu</strong></span> 
     </span>
    </p>
   </div>
   <div class='ocr_carea' id='block_1_87' title="bbox 1354 5784 2912 5861">
    <p class='ocr_par' dir='ltr' id='par_1_87' title="bbox 1354 5784 2912 5861">
     <span class='ocr_line' id='line_1_87' title="bbox 1354 5784 2912 5861; baseline 0.008 -26"><span class='ocrx_word' id='word_1_651' title='bbox 1354 5784 1435 5837; x_wconf 87' lang='lat' dir='ltr'><strong>eis</strong></span> <span class='ocrx_word' id='word_1_652' title='bbox 1470 5791 1576 5850; x_wconf 80' lang='lat' dir='ltr'><strong>est,</strong></span> <span class='ocrx_word' id='word_1_653' title='bbox 1611 5798 1711 5838; x_wconf 89' lang='lat' dir='ltr'><strong>nec</strong></span> <span class='ocrx_word' id='word_1_654' title='bbox 1743 5796 1887 5839; x_wconf 87' lang='lat' dir='ltr'><strong>recte</strong></span> <span class='ocrx_word' id='word_1_655' title='bbox 1911 5794 2231 5852; x_wconf 75' lang='lat' dir='ltr'><strong>agnoscunt,</strong></span> <span class='ocrx_word' id='word_1_656' title='bbox 2258 5800 2377 5839; x_wconf 91' lang='lat' dir='ltr'><strong>cum</strong></span> <span class='ocrx_word' id='word_1_657' title='bbox 2410 5787 2476 5841; x_wconf 88' lang='lat' dir='ltr'><strong>ab</strong></span> <span class='ocrx_word' id='word_1_658' title='bbox 2501 5803 2559 5841; x_wconf 84' lang='lat' dir='ltr'><strong>ea</strong></span> <span class='ocrx_word' id='word_1_659' title='bbox 2585 5805 2736 5845; x_wconf 89' lang='lat' dir='ltr'><strong>mens</strong></span> <span class='ocrx_word' id='word_1_660' title='bbox 2766 5792 2912 5861; x_wconf 88' lang='lat' dir='ltr'><strong>ipso-</strong></span> 
     </span>
    </p>
   </div>
   <div class='ocr_carea' id='block_1_88' title="bbox 1351 5876 2911 5947">
    <p class='ocr_par' dir='ltr' id='par_1_88' title="bbox 1351 5876 2911 5947">
     <span class='ocr_line' id='line_1_88' title="bbox 1351 5876 2911 5947; baseline 0.005 -17"><span class='ocrx_word' id='word_1_661' title='bbox 1351 5890 1473 5931; x_wconf 86' lang='lat' dir='ltr'><strong>rum</strong></span> <span class='ocrx_word' id='word_1_662' title='bbox 1504 5884 1758 5941; x_wconf 86' lang='lat' dir='ltr'><strong>corrupta</strong></span> <span class='ocrx_word' id='word_1_663' title='bbox 1815 5876 1904 5947; x_wconf 88' lang='lat' dir='ltr'><strong>sit,</strong></span> <span class='ocrx_word' id='word_1_664' title='bbox 1930 5889 1981 5933; x_wconf 75' lang='grc' dir='ltr'><strong>ε’</strong></span> <span class='ocrx_word' id='word_1_665' title='bbox 2044 5876 2277 5946; x_wconf 76' lang='lat' dir='ltr'><strong>agnitam</strong></span> <span class='ocrx_word' id='word_1_666' title='bbox 2318 5893 2413 5935; x_wconf 85' lang='lat' dir='ltr'><strong>oro</strong></span> <span class='ocrx_word' id='word_1_667' title='bbox 2439 5895 2495 5935; x_wconf 88' lang='lat' dir='ltr'><strong>re</strong></span> <span class='ocrx_word' id='word_1_668' title='bbox 2549 5880 2649 5936; x_wconf 77' lang='lat' dir='ltr'><strong>leV&#39;</strong></span> <span class='ocrx_word' id='word_1_669' title='bbox 2684 5886 2911 5947; x_wconf 86' lang='lat' dir='ltr'><strong>ducunt,</strong></span> 
     </span>
    </p>
   </div>
   <div class='ocr_carea' id='block_1_89' title="bbox 3044 3260 4611 3330">
    <p class='ocr_par' dir='ltr' id='par_1_89' title="bbox 3044 3260 4611 3330">
     <span class='ocr_line' id='line_1_89' title="bbox 3044 3260 4611 3330; baseline 0.001 -21"><span class='ocrx_word' id='word_1_670' title='bbox 3044 3260 3099 3310; x_wconf 83' lang='lat' dir='ltr'><strong>at</strong></span> <span class='ocrx_word' id='word_1_671' title='bbox 3136 3260 3227 3312; x_wconf 77' lang='grc' dir='ltr'><strong>τὸν</strong></span> <span class='ocrx_word' id='word_1_672' title='bbox 3274 3260 3409 3313; x_wconf 71' lang='grc' dir='ltr'><strong>Θεὸν</strong></span> <span class='ocrx_word' id='word_1_673' title='bbox 3449 3260 3704 3325; x_wconf 78' lang='grc' dir='ltr'><strong>καθάπαξ</strong></span> <span class='ocrx_word' id='word_1_674' title='bbox 3736 3262 4097 3330; x_wconf 80' lang='grc' dir='ltr'><strong>ζημιωθεῖσαι</strong></span> <span class='ocrx_word' id='word_1_675' title='bbox 4126 3261 4295 3330; x_wconf 79' lang='grc' dir='ltr'><strong>ψυχαὶ</strong></span> <span class='ocrx_word' id='word_1_676' title='bbox 4336 3262 4434 3328; x_wconf 83' lang='grc' dir='ltr'><strong>τὴν</strong></span> <span class='ocrx_word' id='word_1_677' title='bbox 4472 3262 4611 3330; x_wconf 77' lang='grc' dir='ltr'><strong>ἀλη-</strong></span> 
     </span>
    </p>
   </div>
   <div class='ocr_carea' id='block_1_90' title="bbox 3045 3350 4608 3424">
    <p class='ocr_par' dir='ltr' id='par_1_90' title="bbox 3045 3350 4608 3424">
     <span class='ocr_line' id='line_1_90' title="bbox 3045 3350 4608 3424; baseline 0.001 -22"><span class='ocrx_word' id='word_1_678' title='bbox 3045 3350 3197 3421; x_wconf 79' lang='grc' dir='ltr'><strong>θινὴν</strong></span> <span class='ocrx_word' id='word_1_679' title='bbox 3247 3350 3393 3420; x_wconf 82' lang='grc' dir='ltr'><strong>ζωὴν</strong></span> <span class='ocrx_word' id='word_1_680' title='bbox 3426 3352 3716 3406; x_wconf 82' lang='grc' dir='ltr'><strong>ἀπέϐαλον·</strong></span> <span class='ocrx_word' id='word_1_681' title='bbox 3752 3356 3833 3417; x_wconf 81' lang='grc' dir='ltr'><strong>είς</strong></span> <span class='ocrx_word' id='word_1_682' title='bbox 3864 3354 3931 3424; x_wconf 79' lang='grc' dir='ltr'><strong>ἦν</strong></span> <span class='ocrx_word' id='word_1_683' title='bbox 3977 3370 4040 3422; x_wconf 86' lang='grc' dir='ltr'><strong>γε</strong></span> <span class='ocrx_word' id='word_1_684' title='bbox 4084 3354 4242 3407; x_wconf 78' lang='grc' dir='ltr'><strong>πάλιν</strong></span> <span class='ocrx_word' id='word_1_685' title='bbox 4278 3354 4608 3406; x_wconf 81' lang='grc' dir='ltr'><strong>ἐπανελθεῖν</strong></span> 
     </span>
    </p>
   </div>
   <div class='ocr_carea' id='block_1_91' title="bbox 3046 3442 4607 3513">
    <p class='ocr_par' dir='ltr' id='par_1_91' title="bbox 3046 3442 4607 3513">
     <span class='ocr_line' id='line_1_91' title="bbox 3046 3442 4607 3513; baseline 0.002 -21"><span class='ocrx_word' id='word_1_686' title='bbox 3046 3442 3328 3510; x_wconf 83' lang='grc' dir='ltr'><strong>ἀμήχανον</strong></span> <span class='ocrx_word' id='word_1_687' title='bbox 3363 3442 3663 3505; x_wconf 83' lang='grc' dir='ltr'><strong>παντελῶς.</strong></span> <span class='ocrx_word' id='word_1_688' title='bbox 3702 3444 3887 3513; x_wconf 78' lang='grc' dir='ltr'><strong>Χωρὶς</strong></span> <span class='ocrx_word' id='word_1_689' title='bbox 3933 3444 3989 3496; x_wconf 80' lang='grc' dir='ltr'><strong>δέ</strong></span> <span class='ocrx_word' id='word_1_690' title='bbox 4029 3444 4231 3497; x_wconf 85' lang='grc' dir='ltr'><strong>τούτων</strong></span> <span class='ocrx_word' id='word_1_691' title='bbox 4276 3442 4607 3497; x_wconf 82' lang='grc' dir='ltr'><strong>ἀποθανόντι</strong></span> 
     </span>
    </p>
   </div>
   <div class='ocr_carea' id='block_1_92' title="bbox 3047 3530 4606 3605">
    <p class='ocr_par' dir='ltr' id='par_1_92' title="bbox 3047 3530 4606 3605">
     <span class='ocr_line' id='line_1_92' title="bbox 3047 3530 4606 3605; baseline 0.003 -24"><span class='ocrx_word' id='word_1_692' title='bbox 3047 3531 3145 3600; x_wconf 77' lang='grc' dir='ltr'><strong>μὲν</strong></span> <span class='ocrx_word' id='word_1_693' title='bbox 3176 3530 3254 3600; x_wconf 86' lang='grc' dir='ltr'><strong>τῷ</strong></span> <span class='ocrx_word' id='word_1_694' title='bbox 3295 3531 3508 3599; x_wconf 88' lang='grc' dir='ltr'><strong>σώματι</strong></span> <span class='ocrx_word' id='word_1_695' title='bbox 3539 3534 3636 3586; x_wconf 84' lang='grc' dir='ltr'><strong>οὐκ</strong></span> <span class='ocrx_word' id='word_1_696' title='bbox 3677 3532 3852 3588; x_wconf 78' lang='grc' dir='ltr'><strong>ἔνεστι</strong></span> <span class='ocrx_word' id='word_1_697' title='bbox 3887 3536 4277 3589; x_wconf 82' lang='grc' dir='ltr'><strong>συναποθανεῖν</strong></span> <span class='ocrx_word' id='word_1_698' title='bbox 4318 3535 4473 3605; x_wconf 78' lang='grc' dir='ltr'><strong>αὐτῷ</strong></span> <span class='ocrx_word' id='word_1_699' title='bbox 4505 3537 4606 3603; x_wconf 80' lang='grc' dir='ltr'><strong>τὴν</strong></span> 
     </span>
    </p>
   </div>
   <div class='ocr_carea' id='block_1_93' title="bbox 3040 3620 4604 3692">
    <p class='ocr_par' dir='ltr' id='par_1_93' title="bbox 3040 3620 4604 3692">
     <span class='ocr_line' id='line_1_93' title="bbox 3040 3620 4604 3692; baseline 0.001 -20"><span class='ocrx_word' id='word_1_700' title='bbox 3040 3620 3246 3690; x_wconf 64' lang='grc' dir='ltr'><strong>ψυχήν</strong></span> <span class='ocrx_word' id='word_1_701' title='bbox 3277 3621 3376 3690; x_wconf 87' lang='grc' dir='ltr'><strong>τῆς</strong></span> <span class='ocrx_word' id='word_1_702' title='bbox 3401 3622 3457 3674; x_wconf 77' lang='grc' dir='ltr'><strong>δὲ</strong></span> <span class='ocrx_word' id='word_1_703' title='bbox 3484 3621 3664 3692; x_wconf 77' lang='grc' dir='ltr'><strong>ψυχῆς</strong></span> <span class='ocrx_word' id='word_1_704' title='bbox 3685 3623 4010 3692; x_wconf 69' lang='grc' dir='ltr'><strong>τεθνηκυίας</strong></span> <span class='ocrx_word' id='word_1_705' title='bbox 4043 3624 4134 3676; x_wconf 73' lang='grc' dir='ltr'><strong>τὸν</strong></span> <span class='ocrx_word' id='word_1_706' title='bbox 4161 3623 4421 3676; x_wconf 83' lang='grc' dir='ltr'><strong>οίκτιστον</strong></span> <span class='ocrx_word' id='word_1_707' title='bbox 4449 3623 4604 3675; x_wconf 76' lang='grc' dir='ltr'><strong>ἐκεῖ·</strong></span> 
     </span>
    </p>
   </div>
   <div class='ocr_carea' id='block_1_94' title="bbox 3041 3712 4607 3785">
    <p class='ocr_par' dir='ltr' id='par_1_94' title="bbox 3041 3712 4607 3785">
     <span class='ocr_line' id='line_1_94' title="bbox 3041 3712 4607 3785; baseline 0.001 -21"><span class='ocrx_word' id='word_1_708' title='bbox 3041 3729 3127 3764; x_wconf 83' lang='grc' dir='ltr'><strong>νον</strong></span> <span class='ocrx_word' id='word_1_709' title='bbox 3158 3712 3405 3777; x_wconf 82' lang='grc' dir='ltr'><strong>θάνατον,</strong></span> <span class='ocrx_word' id='word_1_710' title='bbox 3432 3714 3527 3766; x_wconf 80' lang='grc' dir='ltr'><strong>καὶ</strong></span> <span class='ocrx_word' id='word_1_711' title='bbox 3559 3714 3619 3766; x_wconf 80' lang='grc' dir='ltr'><strong>τὸ</strong></span> <span class='ocrx_word' id='word_1_712' title='bbox 3646 3714 3805 3782; x_wconf 77' lang='grc' dir='ltr'><strong>σῶμα</strong></span> <span class='ocrx_word' id='word_1_713' title='bbox 3830 3714 3967 3781; x_wconf 89' lang='grc' dir='ltr'><strong>μετά</strong></span> <span class='ocrx_word' id='word_1_714' title='bbox 3994 3713 4053 3767; x_wconf 77' lang='grc' dir='ltr'><strong>τὸ</strong></span> <span class='ocrx_word' id='word_1_715' title='bbox 4075 3714 4607 3785; x_wconf 76' lang='grc' dir='ltr'><strong>ἀναστῆναιώσττερ-</strong></span> 
     </span>
    </p>
   </div>
   <div class='ocr_carea' id='block_1_95' title="bbox 3041 3804 4603 3875">
    <p class='ocr_par' dir='ltr' id='par_1_95' title="bbox 3041 3804 4603 3875">
     <span class='ocr_line' id='line_1_95' title="bbox 3041 3804 4603 3875; baseline 0.002 -19"><span class='ocrx_word' id='word_1_716' title='bbox 3041 3806 3089 3857; x_wconf 78' lang='grc' dir='ltr'><strong>εὶ</strong></span> <span class='ocrx_word' id='word_1_717' title='bbox 3140 3804 3355 3867; x_wconf 81' lang='grc' dir='ltr'><strong>τεθνεὸς</strong></span> <span class='ocrx_word' id='word_1_718' title='bbox 3386 3806 3481 3857; x_wconf 78' lang='grc' dir='ltr'><strong>καὶ</strong></span> <span class='ocrx_word' id='word_1_719' title='bbox 3530 3807 3712 3859; x_wconf 82' lang='grc' dir='ltr'><strong>ἄθλιον</strong></span> <span class='ocrx_word' id='word_1_720' title='bbox 3742 3808 4085 3875; x_wconf 66' lang='grc' dir='ltr'><strong>παντάπασιν</strong></span> <span class='ocrx_word' id='word_1_721' title='bbox 4119 3807 4291 3861; x_wconf 82' lang='grc' dir='ltr'><strong>ἔσται.</strong></span> <span class='ocrx_word' id='word_1_722' title='bbox 4332 3805 4457 3869; x_wconf 84' lang='grc' dir='ltr'><strong>Πῶς</strong></span> <span class='ocrx_word' id='word_1_723' title='bbox 4494 3808 4603 3875; x_wconf 80' lang='grc' dir='ltr'><strong>γὰρ</strong></span> 
     </span>
    </p>
   </div>
   <div class='ocr_carea' id='block_1_96' title="bbox 3036 3895 4603 3969">
    <p class='ocr_par' dir='ltr' id='par_1_96' title="bbox 3036 3895 4603 3969">
     <span class='ocr_line' id='line_1_96' title="bbox 3036 3895 4603 3969; baseline 0.001 -20"><span class='ocrx_word' id='word_1_724' title='bbox 3036 3895 3137 3961; x_wconf 76' lang='grc' dir='ltr'><strong>οῦς</strong></span> <span class='ocrx_word' id='word_1_725' title='bbox 3168 3896 3263 3949; x_wconf 85' lang='grc' dir='ltr'><strong>τοῦ</strong></span> <span class='ocrx_word' id='word_1_726' title='bbox 3300 3897 3693 3965; x_wconf 74' lang='grc' dir='ltr'><strong>ζωογονοῦντος</strong></span> <span class='ocrx_word' id='word_1_727' title='bbox 3744 3899 3899 3966; x_wconf 78' lang='grc' dir='ltr'><strong>αὐτὸ,</strong></span> <span class='ocrx_word' id='word_1_728' title='bbox 3929 3902 3991 3952; x_wconf 76' lang='grc' dir='ltr'><strong>τὸ</strong></span> <span class='ocrx_word' id='word_1_729' title='bbox 4039 3899 4243 3969; x_wconf 89' lang='grc' dir='ltr'><strong>κυρίως</strong></span> <span class='ocrx_word' id='word_1_730' title='bbox 4293 3900 4413 3968; x_wconf 79' lang='grc' dir='ltr'><strong>ζῇν,</strong></span> <span class='ocrx_word' id='word_1_731' title='bbox 4450 3898 4603 3965; x_wconf 79' lang='grc' dir='ltr'><strong>λέγω</strong></span> 
     </span>
    </p>
   </div>
   <div class='ocr_carea' id='block_1_97' title="bbox 3035 3986 4597 4057">
    <p class='ocr_par' dir='ltr' id='par_1_97' title="bbox 3035 3986 4597 4057">
     <span class='ocr_line' id='line_1_97' title="bbox 3035 3986 4597 4057; baseline 0.001 -17"><span class='ocrx_word' id='word_1_732' title='bbox 3035 3986 3101 4056; x_wconf 83' lang='grc' dir='ltr'><strong>δὴ</strong></span> <span class='ocrx_word' id='word_1_733' title='bbox 3133 3989 3222 4042; x_wconf 76' lang='grc' dir='ltr'><strong>τὸν</strong></span> <span class='ocrx_word' id='word_1_734' title='bbox 3256 3988 3411 4051; x_wconf 78' lang='grc' dir='ltr'><strong>Θεὸν,</strong></span> <span class='ocrx_word' id='word_1_735' title='bbox 3448 3990 3875 4053; x_wconf 85' lang='grc' dir='ltr'><strong>ἀπολωλεκότος.</strong></span> <span class='ocrx_word' id='word_1_736' title='bbox 3912 3989 4067 4043; x_wconf 87' lang='grc' dir='ltr'><strong>Οῦτω</strong></span> <span class='ocrx_word' id='word_1_737' title='bbox 4103 3990 4195 4043; x_wconf 73' lang='grc' dir='ltr'><strong>καὶ</strong></span> <span class='ocrx_word' id='word_1_738' title='bbox 4228 3991 4275 4042; x_wconf 77' lang='grc' dir='ltr'><strong>οἱ</strong></span> <span class='ocrx_word' id='word_1_739' title='bbox 4312 3990 4597 4057; x_wconf 80' lang='grc' dir='ltr'><strong>δαίμονες.</strong></span> 
     </span>
    </p>
   </div>
   <div class='ocr_carea' id='block_1_98' title="bbox 3037 4080 4598 4153">
    <p class='ocr_par' dir='ltr' id='par_1_98' title="bbox 3037 4080 4598 4153">
     <span class='ocr_line' id='line_1_98' title="bbox 3037 4080 4598 4153; baseline -0.003 -18"><span class='ocrx_word' id='word_1_740' title='bbox 3037 4080 3150 4151; x_wconf 86' lang='grc' dir='ltr'><strong>Τὴν</strong></span> <span class='ocrx_word' id='word_1_741' title='bbox 3192 4080 3299 4153; x_wconf 83' lang='grc' dir='ltr'><strong>γὰρ</strong></span> <span class='ocrx_word' id='word_1_742' title='bbox 3344 4082 3607 4151; x_wconf 77' lang='grc' dir='ltr'><strong>ἀληθινὴν</strong></span> <span class='ocrx_word' id='word_1_743' title='bbox 3633 4081 3779 4153; x_wconf 78' lang='grc' dir='ltr'><strong>ζωὴν</strong></span> <span class='ocrx_word' id='word_1_744' title='bbox 3819 4083 4210 4147; x_wconf 69' lang='grc' dir='ltr'><strong>ἀπολέσαντας,</strong></span> <span class='ocrx_word' id='word_1_745' title='bbox 4248 4082 4348 4135; x_wconf 80' lang='grc' dir='ltr'><strong>οὐκ</strong></span> <span class='ocrx_word' id='word_1_746' title='bbox 4382 4081 4598 4133; x_wconf 69' lang='grc' dir='ltr'><strong>ἔνεστιν</strong></span> 
     </span>
    </p>
   </div>
   <div class='ocr_carea' id='block_1_99' title="bbox 3034 4169 4598 4243">
    <p class='ocr_par' dir='ltr' id='par_1_99' title="bbox 3034 4169 4598 4243">
     <span class='ocr_line' id='line_1_99' title="bbox 3034 4169 4598 4243; baseline 0 -21"><span class='ocrx_word' id='word_1_747' title='bbox 3034 4170 3351 4223; x_wconf 80' lang='grc' dir='ltr'><strong>ἐπανελθεῖν</strong></span> <span class='ocrx_word' id='word_1_748' title='bbox 3382 4173 3461 4234; x_wconf 85' lang='grc' dir='ltr'><strong>είς</strong></span> <span class='ocrx_word' id='word_1_749' title='bbox 3509 4172 3679 4243; x_wconf 74' lang='grc' dir='ltr'><strong>αὐτὴν</strong></span> <span class='ocrx_word' id='word_1_750' title='bbox 3714 4173 4101 4242; x_wconf 87' lang='grc' dir='ltr'><strong>μεταγνόντας.</strong></span> <span class='ocrx_word' id='word_1_751' title='bbox 4132 4172 4218 4233; x_wconf 83' lang='grc' dir='ltr'><strong>Ὧς</strong></span> <span class='ocrx_word' id='word_1_752' title='bbox 4245 4174 4292 4224; x_wconf 79' lang='grc' dir='ltr'><strong>εἰ</strong></span> <span class='ocrx_word' id='word_1_753' title='bbox 4317 4169 4598 4225; x_wconf 71' lang='grc' dir='ltr'><strong>καὶτοῦτο</strong></span> 
     </span>
    </p>
   </div>
   <div class='ocr_carea' id='block_1_100' title="bbox 3035 4258 4596 4333">
    <p class='ocr_par' dir='ltr' id='par_1_100' title="bbox 3035 4258 4596 4333">
     <span class='ocr_line' id='line_1_100' title="bbox 3035 4258 4596 4333; baseline 0.006 -20"><span class='ocrx_word' id='word_1_754' title='bbox 3035 4260 3252 4329; x_wconf 84' lang='grc' dir='ltr'><strong>περιῆν,</strong></span> <span class='ocrx_word' id='word_1_755' title='bbox 3280 4258 3348 4333; x_wconf 75' lang='grc' dir='ltr'><strong>ἦν</strong></span> <span class='ocrx_word' id='word_1_756' title='bbox 3391 4262 3457 4315; x_wconf 78' lang='grc' dir='ltr'><strong>ἂν</strong></span> <span class='ocrx_word' id='word_1_757' title='bbox 3500 4263 3699 4331; x_wconf 83' lang='grc' dir='ltr'><strong>ὁμοίως</strong></span> <span class='ocrx_word' id='word_1_758' title='bbox 3727 4264 4141 4333; x_wconf 79' lang='grc' dir='ltr'><strong>διορθωθέντας,</strong></span> <span class='ocrx_word' id='word_1_759' title='bbox 4178 4264 4272 4316; x_wconf 83' lang='grc' dir='ltr'><strong>καὶ</strong></span> <span class='ocrx_word' id='word_1_760' title='bbox 4305 4261 4403 4331; x_wconf 88' lang='grc' dir='ltr'><strong>τῆς</strong></span> <span class='ocrx_word' id='word_1_761' title='bbox 4446 4261 4596 4330; x_wconf 79' lang='grc' dir='ltr'><strong>ζωῆς</strong></span> 
     </span>
    </p>
   </div>
   <div class='ocr_carea' id='block_1_101' title="bbox 3031 4352 3654 4421">
    <p class='ocr_par' dir='ltr' id='par_1_101' title="bbox 3031 4352 3654 4421">
     <span class='ocr_line' id='line_1_101' title="bbox 3031 4352 3654 4421; baseline 0.006 -18"><span class='ocrx_word' id='word_1_762' title='bbox 3031 4352 3250 4421; x_wconf 84' lang='grc' dir='ltr'><strong>ἐκείνης</strong></span> <span class='ocrx_word' id='word_1_763' title='bbox 3280 4355 3654 4421; x_wconf 79' lang='grc' dir='ltr'><strong>τετυχηκέναι.</strong></span> 
     </span>
    </p>
   </div>
   <div class='ocr_carea' id='block_1_102' title="bbox 3106 4618 4586 4692">
    <p class='ocr_par' dir='ltr' id='par_1_102' title="bbox 3106 4618 4586 4692">
     <span class='ocr_line' id='line_1_102' title="bbox 3106 4618 4586 4692; baseline 0.003 -21"><span class='ocrx_word' id='word_1_764' title='bbox 3106 4618 3167 4671; x_wconf 89' lang='lat'><strong>&#39;0</strong></span> <span class='ocrx_word' id='word_1_765' title='bbox 3190 4620 3286 4688; x_wconf 78' lang='grc' dir='ltr'><strong>τῆς</strong></span> <span class='ocrx_word' id='word_1_766' title='bbox 3315 4619 3495 4687; x_wconf 81' lang='grc' dir='ltr'><strong>ψυχῆς</strong></span> <span class='ocrx_word' id='word_1_767' title='bbox 3520 4620 3627 4688; x_wconf 82' lang='grc' dir='ltr'><strong>ἀρα</strong></span> <span class='ocrx_word' id='word_1_768' title='bbox 3657 4622 3884 4685; x_wconf 77' lang='grc' dir='ltr'><strong>θάνατος</strong></span> <span class='ocrx_word' id='word_1_769' title='bbox 3919 4623 3981 4674; x_wconf 83' lang='grc' dir='ltr'><strong>τὸ</strong></span> <span class='ocrx_word' id='word_1_770' title='bbox 4026 4622 4405 4692; x_wconf 81' lang='grc' dir='ltr'><strong>φοϐερώτατόν</strong></span> <span class='ocrx_word' id='word_1_771' title='bbox 4440 4627 4586 4676; x_wconf 78' lang='grc' dir='ltr'><strong>ἐστιν</strong></span> 
     </span>
    </p>
   </div>
   <div class='ocr_carea' id='block_1_103' title="bbox 3023 4712 4584 4785">
    <p class='ocr_par' dir='ltr' id='par_1_103' title="bbox 3023 4712 4584 4785">
     <span class='ocr_line' id='line_1_103' title="bbox 3023 4712 4584 4785; baseline 0.003 -22"><span class='ocrx_word' id='word_1_772' title='bbox 3023 4712 3301 4765; x_wconf 82' lang='grc' dir='ltr'><strong>ἁπάντων·</strong></span> <span class='ocrx_word' id='word_1_773' title='bbox 3322 4715 3413 4765; x_wconf 77' lang='grc' dir='ltr'><strong>καὶ</strong></span> <span class='ocrx_word' id='word_1_774' title='bbox 3439 4715 3487 4765; x_wconf 81' lang='grc' dir='ltr'><strong>οἱ</strong></span> <span class='ocrx_word' id='word_1_775' title='bbox 3516 4715 3671 4766; x_wconf 87' lang='grc' dir='ltr'><strong>νόσον</strong></span> <span class='ocrx_word' id='word_1_776' title='bbox 3697 4730 3760 4782; x_wconf 89' lang='grc' dir='ltr'><strong>γε</strong></span> <span class='ocrx_word' id='word_1_777' title='bbox 3785 4713 4067 4777; x_wconf 81' lang='grc' dir='ltr'><strong>νοσοῦντες</strong></span> <span class='ocrx_word' id='word_1_778' title='bbox 4093 4717 4172 4777; x_wconf 74' lang='grc' dir='ltr'><strong>τίς</strong></span> <span class='ocrx_word' id='word_1_779' title='bbox 4203 4716 4361 4769; x_wconf 84' lang='grc' dir='ltr'><strong>τοῦτο</strong></span> <span class='ocrx_word' id='word_1_780' title='bbox 4390 4720 4584 4785; x_wconf 78' lang='grc' dir='ltr'><strong>φέρου-</strong></span> 
     </span>
    </p>
   </div>
   <div class='ocr_carea' id='block_1_104' title="bbox 3024 4797 4583 4878">
    <p class='ocr_par' dir='ltr' id='par_1_104' title="bbox 3024 4797 4583 4878">
     <span class='ocr_line' id='line_1_104' title="bbox 3024 4797 4583 4878; baseline 0.002 -21"><span class='ocrx_word' id='word_1_781' title='bbox 3024 4822 3120 4857; x_wconf 85' lang='grc' dir='ltr'><strong>σαν</strong></span> <span class='ocrx_word' id='word_1_782' title='bbox 3146 4803 3207 4856; x_wconf 59' lang='lat' dir='ltr'><strong>ab</strong></span> <span class='ocrx_word' id='word_1_783' title='bbox 3239 4804 3410 4857; x_wconf 77' lang='grc' dir='ltr'><strong>δεινὸν</strong></span> <span class='ocrx_word' id='word_1_784' title='bbox 3441 4806 3501 4857; x_wconf 85' lang='grc' dir='ltr'><strong>οὺ</strong></span> <span class='ocrx_word' id='word_1_785' title='bbox 3536 4809 3783 4875; x_wconf 88' lang='grc' dir='ltr'><strong>μισητέοι</strong></span> <span class='ocrx_word' id='word_1_786' title='bbox 3814 4806 3939 4860; x_wconf 84' lang='grc' dir='ltr'><strong>νοῦν</strong></span> <span class='ocrx_word' id='word_1_787' title='bbox 3979 4797 4215 4878; x_wconf 77' lang='grc' dir='ltr'><strong>ἔχουσιν,</strong></span> <span class='ocrx_word' id='word_1_788' title='bbox 4252 4809 4367 4860; x_wconf 83' lang='grc' dir='ltr'><strong>ἀλλ’</strong></span> <span class='ocrx_word' id='word_1_789' title='bbox 4399 4809 4583 4869; x_wconf 80' lang='grc' dir='ltr'><strong>ἐλέους</strong></span> 
     </span>
    </p>
   </div>
   <div class='ocr_carea' id='block_1_105' title="bbox 3020 4889 4582 4969">
    <p class='ocr_par' dir='ltr' id='par_1_105' title="bbox 3020 4889 4582 4969">
     <span class='ocr_line' id='line_1_105' title="bbox 3020 4889 4582 4969; baseline 0.004 -22"><span class='ocrx_word' id='word_1_790' title='bbox 3020 4894 3181 4959; x_wconf 76' lang='grc' dir='ltr'><strong>ἄξιοι.</strong></span> <span class='ocrx_word' id='word_1_791' title='bbox 3210 4889 3319 4947; x_wconf 84' lang='grc' dir='ltr'><strong>Ἦν</strong></span> <span class='ocrx_word' id='word_1_792' title='bbox 3348 4895 3448 4964; x_wconf 79' lang='grc' dir='ltr'><strong>μὲν</strong></span> <span class='ocrx_word' id='word_1_793' title='bbox 3492 4891 3607 4958; x_wconf 82' lang='grc' dir='ltr'><strong>οὖν,</strong></span> <span class='ocrx_word' id='word_1_794' title='bbox 3651 4892 3825 4965; x_wconf 77' lang='grc' dir='ltr'><strong>οἶμαι,</strong></span> <span class='ocrx_word' id='word_1_795' title='bbox 3862 4898 4137 4969; x_wconf 88' lang='grc' dir='ltr'><strong>προσῆκον</strong></span> <span class='ocrx_word' id='word_1_796' title='bbox 4166 4899 4426 4959; x_wconf 83' lang='grc' dir='ltr'><strong>ἐπιεικῶς</strong></span> <span class='ocrx_word' id='word_1_797' title='bbox 4458 4904 4582 4961; x_wconf 66' lang='grc' dir='ltr'><strong>τοὺς</strong></span> 
     </span>
    </p>
   </div>
   <div class='ocr_carea' id='block_1_106' title="bbox 3024 4984 4576 5057">
    <p class='ocr_par' dir='ltr' id='par_1_106' title="bbox 3024 4984 4576 5057">
     <span class='ocr_line' id='line_1_106' title="bbox 3024 4984 4576 5057; baseline 0.003 -22"><span class='ocrx_word' id='word_1_798' title='bbox 3024 4986 3394 5051; x_wconf 81' lang='grc' dir='ltr'><strong>κεκτημένους</strong></span> <span class='ocrx_word' id='word_1_799' title='bbox 3431 4984 3531 5055; x_wconf 76' lang='grc' dir='ltr'><strong>μὲν</strong></span> <span class='ocrx_word' id='word_1_800' title='bbox 3575 4987 3796 5057; x_wconf 81' lang='grc' dir='ltr'><strong>ἀρετὴν,</strong></span> <span class='ocrx_word' id='word_1_801' title='bbox 3833 4989 4207 5057; x_wconf 77' lang='grc' dir='ltr'><strong>κεκτημένους</strong></span> <span class='ocrx_word' id='word_1_802' title='bbox 4252 4988 4310 5041; x_wconf 74' lang='grc' dir='ltr'><strong>δὲ</strong></span> <span class='ocrx_word' id='word_1_803' title='bbox 4355 4992 4576 5053; x_wconf 78' lang='grc' dir='ltr'><strong>κακίαν,</strong></span> 
     </span>
    </p>
   </div>
   <div class='ocr_carea' id='block_1_107' title="bbox 3023 5068 4579 5147">
    <p class='ocr_par' dir='ltr' id='par_1_107' title="bbox 3023 5068 4579 5147">
     <span class='ocr_line' id='line_1_107' title="bbox 3023 5068 4579 5147; baseline 0.004 -24"><span class='ocrx_word' id='word_1_804' title='bbox 3023 5072 3116 5123; x_wconf 84' lang='grc' dir='ltr'><strong>καὶ</strong></span> <span class='ocrx_word' id='word_1_805' title='bbox 3135 5068 3246 5124; x_wconf 76' lang='grc' dir='ltr'><strong>οἷον</strong></span> <span class='ocrx_word' id='word_1_806' title='bbox 3267 5072 3468 5141; x_wconf 70' lang='grc' dir='ltr'><strong>ἀναμὶξ</strong></span> <span class='ocrx_word' id='word_1_807' title='bbox 3492 5074 3681 5142; x_wconf 81' lang='grc' dir='ltr'><strong>ἄμφω,</strong></span> <span class='ocrx_word' id='word_1_808' title='bbox 3704 5077 3780 5145; x_wconf 78' lang='grc' dir='ltr'><strong>μὴ</strong></span> <span class='ocrx_word' id='word_1_809' title='bbox 3808 5076 3917 5128; x_wconf 87' lang='grc' dir='ltr'><strong>τῶν</strong></span> <span class='ocrx_word' id='word_1_810' title='bbox 3946 5077 4119 5131; x_wconf 77' lang='grc' dir='ltr'><strong>ἄλλων</strong></span> <span class='ocrx_word' id='word_1_811' title='bbox 4142 5079 4579 5147; x_wconf 82' lang='grc' dir='ltr'><strong>κατεπαίρεσθαι</strong></span> 
     </span>
    </p>
   </div>
   <div class='ocr_carea' id='block_1_108' title="bbox 3020 5165 4579 5238">
    <p class='ocr_par' dir='ltr' id='par_1_108' title="bbox 3020 5165 4579 5238">
     <span class='ocr_line' id='line_1_108' title="bbox 3020 5165 4579 5238; baseline 0.004 -21"><span class='ocrx_word' id='word_1_812' title='bbox 3020 5165 3110 5217; x_wconf 84' lang='grc' dir='ltr'><strong>διὰ</strong></span> <span class='ocrx_word' id='word_1_813' title='bbox 3133 5165 3191 5218; x_wconf 84' lang='grc' dir='ltr'><strong>τὸ</strong></span> <span class='ocrx_word' id='word_1_814' title='bbox 3206 5165 3569 5235; x_wconf 87' lang='grc' dir='ltr'><strong>χρηστότερον</strong></span> <span class='ocrx_word' id='word_1_815' title='bbox 3593 5167 3779 5236; x_wconf 77' lang='grc' dir='ltr'><strong>μέροςο</strong></span> <span class='ocrx_word' id='word_1_816' title='bbox 3808 5169 3903 5238; x_wconf 86' lang='grc' dir='ltr'><strong>τῆς</strong></span> <span class='ocrx_word' id='word_1_817' title='bbox 3928 5169 3982 5221; x_wconf 85' lang='grc' dir='ltr'><strong>δέ</strong></span> <span class='ocrx_word' id='word_1_818' title='bbox 4014 5169 4206 5232; x_wconf 80' lang='grc' dir='ltr'><strong>κακίας</strong></span> <span class='ocrx_word' id='word_1_819' title='bbox 4234 5171 4402 5223; x_wconf 77' lang='grc' dir='ltr'><strong>ἕνεκα</strong></span> <span class='ocrx_word' id='word_1_820' title='bbox 4432 5173 4579 5227; x_wconf 80' lang='grc' dir='ltr'><strong>κάτω</strong></span> 
     </span>
    </p>
   </div>
   <div class='ocr_carea' id='block_1_109' title="bbox 3020 5257 4579 5332">
    <p class='ocr_par' dir='ltr' id='par_1_109' title="bbox 3020 5257 4579 5332">
     <span class='ocr_line' id='line_1_109' title="bbox 3020 5257 4579 5332; baseline 0.004 -23"><span class='ocrx_word' id='word_1_821' title='bbox 3020 5258 3269 5321; x_wconf 82' lang='grc' dir='ltr'><strong>κύπτειν,</strong></span> <span class='ocrx_word' id='word_1_822' title='bbox 3295 5258 3343 5310; x_wconf 79' lang='grc' dir='ltr'><strong>οἱ</strong></span> <span class='ocrx_word' id='word_1_823' title='bbox 3370 5257 3416 5310; x_wconf 81' lang='grc' dir='ltr'><strong>δ’</strong></span> <span class='ocrx_word' id='word_1_824' title='bbox 3443 5257 3671 5323; x_wconf 78' lang='grc' dir='ltr'><strong>ἐναλλὰξ</strong></span> <span class='ocrx_word' id='word_1_825' title='bbox 3701 5259 4027 5330; x_wconf 81' lang='grc' dir='ltr'><strong>ἐργάζονται</strong></span> <span class='ocrx_word' id='word_1_826' title='bbox 4060 5261 4122 5313; x_wconf 83' lang='grc' dir='ltr'><strong>τὸ</strong></span> <span class='ocrx_word' id='word_1_827' title='bbox 4152 5263 4455 5332; x_wconf 82' lang='grc' dir='ltr'><strong>προσῆκον.</strong></span> <span class='ocrx_word' id='word_1_828' title='bbox 4483 5263 4579 5316; x_wconf 87' lang='grc' dir='ltr'><strong>Διά</strong></span> 
     </span>
    </p>
   </div>
   <div class='ocr_carea' id='block_1_110' title="bbox 3014 5348 4579 5421">
    <p class='ocr_par' dir='ltr' id='par_1_110' title="bbox 3014 5348 4579 5421">
     <span class='ocr_line' id='line_1_110' title="bbox 3014 5348 4579 5421; baseline 0.003 -21"><span class='ocrx_word' id='word_1_829' title='bbox 3014 5348 3122 5415; x_wconf 77' lang='grc' dir='ltr'><strong>γὰρ</strong></span> <span class='ocrx_word' id='word_1_830' title='bbox 3152 5350 3212 5401; x_wconf 78' lang='grc' dir='ltr'><strong>τὸ</strong></span> <span class='ocrx_word' id='word_1_831' title='bbox 3241 5349 3408 5419; x_wconf 79' lang='grc' dir='ltr'><strong>μέρος</strong></span> <span class='ocrx_word' id='word_1_832' title='bbox 3434 5348 3536 5417; x_wconf 86' lang='grc' dir='ltr'><strong>τῆς</strong></span> <span class='ocrx_word' id='word_1_833' title='bbox 3564 5350 3790 5419; x_wconf 82' lang='grc' dir='ltr'><strong>ἀρετῆς,</strong></span> <span class='ocrx_word' id='word_1_834' title='bbox 3816 5351 4039 5421; x_wconf 84' lang='grc' dir='ltr'><strong>μονονοὺ</strong></span> <span class='ocrx_word' id='word_1_835' title='bbox 4063 5351 4154 5404; x_wconf 81' lang='grc' dir='ltr'><strong>τὸν</strong></span> <span class='ocrx_word' id='word_1_836' title='bbox 4181 5352 4414 5421; x_wconf 74' lang='grc' dir='ltr'><strong>οὐρανὸν</strong></span> <span class='ocrx_word' id='word_1_837' title='bbox 4444 5354 4579 5405; x_wconf 81' lang='grc' dir='ltr'><strong>ὀνει-</strong></span> 
     </span>
    </p>
   </div>
   <div class='ocr_carea' id='block_1_111' title="bbox 3016 5437 4575 5513">
    <p class='ocr_par' dir='ltr' id='par_1_111' title="bbox 3016 5437 4575 5513">
     <span class='ocr_line' id='line_1_111' title="bbox 3016 5437 4575 5513; baseline 0.004 -23"><span class='ocrx_word' id='word_1_838' title='bbox 3016 5437 3394 5506; x_wconf 81' lang='grc' dir='ltr'><strong>ροπολοῦντες,</strong></span> <span class='ocrx_word' id='word_1_839' title='bbox 3431 5438 3619 5509; x_wconf 84' lang='grc' dir='ltr'><strong>βαρεῖς</strong></span> <span class='ocrx_word' id='word_1_840' title='bbox 3644 5440 3751 5492; x_wconf 81' lang='grc' dir='ltr'><strong>εισι</strong></span> <span class='ocrx_word' id='word_1_841' title='bbox 3790 5443 3883 5495; x_wconf 83' lang='grc' dir='ltr'><strong>καὶ</strong></span> <span class='ocrx_word' id='word_1_842' title='bbox 3920 5441 4208 5513; x_wconf 84' lang='grc' dir='ltr'><strong>ἀφόρητοι,</strong></span> <span class='ocrx_word' id='word_1_843' title='bbox 4236 5442 4409 5512; x_wconf 73' lang='grc' dir='ltr'><strong>μηδὲν</strong></span> <span class='ocrx_word' id='word_1_844' title='bbox 4448 5445 4575 5505; x_wconf 67' lang='grc' dir='ltr'><strong>τοὺς</strong></span> 
     </span>
    </p>
   </div>
   <div class='ocr_carea' id='block_1_112' title="bbox 3011 5524 4573 5602">
    <p class='ocr_par' dir='ltr' id='par_1_112' title="bbox 3011 5524 4573 5602">
     <span class='ocr_line' id='line_1_112' title="bbox 3011 5524 4573 5602; baseline 0.001 -21"><span class='ocrx_word' id='word_1_845' title='bbox 3011 5528 3206 5591; x_wconf 84' lang='grc' dir='ltr'><strong>ἀλλους</strong></span> <span class='ocrx_word' id='word_1_846' title='bbox 3252 5524 3394 5582; x_wconf 78' lang='grc' dir='ltr'><strong>εἶναι</strong></span> <span class='ocrx_word' id='word_1_847' title='bbox 3430 5530 3761 5598; x_wconf 77' lang='grc' dir='ltr'><strong>νομίζοντεςο</strong></span> <span class='ocrx_word' id='word_1_848' title='bbox 3794 5531 3965 5602; x_wconf 81' lang='grc' dir='ltr'><strong>αὐτὴν</strong></span> <span class='ocrx_word' id='word_1_849' title='bbox 3999 5532 4057 5584; x_wconf 75' lang='grc' dir='ltr'><strong>δὲ</strong></span> <span class='ocrx_word' id='word_1_850' title='bbox 4104 5532 4204 5602; x_wconf 77' lang='grc' dir='ltr'><strong>τὴν</strong></span> <span class='ocrx_word' id='word_1_851' title='bbox 4229 5534 4435 5586; x_wconf 85' lang='grc' dir='ltr'><strong>κακίαν</strong></span> <span class='ocrx_word' id='word_1_852' title='bbox 4478 5534 4573 5599; x_wconf 77' lang='grc' dir='ltr'><strong>τὴν</strong></span> 
     </span>
    </p>
   </div>
   <div class='ocr_carea' id='block_1_113' title="bbox 3014 5616 4569 5691">
    <p class='ocr_par' dir='ltr' id='par_1_113' title="bbox 3014 5616 4569 5691">
     <span class='ocr_line' id='line_1_113' title="bbox 3014 5616 4569 5691; baseline 0.003 -23"><span class='ocrx_word' id='word_1_853' title='bbox 3014 5618 3071 5669; x_wconf 79' lang='grc' dir='ltr'><strong>ἐν</strong></span> <span class='ocrx_word' id='word_1_854' title='bbox 3102 5618 3285 5679; x_wconf 81' lang='grc' dir='ltr'><strong>αὐτοῖς</strong></span> <span class='ocrx_word' id='word_1_855' title='bbox 3314 5616 3437 5669; x_wconf 79' lang='grc' dir='ltr'><strong>οὔτε</strong></span> <span class='ocrx_word' id='word_1_856' title='bbox 3486 5618 3661 5680; x_wconf 84' lang='grc' dir='ltr'><strong>καλῶς</strong></span> <span class='ocrx_word' id='word_1_857' title='bbox 3701 5618 4080 5686; x_wconf 85' lang='grc' dir='ltr'><strong>γινώσκουσιν,</strong></span> <span class='ocrx_word' id='word_1_858' title='bbox 4117 5621 4212 5674; x_wconf 81' lang='grc' dir='ltr'><strong>ὑπ’</strong></span> <span class='ocrx_word' id='word_1_859' title='bbox 4250 5623 4473 5691; x_wconf 77' lang='grc' dir='ltr'><strong>ἐκείνης</strong></span> <span class='ocrx_word' id='word_1_860' title='bbox 4509 5638 4569 5690; x_wconf 78' lang='grc' dir='ltr'><strong>γε</strong></span> 
     </span>
    </p>
   </div>
   <div class='ocr_carea' id='block_1_114' title="bbox 3011 5707 4568 5782">
    <p class='ocr_par' dir='ltr' id='par_1_114' title="bbox 3011 5707 4568 5782">
     <span class='ocr_line' id='line_1_114' title="bbox 3011 5707 4568 5782; baseline 0.004 -23"><span class='ocrx_word' id='word_1_861' title='bbox 3011 5707 3106 5770; x_wconf 84' lang='grc' dir='ltr'><strong>τὰς</strong></span> <span class='ocrx_word' id='word_1_862' title='bbox 3138 5710 3340 5775; x_wconf 78' lang='grc' dir='ltr'><strong>φρένας</strong></span> <span class='ocrx_word' id='word_1_863' title='bbox 3371 5709 3756 5778; x_wconf 84' lang='grc' dir='ltr'><strong>βεϐλαμμένοι,</strong></span> <span class='ocrx_word' id='word_1_864' title='bbox 3788 5714 3878 5764; x_wconf 78' lang='grc' dir='ltr'><strong>καὶ</strong></span> <span class='ocrx_word' id='word_1_865' title='bbox 3907 5714 4057 5782; x_wconf 82' lang='grc' dir='ltr'><strong>παρὰ</strong></span> <span class='ocrx_word' id='word_1_866' title='bbox 4101 5714 4305 5782; x_wconf 76' lang='grc' dir='ltr'><strong>φαῦλον</strong></span> <span class='ocrx_word' id='word_1_867' title='bbox 4337 5714 4568 5780; x_wconf 75' lang='grc' dir='ltr'><strong>ἄγουσιν</strong></span> 
     </span>
    </p>
   </div>
   <div class='ocr_carea' id='block_1_115' title="bbox 3010 5800 4561 5875">
    <p class='ocr_par' dir='ltr' id='par_1_115' title="bbox 3010 5800 4561 5875">
     <span class='ocr_line' id='line_1_115' title="bbox 3010 5800 4561 5875; baseline 0.006 -25"><span class='ocrx_word' id='word_1_868' title='bbox 3010 5800 3380 5871; x_wconf 82' lang='grc' dir='ltr'><strong>ἐγνωσμένην.</strong></span> <span class='ocrx_word' id='word_1_869' title='bbox 3403 5801 3510 5853; x_wconf 74' lang='grc' dir='ltr'><strong>Καὶ</strong></span> <span class='ocrx_word' id='word_1_870' title='bbox 3531 5802 3649 5854; x_wconf 77' lang='grc' dir='ltr'><strong>οὐδὲ</strong></span> <span class='ocrx_word' id='word_1_871' title='bbox 3675 5803 4018 5856; x_wconf 81' lang='grc' dir='ltr'><strong>αἰσθάνονται</strong></span> <span class='ocrx_word' id='word_1_872' title='bbox 4040 5806 4213 5859; x_wconf 86' lang='grc' dir='ltr'><strong>ταῦτα</strong></span> <span class='ocrx_word' id='word_1_873' title='bbox 4238 5809 4561 5875; x_wconf 79' lang='grc' dir='ltr'><strong>πάσχοντες.</strong></span> 
     </span>
    </p>
   </div>
   <div class='ocr_carea' id='block_1_116' title="bbox 3013 5888 4563 5966">
    <p class='ocr_par' dir='ltr' id='par_1_116' title="bbox 3013 5888 4563 5966">
     <span class='ocr_line' id='line_1_116' title="bbox 3013 5888 4563 5966; baseline 0.006 -24"><span class='ocrx_word' id='word_1_874' title='bbox 3013 5890 3113 5945; x_wconf 82' lang='grc' dir='ltr'><strong>Ἦν</strong></span> <span class='ocrx_word' id='word_1_875' title='bbox 3144 5888 3198 5941; x_wconf 78' lang='grc' dir='ltr'><strong>δὲ</strong></span> <span class='ocrx_word' id='word_1_876' title='bbox 3226 5894 3337 5949; x_wconf 72' lang='grc' dir='ltr'><strong>τοῖς</strong></span> <span class='ocrx_word' id='word_1_877' title='bbox 3383 5894 3564 5951; x_wconf 77' lang='grc' dir='ltr'><strong>αὐτοῖς</strong></span> <span class='ocrx_word' id='word_1_878' title='bbox 3594 5894 3819 5959; x_wconf 78' lang='grc' dir='ltr'><strong>ἐκείνοις</strong></span> <span class='ocrx_word' id='word_1_879' title='bbox 3854 5895 3964 5966; x_wconf 83' lang='grc' dir='ltr'><strong>ἀλῷ</strong></span> <span class='ocrx_word' id='word_1_880' title='bbox 3993 5913 4078 5959; x_wconf 87' lang='grc' dir='ltr'><strong>τις</strong></span> <span class='ocrx_word' id='word_1_881' title='bbox 4123 5898 4311 5961; x_wconf 83' lang='grc' dir='ltr'><strong>ἐτεοος</strong></span> <span class='ocrx_word' id='word_1_882' title='bbox 4337 5900 4563 5964; x_wconf 78' lang='grc' dir='ltr'><strong>πάθεσι,</strong></span> 
     </span>
    </p>
   </div>
  </div>
