4748 6512
596 469 703 535 497

1994 484 2273 548 ORATIO
2306 488 2406 549 VI.

3711 495 3821 562 498

598 592 693 643 καὶ
722 589 879 653 αὖθις
904 593 1023 655 ταῖς
1050 594 1240 657 αὐταῖς
1278 597 1497 667 ἀρεταῖς
1530 606 1667 672 φανῇ
1704 608 2059 675 κεχρημένος,
2092 608 2146 659 αἱ
2179 612 2220 667 Α
2254 605 2361 659 imo
2406 620 2469 659 uc

1943 609 2059 671 ῗνος,
2092 608 2146 659 αἱ
2179 612 2220 667 Α
2254 605 2361 659 imo
2406 620 2469 659 ne
2498 606 2709 675 quidem
2747 609 2985 663 sentiunt
3010 609 3122 664 haec
3151 609 3251 663 sibi
3282 612 3546 667 accidere.
3595 611 3688 666 Sin
3724 615 3818 666 ali-

588 683 700 768 ,μέν
727 684 919 753 ἀρεταὶ
945 686 1003 738 ἐν
1032 686 1195 758 λήθῃ·
1232 691 1411 759 ψῆφος
1453 695 1509 745 δέ
1538 712 1621 758 τις
1657 696 1778 750 κατ’
1807 698 1987 751 αὐτῶν
2017 703 2155 769 μετὰ

592 776 947 844 σκωμμάτων
981 778 1349 850 ἐξενήνεκται.
1400 786 1507 839 Καί
1548 805 1649 853 τοι,
1698 790 1752 843 τί
1798 792 1968 845 πολλά
2009 812 2150 862 φημι

589 867 773 936 πάθης
808 869 874 921 ἂν
919 872 1027 940 γὰρ
1058 873 1287 945 ἐλεγχθῇ
1332 895 1415 940 τις
1459 881 1728 935 δουλεύων
1771 885 1853 938 ἐνὶ
1883 878 2149 955 τῷπὰθει

586 957 683 1009 καὶ
716 959 883 1027 μόνῳ,
906 964 1004 1015 καὶ
1042 964 1215 1036 τούτῳ
1255 984 1317 1034 γε
1363 969 1471 1021 τῶν
1509 975 1855 1044 κουφοτέρων
1893 975 2032 1031 εῖναι
2066 980 2150 1034 δο-

587 1046 851 1115 κούντων,
886 1051 1050 1115 εὐθὺς
1090 1055 1295 1124 ἀκήκοε
1326 1062 1456 1130 παρ’
1486 1063 1685 1131 αὐτῶν,
1718 1065 1778 1119 '0
1816 1069 2079 1138 σχέτλιος,
2119 1073 2147 1124 ὁ

582 1137 776 1203 τάλας,
806 1140 973 1196 πολλὰ
1003 1144 1190 1216 ἕτερα.
1225 1150 1334 1202 Καὶ
1355 1145 1399 1204 ὧ
1433 1155 1517 1219 σὺ,
1548 1158 1727 1220 ποίαις
1760 1137 2046 1215 κολάσεσιν
2072 1164 2146 1215 ῶν

583 1228 906 1297 ὑπεύθυνος,
951 1236 1012 1288 οὐ
1062 1244 1479 1306 καταποντίζεις
1534 1251 1789 1316 σεαυτόν;
1843 1252 1919 1305 Οὐ
1966 1254 2145 1307 τοίνυν

579 1319 1034 1415 ἀπαλλάττονται,
1065 1330 1171 1399 πρὸ
1187 1332 1280 1384 τοῦ
1303 1334 1396 1387 τὸν
1427 1335 1711 1406 ἄνθρωπον
1737 1342 1905 1406 δεῖξαι
1936 1345 2144 1415 μυρίων

577 1410 710 1503 ὄντα
734 1414 1009 1469 κολάσεων
1031 1419 1198 1485 ἀξιον,
1224 1425 1483 1497 ῥητορεία
1510 1430 1798 1501 θαυμαστῇ
1825 1410 1961 1503 πρὸς
1987 1410 2143 1491 τοῦτο

577 1502 876 1572 χρώμενοι.
902 1509 1025 1563 Ehe
1059 1514 1167 1583 γάρ
1196 1515 1391 1569 νωθεία
1425 1520 1510 1583 τίς
1548 1524 1664 1575 ἐστι
1694 1525 1753 1575 τὸ
1782 1525 2138 1598 διασαλλόμε-

575 1611 687 1687 νον,
717 1597 816 1650 εἶτ’
844 1599 1106 1671 ὀλιγωρία
1135 1606 1269 1674 πρὸς
1301 1609 1564 1677 τάγαθὸν,
1593 1614 1625 1682 ἡ
1661 1615 1689 1666 ὃ
1715 1616 1765 1669 τί
1794 1635 1901 1687 περ
1933 1619 1998 1673 ἂν
2032 1597 2140 1674 τῶν

575 1683 833 1781 δπωσοῦν
892 1692 953 1744 οὐ
994 1694 1195 1762 καλῶν,
1229 1700 1540 1768 ἐξαίρουσιν
1579 1706 1712 1760 αὐτὸ
1750 1683 2136 1781 μεθ’τύπερϐο-

572 1776 694 1843 λῆς·
728 1780 828 1842 τὰς
877 1783 923 1835 δ’
951 1785 1365 1857 ἐνυπαρχούσας
1411 1797 1560 1865 αὑτῷ
1610 1776 1827 1865 ἀρετὰς,
1883 1776 2137 1858 uadum

574 1870 720 1936 ἄγαν
749 1873 1147 1945 δυσπορίστων,
1168 1884 1261 1934 καὶ
1284 1885 1745 1958 δυσκατορθώτων
1769 1888 1902 1948 ὦσιν
1929 1898 2135 1966 ἀνθρὼο
2168 1930 2207 1983 Β

532 1982 535 1983 ν
571 1978 717 2057 ⁴ιτοις,
743 1971 1141 2057 ξενοθευμένας
1176 1976 1285 2028 οἵδε
1314 1980 1539 2035 καλοῦσι
1567 1984 1654 2037 διά
1685 1987 1786 2055 τὴν
1810 1980 1909 2057 τῆς
1940 1992 2138 2054 κακίας

570 2048 870 2151 ἐπιμιξίαν.
899 2054 1033 2111 Εἶτα
1050 2061 1164 2125 πῶς
1184 2063 1389 2130 ἐκεῖνος
1406 2070 1502 2135 μὲν
1519 2048 2136 2151 κακὸς,δάμφιρῥεπὴς,

571 2142 637 2242 cit
662 2142 707 2195 δ’
736 2147 925 2216 ἐκείνῳ
957 2151 1131 2205 πάντα
1169 2154 1244 2207 ὢν
1267 2160 1359 2211 καὶ
1394 2162 1493 2229 τὴν
1519 2164 1735 2233 ἀρετὴν,
1755 2142 1956 2239 κᾴιτῆᾀ
1972 2142 2135 2242 πονηέ

570 2234 696 2334 ρίαν
715 2238 1027 2310 ἐφάμιλλος,
1046 2244 1313 2315 βέλτιστος
1335 2251 1400 2303 ἂν
1415 2253 1552 2322 εἴῆς,
1575 2257 1666 2308 καὶ
1682 2258 1880 2325 ἀγαθός
1899 2234 1924 2326 ς’
1942 2264 2010 2318 Ἢ
2030 2234 2137 2334 γάρ

569 2327 823 2423 κάκεῖνος
847 2333 1074 2399 ἀγαθὸς,
1092 2337 1277 2405 ὅμοιός
1301 2357 1404 2394 σοι·
1429 2344 1460 2413 ἢ
1488 2347 1581 2399 καὶ
1604 2349 1665 2399 σὺ
1699 2351 1916 2416 πάντως
1942 2327 2131 2423 κακὸς,

571 2414 686 2479 (eo;
704 2416 779 2472 ὢν
806 2421 1000 2494 ἐκείνῳ
1018 2425 1095 2494 τῷ
1126 2431 1275 2498 παρά
1308 2433 1390 2484 σοὶ
1423 2438 1721 2508 καταδίκῳ.
1741 2443 1847 2494 Καὶ
1872 2414 2000 2515 μὴν,

568 2509 745 2605 eodem
775 2514 1121 2582 πλεονεκτεῖς
1150 2524 1228 2585 είς
1252 2526 1310 2575 τὸ
1337 2529 1594 2598 πονηρὸν,
1620 2532 1702 2584 ὅτι
1740 2509 1919 2601 μισεῖς
1935 2509 2002 2591 ὀὐ
2040 2557 2131 2605 μισ

567 2600 847 2675 σούμενος,
866 2608 961 2659 καὶ
981 2613 1327 2681 κατακρίνεις
1345 2617 1607 2685 ἐκείνους,
1628 2620 1806 2689 ὑφ’ὧν
1823 2627 1884 2678 οὐ
1908 2628 2132 2699 πάσχεις

564 2689 729 2753 αὐτὸς
751 2693 816 2746 τὰ
846 2696 959 2751 (ac.
980 2698 1133 2765 Ἀλλ’,
1157 2702 1231 2765 ὡς
1265 2704 1461 2772 ἔοικεν,
1486 2710 1873 2781 εὐχερέστερον
1901 2689 2131 2786 agiagi-dt

561 2782 712 2880 κακὰ
748 2787 1070 2880 ρέπομεν,ῆ
1119 2794 1254 2862 πρὸς
1305 2797 1566 2880 τάναντία
1626 2804 1858 2869 τούτοις.
1904 2782 1982 2861 Td
2026 2812 2129 2877 μέν

562 2871 676 2940 γὰρ
706 2874 811 2927 τῶν
867 2878 1042 2931 ἄλλων
1083 2882 1247 2947 ὀξέως
1288 2871 1536 2957 δρῶμενσ
1576 2893 1712 2961 πρὸς
1739 2894 1796 2947 δὲ
1828 2898 1895 2949 τά
1952 2871 2130 2955 οἰκεῖα

562 2966 711 3055 κακά
744 2965 865 3019 οὔτε
895 2969 1173 3041 ὀφθαλμὸν
1196 2976 1411 3045 ἔχομεν,
1445 2981 1569 3035 οὔτε
1598 2981 1710 3048 οὖς,
1742 2987 1866 3040 οὔτε
1892 2992 2092 3055 γνῶσιν
2112 3007 2126 3022 ⁸

561 3054 690 3156 οὔτε
725 3059 830 3156 μὴὲν
869 3061 1123 3132 ἐθέλομεν
1170 3067 1334 3137 ἔχειν.
1368 3073 1441 3125 Οὐ
1486 3076 1593 3145 μὴν
1622 3078 1757 3131 ἀλλά
1798 3054 1910 3134 καῖ
1941 3085 2127 3156 ἕτερον

561 3148 711 3201 ἐστιν
764 3150 893 3205 ἰδεῖν
940 3155 997 3209 ἐν
1044 3157 1177 3227 ἡμῖν
1225 3162 1529 3233 γινόμενον,
1575 3169 1726 3223 οὐδὲν
1782 3171 2005 3241 ἄμεινον
2033 3148 2124 3229 τοῦ

562 3242 857 3334 προτέρου,
892 3246 939 3299 εί
973 3248 1046 3317 μὴ
1082 3250 1177 3302 καλ¹
1206 3253 1385 3323 πολλῷ
1420 3260 1619 3326 χεῖρον.
1646 3260 1725 3314 Td:
1757 3246 1856 3328 μὲν
1882 3266 1991 3334 γὰρ
2019 3268 2126 3318 τῶν
2156 3249 2199 3309 ίῖ

559 3331 739 3386 ἄλλων
768 3335 1222 3411 πλεονεκτήματα
1248 3343 1323 3408 ὡς
1354 3347 1768 3405 ἐπιτοπλείστον
1800 3355 1922 3410 οὐδὲ
1960 3359 2128 3424 γινώ-

562 3442 789 3515 σκομεν.
834 3429 1010 3483 Πολλά
1059 3432 1126 3498 δ’,
1158 3427 1232 3487 ὧν
1271 3437 1688 3510 ἀφεστήκαμεν,
1716 3445 1824 3515 ὅσῳ
1874 3450 1967 3500 καὶ
2018 3451 2129 3501 τῶν

570 3511 912 3582 Ἡρακλείων
947 3522 1158 3591 στηλῶν
1197 3525 1267 3577 τὰ
1303 3528 1635 3598 ὑπερόόρεια
1672 3511 1835 3601 μέρη,
1872 3536 2005 3605 ἡμῖν
2035 3539 2126 3589 αὐ-

558 3607 673 3668 τοῖς
704 3609 1031 3679 ἀνατίθεμεν
1055 3626 1069 3642 ·
1118 3617 1211 3667 καὶ
1260 3618 1357 3686 τὴν
1405 3621 1579 3689 ὀφρὺν
1607 3623 1683 3685 ὡς
1712 3626 1949 3692 μάλιστα
1990 3630 2122 3683 ἀνα-

561 3698 837 3765 σπῶντες,
905 3708 1127 3772 κρατεῖν
1181 3708 1445 3777 δοκοῦμεν
1498 3715 1591 3765 καὶ
1646 3716 1765 3768 οὐδὲ
1820 3721 1955 3786 μετὰ
2018 3721 2126 3775 τῶν

560 3791 866 3860 ἀνθρώπων
926 3793 1068 3850 εἶναι
1113 3802 1429 3871 νομίζομεν,
1473 3805 1588 3857 ἀλλ’
1618 3810 1675 3861 ἐν
1729 3811 1959 3879 οὐρανοῦ
2020 3830 2123 3867 τινι

564 3881 894 3952 μοίρᾳηκαὶ
938 3888 964 3939 δ
994 3888 1056 3958 δὴ
1088 3892 1363 3959 χείριστον
1410 3895 1653 3959 πάντων,
1709 3900 1878 3967 αὐτὴν
1926 3903 1988 3971 δὴ
2027 3903 2124 3972 τὴν

560 3975 780 4038 κακίαν,
797 3978 890 4045 τὴν
912 3979 966 4029 ἐν
996 3981 1148 4048 ἡμῖν,
1172 3982 1309 4051 ὑπὲρ
1332 3985 1429 4047 τὰς
1462 3987 1568 4038 τῶν
1594 3987 1774 4042 ἄλλων
1797 3992 1926 4054 ἴσως
1951 3994 2125 4065 ὑπάρ-

558 4083 782 4132 χουσαν,
817 4068 1018 4139 ἀρετὴν
1049 4077 1559 4144 προσαγορεύομεν⁸
1602 4079 1695 4131 καί
1727 4096 1828 4131 που
1870 4084 1963 4136 καὶ
2009 4100 2125 4135 πει-

562 4154 787 4222 ρώμεθα
805 4157 1006 4227 ταύτην
1041 4160 1181 4230 ὑπὲρ
1212 4163 1306 4227 τὰς
1340 4166 1445 4217 τῶν
1479 4167 1691 4222 πάντων
1718 4171 2119 4230 ἀποδεικνύναι.

558 4247 635 4296 Οὐ
676 4250 779 4315 μήν
822 4266 884 4314 γε
924 4251 1083 4320 μέχρι
1119 4254 1312 4308 τούτου
1347 4257 1635 4325 ίστὰμεθα,
1669 4261 1802 4315 ἀλλά
1849 4263 1944 4316 καὶ
1987 4267 2120 4334 φθοη

557 4335 761 4403 νοῦμεν
805 4340 915 4401 τοῖς
956 4341 1181 4405 ἀγαθοῖς
1207 4345 1455 4416 ἀνδράσι,
1488 4351 1580 4401 καὶ
1617 4351 1718 4414 τὰς
1743 4353 1965 4409 ἐκείνων
1988 4359 2121 4425 ἀρε-

555 4426 655 4486 τὰς
689 4427 882 4491 κακίας
910 4430 1318 4502 ἀποκαλοῦμεν.
1344 4439 1607 4508 Πρόσεστι
1632 4442 1692 4493 δέ
1730 4459 1779 4494 τι
1813 4446 1905 4496 καὶ
1935 4447 2115 4513 βδελυ-

554 4518 791 4581 κτὺν,τδ
855 4522 987 4590 μηδὲ
1040 4524 1320 4595 ἐρυθριᾷν,
1367 4528 1501 4581 ἀλλά
1557 4531 1649 4581 καὶ¹
1699 4532 1924 4602 ἀναίδην
1978 4533 2120 4588 οὕτω

554 4614 776 4680 χωρεῖν,
827 4613 910 4680 ἐφ’
939 4610 1018 4674 οἷς
1049 4618 1216 4686 ἐχρῆν
1264 4619 1723 4686 ἐγκαλύπτεσθαι,
1755 4623 1943 4693 ῶσπερ
1970 4624 2035 4678 ἂν
2068 4628 2122 4678 εἴ

553 4714 637 4759 τις
690 4698 826 4767 ἀνὴρ
883 4702 1049 4755 ποιῶν
1104 4705 1288 4758 ἐκεῖνα
1355 4711 1805 4779 παρῤησιάζοιτο,
1849 4713 1915 4765 δι’
1945 4709 2021 4769 ὧν
2053 4716 2118 4769 ἂν

556 4788 752 4856 ἔμελλε
774 4793 1289 4862 στεφανωθήσεσθαι
1308 4813 1323 4829 ⁸
1357 4804 1448 4853 καὶ
1472 4803 1729 4871 ἐοίκαμεν
1759 4811 1942 4872 σοφοῖς
1966 4814 2045 4873 είς
2061 4813 2119 4865 τὸ

555 4882 908 4946 κατακρίνειν
937 4884 1063 4960 τοζις
1092 4884 1283 4950 ἄλλους
1309 4904 1322 4917 ·
1364 4891 1430 4942 τά
1485 4892 1541 4943 δὲ
1577 4894 1698 4946 καθ’
1732 4898 1891 4965 ἡμῶν
1940 4901 2119 4952 αὐτῶν

556 4972 837 5038 ἐπιμελῶς
868 4976 1219 5043 πράττοντες,
1257 4981 1511 5051 οὐδαμῶς
1538 4987 1942 5057 αἰσθανόμεθαο
1977 4992 2037 5044 οὗ
2069 4995 2119 5045 τί

555 5061 679 5112 ποτ’
708 5062 773 5114 ἂν
800 5067 980 5134 χεῖρον
1014 5070 1208 5139 φανείη
1230 5071 1426 5134 ;”Οπου
1446 5076 1551 5145 γὰρ
1586 5078 1905 5149 ἀσύμφορόν
1932 5098 1989 5133 τε
2026 5085 2119 5136 καὶ

556 5151 820 5222 βλαϐερὸν
844 5159 899 5207 ὲν
929 5161 1028 5222 ἴσῳ
1061 5164 1131 5213 τά
1155 5164 1313 5232 ήμῶν
1347 5168 1548 5230 αὐτῶν,
1588 5172 1682 5223 καὶ
1718 5173 1784 5224 τὰ
1814 5174 1919 5226 τῶν
1943 5176 2118 5229 ἀλλων

553 5241 930 5336 ἁμαρτήματα
965 5251 1170 5319 κρίνειν
1190 5255 1383 5320 (οὐδεὶς
1401 5258 1507 5328 γὰρ
1530 5257 1639 5313 οἶδε
1663 5262 1730 5315 τὰ
1771 5263 1865 5316 τοῦ
1897 5265 2083 5336 ἐτέρου
2102 5285 2115 5300 ο

552 5334 673 5394 καὶ,
711 5332 970 5402 ἕκαστος
1014 5341 1076 5391 τὸ
1125 5341 1281 5396 τδιον
1306 5350 1553 5414 φορτίον
1597 5351 1948 5423 βαστάσει),
1989 5332 2117 5410 δταν

550 5423 669 5483 τοῖς
690 5424 784 5490 μὲν
806 5426 981 5489 ἄλλοις
1014 5429 1224 5501 βαρέως
1248 5436 1618 5507 ἐπικεὼμεθα,
1643 5442 1740 5494 καὶ
1766 5438 1915 5512 ὦμεν
1940 5448 2118 5517 ἀπαρ-

552 5514 772 5581 αίτητοι
820 5516 1076 5573 δικασταὶ
1122 5525 1295 5593 μικρά
1358 5527 1452 5580 τοῦ
1497 5533 1822 5601 γιγνομένου
1858 5514 2117 5602 παρεξελ-

556 5604 734 5670 θοῦσι,
766 5610 834 5660 τὰ
864 5610 907 5661 δ’
936 5612 1179 5682 ἡμέτερα
1212 5618 1374 5682 κακὰ,
1399 5620 1518 5673 οὐδὲ
1544 5626 1756 5693 φορητά
1777 5627 1935 5696 τυχὸν
1962 5629 2109 5695 ὄντα,

558 5702 1106 5772 μετεγκεντρίζωμεν
1159 5710 1238 5770 είς
1291 5710 1777 5784 πλεονεκτήματα,
1841 5720 1955 5782 πῶς
2018 5723 2114 5791 οὐχ

554 5787 746 5855 ὥσπερ
784 5790 1089 5862 ἐξεπίτηδες
1109 5797 1176 5851 τὰ
1213 5801 1331 5853 καθ’
1366 5804 1517 5873 ἡμῶν
1541 5807 1717 5860 αὐτῶν
1752 5811 2095 5881 πράττομεν;

612 5906 628 5934 ⁸
660 5903 829 5958 Calui.
857 5923 928 5972 Vl,
964 5910 1017 5964 5.

2258 710 2320 747 us
2373 697 2636 764 quispiam
2689 699 2740 752 in
2776 699 2961 754 eadem
2995 701 3249 755 inciderit
3293 697 3441 768 vitia,
3494 711 3545 757 et
3578 704 3817 759 vicissim

2256 786 2541 842 virtutibus
2598 789 2787 843 iisdem
2824 801 2991 846 semel
3025 793 3351 857 exercuerit,
3404 794 3533 860 ipsae
3588 798 3817 853 vlrtutes

2253 877 2506 932 oblivioni
2537 882 2839 944 traduntur,
2864 891 2918 935 et
2960 884 3219 939 adversus
3244 898 3336 939 eos
3361 886 3631 940 sententia
3660 886 3813 952 plena

2206 1028 2209 1031 Α
2251 967 2456 1021 cavillis
2485 967 2774 1035 profertur.
2808 970 2869 1022 Et
2891 972 3016 1037 quid
3040 988 3137 1041 ego
3162 974 3311 1038 plura
3338 974 3460 1029 dico
3485 975 3643 1027 vitia?
3675 974 3813 1027 Nam

2251 1058 2437 1126 siquis
2465 1062 2744 1116 convictus
2803 1061 2963 1114 fuerit
3016 1065 3105 1117 uni
3184 1069 3555 1121 tantummodo
3608 1069 3816 1123 servire

2251 1150 2406 1213 vitio,
2443 1152 2690 1220 quodque
2744 1153 2914 1207 levius
2966 1154 3127 1207 etiam
3161 1170 3281 1211 esse
3328 1157 3596 1220 videatur,
3633 1161 3813 1212 statim

2248 1241 2315 1293 ab
2347 1241 2450 1298 illis
2475 1245 2642 1307 audit,
2672 1244 2831 1299 Miser
2866 1247 2975 1309 ille,
3013 1236 3197 1303 infelix
3254 1248 3361 1309 ille,
3396 1249 3616 1318 aliaque
3655 1251 3813 1319 plura

2246 1331 2403 1399 talia;
2438 1334 2586 1397 item,
2614 1333 2659 1389 Ο
2695 1346 2770 1399 ιιι,
2818 1336 3057 1405 qualium
3094 1353 3218 1392 reus
3254 1339 3647 1407 suppliciorum
3707 1358 3812 1396 non

2244 1425 2470 1492 teipsum
2508 1426 2813 1493 damergis?
2838 1429 3019 1497 itaque
3046 1445 3152 1483 non
3180 1431 3429 1486 desinunt
3464 1433 3612 1499 prius
3646 1448 3806 1500 quam

2242 1518 2606 1583 ostenderint,
2658 1521 2929 1575 hominem
2964 1532 3213 1576 sexcenta
3242 1525 3491 1577 meritmn
3523 1526 3812 1592 supplicia.

2244 1606 2416 1670 Quam
2445 1614 2509 1664 ad
2542 1625 2652 1665 rem
2683 1612 2986 1667 admirabili
3020 1614 3269 1669 facundia
3299 1614 3534 1682 quadam
3562 1626 3808 1676 utuntur:

2244 1715 2363 1753 nam
2398 1702 2512 1756 sive
2544 1703 2757 1771 ignavia
2779 1716 2860 1759 est
2890 1722 3008 1774 qua:
3041 1708 3255 1760 crimini
3284 1707 3460 1770 datur,
3487 1707 3601 1761 sive
3628 1710 3809 1777 Sszii-

2242 1794 2340 1847 ties
2365 1795 2430 1846 ad
2461 1795 2684 1857 bonum,
2732 1799 2809 1850 vel
2839 1800 3052 1865 quidvis
3101 1799 3243 1851 aliud
3287 1816 3610 1869 quocunque
3653 1806 3808 1855 modo

2241 1900 2346 1938 non
2379 1886 2597 1950 bonum,
2639 1889 2864 1942 nimium
2893 1898 3151 1957 quantum
3202 1906 3313 1945 rem
3349 1891 3491 1945 illam
3542 1894 3807 1948 extollunt

2241 1984 2295 2029 et
2314 1976 2678 2043 amplificant;
2725 1994 2841 2046 quae
2886 1966 3011 2034 vero
3035 1990 3160 2035 sunt
3185 1982 3234 2034 in
3261 1982 3340 2036 eis
3363 1983 3612 2046 virtutes,
3644 2001 3805 2053 quam

2243 2067 2324 2118 vis
2344 2067 2628 2121 admodum
2661 2069 2769 2123 sint
2805 2071 3068 2138 acquisitu
3105 2072 3365 2135 difficiles,
3400 2074 3651 2141 quamvis
3710 2090 3802 2128 cas

2242 2158 2486 2213 homines
2516 2162 2727 2228 assequi
2758 2161 2841 2213 vix
2864 2167 3090 2229 possint,
3146 2172 3321 2216 tamen
3374 2164 3589 2220 vitiatas
3620 2167 3673 2220 hi
3708 2182 3804 2221 vo-

2238 2260 2363 2305 cant
2412 2261 2632 2321 propter
2679 2251 2993 2307 vitiositatis
3023 2255 3418 2311 admistionem.
3445 2256 3510 2310 Et
3568 2274 3801 2325 quonam

2238 2342 2325 2397 ille
2355 2354 2509 2410 pacto
2560 2343 2736 2398 malus
2785 2355 2887 2411 est,
2941 2347 2993 2399 in
3042 2358 3334 2415 utramque
3388 2349 3541 2416 quasi
3595 2358 3799 2417 partem

2236 2435 2603 2501 propendens:
2641 2445 2717 2499 tu,
2748 2437 2837 2505 qui
2864 2438 2910 2490 ei
2945 2451 3040 2505 per
3070 2440 3248 2491 omnia
3281 2454 3377 2507 par
3403 2453 3481 2503 es,
3526 2441 3640 2495 sive
3690 2458 3802 2495 vir-

2238 2534 2425 2588 tutem,
2456 2526 2569 2580 sive
2602 2528 2918 2595 pravitatem
2950 2539 3274 2595 spectemus,
3310 2534 3558 2599 egregius
3610 2533 3686 2587 sis
3718 2545 3800 2586 at-

2235 2631 2339 2686 que
2384 2618 2594 2673 bonus?
2638 2618 2745 2672 Alit
2777 2619 2919 2672 enim
2953 2628 3005 2673 et
3040 2620 3156 2689 ipse
3188 2621 3381 2685 bonus,
3423 2624 3513 2691 qui
3543 2610 3800 2678 tui'simi-

2233 2707 2320 2772 iis,
2367 2718 2462 2763 aut
2517 2719 2570 2761 tu
2619 2723 2832 2778 quoque
2880 2710 3051 2764 malus
3095 2712 3409 2766 omnimodo
3453 2714 3544 2783 qui
3602 2717 3697 2769 abs
3747 2728 3799 2769 te

2232 2800 2587 2854 condemnato
2612 2815 2707 2867 par
2730 2815 2809 2855 es.
2842 2800 2982 2866 Quin
3012 2803 3174 2857 etiam
3203 2804 3253 2856 in
3284 2807 3380 2857 hac
3404 2819 3553 2875 parte
3576 2823 3797 2876 supr-ras

2230 2892 2378 2945 illum
2402 2891 2626 2946 alterum
2647 2894 2932 2961 pravitate,
2958 2895 3099 2962 quod
3123 2896 3248 2950 odio
3272 2901 3639 2968 prosequaris,
3671 2917 3793 2955 cum

2234 2983 2348 3051 ipse
2382 2998 2487 3037 non
2540 2985 2613 3038 sis
2655 2985 2726 3039 illi
2762 2986 2910 3048 odio,
2936 2989 3187 3056 quodque
3210 2991 3430 3044 damnes
3485 3008 3576 3046 eos
3605 2995 3694 3061 qui
3729 2995 3796 3046 ti-

2236 3075 2289 3129 bi
2326 3090 2423 3143 par
2456 3089 2552 3143 pro
2591 3076 2703 3140 pari
2741 3091 2843 3130 non
2872 3075 3133 3130 referunt.
3159 3077 3288 3142 Sed,
3325 3079 3399 3132 uti
3438 3080 3666 3140 videtur,
3716 3081 3795 3134 fn-

2229 3166 2385 3220 cilius
2416 3166 2481 3220 ad
2545 3166 2683 3219 mala
2717 3181 2875 3235 quam
2908 3168 3046 3221 bona
3106 3169 3374 3237 proclives
3413 3185 3620 3224 sumus.
3658 3173 3793 3225 Nam

2232 3268 2388 3311 acute
2440 3257 2670 3311 aliorum
2703 3258 2829 3312 vitia
2885 3260 3183 3325 cernimus,
3213 3260 3267 3312 in
3303 3262 3506 3315 nostris
3538 3278 3634 3315 nec
3664 3278 3794 3314 ocu-

2233 3344 2341 3398 lum
2374 3346 2651 3411 habemus,
2678 3360 2779 3400 ncc
2811 3362 3015 3413 aurem,
3050 3362 3148 3401 nec
3175 3349 3334 3403 ullam
3360 3350 3789 3419 intelligentiam,

2232 3448 2294 3488 ac
2331 3449 2398 3487 ne
2435 3436 2649 3503 quidem
2682 3435 2879 3489 habere
2910 3437 3176 3491 volumus.
3241 3439 3351 3491 lino
3393 3441 3572 3493 videre
3612 3452 3694 3493 est
3743 3452 3795 3491 et

2229 3525 2372 3578 aliud
2422 3527 2673 3593 quiddam
2727 3526 2877 3579 nobis
2910 3526 3181 3588 accidere.
3244 3529 3415 3582 nihilo
3481 3530 3668 3583 melius
3706 3531 3793 3583 illo

2229 3619 2427 3685 priore,
2462 3620 2505 3671 si
2532 3635 2634 3670 non
2672 3618 2836 3671 multo
2862 3634 3074 3687 quoque
3098 3620 3336 3675 deterius
3358 3631 3458 3676 est.
3495 3622 3625 3676 Nam
3671 3639 3792 3691 quae

2227 3708 2280 3762 in
2312 3708 2430 3761 aliis
2455 3709 2654 3761 eximia
2712 3719 2857 3772 sunt,
2899 3712 3215 3778 plerumque
3257 3729 3362 3767 non
3410 3717 3787 3782 agnoscimus:

2229 3805 2284 3852 at
2312 3798 2493 3863 multa,
2531 3799 2739 3867 longius
2772 3815 2799 3853 a
2852 3801 3047 3869 quibus
3086 3802 3340 3859 absumus
3369 3819 3529 3871 quam
3563 3821 3589 3857 τι
3624 3810 3791 3876 parti-

2206 3884 2324 3945 bus
2352 3891 2718 3960 Hyperboreis
2752 3891 3024 3948 Herculea:
3049 3894 3331 3961 columnae,
3360 3898 3511 3951 nobis
3545 3900 3645 3966 ipsi
3678 3903 3793 3953 vin-

2227 3982 2490 4041 dicamus.
2521 3983 2770 4052 elatoque
2799 3984 3031 4039 inaxime
3056 3988 3369 4052 supercilio,
3428 4003 3523 4041 nos
3548 3992 3669 4045 aliis
3701 4009 3790 4043 su-

2227 4073 2466 4142 periores
2495 4089 2615 4128 esse
2649 4085 2913 4142 putamus,
2953 4091 3014 4128 ac
3040 4091 3104 4130 ne
3136 4077 3348 4146 quidem
3371 4080 3507 4133 inter
3544 4081 3786 4139 homines

2226 4180 2343 4218 esse
2396 4180 2492 4219 nos
2541 4167 2902 4229 arbitramur,
2949 4168 3040 4221 sed
3105 4169 3417 4236 quadamin
3470 4184 3617 4240 parte
3674 4191 3784 4230 cce-

2224 4256 2256 4309 li
2287 4274 2299 4309 :
2336 4263 2585 4325 quodque
2610 4263 2847 4312 omnimn
2897 4260 3185 4326 pessimum
3215 4271 3315 4327 est,
3337 4266 3504 4330 ipsam
3531 4266 3789 4321 vitiosita-

2224 4364 2329 4403 tem
2361 4367 2477 4419 quae
2505 4352 2558 4403 in
2597 4352 2749 4405 nobis
2783 4362 2884 4413 est,
2912 4353 3218 4407 vincentem
3269 4356 3497 4408 aliorum
3560 4357 3787 4413 fortasse

2224 4443 2377 4505 vitia,
2427 4442 2678 4496 virtutem
2712 4444 3066 4511 appellamus,
3106 4459 3169 4498 ac
3218 4459 3604 4515 nonnunquam
3663 4465 3787 4516 pro-

2225 4534 2353 4587 bare
2379 4548 2637 4588 conamur
2664 4534 2801 4589 hanc
2837 4552 2998 4603 supra
3027 4538 3255 4591 virtutes
3284 4539 3527 4592 omnium
3555 4541 3783 4605 positam

2225 4640 2363 4681 esse.
2399 4624 2475 4679 Ne
2509 4625 2594 4679 hic
2636 4626 2849 4693 quidem
2901 4628 3222 4692 insistimus,
3274 4631 3367 4683 sed
3420 4632 3572 4685 bonis
3622 4634 3783 4685 etiam

2225 4720 2353 4774 viris
2381 4719 2711 4781 invidemus,
2742 4734 3036 4788 eorumque
3064 4721 3353 4776 virtutibus
3392 4726 3603 4778 nomina
3630 4725 3786 4777 vitio-

2226 4827 2342 4864 rum
2378 4812 2625 4864 indimus.
2690 4810 2859 4863 Simul
2897 4812 3261 4865 abominabile
3315 4815 3570 4882 quiddam
3614 4818 3786 4869 admi-

2225 4917 2362 4957 stum
2386 4912 2486 4967 est,
2519 4904 2661 4970 quod
2698 4917 2764 4955 ne
2805 4902 3020 4966 quidem
3054 4904 3458 4967 erubescamus,
3488 4910 3579 4961 sed
3613 4909 3789 4977 impn-

2223 4994 2412 5047 denter
2463 4994 2597 5047 adeo
2644 4992 3051 5061 progrediantur
3104 4993 3155 5046 in
3196 4994 3263 5049 iis
3297 5011 3525 5062 quorum
3563 5014 3660 5051 nos
3692 5015 3787 5067 pu-

2226 5082 2354 5136 dere
2392 5082 2641 5147 debebat,
2675 5082 2828 5149 quasi
2866 5082 2909 5136 si
2946 5082 3213 5151 quispiam
3264 5099 3383 5140 sese
3423 5086 3671 5141 licentius
3695 5103 3788 5156 ge-

2225 5182 2329 5234 rat,
2352 5187 2414 5227 ca
2445 5173 2730 5240 designans
2751 5172 2819 5225 ob
2843 5186 2960 5240 qua:
2982 5187 3235 5226 corona-.n
3267 5176 3338 5229 sit
3365 5178 3781 5243 promeritnrus:

2226 5264 2467 5331 adeoque
2495 5264 2700 5317 similis
2732 5264 3066 5332 sapientibus
3094 5280 3297 5330 sumus,
3341 5266 3393 5319 in
3420 5270 3786 5323 condemnan-

2225 5358 2305 5410 dis
2335 5356 2476 5419 aliis,
2507 5365 2560 5407 at
2594 5356 2802 5407 interim
2829 5369 2933 5407 non
2971 5356 3430 5421 persentiscimus,
3466 5375 3493 5411 a
3545 5362 3697 5415 nobis
3717 5379 3782 5417 ea

2216 5448 2456 5501 studiose
2491 5447 2600 5499 fieri
2633 5460 2749 5513 quae
2785 5455 2971 5498 contra
3029 5461 3126 5498 nos
3157 5448 3302 5513 ipsos
3334 5449 3463 5503 sint.
3503 5451 3618 5514 Quo
3650 5468 3783 5507 sano

2214 5540 2340 5606 quid
2369 5537 2534 5590 videri
2574 5536 2813 5589 deterius
2867 5536 3076 5601 possit?
3107 5537 3240 5592 Nam
3291 5554 3411 5593 cmn
3461 5543 3653 5595 malum
3710 5550 3781 5601 sit

2217 5641 2379 5697 atque
2410 5628 2668 5690 «noxium,
2707 5638 2889 5680 nostra
2923 5637 2977 5679 et
3005 5627 3234 5681 aliorum
3269 5642 3487 5697 peccata
3522 5637 3668 5701 paria
3701 5638 3780 5689 [ει--

2212 5735 2333 5774 rere
2357 5721 2500 5787 (nam
2542 5720 2714 5772 aliena
2749 5732 2905 5772 nemo
2934 5720 3080 5773 novit
3110 5736 3124 5782 ;
3161 5720 3312 5785 item,
3350 5721 3496 5777 Onus
3551 5727 3770 5793 quisque

2208 5829 2354 5865 suum
2388 5811 2684 5879 portabit’),
2711 5813 2921 5880 quoties
2947 5813 3065 5866 aliis
3096 5828 3283 5880 graves
3305 5832 3580 5881 sunms,rt
3614 5818 3768 5874 inex-
