4748 6512
557 468 665 528 505

1954 478 2233 538 ORATIO
2276 478 2372 540 VI.

3684 470 3789 538 506

557 577 882 639 ποιοῦντας,
935 579 1011 648 μή
1064 580 1197 633 πολὺ
1250 584 1347 649 τῆς
1398 583 1657 654 ἀληθείας
1709 586 2113 658 διαμαρτάνειν.
2150 598 2192 650 Α
2224 593 2381 653 u‘tate
2414 606 2432 639 t

1918 590 2113 641 τάνειν.
2150 598 2192 650 Α
2224 593 2381 653 (tate
2414 603 2513 642 non
2568 586 2749 654 procul
2786 586 3181 640 aberraremus.
3225 583 3332 640 Nos
3388 598 3517 640 vero
3569 597 3786 639 contra-

568 666 709 718 Ἀλλ’
734 670 897 737 ἡμεῖς
929 687 990 737 γε
1021 670 1350 745 τούναντίον.
1388 676 1509 727 Ἐπὶ
1544 678 1652 748 γὰρ
1683 678 1791 729 τῶν
1822 678 2117 748 ἀλλοτρίων

555 756 991 829 ὀξυδορκοῠμεν,
1040 764 1133 817 ἰπὶ
1180 763 1238 815 δὲ
1284 764 1389 816 τῶν
1440 768 1724 837 ἡμετέρων
1774 768 1961 822 κακῶν
2012 771 2116 839 ἀμ-

555 848 922 921 6λυώττομεν.
957 856 1019 907 Οί
1050 857 1158 922 γὰρ
1190 855 1371 909 πολλοὶ
1401 856 1508 909 τῶν
1535 858 1858 928 ἀνθρώπων,
1890 863 2052 927 φησλν
2082 865 2112 929 ἡ

553 941 736 1010 χρυσῆ
763 942 999 1006 Γλῶττα,
1023 944 1133 1007 τῶν
1163 945 1261 1015 μὲν
1290 947 1433 999 ίδίων
1459 949 1871 1019 ἁμαρτημάτων
1899 954 2116 1019 συνήγο⁸

555 1048 642 1098 ροι
678 1034 958 1102 γίνονται,
993 1037 1102 1087 τῶν
1137 1037 1182 1090 δ’
1202 1036 1497 1107 ἀλλοτρίων
1530 1042 1848 1110 κατήγοροι.
1884 1043 1994 1095 Καὶ
2029 1043 2116 1095 διὰ

553 1121 713 1171 τοῦτο
728 1122 796 1173 ἐν
819 1124 963 1191 ἡμῖν
978 1127 1197 1178 πολλοὶ
1220 1127 1521 1191 ἀσθενεῖς,
1544 1130 1642 1182 καί
1673 1131 1988 1197 ᾶρῤωστοι,
2017 1133 2115 1187 καὶ

555 1212 872 1292 κοιμῶνται
895 1216 1114 1277 ἱκανοί,
1135 1217 1204 1278 ὡς
1235 1218 1267 1284 ἡ
1293 1217 1386 1269 τοῦ
1406 1219 1620 1272 Παύλου
1641 1222 1789 1292 φωνή
1810 1238 1824 1252 ·
1853 1221 1909 1285 ὃς
1933 1223 1995 1290 δὴ
2025 1225 2118 1275 καὶ

554 1299 715 1353 τοῦτὸ
746 1288 911 1372 φησιν
941 1305 1273 1376 ὑψηλότερόν
1305 1296 1357 1360 τί
1389 1288 1815 1375 κατασκευάζων
1838 1327 1852 1341 ⁸
1887 1316 1955 1365 El
1983 1288 2115 1367 ἐαυ-

556 1391 700 1453 τοὺς
724 1391 1114 1461 διεκρίνομεν,
1139 1398 1250 1450 οὐκ
1276 1398 1352 1451 ἂν
1374 1398 1745 1467 ἐκρινόμεθα.
1773 1405 2117 1471 Κρινόμενοι

556 1480 624 1533 δὲ
654 1483 771 1536 ὑπὸ
799 1483 904 1537 τοῦ
934 1486 1174 1553 Κυρίου,
1205 1488 1624 1557 παιδευόμεθα,
1654 1494 1752 1545 ἵνα
1778 1492 1862 1561 μὴ
1893 1495 2013 1547 σὺν
2041 1496 2118 1560 τῷ

556 1574 763 1641 κόσμῳ
791 1576 1252 1646 κατακριθῶμεν.
1292 1580 1487 1650 Ὁρᾷς,
1518 1585 1714 1637 ὁπόσον
1744 1586 1942 1652 ἀγαθόν
1972 1588 2119 1639 ἐστιν
2149 1644 2157 1660 ,

559 1667 591 1732 ἡ
637 1667 1017 1734 αὑτομεμψία;
1064 1671 1168 1723 Τὸν
1214 1674 1516 1740 καταδίκης
1559 1675 1706 1740 ἄξιον
1748 1677 1924 1739 αἰτίας
1969 1680 2119 1731 ἐλευ-

559 1755 723 1823 θεροῖ.
763 1759 844 1809 Οὐ
874 1760 982 1825 γὰρ
1013 1760 1089 1813 ἂν
1115 1761 1486 1831 ἐκρινόμεθα,
1518 1768 1671 1836 φησί.

628 1845 720 1916 Μὴ
751 1849 961 1916 τοίνυν,
994 1846 1037 1903 ὦ
1067 1853 1288 1920 φίλτατε
1320 1857 1477 1927 (πρὶς
1512 1860 1568 1911 σὲ
1599 1860 1707 1930 γὰρ
1738 1856 1891 1925 αὖθις
1920 1864 2122 1914 ἐπανα-

2224 683 2359 734 rium
2404 682 2701 748 sequimur.
2734 678 2866 732 Nam
2912 680 2966 731 in
3000 678 3190 731 alienis
3218 687 3431 732 acutum
3483 678 3780 739 cernimus,

2225 774 2291 823 ad
2326 784 2504 826 nostra
2562 772 2693 825 vitia
2728 772 3063 825 caecutimus.
3100 768 3311 823 Etenim
3366 768 3606 838 plerique
3644 782 3786 819 mor-

2221 864 2373 926 tales,
2405 862 2572 930 inquit
2602 876 2762 913 aurea
2798 861 2945 915 ichc
2995 862 3069 930 (Ι)
3102 861 3304 926 lingua,
3350 874 3570 913 suorum
3600 873 3787 927 pecca-

2224 965 2398 1009 torum
2430 956 2663 1023 patroni.
2695 954 2995 1007 alienorum
3027 961 3374 1007 accusatores
3407 951 3561 1014 ﬁunt,
3614 963 3787 1014 eaque

2222 1054 2443 1113 propter
2474 1044 2628 1096 multi
2658 1053 2778 1097 sunt
2810 1044 2945 1094 inter
2970 1058 3061 1094 nos
3108 1042 3307 1108 inﬁrmi
3331 1049 3380 1094 et
3426 1042 3636 1109 a'groti,
3671 1039 3790 1107 plu-

2223 1153 2401 1204 resque
2453 1136 2707 1193 consoniti
2771 1134 3058 1195 dormiunt,
3092 1132 3166 1185 uti
3220 1130 3417 1185 Paulus
3478 1131 3636 1195 ait';
3694 1130 3785 1197 qui

2220 1229 2433 1297 quidem
2462 1236 2515 1281 et
2540 1228 2639 1280 hoc
2666 1226 2885 1293 adjecit,
2911 1223 3197 1278 sublimius
3223 1223 3473 1293 quiddam
3501 1228 3786 1285 astruens:

2221 1318 2283 1373 Si
2313 1336 2402 1372 nos
2434 1320 2571 1386 ipsos
2604 1317 3036 1385 dijudicaremus,
3072 1330 3173 1367 non
3195 1313 3589 1382 judicaremur.
3653 1309 3785 1363 Cum

2221 1418 2395 1461 autem
2415 1407 2719 1474 judicamur
2748 1422 2781 1457 a
2806 1406 3045 1469 Domino,
3073 1405 3393 1470 castigamur
3417 1403 3471 1455 in
3494 1418 3609 1455 eum
3633 1402 3790 1471 ﬁnem

2224 1516 2286 1553 ne
2340 1515 2456 1551 cum
2516 1499 2712 1551 mundo
2760 1498 3235 1551 condemnemur'.
3298 1495 3488 1549 Viden‘
3526 1502 3787 1563 quantum

2218 1583 2423 1643 bonum
2469 1590 2539 1642 sit
2590 1588 2673 1643 sui
2730 1589 2899 1655 ipsius
2954 1586 3267 1640 accusatio?
3328 1583 3790 1639 condemnationis

2225 1699 2376 1738 reum
2408 1684 2559 1753 culpa
2598 1684 2809 1737 liberat.
2846 1682 2967 1735 Non
2993 1684 3129 1736 enim
3162 1683 3542 1751 iudicaremur,
3586 1680 3682 1733 ait.

2297 1861 2412 1917 Non
2446 1875 2593 1928 ergo,
2636 1862 2705 1914 mi
2763 1859 3083 1915 charissime
3118 1860 3260 1927 (nam
3297 1857 3361 1910 ad
3393 1865 3443 1911 te
3495 1858 3654 1910 modo
3703 1870 3789 1911 re—

560 1937 821 2005 στρέφω),
855 1940 906 1991 εί
926 1940 1002 2011 τῲ
1026 1960 1078 1993 τι
1106 1944 1413 2013 πέπρακται
1440 1949 1548 2000 τῶν
1573 1951 1777 2015 κακῶν,
1809 1954 2125 2022 πολυπραγ-
2158 1930 2197 1987 Β
2228 1951 2430 2019 vertor)

1914 1971 2125 2022 υπραγ-
2158 1930 2197 1987 Β
2228 1951 2471 2019 vertor),
2510 1953 2725 2005 curiose
2764 1950 3187 2018 pervestigemus
3221 1962 3287 2000 an
3323 1948 3449 2014 quid
3486 1947 3554 2000 ab
3608 1947 3788 2016 aliquo

561 2029 833 2098 μονῶμεν,
859 2032 1047 2103 ὥσπερ
1072 2037 1125 2086 αἱ
1154 2037 1221 2088 τά
1251 2038 1415 2105 θηρία
1446 2041 1826 2110 ρινηλατοῦσαι
1853 2045 2120 2096 Λάκαιναι
2173 2048 2177 2053 ⁷

560 2122 720 2181 κύνες
767 2123 1005 2193 (εῠρινας
1050 2127 1253 2191 ταύτας
1298 2127 1450 2185 εἷπεν
1496 2132 1560 2185 ἂν
1604 2135 1939 2204 Σοφοκλῆς),
1995 2136 2121 2204 μήθ’

557 2210 707 2277 ἡμᾶς
741 2214 933 2275 αὐτοὺς
970 2215 1266 2285 δικαιῶμεν
1291 2260 1303 2282 ,
1339 2222 1515 2291 ὀρθῶς
1551 2224 1833 2286 δοκοῦντες
1869 2225 2118 2295 βεϐιωκέ-

558 2317 647 2351 ναι
673 2318 689 2333 ο
732 2303 816 2355 ἵνα
859 2306 934 2373 μὴ
980 2312 1078 2359 σὺν
1116 2309 1193 2377 τῷ
1238 2312 1426 2383 κόσμῳ
1470 2316 1909 2384 κατακριθῶμεν,
1951 2319 1981 2387 ἢ
2022 2317 2121 2385 τῆς

561 2394 760 2461 ῥάϐδου
793 2398 1141 2466 πειραθῶμεν
1173 2402 1264 2454 τοῦ
1299 2404 1435 2456 Θεοῦ
1458 2447 1471 2470 ,
1504 2410 1701 2459 ὁπόταν
1730 2410 1793 2475 δὴ
1825 2413 1915 2461 καὶ
1945 2410 2120 2477 τύχω-

563 2500 664 2550 μεν
695 2485 1087 2554 εὐμενεστάτης
1116 2491 1216 2561 τῆς
1249 2494 1397 2555 θείας
1428 2496 1603 2566 δίκης.
1636 2500 1765 2550 Τότε
1796 2502 1903 2568 γὰρ
1931 2501 2120 2570 ῶσπερ

562 2574 734 2625 υἱέσιν
766 2576 792 2626 6
820 2577 962 2639 -Θεὸς
994 2581 1106 2641 τοῖς
1146 2582 1520 2651 ἁμαρτάνουσι
1559 2588 1792 2656 χρῆται,
1829 2593 1956 2642 ὅταν
1998 2609 2120 2643 παι-

558 2664 752 2736 δευτὴς
780 2672 938 2734 αὐτὸς
968 2673 1229 2737 τοιούτοις
1265 2677 1537 2748 γίγνηται.
1566 2681 1744 2733 Καλὸν
1777 2681 1877 2750 μὲν
1905 2681 1997 2733 οὖν
2028 2700 2122 2735 τῖε⁶

560 2758 1020 2832 πλημμεληκὸτας
1049 2766 1140 2819 τοῦ
1166 2768 1271 2839 τῆς
1296 2772 1544 2833 παιδείας
1572 2776 1755 2842 τυχεῖν
1783 2776 2079 2846 φαρμάκου
2104 2793 2115 2806 ’

559 2850 780 2917 ἄριστον
825 2854 879 2907 δὲ
929 2856 1003 2925 μὴ
1053 2858 1409 2925 πταίσαντας,
1455 2863 1664 2914 ἐκείνου
1719 2866 1792 2933 μὴ
1841 2866 2116 2934 δεηθῆναι.

561 2941 673 2994 Καὶ
711 2943 797 2996 διὰ
830 2945 1000 2999 ταῦτα
1038 2948 1203 3002 καλὸν
1237 2953 1381 3021 ἡμᾶς
1420 2956 1549 3021 ἡμῖν
1582 2956 1765 3017 αὐτοῖς
1806 2960 1897 3008 καὶ
1940 2958 2119 3025 μόνοις

490 3072 493 3073 ν
560 3037 852 3105 προσέχειν
872 3077 887 3101 ,
916 3041 990 3101 ὡς
1021 3042 1053 3110 ἡ
1086 3042 1276 3111 Γραφὴ
1308 3048 1602 3113 παραινεῖ,
1631 3049 1724 3097 καὶ
1758 3046 1834 3117 μὴ
1866 3050 2123 3120 πλημμε-

559 3125 795 3191 λούντων
823 3130 927 3182 τῶν
954 3130 1199 3199 ἀδελφῶν
1225 3135 1654 3202 κατεπαίρεσθαι
1675 3153 1691 3169 ⁸
1720 3138 1795 3209 μὴ
1822 3139 1885 3207 δὴ
1912 3141 2121 3213 κάρφος

557 3217 774 3286 ὁρῶμεν
806 3222 862 3273 ἐν
891 3224 1001 3285 τοῖς
1027 3222 1132 3275 τῶν
1164 3224 1332 3287 πέλας
1364 3226 1664 3295 ὀφθαλμοῖς
1685 3268 1701 3292 ,
1731 3232 1987 3300 φέροντες
2016 3235 2114 3303 τὴν
2145 3261 2186 3319 c

558 3312 715 3365 δοκὸν
747 3315 806 3367 ὲν
834 3319 942 3378 τοῖς
979 3319 1269 3386 ἡμετέροις
1292 3336 1307 3351 ο
1347 3322 1546 3388 μᾶλλον
1577 3324 1633 3381 δὲ
1666 3326 1785 3379 οὐδὲ
1816 3327 1875 3381 τὸ
1908 3330 2119 3398 κάρφος

556 3398 673 3456 οἷόν
708 3422 766 3457 τε
809 3405 1026 3475 βλέπειν
1066 3412 1181 3462 ἐστὶ
1226 3412 1569 3480 προσθοῦσαν
1612 3408 1838 3486 ἔχοντας
1880 3424 1988 3483 τοῖς
2030 3424 2121 3489 ὀφ-

560 3495 791 3564 θαλμοῖς
821 3498 917 3571 τῂν
948 3501 1123 3554 δοκόν.
1160 3502 1340 3572 Χωρὶς
1374 3504 1431 3557 δὲ
1462 3506 1668 3570 τούτων
1704 3511 1896 3580 κριτὴς
1931 3514 1958 3565 6
1992 3515 2121 3567 πλά-

560 3604 661 3650 σας
684 3630 697 3651 ,
730 3590 827 3657 οὐχ
856 3584 1058 3659 ἡμεῖς’
1094 3595 1188 3646 καὶ
1221 3600 1411 3665 καιρὸς
1439 3603 1535 3669 τῆς
1567 3601 1801 3671 κρίσεως
1833 3604 1929 3671 οὐχ
1959 3605 1987 3655 6
2019 3622 2120 3657 πα-

559 3677 690 3745 ρὼν,
715 3678 873 3732 ἁλλ’δ
899 3680 1126 3749 μέλλων.
1152 3684 1243 3751 Μὴ
1269 3688 1399 3753 γοῦν
1422 3689 1738 3757 τάλλότριον
1758 3690 2117 3763 ἁρπάζωμεν,

559 3770 765 3839 μᾶλλον
797 3771 854 3823 δὲ
889 3773 945 3824 τὸ
975 3773 1068 3825 τοῦ
1110 3773 1244 3828 Θεοῦ
1266 3816 1281 3843 ,
1315 3782 1363 3830 εἰ
1410 3779 1638 3849 θέλομεν
1669 3782 1812 3851 ἔχειν
1846 3783 1906 3835 τὸ
1952 3784 2081 3839 ἴδιον
2103 3802 2119 3816 ·

559 3863 698 3930 μηδὲ
730 3865 836 3932 πρὸ
863 3865 956 3917 τοῦ
982 3867 1170 3931 τέλους
1196 3869 1320 3931 τούς
1348 3888 1411 3939 γε
1439 3872 1724 3935 δοκοῦντας
1753 3872 1891 3928 εἶναι
1919 3878 2122 3941 κακοὺς

554 3955 969 4024 ταλανίζωμεν,
1022 3960 1170 4027 ἡμᾶς
1217 3960 1487 4025 δἀὺτοὺς
1541 3965 1964 4036 μακαρίζωμεν,
2020 3969 2122 4021 κᾶν

552 4039 708 4114 ὦμεν
734 4048 820 4117 ἐφ’
844 4042 925 4111 οἷς
951 4050 1001 4101 oi
1034 4051 1318 4123 partcime
1347 4052 1492 4117 Ἕως
1519 4055 1627 4125 γάρ
1658 4057 1723 4108 ἄν
1749 4075 1833 4120 τις
1863 4057 1998 4129 ζῴη,
2026 4061 2122 4114 οὐκ

552 4134 698 4189 οἶδεν
718 4139 824 4210 ὅπη
848 4139 1067 4209 λήξεται
1086 4142 1154 4195 τὰ
1178 4145 1295 4196 κατ’
1312 4145 1496 4199 αὐτόν.
1512 4146 1570 4200 Ὀ
1592 4148 1648 4200 δὲ
1673 4150 1943 4218 μακάριος
1963 4152 2118 4223 ἀνὴρ,

552 4231 656 4283 οὐκ
684 4231 747 4283 ὲκ
771 4232 870 4302 τῆς
898 4233 1094 4306 ἀρχῆς,
1121 4236 1229 4290 οὐδ’
1256 4238 1363 4291 ἀπὸ
1390 4239 1497 4293 τῶν
1525 4241 1723 4309 μέσων,
1751 4242 1865 4295 ἀλλ’
1890 4246 2001 4299 ἀπὸ
2025 4248 2119 4299 τοῦ

551 4324 656 4390 τὴν
683 4323 799 4375 666v
823 4324 1001 4387 καλῶς
1026 4326 1275 4381 διανῦσαι
1304 4332 1648 4385 καθίσταται.
1682 4334 2121 4391 Πολυπλασιάσω

551 4414 647 4465 τὸν
687 4412 878 4480 λόγον,
916 4417 1050 4469 πολὺ
1091 4418 1152 4471 τὸ
1192 4421 1362 4483 πάθος
1404 4424 1637 4492 κρατοῦν
1676 4427 1837 4494 ὁρῶν.
1880 4429 1973 4479 Δεῖ
2014 4430 2121 4498 γὰρ

551 4506 972 4573 καρτερώτερον
1002 4507 1366 4577 διαμάχεσθαι
1396 4514 1506 4573 τοῖς
1536 4513 1643 4566 τῶν
1673 4514 1939 4584 ἐχθίστων
1972 4520 2119 4587 ἰσχυ-

554 4594 822 4662 ροτέροις.
851 4595 913 4648 Οἳ
942 4596 1050 4667 γὰρ
1076 4598 1142 4651 τὰ
1170 4602 1346 4654 οἰκεῖα
1380 4604 1479 4655 οὐκ
1510 4604 1688 4671 ἴσμεν,
1724 4605 1817 4658 καὶ
1845 4606 2023 4677 πολλῷ
2052 4586 2116 4674 γε
2153 4586 2195 4638 D

554 4685 764 4753 μᾶλλον
791 4689 856 4740 τά
885 4688 994 4741 τῶν
1023 4688 1223 4761 ἑτέρων
1251 4695 1417 4761 ἡμετς
1449 4694 1541 4747 καὶ
1573 4698 1995 4767 κατακρίνομεν,
2027 4701 2117 4753 καὶ

551 4777 1042 4846 ἀπογινώσκομεν,
1078 4785 1169 4833 καὶ
1209 4783 1447 4852 εὐχερῶς
1492 4785 1762 4854 μισοῦμεν
1792 4790 1917 4850 τοὺς
1959 4791 2114 4841 ἀδελ·-

550 4873 710 4936 φοὺς,
762 4870 981 4922 ἐπειδὰν
1032 4872 1343 4943 ἁμάρτωσι,
1396 4880 1578 4943 χεῖρον
1627 4880 1805 4931 αὐτῶν
1858 4883 2114 4942 πολλάκι;

548 4961 909 5025 διακείμενοι.
947 4962 1007 5016 Ὀ
1034 4964 1091 5014 δὲ
1119 4965 1247 5025 θεὸς
1277 4967 1470 5029 αὐτοὺς
1498 4970 1557 5020 οὺ
1590 4973 1757 5037 μισεῖ.
1790 4972 1908 5023 Κᾶν
1940 4974 2116 5024 πᾶσάν

546 5072 633 5115 τις
663 5055 762 5121 τὴν
790 5054 1062 5124 ἁμαρτίαν
1090 5058 1402 5130 ὑπερελάσῃ
1429 5061 1535 5113 τῶν
1560 5064 1777 5115 πώποτε
1806 5070 2114 5134 γεγενημέα

546 5163 660 5198 νων
706 5145 1030 5215 ἀνθρώπων,
1076 5149 1369 5218 προσθήσω
1411 5152 1456 5203 δ’
1482 5152 1561 5204 ὅτι
1608 5154 1701 5204 καὶ
1744 5156 1961 5207 πάντων
2003 5158 2112 5208 τῶν

546 5237 682 5305 ἄχρι
709 5236 891 5299 τέλους
919 5233 1323 5309 γενησομένων,
1351 5242 1449 5293 οὐκ
1480 5242 1592 5294 ἐσθ’
1611 5245 1757 5305 ὅπως
1788 5246 2113 5315 μισούμενον

544 5328 748 5396 ἐκείνῳ
785 5331 1014 5395 γένοιτο.
1053 5332 1142 5383 Ἐν
1176 5335 1283 5401 γὰρ
1313 5332 1391 5400 τῷ
1423 5335 1530 5387 τῶν
1564 5336 1703 5388 ὅλων
1734 5338 1853 5407 Θεῷ
1874 5377 1887 5401 ,
1924 5340 2113 5411 πόρρω

547 5436 659 5471 που
690 5417 873 5471 παθῶν
900 5422 1151 5490 ἑστηκότι
1183 5424 1396 5477 πάντων
1424 5426 1570 5495 ἑξῆς,
1597 5429 1715 5490 πῶς
1742 5428 1806 5480 ἂν
1835 5432 1991 5498 μῖσος
2023 5430 2113 5482 εὖ-

550 5529 636 5577 ροι
666 5526 772 5577 τις,
799 5512 826 5563 ὃ
853 5512 915 5582 δὴ
944 5516 1231 5582 κράτιστόν
1259 5518 1407 5569 ἐστιν
1436 5520 1492 5569 ὲν
1518 5522 1629 5582 τοῖς
1654 5520 1760 5573 τῶν
1786 5521 1972 5573 παθῶν
2003 5524 2113 5591 χεί-

553 5618 716 5672 ροσι;
756 5603 1054 5674 Σκοπῶμεν
1092 5608 1148 5659 δὲ
1180 5610 1286 5667 καὶ
1333 5612 1545 5681 φυσικῷ
1582 5630 1685 5666 τινι
1725 5615 1880 5667 τοῦτο
1941 5616 2106 5687 λόγῳ.

670 5741 867 5795 ‘lCor
894 5758 970 5811 ιι,
1007 5742 1095 5799 so.
1170 5744 1345 5800 'ibid.
1418 5746 1438 5777 ι
1469 5747 1630 5810 1,52.

629 5860 709 5934 (1)
738 5862 848 5919 lloc
872 5866 1419 5938 est,Chrysostomus.

2224 2046 2350 2099 mali
2390 2045 2589 2099 factum
2618 2044 2708 2105 sit,
2762 2042 3149 2096 Laconicarum
3194 2054 3386 2095 cauum
3449 2039 3636 2105 instar,
3669 2054 3789 2108 quae

2223 2136 2434 2189 narium
2466 2134 2693 2188 odoratu
2734 2132 2874 2185 feras
2910 2132 3187 2201 indaganl,
3238 2140 3292 2185 ct
3326 2130 3535 2201 sagacis
3588 2130 3790 2184 idcirco

2224 2228 2373 2281 naris
2426 2242 2455 2279 a
2522 2224 2790 2293 Sophocle
2844 2224 3222 2292 appellantur;
3258 2238 3431 2289 neque
3490 2236 3587 2275 nos
3643 2223 3788 2290 ipsos

2222 2336 2319 2388 pro
2347 2320 2508 2392 justis
2563 2320 2875 2382 habeamus,
2909 2331 3042 2386 quos
3076 2326 3221 2370 recte
3273 2316 3469 2369 vixisse
3520 2324 3787 2392 putemus,

2224 2429 2290 2466 ne
2345 2428 2467 2465 cum
2516 2411 2713 2465 mundo
2757 2410 3222 2471 condemnemur,
3280 2416 3371 2459 aut
3433 2406 3519 2459 Dei
3580 2386 3788 2470 viréam

2225 2485 2597 2571 eiperiamur,
2633 2503 2675 2554 si
2707 2501 2943 2555 maxime
2987 2500 3118 2552 mite
3173 2497 3494 2566 supplicium
3531 2496 3791 2549 divinitus

2224 2593 2596 2660 impetremus.
2634 2592 2785 2645 Tunc
2812 2590 2956 2645 enim
3022 2590 3159 2643 Deus
3207 2603 3333 2656 erga
3380 2595 3669 2656 peccantes
3700 2601 3791 2639 ve-

2224 2684 2298 2737 uti
2348 2683 2485 2738 ﬁlios
2528 2697 2650 2737 sese
2690 2682 2869 2752 gerit,
2916 2696 3036 2734 cum
3071 2679 3297 2749 ipsemet
3354 2677 3695 2747 castigatoris
3734 2678 3789 2730 in

2221 2790 2315 2829 eos
2356 2790 2577 2828 munere
2612 2772 2875 2843 fungitur.
2936 2774 3125 2843 Itaque
3180 2772 3378 2825 bonum
3434 2778 3517 2824 est
3550 2769 3668 2822 illos
3697 2768 3787 2836 qui

2221 2866 2582 2934 deliquerunt,
2609 2866 2984 2934 castigationis
3016 2864 3339 2918 medicinam
3371 2860 3653 2930 consequi,
3694 2864 3789 2915 sed

2220 2957 2502 3023 Optimum,
2540 2971 2643 3009 non
2700 2956 2879 3024 lapsos
2931 2955 3018 3008 illa
3077 2969 3181 3009 non
3240 2952 3524 3024 indigere;
3587 2967 3789 3021 eaque-

2221 3059 2441 3118 propter
2473 3049 2690 3118 expedit
2723 3049 2777 3102 in
2810 3058 3022 3101 nosmet
3057 3049 3201 3115 ipsos
3238 3047 3500 3100 duntaxat
3550 3054 3791 3099 attentos

2222 3156 2318 3195 nos
2353 3154 2494 3205 esse,
2526 3140 2973 3208 quemadmodum
3013 3138 3226 3192 Littera:
3256 3152 3426 3192 sacra?
3481 3137 3787 3200 hortantur,

2222 3249 2320 3287 nec
2345 3234 2607 3287 adversus
2660 3232 2852 3286 fratres
2906 3231 3279 3300 delinquentes
3306 3229 3506 3295 cﬁ‘crri,
3541 3242 3605 3281 ne
3625 3227 3792 3281 festu-

2225 3339 2341 3378 cam
2396 3326 2448 3377 in
2482 3324 2653 3378 oculis
2691 3325 3060 3394 proximorum
3088 3339 3395 3388 cernamus,
3428 3339 3547 3376 cum
3583 3324 3788 3375 trabem

2227 3415 2279 3468 in
2327 3414 2525 3469 nostris
2591 3415 2688 3483 ipsi
2725 3424 3037 3484 gestemus:
3096 3414 3175 3468 vel
3209 3414 3389 3479 potius
3424 3427 3488 3464 ne
3522 3398 3787 3465 festucam

2224 3505 2443 3574 quidem
2472 3519 2697 3560 cernere
2726 3520 3036 3575 possumus,
3071 3504 3200 3558 dum
3232 3505 3437 3558 trabem
3490 3503 3788 3556 luminibus

2225 3598 2504 3651 oculorum
2537 3598 2855 3651 ofﬁcientem
2907 3598 3168 3666 gerimus.
3228 3596 3431 3650 Praeter
3489 3596 3603 3649 haec
3661 3610 3788 3649 vero

2220 3689 2381 3759 iudex
2405 3699 2491 3745 est
2525 3691 2569 3743 is
2601 3691 2690 3759 qui
2720 3689 2988 3753 condidit,
3016 3704 3120 3743 non
3147 3703 3279 3755 nos;
3354 3697 3407 3741 et
3429 3687 3620 3755 judicii
3659 3698 3791 3740 tem-

2226 3797 2345 3850 pus,
2382 3797 2485 3834 non
2520 3782 2620 3835 hoc
2654 3795 2910 3851 praiseus,
2943 3780 3037 3834 sed
3074 3780 3335 3834 futurum.
3368 3778 3618 3832 Alienum
3664 3792 3790 3848 ergo

2226 3886 2293 3925 ne
2325 3872 2622 3938 rapiamus,
2686 3871 2769 3923 vel
2826 3872 2967 3940 quod
3029 3871 3198 3939 ipsius
3250 3868 3342 3922 Dei
3401 3870 3580 3938 potius
3609 3877 3713 3931 est,
3741 3873 3787 3923 si

2222 3963 2438 4030 quidem
2470 3962 2714 4016 obtinere
2739 3964 2878 4031 quod
2911 3972 3156 4016 nostrum
3187 3971 3293 4025 est,
3345 3961 3627 4037 volumus;
3686 3976 3791 4023 ure

2223 4070 2316 4108 eos
2374 4056 2467 4125 qui
2501 4069 2621 4109 esse
2670 4056 2795 4108 mali
2832 4056 3097 4119 videntur,
3151 4064 3274 4107 ante
3313 4055 3471 4108 ﬁnem
3522 4055 3645 4108 vita:
3691 4069 3789 4123 pro

2227 4149 2440 4200 miseris
2470 4147 2781 4209 habeamus,
2813 4161 2914 4200 nos
2968 4146 3115 4214 ipsos
3175 4145 3390 4198 interim
3454 4146 3641 4198 beatos
3690 4145 3789 4199 du-

2224 4251 2432 4304 centes,
2463 4238 2586 4292 licet
2616 4238 2889 4291 beatorum
2950 4238 3072 4291 loco
3125 4253 3212 4291 res
3243 4248 3445 4292 nostra:
3494 4239 3610 4290 sila:
3658 4238 3783 4291 sint.

2225 4328 2397 4394 Quam
2428 4332 2569 4383 enim
2602 4329 2692 4383 diu
2722 4330 2848 4398 quis
2878 4330 3028 4395 vivit,
3054 4343 3211 4396 quem
3245 4343 3332 4382 res
3384 4327 3554 4395 ipsius
3581 4329 3785 4380 exitum

2225 4423 2334 4474 sint
2369 4420 2631 4475 habitum
2690 4421 2885 4475 nescit.
2940 4418 3126 4473 Virum
3157 4433 3286 4472 vero
3338 4420 3549 4472 beatum
3584 4432 3691 4471 non
3722 4432 3784 4474 ex

2228 4513 2491 4580 principio
2528 4528 2625 4567 nec
2660 4512 2729 4565 de
2759 4512 2968 4576 mediis,
3002 4512 3095 4565 sed
3150 4526 3212 4565 ex
3242 4510 3437 4563 itinere
3489 4518 3599 4561 toto
3638 4516 3785 4561 recte

2224 4603 2470 4660 confecto
2499 4615 2552 4660 et
2576 4606 2847 4669 absoluto,
2900 4604 3294 4658 constituimus.
3350 4600 3523 4654 Lubet
3556 4601 3629 4653 ttti
3660 4614 3786 4655 ora.

2225 4697 2369 4750 tione
2403 4696 2717 4762 Prolixiorc,
2748 4712 2871 4749 cum
2938 4696 3104 4764 ipsius
3158 4692 3330 4747 morbi
3384 4706 3607 4760 magna:
3663 4705 3785 4744 esse

2223 4790 2365 4842 vires
2396 4788 2690 4842 videamus.
2729 4787 2918 4840 Acrius
2957 4786 3100 4839 extim
3126 4787 3468 4852 pugnandum
3526 4783 3786 4836 adxersus

2218 4894 2312 4934 eos
2344 4880 2435 4949 qui
2487 4881 2819 4933 robustiores
2848 4888 2972 4932 sunt
3032 4879 3169 4930 inter
3216 4878 3418 4930 hostes.
3455 4873 3562 4926 Nos
3616 4874 3782 4934 enim,

2219 4975 2309 5042 qui
2340 4991 2405 5028 ne
2446 4977 2658 5043 propria
2690 4974 2903 5042 quidem
2942 4972 3213 5037 novimus,
3278 4971 3548 5037 multoque
3608 4968 3785 5021 minus

2219 5066 2415 5130 aliena,
2448 5075 2502 5119 et
2537 5066 2960 5119 condemnamus
2992 5065 3205 5129 fratres,
3244 5073 3298 5117 et
3330 5062 3398 5116 de
3459 5060 3649 5114 iisdem
3686 5059 3753 5111 de

2218 5172 2537 5227 Speramus,
2579 5167 2632 5210 et
2682 5156 2821 5211 odiis
2878 5171 2971 5211 eos
3036 5155 3193 5210 facile
3232 5153 3633 5225 prosequimur,
3693 5152 3784 5207 ubi

2222 5258 2464 5319 peccant,
2506 5263 2627 5304 cum
2674 5249 2867 5316 sa‘pius
2917 5248 3017 5316 ipsi
3071 5248 3224 5317 pejus
3284 5245 3459 5299 allecti
3489 5244 3681 5298 simus.
3714 5245 3785 5298 At

2225 5340 2363 5393 Dens
2421 5339 2541 5393 illos
2604 5355 2945 5407 nequaquam
3002 5340 3133 5394 odit.
3187 5338 3409 5392 Etiamsi
3476 5338 3595 5404 quis
3625 5349 3786 5388 omne

2222 5443 2495 5500 peccatqu
2528 5435 2888 5500 superaverit,
2920 5432 3199 5485 hominum
3236 5438 3324 5500 qui
3348 5446 3582 5500 unquam
3613 5429 3786 5482 exsti-

2221 5535 2418 5587 terunt,
2456 5527 2649 5579 addam
2685 5528 2847 5579 etiam
2895 5526 3136 5580 onmium
3192 5527 3279 5594 qui
3316 5527 3381 5578 ad
3421 5526 3580 5577 ﬁnem
3614 5536 3785 5591 usque

2220 5619 2402 5673 mundi
2440 5618 2606 5674 futuri
2660 5632 2822 5687 sunt;
2880 5620 2995 5675 ﬁeri
3049 5628 3227 5673 tamen
3290 5620 3471 5687 nequit
3529 5615 3672 5669 illius
3725 5620 3785 5669 ut
