4748 6512
1148 453 1253 516 507

2304 466 2358 523 Μ
2373 467 2404 522 λ
2418 461 2699 521 NUELIS
2775 451 3222 518 PAL/EOLOGI

4290 442 4404 505 508

1145 567 1609 631 ozliuminem'ral.
1633 574 1767 629 Nam
1821 576 1873 630 in
1908 576 2281 630 universitatis
2318 575 2543 643 hujusce
2564 571 2693 635 Deo,
2731 580 2774 631 Α
2816 567 3020 621 Ἐπειδί

2528 571 2693 635 Ξῧϐο.
2731 580 2774 631 Δ
2816 567 3035 634 Ἐπειδὴ
3079 566 3189 635 γὰρ
3231 567 3259 618 ό
3302 561 3436 625 Θεδς
3477 560 3670 633 ἀγάπη
3717 557 3868 622 ἐστὶ,
3912 555 4053 610 κατά
4096 551 4193 606 τὸν
4241 550 4403 643 φίλαν

1150 661 1238 722 qui
1274 676 1494 727 prorsus
1520 669 1586 719 ah
1629 669 1881 723 omnibus
1931 671 2190 723 immunis
2237 678 2320 722 est
2363 669 2529 720 animi
2563 679 2712 719 mor-

1152 751 1235 805 his
1262 767 1310 805 et
1349 756 1648 820 affectibus,
1681 777 1784 828 quo
1816 769 1972 826 pacto
2025 765 2146 830 quis
2192 762 2376 816 odium
2419 759 2710 821 invenerit,

1155 849 1296 912 quod
1335 850 1475 902 inter
1509 851 1715 916 pejores
1768 854 1932 907 animi
1985 856 2199 908 morbos
2244 852 2500 908 excellit?
2539 855 2715 920 Atque

1153 937 1251 988 hoc
1276 953 1407 989 sane
1437 943 1667 994 naturali
1693 943 1856 998 etiam
1912 948 2068 998 modo
2112 946 2346 1014 quodam
2401 945 2714 999 considere-

1153 1045 1289 1083 mus.
1323 1032 1529 1099 Quippe
1561 1048 1681 1085 cum
1716 1034 1855 1088 Deus
1891 1037 1962 1090 sit
1983 1037 2219 1097 dilectio,
2257 1038 2552 1091 secundum
2581 1038 2714 1091 cha-

1153 1133 1268 1171 rmn
1300 1121 1445 1174 illunt
1473 1126 1795 1190 apostolum,
1833 1128 1960 1193 quid
1987 1143 2106 1181 esse
2133 1128 2242 1181 Deo
2277 1143 2563 1182 commune
2589 1142 2712 1180 cum

1150 1212 1275 1265 odio
1315 1215 1529 1281 possit?
1560 1216 1741 1283 Neque
1768 1233 1891 1270 vero
1925 1221 2054 1272 mihi
2110 1229 2299 1286 arguta
2353 1219 2513 1272 velim
2567 1219 2716 1272 ἰδίαις

1151 1305 1400 1372 objicias,
1435 1309 1578 1375 quod
1605 1309 1811 1364 scilicet
1835 1311 1901 1363 ah
1933 1311 2086 1363 initio
2118 1311 2286 1365 malos
2311 1311 2390 1364 vel
2441 1313 2715 1364 hominem

1152 1398 1393 1450 miserari
1428 1409 1852 1454 consentaneum
1883 1403 1972 1466 sil,
2003 1413 2056 1454 at
2107 1417 2201 1455 eos
2232 1405 2320 1471 qui
2375 1403 2591 1456 virtutis
2650 1418 2716 1456 ex

1151 1493 1462 1560 praescripto
1511 1494 1763 1557 vixerint,
1815 1496 2007 1548 deinde
2068 1511 2196 1550 vero
2247 1496 2312 1547 ad
2370 1496 2496 1548 vitia
2551 1509 2715 1548 cursu

1151 1584 1306 1648 quasi
1342 1585 1571 1651 quodam
1605 1599 1664 1640 se
1727 1588 2078 1651 contulerim,
2139 1603 2208 1642 ne
2262 1589 2436 1656 ipsum
2497 1589 2717 1657 quidem

1152 1679 1342 1734 Deum.
1377 1679 1587 1734 Etenim
1641 1697 1824 1736 vermn
1857 1691 1937 1736 est
1977 1684 2074 1736 hos
2100 1682 2203 1734 illis
2227 1680 2526 1734 deteriores
2554 1695 2714 1744 esse;

1153 1785 1275 1822 nam
1303 1771 1377 1823 illi
1408 1787 1470 1826 ne
1502 1780 1698 1826 norunt
1745 1775 1963 1842 quidem
2019 1781 2272 1826 accurate
2329 1772 2470 1825 viam
2515 1775 2720 1825 ducen-

1155 1872 1260 1916 tem
1293 1866 1357 1916 ad
1391 1866 1440 1917 id
1481 1866 1619 1934 quod
1671 1867 1956 1933 optimum,
2005 1879 2104 1918 nec
2162 1867 2432 1918 honorum
2483 1864 2718 1931 aliquem

2830 657 3153 711 Ἀπόστολον
3177 698 3191 721 ,
3224 655 3278 707 τί
3309 656 3428 707 ποτ’
3454 654 3518 708 ἂν
3549 653 3761 720 γένοιτο
3791 649 3966 704 κοινὸν
3995 646 4072 716 τῷ
4101 644 4223 712 Θεῷ
4261 640 4406 709 πρὸς

2816 752 2876 804 τὸ
2913 755 3101 819 μῖσοςς
3139 749 3248 802 Καὶ
3284 750 3357 818 μή
3396 765 3484 815 μοι
3517 749 3584 799 τὰ
3622 745 3761 814 σοφὰ
3790 743 3982 804 ταῦτα,
4015 742 4096 794 ὅτι
4131 739 4261 798 τοὺς
4299 736 4402 804 μὲν

2817 844 3053 912 ἔξαρχῆς
3094 842 3329 908 φαύλους
3370 843 3471 896 κᾶν
3505 857 3586 900 τις
3629 838 3867 907 ἐλεήσειε
3900 836 4008 887 τῶν
4044 832 4352 899 ἀνθρώπων
4385 843 4400 856 ·

2817 934 2939 994 τοὺς
2984 932 3028 984 δ’
3054 935 3224 1001 ἀρετῇ
3277 931 3639 1000 συζήσαντας,
3680 924 3799 981 εἶτα
3840 928 3951 986 τοῖς
3991 925 4182 985 κακοῖς
4227 936 4403 987 προσ·

2817 1023 3159 1091 δραμόντας,
3199 1022 3307 1074 οὐδ’
3333 1025 3359 1074 ό
3395 1022 3550 1083 Θεός.
3580 1021 3734 1071 Ἐστι
3774 1021 3871 1087 μὲν
3905 1017 4011 1084 γὰρ
4050 1015 4285 1081 ἀληθὲς,
4321 1012 4401 1070 ὡς

2817 1113 2963 1166 οῦτοι
2992 1115 3207 1184 χείρους
3235 1114 3478 1166 ὲκείνων.
3517 1113 3738 1165 Ἐκεῖνοι
3763 1111 3871 1179 γὰρ
3894 1109 4003 1161 οὐδ’
4032 1109 4210 1160 ἴσασιν
4239 1109 4403 1172 ἀκρι-

2819 1206 2929 1266 6ῶς
2960 1206 3056 1276 τὴν
3089 1209 3180 1260 ἐπὶ
3211 1207 3272 1259 τὸ
3305 1205 3582 1276 βέλτιστον
3615 1204 3908 1274 φέρουσαν,
3940 1198 4063 1253 οὐδὲ
4096 1197 4400 1266 ἐγεύσαντο

2817 1298 2926 1349 τῶν
2978 1299 3184 1363 κακῶν,
3232 1298 3373 1350 ὥστε
3425 1298 3520 1350 καὶ
3568 1295 3936 1364 διαφερόντως
3986 1291 4193 1343 τούτων
4237 1290 4397 1356 ὲρᾷν.

2821 1392 2930 1445 Καὶ
2963 1392 3136 1444 ταῦτα
3169 1391 3379 1453 τούτοις
3421 1391 3633 1458 γίνεται
3674 1389 3734 1440 ού
3776 1386 4054 1446 παντελῶς
4087 1401 4170 1445 τις
4214 1383 4396 1450 φαὺὶη

2821 1483 3172 1552 παραίτησις.
3207 1485 3270 1536 Οί
3300 1483 3345 1535 δ’
3370 1486 3434 1535 ἐκ
3467 1481 3676 1534 παίδων
3707 1478 4080 1547 ἐπειράθησαν
4110 1476 4221 1526 τῶν
4253 1476 4360 1538 ἀγα
4382 1504 4395 1511 -

2821 1577 2928 1630 θῶν
2969 1577 3166 1645 ἔργων,
3210 1577 3306 1630 καὶ
3353 1577 3511 1644 μέχρι
3557 1576 3744 1643 γήρως
3791 1573 3887 1625 σὺν
3931 1572 4099 1640 ἀρετῇ
4143 1571 4235 1619 τὸν
4278 1567 4399 1637 βέον

2818 1669 3102 1737 διήνυσαν.
3134 1668 3366 1720 Ἔπειτα
3409 1667 3478 1719 τὰ
3520 1665 3731 1732 ἀγαθὰ,
3777 1660 3858 1726 οἷς
3906 1659 4396 1731 συμδεδιὼκεσαν,

2819 1755 2900 1822 οἷς
2945 1758 3213 1831 ἐτρύφων,
3255 1757 3444 1828 ῶσπερ
3484 1776 3538 1811 τι
3581 1759 3837 1829 ῥίψαντες
3883 1754 4037 1822 ἄγος,
4079 1755 4212 1820 παρ’
4238 1751 4402 1802 οὐδὲν

2825 1852 2922 1920 μὲν
2955 1850 3170 1919 θέμενοι
3202 1851 3298 1920 τὴν
3330 1850 3592 1920 αίσχύνην
3614 1889 3630 1912 ,
3665 1850 3796 1918 παρ’
3822 1848 3974 1901 οὐδὲν
4004 1848 4059 1900 δὲ
4091 1846 4150 1898 τὸ
4182 1845 4355 1898 κακδν
4377 1882 4400 1905 ,

1153 1966 1368 2024 gustum
1447 1923 1821 2026 perceperunt,
1875 1973 1982 2026 quo
2026 1957 2240 2010 adducti
2281 1972 2343 2011 ea
2397 1923 2722 2026 magnopere
2755 1923 2793 1976 Β
2823 1944 2915 1996 καὶ
2942 1943 3028 2012 τὴκ

2525 1923 2722 2025 ηςᾷρετρ
2755 1923 2793 1976 Β
2823 1944 2915 1996 καὶ
2942 1943 3039 2012 τὴν
3067 1944 3174 1996 ἀπὸ
3198 1943 3348 1996 τοῦδε
3381 1943 3608 2012 βλάϐην,
3637 1941 3733 2010 τὴν
3761 1941 3896 2008 πρὸς
3929 1942 4025 2002 τὰς
4057 1940 4247 2008 ἡδονὰς
4275 1937 4399 1988 δου-

1151 2061 1428 2117 appetaut.
1465 2050 1592 2116 Quae
1618 2066 1746 2105 sane
1780 2066 1881 2104 non
1907 2050 2351 2103 contemnendam
2376 2050 2456 2103 eis
2498 2063 2721 2102 excusa-

1157 2146 1354 2197 tionem
1413 2144 1641 2211 pariunt.
1679 2144 1746 2196 At
1785 2143 1839 2196 hi
1882 2143 2036 2196 hortis
2073 2142 2123 2195 in
2170 2143 2420 2208 operibus
2448 2155 2477 2194 a
2535 2144 2721 2210 pueris

1152 2239 1371 2292 exerciti
1418 2247 1563 2300 sunt,
1619 2246 1673 2289 et
1726 2237 1790 2289 ad
1846 2244 2117 2290 senectam
2173 2248 2344 2299 usque
2398 2234 2615 2288 virtutis
2664 2235 2716 2288 in

1152 2330 1426 2384 exercitiis
1463 2330 1621 2380 vitam
1645 2337 1941 2397 exegerunt
1972 2343 1987 2382 :
2036 2326 2232 2381 deinde
2268 2327 2446 2388 bonis,
2500 2326 2722 2394 quihus-

1153 2435 1272 2473 cum
1308 2419 1568 2480 vixerant,
1601 2432 1720 2485 qua:
1778 2433 1874 2485 pro
1924 2417 2131 2470 deliciis
2185 2416 2505 2477 habuerant,
2550 2418 2722 2470 instar

1153 2513 1381 2572 alicufus
1415 2509 1605 2578 piaculi
1634 2511 1868 2576 rejectis,
1915 2509 2069 2562 nihili
2097 2508 2489 2576 turpitudinem
2519 2507 2722 2561 facien-

1157 2615 1258 2668 tes,
1294 2602 1443 2656 nihili
1485 2602 1671 2655 vitium
1704 2601 1955 2669 quodque
1978 2602 2233 2654 damnum
2263 2616 2326 2653 ex
2359 2615 2424 2654 eo
2451 2601 2720 2668 provenit,

1154 2695 1470 2751 servitutem
1510 2708 1633 2759 erga
1661 2693 1964 2760 voluptates
1991 2691 2168 2746 divina
2199 2709 2325 2746 cum
2364 2694 2536 2762 gratia
2569 2710 2722 2746 com-

1155 2795 1452 2848 nmtaruut,
1488 2785 1713 2853 ideoque
1765 2785 1930 2838 multo
1961 2784 2177 2853 pejores
2232 2785 2336 2838 illis
2387 2785 2512 2838 facti
2572 2795 2721 2849 sunt,

1154 2877 1244 2947 qui
1280 2878 1345 2930 ah
1377 2877 1530 2930 initio
1555 2876 1676 2929 houi
1706 2889 1810 2928 non
1839 2875 2078 2928 fuerunt.
2107 2874 2304 2928 Verum
2330 2891 2438 2928 non
2460 2875 2530 2928 ob
2559 2875 2723 2928 hasce

1155 2987 1348 3026 causas
1379 2971 1608 3039 benigno
1641 2985 1855 3037 quoque
1890 2967 1998 3020 Deo
2027 2979 2152 3021 sunt
2182 2969 2232 3020 in
2265 2967 2408 3022 odio.
2469 2968 2720 3024 Sedenim

1156 3063 1467 3133 persuaderi
1509 3063 1638 3115 mihi
1667 3077 1770 3115 non
1815 3061 2014 3129 patior,
2087 3060 2298 3127 inquiet
2353 3059 2719 3124 adversarius,

1156 3173 1260 3211 non
1296 3159 1391 3210 hos
1414 3154 1804 3209 abominabiles
1828 3168 1948 3208 esse
1975 3153 2102 3216 Deo,
2133 3152 2223 3219 qui
2254 3152 2393 3204 mala
2436 3152 2568 3212 odit.
2597 3167 2719 3205 cum

2821 2031 2975 2086 λείαν
3023 2035 3123 2104 τῆς
3173 2035 3267 2087 τοῦ
3317 2034 3454 2087 Θεοῦ
3506 2034 3727 2103 χάριτος
3775 2031 4092 2099 ἠλλάξαντο.
4145 2029 4256 2079 Καὶ
4303 2026 4399 2077 διὰ.

2820 2126 2994 2178 ταῦτα
3037 2127 3173 2179 πολύ
3219 2144 3272 2178 τι
3314 2127 3531 2195 χείρους
3576 2124 3833 2192 γεγόνασι
3875 2121 3984 2173 τῶν
4025 2121 4123 2172 οὐκ
4169 2117 4399 2182 ἀγαθῶν

2823 2215 3059 2284 ἑξαρχῆς
3088 2216 3409 2281 γεγονότων.
3447 2215 3520 2266 Ού
3553 2217 3659 2282 μήν
3685 2231 3748 2280 γε
3779 2213 3981 2265 τούτων
4010 2212 4170 2263 ἓνεκα
4196 2210 4290 2260 καὶ
4317 2207 4400 2274 τῷ

2823 2306 3189 2376 φιλανθρώπῳ
3222 2307 3338 2375 Θεῷ
3376 2307 3591 2375 μισητοὶ
3622 2305 3973 2357 καθεστᾶσιν.
4010 2300 4154 2354 Ἀλλ’
4179 2301 4237 2351 ού
4275 2299 4401 2350 πεί-

2824 2396 3008 2463 θομαι,
3043 2397 3194 2464 φησὶ,
3231 2397 3304 2464 μὴ
3337 2393 3477 2447 εἶναι
3513 2395 3736 2455 τούτους
3771 2393 4095 2463 βδελυκτοῦς
4125 2390 4202 2458 τῷ
4237 2406 4405 2458 μισο-

2823 2489 3045 2558 πονήρῳ
3071 2487 3211 2556 Θεῷ,
3240 2489 3298 2551 ἐξ
3325 2488 3544 2553 ἀγαθῶν
3570 2489 3650 2549 είς
3678 2487 3949 2554 πονηροὺς
3981 2481 4404 2552 μεταϐεϐλημὲο

2823 2597 2946 2641 νους
2989 2580 3224 2649 κακίστη
3261 2580 3456 2648 γνώμῃ
3481 2595 3496 2610 ο
3532 2579 3732 2631 ὁπόταν
3764 2579 3870 2647 γὰρ
3911 2579 3959 2629 οί
4002 2575 4404 2642 κακοδαίμονες

2823 2665 2971 2723 οὗτοι
3003 2672 3224 2738 μισητοὶ
3253 2671 3346 2722 καὶ
3373 2667 3652 2737 βδελυκτοὶ
3679 2668 3933 2735 γίνωνται
3963 2667 4053 2718 καὶ
4083 2667 4312 2732 συγγενέ
4325 2681 4400 2728 σι,

2824 2763 2918 2816 καὶ
2950 2764 3146 2832 φίλοις,
3180 2758 3335 2831 οἶμαι
3369 2761 3414 2812 δ’
3443 2763 3524 2814 ὅτι
3559 2761 3650 2814 καὶ
3685 2760 3925 2828 γονεῦσι,
3963 2759 4055 2810 καὶ
4089 2758 4263 2818 παισί,
4304 2757 4407 2808 καὶ

2825 2856 2989 2906 πᾶσιν
3026 2854 3153 2918 ἑξῆς
3190 2853 3536 2923 ἀνθρώποις,
3573 2854 3662 2908 διὰ
3705 2855 3871 2922 μόνην
3934 2857 4033 2920 τὴν
4083 2850 4411 2918 φαυλότητα

2823 2947 2916 2998 καὶ
2945 2946 3043 3016 τὴν
3077 2946 3344 3016 πονηρίαν
3369 2963 3384 2979 ο
3417 2946 3594 3015 πολλῷ
3626 2961 3689 3013 γε
3722 2945 4044 3012 δικαιότεροι
4065 2981 4080 3005 ,
4115 2941 4410 3009 μισεῖσθαι

2822 3038 2899 3107 τῷ
2932 3037 3049 3108 Θεῷ
3085 3039 3302 3090 πάντων
3334 3038 3517 3091 ἕνεκα.
3556 3037 3645 3104 Τῷ
3680 3038 3789 3106 γὰρ
3825 3035 4070 3104 βορϐόρῳ
4105 3033 4410 3085 καλινδου-

2825 3131 2991 3200 μένῳ,
3024 3133 3106 3192 τίς
3137 3132 3202 3183 ἂν
3233 3132 3317 3200 εἴη
3355 3130 3558 3200 μετοχὴ
3586 3129 3618 3197 ἢ
3652 3129 3907 3182 κοινωνία
3941 3128 4075 3194 πρὸς
4104 3127 4268 3188 Θεόν;
4309 3124 4414 3193 Τῷ

1156 3252 1390 3316 pessimo
1419 3246 1645 3302 consilio
1699 3247 1765 3300 de
1803 3245 1961 3300 bouis
2018 3246 2068 3297 in
2107 3245 2276 3297 malos
2337 3244 2528 3297 mutati
2589 3246 2718 3299 sint.
2747 3263 2792 3324 ο
2823 3227 2929 3324 γὰρ
2967 3225 3031 3293 μὶ

2558 3210 2718 3299 sint.
2747 3263 2792 3324 ο
2823 3227 2929 3293 γὰρ
2967 3225 3042 3293 μὴ
3080 3224 3338 3294 καθαρῷ.
3377 3225 3507 3292 φησι
3543 3239 3625 3284 τις
3666 3222 3809 3290 μάλα
3845 3220 4012 3288 ἀνὴρ.
4050 3210 4413 3286 ἐφάπτεσθαι

1156 3338 1596 3406 Quandoquidem
1628 3336 1770 3389 enim
1805 3335 1858 3388 lti
1908 3334 2093 3387 miseri
2147 3349 2248 3386 uou
2309 3333 2436 3389 odio
2493 3343 2722 3394 tantum,

1155 3435 1246 3486 sed
1287 3430 1672 3484 ahomiuationi
1695 3443 1907 3496 quoque
1930 3439 2054 3480 sunt
2075 3435 2127 3480 et
2155 3428 2418 3494 cognatis,
2453 3436 2506 3478 et
2532 3425 2726 3478 amicis

1157 3537 1208 3580 et
1241 3525 1554 3594 parentibus
1583 3523 1800 3593 (opinor
1828 3521 1988 3591 )ipsis
2022 3529 2077 3573 et
2127 3519 2335 3581 liberis,
2369 3527 2424 3571 et
2485 3519 2725 3572 homini-

1157 3621 1258 3671 bus
1287 3616 1538 3682 deinceps
1568 3614 1866 3678 universis,
1890 3619 2112 3681 propter
2161 3611 2508 3665 vitiositatem
2554 3610 2725 3664 solum

1157 3723 1210 3765 ct
1243 3710 1590 3778 pravitatem,
1623 3707 1792 3760 multo
1810 3721 1940 3761 sane
1971 3707 2143 3774 magis
2189 3714 2467 3758 merentur
2495 3703 2726 3756 utiuvisi

1162 3805 1269 3856 Deo
1297 3804 1426 3864 sint,
1449 3802 1691 3855 omnium
1726 3815 1890 3853 causa
1931 3817 1944 3853 ;
1995 3814 2118 3852 nam
2147 3799 2193 3851 ei
2222 3798 2314 3867 qui
2343 3797 2395 3850 iu
2461 3796 2572 3849 luto
2617 3793 2730 3846 vol-

1161 3896 1323 3957 vitur,
1349 3893 1620 3961 quodnam
1647 3892 1980 3945 consortium
2011 3905 2199 3958 quaeve
2226 3889 2461 3942 societas
2476 3901 2600 3940 cum
2622 3885 2730 3938 Deo

1159 3983 1360 4037 fuerit?
1388 3982 1592 4035 Etenim
1627 3996 1732 4034 non
1786 3995 1942 4050 puro,
1974 3994 2071 4033 ceu
2105 3979 2186 4031 vir
2212 3979 2432 4046 quidam
2494 3974 2730 4030 eximius

1161 4077 1258 4139 ait,
1277 4089 1466 4142 purum
1486 4072 1776 4140 attingere,
1804 4084 2142 4139 nequaquam
2174 4068 2253 4121 ias
2290 4067 2471 4122 fuerit.
2513 4066 2625 4120 lmo
2645 4063 2730 4117 vel

1164 4167 1266 4220 hoc
1299 4165 1460 4218 etiam
1486 4164 1643 4218 modo
1666 4161 2013 4230 perspicuum
2034 4168 2137 4223 est,
2166 4159 2308 4228 quod
2356 4159 2561 4214 dictum
2590 4159 2688 4212 fuit
2713 4176 2728 4212 :

1159 4271 1284 4310 nam
1305 4255 1395 4322 qui
1423 4253 1689 4307 hostiliter
1715 4252 1939 4305 allectus
1957 4259 2038 4303 est
2057 4251 2317 4303 adversus
2336 4249 2566 4316 aliquem
2587 4262 2734 4300 sum-

1164 4361 1380 4412 mopere
1402 4346 1676 4407 dilectum,
1703 4343 1889 4398 itidem
1919 4349 1973 4396 et
1995 4355 2121 4407 erga
2155 4339 2465 4409 diligentem
2502 4338 2730 4392 aﬂ'ectus

1163 4442 1284 4493 erit.
1307 4440 1457 4503 Quod
1496 4439 1667 4506 ipsum
1715 4452 1745 4490 e
1799 4434 2075 4489 contrario
2127 4428 2735 4502 patet:quienimami-

1164 4548 1281 4585 cum
1303 4543 1447 4584 tuum
1475 4539 1639 4592 amat,
1664 4529 1826 4582 etiam
1849 4526 1939 4580 tibi
1965 4527 2034 4581 sit
2051 4526 2254 4580 amicus
2279 4539 2501 4578 necesse
2522 4532 2621 4576 est.
2645 4521 2734 4575 Sic

2827 3317 2920 3370 τοῦ
2961 3315 3200 3384 καθαροῦ
3244 3315 3318 3385 μὴ
3354 3317 3412 3367 οὐ
3457 3314 3678 3383 θεμιτὸν
3717 3313 3824 3382 εῐη.
3867 3314 3940 3364 Οὐ
3985 3312 4089 3380 μὴν
4127 3309 4258 3362 ἀλλὰ
4306 3312 4418 3362 καὶ

2829 3410 2968 3462 κατὰ
3007 3409 3154 3460 τόνδε
3195 3408 3285 3459 τὸν
3325 3409 3527 3474 τρόπον
3561 3407 3723 3475 δῆλον
3758 3405 3821 3456 ἂν
3859 3405 3944 3472 εἴη
3983 3403 4042 3456 τδ
4083 3402 4415 3469 είρημένον.

2841 3499 2898 3553 Ὀ
2944 3497 3073 3566 γοῦν
3120 3497 3327 3566 ἐχθρῶς
3373 3497 3716 3564 διακείμενος
3757 3493 3836 3563 τῷ
3881 3511 3984 3546 τινι
4028 3492 4420 3561 διαφερόντως

2830 3590 3138 3660 φιλουμένῳ
3168 3590 3262 3643 καὶ
3291 3588 3367 3658 τῷ
3399 3587 3642 3657 φιλοῦντι
3677 3587 3893 3649 πάντως
3923 3585 3990 3638 ἂν
4019 3587 4101 3652 εῐη
4128 3601 4141 3613 ·
4174 3585 4267 3635 καὶ
4305 3585 4420 3650 6F,-

2829 3680 2918 3732 λον
2947 3681 3008 3732 ὲκ
3035 3679 3128 3732 τοῦ
3158 3680 3424 3733 ἐναντίου.
3461 3678 3520 3730 Ὀ
3550 3678 3657 3746 γὰρ
3691 3660 3864 3746 φιλῶν
3894 3693 3976 3729 σοι
4001 3677 4091 3728 τὸν
4119 3675 4274 3741 φίλον
4310 3676 4420 3726 καὶ

2832 3773 2978 3843 αύτῷ
3011 3790 3091 3825 σοι
3123 3773 3273 3840 φίλος
3305 3771 3480 3844 σαφὴς
3510 3771 3680 3840 δήπου
3713 3770 3944 3836 γίνεται.
3976 3769 4082 3826 Καὶ
4110 3767 4252 3820 οῦτοι
4283 3770 4419 3821 τοί-

2832 3884 2926 3918 νυν
2959 3865 3242 3935 μισοῦντες
3267 3865 3364 3932 τὴν
3394 3863 3618 3932 ἀρετὴν,
3649 3863 3810 3937 φίλην
3837 3859 4002 3916 οὖσαν
4030 3859 4104 3929 τῷ
4131 3859 4269 3925 Θεῷ,
4305 3861 4419 3912 καὶ

2832 3957 2908 4026 τῷ
2947 3956 3101 4026 κακῷ
3142 3957 3684 4026 προσδεδραμηκότες
3727 3953 3982 4017 ἑκόντες,
4021 3951 4200 4005 οὐκέτι
4245 3951 4417 4018 φίλοι

2832 4053 2909 4122 τῷ
2934 4052 3076 4121 Θεῷ,
3101 4050 3236 4104 ἀλλὰ
3265 4049 3447 4118 σαφῶς
3474 4049 3658 4118 ἐχθροί
3679 4065 3693 4080 ο
3721 4048 3819 4117 ούχ
3848 4048 4035 4115 ὑγιῶς,
4059 4039 4102 4098 ὧ
4127 4045 4416 4114 βέλτιστε,

2835 4144 3228 4213 συνεπέρανας.
3255 4143 3320 4194 Δί
3352 4141 3458 4211 γὰρ
3486 4140 3780 4208 προτάσεις
3807 4140 4026 4208 ἀληθεῖς
4045 4153 4060 4167 ο
4088 4137 4147 4190 τδ
4172 4137 4227 4189 δὲ
4256 4152 4416 4204 συμ-

2835 4235 3091 4304 πέρασμα
3114 4235 3232 4296 ταῖς
3261 4233 3590 4304 προτάσεσιν
3614 4230 3705 4283 ἐπὶ
3730 4231 3837 4282 τῶν
3861 4228 3951 4281 τοῦ
3980 4227 4110 4279 Θεοῦ
4140 4243 4288 4294 πραγ
4301 4229 4420 4292 μάο

2833 4345 2943 4382 των
2975 4329 3037 4381 οὐ
3078 4326 3304 4394 συνᾷδον
3337 4323 3713 4393 εὑρεθήσεται.
3755 4323 3845 4378 El:
3895 4323 3992 4390 μὲν
4027 4319 4132 4388 γὰρ
4163 4322 4231 4370 τὰ
4272 4319 4421 4370 καθ’

2835 4419 2986 4486 ἡμᾶς
3015 4417 3314 4484 πράγματα
3347 4414 3522 4480 ὀρθῶς
3554 4412 3619 4464 ἂν
3648 4411 3760 4480 ἔχοι
3790 4411 4012 4463 τοιαῦτα
4047 4411 4220 4476 λέγειν
4246 4424 4258 4436 ·
4298 4409 4417 4462 ὅσα

2835 4509 2891 4560 δὲ
2922 4509 2999 4569 είς
3032 4509 3122 4559 τὸν
3153 4507 3285 4559 Θεὸν
3315 4506 3460 4574 ἣκει,
3497 4505 3659 4567 ἀξίως
3691 4502 3962 4570 δήπουθεν
3992 4500 4150 4553 αὑτοῦ
4184 4502 4277 4551 καὶ
4317 4499 4420 4552 λε-

1166 4628 1326 4693 igitur
1357 4634 1406 4677 et
1440 4623 1527 4676 isti
1561 4623 1813 4674 virtutem
1839 4618 1961 4672 odio
1998 4626 2412 4685 prosequentes,
2451 4622 2729 4680 acceptam
2763 4633 2809 4691 ο
2836 4599 2992 4693 κῖέον
3007 4599 3041 4693 ,ί

2544 4622 2729 4680 cptum
2763 4633 2809 4691 ο
2836 4599 2992 4649 κτέον
3023 4599 3151 4667 ἡμῖν
3182 4595 3246 4648 ἂν
3275 4595 3362 4663 εῐη
3385 4634 3397 4656 ,
3429 4593 3524 4647 καὶ
3553 4593 3798 4657 νοητέον,
3827 4591 3976 4654 ἄξιον
4002 4591 4045 4642 δ’
4071 4591 4132 4641 ἂν
4161 4593 4246 4654 εἴη
4280 4591 4419 4657 Θεῷ

1168 4717 1295 4780 Deo,
1320 4725 1617 4784 sponteque
1645 4726 1738 4766 sua
1772 4725 1933 4764 cursu
1957 4709 2022 4762 ad
2064 4710 2264 4761 malum
2282 4708 2467 4771 delati,
2497 4723 2599 4760 non
2621 4706 2733 4774 jam
2763 4680 2804 4691 ⁷
2835 4689 2896 4740 τδ
2924 4687 3043 4756 μηδέ

2542 4723 2599 4760 Μ,
2621 4706 2733 4774 jam
2763 4680 2804 4691 ⁷
2835 4689 2896 4740 τὸ
2924 4687 3197 4756 μηδέποτε
3228 4688 3424 4754 μισεῖν,
3449 4684 3507 4738 ὃν
3533 4683 3651 4734 κατ’
3671 4685 3854 4734 είκὸνα
3881 4680 4068 4736 ἑαυτοῦ
4097 4683 4211 4740 ταῖς
4241 4680 4417 4743 ἰδίαις

1167 4808 1396 4875 amplius
1431 4806 1565 4874 grati
1597 4814 1724 4858 sunt
1757 4803 1890 4864 Deo,
1928 4801 2020 4856 sed
2087 4800 2251 4854 dubio
2305 4798 2489 4868 procul
2550 4799 2732 4853 invisi.

1166 4897 1280 4952 Non
1310 4908 1473 4960 recte,
1501 4895 1584 4948 vir
1617 4892 1837 4963 Optime,
1866 4889 2183 4945 conclusisti
2207 4905 2222 4953 ;
2246 4904 2365 4942 nam
2409 4878 2734 4957 prupositio-

1168 5006 1266 5044 nes
1303 4989 1519 5056 quidem
1557 4986 1683 5052 ipsze
1719 4998 1882 5045 verte,
1945 4982 2038 5035 sed
2093 4980 2373 5035 εοιιοίυδίο
2429 4981 2624 5034 divinis
2683 4981 2734 5032 in

1168 5082 1352 5143 rebus,
1387 5079 1450 5133 ad
1489 5073 2146 5144 propositionesminime
2213 5073 2482 5139 quadrare
2541 5072 2736 5137 depre-

1168 5175 1450 5226 hendetur.
1489 5167 1702 5222 Nostris
1737 5165 1881 5219 enim
1912 5165 1979 5219 de
2011 5168 2174 5218 rebus
2206 5171 2351 5220 recte
2384 5163 2509 5216 talia
2543 5163 2737 5215 dicun-

1170 5274 1276 5319 tur.
1309 5261 1438 5327 Qua:
1473 5274 1600 5314 vero
1632 5257 1800 5313 Deum
1836 5264 2104 5326 spectant,
2160 5256 2228 5311 de
2275 5256 2341 5309 iis
2397 5270 2529 5310 sane
2580 5255 2737 5309 nobis

1166 5365 1221 5410 et
1255 5352 1582 5423 loquendum
1612 5359 1666 5404 et
1699 5349 2046 5418 cogitandum
2080 5361 2148 5401 ex
2219 5345 2392 5414 ipsius
2447 5345 2732 5413 dignitate.

1170 5445 1354 5500 Fuerit
1379 5452 1554 5496 autem
1581 5457 1647 5496 ex
1681 5440 1771 5494 Dei
1811 5439 2097 5509 dignitate,
2152 5437 2355 5490 nullam
2389 5445 2446 5488 ut
2497 5449 2734 5500 unquam

1170 5537 1369 5597 oderit,
1398 5549 1555 5602 quem
1589 5534 1703 5602 ipse
1731 5545 1884 5586 suam
1907 5532 1975 5584 ad
2011 5529 2296 5598 imaginem
2333 5526 2583 5580 manibus
2616 5541 2738 5594 pro-

1176 5629 1305 5697 priis
1331 5625 1600 5679 formarit.
1650 5623 1768 5678 Non
1807 5624 1951 5678 enim
2007 5623 2251 5677 instituto
2294 5622 2459 5674 animi
2506 5629 2733 5682 mutato,

1176 5732 1418 5775 naturam
1451 5733 1665 5788 quoque
1695 5732 1844 5770 suam
1879 5719 2124 5779 mutavit,
2163 5725 2221 5768 ut
2252 5715 2486 5768 maxime
2546 5712 2734 5780 lapsus

1178 5816 1265 5867 sit.
1299 5813 1434 5878 Quin
1477 5823 1528 5866 et
1558 5811 1634 5864 illi
1670 5810 1915 5864 homines
1944 5810 2032 5878 qui
2099 5807 2424 5878 pravitatem
2483 5806 2737 5866 oderunt,

1178 5907 1362 5960 eodem
1395 5904 1549 5960 modo
1579 5901 1708 5958 mihi
1735 5914 1791 5957 se
1821 5914 2008 5972 gerere
2044 5900 2316 5956 videntur.
2371 5899 2438 5951 At
2503 5910 2735 5964 quorum

2838 4780 3021 4850 χερσὶν
3050 4778 3304 4833 ἔπλασεν.
3336 4778 3409 4828 Οὐ
3442 4778 3548 4843 γὰρ
3577 4775 3640 4842 δή
3671 4772 3988 4844 μεταϐαλὼν
4015 4774 4111 4838 τὴν
4142 4773 4422 4840 7.901pr-

2839 4888 2945 4934 σιν,
2973 4871 3070 4924 καὶ
3095 4870 3225 4923 αὐτὸ
3249 4869 3309 4920 τὸ
3338 4863 3476 4920 εἶναι
3509 4865 3824 4934 μετέϐαλεν,
3855 4864 3926 4923 ὼς
3960 4864 4190 4930 μάλιστα
4222 4865 4418 4930 ἡμαρ-

2837 4963 3040 5032 τηκὼς.
3070 4963 3143 5014 Ού
3179 4960 3284 5030 μὴν
3310 4960 3444 5015 ἀλλὰ
3475 4959 3567 5012 καὶ
3596 4957 3646 5008 oi
3679 4956 4035 5024 μισοπόνηροι
4057 4954 4166 5005 τῶν
4190 4953 4284 5004 ἀνθ
4297 4955 4416 5021 ρώ-

2839 5076 2956 5112 πων
2983 5055 3126 5111 οῦτω
3161 5071 3252 5124 μοι
3281 5051 3497 5108 δοκοῦσι
3531 5051 3725 5104 ποιεῖν.
3754 5049 3906 5098 Ὀσοι
3938 5047 3994 5101 δὲ
4025 5045 4119 5114 τὴν
4152 5047 4414 5098 ἐναντίαν

2839 5149 3024 5218 ἔχουσι
3061 5145 3286 5214 γνώμην
3305 5183 3320 5206 ,
3353 5143 3448 5193 καὶ
3475 5141 3574 5208 τὴν
3607 5138 3802 5190 κακίαν
3835 5137 3932 5202 μὲν
3961 5134 4206 5201 οὐδαμῶς
4228 5174 4242 5197 ,
4271 5135 4416 5197 τοὺς

2836 5242 2880 5295 δ’
2905 5241 3008 5293 ὑπὸ
3037 5237 3240 5306 ταύτης
3276 5232 3719 5303 κεκρατημένους
3754 5228 3957 5296 σφόδρα
3996 5225 4210 5296 μισοῦσι
4233 5263 4248 5288 ,
4279 5225 4414 5278 δέον

2838 5354 2902 5402 γε
2950 5332 3146 5394 αὐτοὺς
3194 5331 3363 5383 ἐλεεῖν
3415 5326 3554 5394 ὑπὲρ
3596 5323 3723 5383 τοὺς
3767 5320 3952 5380 ἄλλους
4006 5318 4270 5377 ἅπαντας,
4331 5318 4412 5386 μὴ

2842 5427 3039 5498 μᾶλλον
3073 5421 3345 5493 μισεῖσθαι
3377 5417 3602 5479 δίκαιοι,
3634 5415 3667 5482 ἢ
3699 5410 3789 5473 οὓς
3824 5409 4023 5468 ἀδίκως
4053 5408 4160 5458 οἵδε
4204 5409 4412 5473 μισοῖ-

2840 5538 2954 5584 σιν;
2983 5518 3129 5569 Ἀντὶ
3168 5513 3278 5581 γὰρ
3319 5509 3412 5562 τοῦ
3462 5508 3560 5574 τὴν
3603 5504 3774 5556 αἰτίαν
3819 5503 3994 5568 μισεῖν
4037 5501 4134 5567 τῆς
4175 5499 4415 5551 ἐκείνων

2840 5577 3142 5679 ἐκτροπῆς,
3174 5577 3266 5657 καὶ
3299 5599 3480 5669 ζητεῖν
3511 5591 3785 5663 ἐπιμελῶς
3808 5630 3822 5652 ,
3854 5589 3954 5657 τήν
3991 5588 4090 5656 μὲν
4122 5577 4412 5654 πρόφασιν

2838 5705 2946 5755 τῶν
2987 5697 3173 5753 κακῶν
3216 5693 3444 5758 ἀνελεῖν,
3488 5689 3599 5758 τῆν’
3630 5686 3685 5738 δὲ
3737 5683 3890 5753 ῥίζαν
3934 5682 4244 5735 ἀνασπᾶσαι
4286 5681 4409 5732 τῶν

2840 5793 3098 5848 τοιούτων
3127 5786 3464 5856 παθημάτων
3483 5821 3497 5844 ,
3531 5780 3624 5833 καὶ
3651 5775 3746 5831 τοῦ
3775 5773 4053 5833 νοσοῦντος
4085 5771 4368 5838 φείδεσθαι
4392 5813 4407 5836 ,

2842 5885 3197 5954 ὁπωσδήποτε
3234 5878 3522 5946 νενόσηκεν
3543 5913 3556 5940 ,
3588 5872 3634 5924 oi
3665 5869 3720 5922 δὲ
3752 5867 3884 5936 πρὸς
3917 5863 4167 5917 τάναντία
4196 5861 4269 5925 ῶς
4303 5880 4406 5916 τοι.
