4748 6512
554 487 658 552 509

1955 478 2234 539 ORATIO
2269 479 2346 538 VI

3686 469 3797 533 510

555 601 724 657 πολλὰ
751 597 995 669 ρἆουσι.
1017 593 1235 648 Τούτων
1263 591 1358 661 μὲν
1385 591 1488 659 γὰρ
1515 587 1705 643 οὐδένα
1728 589 1904 658 λόγον,
1930 589 1961 658 ἢ
1991 606 2112 658 σμι-
2141 589 2192 647 Α
2218 591 2430 642 diversa

1930 589 1961 658 ἢ
1991 606 2112 658 σμι-
2141 589 2192 647 Α
2218 591 2430 642 diversa
2467 585 2730 642 sententia
2759 593 2861 651 est,
2894 582 3097 652 quique
3123 593 3226 631 non
3278 575 3490 639 vitium,
3550 576 3641 630 sed
3698 578 3785 630 in-

557 694 688 763 κρὸν
719 692 850 750 ῐσως
886 686 1158 739 ποιοῦνται
1180 700 1196 715 ο
1231 685 1324 736 καὶ
1354 681 1502 751 δηλοῖ
1529 681 1595 733 τὰ
1625 681 1894 732 τουτοισὶν
1924 680 2115 747 εἰργα-

555 784 730 851 σμένα
754 797 768 812 ⁸
795 782 885 831 τὸν
907 778 962 830 δὲ
985 778 1104 838 ταῖς
1132 775 1322 842 ὕϐρεσι
1348 773 1631 832 πλύνουσι,
1658 771 1744 823 καῖ
1769 769 2112 837 κωμῳδοῦσι,

552 871 672 932 πῶς
713 871 851 931 olet;
887 867 966 920 διὸ
1009 869 1099 917 κα“·.
1144 863 1379 932 σχέτλιοι
1421 861 1658 928 γίνονται
1701 861 1749 912 οί
1790 859 2012 919 τούτους
2053 873 2115 924 γε

555 965 736 1030 μισεῖν
781 960 1063 1028 κρίναντες
1108 956 1177 1010 δι’
1206 955 1454 1024 ἡντινοῦν
1498 953 1679 1006 αἰτίαν
1730 952 1762 1020 ἢ
1816 951 2112 1021 πρόφασιν.

550 1052 818 1106 Τοσοῦτον
852 1052 961 1118 γὰρ
1000 1044 1155 1116 οἶμαι
1197 1047 1367 1100 ὲνδεῖν
1404 1047 1472 1098 τὰ
1517 1043 1667 1112 παρὰ
1714 1042 1807 1094 σοῦ
1849 1041 2112 1111 εἰρημένα

547 1146 776 1204 τούτους
807 1142 1081 1208 ἀποφῆναι
1112 1138 1351 1198 δικαίους
1389 1135 1660 1203 μισεῖσθαι
1681 1175 1693 1195 ,
1728 1135 1850 1186 ὅσον
1883 1134 1974 1184 καὶ
2007 1132 2112 1183 δει-

548 1238 734 1290 κνύειν
776 1234 959 1301 σαφῶς
1001 1233 1092 1285 τοῦ
1138 1230 1402 1285 ἐλεεῖσθαι
1449 1228 1630 1291 ἀξίους
1672 1225 1850 1287 ὄντας.
1894 1223 1955 1276 El
2004 1226 2111 1291 γὰρ

550 1328 788 1391 ἑκόντες,
815 1327 889 1388 ὡς
919 1327 982 1377 σύ
1010 1325 1137 1394 φῂς,
1161 1323 1256 1392 τὴν
1279 1321 1388 1374 ἀπὸ
1409 1320 1508 1388 τῆς
1535 1317 1735 1389 ἀρετῆς
1764 1316 2110 1383 εὐδαιμονίαν

547 1419 874 1479 διέπτυσαν,
907 1418 1001 1469 καὶ
1029 1418 1138 1478 τοῖς
1173 1411 1591 1482 πεπυρωμένοις
1621 1407 1714 1461 τοῦ
1751 1407 1987 1477 πονηροῦ
2024 1406 2110 1475 βέ-

546 1512 693 1560 λεσιν
710 1509 931 1568 ἑαυτοὺς
952 1505 1324 1574 περιέπειραν,
1351 1503 1418 1555 δι’
1438 1495 1512 1556 ὧν
1541 1503 1569 1554 ὁ
1598 1501 1699 1567 τῆς
1715 1499 1891 1567 ψυχῆς
1921 1501 2109 1549 ἐπεισ-

548 1605 765 1673 ἔρχεται
787 1601 1034 1662 θάνατος,
1068 1599 1184 1658 πῶς
1202 1596 1263 1650 οὐ
1284 1597 1460 1649 πάντα
1481 1594 1696 1646 πάντων
1735 1591 2105 1658 ἐλεεινότεροι,

547 1695 801 1760 καθάπερ
833 1692 927 1744 καὶ
952 1690 1060 1742 τῶν
1087 1689 1258 1748 άλλως
1291 1686 1658 1754 φονευθέντων
1682 1685 1729 1735 oi
1761 1683 2108 1750 αὐτόχειρες;

547 1786 642 1836 καὶ
685 1783 889 1835 τούτων
929 1780 1104 1844 αὖθις,
1144 1780 1193 1831 oi
1239 1777 1398 1847 δῆθεν
1441 1775 1746 1843 σώφρονες;
1789 1774 1860 1827 Τὸ
1907 1773 2004 1841 μὲν
2045 1773 2107 1838 δὴ

547 1873 1051 1940 τοιαῦταιπάσχειν
1101 1869 1284 1938 ἄκρως
1336 1869 1616 1936 δυστυχεῖν
1667 1868 1823 1918 ἐστι·
1877 1865 1998 1926 τούς
2052 1863 2107 1915 δὲ

548 1966 823 2025 τοιούτους
873 1962 1200 2029 δακρύομεν.
1234 1961 1395 2024 Ἀξιά
1442 1977 1505 2026 γε
1555 1959 1622 2012 τὰ
1671 1958 1873 2011 τούτων
1924 1956 2102 2018 κακά,

547 2059 677 2112 ὅντα
714 2055 1006 2124 δυστυχίας
1054 2053 1245 2123 μεστὰ,
1287 2055 1349 2105 οὐ
1399 2053 1556 2122 μόνον
1601 2068 1662 2117 γε
1707 2050 1769 2103 οὐ
1817 2047 2105 2118 μισητέους

547 2150 745 2210 αὐτοὺς
805 2147 1117 2210 δεικνύναι,
1172 2145 1309 2198 ἀλλὰ
1365 2145 1456 2196 καὶ
1513 2143 1913 2214 προγένεστεροι
1975 2143 2104 2209 μίση

546 2241 720 2304 λύειν,
746 2239 793 2291 εί
822 2239 886 2308 δὴ
919 2236 1014 2292 καὶ
1047 2236 1216 2290 πολλά
1240 2254 1363 2288 τινα
1395 2235 1530 2304 πρὸς
1558 2236 1754 2297 αὐτούς
1784 2250 1911 2286 ποτε
1939 2231 2105 2285 ταῦτα

543 2327 635 2401 ἦν.
687 2333 747 2384 El
796 2330 852 2382 δὲ
882 2329 975 2382 καὶ
1005 2329 1108 2381 ὑπὸ
1137 2328 1289 2381 ἐνίων
1321 2329 1561 2394 μισοῖντο
1590 2327 1638 2378 οί
1669 2325 1755 2378 τὸν
1785 2324 1896 2394 βίον
1925 2322 2106 2374 ἀναλί-

546 2438 771 2483 σκοντες
806 2423 862 2473 ὲν
891 2421 989 2473 οὐκ
1020 2419 1242 2487 ἀγαθοῖς
1276 2418 1457 2486 ἔργοις
1488 2414 1646 2486 (εἶδον
1676 2416 1782 2484 γὰρ
1815 2415 1926 2481 ἐγώ
1956 2431 2105 2474 τινας

544 2513 644 2578 καὶ
687 2510 903 2579 γονεῦσι
951 2510 1332 2579 μισουμένους,
1377 2510 1450 2571 ὡς
1500 2507 1733 2576 φαύλους
1778 2506 1981 2568 ὄντας),
2031 2503 2104 2572 μὴ

543 2603 634 2655 διὰ
667 2603 822 2655 τοῦτο
855 2603 1039 2664 κακῶς
1073 2600 1330 2671 νομίσῃς,
1364 2600 1438 2660 ὡς
1470 2599 1578 2669 ἄρα
1609 2600 1688 2650 δεῖ
1724 2599 1815 2650 καὶ
1849 2597 1938 2648 τὸν
1972 2595 2105 2648 Θεὸν

545 2693 730 2762 πολλῷ
769 2711 833 2758 γε
880 2694 1078 2761 μᾶλλον
1117 2693 1314 2753 αὐτοὺς
1361 2693 1557 2760 μισεῖν,
1598 2691 1694 2744 ἆτε
1739 2690 2104 2759 μισοπόνηρον

542 2784 693 2837 ὅντα.
736 2783 792 2836 '0
823 2787 929 2854 γὰρ
958 2783 1090 2844 Θεὸς
1116 2783 1214 2852 τὴν
1243 2783 1504 2852 πονηρίαν
1537 2783 1740 2850 μισῶν,
1771 2783 1980 2852 εῦρεμα
2012 2780 2102 2833 05-

545 2894 648 2930 σαν
674 2877 766 2930 τοῦ
805 2876 1076 2946 πονηροῦ,
1109 2879 1156 2928 εἰ
1191 2877 1246 2929 δὲ
1284 2877 1496 2946 βούλει,
1530 2877 1944 2944 βδελυττόμενος
1969 2914 1982 2935 ,
2015 2873 2106 2926 καὶ

542 2970 644 3037 τὴν
671 2971 866 3037 ἀρετὴν
897 2968 1063 3036 φιλῶν
1082 3008 1096 3029 ,
1127 2969 1334 3021 οίκείαν
1366 2965 1532 3021 οὖσαν
1562 2967 1706 3036 αὐτῷ
1726 3009 1740 3027 ,
1772 2967 1830 3018 τὸ
1859 2967 1958 3034 μὲν
1987 2967 2106 3020 ἐνά-

547 3077 703 3130 ρετον
736 3060 911 3127 φιλεῖ,
949 3058 1036 3110 τὸν
1071 3058 1125 3110 δὲ
1164 3059 1298 3128 πρὸς
1335 3059 1494 3112 αὐτὸν
1529 3059 1853 3110 πεπτωκότα
1884 3056 1972 3107 τὸν
2007 3056 2105 3122 τῆς

544 3151 741 3213 κακίας
774 3151 931 3220 βυθὸν
964 3151 1021 3202 οὐ
1058 3153 1227 3219 μισεῖ,
1262 3151 1373 3202 ἀλλ’
1398 3150 1564 3202 ὲλεεῖ’
1594 3151 1687 3203 καὶ
1714 3152 1814 3204 οὐκ
1845 3151 2104 3218 ἀποστρὲ-

2227 679 2398 732 fectos
2433 679 2564 730 vitio
2589 677 2936 730 vehementer
2969 672 3156 729 odere,
3193 684 3316 723 cum
3358 682 3544 720 eorum
3613 683 3776 734 supra

2219 779 2445 824 eazteros
2472 783 2661 822 omnes
2692 766 2932 819 misereri
2965 763 3241 824 deberent,
3267 777 3333 814 an
3369 776 3472 815 non
3503 760 3673 830 magis
3725 763 3776 813 hi

2221 864 2363 932 digni
2397 871 2522 917 sunt
2549 859 2671 914 odio
2705 873 2868 926 quam
2911 872 3044 924 quos
3104 855 3304 923 injuste
3358 853 3459 922 ipsi
3504 853 3782 906 oderunt?

2221 970 2343 1007 nam
2373 968 2468 1020 pro
2501 968 2566 1006 eo
2642 953 2784 1019 quod
2839 963 3055 1000 causam
3093 944 3510 1001 exorbitationis
3568 944 3777 996 illorum

2214 1050 2391 1103 odisse
2419 1046 2702 1105 debebam.
2731 1056 2784 1098 et
2815 1044 3103 1109 diligenter
3133 1055 3350 1108 operam
3410 1039 3560 1098 dare.
3616 1038 3781 1090 maio-

2215 1156 2332 1194 rum
2368 1149 2424 1192 ut
2458 1138 2798 1193 occasionem
2836 1135 3105 1194 tollerent,
3142 1142 3195 1186 et
3236 1129 3547 1184 morborum
3596 1129 3784 1196 hujus-

2216 1233 2358 1289 modi
2391 1234 2630 1287 radicem
2660 1231 2975 1294 evellerent,
3040 1227 3418 1294 laborantique
3475 1231 3779 1291 parcerent.

2213 1326 2520 1394 quicunque
2552 1324 2766 1376 tandem
2803 1321 3021 1374 morbus
3043 1328 3207 1383 esset,
3263 1333 3316 1370 In
3352 1314 3686 1368 contrarium
3726 1312 3776 1365 hi

2211 1419 2532 1486 plerumque
2561 1416 2806 1468 tendunt.
2863 1413 2996 1465 Nam
3057 1412 3256 1464 nullam
3308 1409 3524 1476 quidem
3589 1406 3778 1457 horum

2211 1509 2480 1560 rationem
2518 1506 2600 1559 vel
2643 1505 2889 1572 exiguam
2921 1502 3170 1558 iortassis
3197 1501 3415 1560 habent,
3457 1499 3600 1566 quod
3629 1498 3770 1563 ipso-

2208 1615 2326 1654 rum
2361 1613 2489 1653 sane
2511 1597 2650 1652 i'acta
2674 1597 2948 1652 declarant
2978 1613 2991 1650 :
3022 1607 3076 1648 at
3104 1593 3376 1646 hominem
3431 1591 3602 1660 ipsum
3660 1587 3781 1655 qui-

2205 1693 2327 1757 bus,
2365 1693 2608 1756 obsecro,
2635 1691 2971 1746 contumeliis
3025 1690 3264 1742 alliciunt
3294 1696 3346 1740 et
3397 1681 3780 1738 insectantur?

2205 1785 2539 1854 Quapropter
2563 1793 2616 1837 et
2643 1783 2743 1852 ipsi
2782 1783 3078 1850 culpabiles
3111 1781 3246 1833 ﬁunt
3288 1779 3378 1846 qui
3453 1789 3778 1844 quacunque

2144 1905 2183 1958 Β
2213 1879 2278 1932 de
2309 1892 2472 1931 causa
2507 1876 2586 1929 vel
2615 1883 2896 1944 praetextu,
2925 1874 3044 1928 illos
3075 1873 3199 1926 odio
3227 1871 3327 1924 sibi
3377 1867 3779 1937 persequendos

2214 1972 2525 2028 statuerint.
2561 1968 2791 2022 Tantum
2831 1968 2973 2021 enim
3007 1966 3196 2020 abesse
3231 1973 3380 2031 puto,
3405 1970 3461 2012 ut
3515 1975 3633 2027 qua:
3684 1962 3779 2010 abs

2215 2073 2265 2118 te
2289 2063 2496 2130 prolata
2525 2071 2673 2125 sunt,
2715 2061 2815 2113 hos
2877 2059 3001 2113 odio
3052 2058 3241 2125 dignos
3268 2068 3389 2109 esse
3444 2052 3781 2106 demonstra-

2213 2154 2344 2216 rint,
2371 2163 2427 2206 ut
2454 2154 2615 2205 etiam
2650 2151 2928 2219 perspicue
2975 2147 3227 2215 probent,
3279 2159 3372 2199 eos
3429 2141 3781 2195 commisera-

2215 2245 2414 2299 tionem
2440 2243 2658 2297 mereri.
2695 2240 2828 2294 Nam
2881 2239 2926 2294 si
2967 2239 3232 2298 volentes,
3259 2244 3317 2289 ut
3349 2245 3402 2288 tu
3426 2233 3639 2302 quidem
3676 2231 3776 2291 ais,

2215 2336 2619 2404 provenientem
2688 2349 2756 2386 ex
2799 2334 3001 2385 virtute
3069 2329 3382 2384 felicitatem
3435 2332 3776 2390 respuerunt,

2213 2444 2278 2483 ac
2308 2435 2478 2482 semet
2509 2425 2694 2495 ignitis
2729 2424 2871 2477 illius
2923 2423 3141 2491 maligni
3195 2421 3313 2475 telis
3370 2417 3778 2477 lransilxerunl,

2216 2535 2314 2590 per
2346 2534 2468 2587 qua:
2521 2517 2686 2571 animi
2741 2530 2886 2569 mors
2938 2514 3255 2582 ingreditur,
3309 2525 3416 2578 quo
3471 2516 3624 2577 pacto
3674 2523 3776 2559 non

2212 2610 2433 2663 omnino
2467 2606 2774 2662 miseriores
2801 2614 2926 2659 sunt
2959 2603 3228 2664 omnibus,
3254 2603 3395 2655 sicut
3419 2611 3473 2653 et
3517 2600 3622 2651 alio
3648 2612 3779 2666 qun-

2223 2699 2347 2751 dam
2376 2697 2536 2750 modo
2569 2697 2772 2749 necatis
2811 2695 2844 2748 ii
2876 2694 2961 2762 qui
2993 2707 3178 2746 manus
3204 2692 3302 2761 ipsi
3351 2690 3451 2746 sibi
3510 2688 3779 2742 all‘ernnt?

2213 2799 2266 2842 et
2301 2803 2484 2843 rursus
2515 2789 2598 2842 his
2625 2787 2713 2855 qui
2739 2797 2915 2840 mente
2938 2786 3053 2838 sani
3080 2785 3158 2838 sic
3217 2781 3488 2853 pereunt?
3513 2779 3774 2833 Nimirum

2214 2877 2338 2933 t‘alia
2375 2881 2505 2947 pati,
2560 2888 2801 2933 extrema
2859 2877 3143 2931 infelicitas
3190 2885 3291 2939 est,
3349 2884 3405 2929 et
3452 2870 3767 2940 huiusmodi

2213 2987 2341 3026 sane
2367 2971 2619 3041 lacrymis
2651 2968 2923 3023 deﬂemus.
2962 2969 3096 3023 Nam
3133 2967 3270 3022 mala
3317 2969 3580 3037 ipsorum,
3613 2964 3771 3033 plena

2213 3062 2461 3127 miseria},
2502 3078 2606 3116 non
2642 3064 2798 3114 modo
2837 3062 3045 3114 eilicere
3078 3067 3323 3129 possunt,
3359 3059 3518 3112 nullis
3556 3067 3612 3110 ut
3635 3055 3779 3109 odiis

2213 3153 2574 3223 persequendi
2597 3163 2945 3216 censeantur,
2981 3165 3163 3206 verum
3209 3151 3371 3204 etiam
3399 3149 3516 3202 odia
3574 3148 3775 3216 priora,

543 3259 738 3309 (ρετ-αι,
788 3242 922 3296 ἀλλὰ
965 3244 1062 3312 τὴν
1113 3242 1278 3296 αὐτοῦ
1330 3245 1782 3314 πραγματεύεται
1834 3244 2108 3312 σωτηρίαν
2138 3253 2177 3307 C
2213 3257 2265 3300 et
2302 3246 2410 3299 mul

1904 3244 2108 3312 ’τηρίαν
2138 3253 2177 3307 C
2213 3257 2265 3300 et
2302 3246 2469 3299 multa
2503 3245 2743 3314 quidem,
2805 3245 2932 3298 olim
2993 3245 3044 3296 in
3094 3258 3186 3296 eos
3242 3251 3513 3307 suscepta,
3574 3247 3779 3308 queunt

545 3334 716 3387 ἆπασι
749 3335 989 3403 τρόποις.
1021 3333 1271 3403 Τοσούτῳ
1301 3334 1344 3385 δ’
1367 3336 1427 3387 οὐ
1462 3337 1707 3403 προσῆκε
1738 3335 2000 3402 νομίζειν,
2030 3335 2103 3395 ὡς

546 3427 639 3478 κει)⁵
681 3427 757 3495 τῷ
801 3425 919 3494 Θεῴ
967 3428 1185 3496 μισητοῖ
1232 3427 1576 3488 καθεστᾶσιν,
1621 3427 1737 3478 ὅσοι
1779 3426 1867 3477 διὰ.
1913 3425 2005 3488 τὴν
2049 3427 2104 3476 ἐν

547 3521 700 3587 σφίσι
742 3519 972 3582 κακίαν,
1011 3521 1066 3571 ἐν
1104 3519 1411 3588 ἀνθρώποις
1451 3519 1632 3588 ἔχουσι
1671 3521 1858 3588 μῖσος,
1894 3519 2105 3586 ὅσῳπερ

543 3612 638 3663 καὶ
671 3610 976 3663 τούναντίον
1007 3608 1227 3678 εὔλογον
1257 3606 1397 3663 εἶναι
1425 3627 1437 3639 °
1468 3610 1612 3675 λέγω
1641 3610 1702 3678 δὴ
1733 3610 1793 3661 τὸ
1822 3609 2104 3676 τυγχάνειν

545 3703 746 3764 αὐτοὺς
778 3703 979 3765 ἐλέους.
1012 3705 1082 3754 Τὸ
1115 3703 1222 3771 γὰρ
1254 3702 1316 3761 δὴ
1353 3702 1552 3771 σφόδρα
1581 3703 1801 3762 τούτους
1838 3699 2104 3770 μισεῖσθαι

544 3795 680 3864 παρ’
706 3788 779 3845 ὦν
809 3795 986 3863 ἥκιστ’
1012 3795 1198 3863 ἐχρῆν,
1233 3794 1377 3846 τοῦτ’
1405 3793 1519 3847 ἔστι
1552 3794 1613 3845 τὸ
1644 3793 1734 3844 τὸν
1765 3792 1896 3844 Θεὸν
1929 3809 2104 3858 παρα-

547 3883 813 3949 σκευάζον
847 3887 982 3955 πρὸς
1025 3885 1222 3948 αὐτοὺς
1261 3885 1649 3954 εὐμενέστερον
1685 3884 1919 3952 βλέπειν.
1952 3883 2106 3934 Ὦσθ⁹

543 3977 580 4044 ἡ
616 3975 724 4028 τῶν
757 3976 995 4044 γνησίων
1030 3977 1350 4045 ἀποστροφὴ
1389 3975 1572 4038 ὲλέους
1606 3976 1815 4037 τούτοις
1853 3972 2108 4041 πρόξενος

543 4068 758 4136 γίνεται
785 4067 876 4120 τοῦ
913 4067 1061 4136 παρὰ
1095 4066 1250 4132 Θεοῦ,
1285 4066 1432 4136 αύτῷ
1458 4083 1520 4135 γε
1560 4066 1755 4136 τούτῳ,
1793 4064 1871 4134 τῷ
1908 4066 1983 4135 μὴ
2011 4066 2098 4118 δο-

543 4161 666 4212 κεῖν
693 4157 919 4220 δικαίοις
963 4159 1154 4211 τούτου
1185 4159 1392 4227 τυχεῖν.
1433 4157 1491 4209 Ὀ
1540 4159 1650 4227 γὰρ
1681 4156 1936 4209 τοσοῦτον
1967 4157 2106 4223 ἀφε-

545 4248 766 4318 στηκὼς
820 4249 928 4302 τῶν
984 4249 1132 4320 αὐτῷ
1203 4249 1607 4318 προσηκόντων,
1655 4250 1684 4302 ὁ
1734 4248 1965 4311 ἐλεεινὸς
2015 4251 2107 4301 καὶ

546 4337 818 4410 μηδαμῶς
870 4338 1211 4406 ἐλεούμενος,
1247 4338 1385 4389 ἀλλὰ
1435 4337 1746 4389 τούναντίον
1780 4337 2107 4406 μισούμενος

543 4447 603 4481 τε
667 4430 759 4480 καὶ
812 4430 1344 4496 ἁπογινωσκόμενος,
1390 4428 1464 4488 ὡς
1511 4429 1644 4496 μηδὲ
1698 4430 1796 4496 τῆς
1846 4430 2108 4482 ἀνωτάτω

543 4519 959 4589 φιλανθρωπίας
1008 4519 1156 4584 ἄξιος
1213 4520 1495 4587 κρίνεσθαι
1547 4519 1678 4586 παρ’
1737 4520 1935 4584 αὐτῶν,
1991 4522 2104 4584 πῶς

540 4615 646 4665 οὐκ
680 4613 791 4665 ἐστι
823 4612 1032 4674 δίκαιος
1083 4611 1268 4671 ἐλέους
1327 4613 1512 4678 τυχεῖν
1555 4611 1704 4680 παρὰ
1751 4610 1867 4679 Θεῷ
1909 4615 2104 4681 κριτῇ;

541 4706 620 4766 ῶς
660 4716 821 4772 φησιν
853 4707 879 4756 δ
927 4703 1058 4760 Θεὸς
1111 4702 1198 4756 διὰ
1250 4703 1472 4754 Ἡσαΐου
1519 4702 1615 4754 τοῦ
1658 4704 1939 4771 προφήτου
1973 4708 2110 4774 πρὸς

552 4795 914 4864 Ἰερουσαλήμ
938 4809 953 4822 ⁸
986 4795 1112 4846 Ὀτι
1143 4794 1240 4846 διὰ
1279 4794 1343 4846 τὸ
1371 4791 1524 4846 εἶναί
1548 4811 1619 4846 σε
1654 4794 2114 4863 ἐγκαταλελειμ-

532 4889 758 4958 μένην,
792 4889 891 4940 καὶ
916 4887 1352 4955 μεμισημένην,
1384 4888 1481 4941 καὶ
1524 4891 1632 4940 οὐκ
1680 4887 1758 4955 ἦν
1805 4891 1836 4941 ό
1870 4885 2115 4954 ,βοηθῶν

539 4998 669 5033 σοι.
706 4979 766 5031 Εἰ
799 4980 856 5032 δὲ
891 4978 954 5047 δὴ
985 4980 1079 5031 καὶ
1108 4979 1265 5047 δίκην
1296 4979 1492 5041 αὐτοὺς
1529 4979 1882 5031 ἀποτιννύναι
1934 4996 2104 5048 προσ-

537 5075 671 5140 ῆκε,
718 5071 861 5137 μάλα
917 5087 978 5136 γε
1038 5071 1236 5140 πολλὴν
1297 5069 1406 5122 οἵδε
1463 5070 1644 5123 ἔτισαν
1696 5073 1932 5122 τουτοισὶ
1997 5073 2110 5132 τοῖς

540 5160 819 5230 ὲπαχθέσι
867 5167 1103 5230 κριταῖς.
1141 5163 1248 5214 Καὶ
1297 5162 1356 5214 τὸ
1411 5162 1596 5215 ποιοῦν
1644 5163 1741 5231 τὴν
1780 5150 2108 5231 ῦπερὸολὴν,

536 5257 625 5308 ὄτι
685 5257 772 5306 καὶ
831 5256 878 5306 οί
937 5253 1068 5321 παρ’
1117 5255 1297 5306 αὐτῶν
1324 5255 1692 5322 λαμδάνοντες
1741 5255 1944 5324 ταύτην
1993 5254 2108 5306 ςέιδι⁹

538 5347 771 5413 κοῦντες
803 5348 1194 5416 λαμϐάνουσιν,
1213 5349 1511 5418 οὐδαμόθεν
1537 5348 1595 5400 ὃν
1622 5348 1803 5410 αὐτοῖς
1830 5350 2108 5417 προσῆκον

537 5440 748 5507 αὐτοὺς
806 5439 1170 5510 κατακρίνειν.
1235 5439 1370 5492 Θεοῦ
1436 5439 1544 5509 γὰρ
1596 5440 1756 5507 μόνον
1806 5438 1967 5490 τοῦτό
2023 5454 2106 5506 γε.

537 5531 765 5586 Μᾶλλον
805 5531 852 5583 δ’
897 5534 951 5584 ετ
993 5549 1076 5594 τις
1109 5531 1353 5601 ἀκριϐῶς
1383 5531 1557 5583 ἐθέλει
1595 5533 1836 5594 σκοπεῖν,
1874 5533 1906 5598 ἠ
1961 5529 2108 5597 σφῶν

539 5623 729 5676 αὐτῶν
761 5623 1061 5692 συνείδησις
1095 5627 1186 5676 καὶ
1225 5624 1342 5675 τότε
1391 5625 1529 5690 σφᾶς
1564 5639 1626 5690 γε
1658 5623 1855 5690 κρινεῖ.
1885 5622 1958 5674 Οὐ
1999 5622 2108 5690 μήν

538 5733 610 5783 γε
651 5714 754 5766 ὑπὸ
807 5715 1023 5767 πάντων
1077 5715 1203 5783 ἑξῆς
1237 5714 1336 5783 μία
1383 5717 1592 5775 τούτοις
1627 5714 1972 5782 ἐξενήνεκται
1999 5711 2108 5780 φὴς

540 5823 670 5875 (ρος.
698 5806 760 5858 Ol
791 5806 898 5874 γάρ
927 5807 1028 5874 τὴν
1065 5805 1231 5876 ὀρθὴν
1284 5804 1590 5875 βαδίζοντες
1630 5804 1764 5872 πρὸς
1807 5804 1898 5855 τὸν
1929 5804 2109 5856 εὐδαί-

544 5915 693 5970 μονα
723 5898 835 5968 βίον
870 5899 1089 5962 τούτους
1119 5899 1180 5969 δὴ
1213 5899 1333 5962 τοὺς
1368 5900 1511 5968 παρὰ
1546 5898 1648 5950 τῶν
1683 5897 1888 5950 πολλῶν
1923 5913 2107 5965 μισου-

2208 3341 2570 3406 exstinguere.
2617 3337 2832 3402 Quodsi
2878 3335 3110 3388 maxime
3165 3335 3486 3404 quibusdam
3511 3332 3635 3385 odio
3656 3340 3778 3384 sunt

2207 3430 2298 3498 qui
2327 3430 2490 3481 vitam
2519 3429 2572 3482 in
2604 3427 2856 3497 operibus
2888 3441 2994 3479 nou
3035 3425 3188 3478 bonis
3227 3427 3450 3490 exigunt
3488 3424 3636 3492 (nam
3668 3421 3775 3474 vidi

2208 3523 2470 3589 quosdam
2503 3536 2621 3588 ego,
2659 3536 2794 3588 quos
2827 3520 2926 3587 ipsi
2964 3530 3217 3588 parentes
3244 3519 3775 3584 odissent,tanquam

2209 3610 2401 3678 malos)
2470 3627 2572 3663 non
2629 3619 2910 3680 propterea
2977 3625 3161 3676 parum
3236 3619 3383 3662 recte
3476 3606 3775 3676 putaveris.

2215 3701 2387 3753 multo
2434 3702 2601 3767 magis
2633 3715 2753 3753 esse
2788 3713 3034 3760 necesse,
3095 3698 3236 3750 Deus
3272 3707 3329 3750 ut
3388 3697 3530 3765 ipsos
3574 3695 3774 3758 oderit,

2209 3795 2300 3862 qui
2335 3795 2652 3860 pravitatem
2685 3795 2817 3845 odtt.
2843 3793 3052 3859 Quippe
3083 3789 3223 3843 Deus
3281 3791 3407 3843 dum
3454 3789 3777 3858 pravitatem

2214 3885 2348 3948 odit,
2389 3899 2508 3952 quae
2542 3884 2758 3951 maligni
2792 3881 2936 3935 illius
2997 3882 3275 3934 inventum
3313 3890 3415 3944 est,
3460 3879 3543 3932 vel
3601 3878 3780 3947 potius

2209 3980 2570 4044 abominatur,
2602 3987 2655 4030 et
2706 3977 2954 4029 virtutem
2983 3975 3176 4040 diligit,
3209 3989 3326 4042 qua:
3360 3973 3458 4042 ipsi
3491 3971 3781 4040 peculiaris

2209 4079 2333 4126 est:
2370 4071 2565 4124 virtute
2597 4069 2816 4139 quidem
2854 4068 3134 4137 praeditum
3184 4075 3352 4130 amat,
3400 4065 3498 4119 sed
3561 4064 3778 4119 interim

2209 4177 2334 4216 eum
2383 4163 2474 4230 qui
2505 4162 2572 4215 ad
2641 4159 2806 4214 imum
2855 4158 3170 4214 vitiositatis
3234 4159 3503 4227 gurgitem
3557 4155 3781 4218 decidit,

2211 4271 2315 4308 non
2334 4255 2467 4316 odit,
2491 4253 2584 4307 sed
2604 4255 3024 4316 miseratur,non
3067 4253 3412 4313 adversatur,
3462 4249 3554 4303 sed
3587 4249 3637 4301 in
3660 4249 3781 4314 ejus

2210 4344 2390 4400 salute
2413 4341 2749 4412 procuranda
2767 4342 2940 4396 modis
2981 4342 3228 4395 omnibus
3253 4350 3576 4407 occupatur.
3600 4337 3782 4406 Usque

2213 4436 2347 4489 adeo
2367 4449 2494 4488 vero
2513 4436 2805 4502 putandum
2828 4447 2929 4486 llOn
2950 4441 3053 4497 est,
3095 4432 3201 4486 Deo
3243 4449 3456 4502 quoque
3503 4433 3624 4486 illos
3659 4433 3782 4484 odio

2213 4543 2358 4593 esse,
2374 4527 2678 4596 quicunque
2703 4536 2920 4595 prOpler
2940 4526 3288 4579 vitiositatem
3307 4541 3457 4579 suam
3499 4524 3778 4578 hominum

2212 4622 2332 4674 odia
2365 4619 2742 4686 experiuntur,
2775 4631 2831 4672 ut
2861 4619 3023 4672 etiam
3053 4618 3384 4672 contrarium
3447 4619 3642 4671 rationi
3712 4619 3782 4671 sit

2205 4725 2650 4776 consentaneum,
2695 4712 3124 4768 misericordiam
3153 4713 3404 4767 videlicet
3455 4728 3549 4766 eos
3610 4713 3782 4780 impe-

2211 4815 2397 4859 trare:
2439 4820 2558 4856 nam
2585 4803 2709 4872 quia
2743 4805 3087 4858 vehementer
3121 4805 3272 4858 exosi
3341 4813 3467 4857 sunt
3526 4805 3591 4856 iis
3655 4804 3778 4870 qui-

2215 4897 2318 4951 bus
2382 4897 2605 4949 minime
2671 4897 2966 4960 debebant;
3058 4897 3159 4950 hoc
3222 4897 3392 4964 ipsum
3455 4904 3558 4958 est,
3632 4897 3778 4963 quod

2225 4987 2389 5041 Deum
2481 4998 2768 5056 provocat,
2862 4998 2922 5040 ut
3004 4988 3333 5042 clementius
3414 5003 3508 5043 eos
3610 4989 3781 5056 respi-

2222 5079 2349 5130 ciat.
2453 5077 2790 5146 QuaprOpter
2865 5091 3213 5147 cognatorum
3301 5082 3481 5134 odium
3579 5090 3632 5132 et
3720 5097 3782 5132 a-

2224 5169 2458 5222 versatio
2509 5169 2598 5222 Dei
2640 5171 3070 5224 miserieortliam
3126 5172 3258 5240 ipsis
3290 5172 3561 5236 conciliat,
3614 5181 3667 5224 et
3717 5188 3782 5226 eo

2218 5260 2434 5327 quidem
2470 5259 2584 5328 ipso
2612 5263 2755 5328 quod
2793 5262 2994 5330 indigni
3039 5263 3321 5318 videantur
3348 5264 3436 5331 qui
3467 5280 3584 5318 eam
3615 5265 3783 5332 impe-

2213 5359 2376 5403 trent.
2412 5351 2540 5403 Nam
2577 5355 2665 5420 qtti
2699 5353 2766 5406 ab
2805 5354 2978 5408 omeio
3028 5365 3305 5423 tantopere
3357 5357 3628 5417 discessit,
3685 5357 3784 5409 tui-

2215 5455 2304 5494 ser
2333 5441 2534 5507 pariter
2562 5457 2626 5496 ac
2659 5443 2788 5495 nulli
2827 5445 3175 5508 miserabilis,
3211 5444 3302 5499 sed
3332 5461 3362 5498 e
3389 5446 3659 5499 contrario
3685 5461 3780 5513 pn-

2217 5532 2320 5583 tius
2354 5548 2549 5587 exosus
2581 5544 2634 5586 et
2663 5549 2758 5601 pro
2782 5534 3068 5604 deplorato
3101 5537 3334 5600 habitus,
3365 5548 3419 5589 ut
3444 5553 3509 5590 ne
3529 5552 3778 5605 suprema

2217 5624 2432 5692 quidem
2469 5625 2557 5677 illa
2587 5625 2865 5680 clementia
2893 5629 3088 5698 dignus
3119 5632 3184 5684 ab
3217 5632 3294 5684 eis
3327 5631 3622 5699 judicetun,
3657 5649 3780 5684 eum

2215 5732 2322 5784 quo
2355 5727 2511 5783 pacto
2543 5735 2647 5772 non
2684 5736 2897 5789 aequum
2939 5731 3021 5776 est
3052 5724 3188 5791 apud
3227 5722 3388 5776 Deum
3415 5724 3652 5791 judicent
3687 5726 3783 5775 mi-

2215 5808 2566 5862 sericordiam
2591 5811 2889 5879 consequi?
2919 5813 3366 5879 quemadmodum
3393 5812 3529 5868 Deus
3552 5815 3660 5879 ipse
3689 5829 3780 5882 per

2219 5899 2405 5953 Isaiam
2441 5910 2612 5956 vatem
2663 5900 3081 5972 Hierosolymam
3118 5903 3410 5973 alloquitur
3443 5921 3457 5958 ι
3494 5904 3630 5973 Prop
3658 5919 3780 5958 erea
