4748 6512
461 475 569 540 513

1871 464 2156 523 ORATIO
2191 466 2287 524 Vi.

3593 468 3698 530 514

459 591 548 638 τὸν
580 586 788 638 ἄσωτον
812 599 826 612 ⁶
863 583 957 637 ἐπὶ
981 583 1037 636 δέ
1066 581 1175 634 τῶν
1213 579 1307 633 τοῦ
1329 576 1464 631 Θεοῦ
1495 576 1614 630 οὐδὲ
1650 575 1779 643 γοῦν
1814 577 1880 627 τὰ
1920 578 2009 627 ῐσα
2039 573 2327 635 Α’[ίιείιιιιε

1817 577 1880 627 τὰ
1920 578 2009 627 ῐσα
2039 573 2327 635 A'faciuus
2358 570 2575 638 aliquod
2597 572 2740 638 pium
2770 584 2860 627 aut
2889 571 3085 626 bonum
3130 572 3357 626 faceres.
3399 573 3518 637 Quo
3547 577 3692 628 enim

462 679 645 738 δίδως,
677 673 813 726 ἀλλά
843 673 1026 734 κακῶς
1062 669 1405 739 διακείμενος
1435 669 1529 720 καὶ
1568 668 1636 719 τὰ
1669 667 1802 735 πρὸς
1834 664 2018 727 αὑτὸν,

463 769 558 818 καὶ
576 766 644 817 τὰ
671 765 804 834 πρὸς
825 762 1301 833 ἀνθρώπους,τίνα
1325 761 1389 814 ἂν
1407 759 1552 811 ἕλοιο
1565 758 1745 826 ψῆφον
1767 757 1914 826 παρὰ
1931 757 2023 808 τοῦ

459 857 594 908 Θεοῦ
619 854 896 920 δέξασθαι,
916 854 947 922 ἢ
969 853 1062 905 καὶ
1082 852 1234 921 παρά
1255 851 1364 903 τῶν
1387 849 1483 902 ἀνθ
1494 849 1692 918 ρώπων
1717 847 1894 899 αὐτῶν
1917 845 2024 926 ξΟύ

457 952 554 1015 τὴν
577 945 843 1014 συμπαθῆ
869 962 881 1006 ;
908 946 965 995 ού
992 943 1090 1012 τὴν
1107 943 1316 1012 ἥμερον
1343 960 1356 1007 ;
1381 940 1441 993 ού
1461 941 1560 1010 τὴν
1583 938 1794 992 πολλῶν
1820 939 2026 1006 οίκτιρ-

463 1039 581 1108 μῶν
636 1039 955 1105 γέμουσαν;
1010 1033 1168 1086 Ἀλλά
1221 1036 1285 1086 σὺ
1336 1034 1436 1102 μὲν
1499 1032 1627 1094 ἴσως
1665 1031 1758 1084 καὶ
1804 1029 2027 1082 σεαυτὸν

462 1132 718 1198 μισήσεις
745 1140 759 1155 ·
793 1127 944 1196 παρὰ
976 1127 1033 1179 δέ
1053 1126 1148 1178 τοῦ
1176 1122 1564 1193 φιλανθρώπου
1589 1122 1725 1174 Θεοῦ
1750 1123 1850 1175 οὐκ
1872 1121 1950 1173 ἐνι
1969 1137 2028 1172 σε

459 1221 619 1273 τοῦτο
632 1220 826 1271 παθεῖν
845 1236 858 1250 ο
894 1216 1090 1271 οῦκουν
1121 1217 1242 1270 οὐδὲ
1272 1218 1420 1286 παρὰ
1449 1215 1555 1267 τῶν
1603 1213 2029 1281 ἐπιεικεστέρων

458 1311 782 1382 ἀνθρώπων.
808 1311 989 1364 Δεινὸν
1010 1311 1116 1380 γὰρ
1138 1309 1529 1372 δντωςβεινδν,
1550 1310 1597 1360 εί
1620 1308 1655 1360 ἆ
1678 1325 1761 1359 σοι
1783 1305 1878 1358 νῦν
1898 1323 2033 1374 προ-

460 1405 722 1470 φέρουσιν
759 1403 962 1471 ἕτεροι,
990 1401 1241 1469 πανταχῆ
1269 1401 1330 1452 τὸ
1370 1400 1640 1467 αὐστηρὸν
1682 1398 2028 1464 ἐπαινοῦντι,

459 1486 602 1547 αύτά
635 1512 697 1562 γε
728 1494 905 1547 ταῦτα
926 1493 1153 1545 πάθοιεν
1184 1493 1381 1544 ἐκεῖνοι
1408 1533 1422 1557 ,
1456 1492 1548 1543 ἐπί
1578 1490 1637 1543 τὸ
1666 1491 1749 1542 σοὶ
1789 1490 2032 1552 δικάζειν

461 1590 728 1651 ἐλθόντες.
749 1589 807 1641 Ὀ
827 1588 1005 1640 τοίνυν
1025 1588 1082 1638 ἐν
1112 1585 1422 1656 ἀνθρώποις
1455 1583 1596 1654 ὁρῶν
1621 1582 2032 1652 φιλανθρωπίας

463 1678 611 1744 ἴχνος
672 1676 862 1730 καὶτὸ
901 1675 1238 1745 βραχύτατον
1284 1676 1345 1727 οὐ
1406 1676 1475 1728 τὰ
1527 1675 1716 1726 εἰκότα
1771 1674 2033 1744 φρονήσει

461 1770 593 1836 περὶ
621 1768 718 1835 τῆς
753 1767 1182 1835 ἀνεξερευνήτου
1214 1767 1650 1836 μεγαλειότητος,
1674 1767 1721 1818 εί
1756 1766 1831 1835 μὴ
1854 1784 2032 1836 παρα-

463 1860 610 1930 πλήξ
637 1877 721 1922 τις
749 1860 857 1927 εἴη,
878 1861 974 1914 καὶ
1002 1861 1114 1913 τῶν
1170 1861 1268 1919 τὰς
1315 1860 1518 1928 φρένας
1574 1858 2039 1924 ἀπο>.ωλεκότων;

2125 663 2325 736 pacto?
2355 668 2579 722 multum
2614 668 2828 736 quidem
2862 670 3034 723 abest.
3061 666 3177 720 Non
3207 668 3348 719 enim
3393 670 3698 723 hominibus

2125 775 2185 814 ca
2209 769 2400 828 rapere
2435 761 2513 816 fas
2528 769 2630 826 est,
2651 761 3033 829 quat-Deisunt,
3051 760 3284 812 nllotum
3307 769 3565 826 praetcqu
3587 760 3698 813 cle-

2128 853 2360 907 mentitn.
2397 854 2764 907 Nihilominus
2833 855 3031 920 aliquid
3100 868 3226 922 erga
3281 853 3690 906 misericordem

2127 947 2276 1000 illum
2307 953 2359 1000 et
2411 947 2731 1000 clementem
2790 946 2949 999 Deum
3009 945 3378 999 excusationis
3443 947 3697 1010 haberes,

2130 1038 2273 1091 velut
2305 1051 2366 1090 ea
2399 1036 2603 1090 iaciens
2668 1035 2866 1105 quibus
2895 1037 3009 1104 ipse
3064 1036 3324 1090 delectari
3391 1039 3697 1092 consuevit.-

2127 1130 2283 1184 Nunc
2301 1145 2420 1183 cum
2442 1144 2540 1182 nec
2567 1143 2593 1180 a
2622 1127 2729 1182 Deo
2757 1128 3019 1196 judicium
3050 1131 3346 1195 acceperis,
3373 1139 3428 1183 et
3452 1130 3588 1182 alios
3606 1145 3702 1195 op-

2131 1238 2334 1292 pugnes
2366 1231 2721 1288 utrorumque
2777 1221 3010 1284 ratione,
3067 1223 3344 1275 contraria
3406 1231 3456 1276 te
3520 1223 3700 1276 facere

2132 1313 2394 1366 declaras.
2433 1311 2634 1364 Deinde
2665 1322 2718 1362 tu
2756 1310 3002 1378 quidem,
3065 1310 3292 1375 direptis
3350 1308 3701 1362 facultatibus

2133 1404 2264 1466 tuis,
2301 1415 2392 1456 aut
2433 1419 2619 1457 earum
2647 1402 2842 1468 exigua
2906 1411 3082 1468 parte,
3126 1411 3290 1468 atque
3335 1403 3470 1453 adeo
3495 1399 3577 1454 vel
3632 1400 3702 1453 ab

2133 1494 2487 1548 amicissimis
2510 1494 2606 1546 tibi
2635 1507 2975 1560 nequaquam
3008 1491 3061 1544 id
3124 1491 3332 1554 tuleris,
3366 1491 3460 1544 sed
3513 1490 3702 1545 ιιοιιῐυε⁵

2133 1585 2258 1641 stim
2290 1585 2619 1653 parricidam
2649 1594 2702 1639 et
2726 1585 2994 1652 perditum
3031 1584 3302 1638 hominem
3347 1584 3552 1636 clamas
3581 1600 3595 1635 :
3648 1592 3704 1636 at

2163 1693 2194 1730 ιι
2221 1678 2308 1743 iis,
2340 1678 2406 1731 ad
2442 1677 2613 1730 Deum
2665 1692 2784 1745 qure
2835 1677 3128 1743 pertinent,
3162 1691 3225 1728 ne
3270 1677 3419 1743 paria
3479 1675 3700 1742 quidem

2137 1771 2410 1832 concedis,
2447 1769 2541 1823 sed
2570 1770 2710 1822 male
2747 1781 2852 1820 tam
2882 1783 3013 1837 erga
3048 1769 3223 1836 ipsum
3254 1783 3419 1836 quam
3456 1768 3704 1820 homines

2141 1867 2301 1913 temet
2338 1875 2552 1929 gerens,
2588 1874 2878 1927 quamnam
2905 1861 3152 1920 obsecro,
3182 1859 3323 1910 ferre
3379 1858 3707 1910 sententiam

461 1967 490 2004 a
526 1953 635 2006 Deo
666 1953 750 2007 vel
783 1953 916 2022 ipsis
972 1953 1281 2007 hominibus
1328 1953 1504 2007 velis?
1544 1953 1659 2006 Non
1692 1953 2009 2016 humanam,
2043 1967 2149 2006 non
2182 1954 2391 2016 mitem,
2435 1968 2539 2005 non
2602 1952 2987 2004 misericordite
3017 1953 3265 2020 plenam?
3296 1952 3449 2002 Enim
3488 1966 3611 2001 vero
3645 1960 3701 2001 tu

461 2044 686 2113 quidem
715 2044 962 2099 fortassis
992 2045 1093 2113 ipsi
1125 2044 1217 2098 tibi
1253 2044 1361 2098 eris
1383 2043 1529 2109 odio,
1557 2058 1743 2097 verum
1775 2059 1804 2098 a
1837 2042 2071 2110 benigno
2100 2051 2153 2097 et
2181 2040 2429 2097 clementi
2464 2041 2572 2094 Deo
2619 2040 2806 2108 nequit
2836 2039 2937 2093 hoc
2985 2041 3080 2092 tibi
3139 2040 3478 2106 contingere,
3539 2048 3701 2106 atque

461 2136 599 2188 adeo
634 2149 736 2188 nec
770 2135 836 2188 ab
864 2134 1172 2188 hominibus
1207 2122 1369 2202 paulo
1403 2135 1841 2189 modestioribus.
1874 2131 2156 2187 Nefarium
2192 2145 2444 2200 namque,
2482 2130 2749 2184 nefarium
2783 2144 2970 2196 reapse
2997 2129 3156 2192 foret,
3179 2132 3220 2182 si
3258 2145 3378 2196 quzc
3430 2130 3530 2182 tibi
3561 2143 3703 2182 nunc

462 2209 732 2294 objiciunt
778 2225 893 2289 alii,
943 2227 1292 2280 severitatem
1370 2227 1422 2280 in
1455 2226 1706 2281 omnitus
1736 2225 1998 2288 laudanti,
2026 2239 2089 2278 ea
2121 2225 2359 2278 vicissim
2384 2234 2438 2278 et
2481 2221 2614 2289 ipsis
2651 2221 2971 2276 acciderent
3029 2232 3204 2275 tecum
3261 2221 3704 2286 disceptantihus.

461 2316 566 2382 Qui
596 2331 726 2384 ergo
751 2315 832 2369 vel
866 2317 1282 2371 minutissimum
1334 2317 1638 2371 clementiae
1667 2314 1956 2383 vestigium
1987 2314 2040 2368 in
2076 2298 2389 2369 hominibus
2441 2314 2732 2383 perspicit,
2783 2328 2848 2365 an
2910 2328 3018 2366 non
3077 2324 3435 2368 consentanea
3493 2313 3710 2366 ratione

461 2413 533 2468 de
588 2412 678 2464 illa
740 2407 1078 2466 inscrutabili
1135 2411 1422 2479 majestate
1463 2411 1680 2475 sentiet,
1715 2410 1816 2464 nisi
1844 2424 2079 2464 vesanus
2107 2410 2199 2474 sit,
2223 2419 2276 2463 et
2302 2423 2488 2464 eorum
2520 2423 2550 2461 e
2583 2423 2806 2462 numero
2833 2407 2923 2478 qui
2977 2418 3209 2462 mentem
3248 2405 3589 2462 amiserunt?

551 2504 696 2560 Ἀλλ’
730 2506 913 2574 ᾑμεῖς,
941 2499 984 2557 ὦ
1015 2504 1257 2573 φίλτατε,
1291 2505 1422 2556 πᾶσι
1470 2506 1583 2566 τοῖς
1611 2503 1871 2566 τοιούτοις
1904 2501 2030 2572 χαί-
2071 2510 2111 2563 Β

467 2615 590 2668 ρειν
626 2596 1012 2659 είπόντες,·τὸν
1039 2596 1398 2666 προκείμενον
1427 2597 1557 2665 ἡμῖν
1602 2593 2032 2664 ἐξεργαξώμεθι

465 2691 651 2758 λόγον.
686 2688 872 2751 Οὐδεὶς
903 2688 1206 2758 ἀπόϐλητος
1253 2687 1332 2756 τῷ
1363 2686 1683 2757 δημιουργῷ
1706 2703 1721 2717 ο
1768 2687 1944 2748 οὐδεὶς
1977 2686 2037 2738 ἐν

466 2782 614 2852 λήθῃ
641 2781 734 2833 τοῦ
770 2780 1122 2850 προνοοῦντος
1154 2783 1374 2834 πάντων
1399 2783 1527 2851 ess;
1549 2796 1562 2811 '
1593 2781 1769 2843 οὐδεὶς
1799 2782 1856 2832 ἐν
1886 2782 2033 2848 μίσει

467 2874 569 2926 τοῦ
625 2872 887 2934 ἀπαθοῦς,
917 2873 1018 2923 οὐκ
1072 2874 1129 2923 ἐν
1177 2872 1407 2941 ἀμελείᾳ
1450 2871 1580 2936 τινὶ,
1611 2874 1710 2923 οὐκ
1768 2872 1824 2923 ἐν
1861 2871 2037 2924 οὐδενὶ

469 2964 584 3016 τῶν
615 2963 892 3017 τοιούτων.
930 2965 1040 3026 Πᾶς
1071 2967 1128 3016 ἐν
1160 2963 1400 3034 φροντίδι
1435 2963 1530 3015 τοῦ
1555 2963 1854 3031 κηδεμόνος
1875 2978 1888 2992 ·
1927 2962 2038 3023 πᾶς

470 3053 533 3103 ἐν
566 3056 748 3124 ἀγάπῃ
776 3055 870 3107 τοῦ
899 3054 1041 3108 τοῦτ’
1068 3056 1199 3107 αὐτὸ
1227 3054 1564 3122 καλουμένου
1590 3071 1603 3086 ο
1637 3053 2040 3122 εὐπρόσδεκτος

474 3146 585 3205 πᾶς
613 3145 882 3207 ὁστισοῦν,
922 3144 1320 3213 μεταμεληθείς
1357 3161 1486 3196 ποτε
1525 3143 1631 3194 τῶν
1657 3142 1863 3195 κακῶν.
1894 3143 1954 3194 Ei
1984 3142 2039 3194 δέ

472 3238 574 3288 καὶ
601 3237 728 3298 τοὺς
775 3237 982 3299 πάντας
1015 3238 1332 3304 παρῄνεγκέ
1363 3253 1445 3298 τις
1477 3236 1578 3287 ἐπ“ι’
1600 3236 1812 3295 κακοῖς.
1843 3235 1937 3286 τὸν
1972 3234 2038 3304 δὴ

473 3329 720 3380 τοιοῦτον
773 3329 996 3391 εἰκότως
1055 3328 1334 3397 χρησίμην
1371 3328 1500 3397 ὓλην
1547 3329 1691 3379 εἴποι
1740 3345 1822 3388 τις
1851 3325 1916 3377 ἂν
1944 3342 2041 3392 γε·

475 3421 747 3488 γενῆσθαι
775 3425 841 3491 τῇ
873 3419 966 3471 τοῦ
997 3420 1132 3472 Θεοῦ
1173 3419 1501 3488 χρηστότητι
1540 3421 1632 3470 καὶ
1665 3418 2043 3486 φιλανθρωπίᾳ

475 3512 616 3579 πρὸς
671 3513 866 3580 ἑαυτῆς
924 3507 1205 3575 ἐπίδειξιν.
1253 3510 1407 3562 Οὗτω
1454 3512 1546 3562 καὶ
1592 3510 1780 3572 παῖδες
1821 3509 2040 3576 ίατρῶν,

476 3604 578 3653 καὶ
627 3604 826 3660 πάντες
855 3600 935 3660 οἷς
967 3603 1264 3671 ἐπιστήμη,
1294 3602 1520 3667 δυνάμει
1560 3602 1658 3669 μὲν
1703 3600 1896 3667 ἀγαθοί
1927 3619 1941 3630 ·
1977 3601 2044 3670 ἦν

476 3691 537 3746 δὲ
572 3692 665 3743 καὶ
697 3689 730 3762 ἡ
757 3691 854 3760 ῦλη
899 3695 1072 3762 παρῇ,
1104 3693 1225 3743 τότε
1280 3692 1465 3742 λοιπὸν
1519 3693 1613 3742 καὶ
1665 3690 1916 3759 ἐνεργείᾳ.
1946 3690 2046 3758 τὴν

478 3784 800 3853 ἐπιστήμην
855 3784 1196 3846 δεικνύντες,
1243 3782 1388 3836 τοῦθ’
1439 3783 1574 3851 ὅπερ
1621 3783 1780 3845 εἰσιν,
1849 3781 2046 3849 ἀγαθοὶ

479 3875 620 3924 πᾶσι
647 3849 929 3938 φαίνονται
954 3887 970 3902 ⁸
1005 3873 1098 3924 καὶ
1123 3873 1161 3940 ἡ
1187 3870 1462 3940 ὑπερϐολὴ
1497 3849 1586 3922 τοῦ
1621 3869 1895 3937 θαύματος
1919 3871 2046 3938 παρ’
2079 3849 2120 3908 c

478 3966 691 4028 αὐτοῖς,
732 3964 780 4016 οἳ
811 3959 1149 4032 διορθοῦνται
1178 3964 1236 4014 τὸ
1264 3962 1666 4030 χαλεπώτερον.
1698 3960 1857 4013 Τοῦτ’
1893 3960 1981 4029 ἀρ’
2017 3962 2049 4028 ἡ

484 4056 698 4123 μείζων
727 4054 984 4118 ἐπίδειξις
1015 4055 1116 4120 τῆς
1145 4054 1463 4106 ἀνεικάστου
1514 4053 1956 4121 φιλανθρωπίας,
1991 4052 2052 4102 τὸ

478 4148 581 4200 τὸν
626 4144 819 4207 σκεῦος
864 4145 1278 4216 χρηματίσαντα
1325 4145 1422 4213 τῆς
1467 4143 1564 4196 τοῦ
1619 4143 1753 4195 Θεοῦ
1805 4145 2049 4212 χάριτος,

481 4237 611 4291 εἶτα
664 4238 852 4300 σκεῦος
898 4239 1160 4305 γεγονότα
1209 4238 1306 4307 τῆς
1356 4237 1639 4306 ἐνεργείας
1671 4235 1766 4288 τοῦ
1812 4235 2053 4306 πονηροῦ

480 4331 577 4385 διὰ
624 4329 888 4397 κακίστην
927 4329 1269 4398 προαίρεσιν,
1301 4329 1469 4394 ἀγγος
1525 4326 1732 4395 πλῆρες
1779 4325 2057 4389 ἀναδεῖξαι

482 4423 590 4486 τῆς
619 4419 1028 4489 φιλανθρωπίας
1055 4419 1293 4488 ἐκείνης,
1318 4413 1386 4480 ἧς
1419 4419 1451 4487 ἡ
1485 4415 1621 4487 πρὸς
1647 4415 1859 4480 πάντας
1890 4415 2056 4485 ἐκχυο

486 4529 600 4574 σις,
631 4511 731 4578 τὴν
785 4509 1028 4562 ὠκεανοῦ
1066 4509 1431 4578 παρατρέχει,
1483 4510 1610 4562 ὅσον
1657 4510 1754 4578 οὐχ
1801 4507 1894 4578 ἥδε
1945 4525 2060 4577 χειο

488 4602 763 4670 μάῤῥους.
791 4597 1097 4670 Τολμήσειε
1141 4599 1186 4650 δ’
1223 4598 1290 4651 ἀν
1330 4593 1632 4665 τις,“οτμαι,
1661 4597 1850 4650 τοῦτον
1885 4597 2060 4649 εἰπεῖν

485 4697 585 4746 καὶ
617 4694 846 4763 ἐκλογῆς
877 4688 1016 4746 εἶναι
1045 4691 1256 4755 σκεῦος,
1294 4690 1476 4753 καλῶς
1500 4707 1563 4758 γε
1595 4687 1922 4743 διαστέλλων
1951 4687 2059 4743 ἀπὸ

487 4786 590 4839 τοῦ
642 4785 877 4838 Παύλου.
921 4783 1160 4844 Ἐκεῖνος
1212 4783 1311 4850 μέν
1360 4781 1474 4850 γὰρ·
1526 4780 1684 4833 τοῦτο
1730 4778 1957 4849 ἐκλήθη,
1994 4778 2062 4832 δι’

486 4878 559 4947 ἣν
598 4876 812 4939 ἐδέξατο
839 4875 996 4943 χάριν
1031 4875 1168 4938 ὑπὲρ
1203 4873 1299 4925 τοῦ
1345 4876 1441 4943 τῆς
1489 4872 1724 4933 πίστεως
1769 4872 2063 4942 κηρύγμα-

486 4987 585 5029 τος
615 4985 630 4997 ·
691 4966 799 5020 Τοῦ
854 4966 961 5033 γὰρ
1007 4963 1340 5028 βαστάσαι,
1379 4964 1532 5032 φησὶ,
1569 4964 1635 5016 τὸ
1699 4963 1886 5032 ὄνομὰ
1939 4981 2060 5030 μου

487 5059 749 5111 ἐνώπιον
794 5055 1003 5120 ἐθνῶν,
1035 5055 1486 5118 καὶβασιειέων,
1515 5054 1658 5108 υἱῶν
1694 5070 1757 5106 τε
1801 5051 2063 5120 Ἰσραήλ·

2229 2502 2483 2558 Sedenim
2519 2517 2637 2564 nos.
2671 2517 2703 2556 ο
2737 2501 3084 2562 charissima,
3117 2503 3369 2554 omnibus
3403 2501 3706 2567 hujusmodi

2143 2595 2528 2664 valerejussis,
2564 2593 2864 2648 orationem
2891 2593 3190 2646 institutam
3217 2593 3578 2661 perﬁciamus.
3607 2594 3709 2647 Ne-

2145 2689 2342 2741 minem
2375 2701 2553 2739 rerum
2579 2686 2756 2754 opifex
2795 2684 2883 2739 ille
2916 2685 3108 2754 rejicit,
3146 2686 3379 2738 neminis
3427 2685 3706 2739 oblivisci-

2147 2789 2234 2832 tur
2267 2779 2359 2846 qui
2391 2778 2643 2832 omnibus
2679 2777 2938 2845 prospicit
2967 2793 2981 2840 ;
3010 2791 3167 2830 nemo
3209 2792 3409 2830 exosus
3433 2786 3514 2830 est
3541 2779 3707 2830 animi

2145 2870 2616 2939 perturbationum
2652 2870 2888 2937 experti,
2923 2884 3024 2923 nec
3053 2871 3119 2922 ab
3151 2884 3214 2922 co
3261 2870 3572 2939 negligitur,
3607 2884 3710 2925 nec

2146 2961 2289 3015 aliud
2324 2960 2449 3028 quid
2487 2960 2745 3029 ejusmodi
2771 2961 3082 3030 experitur:
3119 2975 3276 3015 nemo
3303 2978 3407 3016 non
3432 2962 3550 3030 ejus
3581 2977 3713 3015 cura

2148 3055 2475 3120 continetur,
2508 3055 2596 3122 qui
2626 3070 2809 3108 curam
2862 3056 3110 3108 omnium
3169 3056 3331 3124 gerit,
3391 3070 3547 3110 nemo
3605 3073 3708 3111 uou

2148 3149 2265 3217 ejus
2296 3147 2584 3200 dilectione
2614 3146 2946 3208 continetur,
2979 3147 3066 3213 qui
3119 3148 3219 3201 hoc
3274 3148 3447 3214 ipsum
3511 3163 3709 3202 nomen

2150 3237 2332 3291 habet.
2377 3237 2741 3304 Acceptabilis
2795 3235 2872 3289 illi
2924 3237 3122 3305 quivis,
3158 3252 3184 3290 a
3215 3238 3361 3291 vitiis
3417 3239 3716 3304 aliquando

2149 3329 2239 3397 qui
2271 3328 2581 3396 resipuerit.
2611 3326 2762 3391 Quod
2794 3328 2840 3380 si
2873 3328 2995 3394 quis
3029 3342 3219 3380 omnes
3250 3329 3410 3381 etiam
3446 3330 3589 3382 vitiis
3622 3346 3712 3384 sua

2151 3421 2375 3490 perarit,
2403 3435 2521 3473 eum
2551 3433 2655 3470 non
2681 3421 2746 3470 ab
2781 3433 2836 3470 re
2860 3417 3058 3470 factum
3093 3419 3213 3486 quia
3243 3420 3442 3472 dixerit
3466 3420 3711 3476 idoneam

2153 3511 2432 3565 materiam
2469 3509 2691 3563 bonitati
2729 3509 3138 3576 clcmcntircque
3175 3511 3397 3569 divinae.
3426 3521 3482 3565 nt
3520 3514 3569 3567 iu
3645 3528 3710 3567 co

2153 3617 2270 3656 sese
2306 3601 2561 3654 declaret.
2601 3600 2690 3654 Sic
2724 3601 2886 3653 etiam
2927 3603 3144 3665 medici,
3174 3611 3226 3655 et
3260 3619 3449 3656 onmes
3483 3605 3709 3659 scicntia

2152 3692 2381 3762 praaditi,
2416 3691 2539 3744 boni
2574 3691 2791 3759 quidem
2816 3706 2933 3745 esse
2952 3703 3200 3760 possunt,
3231 3708 3416 3746 verum
3449 3695 3492 3748 si
3525 3705 3578 3748 et
3604 3712 3718 3747 ma-

2158 3785 2320 3838 teries
2347 3782 2508 3847 adsit,
2543 3793 2664 3836 actu
2688 3797 2902 3851 quoque
2930 3784 3213 3837 scientiam
3272 3787 3588 3852 probantes,
3664 3789 3714 3839 id

2155 3872 2294 3942 quod
2327 3882 2469 3936 sum,
2511 3873 2764 3926 omnibus
2796 3889 2918 3928 esse
2955 3874 3076 3926 boui
3101 3876 3373 3929 videntur.
3407 3875 3469 3928 Et
3531 3876 3715 3929 admi-

2159 3967 2422 4020 rationem
2458 3966 2530 4018 illi
2566 3965 2719 4032 longe
2751 3967 3046 4018 maximam
3081 3976 3382 4030 merentur,
3449 3970 3538 4036 qui
3576 3968 3719 4022 dun.

2157 4058 2315 4111 cilius
2350 4056 2553 4124 aliquid
2587 4057 2799 4124 egregie
2826 4057 3134 4122 perficiunt.
3197 4060 3370 4127 Atque
3419 4061 3531 4113 hare
3587 4077 3721 4115 sane

2161 4148 2392 4200 maxima
2444 4144 2738 4200 declaratio
2795 4147 3192 4201 inaestimabilis
3246 4160 3332 4203 est
3380 4160 3436 4204 et
3495 4153 3722 4206 inﬁnita:

2159 4235 2303 4291 illius
2321 4235 2648 4307 clementiae,
2681 4236 2823 4304 quod
2847 4250 2993 4302 eum,
3021 4240 3112 4306 qui
3152 4239 3347 4294 divinae
3379 4241 3715 4296 instrumen-

2160 4335 2272 4380 tum
2301 4340 2422 4380 esse
2456 4325 2686 4380 debebat
2713 4327 2921 4393 gratiae,
2963 4337 3258 4397 posteaque
3295 4331 3722 4389 instrumentum

2160 4420 2495 4475 efficacitatis
2527 4420 2748 4490 maligni
2788 4419 2933 4474 illius
2968 4422 3218 4478 instituto
3242 4427 3482 4493 pessimo
3547 4427 3726 4485 factus

2161 4523 2264 4578 est,
2288 4527 2384 4567 vas
2413 4512 2766 4583 plenumejus
2801 4513 3101 4568 clementiae
3140 4516 3401 4580 declarat,
3464 4520 3619 4589 cujus
3671 4523 3728 4575 in

2161 4616 2350 4656 omnes
2390 4599 2580 4655 elfusio
2609 4601 2810 4667 majore
2841 4602 3009 4658 vincit
3042 4606 3199 4673 copia
3271 4608 3470 4662 ﬂuxrnn
3525 4615 3719 4667 Oceani

2163 4705 2324 4759 quam
2365 4689 2523 4756 hujus
2563 4690 2720 4744 unda:
2752 4699 3023 4747 torrentes
3069 4706 3350 4763 superant.
3412 4698 3477 4752 Et
3506 4701 3726 4768 quidem

2164 4780 2472 4850 hujusmodi
2496 4779 2766 4834 hominem
2795 4791 2942 4836 recte
2961 4785 3106 4851 quis,
3130 4787 3343 4853 opinor,
3376 4789 3522 4843 ausit
3548 4793 3732 4846 dicere

2167 4886 2260 4925 vas
2289 4872 2452 4924 etiam
2495 4871 2779 4927 electionis
2809 4889 2955 4938 esse,
3013 4878 3058 4931 si
3117 4893 3239 4932 eum
3274 4895 3305 4934 a
3357 4879 3528 4936 Paulo
3582 4894 3732 4940 recte

2165 4962 2490 5031 distinguat.
2515 4961 2725 5044 .Paulus
2749 4964 2891 5019 enim
2945 4967 3044 5020 hoc
3108 4971 3326 5025 nomine
3372 4984 3595 5027 vocatus
3647 4989 3726 5032 est

2168 5056 2237 5110 ob
2270 5070 2384 5108 eam
2419 5055 2645 5121 gratiam
2668 5071 2827 5122 quam
2858 5059 3211 5124 praedicanda:
3237 5077 3398 5118 causa
3432 5068 3551 5120 fidei
3573 5083 3732 5123 accu-

488 5143 658 5208 οὗτος
687 5147 742 5198 δέ
775 5145 873 5216 τὴν
919 5146 1112 5213 κλῆσιν
1157 5144 1362 5214 ταύτην
1392 5145 1595 5206 δίκαιος
1633 5143 1699 5196 ἀν
1742 5142 1830 5212 εἴη
1863 5141 2066 5211 κληθῆ-
2095 5169 2140 5225 ο
2170 5153 2340 5213 perat.

1863 5141 2066 5211 κληθῆ-
2095 5169 2140 5225 ο
2170 5153 2340 5213 perat.
2374 5143 2438 5198 Ut
2472 5154 2661 5213 gestes,
2707 5146 2882 5214 inquit
2929 5148 3089 5211 Deus.
3136 5168 3319 5206 nomen
3352 5171 3520 5207 meum
3551 5174 3728 5213 eorum

489 5258 611 5300 ναι,
645 5237 724 5299 ὡς
778 5237 1004 5306 μηδενὸς
1050 5237 1201 5299 ὄντος
1248 5237 1433 5304 ἐτέρου
1486 5235 1922 5304 ἐπιτηδειοτέρου
1973 5233 2064 5285 τὸν

491 5331 653 5381 ἐλεον
682 5329 935 5394 δέξασθαι
965 5328 1056 5380 τοῦ
1081 5327 1237 5382 Θεοῦ.
1265 5328 1472 5379 Πολλὰ
1496 5326 1614 5394 μὲν
1638 5327 1746 5395 γὰρ
1771 5326 1839 5378 τὰ
1872 5326 2064 5391 σκεύη

490 5418 688 5486 ἐν’τῇ
721 5417 952 5488 μεγάλῃ
993 5419 1171 5485 οἰκίᾳ,
1210 5417 1343 5487 φησὶ
1371 5417 1430 5468 τὸ
1461 5416 1651 5478 σκεῦος
1684 5417 1781 5485 τῆς
1809 5415 2061 5486 ἐκλογῆς,

492 5515 575 5567 οὐ
625 5510 823 5563 πάντα
871 5509 938 5564 δὲ
991 5510 1142 5577 πρὸς
1192 5511 1306 5576 τὴν
1335 5506 1552 5573 αὐτὴν,
1602 5507 1741 5561 ἀλλ’
1781 5507 1957 5575 ἕτερά
2000 5525 2066 5577 γε

496 5607 662 5673 πρὸς
717 5605 908 5682 ἄλλας
963 5605 1165 5672 χρείας
1223 5603 1555 5671 ήτοίμαστό
1610 5618 1673 5654 τε
1738 5601 1837 5654 καὶ
1889 5618 2064 5655 κατε-

494 5698 835 5751 σκεύαστο.
867 5697 975 5748 Καὶ
1016 5698 1149 5763 πρδς
1192 5694 1289 5763 μὲν
1323 5693 1495 5764 μύρου
1545 5691 1705 5763 δοχὴν
1749 5692 2067 5762 ἀλάϐαστρά

492 5807 558 5845 τε
592 5789 688 5840 καὶ
715 5789 782 5839 τὰ
826 5788 1069 5850 τοιαῦτα,
1104 5789 1192 5840 καὶ
1223 5788 1284 5838 ἐκ
1332 5779 1561 5837 τῶδτωνὶ
1607 5785 1714 5837 τῶν
1760 5787 2064 5854 περιμαχή.

578 5907 598 5938 ⁸
628 5906 674 5959 ιι
705 5903 844 5958 Tim.
880 5920 936 5972 ιι,
962 5905 1052 5960 20.

2169 5238 2432 5305 gentibus,
2459 5247 2506 5290 et
2537 5239 2765 5305 regibus,
2795 5249 2843 5291 et
2870 5240 2996 5306 [iliis
3049 5241 3291 5298 Israelis.
3329 5245 3430 5300 llic
3499 5264 3618 5302 vero
3640 5269 3733 5319 ap-

2169 5329 2506 5395 pellationem
2526 5328 2658 5380 hanc
2688 5333 2868 5383 merito
2889 5336 3222 5401 consequitur
3246 5374 3260 5400 ,
3284 5353 3401 5388 cum
3457 5355 3606 5392 nemo
3667 5344 3733 5395 sit

2175 5421 2311 5474 alius
2343 5421 2510 5488 magis
2547 5420 2758 5473 idoneus
2793 5421 2860 5473 ad
2888 5425 3247 5491 excipiendam
3303 5427 3400 5482 Dei
3432 5432 3734 5496 misericor-

2174 5515 2337 5566 diam.
2372 5517 2510 5564 Nam
2535 5527 2660 5564 vasa
2685 5514 2891 5580 quidem
2931 5517 3096 5569 multa
3131 5530 3252 5572 sunt
3273 5523 3326 5573 in
3354 5525 3530 5592 ampla
3556 5527 3733 5587 domo,

2176 5604 2350 5672 inquit
2368 5616 2460 5654 vas
2482 5601 2611 5654 illud
2628 5601 2933 5668 electionis,
2950 5623 3050 5660 non
3069 5612 3244 5663 omnia
3261 5629 3375 5666 vero
3394 5615 3464 5666 ar!
3479 5615 3736 5681 eumdem,

2175 5698 2264 5751 sed
2293 5696 2360 5747 ad
2389 5694 2520 5748 alios
2552 5710 2677 5746 usus
2713 5694 2822 5750 alia
2878 5711 3069 5766 parata
3104 5713 3228 5756 sunt
3255 5714 3409 5774 atque
3447 5707 3755 5773 confecla'.‘

2176 5787 2440 5858 Unguenti
2475 5801 2570 5857 pro
2600 5791 2966 5861 receptaculo,
3004 5794 3304 5864 alabastra,
3340 5808 3394 5855 et
3421 5798 3584 5870 hujus
3637 5813 3729 5869 ge-
