4748 6512
209 542 308 603 517
1623 536 1899 600 ORATIO
1926 538 2025 603 VI.

1623 536 1899 600 ORATIO
1926 538 2025 603 VI.
3328 531 3432 593 518

204 656 475 719 λυσιτελὲς
502 656 834 726 ἀφορῶντες,
853 658 948 712 καὶ
970 658 1029 711 τὸ
1054 657 1175 727 ἡδὺ,
1211 659 1388 710 πάντα
1424 658 1760 726 πράττομεν.
1794 665 1839 716 Α
1866 658 2079 725 quidem

1560 674 1760 726 ττομεν.
1794 665 1839 716 Α
1866 658 2081 725 quidem
2140 658 2253 724 ipsa
2296 656 2448 711 valde
2475 656 2756 725 perspicua
2790 663 2894 709 est.
2939 654 3053 707 Non
3118 651 3264 706 enim
3309 665 3435 718 pro-

204 749 364 801 Ὂθεν
392 747 456 818 δὴ
486 750 580 800 καὶ
610 748 712 815 τῆς
737 751 978 817 ἀγάπης,
1013 750 1087 811 ὡς
1112 749 1311 811 ἔοικεν,
1340 750 1435 801 οὐκ
1463 746 1763 817 ἀληθευού·
1865 757 1986 818 pter
2013 748 2079 801 lllt

1533 746 1763 817 ηθευού·
1865 757 1986 818 pter
2013 748 2132 801 illos
2163 750 2309 817 ipsos
2328 762 2463 817 quos
2505 748 2807 819 diligimus,
2846 760 3020 814 neque
3046 754 3263 812 propter
3278 742 3404 797 Cbri

205 854 325 907 σης,
361 839 411 891 εί
444 839 536 891 καί
565 856 618 893 τι
656 839 919 907 λήψονται
951 840 1081 910 παρ’
1110 840 1269 909 ἡμῶν
1291 842 1339 892 oi
1371 840 1616 907 δεόμενοι
1654 838 1761 891 τῶν
1863 848 2009 895 stum
2043 854 2073 893 e

1557 857 1616 891 »οι
1654 838 1761 891 τῶν
1863 848 2009 895 stum
2043 848 2098 893 et
2130 840 2247 909 ejus
2283 842 2555 902 mandata,
2606 854 2780 907 neque
2836 837 3005 907 ipsius
3069 835 3194 889 boni
3245 850 3432 903 causa,

204 930 392 997 φίλων,
432 930 466 999 ἢ
500 930 782 998 προτέρων
816 931 979 983 ἕνεκα
1022 930 1241 999 δωρεῶν
1269 930 1431 983 τοῦτο
1462 931 1694 997 γίνεται,
1729 930 1761 998 ἢ
1866 932 1963 987 sed
1995 932 2079 986 idi

1558 948 1694 990 ιται.
1729 930 1761 998 ἦ
1866 932 1963 987 sed
1995 932 2047 986 id
2072 934 2214 1001 quod
2233 934 2489 1001 expedire
2522 934 2755 997 videtur,
2782 941 2834 985 et
2868 931 3198 998 voluptatem
3223 929 3433 982 intuen-

204 1016 578 1087 ἐλπιζομένων
611 1021 838 1090 ἐτέρων.
868 1020 1051 1073 Ταῦτα
1070 1021 1137 1089 δὴ
1163 1022 1229 1074 τὰ
1258 1022 1356 1091 τὴν
1387 1022 1573 1089 φιλίαν
1606 1022 1762 1091 ἡμῶν
1868 1032 1972 1087 tes,
2006 1038 2079 1076 οη

1558 1040 1573 1073 φ
1606 1022 1762 1091 ἡμῶν
1868 1032 1972 1087 tes,
2006 1023 2187 1077 omnia
2222 1024 2471 1077 facimus.
2501 1021 2843 1091 Quapmpter
2901 1033 2956 1076 et
2988 1022 3103 1089 ipsa
3166 1020 3433 1084 charitas,

205 1113 561 1179 συνιστῶντα,
600 1113 653 1166 εί
694 1130 756 1181 γε
808 1114 906 1167 καὶ
950 1114 1137 1183 φιλίαν
1176 1116 1377 1185 ταύτην
1420 1115 1606 1167 καλεῖν
1637 1116 1764 1185 χρὴ,
1869 1117 1943 1168 uti
1977 1115 2080 1169 vidi

1562 1118 1606 1166 ῖν
1637 1116 1764 1185 χρὴ,
1869 1117 1943 1168 uti
1977 1115 2207 1177 videtur,
2241 1130 2363 1167 cum
2397 1129 2520 1167 vera
2560 1130 2664 1169 non
2691 1116 2783 1175 sit,
2808 1114 3023 1167 etiamsi
3083 1113 3211 1182 quid
3250 1127 3280 1165 a
3339 1127 3437 1164 no-

202 1204 336 1255 ἀλλὰ
390 1203 465 1273 μὴ
513 1196 783 1274 καπήλοις
827 1207 941 1257 τισὶ
988 1207 1303 1272 πρέπουσαν
1358 1208 1651 1278 ἐμπορίαν.
1686 1207 1765 1259 Τά
1871 1207 1952 1259 bis
1973 1222 2077 1275 ege.

1567 1225 1651 1261 αν.
1686 1207 1765 1259 Td:
1871 1207 1952 1259 bis
1973 1218 2191 1275 egentes
2217 1206 2376 1259 amici
2404 1207 2703 1275 accipiant,
2736 1216 2915 1260 tamen
2984 1206 3085 1259 boe
3106 1205 3191 1257 vel
3240 1218 3437 1274 praeco.

203 1296 332 1360 γοῦν
371 1293 494 1347 καθ’
526 1297 693 1365 ἡμᾶς,
731 1298 827 1349 καὶ
877 1298 1149 1366 ἡμέτερα,
1181 1299 1406 1351 τοιαῦτα
1458 1303 1554 1351 καὶ
1588 1297 1766 1361 οὕτως
1870 1300 2074 1353 deutiui

1588 1297 1766 1361 οὕτως
1870 1300 2111 1353 dentium
2146 1300 2225 1353 vel
2269 1300 2572 1368 positorqu
2597 1300 2649 1354 in
2686 1314 2779 1367 Spe
2810 1314 3097 1352 munerum
3156 1315 3319 1353 causa
3357 1298 3433 1350 lit.

203 1390 417 1455 ἔχοντα.
460 1388 523 1439 '0
560 1388 617 1440 δέ
650 1404 713 1455 γε
750 1389 963 1452 πλάσας
1010 1393 1158 1459 ἡμᾶς
1189 1392 1320 1454 Θεὸς
1351 1393 1533 1461 χαίρει
1578 1392 1655 1461 τῷ
1691 1391 1769 1443 δι-
1872 1388 1997 1443 1⁷ΙὶΕο
2030 1406 2073 1443 SI

1578 1392 1655 1461 τῷ
1691 1391 1769 1443 δι·
1872 1388 1997 1443 Hice
2030 1399 2156 1443 sunt
2179 1389 2267 1443 an
2292 1392 2501 1445 scilicet
2529 1391 2825 1444 amicitiam
2853 1406 2973 1457 qua:
3011 1402 3251 1444 nosuam
3318 1401 3426 1442 sta-

202 1479 350 1530 δόναι
402 1479 623 1548 μᾶλλον,
658 1481 689 1549 ἢ
725 1483 883 1551 ἡμεῖς
927 1482 1320 1552 λαμϐάνοντες.
1354 1487 1459 1538 Καὶ
1503 1486 1624 1537 οὐδὲ
1670 1485 1768 1555 λή-
1873 1481 2077 1536 ὺίΙίυιιι

1567 1486 1624 1537 δὲ
1670 1485 1768 1555 λή-
1873 1481 2093 1546 biliunt,
2130 1481 2176 1535 si
2209 1483 2425 1548 quidem
2457 1483 2771 1550 appellanda
2802 1487 2886 1535 est
2915 1481 3030 1535 haec
3050 1482 3312 1545 amicitia,
3376 1496 3438 1535 ac

202 1570 365 1639 ψεταί
394 1588 523 1625 ποτε
560 1573 717 1642 κόρον
745 1575 1075 1644 εὐεργετῶν,
1094 1576 1388 1646 ἀγαθότητι
1420 1577 1766 1647 κινούμενος.
1873 1590 1977 1628 non
2015 1590 2077 1642 po

1562 1577 1766 1647 ὄμενος.
1873 1590 1977 1628 non
2015 1576 2193 1642 potius
2230 1575 2425 1627 decens
2457 1587 2730 1640 caupones
2757 1581 3015 1639 quaestus.
3052 1573 3105 1625 In
3145 1574 3292 1628 hunc
3323 1589 3437 1628 mo—

204 1663 280 1715 Οὐ
310 1663 444 1734 γὰρ,
476 1663 544 1718 ἵν’
573 1665 765 1736 ἐκείνῳ
808 1666 1182 1736 προσγένηται
1226 1685 1278 1721 τι
1322 1670 1431 1721 ἀπὸ
1468 1668 1575 1722 τῶν
1602 1668 1769 1722 αὐτοῦ
1873 1668 1999 1719 dum
2032 1681 2079 1718 re

1558 1668 1769 1722 θαύτοῦ
1873 1668 1999 1719 dum
2032 1681 2120 1718 res
2149 1674 2345 1719 nostra!
2369 1674 2696 1732 comparata:
2729 1674 2877 1718 sunt.
2919 1664 2985 1717 At
3012 1666 3148 1733 ipse,
3185 1662 3279 1733 qui
3334 1679 3433 1718 nos

204 1755 737 1827 δημιουργημάτων,
799 1760 919 1813 οὐδὲ
979 1760 1054 1824 ὡς
1121 1761 1484 1831 ὑπαρξάντων
1548 1763 1771 1814 ἐκείνων
1878 1758 2053 1822 finxit,

1563 1763 1771 1814 ἐκείνων
1878 1758 2053 1822 finxit,
2092 1758 2254 1821 Deus,
2292 1757 2568 1825 largiendo
2606 1759 2781 1828 magis
2810 1759 3111 1813 delectatur
3145 1773 3307 1828 quam
3342 1774 3438 1812 nos

202 1846 523 1913 ἡστινοσοῦν
572 1848 797 1918 χάριτος
821 1866 837 1881 ·
873 1851 995 1915 πῶς
1028 1852 1180 1922 γάρ;
1211 1853 1301 1907 διὰ
1348 1854 1411 1923 δὴ
1441 1854 1619 1908 ταῦτα
1649 1856 1772 1908 οὐδὲ
1875 1848 2077 1917 accipis

1556 1872 1619 1908 τα
1649 1856 1772 1908 οὐδὲ
1875 1848 2215 1917 accipiendo.
2237 1847 2347 1903 Nec
2382 1854 2620 1918 unqttam
2647 1850 3019 1907 benefaciendi
3052 1851 3277 1904 satietas
3311 1866 3431 1903 eum

204 1935 306 2002 τὴν
337 1937 559 2005 ἀγάπην
604 1940 814 1995 ὲκείντιυ
866 1942 964 2008 τὴν
1012 1942 1145 2013 πρὸς
1172 1946 1320 2013 ἡμᾶς
1349 1945 1459 1997 τῶν
1488 1946 1773 2014 ὲνδεχομὲ-
1806 1985 1847 2041 Β
1876 1941 2068 2008 capiet.

1563 1946 1773 2014 Βεχομὲ-
1806 1985 1847 2041 Β
1876 1941 2068 2008 capiet,
2102 1940 2193 2008 qui
2224 1942 2289 1995 ad
2318 1943 2418 1995 boc
2445 1942 2688 1997 bonitate
2714 1958 2811 1998 sua
2830 1941 3146 2011 impellitur.
3163 1940 3276 1995 Non
3296 1943 3438 1996 enim

207 2043 315 2077 νων
354 2030 469 2081 ἐστι
505 2030 815 2099 κινηθῆναι.
861 2032 1077 2102 Ἐπειδὴ
1124 2034 1233 2103 γὰρ
1258 2036 1339 2097 είς
1375 2036 1434 2088 τὸ
1462 2035 1685 2103 ἀγαπᾷν
1715 2054 1774 2089 τε
1807 2030 1846 2041 “’
1876 2032 1979 2085 hoc
2005 2031 2082 2084 idc

1553 2036 1685 2103 ιπᾷν
1715 2054 1774 2089 τε
1807 2030 1846 2041 “’
1876 2032 1979 2085 hoc
2005 2031 2124 2085 idco
2146 2031 2295 2094 facit,
2324 2041 2380 2086 ut
2410 2035 2458 2086 ei
2484 2034 2598 2088 suis
2622 2049 2651 2086 a
2694 2034 2894 2089 creatis
2943 2034 3148 2103 aliquid
3177 2037 3428 2099 accedat,

207 2122 305 2173 καὶ
330 2116 386 2171 εὖ
416 2123 588 2172 ποιεῖν
615 2120 676 2173 τὸ
708 2122 894 2176 κινοῦν
916 2124 1071 2177 οὐδέν
1106 2125 1256 2178 ἐστιν
1281 2126 1525 2196 ἕτερονῆ
1557 2132 1589 2196 η
1621 2126 1778 2179 ἀπει-

209 2230 303 2279 ρος
340 2212 551 2265 ἐκείνου
603 2215 913 2284 χρηστότης
936 2232 996 2267 τε
1026 2216 1124 2270 καὶ
1165 2217 1498 2286 ἀγαθωσύνη
1526 2234 1539 2247 ο
1568 2218 1775 2287 ταύτην

204 2304 264 2355 δὲ
323 2304 471 2356 πᾶσα
523 2304 739 2374 ἀνάγκη
790 2305 1056 2368 ὡσαύτως
1110 2308 1273 2377 ἔχειν,
1316 2310 1410 2361 καὶ
1463 2309 1562 2378 τὴν
1605 2311 1776 2377 αὐτὴν

204 2389 351 2448 εῖναι
377 2409 390 2424 ·
433 2395 668 2464 φανερὸν
718 2395 890 2449 ἅπασι
928 2398 1199 2465 γίγνεται,
1249 2399 1324 2460 ὡς
1367 2400 1521 2451 ἔσται
1572 2400 1668 2451 καὶ⁹
1707 2401 1776 2452 τά

204 2490 348 2557 πρὸς
396 2490 544 2557 ἡμᾶς
597 2486 656 2550 ἐξ
713 2489 947 2550 ἐκείνου,
976 2491 1162 2543 ὁποῖόν
1209 2492 1262 2544 τί
1307 2491 1419 2544 ἐστι
1465 2493 1684 2543 κάκεῖνο
1715 2492 1775 2543 τὸ

205 2578 415 2631 κινοῦν.
447 2578 553 2631 Καὶ
580 2574 739 2629 τοῦτο
769 2579 932 2631 παντί
958 2595 1058 2630 που
1092 2578 1276 2647 δῆλον.
1320 2580 1412 2633 Ἐκ
1455 2580 1771 2647 περιουσίας

200 2668 266 2721 δὲ
302 2669 397 2735 νῦν
428 2669 557 2738 ἐρῶ.
589 2669 756 2723 Ὅταν
781 2670 887 2739 γὰρ
916 2670 986 2721 τὰ
1009 2672 1106 2740 τὴν
1143 2672 1365 2739 ἀγάπην
1396 2675 1526 2741 ἡμῖν
1562 2674 1774 2725 κινοῦν-

202 2780 299 2827 τα,
335 2760 459 2829 μηδ’
482 2761 789 2814 ὁπωστιοῦν
822 2761 1042 2832 κινηθῇ,
1078 2762 1195 2814 τότε
1230 2764 1320 2815 καὶ
1352 2765 1508 2831 ἡμεῖς
1531 2764 1773 2832 δηλονότι

200 2852 526 2904 παντάπασι
560 2852 773 2920 παγίως
805 2853 1074 2920 ίστάμεθα
1108 2854 1165 2904 ἐν
1192 2854 1268 2922 τῷ
1301 2855 1542 2924 ἀγαπᾷν.
1585 2856 1690 2909 Καὶ
1726 2858 1773 2908 εί

202 2943 297 3012 ἐφ’
346 2944 504 3012 ἡμῶν
551 2942 709 2996 τοῦτο
760 2946 1007 3011 γίγνεται
1073 2945 1255 3016 πολλῷ
1310 2963 1373 3014 γε
1430 2949 1631 3015 μᾶλλον
1681 2951 1773 3003 ἐπὶ

202 3036 369 3088 Θεοῦ.
414 3037 565 3088 Ἑπεὶ
603 3036 658 3088 δὲ
689 3037 721 3105 ἠ
758 3036 852 3089 τοῦ
900 3036 1034 3090 Θεοῦ
1072 3039 1207 3107 πρὸς
1248 3042 1391 3108 ἡμᾶς
1432 3040 1619 3109 ἀγάπη
1674 3043 1772 3092 οὐκ

202 3128 411 3192 ἔξωθέν
450 3128 614 3182 ποθέν
651 3130 767 3182 ἐστι
799 3130 1035 3194 πάντως,
1074 3130 1188 3183 ἀλλ’
1225 3132 1314 3198 ὑφ’
1354 3133 1555 3201 ἑαυτῆς
1602 3136 1773 3187 κινεῖ-

200 3239 298 3273 ται
324 3235 339 3250 ⁸
372 3222 581 3291 ἀνάγκη
617 3221 819 3291 ταύτην
849 3223 1108 3286 ὡσαύτως
1132 3225 1276 3291 ἔχειν
1307 3225 1397 3277 τὸν
1428 3226 1608 3279 πάντα
1644 3228 1770 3295 χρό-

1876 2139 1976 2177 nec
2006 2122 2155 2190 quod
2193 2124 2280 2178 illa
2314 2126 2462 2193 prius
2490 2126 2708 2196 aliquod
2740 2127 2794 2180 in
2824 2140 2946 2180 eum
2968 2126 3286 2181 benelicium
3315 2142 3444 2180 con-

1877 2216 2099 2269 tulerint
2130 2230 2145 2268 :
2178 2232 2285 2285 quo
2307 2217 2451 2271 enim
2479 2217 2533 2271 id
2568 2218 2762 2285 pacto?
2784 2218 2979 2286 quibus
2999 2233 3127 2272 sane
3154 2222 3220 2271 de
3238 2220 3439 2281 causis,

1877 2322 1974 2359 nec
2012 2306 2179 2374 ipsius
2216 2321 2340 2373 erga
2408 2321 2507 2361 nos
2550 2320 2701 2360 amor
2736 2315 2793 2359 ut
2844 2306 2963 2360 loco
3017 2317 3295 2361 moveatur
3346 2319 3442 2361 aut

1875 2408 2135 2460 tnutetur,
2165 2398 2385 2450 confieri
2420 2406 2615 2464 potest.
2644 2397 2774 2451 Nam
2803 2413 2925 2452 cum
2982 2399 3128 2453 nulla
3188 2415 3274 2454 res
3334 2401 3437 2453 alia

1874 2492 1945 2543 sit
1978 2505 2096 2557 qua:
2127 2491 2301 2558 ipsum
2329 2490 2395 2544 ad
2427 2490 2715 2543 amandum
2758 2500 2812 2544 et
2842 2492 3290 2548 benefaciendum
3333 2494 3434 2545 im-

1874 2581 2035 2648 pellat
2058 2597 2222 2648 quant
2253 2581 2463 2636 inlinita
2491 2582 2791 2652 benignitas
2816 2583 2934 2651 ejus
2982 2592 3145 2651 atque
3200 2584 3435 2649 bonitas,

1872 2685 1990 2723 eam
2025 2685 2152 2724 vero
2185 2670 2345 2739 plane
2380 2685 2599 2724 necesse
2631 2670 2705 2725 sit
2762 2672 2952 2725 eodem
2993 2670 3239 2724 aﬂ'ectam
3280 2675 3440 2725 modo

1873 2772 1927 2815 et
1950 2763 2195 2815 eamdem
2235 2776 2356 2817 esse
2402 2779 2417 2815 :
2457 2761 2749 2816 manifesto
2784 2770 2928 2828 patet
2959 2764 3306 2829 onmibus,et
3352 2766 3438 2817 illa

1873 2866 1991 2921 quae
2013 2852 2063 2905 in
2091 2867 2187 2906 nos
2217 2851 2282 2905 ab
2318 2852 2434 2920 ipso
2474 2852 2915 2918 proficiscuntur,
2957 2853 3085 2905 talia
3114 2854 3248 2916 fore,
3278 2856 3441 2920 quale

1872 2943 2219 3013 quiddamest
2250 2944 2298 2997 id
2319 2944 2461 3013 quod
2479 2960 2599 2998 eum
2632 2944 2895 3013 impellit,
2932 2954 3093 3013 atque
3110 2944 3212 2999 bne
3236 2947 3441 3015 persid-

1874 3049 2032 3087 cuum
2071 3033 2243 3087 cuivis
2273 3043 2374 3087 est.
2412 3032 2597 3087 Dicam
2632 3048 2810 3087 auem
2843 3035 3048 3101 aliquid
3072 3051 3138 3088 ex
3177 3052 3439 3105 superia-

1874 3139 1997 3178 cuo.
2027 3124 2235 3194 Quippe
2266 3138 2390 3179 cum
2418 3140 2481 3179 ea
2513 3140 2633 3194 quae
2658 3140 2897 3180 antorem
2924 3127 2976 3179 in
3008 3126 3165 3180 uobis
3197 3129 3441 3182 excitant

1875 3216 2030 3284 plane
2064 3217 2423 3286 nouamplius
2450 3218 2675 3285 impulsa
2711 3227 2966 3287 motaque
3031 3218 3258 3285 fuerint,
3310 3230 3439 3275 tunc

199 3330 322 3373 νον,
347 3315 443 3366 καὶ
490 3315 558 3365 τὰ
608 3314 744 3382 πρὸς
781 3317 927 3384 ἡμᾶς
959 3314 1019 3380 ἐξ
1047 3317 1263 3385 ἐκείνης
1296 3317 1373 3385 τῷ
1411 3318 1613 3382 ταύτης
1648 3318 1773 3387 ὕψει
1804 3314 1847 3371 C
1880 3306 2045 3361 εῑίδιι)

1564 3336 1613 3382 ης
1648 3318 1773 3387 ὓψει
1804 3314 1847 3371 C.
1880 3306 2045 3361 etiam
2083 3322 2180 3362 nos
2211 3308 2418 3363 scilicet
2451 3310 2502 3362 iu
2538 3324 2722 3364 amore
2758 3310 2900 3363 velut
2923 3310 3127 3363 immoti
3185 3311 3439 3365 subsi‘ti-

205 3404 420 3474 μᾶλλον
463 3406 780 3473 συμὸαίνειν
828 3406 862 3476 ἢ
913 3408 976 3475 τῇ
1031 3407 1274 3479 ἡμετέρᾳ
1316 3408 1633 3480 φαυλότητι.
1675 3412 1774 3463 Διά

207 3493 371 3547 οιῦτο
420 3496 516 3548 καὶ
569 3496 842 3564 προτείνει
872 3498 1037 3550 πᾶσιν
1086 3496 1211 3565 ἑξῆς
1263 3498 1399 3567 πρὸς
1436 3501 1546 3563 τοῖς
1592 3500 1773 3565 ἄλλοις

198 3586 437 3653 ἀγαθοῖς
471 3591 498 3640 ό
542 3589 735 3658 Σωτὴρ
774 3590 1026 3642 κάκεῖνον
1064 3591 1315 3659 ἀφθόνως
1360 3593 1450 3645 τὸν
1478 3592 1772 3662 θησαυρ“.ν,

198 3679 265 3731 ὃν
300 3680 504 3739 ἐκεῖνος
555 3681 752 3747 ἀφῖκτο
800 3680 984 3750 φέρων
1030 3680 1089 3745 ἐξ
1140 3682 1391 3751 ούρανοῦ.
1423 3684 1533 3737 Καὶ
1587 3684 1645 3736 τὸ
1694 3686 1775 3747 είς

199 3774 419 3825 ἐκεῖνον
456 3766 609 3841 ἦκον,
643 3772 815 3835 οὐδείς
851 3790 938 3825 πω
979 3773 1088 3825 τῶν
1130 3774 1432 3845 ἀνθρώπων
1485 3777 1773 3844 ἐστέρηται

197 3862 310 3930 τῆς
334 3862 667 3931 τηλικαύτης
691 3863 1014 3930 εὐεργεσίας
1036 3880 1049 3894 ⁸
1077 3866 1214 3918 ἀλλά
1239 3868 1323 3936 ῥεῖ
1348 3868 1408 3919 τὸ
1437 3866 1664 3935 ἀγαθὸν,
1682 3870 1776 3919 καὶ

198 3955 454 4020 ἐκχεῖται
514 3955 788 4021 πανταχοῦ
846 3954 947 4023 τῆς
998 3955 1323 4026 οἰκουμένης
1378 3957 1620 4026 ἀπάσης,
1682 3959 1778 4009 καὶ

197 4045 391 4110 ἔξεστι
436 4045 562 4105 τοὺς
614 4046 818 4108 πάντας
866 4049 1068 4118 προῖκα
1117 4048 1391 4110 πλουτεῖν,
1425 4050 1519 4101 καὶ
1558 4051 1775 4102 ἀκονιτὶ

196 4138 322 4189 τῶν
362 4136 583 4203 ἀγαθῶν
612 4139 999 4206 ἐμφορεῖσθαιο
1031 4139 1197 4193 ἔδωκε
1233 4140 1342 4209 γὰρ
1367 4142 1774 4211 αύτοῖς,φησὶν,

197 4226 462 4290 ἐξουσίαν
504 4229 669 4283 τέκνα
719 4226 856 4280 Θεοῦ
890 4226 1171 4295 γενέσθαι.
1208 4229 1273 4283 El
1308 4229 1360 4282 δὲ
1409 4231 1647 4296 τάγαθόν
1691 4247 1777 4293 τις

195 4315 481 4385 ὁρῴη.ὲπ’
525 4316 686 4368 αὐτὸν
718 4316 911 4387 ὥσπερ
954 4317 1313 4387 αὑτομολοῦν,
1363 4313 1482 4370 εἶτα
1526 4318 1776 4371 διαπτύει

194 4407 370 4459 τοῦτο
401 4408 493 4459 καὶ
523 4408 948 4476 ἀποστρέφεται,
968 4409 1027 4461 οὐ
1050 4408 1328 4474 λογιστέον
1358 4407 1590 4479 τούγκλη
1600 4428 1675 4479 μα
1696 4410 1776 4479 τῷ

196 4517 269 4565 γε
328 4498 526 4551 διδόιτι
564 4500 667 4568 τὴν
714 4500 898 4569 χάριν,
926 4500 1062 4554 ἀλλά
1114 4504 1226 4563 τοῖς
1274 4503 1411 4573 μηδὲ
1464 4502 1564 4572 τὴν
1601 4504 1776 4573 ἀρχὴν

1882 3414 2024 3452 tuus.
2049 3399 2198 3465 Quod
2219 3401 2434 3469 quidem
2464 3400 2518 3454 in
2547 3402 2701 3456 nobis
2728 3403 2772 3456 si
2803 3396 3076 3465 usuveuit,
3106 3404 3275 3458 multo
3327 3419 3441 3457 ma-

1876 3493 1960 3562 gis
1992 3492 2044 3545 in
2072 3491 2202 3549 Deo.
2242 3491 2436 3547 Verum
2467 3495 2720 3562 quoniam
2750 3494 2839 3549 Dei
2863 3511 2990 3563 erga
3015 3512 3114 3552 nos
3138 3512 3291 3551 amor
3331 3514 3437 3554 non

1878 3586 2219 3639 extrinsecus
2253 3586 2501 3641 alicunde
2530 3588 2916 3655 proﬁciscitur,
2946 3588 3039 3641 sed
3073 3591 3297 3658 aseipsn
3319 3609 3436 3644 mo-

1877 3686 2053 3738 vetur,
2076 3692 2294 3732 necesse
2323 3690 2403 3732 est
2428 3693 2549 3731 cum
2577 3692 2788 3747 semper
2826 3680 3011 3731 eodem
3041 3678 3293 3735 affectum
3317 3698 3440 3737 esse

1878 3775 2060 3833 modo,
2101 3777 2290 3837 etquae
2321 3770 2376 3823 in
2408 3784 2525 3822 nos
2560 3771 2627 3823 ab
2656 3786 2729 3829 eo
2781 3771 3218 3838 proficiscuntur,
3270 3777 3440 3844 magis

1880 3862 2048 3929 ipsius
2086 3863 2380 3916 convenire
2413 3862 2729 3915 sublimitati
2759 3877 2917 3931 quan;
2979 3865 3170 3919 vilitati
3217 3878 3437 3921 nostra}.

1880 3952 2106 4021 Ideoque
2127 3954 2373 4005 Salvator
2400 3952 2487 4005 ille
2519 3960 2723 4016 noster,
2761 3961 2957 4019 praeter
2987 3953 3093 4006 alia
3119 3954 3281 4018 bona,
3307 3969 3441 4009 cun-

1877 4045 1981 4097 etis
2005 4054 2056 4096 et
2090 4043 2239 4096 illum
2279 4044 2589 4096 thesaurum
2614 4044 2815 4112 jngiter
2844 4044 3003 4097 oﬂ'ert
3038 4060 3195 4114 quem
3232 4047 3346 4113 ipse
3376 4050 3441 4102 de

1878 4128 2019 4182 cado
2042 4128 2373 4182 descendens
2403 4144 2589 4183 secum
2649 4130 2852 4183 attulit.
2893 4133 2956 4185 Et
3010 4134 3228 4201 quidem
3293 4136 3438 4203 quod

1878 4221 2053 4291 ipsum
2084 4223 2295 4285 attinet,
2320 4220 2451 4274 nulli
2492 4222 2766 4279 hominum
2821 4238 3060 4292 unquam
3090 4234 3296 4282 tantum
3351 4229 3441 4281 be-

1880 4312 2124 4366 ncllcium
2161 4313 2478 4382 denegatum
2511 4313 2631 4376 fuit,
2658 4314 2749 4368 sed
2788 4315 2906 4368 fluit
2961 4317 3064 4372 huc
3094 4320 3317 4385 bonum,
3385 4326 3440 4372 et

1879 4405 2076 4473 ubique
2108 4415 2374 4457 terrarum
2409 4402 2726 4470 eﬂ'unditur,
2754 4407 3110 4477 Omnibusque
3141 4412 3310 4476 gratis
3349 4410 3437 4463 di-

1879 4504 2088 4550 tescere
2121 4496 2246 4551 licet
2277 4512 2339 4550 ac
2366 4499 2572 4565 absque
2610 4497 2797 4553 labore
2829 4500 2988 4553 bonis
3018 4502 3229 4555 satiari.
3282 4502 3441 4556 Dedit

192 4590 553 4656 δεξιμένοις,
584 4589 617 4659 ἢ
652 4590 748 4643 καὶ
782 4591 920 4659 μετὰ
971 4592 1031 4644 τὸ
1075 4591 1259 4645 λαϐεῖν
1316 4593 1624 4663 ἀτιμάσασι
1679 4597 1775 4648 καὶ
1811 4638 1854 4663 η
1881 4588 2024 4642 enim
2046 4604 2067 4643 ε

1561 4611 1624 4648 ,σι
1679 4597 1775 4648 καὶ
1811 4638 1854 4663 n
1881 4588 2024 4642 enim
2046 4590 2144 4650 eis.
2182 4589 2373 4656 inquit,
2412 4597 2735 4657 potestatem
2767 4593 3029 4645 evadendi
3078 4594 3130 4645 iu
3165 4592 3301 4646 lilios
3321 4594 3436 4648 Dei.

197 4684 660 4750 παρωσαμένοις,
692 4681 836 4733 οὕτω
876 4682 973 4751 μὲν
995 4681 1055 4735 ὃν
1087 4684 1313 4751 ἀγαθὸν,
1346 4684 1489 4738 οὕτω
1520 4686 1578 4738 δὲ
1607 4686 1773 4753 μέγα,

194 4776 306 4826 καὶ
360 4775 583 4841 προσέτι
626 4775 873 4843 μόνιμον,
909 4776 1005 4828 καὶ
1047 4776 1247 4845 ῥᾳδίως
1282 4777 1574 4844 ὲπιδιδοῦν,
1608 4778 1663 4831 εἴ
1691 4796 1775 4840 τις

190 4868 372 4917 τοῦτο
407 4864 664 4931 βούλοιτο.

1882 4684 1997 4739 Jam
2024 4684 2067 4735 si
2100 4683 2221 4751 quis
2265 4683 2464 4735 bonum
2532 4682 2710 4748 ipsum
2768 4696 2996 4736 cernens
3041 4684 3106 4736 ad
3147 4698 3204 4735 se
3248 4695 3440 4752 sponto

1884 4776 2035 4844 quasi
2072 4791 2164 4828 sua
2194 4774 2397 4831 venire,
2433 4789 2551 4825 tuo:
2609 4774 2736 4825 illud
2774 4785 2991 4840 respuat
3047 4784 3099 4827 et
3136 4789 3436 4834 aversetur.

1886 4884 1991 4923 non
2021 4867 2329 4935 imputanda
2358 4867 2431 4919 illi
2462 4868 2640 4933 culpa,
2675 4866 2763 4935 qui
2794 4868 3110 4920 beneficium
3152 4871 3317 4932 dedit,
3344 4886 3437 4924 sou

192 4963 271 5016 iis
308 4962 405 5029 qui
451 4977 669 5029 prorsus
702 4964 752 5016 id
778 4978 883 5016 non
938 4975 1288 5033 acceperunt,
1344 4975 1439 5018 aut
1485 4976 1769 5034 postquam
1801 4967 2160 5032 accepissent,
2218 4976 2338 5015 cum
2390 4964 2680 5030 ignOminia
2738 4962 3073 5027 repulerunt,
3143 4976 3252 5013 rem
3306 4963 3440 5019 adeo

190 5060 437 5119 bonam,
469 5057 602 5111 adeo
634 5074 906 5129 magnam,
958 5072 1010 5114 et
1070 5071 1325 5131 praeterea
1371 5062 1670 5115 durabilem
1729 5073 1781 5116 et
1817 5068 2194 5131 augescentem
2227 5059 2409 5120 facile,
2438 5058 2480 5110 si
2514 5058 2634 5125 quis
2670 5057 2769 5110 boc
2803 5056 2946 5119 velit.

284 5151 400 5205 Καὶ
427 5148 612 5204 τοίνυν
647 5152 675 5202 ὁ
699 5151 945 5214 τοιοῦτος
977 5153 1277 5222 Δεσπότης,
1300 5154 1393 5205 καὶ
1424 5154 1514 5205 τὸν
1545 5154 1643 5221 τὴν
1675 5170 1773 5221 με·

185 5246 386 5313 γὰλην
421 5242 574 5295 δοκὸν
611 5245 835 5307 ἐκεῖνον,
889 5245 982 5297 καὶ
1011 5245 1072 5296 τὸ
1103 5246 1316 5310 κάρφος
1359 5246 1554 5313 ἔχοντα
1600 5245 1660 5296 τὸ
1693 5263 1777 5313 μι-

184 5338 339 5407 κρὸν
401 5334 531 5401 (τῶν
582 5337 691 5403 γάρ
746 5334 982 5404 ὲξαρχῆς
1038 5334 1429 5405 μνησθήσομαι
1457 5335 1655 5403 λόγων)
1713 5335 1774 5387 οὐ

180 5425 538 5496 περιόψεταί
569 5442 720 5488 ποτε,
767 5427 902 5479 ἀλλά
937 5429 1115 5481 πάντα
1151 5429 1349 5497 πράξει
1387 5429 1481 5480 καὶ
1516 5416 1777 5497 πραγμα-

178 5524 465 5575 τεύσεται
497 5518 635 5585 ὑπὲρ
660 5519 756 5588 τῆς
786 5518 965 5571 αὐτῶν
1022 5522 1318 5588 σωτηρίας.
1371 5522 1622 5588 Γίγνεται
1668 5522 1774 5589 γὰρ

178 5609 557 5668 παντοδαπὸς
608 5610 899 5679 ἐπίκουρος
949 5613 1104 5679 ἡμῖν,
1138 5613 1229 5665 καὶ
1258 5613 1351 5665 νῦν
1387 5612 1483 5680 μὲν
1532 5612 1689 5664 τοῦτο
1720 5612 1779 5664 τὸ

142 5691 529 5773 ’φάρμακον,
585 5700 680 5751 νῦν
711 5700 766 5751 δὲ
800 5702 978 5753 ἐκεῖνο
1036 5703 1327 5768 προσάγει.
1381 5704 1488 5755 Καὶ
1521 5705 1634 5765 τοῖς
1682 5703 1779 5769 μὲν

180 5790 613 5863 φλεγμαίνουσι
661 5791 767 5842 τῶν
817 5793 1151 5862 τραυμάτων
1191 5795 1259 5845 τά
1293 5793 1387 5861 τῆς
1424 5792 1777 5863 παραμυθίας

1954 5153 2098 5206 Talis
2172 5167 2301 5219 ergo
2393 5150 2648 5203 Dominus
2695 5165 2790 5202 nec
2872 5149 3016 5201 illum
3073 5165 3263 5223 magna
3318 5170 3437 5207 cum

1884 5246 2055 5305 trabe,
2094 5259 2191 5297 nec
2226 5242 2452 5294 alterum
2498 5240 2621 5293 exili
2654 5254 2774 5292 cum
2834 5239 3039 5294 festuca
3093 5241 3244 5311 (liuet
3291 5244 3435 5297 enim

1882 5348 2009 5391 ante
2068 5338 2206 5388 dicta
2266 5334 2532 5401 repetere)
2604 5335 2977 5399 aspernabitur
3012 5351 3268 5404 unquam,
3342 5339 3434 5391 sed

1883 5426 2061 5479 omnia
2101 5440 2197 5493 pro
2255 5425 2491 5490 ipsorum
2538 5421 2709 5473 salute
2756 5420 2921 5474 faciet
2974 5431 3133 5489 atque
3166 5424 3436 5481 tnulietur.

1885 5512 2062 5569 Variis
2098 5515 2243 5567 enim
2279 5514 2452 5566 modis
2487 5528 2550 5565 ac
2576 5512 2875 5565 rationibus
2921 5513 3077 5566 nobis
3115 5515 3433 5581 opitulatur,

1881 5624 1941 5661 ac
1980 5608 2140 5659 modo
2180 5605 2397 5672 quidem
2425 5604 2526 5657 hoc
2586 5604 3060 5669 medicamentum,
3101 5609 3261 5658 modo
3308 5606 3437 5659 illud

1881 5696 2125 5749 adhibet.
2174 5692 2231 5746 Si
2265 5710 2382 5761 qua:
2416 5692 2639 5745 vulnera
2697 5693 3050 5760 suppurantia
3095 5704 3324 5756 tument,
3375 5711 3435 5747 ea

1881 5790 2129 5857 mitigat:
2166 5787 2478 5854 putredines
2501 5801 2612 5838 esst
2634 5784 2792 5847 indit,
2836 5794 2890 5837 ut
2914 5800 3021 5852 quo
3051 5786 3230 5837 minus
3262 5788 3310 5836 in
3348 5802 3439 5851 po-

183 5883 495 5955 προσάγει
518 5897 532 5913 ο
567 5882 666 5943 τὰς
694 5882 749 5934 δὲ
795 5884 1094 5950 σηπεδόνας
1114 5885 1408 5949 -ὲκκόπτει,
1446 5885 1544 5954 τὴν
1593 5885 1683 5936 ἐπὶ
1713 5887 1779 5936 τά
1874 5882 1963 5950 jus
1995 5897 2058 5933 $9?

1593 5885 1683 5936 ἐπὶ
1713 5887 1779 5936 τά
1874 5882 1963 5950 jus
1995 5890 2231 5946 serpant,
2268 5878 2543 5946 impediat.
2581 5878 2719 5943 Quin
2757 5877 2921 5930 etiam
2954 5877 3151 5945 saepius
3185 5878 3437 5946 objurga-

181 5979 385 6051 χείρω
418 5973 586 6043 νομὴν
616 5975 939 6031 συστέλλων.
963 5976 1036 6030 Οὐ
1072 5979 1179 6047 μὴν
1210 5977 1345 6031 ἀλλὰ
1377 5978 1467 6030 καὶ
1502 5976 1780 6046 μέμψεταί
1878 5975 1954 6027 bit
1984 5988 2056 6041 ωε

1528 5976 1780 6046 ιέμψεταί
1878 5975 1954 6027 bit
1984 5980 2232 6041 aegrotus,
2296 5978 2348 6025 et
2384 5968 2760 6038 castigatione,
2817 5968 2862 6021 si
2898 5967 2967 6023 sit
3004 5982 3164 6038 opus,
3221 5983 3403 6023 coerc.
