4748 6512
1294 452 1396 516 519

2417 455 2465 510 Μ
2482 452 2569 511 ΛΝ
2585 454 2678 510 UE
2693 455 2811 512 ΜΒ
2852 455 2939 512 ΡΛ
2955 452 3290 511 L.~'EOI.llG[

4412 448 4515 511 Ξοέῡ

1280 572 1375 625 bit.
1406 570 1802 636 Nonnunquam
1839 578 1890 620 ct
1920 569 2281 621 severioribus
2330 568 2581 620 remediis
2634 576 2831 630 utetur,
2866 579 2909 628 Α
2941 584 2997 632 γε
3026 567 3155 618 πολλ

2638 576 2831 630 utetur,
2866 579 2909 628 Α
2941 584 2997 632 γε
3026 566 3284 627 πολλάκις
3310 568 3423 626 τοῖς
3454 565 3822 635 ἀρρωστοῦσι,
3843 564 3938 618 καὶ
3969 565 4253 633 ἐπιπλήξει
4285 567 4513 627 τούτους

1275 680 1399 717 cum
1439 663 1681 717 bonitate
1726 660 2124 726 clementiaque
2159 662 2257 712 sibi
2291 659 2565 713 familiari.
2602 658 2717 714 Non
2742 676 2835 713 vo-

1278 755 1352 808 let
1383 754 1490 809 illis
1519 768 1640 808 esse
1670 759 1829 811 male.
1868 765 2007 819 quos
2034 752 2098 804 de
2127 752 2293 803 nihilo
2338 750 2605 809 condidit,
2661 749 2837 802 mani-

1280 848 1491 913 busque
1526 844 1761 915 propriis
1786 845 2063 903 formavit,
2096 845 2187 895 sed
2226 844 2304 895 eis
2327 852 2583 911 perpetuo
2615 840 2835 894 benefa-

1290 944 1421 1005 ciet,
1448 956 1510 994 ac
1557 956 1652 1007 per
1682 938 1887 1000 omnia,
1933 937 2120 990 dextra
2159 937 2375 1002 inquam
2403 944 2457 986 et
2482 934 2723 997 sinistra,
2782 940 2841 984 ut

1280 1037 1436 1088 divus
1455 1032 1544 1086 illc
1565 1030 1858 1100 Apostolus
1890 1029 2155 1097 loquitur,
2182 1027 2295 1079 sive
2328 1033 2472 1078 recte
2494 1024 2705 1086 vivant,
2724 1022 2840 1076 sive

1281 1139 1460 1179 secus.
1496 1119 1961 1187 Quemadmodum
1997 1119 2207 1172 scilicet
2244 1126 2298 1167 et
2326 1112 2564 1182 pluviam
2596 1121 2648 1165 et
2673 1112 2840 1165 solem

1283 1218 1363 1269 eis
1420 1213 1750 1282 suppeditat,
1800 1226 1989 1264 rursus
2040 1209 2204 1263 etiam
2268 1207 2505 1274 ipsorum
2555 1203 2840 1256 utilitatem

1282 1317 1558 1375 spectans,
1620 1308 1684 1357 ad
1725 1314 1932 1368 tempus
1971 1300 2190 1368 aliquod
2248 1298 2434 1351 eadem
2489 1296 2719 1350 inhibet.
2763 1294 2843 1347 Ad

1284 1413 1576 1462 summam,
1604 1410 1707 1448 non
1745 1410 1849 1446 una
1880 1394 1987 1457 via,
2011 1392 2105 1445 sed
2132 1390 2317 1443 multis
2353 1402 2416 1441 ac
2446 1387 2695 1451 diversis,
2723 1400 2847 1453 per-

1284 1508 1392 1559 que
1426 1505 1512 1542 res
1570 1485 1875 1540 contrarias
1936 1495 2343 1548 nonnunquam,
2394 1480 2462 1532 ad
2525 1494 2688 1530 unum
2750 1490 2846 1529 nos

1290 1585 1449 1635 linem
1477 1578 1743 1647 perducit,
1770 1585 1828 1628 ut
1862 1584 2010 1628 recte
2058 1575 2237 1627 vivere
2298 1572 2590 1640 possimus.
2627 1570 2686 1622 Et
2741 1584 2847 1636 quo

1288 1686 1445 1745 pacto
1474 1680 1901 1725 consvntaneum
1947 1675 2115 1727 esset,
2173 1666 2328 1716 aliter
2359 1680 2479 1716 eum
2530 1676 2711 1731 agere,
2758 1661 2846 1730 qui

1288 1782 1383 1833 pro
1422 1762 1690 1816 universis
1746 1769 1831 1813 est
1880 1767 2144 1819 mortuus,
2192 1768 2409 1808 crucem
2478 1754 2740 1806 sustinuit
2787 1768 2850 1806 ac

1290 1859 1613 1916 nuditatem,
1644 1868 1754 1907 rem
1807 1851 2067 1905 inalet‘tcis
2116 1850 2462 1909 destinatam,
2504 1845 2704 1913 quique
2756 1845 2849 1897 de—

2941 656 3161 722 δεῆσαν.
3190 656 3296 708 Καί
3331 672 3431 707 που
3476 657 3709 717 καὶτοῖς
3737 656 4159 725 αὐστηροτέροις
4195 657 4512 725 βοηθήματι

2944 747 3207 815 χρήσεται
3238 747 3373 815 μετά
3405 747 3503 815 τῆς
3538 747 3800 816 συνήθους
3834 748 3983 815 αύτῷ
4010 749 4385 817 χρηστίτητος
4418 753 4514 800 καὶ

2947 835 3381 903 φιλανθρωπίας.
3421 836 3496 887 Ού
3527 836 3591 905 δὴ
3624 836 3837 904 θελήσει
3894 839 4076 899 κακῶς
4127 839 4292 905 ἔχειν,
4331 840 4422 900 οὓς
4459 842 4513 905 ἐξ

2947 926 3044 977 οὐκ
3075 924 3247 977 ὄντων
3274 927 3586 994 παρήγαγε,
3623 930 3719 977 καὶ
3747 929 3865 989 ταῖς
3890 927 4086 979 ἑαυτοῦ
4120 930 4310 995 χερσὶν
4345 928 4515 979 €7.11-

2950 1034 3040 1068 σεν
3062 1032 3075 1045 ⁸
3112 1016 3230 1069 ἀλλ’
3262 1016 3322 1069 εὖ
3358 1019 3576 1086 ποιήσει
3609 1018 3829 1079 τούτους
3855 1019 4116 1087 διηνεκῶς
4154 1020 4243 1070 διὰ
4272 1021 4513 1077 πάντων,

2949 1109 3055 1161 τῶν
3100 1126 3158 1161 τε
3191 1108 3379 1173 δεξιῶν
3412 1126 3553 1176 φημι
3587 1112 3680 1163 καὶ
3715 1111 4042 1179 ἀριστερῶν,
4076 1112 4218 1163 κατά
4252 1112 4345 1163 τὸν
4377 1113 4519 1162 θεῖ-’.ν

2964 1200 3302 1263 ’Λπόστολον,
3337 1200 3510 1270 ὀρθῶς
3536 1201 3783 1270 βιοῦντας
3819 1205 3912 1255 καὶ
3938 1205 4011 1273 μή
4040 1220 4053 1232 ·
4087 1202 4281 1271 ῶσπερ
4327 1206 4520 1271 ἀμέλει

2953 1294 3045 1347 καὶ
3075 1294 3230 1347 ὑετὸν
3289 1298 3384 1347 καὶ
3425 1297 3577 1364 ἣλιον
3605 1298 3815 1359 τούτοις
3841 1297 4095 1366 παρέχει.
4134 1299 4241 1349 Καὶ
4274 1295 4427 1359 αὖοίὲ
4462 1316 4521 1361 ἴε

2955 1388 3089 1455 πρὶς
3142 1387 3205 1438 τὸ
3241 1388 3521 1455 συμφέρον
3579 1388 3757 1440 αὐτῶν
3797 1390 3961 1455 δρῶν,
4012 1390 4105 1440 ἐπὶ
4160 1391 4358 1457 καιρόν
4406 1409 4523 1441 ττνΙ

2955 1480 3124 1532 ταῦτα
3157 1480 3361 1547 ἐπέχει.
3399 1482 3507 1533 Καὶ
3524 1480 3659 1542 ὅλως
3681 1483 3741 1533 οὐ
3775 1480 3864 1532 διά
3899 1483 4025 1547 μιᾶς
4052 1481 4191 1539 ἐδοῦ,
4231 1482 4372 1532 ἀλλὰ
4404 1480 4528 1529 πιλ-

2954 1568 3062 1619 λῶν
3094 1585 3151 1619 τε
3181 1568 3274 1621 καὶ
3302 1568 3709 1637 διαφόρων,κα“ι
3738 1570 4079 1638 πραγμάτων
4095 1570 4355 1621 ἐναντίων
4382 1572 4527 1620 ἐστιν

2955 1661 3038 1725 οὗ,
3070 1661 3207 1728 πρὸς
3239 1663 3296 1714 ἓν
3348 1681 3399 1714 τι
3448 1664 3599 1725 τέλος
3650 1666 3797 1732 ἡμᾶς
3836 1666 4038 1730 ἐνάγει,
4082 1666 4143 1717 τὸ
4195 1665 4296 1731 ζῇν
4350 1667 4529 1732 ὀρθῶς

2956 1754 3271 1821 δυνηθῆναι.
3310 1756 3418 1817 Καὶ
3453 1756 3569 1817 πῶς
3616 1755 3683 1807 ἂν
3721 1756 3897 1818 ἄλλως
3934 1758 4084 1818 είκὸς
4128 1754 4196 1827 ἦν
4240 1757 4525 1825 πράττειν,

2959 1846 3015 1907 ὃς
3050 1846 3188 1913 ὑπὲρ
3215 1846 3436 1898 πάντων
3479 1847 3750 1910 ἀπέθανε,
3786 1850 4020 1915 σταυρῆν
4078 1850 4176 1916 μὲν
4227 1849 4532 1917 ὑπομείνας

1290 1952 1456 2005 decus
1496 1959 1549 2001 et
1576 1945 1930 2013 ignominiam
1975 1942 2197 1994 omnino
2248 1954 2353 1991 non
2401 1938 2636 1999 curavit,
2671 1935 2850 1987 iniini-
2885 1926 2927 1983 Β
2959 1938 3049 1991 καὶ
3096 1938 3165 2003 γύ

2671 1935 2850 1987 ἰιιίὶιιί-
2885 1926 2927 1983 Β
2959 1938 3049 1991 καὶ
3096 1938 3399 2004 γύμνωσιν,
3458 1940 3694 2007 πρᾶγμα
3746 1941 4085 2010 κακούργοις
4141 1943 4530 2010 διωρισμένον.

1294 2050 1455 2105 taque
1485 2034 1770 2095 sustinuit,
1798 2034 1862 2084 ad
1889 2032 2155 2085 inﬁnitam
2184 2028 2402 2081 inventa
2437 2025 2849 2086 contumeliam,

1293 2130 1401 2184 illis
1422 2129 1555 2182 solis
1580 2134 1994 2195 competentetn,
2035 2122 2121 2189 qui
2150 2136 2213 2174 ea
2272 2121 2446 2188 ipsum
2500 2118 2798 2171 affecerunt
2830 2115 2852 2166 ?

1294 2223 1423 2278 Haec
1461 2236 1594 2289 ergo
1621 2234 1742 2272 cum
1795 2228 2209 2285 cognoscamus.
2258 2212 2553 2273 auditores,
2591 2216 2858 2277 quotquot

1295 2318 1524 2375 adestis,
1589 2311 1736 2363 illttnt
1775 2308 2019 2360 omnium
2056 2304 2472 2357 stolidissimum
2527 2301 2856 2366 iudicemus,

1298 2410 1389 2479 qui
1432 2406 1589 2460 facile
1624 2402 1971 2459 condemnat,
2009 2393 2212 2449 oblitus
2266 2404 2536 2460 suprema:
2569 2390 2716 2442 illius
2747 2390 2861 2441 cle-

1300 2503 1541 2562 mentias,
1582 2494 1839 2552 bonitatis
1868 2478 2335 2556 incomparabilis,
2399 2482 2861 2551 inexsuperabilis

1301 2591 1674 2662 benignitatis.
1704 2598 1758 2641 et
1788 2585 1924 2652 ejus,
1960 2583 2049 2651 qui
2077 2588 2355 2650 peccatum
2404 2591 2568 2631 omne
2626 2576 2863 2643 sustulit,

1299 2705 1353 2747 et
1385 2689 1575 2744 mortis
1600 2686 1667 2740 ab
1691 2699 1755 2737 eo
1779 2697 1873 2751 pro
1897 2680 2051 2733 nobis
2107 2676 2286 2736 obitas,
2338 2673 2656 2742 probrorutn
2688 2710 2704 2735 ,
2734 2685 2860 2723 cru.

1300 2782 1566 2842 ciatuum,
1602 2774 1945 2842 iniuriarum,
1981 2778 2035 2820 et
2057 2778 2394 2833 quacunque
2436 2773 2562 2816 tunc
2607 2763 2865 2815 comitata

1303 2881 1432 2927 sunt
1460 2868 1751 2923 absurdam
1794 2858 2133 2914 iracundiam
2166 2856 2578 2913 sceleratorum,
2636 2867 2699 2905 ex
2738 2850 2872 2903 invi-

1303 2967 1389 3017 dia
1445 2963 1642 3016 eadem
1696 2956 1866 3025 ipsius
1920 2951 2244 3010 sitientium,
2303 2956 2360 2997 ιιι
2405 2944 2605 3009 cavilli,
2656 2956 2869 2997 atroces

1304 3055 1535 3126 injurim,
1578 3048 1885 3108 tnaledicta,
1920 3051 2095 3110 sputa,
2164 3039 2353 3105 alapae,
2396 3038 2538 3089 nulla
2594 3052 2698 3090 non
2752 3036 2874 3090 illu-

1314 3152 1526 3205 si0num
1568 3142 1801 3213 species,
1858 3148 2018 3202 atque
2069 3133 2232 3187 etiam
2279 3143 2475 3183 corona
2508 3128 2872 3190 contumrlim,

2955 2028 3215 2097 αἰσχύνης
3246 2029 3302 2081 δὲ
3334 2030 3682 2082 παντάπασιν
3714 2032 4012 2099 ἀλογήσας,
4063 2034 4156 2084 καὶ
4187 2034 4361 2101 μυρία
4392 2034 4534 2099 πρά-

2956 2134 3137 2186 γματα
3162 2119 3401 2210 ύποστάς
3428 2120 3562 2188 πρὸς
3603 2118 3760 2189 ὓϐριν
3795 2123 3996 2191 μυρίαν
4034 2122 4403 2191 ἐξευρημένα,
4443 2124 4536 2188 μό-

2959 2226 3067 2271 νοις
3099 2208 3323 2270 ὲκείνοις
3356 2210 3632 2276 πρέποντα
3664 2212 3778 2271 τοῖς
3813 2211 4168 2279 ὲξυϐρίσασιν
4202 2214 4287 2273 εἰς
4323 2212 4531 2274 αύτὸνς

2961 2294 3125 2352 Ταῦτ’
3157 2300 3252 2352 οὖν
3284 2300 3668 2366 γινώσκοντες,
3702 2295 3746 2351 ὧ
3804 2302 4095 2367 παρόντες,
4128 2302 4354 2354 πάντων
4401 2304 4534 2369 εὐη-

2962 2392 3215 2459 θέστερον
3231 2391 3421 2442 τοῦτον
3453 2392 3753 2457 κρίνωμεν,
3777 2392 3868 2443 τὸν
3898 2393 4137 2462 εὐχερῶς
4166 2394 4536 2461 κατακρίνον-

2963 2502 3051 2545 τα,
3097 2482 3590 2551 ἐπιλανθανόμενον
3625 2483 3723 2551 τῆς
3754 2484 4019 2536 ἀνωτάτω
4072 2485 4495 2554 φιλανθρωπίας
4520 2525 4535 2545 ,

2964 2573 3063 2640 τῆς
3090 2573 3413 2626 ἀνεικάστου
3436 2572 3818 2639 ἀγαθωσύνης,
3843 2574 3943 2642 τῆς
3971 2576 4382 2644 ἀνυπερϐλήτου
4409 2592 4544 2644 χρη-

2970 2664 3249 2730 στότητος,
3282 2664 3376 2715 τοῦ
3410 2679 3467 2714 τε
3493 2664 3783 2733 ἀναιρέτου
3828 2665 3929 2731 τῆς
3978 2666 4254 2734 ἁμαρτίας
4292 2668 4539 2733 ἀπάσης,

2970 2755 3063 2805 καὶ
3098 2754 3190 2806 τοῦ
3221 2754 3287 2806 δι’
3314 2756 3465 2823 ἡμᾶς
3495 2756 3705 2806 ἐκείνου
3737 2753 3991 2818 θανάτου,
4024 2758 4134 2809 τῶν
4167 2758 4544 2817 δνειδ;ῐ›ν,τῶν

2973 2846 3331 2914 παθημάτων,
3362 2847 3469 2897 τῶν
3506 2845 3716 2910 ὕϐρεων
3737 2884 3753 2907 ,
3790 2848 3883 2899 καὶ
3915 2848 4012 2899 ὅσα
4041 2850 4160 2900 τότε
4192 2850 4545 2917 παρηκολού-

2973 2937 3103 3004 θησε
3128 2937 3203 3004 τῷ
3229 2936 3524 3005 παραλόγῳ
3556 2935 3712 3005 θυμῷ
3746 2939 3856 2989 τῶν
3888 2937 4171 3005 φονώντων
4195 2941 4259 2989 ἐκ
4285 2941 4383 2991 τοῦ
4417 2940 4551 3007 φθό-

2974 3044 3065 3078 νου
3093 3028 3485 3099 καθαρμάτων,
3521 3028 3849 3097 σκώμματα,
3875 3029 4347 3099 προπηλακισμοὶ,
4382 3032 4550 3099 βλασ-

2976 3122 3193 3189 φημίχι,
3271 3124 3603 3190 ἑμπτυσμοὶ,
3636 3122 3980 3192 ῥαπίσματα,
4026 3124 4170 3177 ἆπαν
4201 3126 4551 3195 ἐμπαιγμῶν

1305 3249 1582 3309 caputque
1604 3234 1805 3288 feriens
1837 3230 2100 3283 calamus.
2136 3223 2399 3276 Nimirum
2428 3220 2870 3274 destillabattunc
2897 3258 2938 3315 Ο
2977 3211 3115 3277 εἶδος
3137 3230 3152 3248 ο

2678 3230 2870 3272 auunc
2897 3258 2938 3315 ϐ
2977 3211 3152 3277 εἶδος·
3206 3213 3300 3266 καὶ
3326 3215 3391 3283 δὴ
3418 3216 3513 3266 καὶ
3564 3216 3830 3282 στέφανος
3884 3214 4114 3287 ὕϐρεως,
4163 3220 4258 3269 καὶ
4298 3220 4551 3287 κάλαμος

1301 3351 1337 3388 c
1368 3329 1689 3386 beataal'ar‘ie
1714 3323 1878 3380 divini
1919 3322 2138 3387 capitis,
2171 3312 2464 3380 vulnerati,
2504 3329 2621 3367 mea
2652 3313 2867 3377 quidem

1309 3418 1605 3479 sententia,
1630 3426 1737 3467 tam
1779 3429 1808 3468 a
1840 3412 2054 3465 calamo
2097 3422 2262 3477 quam
2294 3420 2324 3457 a
2356 3405 2545 3472 spinis,
2576 3403 2644 3457 de
2673 3402 2871 3470 quibus

1310 3512 1566 3567 salutaris
1602 3507 1691 3560 illa
1740 3503 1895 3557 nobis
1933 3515 2133 3555 corona
2179 3494 2423 3550 manibus
2479 3493 2870 3545 homicidarum

1313 3611 1568 3661 contexta
1624 3598 1743 3653 fuit.
1809 3596 1987 3659 Babae,
2026 3600 2230 3661 quanta
2258 3588 2417 3642 fecit!
2471 3594 2671 3655 quanta
2713 3586 2875 3637 susti-

1315 3696 1463 3750 nuit!
1523 3701 1579 3744 et
1631 3690 1857 3764 quidem
1905 3699 2002 3753 pro
2046 3681 2303 3744 inimicis,
2357 3692 2452 3746 pro
2503 3674 2876 3728 condemnatis

1315 3784 1673 3842 hominibus:
1710 3758 1934 3847 propter
1970 3790 2105 3843 quos
2167 3784 2223 3825 et
2280 3773 2442 3824 homo
2485 3767 2660 3822 iactus
2689 3774 2791 3827 est,
2848 3781 2878 3817 e

1315 3879 1547 3933 muliere
1582 3863 1846 3934 natus..et
1875 3882 2095 3923 carnem
2128 3878 2190 3917 ac
2220 3869 2590 3932 paupertatem
2637 3866 2877 3911 nostram

1316 3969 1577 4037 suscepit,
1611 3981 1715 4032 quo
1744 3964 1851 4029 pati
1879 3968 2059 4027 posset
2101 3975 2114 4013 :
2150 3967 2207 4009 ut
2258 3969 2354 4008 nos
2385 3954 2643 4006 liberaret
2674 3965 2701 4001 a
2750 3962 2880 4000 eru-

1318 4063 1462 4115 ciatu
1526 4069 1578 4111 et
1613 4057 1766 4109 malis
1801 4052 2017 4106 aeternis
2051 4046 2215 4101 animi
2262 4044 2463 4112 pariter
2490 4052 2653 4107 atque
2685 4052 2879 4105 corpo-

1318 4156 1418 4214 ris.
1477 4155 1675 4220 qu‘bus
1729 4147 2043 4201 universum
2092 4154 2261 4210 genus
2313 4137 2588 4191 hominum
2635 4129 2876 4189 obnoxii,

1320 4246 1615 4300 multorum
1647 4247 2072 4307 magnortnnque
2100 4244 2264 4284 causa
2292 4228 2614 4281 delictorum
2638 4235 2879 4275 eramus.

1324 4339 1446 4391 llec
1500 4345 1677 4388 autem
1740 4328 1921 4381 omnia
1974 4325 2345 4378 demonstrant
2401 4317 2568 4386 ipsius
2608 4327 2735 4380 erga
2787 4326 2884 4365 nos

1322 4442 1562 4481 artiorem
1623 4422 1912 4491 quemdam
1973 4401 2322 4473 ineliabilem,
2380 4418 2433 4462 et
2472 4420 2634 4474 supra
2690 4403 2885 4456 mentis

1326 4520 1735 4587 intelligentiam
1778 4513 2033 4577 posituut.
2071 4506 2291 4559 Poterat
2321 4501 2463 4553 enim
2496 4499 2693 4552 etelum
2730 4496 2883 4548 inco-

2974 3306 3114 3358 κατά
3145 3309 3384 3374 κορυφῆς
3422 3306 3618 3359 παίων.
3660 3301 3735 3357 Ἦ
3764 3323 3868 3358 που
3906 3309 4206 3368 κατέσταξε
4230 3308 4325 3361 τοῦ
4360 3328 4554 3378 μακα-

2977 3398 3093 3466 ρίου
3127 3399 3247 3449 τότε
3289 3400 3583 3464 προσώπου
3615 3397 3674 3449 τὸ
3718 3397 3818 3462 τῆς
3869 3399 4059 3466 θείκῆς
4103 3401 4349 3467 κεςςαλῆς
4380 3396 4555 3469 αἷμα,

2974 3484 3478 3557 τρωθείσης,οἷμαι,
3507 3489 3600 3540 καὶ
3616 3488 3691 3556 τῷ
3724 3488 3973 3558 καλάμῳ,
3994 3492 4089 3543 καὶ
4116 3494 4229 3552 ταῖς
4252 3491 4555 3554 ἀκάνθαις,

2978 3575 3062 3642 αἷς
3089 3582 3115 3631 ὁ
3138 3580 3400 3648 σωτήριος
3435 3581 3564 3647 ἡμῖν
3611 3581 3770 3648 χερσὶ
3815 3580 3925 3633 τῶν
3976 3581 4295 3649 ἀλαστόρων
4325 3583 4555 3650 ἑπλάκη

2979 3670 3257 3736 στέφανος.
3295 3669 3500 3733 Βαϐαἱ,
3554 3670 3637 3721 ὅτ’
3668 3670 3942 3737 ἔπραξενί
3999 3671 4356 3738 ὃσ’·ὑπέετηί
4410 3673 4561 3739 ὑπὲρ

2980 3761 3212 3830 ἐχθρῶν,
3248 3761 3388 3829 ὑπὲρ
3447 3762 3795 3829 κατακρίτων
3824 3760 4162 3830 ἀνθρώπων
4200 3760 4265 3813 δι’
4320 3759 4425 3821 οὓς
4463 3762 4563 3813 καὶ

2981 3853 3207 3919 γέγονεν
3259 3850 3569 3918 ἄνθρωπος,
3628 3853 3690 3903 ὲκ
3722 3851 3980 3917 γυναικὸς
4027 3850 4327 3918 γεννηθεὶς,
4363 3854 4563 3919 σάρκα

2982 3944 3076 3995 καὶ
3106 3941 3297 3994 πενίαν
3323 3941 3418 4009 τὴν
3463 3942 3742 4011 ἡμετέραν
3774 3940 4229 4009 καταδεξάμενος,
4266 3940 4414 4007 ὑπὲρ
4463 3941 4563 3994 τοῦ

2984 4034 3175 4085 παθεῖν
3195 4033 3523 4101 δυνηθῆναι·
3559 4032 3627 4084 ἵν’
3651 4035 3797 4101 ἡμᾶς
3821 4032 4164 4101 ἐλευθερώσῃ
4196 4033 4429 4093 πάθους,
4465 4039 4563 4084 καὶ

2983 4124 3174 4177 δεινῶν
3206 4123 3487 4176 ἀθανάτων
3529 4124 3664 4191 ὁμοῦ
3699 4123 3879 4192 ψυχῆς
3909 4139 3967 4175 τε
4004 4134 4098 4174 και
4146 4122 4428 4187 σώματος,
4489 4115 4566 4173 ῶν

2986 4218 3047 4269 τὸ
3077 4217 3230 4284 γένος
3264 4216 3407 4268 ἆπαν
3454 4216 3710 4283 ύπόχρεῳ
3740 4210 3901 4283 ἦμεν,
3936 4214 4055 4266 ἀντὶ
4086 4212 4291 4264 πολλῶν
4321 4211 4425 4262 καὶ
4466 4230 4567 4279 με·

2987 4309 3167 4376 γάλων
3197 4309 3636 4375 ἁμαρτημάτων.
3678 4306 3862 4358 Ταῦτα
3894 4306 3950 4357 δὲ
3978 4306 4155 4356 πάντα
4187 4305 4361 4356 δείκνυ
4376 4321 4435 4355 σι
4468 4306 4567 4373 τὴν

2989 4402 3067 4462 εἰς
3096 4400 3241 4468 ἡμᾶς
3271 4399 3492 4467 ἀγάπην
3515 4397 3703 4458 αὐτοῦ,
3728 4398 3965 4466 ἀρῥητόν
3986 4413 4104 4447 τινα
4131 4397 4223 4447 καὶ
4246 4397 4569 4463 άκατανόη-

2989 4509 3078 4545 τον
3109 4490 3293 4545 οὖσαν.
3321 4490 3575 4542 Ἐδύνατο
3603 4490 3703 4557 μὲν
3727 4490 3854 4558 γὰρ,
3880 4489 3972 4541 τὸν
4012 4488 4242 4555 οὐρανόν
4272 4504 4326 4537 τε
4357 4489 4566 4548 οἰκιτιν,

1324 4619 1459 4677 lens,
1505 4622 1843 4677 nequaquam
1887 4612 2161 4668 assumpta
2227 4608 2420 4651 natura
2473 4604 2684 4655 nostra,
2719 4589 2884 4644 verbo
2920 4585 2965 4643 D
2992 4585 3085 4635 καὶ
3133 4602 3199 4652 μη

2719 4589 2884 4644 verbo
2920 4585 2965 4643 D
2992 4585 3085 4635 καὶ
3133 4582 3396 4652 μηδαμῶς
3447 4580 3852 4647 ἀναλαϐόμενος
3880 4579 3941 4631 τὸ
3974 4580 4257 4647 ἡμέτερον,
4290 4576 4381 4627 καὶ
4413 4577 4568 4644 λόγῳ

1326 4710 1590 4761 duntaxat
1628 4717 1689 4753 ac
1728 4708 1859 4751 nutu
1900 4696 2131 4748 liberare
2155 4704 2322 4759 genus
2349 4695 2593 4741 nostrum
2631 4698 2662 4737 e
2689 4681 2885 4736 diaboli

1328 4795 1561 4849 vinculis
1601 4807 1663 4844 ac
1706 4787 2012 4860 tyrannide,
2044 4796 2249 4849 nosque
2285 4793 2377 4847 per
2403 4776 2584 4831 omnia
2609 4773 2887 4828 beneﬁciis

1330 4890 1565 4943 allicere.
1601 4885 1786 4936 Itidem
1812 4880 1921 4949 pati
1954 4891 2060 4930 non
2089 4877 2375 4945 potuisset,
2404 4884 2510 4922 non
2550 4864 2890 4933 lactttsejus-

1332 4986 1452 5033 dem
1517 4975 1797 5028 nobiscum
1868 4966 2185 5044 substantiae
2238 4960 2526 5031 particeps.
2578 4954 2779 5009 Verum
2835 4959 2895 5004 ut

1333 5085 1571 5125 sinerem
1606 5082 1732 5134 erga
1772 5077 1891 5124 nos,
1924 5059 2054 5128 prob
2085 5055 2368 5125 quantutnl
2414 5050 2751 5112 ostenderet,
2787 5060 2892 5099 non

1333 5177 1619 5222 contentus
1638 5176 1763 5223 uno,
1800 5157 2053 5211 nimirum
2082 5161 2138 5205 ut
2169 5150 2325 5204 nobis
2352 5147 2711 5205 benefaceret,
2731 5140 2893 5196 etiam

1338 5261 1567 5311 alterum
1602 5252 1823 5321 adjecit,
1882 5247 2158 5301 cruciatus
2215 5238 2465 5294 videlicet
2528 5245 2750 5305 propter
2796 5247 2897 5285 nos

1337 5367 1489 5412 suos,
1526 5362 1659 5415 quos
1682 5356 1846 5397 carne
1879 5353 2073 5405 passus
2103 5344 2205 5389 est.
2244 5332 2371 5385 Nam
2411 5330 2518 5382 tale
2541 5326 2798 5395 quiddam
2816 5332 2899 5376 est

1341 5462 1388 5496 vi
1408 5458 1500 5497 rus
1537 5452 1691 5492 amor
1717 5454 1730 5489 :
1768 5433 1897 5487 fat-it
1926 5440 1988 5495 .th
2020 5442 2206 5481 amans
2232 5425 2509 5478 continere
2536 5434 2595 5473 se
2626 5433 2728 5470 non
2763 5432 2896 5483 pos-

1345 5540 1437 5598 sit,
1463 5534 1592 5602 quin
1618 5536 1837 5598 propter
1861 5522 2115 5577 dilectum
2152 5519 2411 5586 patiatur.
2442 5515 2616 5577 Atque
2649 5504 2899 5562 ltocmilti

1339 5600 1498 5699 capiti
1533 5620 1879 5678 ιιιιιιιίεεὶοιιὶε
1903 5627 1955 5668 et
1992 5610 2273 5667 societatis
2301 5620 2426 5675 erga
2460 5618 2559 5657 nos
2598 5600 2901 5654 Salvatoris

1340 5725 1505 5777 nostri
1540 5722 1749 5771 videtur
1797 5724 1931 5763 esse.
1967 5704 2097 5757 Nam
2131 5704 2173 5755 si
2214 5705 2353 5752 lsutte
2410 5711 2648 5749 amorem
2720 5694 2768 5743 itt
2808 5690 2902 5741 Ito-

1347 5813 1583 5867 miniiuts
1634 5808 1795 5861 etiam
1830 5800 2072 5854 invenire
2132 5796 2279 5854 licet,
2317 5804 2488 5857 neque
2550 5787 2640 5838 Dei
2698 5794 2901 5836 tantum

1336 5916 1525 5964 causa.
1549 5904 1649 5960 sed
1677 5898 1958 5957 hominum
1980 5905 2216 5961 quoque,
2256 5893 2502 5942 mortuos
2548 5879 2751 5935 scimus
2805 5874 2902 5929 ali-

2996 4670 3162 4743 μόνῳ,
3199 4677 3292 4726 καὶ
3322 4672 3576 4742 νεύματι,
3612 4673 3721 4724 τῶν
3754 4670 3847 4722 τοῦ
3890 4670 4137 4723 διαϐόλου
4169 4670 4383 4735 δεσμῶν
4416 4709 4434 4729 ,
4475 4673 4571 4721 καὶ

2993 4768 3089 4834 τῆς
3118 4765 3430 4834 τυραννίδος
3455 4805 3469 4825 ,
3525 4764 3791 4815 λύσασθαι
3842 4763 3902 4814 τὸ
3938 4763 4094 4829 γένος
4138 4763 4287 4829 ἡμῖν,
4339 4761 4447 4811 καὶ
4484 4763 4569 4813 διά

2996 4860 3212 4912 πάντων
3240 4858 3549 4926 εὐεργετεῖν
3572 4873 3584 4887 ο
3622 4856 3814 4908 παθεῖν
3852 4855 3907 4906 δὲ
3938 4855 4036 4906 οὐκ
4069 4853 4135 4905 ἂν
4162 4850 4293 4920 εἶχε,
4337 4854 4420 4922 μὴ
4468 4854 4572 4919 τῆς

2986 4950 3163 5018 ,αὐτῆς
3194 4950 3325 5019 ἡμῖν
3358 4949 3699 5015 κοινωνήσας
3740 4945 3950 5008 οὐσίας.
3980 4945 4052 4996 Τὸ
4096 4946 4139 4997 δ’
4164 4944 4256 4996 οὖν
4300 4944 4377 5004 είς
4412 4947 4573 5013 ἡμᾶς

2998 5043 3442 5111 ἐπιδεικνύμενος
3508 5041 3729 5108 φίλτρον
3788 5041 3952 5100 ὂσονς
4028 5038 4143 5091 Οὐκ
4193 5035 4444 5105 ἠρκέσθη
4509 5054 4568 5103 γε

2998 5137 3235 5205 θατέρῳ,
3269 5133 3413 5197 λέγω
3470 5131 3541 5200 δὴ
3588 5130 3667 5200 τῷ
3719 5124 3777 5183 εὖ
3834 5129 4034 5188 ποιεῖν,
4082 5127 4220 5181 ἀλλά
4249 5127 4343 5179 καὶ
4404 5126 4573 5179 θάτε-

3001 5245 3095 5298 ρον
3140 5225 3474 5296 προσέθηκε,
3529 5222 3600 5274 τά
3665 5220 3733 5274 δι’
3792 5221 3937 5289 ἡμᾶς
3998 5221 4205 5270 ἐκεὶνου
4260 5218 4570 5286 παθήματα

2999 5319 3086 5374 διὰ
3116 5320 3213 5385 τῆς
3247 5316 3466 5383 σαρκός.
3500 5311 3754 5366 Τοιοῦτον
3802 5311 3909 5379 γάρ
3949 5313 3975 5361 ὁ
4018 5306 4221 5377 ἀληθῆς
4251 5309 4414 5377 ἔρως.
4457 5311 4571 5361 Uini

3002 5408 3288 5476 ἀνέχεσθαι
3325 5407 3468 5459 ποιεῖ
3492 5406 3582 5456 τὶν
3607 5401 3838 5472 ἐρῶντα,
3873 5400 3922 5452 εί
3951 5399 4025 5468 μὴ
4054 5400 4142 5451 διὰ
4167 5399 4257 5449 τὸν
4286 5398 4572 5466 ἐρώμενον

3005 5502 3184 5553 πάθοι.
3224 5500 3329 5552 Καὶ
3363 5495 3519 5548 τοῦτό
3562 5510 3653 5562 μοι
3682 5493 3826 5543 δοκεῖ
3868 5491 3927 5542 τὸ
3956 5488 4250 5557 κεφάλαιον
4294 5484 4443 5540 εἶναι
4480 5492 4574 5557 τῆς

3009 5591 3141 5659 πρὸς
3172 5589 3317 5656 ἡμᾶς
3351 5586 3443 5638 τοῦ
3482 5584 3732 5652 Σωτῆρος
3761 5578 4219 5648 συγκαταϐἀσεὼς
4249 5595 4307 5630 τε
4332 5580 4427 5630 καὶ
4464 5584 4611 5632 κοι-’

3005 5685 3221 5742 νωνίας.
3260 5682 3319 5732 Ei
3370 5680 3477 5746 γάρ
3529 5678 3585 5728 ἐν
3621 5673 3929 5746 ἀνθρώποις
3971 5672 4118 5724 ἔστιν
4146 5673 4328 5741 εὑρεῖν
4358 5671 4576 5724 τουτονὶ

3005 5776 3095 5825 τὸν
3119 5774 3316 5843 ἔρωτα,
3350 5771 3443 5821 καὶ
3475 5768 3572 5834 ούχ
3602 5766 3739 5833 ὑπὲρ
3764 5761 3856 5816 τοῦ
3914 5761 4046 5814 Θεοῦ
4096 5763 4275 5830 μόνον,
4307 5760 4455 5813 ἀλλὰ
4486 5761 4576 5812 καὶ

3011 5867 3150 5933 ὑπὲρ
3183 5861 3486 5927 ἀνθρώπων
3513 5857 3792 5922 γαίοοντές
3825 5870 3969 5913 τινες
3999 5852 4218 5908 τεθνᾶσι
4263 5852 4445 5907 πολλὰ
4474 5870 4575 5906 πα·
