4748 6512
469 419 572 494 521

1867 426 2157 488 ORATIO
2199 431 2296 490 VI.

474 546 683 605 θόντες,
719 542 832 603 πῶς
880 541 978 593 οὒκ
1015 539 1080 594 ἂν
1111 539 1371 609 ἁρμόσειε
1421 539 1579 593 τοῦτο
1619 540 1698 608 τῷ
1739 541 1834 612 τῆς
1874 543 2047 612 ἄκρας
2075 554 2120 610 Α
2149 559 2284 613 quos
2310 558 2349 598 et

1828 560 1834 570 ·
1874 543 2047 612 ἄκρας
2075 554 2120 610 Α
2149 559 2284 613 quos
2310 558 2429 598 cum
2473 543 2766 612 voluptate,
2812 542 2978 595 multa
3035 543 3187 610 prius
3240 557 3543 613 perpessos,
3599 561 3703 614 quo

472 634 808 701 άγαθότητος
838 632 1038 701 ἓρωτις
1075 632 1174 682 Διὰ
1210 630 1422 682 πολλῶν
1478 632 1577 700 μὲν
1606 631 1714 701 γὰρ
1744 633 1836 685 καὶ
1863 633 2040 686 ἄλλων

472 727 710 796 ἠδύνατο
740 726 956 796 τρόπων
987 725 1157 776 σῶσαι
1184 724 1274 776 τὸν
1305 723 1589 793 ἄνθρωπον
1618 725 1644 776 ό
1663 724 1871 793 Σωτὴρ,
1904 725 2039 777 ἔσω-

475 831 539 868 σε
569 815 616 866 δ’
638 814 732 866 οὖν
757 813 1077 882 σαρκωθεὶς,
1113 811 1320 880 πρέπον
1352 810 1413 862 ὃν
1433 809 1574 862 οὕτω
1609 811 1883 878 γενέσθαι,
1914 811 2041 861 πολ-

473 906 583 958 λῶν
616 905 713 974 μὲν
746 905 908 956 ἕνεκα
945 903 1036 954 καὶ
1081 902 1352 970 μεγάλων,
1411 902 1647 970 μάλιστα
1697 901 1750 952 δὲ
1776 901 1875 965 τῆς
1906 901 2039 969 πρὸς

471 999 624 1067 ἡμᾶς
657 996 875 1064 ἀγάπης
917 995 1103 1058 αὑτοῦ,
1159 993 1472 1061 ὑπερφυοῦς
1513 991 1696 1061 οὔσης.
1731 991 1840 1042 Καὶ
1887 990 2038 1042 ταῦτ’

473 1088 631 1149 εἰδὼς
662 1089 767 1146 πᾶς
788 1083 1039 1138 ὁστισοῦν
1068 1083 1174 1136 τῶν
1201 1083 1489 1153 προϐάτων
1513 1084 1761 1143 ἐκείνων,
1783 1080 1818 1135 ἃ
1851 1081 1914 1149 δὴ
1943 1081 2039 1149 τῆς

473 1178 644 1246 αὐλῆς
693 1179 809 1229 ἐστι
860 1176 959 1242 τῆς
1005 1175 1353 1243 δεσποτικῆς,
1395 1173 1668 1242 σκιρτάτω
1705 1164 2038 1243 χαίρωνὲκαὶ

474 1270 922 1339 φαιδρυνὸμενος.
959 1269 1048 1320 Ἂν
1106 1267 1204 1334 μὲν
1239 1260 1407 1335 γὰρῇ
1449 1267 1513 1332 τῇ
1549 1263 1755 1332 μάνδρᾳ
1802 1263 2040 1315 συνδιαι-

472 1360 738 1429 τιτιμενος,
764 1360 855 1410 καὶ
899 1357 1126 1425 πληρῶν
1158 1357 1249 1409 τὸν
1295 1355 1528 1424 ἀριθμὸν
1567 1354 1667 1422 τῆς
1704 1353 2041 1424 θρυλλουμέ-

473 1472 572 1521 νης
599 1451 950 1510 ἑκατοντάδος
1001 1448 1088 1518 (εὖ
1140 1450 1248 1516 γὰρ
1281 1447 1450 1499 ποιῶν
1484 1449 1510 1497 ὁ
1545 1446 1697 1511 λόγος
1728 1447 1877 1516 ἡμᾶς
1915 1445 2039 1512 ἐνή-

472 1561 647 1612 γαγεν
677 1542 766 1595 ἐπὶ
820 1541 918 1609 τὴν
950 1539 1268 1608 παραϐολὴν
1323 1539 1423 1609 ήδη
1459 1539 1711 1607 ταύτην),
1753 1538 1844 1590 ὑπ’
1875 1535 2036 1590 αὑτοῦ

476 1635 732 1704 ποιμένος
762 1633 1081 1702 ἀχθήσεται,
1122 1629 1216 1682 τοῦ
1250 1631 1414 1684 καλοῦ
1449 1648 1531 1691 τε.
1565 1631 1658 1683 καὶ
1687 1630 1754 1682 τὰ
1788 1633 2038 1700 πρόϐατα

476 1728 822 1795 κτησαμένου
859 1723 1038 1793 πολλῷ
1085 1726 1377 1793 τιμήματι.
1431 1725 1539 1777 Καὶ
1567 1725 1673 1796 γάρ
1707 1727 1868 1788 αὐτὸς
1897 1727 2037 1796 ὑπὲρ

477 1819 658 1872 αὐτῶν
681 1818 775 1887 τὴν
797 1816 974 1886 ψυχὴν
1002 1814 1238 1877 τέθεικε,
1270 1817 1366 1868 καὶ
1389 1817 1448 1869 τὸ
1477 1816 1607 1869 ἴδιον
1637 1818 1853 1887 ἐξέχεεν
1882 1815 2036 1889 αἷμα,

476 1911 572 1961 καὶ
621 1907 814 1961 ἐαυτοῦ
843 1908 936 1959 τὸν
980 1906 1182 1975 τρόπον
1209 1908 1396 1960 τοῦτον
1428 1908 1754 1974 πεποίηκεν,
1789 1910 2042 1961 οὐδέποτε

475 2004 569 2055 καὶ
602 2004 730 2068 πρὶν
746 2001 878 2054 ὄντα
910 2000 1059 2064 ξένα.
1096 2001 1161 2052 Τί
1197 1999 1302 2069 γὰρ
1333 2000 1425 2053 καὶ
1472 2002 1920 2071 παραδραμεῖται
1949 2005 2044 2072 τὴν

473 2093 640 2146 αὐτοῦ
661 2092 982 2145 δεσποτείαν
1007 2109 1020 2154 ;
1048 2092 1248 2162 τριπλῆ
1280 2093 1388 2159 γάρ
1417 2093 1635 2145 πάντων
1664 2095 1928 2163 δεσπότης
1959 2088 2044 2148 οὗ·

473 2185 568 2247 τός
596 2186 713 2235 ἐστι
735 2198 748 2212 ⁸
772 2181 849 2251 τῷ
879 2185 1220 2248 παραγαγεῖν
1252 2184 1346 2232 καὶ
1366 2181 1793 2252 δημιουργῆσαι,
1811 2183 1888 2253 τῷ
1919 2202 2049 2253 προ-

473 2278 617 2329 νοεῖν
643 2293 700 2328 τε
735 2276 826 2327 καὶ
855 2270 913 2326 εὖ
947 2276 1139 2338 ποιεῖν,
1167 2274 1241 2342 τῷ
1263 2274 1524 2327 δύνασθαι
1549 2275 1640 2327 καὶ
1671 2275 1900 2343 νεύματι
1928 2276 2044 2328 δια-

475 2365 717 2433 φῦεῖραι.
759 2367 830 2418 Τὸ
854 2366 909 2417 δὲ
945 2367 1241 2435 μυστήριον
1291 2366 1480 2432 γέγονε
1514 2368 1574 2418 τὸ
1627 2367 1878 2435 φρικτὸν,
1917 2366 1982 2417 ἶν’

472 2459 537 2509 τὺ
566 2457 724 2522 φύσει
775 2458 974 2526 προσὸν
1001 2456 1169 2525 ἀὐτῷ
1202 2457 1294 2508 καὶ
1351 2456 1548 2527 γνώμῃ
1605 2456 2043 2525 βασιλευόμενον.

476 2548 571 2609 Ei;
611 2549 768 2599 τοῦτο
799 2549 906 2615 γάρ
934 2537 1087 2616 οἶμαι
1137 2546 1324 2615 φέρειν
1377 2547 1460 2612 τὸ,
1499 2546 1562 2598 '0
1601 2547 1815 2614 Κύριος
1847 2547 2048 2599 ἐϐασί-

475 2643 684 2692 ⁸ἒευσε.
721 2637 793 2691 Τὸ
842 2639 949 2707 γάρ
998 2637 1417 2706 βασιλευόμενον
1474 2637 1608 2706 μὲν,
1670 2635 1802 2689 ἆκον
1851 2639 1928 2699 δὲ,
1979 2636 2048 2689 δι’

475 2731 701 2798 ἄγνοιαν
741 2728 835 2781 τοῦ
866 2727 1222 2799 δημιουργοῦ,
1257 2729 1373 2780 νυνὶ
1424 2731 1522 2798 τῆς
1550 2724 1894 2795 ἐπιγνώσεως
1929 2729 2048 2779 ἐπι-

477 2820 775 2889 λαμψάσης
830 2817 904 2887 τῷ
959 2817 1173 2886 κόσμῳ,
1232 2817 1525 2886 αὐτομολεῖ
1567 2833 1648 2879 τε,
1686 2817 1779 2868 καὶ
1810 2815 1964 2884 ζητεῖ
1993 2816 2052 2868 τὸ

481 2907 864 2978 βασιλεύεσθαι
912 2906 1048 2976 παρ’
1090 2905 1276 2958 αὑτοῦ.
1310 2905 1498 2968 ’Ὀστις
1537 2905 1633 2975 μὲν
1681 2900 1773 2958 οὗν
1804 2903 1902 2973 τὴν
1951 2901 2048 2955 τοῦ

481 3003 741 3070 ποιμένος
775 2997 958 3066 φωνὴν
986 2993 1115 3061 οἶδε,
1170 2998 1262 3051 καὶ
1299 2996 1583 3050 ἀκολουθεῖ
1631 2995 1748 3049 κατ’
1777 2997 1922 3066 ἴχνος
1952 3013 2051 3048 πο-

482 3094 783 3164 ρευομένῳ,
808 3093 865 3144 ἐν
896 3091 1094 3161 χλοερᾷ
1130 3093 1196 3161 τῇ
1233 3090 1341 3161 πόᾳ
1372 3081 1808 3160 κατασκηνώσει,
1840 3089 1935 3143 καὶ
1960 3089 2054 3140 ἐπὶ

2143 644 2302 704 pacto
2332 650 2437 689 non
2481 636 2621 688 idem
2655 636 2756 688 boe
2787 634 2930 688 illius
2959 649 3223 702 suprema:
3256 634 3512 690 bonitatis
3529 639 3701 691 amori

2144 726 2523 795 competierit?
2555 725 2763 794 Quippe
2795 727 2980 780 multis
3029 725 3151 778 aliis
3182 725 3342 777 etiam
3400 727 3572 781 modis
3604 727 3706 781 bo-

2145 816 2308 872 minis
2342 817 2499 872 saluti
2535 817 2819 871 consulere
2855 816 3106 869 Salvator
3146 825 3380 885 poterat,
3417 825 3470 869 et
3525 824 3700 871 tamen

2143 923 2265 962 eum
2293 910 2547 971 servavit,
2594 918 2868 971 assumpta
2907 923 3092 974 carne,
3122 909 3265 976 quod
3310 908 3381 962 ita
3426 924 3534 962 rem
3570 923 3704 961 con-

2145 999 2259 1052 ﬁeri
2306 1002 2540 1062 deceret,
2586 1014 2709 1052 cum
2773 999 2952 1066 plures
3005 1011 3058 1054 et
3115 1015 3334 1067 magnas
3386 1001 3454 1054 ob
3487 1017 3701 1069 causas,

2145 1101 2255 1143 tum
2294 1091 2556 1158 imprimis
2580 1093 2648 1145 ob
2671 1091 2838 1160 ipsius
2867 1107 2992 1160 erga
3025 1107 3121 1146 nos
3157 1108 3395 1147 amorem
3426 1095 3704 1150 eximium.

2143 1183 2319 1249 Atque
2373 1183 2475 1238 hoc
2535 1198 2657 1237 eum
2710 1185 2853 1238 norit
2895 1185 3121 1251 quilibet
3176 1201 3358 1239 earum
3417 1203 3480 1240 ex
3523 1190 3704 1242 ovium

2145 1286 2368 1325 numero
2391 1287 2506 1339 qum
2535 1275 2694 1342 hujus
2719 1277 2784 1328 ad
2840 1275 2952 1328 lteri
2987 1276 3257 1330 stabulum
3292 1279 3584 1344 pertinent,
3615 1279 3707 1331 Ire-

2145 1374 2228 1416 tus
2253 1373 2301 1415 ct
2330 1363 2515 1418 hilaris
2547 1365 2800 1419 exsultet.
2843 1365 2974 1418 Nam
3032 1369 3076 1420 si
3123 1368 3275 1419 caula
3333 1385 3438 1423 non
3493 1371 3706 1434 relieta,

2142 1462 2326 1507 notum
2388 1454 2534 1507 illum
2563 1456 2932 1508 centenarium
2984 1471 3268 1509 numerum
3319 1457 3506 1525 implet
3537 1461 3707 1523 (recte

2135 1544 2246 1614 jam
2284 1547 2426 1597 enim
2461 1545 2526 1598 ad
2578 1560 2698 1598 eam
2748 1546 3160 1600 similitudinem
3215 1549 3332 1614 ipsa
3383 1562 3478 1602 nos
3516 1549 3712 1605 invitat

2141 1636 2358 1703 oratio),
2386 1636 2453 1688 ab
2482 1636 2600 1705 ipso
2637 1646 2853 1705 pastore
2883 1639 3131 1704 ducetur,
3187 1640 3298 1704 illo,
3333 1633 3580 1709 inquam,
3617 1658 3708 1709 pa-

2143 1738 2290 1782 store
2328 1730 2489 1791 bono,
2515 1730 2712 1798 quique
2749 1746 2939 1798 magno
2977 1746 3102 1784 suas
3156 1747 3285 1786 oves
3335 1734 3509 1801 pretio
3563 1750 3712 1789 com-

2143 1819 2369 1886 paravit.
2404 1819 2615 1873 Etenim
2655 1821 2767 1888 ipse
2798 1837 2893 1887 pro
2921 1822 3001 1874 eis
3048 1823 3285 1875 animam
3319 1839 3472 1877 suam
3506 1827 3707 1894 posuit,

2144 1923 2196 1967 et
2255 1914 2529 1982 proprium
2590 1913 2905 1980 sanguinem
2961 1912 3165 1980 cil‘udit,
3219 1926 3378 1983 atque
3414 1918 3517 1971 ilOC
3553 1920 3711 1971 modo

2147 2021 2272 2060 suas
2327 2007 2471 2067 fecit,
2506 2021 2624 2072 quae
2690 2023 2753 2058 ne
2791 2006 2940 2071 prius
2991 2008 3208 2074 quidem
3269 2024 3502 2074 unquam
3555 2021 3715 2063 erant

2148 2100 2359 2152 alimur.
2391 2098 2528 2163 Quid
2558 2099 2699 2152 enim
2740 2099 2907 2166 ipsius
2933 2099 3167 2166 eii‘ugere
3202 2100 3497 2153 dominium
3522 2101 3716 2166 possit?

2148 2189 2367 2260 Triplici
2389 2204 2621 2258 namque
2650 2189 2856 2244 ratione
2882 2191 3140 2244 Dominus
3165 2201 3247 2245 est
3267 2194 3505 2245 omnium
3531 2196 3710 2261 :quod

2150 2282 2202 2334 in
2239 2291 2424 2334 ortum
2485 2282 2801 2349 produxerit
2847 2291 2901 2333 ct
2957 2283 3306 2347 condiderit,,
3337 2284 3478 2352 quod
3525 2299 3713 2340 curam

2149 2381 2301 2439 gerat
2335 2384 2383 2425 et
2412 2373 2736 2432 benefaeial,
2767 2373 2908 2440 quod
2943 2374 3107 2426 etiam
3150 2385 3282 2426 nutu
3322 2377 3548 2442 perdere
3591 2391 3716 2442 pos-

2149 2467 2238 2519 sit.
2264 2463 2661 2518 lnearnationis
2691 2479 2820 2519 vero
2851 2468 3190 2520 tremendum
3242 2468 3710 2540 mystcrinutcon-

2152 2554 2287 2624 tigit,
2322 2561 2379 2605 ut
2431 2553 2573 2620 quod
2607 2562 2799 2607 natura
2837 2555 3006 2624 ipsius
3041 2565 3179 2617 crat,
3210 2567 3398 2623 spo-..:e
3431 2571 3491 2610 se
3551 2573 3715 2625 regno

2150 2647 2386 2714 ejusdem
2418 2645 2720 2712 subiiceret.
2755 2648 2870 2700 lluc
2921 2647 3061 2702 enim
3109 2649 3192 2702 illa
3264 2661 3506 2717 spectare
3553 2653 3715 2706 verba

2153 2746 2279 2806 puto
2317 2754 2331 2791 :
2359 2737 2614 2790 Dominus
2643 2740 2898 2806 regnavit.
2928 2737 3059 2791 Nam
3083 2741 3223 2810 que-tl
3249 2752 3394 2796 recto
3413 2744 3712 2812 subjectum

2151 2837 2289 2888 erat,
2342 2829 2510 2882 invite
2580 2840 2778 2896 tamen,
2847 2841 3066 2900 propter
3119 2835 3505 2902 ignorationem
3552 2838 3720 2904 ipsius

2154 2919 2392 2986 Opiticis,
2427 2937 2568 2974 nunc
2602 2931 2888 2989 postquam
2941 2923 3057 2991 ejus
3111 2926 3312 2993 agnitio
3372 2928 3468 2980 leti
3514 2929 3718 2983 mundo

2155 3011 2349 3074 illuxit,
2391 3028 2484 3066 sua
2517 3024 2708 3080 sponte
2742 3017 2950 3068 accedit
2983 3026 3035 3068 et
3085 3032 3251 3085 regno
3302 3019 3416 3086 ejus
3445 3023 3716 3075 contineri

2155 3103 2324 3170 cupit.
2360 3103 2616 3170 Quisquis
2639 3120 2768 3170 ergo
2802 3121 2985 3159 vocem
3016 3110 3242 3174 pastoris
3270 3111 3436 3173 novit,
3468 3122 3522 3164 et
3551 3114 3718 3166 vesti-

481 3185 674 3246 ὓδατος
707 3182 1063 3242 ἀναπαύσεως
1098 3182 1541 3251 ἐκτραφήσεται·
1583 3182 1676 3233 καὶ
1719 3183 1778 3233 οὐ
1813 3181 2053 3250 φοϐηοή-
2082 3227 2124 3284 c
2159 3196 2256 3264 Eii;
2279 3210 2356 3262 pr;

1843 3181 2053 3250 ποδηθῆ-
2082 3227 2124 3284 c
2159 3196 2566 3264 giispraneunlis
2617 3196 2841 3260 insistit,
2874 3198 2922 3251 in
2961 3199 3114 3251 viridi
3177 3203 3419 3268 gl‘.‘tlliillc
3473 3219 3718 3257 commo-

486 3293 637 3328 σεται
667 3276 831 3339 κακά,
860 3274 968 3328 οὐδ’
996 3275 1060 3327 ἂν
1082 3273 1217 3344 τύχῃ
1242 3275 1604 3344 πορευόμενος
1634 3274 1690 3325 ἐν
1718 3274 1866 3343 μέσῳ
1899 3276 2056 3335 σκιᾶς

484 3367 750 3420 θανάτου.
797 3367 920 3419 Ἐὰν
967 3367 1022 3418 δέ
1073 3365 1281 3435 πλάνης
1328 3364 1585 3434 πειραθῇ,
1641 3366 1733 3417 καὶ
1781 3366 2058 3428 ἀπολωλός

486 3474 622 3510 ποτε
651 3457 878 3527 γένηται
911 3456 1228 3526 (ἀνθέξομαι
1274 3455 1381 3524 γὰρ
1428 3457 1527 3523 τῆς
1557 3455 1918 3526 παραῦολῆς),
1950 3457 2060 3511 οὐδ’

487 3549 638 3600 οὕτω
667 3549 805 3611 τέως
831 3547 1237 3616 ἀμεληθήσεται
1259 3560 1271 3575 ·
1295 3546 1430 3599 ἀλλὰ
1453 3548 1654 3618 σπουδῇ
1673 3537 2056 3616 ζητηθήσεται,

488 3640 586 3692 καὶ
619 3639 839 3708 εὑρεθὲν
881 3640 971 3690 ἐπί
993 3637 1104 3690 τῶν
1147 3638 1313 3706 ὤμων
1347 3637 1665 3706 ἀχθήσεται,
1716 3641 1804 3692 καὶ
1844 3642 1954 3702 τοῖς
1987 3640 2060 3710 μὴ

487 3732 929 3799 πεπλανημένοις
955 3728 1225 3796 όμοταγές
1253 3729 1428 3784 ἔσται.
1463 3729 1656 3782 Καίτοι
1683 3732 1776 3782 καὶ
1800 3731 2061 3798 μειζόνως

483 3825 671 3892 χαίρει
701 3822 778 3892 τῷ
811 3823 892 3874 ἐνί
925 3821 1097 3891 τούτῳ
1127 3822 1158 3892 ἢ
1194 3825 1305 3884 τοῖς
1338 3822 1555 3884 πολλοῖς
1583 3821 1834 3885 ἐκείνοις,
1869 3825 1980 3885 τοῖς
2004 3825 2062 3874 ἐν

484 3919 559 3986 τῇ
595 3914 824 3984 μάνδρᾳ,
861 3915 972 3976 τοῖς
1007 3914 1094 3965 ἀεὶ
1119 3912 1213 3965 σὺν
1244 3911 1392 3981 αὐτῷ
1432 3913 1705 3980 μένουσιν.
1739 3912 1914 3975 Αὐτὸς
1941 3912 2062 3964 τοῦ·

485 4023 552 4057 το
580 4004 794 4074 εἴρηκε.
833 4005 1122 4073 Συνίστησι
1148 4002 1203 4054 δέ
1239 4002 1328 4056 τὸν
1359 4002 1516 4068 λόγον
1548 4004 1642 4055 καὶ
1671 4002 1854 4063 αὐτοῖς
1885 4004 2062 4072 πρὰγέ

493 4115 654 4169 μασι.
709 4095 971 4149 Τοσοῦτον
1044 4097 1153 4162 γὰρ
1203 4093 1515 4157 ἐπεδείξατο
1565 4093 1787 4162 φίλτρον
1836 4095 1970 4162 προς
2004 4093 2062 4144 τὺ

487 4184 866 4253 πλανώμενον,
918 4185 994 4246 ὡς
1042 4185 1262 4252 ἀφεῖναι
1299 4183 1397 4253 μὲν
1427 4185 1612 4236 ἐκεῖνα
1645 4185 1710 4236 τὰ
1747 4183 1935 4248 πολλὰ,
1969 4183 2062 4234 ἐπὶ

485 4278 550 4330 δὲ
583 4280 680 4346 τὴν
713 4275 805 4328 τοῦ
837 4277 955 4338 ἐνὸς
1005 4275 1235 4344 ζήτησιν
1272 4273 1508 4340 ἐξελθεῖν
1535 4291 1547 4304 ’
1597 4275 1739 4327 οῦτω
1771 4273 1867 4344 τὴν
1896 4274 2060 4326 αὐτοῦ

489 4369 772 4437 σωτηρίαν
794 4366 885 4420 τοῦ
921 4367 1118 4429 παντὸς
1154 4367 1367 4436 ἡγεῖται
1397 4366 1556 4432 ἀξίαν
1590 4363 1750 4420 εἶναι.
1784 4369 1888 4419 Καὶ
1915 4365 2065 4436 δηλοῖ

486 4455 556 4506 τὸ
589 4454 776 4522 μηδενὶ
800 4453 858 4505 τὸ
887 4455 1117 4522 πρᾶγμα
1157 4454 1314 4506 τοῦτο
1345 4455 1654 4508 πιστεῦσαι.
1693 4455 1765 4507 Οὐ
1799 4457 1905 4524 γάρ
1935 4457 2063 4507 πολ-

486 4547 624 4606 λοὺς
655 4544 1068 4612 μισθωσάμενος
1098 4543 1361 4613 ἐπεμψεν,
1398 4545 1519 4598 οὐδὲ
1568 4545 1802 4615 ἀνέθηκὲ
1829 4564 1939 4598 τισι
1963 4548 2062 4616 τὴν

486 4639 588 4691 τοῦ
619 4638 780 4704 ἔργου
814 4636 1148 4705 ἐπιμέλειαν,
1181 4638 1239 4689 οὐ
1288 4636 1513 4700 δούλοις,
1550 4638 1610 4688 οὐ
1640 4637 1838 4706 φίλοις,
1860 4637 1920 4689 οὐ
1953 4640 2063 4700 τοῖς

490 4727 752 4795 ἀγγέλοις
779 4727 982 4790 αὐτοῖς.
1011 4727 1126 4781 ἀλλ’
1149 4728 1324 4797 ἐαυτῷ
1353 4743 1414 4795 γε
1449 4729 1593 4799 μόνῳ
1617 4730 1676 4782 τὸ
1703 4733 1809 4783 πᾶν
1833 4730 2069 4800 ἐθάρρη-

493 4837 560 4872 σε
580 4835 594 4850 ο
628 4818 896 4872 παιδεύων
927 4821 1094 4888 ἡμᾶς,
1120 4815 1295 4890 οἶμαι,
1320 4823 1381 4874 οὑ
1407 4820 1566 4890 μόνον
1589 4823 1849 4890 πράττειν
1871 4823 1905 4876 ἂ.
1940 4823 2065 4892 χρὴ,

491 4912 637 4968 ἀλλὰ
665 4912 759 4964 καὶ
790 4911 867 4981 τῷ
902 4911 1132 4980 βελτίονι
1180 4913 1362 4984 τρόπῳ
1387 4931 1400 4944 ο
1453 4917 1545 4967 καὶ
1581 4916 1721 4984 μήτε
1780 4915 1935 4980 δόξαν
1970 4916 2068 4985 τὴν

494 5003 888 5072 φθειρομένην,
926 5007 1061 5071 μήτε
1084 5004 1318 5073 τρυφὴν,
1352 5006 1477 5074 μήτ’
1500 5007 1818 5074 ἀσφάλειαν,
1851 5008 1942 5060 τοῦ
1973 5025 2069 5060 κα-

492 5094 591 5146 λοῦ
619 5096 715 5146 καὶ
747 5095 1048 5164 πρέποντος
1077 5096 1414 5164 προτιθέναι.
1447 5098 1522 5148 Οὐ
1557 5097 1664 5167 μὴν
1688 5099 1821 5151 ἀλλὰ
1851 5099 1945 5150 καὶ
1974 5097 2072 5169 τὴν

497 5184 812 5252 ὑπερϐολὴν
839 5187 934 5252 τῆς
957 5185 1179 5255 ἀγάπης
1210 5185 1382 5256 ταύτῃ
1416 5187 1653 5253 δεικνὺς,
1679 5191 1742 5256 ἢν
1781 5189 1914 5256 πρὸς
1940 5191 2072 5242 ’ἐκα-

499 5293 630 5330 στον
664 5275 820 5345 ἡμῶν
851 5270 1003 5339 οὗτος
1033 5276 1166 5344 ἔχει,
1193 5277 1291 5346 τὴν
1316 5280 1394 5338 εἰς
1424 5279 1686 5348 ἀλλήλους
1713 5281 1917 5350 σφόδρα
1946 5283 2074 5336 ἀνά-

497 5385 656 5421 πτει.
694 5365 965 5420 Τοσοῦτον
1020 5367 1126 5436 γὰρ
1155 5368 1404 5436 ἢκμαζεν
1436 5371 1493 5422 ἐν
1533 5370 1678 5438 αὐτῷ
1727 5372 1785 5422 τὸ
1819 5371 1909 5424 τοῦ
1958 5373 2075 5436 ἐνὸς

500 5460 751 5530 φίλτρον,
783 5457 856 5519 ὡς
888 5459 1030 5512 άπαν
1055 5458 1201 5526 ὅρος,
1233 5462 1341 5513 πᾶν
1379 5461 1563 5524 ἄλσος,
1591 5466 1698 5516 πᾶν
1732 5464 1954 5531 άὸατον,
1979 5467 2075 5534 βά-

510 5567 678 5620 σιμον
723 5549 868 5619 αὑτῷ
899 5552 1207 5616 φαίνεσθαι,
1261 5553 1354 5604 καὶ
1407 5553 1551 5623 μάλα
1603 5557 1803 5624 κοῦφον
1833 5559 2076 5627 νομίζειν

509 5641 864 5712 ἀχθοφορεῖν,
891 5641 957 5694 ἶν’
991 5642 1122 5694 αὐτὸ
1161 5643 1220 5694 τὸ
1251 5642 1522 5714 πλανηθὲν
1562 5649 1672 5709 τοῖς
1707 5649 1916 5701 πλείοσι
1952 5667 2080 5704 συν·

509 5731 822 5802 αριομηθῇ.
875 5731 1032 5784 Εἴποι
1061 5749 1145 5794 τις
1177 5733 1264 5797 ἂν,
1297 5730 1475 5803 οἶμαι,
1501 5736 1786 5808 Θαυμάσας
1815 5741 1974 5795 τοῦτο
2022 5744 2082 5795 τὸ

509 5824 699 5895 ἔργον,
723 5822 852 5892 ὼςὴ
885 5823 981 5891 μὲν
1023 5824 1246 5893 ζήτησις
1278 5828 1572 5897 ἀναγκαία,
1608 5832 1702 5885 καὶ
1729 5832 1794 5885 τά
1838 5835 1894 5886 ἐν
1942 5835 2080 5906 αὐτῇ

836 5919 1104 5981 ΡΔτιιοι..
1136 5922 1265 5989 Gn.
1291 5923 1492 5983 CLVI.

2163 3286 2374 3338 rabitur
2395 3298 2444 3339 et
2475 3288 2540 3341 ad
2595 3289 2851 3355 requietis
2904 3306 3096 3358 aquam
3140 3303 3389 3357 pascetur
3423 3309 3436 3346 :
3474 3297 3639 3350 nullis
3691 3316 3720 3351 τι

2164 3377 2318 3430 matis
2353 3378 2452 3431 sibi
2489 3388 2713 3443 metuet,
2751 3395 2818 3434 ne
2847 3381 3061 3446 quidem
3094 3384 3137 3436 si
3175 3399 3296 3435 cum
3339 3387 3388 3438 in
3421 3388 3598 3443 medio
3646 3390 3725 3444 le-

2163 3472 2284 3525 talis
2319 3474 2523 3525 umbrre
2553 3474 2832 3540 contingat
2866 3475 2967 3528 iter
3017 3475 3212 3531 facere.
3256 3479 3408 3544 Quod
3463 3481 3509 3534 si
3562 3484 3721 3536 aber-

2162 3564 2332 3618 rando
2383 3565 2690 3628 deﬂexerit,
2719 3567 2944 3634 ovisque
2970 3568 3182 3635 perdita
3219 3570 3392 3625 [aetiis
3439 3572 3595 3626 fuerit
3619 3574 3726 3644 (in-

2162 3655 2376 3711 literebo
2415 3673 2646 3726 namque
2702 3658 3042 3712 similitudini
3107 3664 3438 3733 proposita'),
3513 3682 3581 3720 ne
3643 3669 3725 3722 sic

2161 3748 2378 3815 quidem
2441 3750 2762 3819 negligetur,
2825 3751 2916 3805 sed
2953 3754 3196 3808 studiose
3251 3756 3616 3823 perquiretur,
3673 3769 3728 3811 ct

2163 3840 2402 3892 humeris
2453 3841 2699 3908 imposita
2732 3842 3055 3909 perferetur,
3083 3860 3145 3897 ac
3193 3847 3425 3913 ueteris,
3456 3865 3577 3917 qua:
3618 3865 3724 3904 nou

2165 3929 2562 3992 aberraverint,
2596 3934 3002 4001 aggregabitur.
3047 3935 3158 3990 lmo
3207 3938 3458 4006 majorem
3501 3955 3564 3992 ex
3625 3941 3729 3994 hac

2167 4034 2272 4072 una
2315 4022 2647 4089 voluptatem
2680 4032 2865 4092 pastor
2920 4026 3151 4094 percipit
3188 4043 3348 4095 quam
3395 4030 3460 4084 de
3484 4030 3728 4098 pluribus

2166 4112 2272 4166 illis
2298 4112 2347 4164 in
2379 4113 2528 4165 eaula
2560 4117 3024 4170 commorantibus
3074 4128 3127 4170 et
3159 4133 3372 4187 semper
3406 4123 3546 4189 apud
3604 4137 3724 4176 eum

2167 4204 2531 4258 manentibus.
2569 4202 2682 4258 lloc
2708 4205 2937 4274 ipsemet
2965 4205 3103 4259 dixit
3147 4217 3201 4262 et
3238 4211 3542 4264 orationem
3574 4229 3726 4267 suam

2167 4294 2323 4350 factis
2345 4297 2678 4366 comprobat.
2707 4299 2937 4354 Tantum
2956 4302 3099 4356 enim
3127 4317 3366 4357 amorem
3396 4319 3520 4373 erga
3546 4322 3729 4371 ovem,

2167 4401 2286 4455 qua:
2319 4397 2437 4442 erat
2494 4389 2737 4456 perdita,
2771 4390 3186 4457 demonstravit,
3236 4404 3295 4446 ut
3327 4395 3434 4448 illis
3485 4397 3730 4465 pluribus

2169 4478 2408 4542 amissis,
2445 4479 2510 4531 ad
2548 4477 2690 4532 hanc
2725 4495 2886 4533 unam
2933 4483 3311 4548 inquirendam
3344 4488 3535 4550 exiret,
3601 4490 3734 4543 adeo

2098 4579 2139 4637 υ
2169 4569 2394 4623 salutem
2438 4570 2598 4639 huius
2642 4571 2800 4639 pretii
2848 4574 3122 4640 quantivis
3168 4575 3357 4640 ducit;
3407 4585 3597 4647 estque
3635 4582 3736 4635 boe

2172 4663 2346 4728 ipsum
2380 4661 2581 4716 indicio
2616 4665 2757 4730 quod
2794 4665 2996 4718 nemini
3033 4681 3142 4719 rem
3194 4667 3331 4720 lianc
3375 4674 3731 4726 commiserit.

2171 4754 2379 4824 Quippe
2401 4771 2506 4808 non
2545 4755 2729 4823 plures
2761 4757 2934 4826 pretio
2980 4759 3276 4813 conductos
3312 4762 3604 4830 ablegavit,
3640 4781 3736 4818 nec

2172 4859 2362 4896 curam
2395 4844 2574 4912 operis
2601 4844 2759 4910 huius
2797 4844 3070 4914 aliquibus
3115 4845 3370 4914 imposuit
3401 4866 3413 4901 :
3463 4865 3565 4903 non
3625 4867 3739 4905 ser-

2175 4936 2276 4997 vis,
2312 4950 2415 4987 uon
2447 4935 2658 4999 amicis,
2690 4950 2792 4988 ιιοιι
2823 4937 3030 5001 angelis
3060 4938 3194 5002 suis,
3233 4940 3324 4990 sed
3380 4941 3480 4992 sibi
3527 4943 3624 4996 soli
3665 4952 3742 4997 to-

2173 5037 2282 5079 tam
2309 5039 2420 5077 rem
2453 5026 2700 5087 credidit,
2764 5041 2884 5088 nos,
2948 5035 3004 5078 ut
3047 5028 3293 5095 equidem
3337 5032 3548 5098 opinor,
3613 5049 3741 5087 eru-

2175 5116 2348 5179 diens,
2382 5130 2486 5166 non
2543 5127 2746 5168 tantum
2805 5124 2962 5170 utea
3013 5116 3278 5173 faciamus
3330 5137 3447 5190 qua:
3507 5136 3741 5190 oportet,

2176 5201 2268 5254 sed
2303 5203 2468 5254 etiam
2501 5204 2776 5257 meliorem
2810 5206 2860 5258 in
2897 5206 3138 5268 modum,
3181 5218 3343 5276 utque
3396 5227 3492 5265 nec
3549 5229 3745 5269 evane-

2177 5301 2412 5345 scentem
2446 5293 2691 5360 gloriam,
2731 5310 2828 5349 nec
2854 5297 3203 5365 voluptatem,
3233 5317 3334 5353 nec
3368 5305 3740 5368 securitatem,

2180 5384 2411 5437 honesto
2442 5397 2603 5454 atque
2623 5390 2824 5440 decoro
2853 5397 3274 5458 anteponamus.
3305 5393 3594 5460 l’rteterca,
3621 5413 3743 5450 cum

2181 5475 2282 5529 hac
2313 5476 2522 5530 ratione
2549 5492 2704 5530 suum
2741 5478 2791 5530 in
2819 5494 2916 5533 nos
2953 5482 3196 5548 singulos
3224 5497 3485 5550 amorem,
3525 5489 3746 5542 nimium

2180 5575 2465 5634 quantum,
2513 5569 2876 5634 demonstrat,
2933 5572 3288 5628 vehementer
3338 5591 3578 5631 amorem
3616 5594 3746 5649 erga

2184 5672 2281 5712 nos
2312 5668 2558 5714 mutuum
2597 5663 2865 5716 accendit.
2913 5661 3046 5716 Nam
3083 5666 3133 5717 in
3183 5667 3301 5733 ipso
3344 5677 3528 5722 tantus
3591 5673 3749 5725 unius

2183 5757 2300 5801 erat
2331 5751 2448 5804 ovis
2480 5766 2652 5817 amor,
2686 5762 2741 5805 ut
2767 5768 2982 5807 onmem
3017 5768 3270 5822 montem,
3301 5759 3499 5812 saltum
3535 5776 3747 5816 omnem

2187 5849 2241 5896 et
2274 5842 2536 5912 quidquid
2569 5846 2928 5912 inaccessum,
2949 5862 3046 5916 pro
3069 5850 3257 5918 pervio
3289 5853 3532 5916 duceret,
3553 5853 3746 5922 ipse-nr

3326 5946 3396 6002 1'7
