4748 6512
215 535 324 597 5Ξῦ

1622 516 1911 581 ORATIO
1941 517 2033 577 VI.

3372 517 3473 582 526

218 651 511 720 ἰσόρροπον
549 645 757 697 ἔκτισιν
794 641 945 709 ζητεῖ
978 639 1085 691 τῶν
1132 634 1549 706 ἁμαρτημάτων
1605 637 1668 688 ἐκ
1696 637 1795 702 τῆς
1827 642 1870 695 Α
1896 628 2084 699 accepi

1605 637 1668 688 ἐκ
1696 637 1795 702 τῆς
1827 642 1870 695 Α
1896 628 2145 699 accepit:
2173 629 2371 699 quippe
2399 629 2682 685 luitionem
2734 630 3058 686 delictorum
3096 628 3239 686 velut
3265 633 3477 702 mquili-

214 741 591 813 προαιρέσεως
623 737 732 789 τῶν
783 731 1221 801 μετανοούντων·
1279 730 1346 782 τὰ
1377 729 1433 781 δὲ
1470 729 1610 798 ἔργα
1655 733 1796 785 κατὰ

212 836 468 898 δύναμιν,
509 830 582 890 ὡς
611 830 709 880 κάν
745 828 858 887 τοῖς
888 823 1159 889 φθάσασιν
1187 822 1427 890 εἴρηται.
1466 821 1555 883 Ὠς
1582 821 1648 875 ἂν
1694 842 1797 893 μη-

213 924 405 993 δαμῶς
443 923 538 991 ὲξῇ
571 919 1011 983 συνεισενεγκεῖν
1041 918 1137 967 καὶ
1186 914 1380 975 ταῦτα,
1415 913 1638 981 ἀρκέσει
1672 914 1796 966 τού-

214 1032 293 1085 τῳ
324 1016 417 1067 καὶ
440 1013 634 1081 γνώμη
665 1011 820 1079 μόνη.
864 1006 1037 1083 Οὕτω-
1060 1023 1143 1058 τοι
1186 1005 1283 1058 καὶ
1322 1003 1415 1057 τὸν
1457 1004 1663 1076 λῃστὴν
1702 1008 1799 1057 αὑ-

216 1108 461 1177 θημερδν
494 1104 733 1168 ἐδέξατο,
765 1101 969 1171 μᾶλλον
991 1092 1047 1151 δὲ
1071 1097 1162 1150 καὶ
1184 1096 1456 1166 αύθωρὸν,
1491 1097 1539 1149 εί
1576 1096 1633 1149 δὲ
1669 1094 1797 1165 βού-

216 1198 302 1249 λει
335 1215 398 1264 γε
421 1238 436 1261 ,
468 1196 565 1249 καὶ
596 1197 669 1275 ἐι
684 1194 899 1261 ἀκαρεῖ,
934 1189 1197 1260 ὁμολογίᾳ
1244 1189 1513 1255 στόματος
1542 1189 1701 1256 μόνῃ,
1729 1187 1797 1240 δι’

216 1290 285 1359 ἣν
320 1289 477 1342 οὐδὲν
506 1288 719 1353 ὑπέστη
750 1284 922 1336 δεινὸν
948 1321 962 1345 ,
1010 1281 1119 1334 οὐδ’
1148 1276 1219 1351 ἦν
1266 1278 1413 1341 εἰκὸς
1450 1279 1793 1349 φοϐηθῆναι.

218 1382 286 1434 Τί
320 1381 429 1449 γὰρ
455 1381 550 1432 καὶ
576 1380 738 1430 πλέον
770 1370 845 1430 ὧν
880 1375 1110 1441 ἔπασχε,
1146 1374 1240 1424 καὶ
1262 1372 1431 1441 apri};
1456 1372 1555 1439 τῆς
1585 1373 1798 1439 ἀποφά-

220 1490 360 1534 σεως
414 1470 507 1523 τοῦ
538 1471 810 1532 θανάτους
868 1466 1009 1520 Ἀλλ’
1046 1464 1235 1534 ἐπειδὴ
1280 1462 1465 1532 φωνῆς
1492 1458 1561 1532 ἦν
1595 1462 1799 1532 Κύριος

216 1566 341 1616 τότε
368 1564 558 1632 μόνης,
588 1561 790 1629 ταύτην
814 1558 1020 1619 πιστῶς
1047 1550 1430 1626 εἰσενηνοχὼς,
1449 1555 1612 1609 αὑτὸν
1642 1555 1802 1623 ἐκέρ-

216 1657 348 1707 δανε
387 1653 479 1705 τὸν
516 1651 869 1720 παράδεισον,
901 1643 1066 1701 ἆθλον
1131 1643 1424 1714 μακαρίοις
1484 1642 1798 1711 ἀφωρισμέ-

218 1764 347 1798 νον·
380 1747 439 1799 δν
487 1762 549 1813 γε
606 1744 655 1796 ei
703 1742 1052 1809 προπάτορες
1095 1735 1423 1800 ἀπώλεσαν,
1479 1735 1577 1804 οὐχ
1608 1734 1799 1802 ὅτιπερ

218 1839 529 1907 ἐξήμαρτον
571 1837 651 1897 είς
685 1835 776 1885 τὸν
819 1831 1145 1902 εὐεργέτην,
1178 1828 1294 1880 ἀλλ’
1323 1829 1516 1894 ὅτιπερ
1548 1826 1799 1893 ἀπέγνω-

220 1949 323 1983 σαν
343 1931 441 1992 τῆς
466 1931 615 1996 σφῶν
647 1926 827 1980 αὐτῶν
851 1923 1149 1994 σωτηρίας.
1178 1922 1238 1975 Ei
1278 1920 1390 1990 γὰρ
1418 1922 1494 1990 μὴ
1524 1919 1683 1972 τοῦτο
1705 1914 1795 1988 ἦν,

1904 725 2051 776 hrem
2088 723 2338 791 requirit,
2390 736 2457 775 ex
2486 720 2736 775 instituto
2766 724 2931 776 animi
2969 723 3413 792 resipiscentium
3458 743 3474 788 ;

1901 828 2065 881 opera
2124 830 2271 879 vero,
2306 829 2401 881 pro
2433 813 2659 877 viribus,
2690 815 2767 867 uti
2801 830 2960 881 supra
2997 831 3214 885 quoque
3269 810 3477 871 dietum

1901 917 2017 963 cst:
2048 924 2167 978 quae
2201 923 2331 963 sane
2363 908 2406 961 si
2466 901 2809 976 nequaquam
2845 908 3003 962 simul
3063 909 3258 963 aﬂ'erre
3295 909 3478 976 liceat,

1902 1000 2016 1068 ipsa
2053 1004 2318 1054 duntaxat
2352 994 2605 1054 voluntas
2636 1002 2682 1055 ei
2716 999 2970 1055 suﬂiciet.
2998 1000 3091 1054 Sic
3120 1012 3174 1056 et
3213 1003 3477 1059 latronem

1893 1084 2051 1148 illum
2083 1094 2271 1179 eodem
2305 1094 2389 1148 die
2429 1093 2655 1162 recepit,
2683 1095 2764 1149 vel
2796 1093 2975 1161 potius
2991 1089 3178 1149 eadem
3205 1096 3362 1159 hora,
3392 1098 3480 1151 vel

1900 1184 2180 1254 simavis,
2216 1185 2267 1237 in
2306 1196 2582 1240 momento
2622 1186 2901 1255 temporis,
2940 1201 3035 1255 per
3066 1188 3485 1251 solanrcoufes-

1900 1277 2111 1330 sionem
2136 1278 2265 1340 oris,
2293 1287 2515 1346 propter
2540 1291 2704 1344 quam
2725 1279 2856 1331 nihil
2886 1294 3180 1347 perpessus
3218 1292 3301 1334 est
3331 1281 3480 1343 mali,

1901 1382 2003 1421 nec
2057 1366 2333 1422 formidari
2372 1368 2667 1439 quidquam
2737 1384 2834 1436 par
2870 1380 3006 1423 erat.
3057 1371 3196 1436 Quid
3233 1373 3376 1425 enim
3408 1373 3482 1425 illi

1904 1469 2143 1514 metuere
2167 1461 2341 1529 majus
2369 1469 2579 1527 poterat
2600 1476 2761 1530 quam
2791 1470 3062 1530 quantum:
3082 1464 3485 1530 perpetiebatur

1901 1561 1957 1606 et
1984 1553 2096 1621 ipsa
2132 1556 2322 1606 mortis
2345 1553 2660 1606 sententia?
2692 1553 2784 1607 sed
2816 1554 2945 1622 quia
2984 1555 3129 1608 vocis
3159 1564 3285 1609 tunc
3312 1556 3484 1609 solius

1902 1642 2156 1696 dominus
2184 1654 2322 1705 erat,
2351 1658 2410 1696 ea
2436 1643 2665 1696 ﬁdeliter
2701 1645 2918 1709 collata,
2952 1646 3261 1714 paradisum
3300 1637 3476 1716 ipsum

1902 1733 2145 1787 lucratus
2198 1743 2302 1797 est,
2330 1735 2613 1801 pramium
2657 1735 2831 1786 beatis
2876 1736 3247 1790 destinatum:
3316 1752 3477 1803 quem

1904 1835 2166 1895 parentes
2196 1825 2273 1878 illi
2301 1826 2462 1895 primi
2497 1827 2755 1887 amisere,
2786 1840 2889 1879 non
2924 1827 3065 1893 quod
3096 1827 3359 1881 adversus
3389 1827 3484 1880 be-

1905 1915 2243 1970 nel'actoretn
2289 1930 2451 1968 suum
2485 1912 2870 1985 deliquissent,
2899 1917 2993 1969 sed
3019 1918 3166 1984 quod
3200 1915 3267 1968 de
3304 1917 3483 1971 salute

219 2021 323 2072 οὐκ
359 2020 425 2074 ἂν
463 2020 633 2088 ’Δδάμ
676 2020 771 2069 ἐπὶ
812 2017 915 2080 τὴν
967 2016 1229 2082 γυναῖκα,
1266 2012 1451 2080 ἐκείνη
1482 2011 1539 2063 δὲ
1572 2012 1668 2062 ἐπὶ
1707 2011 1799 2061 τὸν
1830 2019 1871 2073 Β
1901 2023 1997 2063 sua
2036 2007 2094 2060 de

1605 2012 1668 2061 πὶ
1707 2011 1799 2061 τὸν
1830 2019 1871 2073 Β
1901 2023 1997 2063 sua
2036 2007 2442 2075 desperassent.
2506 2007 2640 2061 Nam
2687 2010 2893 2077 absque
2938 2010 3041 2062 hoc
3108 2008 3335 2074 luisset,
3371 2025 3479 2064 non

216 2112 369 2180 ὅφιν,
396 2110 492 2174 τὴν
517 2110 613 2177 τῆς
650 2108 1013 2176 παραϐάσεως
1061 2104 1243 2157 αίτίαν
1281 2102 1604 2156 ἀνετίθεσαν
1628 2117 1641 2130 ·
1680 2100 1795 2152 ἀλλ’

220 2202 541 2270 ὡμολόγουν
572 2201 669 2270 μὲν
695 2200 755 2251 τὸ
786 2198 976 2262 κακον,
1001 2194 1414 2266 προσήγγελλον
1438 2193 1495 2246 δὲ
1542 2192 1796 2253 ἑαυτοὺς,

216 2296 317 2347 καὶ
343 2294 588 2364 ἀπῄτουν
633 2290 731 2361 τὴν
760 2288 1049 2358 διόρθωσιν
1085 2287 1192 2339 ἀπὸ
1228 2286 1430 2347 παντὸς
1457 2284 1685 2353 τρόπου.

305 2469 443 2522 Ἀλλ’
474 2469 562 2522 ῐνα
585 2469 662 2538 μὴ
690 2469 756 2537 τῇ
781 2465 937 2537 χρείᾳ
964 2465 1073 2520 τῶν
1093 2464 1268 2533 λόγων
1300 2467 1327 2517 ὁ
1367 2463 1557 2533 χρόνος
1586 2464 1688 2517 οὐκ
1712 2462 1799 2527 ἐξ·

218 2560 455 2631 ἀρκέσῃ.
510 2559 606 2623 τὰς
642 2546 1056 2619 ἀϐύσσουςτῶν
1111 2554 1371 2607 τοιούτων
1418 2552 1681 2623 ἐρευνῶν,
1732 2552 1801 2604 τὰ

222 2652 327 2719 μὲν
364 2651 532 2703 πολλὰ
559 2650 664 2702 τῶν
687 2639 957 2701 ἐπὶ-τοῦτο
984 2646 1260 2717 ιιερόντων
1295 2643 1556 2713 παρίημι,
1586 2641 1675 2693 ὅτε
1708 2640 1803 2695 καὶ

220 2745 340 2804 τοῖς
384 2741 699 2810 εἰρημένοις
730 2740 915 2801 αὐτοῖς
946 2736 1258 2808 ἀρκούντως
1300 2730 1454 2803 οἶμαι
1507 2730 1798 2800 δεδεῖχθαι,

221 2833 261 2886 ἆ
298 2849 387 2903 μοι
444 2833 641 2895 σκοπὸς
672 2826 738 2901 ἦν
768 2830 1005 2900 ἐξαρχῆς
1030 2845 1043 2858 ·
1085 2830 1262 2880 ἐκεῖνο
1289 2826 1335 2878 δ’
1365 2824 1431 2878 ἂν
1465 2825 1576 2885 τοῖς
1628 2823 1802 2875 ἅπασι

225 2921 729 2992 συμϐουλεύσαιμι,
779 2922 873 2973 καὶ
911 2920 1020 2989 πρὸ
1067 2918 1288 2971 πάντων
1333 2914 1593 2983 ἐμαυτῷ,
1633 2928 1803 2979 προσ-

217 3018 451 3086 δραμεῖν
486 3019 543 3069 ὲν
576 3015 840 3083 μετανοίᾳ
872 3014 964 3065 καὶ
1017 3011 1251 3080 δάκρυσι
1283 3010 1361 3077 τῷ
1392 3006 1646 3062 καλοῦντι
1677 3006 1805 3067 τοὺς

217 3107 585 3177 ἁμαρτωλοὺς
607 3109 685 3169 είς
711 3105 1023 3175 μετάνοιαν,
1052 3105 1180 3165 τοὺς
1202 3100 1472 3170 διψῶντας
1498 3098 1591 3151 ἐπὶ
1611 3097 1672 3149 τὸ
1696 3096 1803 3160 ζῶν

220 3200 394 3267 ὕδωρ,
419 3199 509 3250 ἐπὶ
536 3197 627 3249 τὸν
656 3196 891 3267 χρηστὸν
920 3194 1086 3262 ζυγὸν
1118 3195 1214 3245 καὶ
1245 3191 1306 3242 τὸ
1339 3189 1562 3258 φορτίον
1588 3191 1649 3239 τὸ
1679 3186 1803 3238 ἔλα-

218 3291 363 3361 φρὸν
394 3292 519 3352 τοὺς
550 3288 856 3350 κοπιῶντας
893 3287 989 3339 καὶ
1029 3283 1502 3354 πεφορτισμένους
1534 3280 1682 3350 πόνῳ
1711 3281 1808 3333 καὶ

1900 2100 2140 2154 Adamus
2166 2100 2217 2154 in
2246 2114 2496 2165 uxorem,
2532 2100 2621 2153 illa
2644 2114 2835 2154 rursus
2865 2101 2917 2153 in
2940 2112 3272 2168 serpentem,
3302 2113 3485 2159 trans-

1900 2181 2202 2258 gressionis
2237 2189 2452 2260 culpam
2509 2190 2891 2255 contulissent,
2946 2191 3041 2243 sed
3086 2190 3329 2246 confessi
3357 2194 3483 2246 dili-

1901 2295 2069 2345 ctum,
2100 2283 2311 2350 seipsos
2346 2298 2470 2337 rens
2516 2281 2781 2338 fecissent
2805 2284 3065 2352 omnique
3101 2289 3262 2342 modo
3300 2300 3484 2342 emen-

1901 2371 2177 2426 dationem
2209 2372 2564 2443 ﬂagitassent.

1978 2463 2173 2519 Verum
2194 2481 2260 2519 ne
2285 2468 2549 2522 orationis
2578 2469 2701 2523 usui
2744 2478 2956 2540 tempus
2985 2474 3167 2542 ipsum
3195 2474 3339 2529 haud
3373 2478 3486 2530 sul-

1905 2556 2071 2620 liciat,
2132 2557 2259 2609 dum
2322 2558 2635 2625 huiusmodi
2688 2574 2871 2613 rerum
2924 2563 3152 2632 abyssos
3190 2564 3482 2635 investigo,

1903 2636 2204 2713 complura,
2254 2662 2373 2713 qua:
2413 2648 2517 2703 huc
2572 2660 2819 2716 spectant
2862 2637 3077 2718 omitto,
3129 2656 3348 2728 quando
3388 2672 3486 2724 per

1906 2736 2166 2791 hactenus
2220 2736 2456 2791 iudicata
2488 2742 2624 2794 satis
2664 2738 2881 2797 ostensa
2922 2755 3051 2813 puto
3084 2764 3205 2815 qua:
3234 2734 3481 2804 ab‘initio

1906 2829 2179 2895 proposita
2206 2830 2361 2883 nobis
2383 2840 2561 2885 erant.
2594 2831 2708 2887 Hoc
2736 2836 2956 2903 quidem
2989 2839 3262 2894 universis
3286 2820 3487 2895 consu-

1908 2915 2447 2988 luero,etimprimis
2474 2922 2724 2978 mihimet
2747 2926 2875 2994 ipsi,
2912 2934 2971 2980 ιιι
3012 2928 3065 2981 itt
3102 2930 3485 2998 resipiscentia

1905 3022 1960 3062 et.
1998 3008 2258 3079 lacrymis
2312 3013 2380 3064 ad
2422 3026 2547 3067 eum
2589 3029 2902 3082 curramus,
2934 3021 3023 3088 qui
3051 3031 3373 3088 peccatores
3407 3029 3475 3076 ad

1908 3100 2339 3168 resipiscendum
2376 3105 2611 3173 invitat;
2650 3108 2901 3164 sitientes
2933 3111 2998 3164 ad
3046 3128 3242 3182 aquam
3268 3116 3486 3180 vivam;

1908 3191 2083 3247 fessos
2116 3204 2169 3247 et
2210 3208 2468 3251 oneratos
2506 3198 2717 3281 zdolore
2752 3204 3101 3274 pondereque
3150 3210 3388 3275 peccati,
3420 3214 3488 3263 atl

1912 3286 2251 3338 commodum
2282 3285 2471 3353 jugum
2503 3298 2558 3342 et
2590 3302 2731 3344 onus
2765 3291 2924 3356 leve;
2980 3295 3047 3348 ad
3076 3310 3195 3349 eum
3228 3297 3317 3365 qui
3365 3298 3489 3351 ani-

216 3351 380 3452 άχθει
408 3382 802 3452 τῆςάμαρτία;
830 3396 844 3411 ο
878 3380 955 3448 τῷ
983 3382 1102 3440 ταῖς
1115 3351 1419 3446 *ἡμετέραις
1445 3375 1645 3444 ψυχαῖς
1668 3388 1810 3440 παρ’
1836 3351 1880 3413 c
1914 3375 2014 3428 mis
2045 3391 2091 3427 nt

1619 3390 1645 3435 ς
1668 3388 1810 3440 παρ-
1836 3351 1880 3413 c
1914 3375 2014 3428 mis
2045 3378 2245 3431 nostris
2298 3379 2565 3433 malorum
2602 3384 2840 3438 remedia
2883 3400 2991 3439 non
3042 3391 3203 3442 modo
3231 3391 3405 3458 gratis
3437 3400 3490 3445 et

219 3477 475 3546 εχομένῳ
524 3476 875 3544 τάλεξιτήρια
927 3472 1037 3525 τῶν
1072 3468 1257 3525 κακῶν
1303 3470 1365 3521 οὐ
1404 3467 1565 3537 μόνον
1606 3468 1811 3535 προῖκα

220 3572 323 3621 καὶ
376 3567 591 3636 ἀμισθὶ,
632 3567 766 3619 ἀλλά
826 3566 920 3617 καὶ
972 3565 1135 3633 χάριν
1189 3562 1540 3629 γινώσκοντι,
1581 3559 1635 3611 εί
1665 3575 1811 3621 τινες

223 3664 374 3713 αὐτὰ
409 3660 687 3723 δέξαιντο·
718 3659 779 3720 ὃς
808 3656 931 3709 ὀὐκ
968 3655 1244 3724 ἐξεδέχετο
1282 3654 1462 3722 μένων
1498 3650 1636 3703 οῐκοι
1688 3649 1812 3711 τοὺς

219 3752 594 3819 ἀφιξομένους
622 3749 695 3811 ὡς
730 3748 891 3802 αὑτὸν
938 3747 1076 3815 ὑπὲρ
1110 3744 1435 3813 θεραπείας,
1472 3742 1505 3811 ἢ
1559 3740 1688 3809 γοῦν
1720 3741 1813 3792 τὸν

223 3846 534 3896 καλέσοντα
589 3841 681 3895 καὶΙ
718 3837 1217 3910 μεταπεμψάμενον
1252 3836 1397 3889 κατὰ
1429 3834 1555 3895 τοὺς
1582 3833 1694 3885 τῶν
1732 3834 1815 3884 ία-

219 3935 377 4002 τρῶν
408 3935 629 4002 νόμους,
659 3933 889 3985 τουτωνὶ
906 3930 1015 3982 τῶν
1048 3928 1364 3997 δυναμένων
1393 3925 1628 3995 ἀμύνειν
1653 3940 1668 3958 ο
1696 3923 1814 3977 ἀλλ’

222 4029 393 4088 αὐτὸς
424 4026 509 4079 ἀεὶ
536 4027 969 4095 παρερχόμενος,
1004 4024 1133 4085 τοὺς
1167 4020 1358 4092 χρείαν
1393 4019 1617 4089 ἔχοντας
1649 4016 1814 4070 αὐτοῦ

221 4119 620 4186 προύκαλεῖτο,
665 4115 994 4186 παρεκάλει,
1036 4113 1314 4180 μετεδίδου
1347 4110 1550 4177 παντὸς
1577 4108 1813 4178 ἀγαθοῦ,

219 4216 325 4266 καὶ
360 4207 419 4264 εὖ
469 4211 639 4262 ποιῶν
686 4226 749 4277 γε
783 4208 993 4269 πάντας
1043 4206 1193 4274 ἑξῆς,
1230 4204 1394 4266 εὐθὺς
1431 4202 1611 4255 αὐτῶν
1644 4202 1817 4272 ἀπηλ-

219 4307 480 4368 λάττετο,
510 4304 598 4356 ἵνα
637 4303 711 4372 μὴ
742 4300 933 4372 μισθὸν
962 4300 1109 4353 ἄκων
1135 4296 1311 4351 λάϐοι.
1344 4296 1480 4348 Τίνα
1506 4294 1569 4364 δὴ
1605 4292 1812 4359 τοῦτον;

220 4399 341 4467 Τὴν
402 4396 624 4448 ἐκείνων
663 4394 941 4463 εὐφημίαν
1007 4372 1149 4461 μετά
1202 4388 1414 4458 κρότων
1462 4387 1812 4455 γιγνομένην.

219 4488 515 4557 λαίρομεν
540 4485 713 4538 τοίνυν
747 4483 888 4551 ὁμοῦ
923 4483 1140 4544 πάντες.
1165 4480 1288 4533 Τῶν
1319 4481 1428 4551 γὰρ
1461 4481 1549 4541 είς
1582 4476 1818 4531 ἐκεῖνον

222 4578 727 4633 πεπιστευκότων
771 4578 846 4629 οὐ
896 4574 1187 4643 ,λογίζεται
1223 4572 1294 4627 τὰ
1327 4568 1718 4640 ἁμαρτήματα
1741 4608 1757 4633 ,
1788 4570 1816 4622 ό

220 4669 529 4730 ἀπόστολος
556 4667 761 4730 Παῦλος
791 4663 936 4718 εἶπε.
970 4664 1190 4732 Ταύτην
1221 4662 1279 4714 δὲ
1318 4663 1490 4732 δήπου
1528 4659 1627 4730 τὴν
1654 4657 1816 4728 χάριν

218 4762 415 4816 δίδωσι
444 4762 543 4827 μὲν
572 4758 808 4823 ἀπαξτδ
836 4758 1141 4828 βάπτισμα,
1165 4754 1350 4808 δίδωσι
1372 4753 1428 4805 δὲ
1459 4754 1492 4822 ἡ
1522 4748 1808 4821 μετάνοια,

222 4854 431 4921 ἐκείνῳ
481 4844 1058 4921 γε’βοηθουμινη..τῷ
1093 4845 1327 4916 λουτρῷ,
1382 4844 1575 4904 ὁσάκις
1612 4844 1677 4898 ἄν
1726 4858 1811 4903 τις

221 4945 477 5013 γνησίως
506 4944 691 5012 ἐκείνῃ
722 4942 1007 5010 χρήσαιτο.
1056 4932 1222 4993 Ὥστε
1256 4939 1464 4997 ἐκεῖνος
1487 4934 1691 5003 ἀγαθὸς
1718 4933 1814 4993 καὶ

222 5038 344 5097 τοῖς
391 5034 636 5100 ἀγαθοῖς,
670 5033 765 5085 καὶ
807 5035 920 5094 τοῖς
964 5032 1039 5101 μὴ
1078 5028 1363 5090 τοιούτοις.
1428 5025 1707 5093 Καὶρπῶς
1751 5024 1813 5076 οὐ

224 5130 446 5188 πάντας
476 5126 690 5195 χαίρειν
720 5125 820 5187 δεῖ,
857 5123 1098 5176 τοιοῦτον
1130 5121 1353 5191 ἔχοντας
1378 5119 1667 5187 δεσπότην,
1702 5111 1815 5169 οἷον

219 5224 250 5273 ὁ
290 5221 454 5285 λόγος
486 5219 614 5288 ἡμῖν
648 5216 818 5280 ἔδειξε
846 5233 860 5280 ;
892 5213 1110 5268 Μᾶλλον
1148 5213 1206 5265 δὲ
1262 5208 1375 5263 οἷον
1438 5209 1548 5261 οὐδ’
1614 5208 1679 5261 ἂν
1736 5202 1816 5267 εἷς

222 5312 408 5375 ἔδειξε
438 5311 614 5379 λόγος,
662 5309 771 5362 οὐδ’
804 5308 870 5361 ἂν
902 5306 1163 5377 συνῆλθον
1211 5303 1348 5373 όμοῦ
1387 5304 1483 5357 καὶ
1512 5300 1622 5355 τῶν
1651 5300 1817 5369 ἀγγέ-

222 5410 365 5468 λων,
404 5403 498 5455 καὶ
536 5402 642 5455 τῶν
666 5399 993 5468 ,ἀνθρώπων
1019 5401 1075 5451 αί
1115 5399 1382 5465 γλῶσσαι.
1416 5392 1491 5468 Oti
1543 5394 1649 5463 μὴν
1700 5390 1816 5445 ἀλλ’

222 5500 385 5548 ἐστιν
408 5495 468 5546 ’ἐν
494 5509 549 5546 τι
575 5493 670 5546 καὶ
696 5492 887 5544 λυπεῖν
914 5492 1063 5554 ἀξιον
1095 5489 1223 5552 τοὺς
1252 5489 1310 5552 ἐξ
1336 5486 1613 5557 ἁμαρτίας
1650 5500 1817 5552 μετα-

222 5588 565 5655 νοήσαντας,
605 5586 700 5637 καὶ
735 5586 830 5654 τῆς
874 5584 1103 5652 ἀπείρου
1134 5582 1816 5653 φιλανθρωπίαςιτετυχη-

224 5682 423 5739 κότας.
463 5678 526 5729 Ί’ί
554 5676 749 5742 τοῦτο;
784 5676 858 5729 Τὸ
897 5677 1230 5746 μεμνῆσθαι,
1264 5676 1341 5738 είς
1375 5668 1487 5726 οἷον
1518 5674 1644 5726 ὄντα
1681 5671 1819 5734 πρὸς

222 5771 434 5830 αὐτοὺς
464 5768 810 5837 ὲξνδρίκασι.
838 5769 946 5823 Καὶ
971 5772 1021 5823 τί
1074 5768 1140 5823 ἂν
1169 5764 1333 5839 ἦσαν,
1371 5765 1445 5836 μὴ
1474 5764 1633 5819 τοῦτο
1674 5765 1818 5836 πρά-

308 5949 326 5979 ⁸
360 5945 523 6003 Rom.
560 5962 611 6012 ν,
651 5948 736 6003 15.

1913 3466 2125 3533 absque
2164 3470 2339 3537 pretio
2382 3473 2719 3540 suppeditat,
2772 3490 2961 3529 verum
3004 3479 3168 3533 etiam
3226 3482 3269 3534 si
3304 3485 3393 3551 qui
3423 3497 3489 3538 ea

1916 3558 2200 3625 recipiant,
2244 3562 2472 3638 gratiam
2532 3565 2725 3631 habet;
2764 3567 2857 3635 qui
2914 3582 3021 3621 non
3054 3569 3200 3625 domi
3233 3587 3486 3640 manens,

1912 3650 2263 3717 exspectabat
2294 3653 2412 3720 Opis
2453 3653 2809 3723 impetrandae
2858 3672 3022 3713 causa
3065 3671 3347 3727 venturos,
3386 3676 3483 3719 aut

1913 3741 2107 3795 saltem
2123 3744 2357 3812 aliquem
2378 3760 2436 3801 se
2466 3758 2780 3803 vocaturum
2806 3754 3488 3821 etareessiturum,corum

1920 3836 2250 3891 medicorum
2282 3851 2431 3893 tncre
2462 3840 2551 3908 qui
2586 3854 2909 3897 succurrere
2947 3844 3325 3901 laborantibus
3358 3864 3489 3918 pos-

1917 3932 2071 3991 sunt,
2100 3929 2192 3980 sed
2222 3928 2683 3999 ipsentetsemper
2718 3933 2995 3999 prodiens,
3026 3936 3077 3988 in
3119 3940 3358 3993 transitu
3396 3941 3515 3995 eos

1917 4017 2008 4084 qui
2041 4031 2142 4084 ope
2199 4018 2373 4085 ipsius
2430 4020 2756 4090 indigerent,
2810 4024 3108 4091 invitabat,
3145 4028 3488 4095 hortabatur,

1920 4112 2211 4180 participes
2234 4112 2410 4165 onmis
2442 4111 2573 4166 boni
2609 4114 2870 4169 reddebat
2893 4132 2906 4179 ;
2927 4129 2976 4170 ετ
3003 4130 3286 4188 postquam
3314 4108 3492 4175 omni-

1917 4202 2016 4256 bus
2040 4201 2414 4267 benefecisset,
2433 4219 2555 4258 mox
2579 4204 2644 4259 ab
2667 4206 2747 4260 eis
2770 4206 3103 4272 discedebat,
3125 4226 3192 4265 ne
3211 4214 3491 4280 praemium

1919 4295 2125 4349 invitus
2170 4287 2464 4362 acciperet.
2518 4295 2803 4361 Quodnam
2862 4298 3032 4353 illud?
3086 4302 3331 4370 Ipsorum
3367 4320 3490 4358 cum

1920 4387 2109 4456 plausu
2140 4385 2376 4441 faustam
2408 4387 2877 4443 acclamationem.
2925 4389 3113 4460 Itaque
3142 4393 3249 4446 lazti
3287 4396 3495 4463 patiter

1920 4493 2111 4534 omnes
2141 4480 2334 4533 simus.
2370 4479 2506 4534 Nam
2534 4480 2641 4534 illis
2668 4482 2755 4552 qui
2790 4483 3123 4536 crediderunt
3144 4486 3196 4538 in
3215 4501 3353 4549 eum,
3371 4503 3493 4554 pec-

1921 4580 2040 4623 cata
2062 4586 2167 4624 non
2188 4559 2519 4639 imputantur
2539 4572 2577 4638 ⁸,
2599 4573 2774 4642 inquit
2790 4575 3073 4643 apostolus
3099 4574 3321 4631 Paulus.
3344 4578 3496 4634 Iluttc

1922 4675 2050 4715 vero
2093 4662 2319 4729 gratiam
2354 4662 2520 4716 semel
2556 4663 2774 4731 quidem
2832 4664 2989 4719 nobis
3041 4666 3155 4732 ipse
3193 4667 3497 4735 baptismns

1923 4751 2132 4817 tribuit,
2171 4752 2265 4805 sed
2324 4752 2511 4806 tribuit
2552 4761 2608 4807 et
2643 4755 3021 4824 resipisceutia
3049 4761 3497 4822 succurrens,illi

1921 4844 2161 4909 lavacro,
2190 4846 2403 4912 quoties
2434 4859 2497 4899 ea
2531 4860 2789 4914 germane
2816 4850 2905 4918 qui
2933 4865 3059 4905 usus
3092 4851 3279 4907 fuerit.
3312 4854 3499 4924 Itaque

1922 4932 2094 4985 bonus
2127 4940 2212 4986 est
2263 4932 2379 4998 ipse
2424 4941 2533 4986 tam
2565 4934 2723 4989 bonis
2751 4951 2911 5002 quam
2949 4953 3057 4992 non
3092 4941 3269 4996 bonis.
3301 4944 3365 4997 Et
3389 4960 3500 5013 quo
3560 4996 3562 5001 ,

1922 5032 2082 5093 pacto
2109 5037 2215 5076 non
2238 5037 2428 5079 onmes
2452 5024 2605 5080 laatos
2635 5041 2756 5082 esse
2780 5031 3053 5096 convenit,
3075 5034 3167 5099 qui
3196 5035 3355 5089 talem
3399 5039 3501 5092 lto—

1927 5119 2129 5171 tninum
2151 5118 2443 5172 habeamus
2468 5114 2679 5187 qualem
2713 5124 2949 5176 ostendit
2975 5126 3171 5190 oratio,
3203 5126 3286 5182 vel
3311 5130 3495 5197 ponus

1926 5210 2140 5279 qualem
2166 5209 2311 5262 nulla
2346 5211 2518 5279 possit
2545 5211 2838 5288 ostendere
2860 5216 3058 5279 oratio,
3092 5233 3156 5269 ne
3190 5220 3408 5285 quidem
3450 5222 3496 5273 si

1928 5309 2123 5354 coeant
2163 5292 2215 5353 in
2254 5315 2418 5353 unum
2454 5316 2645 5355 omnes
2679 5315 2735 5355 et
2771 5305 3092 5373 angelorum
3124 5318 3179 5360 et
3209 5309 3492 5364 hominum

1926 5389 2162 5460 linguae?
2201 5389 2305 5444 Sed
2347 5400 2527 5445 tamen
2550 5408 2713 5445 unum
2747 5394 2951 5463 aliquid
2980 5405 3064 5449 est
3093 5400 3235 5466 quod
3266 5415 3371 5454 non
3396 5402 3496 5455 abs

1926 5496 1985 5536 re
2024 5481 2264 5536 dolorem
2298 5481 2404 5537 illis
2431 5470 2611 5549 aﬂert,
2637 5484 2728 5552 qui
2758 5500 2824 5539 ex
2850 5499 3076 5555 peccato
3125 5476 3495 5558 resipuerunt,

1925 5563 1997 5630 et.
2042 5575 2184 5630 illius
2225 5576 2450 5631 inﬁnitae
2482 5578 2786 5633 clementia:
2836 5580 3129 5648 participes
3191 5570 3318 5636 facti
3348 5578 3497 5641 sunt.

1921 5666 2062 5732 Quid
2097 5666 2282 5721 isme?
2330 5666 2484 5733 Quod
2535 5670 2892 5723 recordantur
2924 5670 2979 5724 in
3019 5672 3234 5739 qualem
3280 5688 3404 5747 erga
3428 5689 3501 5731 se

1921 5759 2184 5830 ﬂagitiose
2213 5774 2271 5816 se
2304 5761 2592 5831 gesserint.
2632 5761 2696 5816 Et
2733 5764 2863 5833 quid
2919 5775 3122 5831 essent,
3157 5766 3415 5835 obsecro,
3447 5768 3498 5823 si
