4748 6512
1302 430 1403 500 $7

2479 431 2875 491 MANUELIS
2905 432 3362 492 PAL/EOLOGI

4413 429 4514 497 ἃς

1289 555 1396 607 hoc
1430 566 1531 604 non
1590 548 1881 605 fecissent?
1916 548 2048 603 Nam
2086 546 2174 616 qui
2221 561 2327 599 non
2356 546 2439 616 pie
2474 546 2751 608 vixerunt,
2780 559 2845 599 ac
2877 552 2918 606 Λ
2950 543 3142 608 Eone;

2639 554 2751 608 unt,
2780 559 2845 599 ac
2877 552 2918 606 Λ
2950 543 3180 609 Etuta;
3209 544 3271 596 Οἳ
3308 544 3417 613 γὰρ
3464 544 3560 614 οὐχ
3610 544 3770 607 ὁσίως
3812 543 4164 613 βεϐιώκεσαν,
4202 546 4398 599 ἔπειτα
4447 552 4514 617 τῇ

1291 642 1485 694 deinde
1516 641 1895 709 resipisccntes
1926 654 1987 691 ex
2038 637 2159 692 istis
2185 636 2537 699 facinoribus,
2571 635 2684 704 ipsa
2715 651 2840 704 prec

1290 736 1547 804 pensione
1578 738 1642 787 ad
1662 734 1853 786 bonum
1880 734 2162 799 propitium
2195 728 2397 798 experti
2429 738 2552 783 sunt
2590 727 2757 783 Deum
2777 730 2844 783 ab

1291 844 1350 882 se
1377 828 1582 888 laesum,
1622 836 1932 891 tantumque
1996 823 2116 875 boni
2149 823 2216 875 ab
2240 836 2301 875 co
2349 820 2644 885 consecuti,
2670 836 2843 889 quau-

1293 927 1403 971 tum
1440 921 1717 982 optarunt,
1742 927 1903 981 quem
1938 911 2318 980 impetrassent
2365 911 2645 975 honorem,
2682 912 2842 964 obse-

1291 1022 1405 1068 cro.
1442 1007 1484 1058 si
1512 1005 1669 1073 plane
1699 1004 1882 1072 polluti
1917 1019 2021 1055 non
2054 1002 2316 1056 fuissent?
2338 1002 2491 1069 Quod
2522 1004 2566 1056 si
2606 1002 2717 1057 ﬁeri
2749 1016 2845 1071 po-

1293 1107 1393 1151 test
1425 1106 1479 1149 ut
1526 1096 1578 1149 in
1630 1096 1794 1149 altera
1828 1109 2039 1163 quoque
2058 1096 2165 1147 vita
2192 1107 2378 1148 eorum
2406 1094 2570 1146 animi
2605 1093 2842 1146 dolorem

1291 1190 1455 1243 ullum
1515 1188 1735 1241 omnino
1790 1187 2046 1247 sentiant,
2079 1185 2179 1237 hoc
2209 1200 2301 1239 eos
2344 1200 2459 1237 mea
2488 1184 2701 1252 quidem
2729 1185 2845 1251 opi-

1290 1283 1450 1337 nione
1475 1290 1690 1349 punget,
1738 1281 1881 1347 quod
1916 1278 2261 1332 vehementer
2288 1278 2487 1331 amanti
2540 1278 2839 1331 molestiam

1289 1374 1559 1443 peccando
1592 1372 1830 1425 crearint
1862 1384 2027 1438 seque
2059 1370 2183 1421 vitis
2207 1369 2306 1435 ipsi
2358 1369 2668 1436 pollueriut.
2702 1368 2843 1434 Qua-

1290 1474 1508 1533 propter
1550 1466 1832 1517 uuiversos
1862 1462 2113 1528 equidem
2150 1461 2451 1514 mouncrim
2474 1468 2529 1513 et
2566 1469 2691 1521 ante
2723 1475 2841 1512 om-

1289 1574 1387 1613 nes
1421 1572 1596 1610 meum
1630 1555 1799 1623 ipsius
1825 1554 2087 1613 animum,
2122 1566 2189 1606 ne
2220 1554 2560 1606 committere
2596 1552 2841 1617 velimus,

1291 1660 1508 1719 propter
1528 1664 1645 1715 qua:
1671 1646 1866 1698 multas
1897 1644 2165 1711 profusuri
2194 1645 2361 1698 simus
2382 1644 2654 1713 lacrymas
2678 1653 2842 1713 atque

1289 1743 1541 1809 gemitus,
1577 1739 1668 1792 ubi
1714 1739 1851 1789 viam
1888 1738 1951 1788 ad
1986 1738 2244 1805 optimam
2301 1737 2501 1790 reversi
2555 1736 2839 1803 fuerimus,

1290 1834 1380 1887 sed
1410 1844 1468 1884 ut
1488 1832 1588 1884 illis
1613 1830 1991 1887 inhrereaiuus.
2025 1829 2089 1880 de
2115 1828 2307 1893 quibus
2338 1843 2467 1894 pura
2528 1827 2725 1895 percipi
2752 1843 2845 1880 vo-

1290 1925 1470 1991 luptas
1517 1922 1707 1990 possit.
1758 1934 1890 1987 pure
1915 1920 2165 1972 nimirum
2195 1919 2444 1984 vivendo,
2477 1920 2849 1989 speranduque

1290 2031 1387 2069 nos
1414 2016 1678 2080 potituros
1700 2012 1914 2065 aeternis
1932 2010 2035 2065 illis
2058 2011 2423 2078 voluptatibus
2450 2027 2463 2064 :
2502 2025 2619 2079 quae
2644 2012 2862 2065 scilicet.

1290 2106 1475 2159 oculus
1510 2102 1742 2157 neminis
1788 2100 2023 2169 aspcxit,
2081 2113 2181 2153 nec
2244 2100 2391 2154 auris
2420 2100 2651 2159 audivit,
2690 2100 2850 2169 inque

1289 2210 1383 2247 cor
1415 2178 1647 2246 hominis
1676 2205 1777 2244 non
1810 2196 2185 2257 penetrarunt,
2215 2198 2272 2242 ut
2295 2189 2450 2242 divus
2480 2190 2568 2243 ille
2608 2190 2843 2259 Aposto-

1289 2288 1372 2339 lus
1400 2285 1637 2353 loquitur
1663 2286 1701 2336 ί.
1729 2281 1860 2335 Cum
1882 2292 2061 2334 autem
2100 2281 2184 2333 hic
2209 2281 2437 2333 orationi
2460 2290 2651 2335 nostra!
2689 2282 2847 2337 linem

1290 2375 1673 2447 imponendum
1746 2389 2020 2436 censeam,
2062 2372 2236 2426 dicam
2292 2372 2492 2441 aliquid
2526 2374 2590 2427 de
2637 2388 2848 2429 summa

1289 2472 1381 2524 illa
1432 2467 1735 2531 clementia,
1776 2467 1936 2520 breve
1986 2464 2200 2533 quidem
2230 2464 2357 2517 illud
2412 2465 2723 2529 admodum,
2755 2465 2847 2520 sed

1290 2571 1435 2616 recte
1459 2571 1633 2614 tamen
1652 2574 1865 2612 omnem
1888 2558 1961 2612 rei
1984 2572 2228 2625 scopum,
2247 2572 2363 2611 mea
2398 2572 2526 2612 sane
2559 2560 2847 2624 sententia,

1289 2662 1858 2708 commonstralurutlt.

1361 2748 1462 2800 Aio
1519 2745 1611 2798 Dei
1670 2756 1912 2799 nostrum
1962 2758 2087 2813 erga
2137 2758 2304 2811 genus
2354 2743 2674 2807 clementiae,
2732 2760 2851 2812 qua!

1290 2854 1511 2908 prorsus
1530 2847 1611 2893 est
1643 2837 1873 2903 inﬁnita,
1900 2852 2004 2890 non
2031 2850 2185 2905 posse
2202 2836 2492 2903 quidquam
2522 2835 2846 2903 cequiparari

1289 2932 1373 2984 vel
1429 2945 1547 2983 cum
1598 2944 1658 2981 ea
1693 2931 2016 2997 comparari,
2075 2928 2269 2981 nedum
2320 2928 2503 2995 lapsus
2542 2928 2846 2989 hominum,

1296 3024 1394 3093 qui
1442 3024 1661 3077 omnino
1697 3023 1831 3075 lines
1886 3036 2012 3075 suos
2042 3021 2263 3074 habent.
2309 3020 2458 3086 Quod
2496 3036 2618 3073 cum
2654 3021 2724 3073 ita
2758 3021 2847 3086 sit,

1303 3130 1642 3183 nequaquam
1702 3114 1896 3166 divina:
1947 3112 2246 3166 clementia:
2301 3112 2593 3176 sull'eceril,
2641 3113 2705 3164 ad
2760 3128 2850 3165 ar-

2949 635 3289 704 μεταγνώσει
3333 636 3443 689 τῶν
3474 638 3673 705 ἔργων,
3695 638 3789 689 καὶ
3812 639 3878 705 τῇ
3911 637 4045 706 πρὸς
4074 638 4137 689 co
4155 638 4365 704 ἀγαθὸν
4397 639 4517 693 νεύ-

2947 744 3050 791 σει,
3078 728 3204 780 nso
3222 744 3281 779 τε
3306 727 3665 797 πεπείρανται
3692 727 3788 780 τοῦ
3815 730 3906 780 ὑπ’
3926 728 4108 780 αὐτῶν
4136 728 4511 798 ὑϐρισθέντος,

2944 821 3039 872 καὶ
3084 819 3337 872 τοσοῦτον
3382 815 3449 871 εὖ
3480 820 3784 872 πεπόνθασι
3820 823 3949 889 παρ’
3984 821 4173 884 αότοῦ,
4204 822 4407 873 όπόσον
4451 825 4517 875 ἂν

2944 910 3212 977 εὔξαιντο,
3244 913 3419 979 πόσης
3451 912 3516 965 ἂν
3559 912 3789 980 ἠξίωντο
3819 914 4008 982 τιμῆς,
4041 913 4116 982 μὴ
4154 913 4516 980 μοὶυνθέντες

2943 1003 3041 1072 τὴν
3083 1002 3343 1072 πρώτην;
3382 1004 3443 1055 El
3486 1003 3529 1055 δ’
3564 1004 3741 1056 ἔνεστι
3774 1006 3937 1056 κάκεῖ
3970 1005 4067 1067 τὰς
4100 1006 4303 1056 τούτων
4334 1005 4515 1073 ψυχὰς

2944 1093 3121 1162 λύπην
3152 1093 3397 1162 ἡντινοῦν
3416 1094 3555 1155 ὅλως
3585 1094 3776 1161 ἴσχειν,
3808 1092 3956 1145 τοῦτ’
3984 1094 4048 1145 ἂν
4078 1089 4231 1161 οἶμαι
4262 1094 4325 1144 τὸ
4349 1096 4519 1163 πλῆτ-

2945 1202 3057 1249 τον,
3093 1185 3173 1236 ότι
3209 1184 3298 1235 τὸν
3335 1184 3537 1253 σφόδρα
3573 1185 3875 1252 φιλήσαντα
3901 1182 4133 1236 ἐλύπουν
4169 1184 4517 1252 ἁμαρτάνουο

2948 1296 3059 1341 σαν,
3098 1280 3191 1331 καὶ
3244 1280 3357 1339 τοῖς
3400 1282 3590 1334 κακοῖς
3633 1277 3966 1345 μολύνουσαι
4018 1278 4241 1337 ἑαυτάς.
4285 1279 4400 1329 Καὶ
4431 1278 4516 1329 διὰ

2946 1369 3114 1423 ταῦτα
3144 1372 3254 1432 τοῖς
3284 1370 3451 1423 πᾶσιν
3481 1369 3545 1422 ἂν
3564 1369 3989 1437 πιραινέσαιμι,
4018 1370 4115 1421 καὶ
4147 1369 4257 1435 πρό
4288 1387 4355 1436 γε
4386 1372 4517 1421 πάνο

2946 1478 3053 1514 των
3101 1464 3168 1530 τῇ
3200 1460 3439 1528 ἐμαυτοῦ
3486 1461 3659 1530 ψυχῇ,
3695 1460 3769 1529 μὴ
3829 1462 4003 1513 ταῦτα
4054 1461 4319 1528 πράττειν
4371 1463 4519 1529 ἡμᾶς

2945 1552 3171 1612 ἐθέλειν,
3224 1551 3293 1603 δι’
3322 1550 3357 1604 ἃ
3408 1551 3588 1620 δεήσει
3632 1550 3845 1603 πολλῶν
3875 1550 4127 1619 δακρύων
4162 1552 4257 1603 καὶ
4291 1568 4519 1618 στεναγ-

2951 1644 3101 1711 μῶν,
3150 1644 3244 1695 ἐπὶ
3299 1643 3395 1712 τὴν
3448 1644 3679 1712 ἀρίστην
3731 1644 3853 1695 όδὸν
3916 1642 4348 1713 ἐπιστρέψασιν
4404 1645 4519 1695 ἀλλ’

2947 1736 3169 1788 ἐκείνων
3214 1734 3453 1804 ἔχεσθαι,
3487 1729 3567 1798 οἷς
3618 1736 3684 1787 ἂν
3725 1734 3810 1802 είη
3850 1734 4103 1801 καθαρῶς
4143 1735 4399 1803 ἣδεσθαι,
4441 1736 4521 1800 τῷ

2947 1846 3005 1881 τε
3053 1827 3313 1897 καθαρῶς
3368 1825 3541 1895 βιοῦν,
3568 1826 3647 1895 τῷ
3686 1843 3746 1878 τε
3782 1826 4026 1888 ἐλπίζειν
4056 1824 4343 1889 τεύξεσθαι
4390 1830 4522 1875 αἰω-

2953 1922 3083 1973 νίων
3115 1921 3486 1983 ἀπολαύσεων,
3524 1918 3561 1971 ἁ
3594 1918 3897 1987 ὀφθαλμὸς
3944 1920 4053 1971 οὐκ
4084 1913 4229 1977 οἶδε,
4264 1918 4365 1971 καί
4415 1910 4523 1980 οὖς

2952 2013 3063 2066 οὐκ
3095 2012 3347 2079 ἤκουσε,
3380 2010 3478 2063 καί
3512 2010 3610 2063 ἐπὶ
3640 2009 3893 2076 καρδίαν
3925 2008 4241 2075 ἀνθρώπου
4274 2011 4387 2061 οὐκ
4418 2008 4521 2060 ἀν-

2950 2103 3079 2170 έϐη,
3132 2105 3274 2156 κατὰ
3326 2103 3414 2155 τὸν
3445 2104 3585 2157 θεῖον
3636 2102 3985 2155 Ἀπόστολον.
4040 2098 4302 2153 Ἐνταῦθα
4336 2099 4395 2150 δέ
4433 2116 4522 2166 μοι

2950 2197 3041 2247 τὸν
3064 2196 3221 2262 λόγον
3250 2197 3485 2264 οἰομένῳ
3508 2194 3619 2246 δεῖν
3647 2192 3975 2251 καταλῦσαι,
4007 2188 4285 2260 εἰρήσεταί
4315 2205 4367 2239 τι
4395 2190 4522 2257 περὶ

2951 2287 3049 2355 τῆς
3082 2287 3341 2340 ἀνωτάτω
3376 2285 3824 2356 φιλανθρωπίας,
3861 2282 4035 2353 βραχὺ
4080 2282 4178 2348 μὲν
4224 2282 4391 2340 πάνυ,
4425 2298 4523 2331 κα-

2952 2377 3057 2439 λῶς
3089 2379 3134 2431 δ’
3156 2377 3247 2431 οὖν
3283 2379 3429 2448 ὅμως
3466 2378 3525 2431 τὸ
3556 2379 3663 2431 πᾶν
3687 2376 3953 2437 δεικνύον,
4019 2374 4093 2438 ὡς
4131 2373 4320 2443 ἔμοιγε
4357 2374 4523 2442 παρί-

2955 2487 3170 2535 σταται,
3202 2470 3295 2523 τοῦ
3337 2468 3562 2524 σκοποῦ.

3034 2744 3195 2812 Λέγω
3223 2745 3286 2814 δὴ
3318 2748 3386 2814 τῇ
3416 2744 3510 2798 τοῦ
3532 2742 3666 2798 Θεοῦ
3687 2746 3814 2812 περὶ
3839 2746 3901 2797 τὸ
3932 2760 4088 2812 γενος
4117 2744 4521 2813 φιλανθρωπῖᾳ,

2953 2838 3163 2907 ἀπείρῳ
3200 2854 3261 2903 γε
3324 2838 3671 2890 παντάπασιν
3718 2835 3874 2907 οὔσῃ,
3909 2837 3984 2905 μὴ
4022 2836 4277 2888 δύνασθαί
4308 2852 4361 2887 τι
4414 2835 4523 2886 τῶν

2956 2929 3174 2981 πάντων
3224 2926 3637 2996 ἑξισωθῆναι,ἢ
3680 2925 3808 2993 γοῦν
3840 2927 4022 2994 ἐκείνῃ
4072 2924 4525 2993 παραϐληθῆναι,

2959 3020 3119 3088 μήτοι
3147 3036 3209 3086 γε
3246 3020 3313 3071 τὰ
3338 3019 3656 3086 πταίσματα
3674 3016 3782 3067 τῶν
3815 3014 4136 3083 ἀνθρώπων,
4175 3008 4249 3067 ὧν
4282 3016 4404 3065 ἔστι
4434 3029 4528 3065 πε-

2957 3110 3278 3179 περασμένα
3304 3108 3372 3160 τὰ
3396 3110 3591 3162 πάντα.
3629 3107 3737 3159 Καὶ
3763 3108 3849 3160 ὅτε
3885 3106 4031 3159 τοῦθ’
4067 3105 4237 3166 οὕτως
4263 3106 4404 3172 ἔχει,
4437 3104 4527 3156 οὗ·

1289 3208 1689 3262 euratissiirum
1715 3206 1794 3260 sui
1816 3205 2108 3275 specimen,
2164 3204 2464 3257 abolevisse
2495 3204 2687 3259 delicta
2726 3204 2847 3258 uni-
2876 3200 2920 3258 C
2953 3202 3140 3270 δαμῶς

2659 3219 2687 3256 a
2726 3204 2847 3258 uni-
2876 3200 2920 3258 (Ξ
2953 3202 3140 3270 δαμῶς
3176 3203 3462 3273 ἀρκέσειεν
3502 3202 3566 3254 ἂν
3598 3202 3733 3270 αὐτῇ
3769 3200 3904 3268 πρὸς
3934 3200 4031 3267 τὴν
4061 3199 4261 3267 ἑαυτῆς
4299 3197 4528 3269 ἀκρισία

1289 3317 1566 3355 versorum
1614 3300 1911 3359 hominum,
1952 3298 2041 3365 qui
2094 3296 2343 3349 videlicet
2381 3296 2429 3347 in
2454 3294 2619 3348 Deum
2656 3310 2841 3348 revera

1288 3406 1435 3459 spem
1457 3405 1605 3443 suam
1640 3388 1971 3442 collocarunt
2002 3403 2015 3438 :
2055 3386 2227 3449 nullo,
2254 3385 2492 3452 inquam,
2524 3385 2702 3449 modo,
2739 3401 2843 3438 non

1291 3483 1336 3536 si
1383 3481 1698 3547 contingere
1742 3487 1945 3543 posset,
1981 3486 2037 3529 ut
2066 3477 2153 3530 illa
2191 3476 2388 3529 millies
2413 3474 2618 3542 majora
2653 3474 2847 3540 seipsis

1292 3574 1502 3628 tierent.
1568 3570 1683 3623 Non
1738 3569 1991 3637 pertingit
2044 3568 2277 3621 hominis
2331 3581 2482 3621 mens
2532 3571 2597 3621 ad
2643 3566 2843 3635 aliquid

1289 3679 1500 3725 eorum,
1544 3664 1609 3717 de
1645 3662 1751 3715 Deo
1780 3677 1897 3730 quae
1926 3659 2361 3724 considerantur,
2401 3673 2500 3712 nec
2548 3658 2847 3726 propinquo

1290 3753 1358 3808 ab
1392 3753 1496 3806 illis
1526 3752 1805 3805 intervallo
1832 3753 2002 3804 abest.
2034 3748 2302 3817 Quidquid
2327 3762 2455 3817 ergo
2486 3763 2735 3816 maguum
2766 3757 2847 3801 est

1288 3858 1343 3903 et
1374 3857 1678 3918 augustum,
1718 3847 1829 3897 sive
1859 3856 2078 3904 nomen,
2110 3842 2224 3895 sive
2259 3854 2363 3901 res,
2388 3849 2480 3892 aut
2510 3839 2849 3906 quidcunque

1292 3944 1505 3995 tandem
1535 3938 1717 3999 fuerit,
1746 3935 1886 4003 quod
1913 3933 2106 3986 mentis
2130 3941 2395 4001 potestate
2418 3942 2720 4000 naturaque
2741 3931 2852 3987 ἴοι·-

1292 4032 1426 4085 mari
1463 4041 1517 4084 ct
1551 4028 1753 4098 percipi
1786 4028 1974 4097 possit,
2017 4026 2066 4079 id
2103 4035 2375 4079 ostensum
2408 4032 2493 4079 est
2525 4024 2662 4078 intra
2711 4041 2850 4094 per-

1290 4124 1603 4192 ceptionem
1647 4130 1964 4174 accuratam
2020 4117 2320 4172 clementite
2374 4114 2674 4171 Salvatoris
2728 4133 2851 4173 esse

1291 4216 1551 4283 positum.
1578 4213 1679 4281 ipsi
1715 4212 1904 4279 gloria,
1932 4225 2051 4264 cum
2076 4209 2235 4263 Patre
2275 4218 2575 4276 sanctoque
2624 4209 2849 4276 Spiritu,

1294 4307 1346 4359 in
1375 4306 1571 4359 saecula
1595 4302 1882 4356 lribuatur.
1913 4301 2107 4355 Amen.

1867 4412 2120 4465 ORATlO
2161 4409 2270 4465 VII.

2954 3295 3157 3365 στὰτην
3234 3294 3493 3357 ἐπίδειξιν
3550 3295 3609 3344 τὸ
3670 3297 3770 3362 τὴν
3831 3294 4108 3360 ἁμαρτίαν
4188 3291 4532 3360 ἀνῃρηκέναι

2954 3385 3205 3436 πάντωνᾶ
3228 3382 3732 3453 νθρῶπων,δηλαδὴ
3770 3383 3876 3434 τῶν
3907 3384 3985 3443 είς
4026 3381 4160 3433 Θεὸν
4201 3382 4276 3443 ὡς
4310 3380 4534 3449 άληθῶς

2953 3477 3262 3545 ἠλπικότων
3286 3490 3301 3506 ⁸
3352 3475 3612 3545 οῠμενουν
3649 3474 3925 3541 οὐδαμῶς,
3963 3474 4077 3525 οὐδ’
4116 3475 4163 3525 εί
4195 3473 4427 3526 δυνατὸν
4464 3468 4534 3541 ἦν

2955 3569 3120 3637 αὐτὴν
3150 3569 3409 3639 μυριάκις
3432 3568 3631 3638 ἑαυτῆς
3666 3568 3835 3637 μείζω
3862 3567 4136 3635 γενέσθαι.
4158 3567 4231 3617 Οὐ
4262 3564 4389 3627 νοῦς
4434 3567 4534 3618 ἀν-

2955 3661 3223 3729 θρώπινος
3254 3660 3554 3727 ἐφικνεῖται
3582 3660 3720 3730 πρός
3743 3676 3794 3711 τι
3819 3658 3925 3710 τῶν
3966 3658 4094 3726 περὶ
4128 3657 4261 3709 Θεὸν
4300 3658 4537 3726 νοουμέ-

2954 3770 3081 3818 νων,
3112 3753 3218 3805 οὐδ’
3242 3753 3427 3820 ἐγγύς.
3466 3753 3574 3813 Πᾶς
3609 3750 3701 3803 οὖν
3734 3751 3760 3803 ὃ
3796 3752 3937 3819 μέγα
3972 3767 4029 3802 τε
4062 3750 4150 3802 καὶ
4186 3751 4385 3820 σεμνὸν
4415 3750 4535 3802 εἶτε

2956 3846 3211 3913 πρᾶγμα,
3245 3844 3353 3897 εἴτε
3384 3845 3431 3897 τ’
3464 3845 3651 3913 ὄνομα,
3687 3844 3718 3913 ῆ
3748 3845 3774 3897 ὅ
3801 3861 3854 3897 τι
3891 3844 4008 3897 ποτ’
4039 3844 4104 3897 ἂν
4138 3844 4229 3897 καὶ
4266 3844 4371 3911 είη,
4437 3842 4537 3894 νοῦ

2957 3936 3051 3989 καὶ
3082 3936 3300 4007 ἐξουσίᾳ
3324 3937 3415 3988 καὶ
3434 3937 3701 4004 πεφυκότι
3729 3935 4036 4004 πλασθῆναι
4059 3952 4118 3986 τε
4141 3936 4233 3986 καὶ
4261 3933 4537 4001 νοηθῆναι

2956 4026 3275 4095 δυνάμενον,
3307 4028 3437 4078 εἴσω
3462 4028 3661 4079 πίπτον
3705 4027 3980 4079 δείκνυται
4008 4026 4143 4095 πρὸς
4177 4024 4378 4091 ἀκριόῆ
4432 4042 4540 4076 κα-

2958 4119 3187 4188 τάληψιν
3207 4120 3305 4188 τῆς
3326 4119 3420 4175 τοῦ
3446 4120 3697 4191 Σωτῆρος
3722 4117 4315 4190 φιλανθρωπίας.ᾼῦτῷ
4338 4118 4371 4185 ἡ
4400 4116 4541 4182 δόξα

2959 4210 3073 4278 ἃμα
3105 4210 3179 4281 τῷ
3204 4211 3396 4281 "arpi,
3430 4214 3523 4265 καὶ
3542 4213 3680 4281 ἁγίῳ
3708 4212 4009 4282 Πνιύματι,
4039 4210 4120 4273 είς
4144 4209 4264 4270 τοὺς
4297 4207 4538 4271 αἰῶνας.

2960 4304 3158 4374 Ἀμήν.

3569 4421 3789 4474 ΛΟΓΟΣ
3849 4418 3923 4474 Ζ’.

1287 4511 1366 4566 De
1400 4506 1729 4571 humilitate,
1769 4513 1921 4574 atque
1953 4504 2110 4558 etiam
2143 4519 2207 4557 ea:
2239 4511 2420 4573 parte,
2456 4504 2521 4558 de
2552 4504 2849 4561 dilectione.
2886 4548 2931 4604 Β
2964 4510 3099 4579 Περὶ
3136 4528 3162 4563 τ

2670 4506 2849 4561 ctione.
2886 4548 2931 4604 Β
2964 4510 3099 4579 Περὶ
3136 4513 3766 4604 ταπεινοφροσύνῃςλο-
3790 4524 3858 4604 εκ
3895 4510 4119 4579 μέρους
4162 4511 4226 4564 δὲ
4260 4513 4355 4565 καί
4393 4514 4545 4581 περὶ

1360 4671 1699 4724 Postremum
1727 4675 1891 4735 caput
1916 4681 1978 4719 ex
2008 4665 2075 4721 iis
2100 4680 2216 4731 quae
2245 4665 2338 4720 tibi
2366 4680 2395 4720 a
2422 4666 2575 4721 nobis
2606 4668 2670 4722 ad
2699 4682 2855 4723 exco-

1290 4763 1506 4817 lendum
1549 4772 1727 4813 mores
1770 4756 2064 4811 laudabiles
2104 4757 2301 4810 tradita
2339 4766 2491 4821 sunt,
2537 4758 2602 4813 de
2641 4760 2856 4813 humili-

1289 4864 1399 4907 tate
1430 4852 1749 4906 disserebat.
1780 4850 1962 4918 Itaque
1990 4864 2097 4901 non
2127 4848 2222 4902 abs
2251 4864 2306 4902 re
2334 4860 2604 4918 postrema
2637 4866 2852 4920 quoque

1288 4947 1366 4999 sic
1395 4960 1421 4995 a
1453 4943 1605 4996 nobis
1637 4942 1946 4995 instituatur
1971 4939 2165 5003 oratio,
2196 4950 2253 4992 ut
2284 4941 2336 4993 in
2368 4942 2607 5008 ejusdem
2636 4942 2852 4997 virtutis

1288 5034 1670 5104 przcdicatione
1698 5047 1817 5085 cum
1846 5029 1936 5084 illo
1964 5031 2282 5083 consentiat.
2312 5029 2455 5094 Quin
2483 5030 2645 5083 etiam
2678 5030 2762 5083 illa
2798 5031 2849 5083 in

1286 5126 1551 5186 oratione,
1587 5138 1693 5191 qua
1734 5131 1784 5174 te
1823 5124 1887 5174 ad
1926 5120 2244 5189 eloquentia:
2282 5120 2458 5173 studia
2503 5121 2846 5188 cohortabar,

1286 5218 1463 5271 obiter
1496 5214 1650 5281 quasi
1688 5211 1937 5280 quiddam
1974 5212 2038 5263 de
2077 5208 2440 5263 moderatione
2472 5209 2804 5263 disserebam
2829 5252 2845 5277 ,

1288 5309 1407 5373 ipso
1437 5320 1535 5359 nos
1566 5304 1823 5358 orationis
1855 5302 2053 5368 impetu
2086 5314 2266 5352 secum
2298 5299 2613 5367 abripieute.
2645 5298 2847 5351 Intelli—

1286 5412 1417 5465 gere
1447 5411 1575 5449 vero
1605 5397 1777 5464 potui,
1806 5394 1971 5447 fuisse
2003 5401 2127 5444 tunc
2153 5400 2390 5444 arrectas
2418 5391 2633 5443 illorum
2669 5406 2850 5453 aures,

1286 5492 1379 5560 qui
1424 5491 1676 5551 aderant,
1712 5489 1856 5539 velut
1898 5485 2324 5539 existimantium
2369 5498 2426 5536 se
2466 5484 2559 5536 illo
2604 5486 2667 5537 de
2712 5486 2851 5537 bono

1289 5582 1551 5651 prolixius
1584 5580 1785 5648 aliquid
1818 5578 2116 5631 audituros.
2149 5578 2215 5627 At
2244 5590 2343 5645 ego
2373 5584 2495 5629 tunc
2525 5577 2737 5644 quidem
2773 5578 2851 5629 eis

1287 5686 1392 5725 non
1426 5672 1795 5741 gratiticabar,
1830 5684 1894 5723 ue
1930 5677 2130 5721 temere
2163 5668 2317 5735 quasi
2353 5676 2690 5722 transversus
2725 5683 2850 5737 age-

1359 5849 1425 5901 ιι
1462 5847 1587 5902 Cor.
1633 5864 1695 5916 ti,
1736 5848 1790 5904 9.

3606 4582 3865 4648 ἀγάπης.

3026 4677 3145 4728 Τῶν
3173 4676 3481 4745 κεφαλαίων
3504 4676 3562 4727 τί,
3593 4674 3843 4740 ὕστατον,
3869 4677 3904 4728 ἃ.
3939 4692 4021 4728 σοι
4057 4675 4182 4747 παρ’
4208 4677 4238 4744 ἠ
4248 4675 4361 4743 μῶν
4392 4676 4545 4727 ἀπο-

2951 4766 3159 4819 δέδοται
3188 4770 3266 4829 είς
3293 4766 3439 4835 ἠθῶν
3467 4765 3770 4818 σπουδαίων
3794 4766 4142 4834 ἐπιμέλειαν,
4175 4767 4299 4833 περὶ
4334 4783 4548 4819 ταπει-

2953 4852 3290 4922 νοφροσύνης
3338 4854 3633 4921 διελέγετο.
3664 4854 3902 4917 Εἰκότως
3950 4856 4017 4907 ἂν
4054 4851 4147 4908 οὖν
4194 4856 4404 4923 γένοιτο
4444 4858 4549 4910 καὶ

2952 4944 2979 4995 ὁ
3017 4944 3325 5005 τελευταῖος
3376 4946 3508 5014 ἡμῖν
3542 4946 3698 5010 λόγος
3738 4944 3911 5011 οὗτος,
3954 4946 4146 5015 ἐκείνῳ
4178 4946 4547 5015 συμφθεγγό-

2960 5051 3141 5098 μενος,
3190 5034 3269 5103 τῴ
3308 5036 3407 5104 τὴν
3460 5035 3629 5104 αὐτὴν
3667 5036 3855 5105 ἐκείνῳ
3894 5037 4093 5108 ἀρετὴν
4140 5038 4417 5106 ὲξυμνεῖν.
4464 5042 4542 5092 Οὐ

2960 5124 3064 5192 μὴν
3120 5124 3254 5177 ἀλλὰ
3321 5125 3413 5176 καὶ
3460 5126 3517 5176 ὲν
3563 5125 3640 5194 τῷ
3674 5125 3806 5195 πρὸς
3844 5126 4033 5192 λόγους
4072 5143 4132 5178 σε
4166 5127 4543 5195 προτρέποντι

2954 5216 3095 5283 λόγῳ
3126 5211 3278 5267 εἶπόν
3305 5232 3358 5267 τι
3397 5215 3470 5278 ὡς
3504 5216 3561 5267 ἐν
3592 5217 3849 5286 παρέργῳ
3876 5218 4005 5285 περὶ
4039 5218 4412 5287 μετριότητος,
4446 5218 4543 5291 βίᾳ

2950 5306 3042 5356 τοῦ
3075 5307 3232 5371 λόγου
3277 5305 3656 5375 παρενεχθείς.
3682 5308 3899 5375 Συνῆκα
3934 5308 3979 5358 δ’
4006 5306 4099 5360 οὖν
4135 5310 4363 5376 ποιήσας
4401 5327 4544 5377 μετ-

2952 5396 3121 5467 έωρον
3152 5397 3248 5466 τὴν
3265 5400 3433 5467 ἀκοὴν
3457 5400 3565 5450 τῶν
3588 5399 3888 5466 παρόντων,
3913 5399 3987 5462 ὡς
4013 5402 4341 5468 νομιζόντων
4365 5402 4543 5453 datm}.

2958 5488 3145 5539 σεσθαί
3183 5506 3235 5540 τι
3270 5491 3609 5560 μακρότερον
3639 5493 3767 5562 περὶ
3795 5493 4008 5544 τουτουῒ
4029 5494 4122 5545 τοῦ
4159 5494 4342 5548 καλοῦ.
4384 5495 4542 5562 Ἐγὼ

2950 5579 3005 5630 δὲ
3034 5580 3151 5631 τότε
3180 5581 3276 5649 μὲν
3308 5582 3492 5644 αὐτοῖς
3524 5583 3624 5635 οὐκ
3656 5585 4026 5653 ἐχαρισάμην,
4054 5586 4129 5647 ὡς
4166 5588 4239 5655 μὴ
4269 5588 4540 5655 ἐκφεροέ-

2954 5689 3060 5741 μην
3089 5673 3209 5725 ὅποι
3242 5673 3470 5743 ἂντύχοι
3492 5690 3506 5707 ο
3541 5675 3656 5728 ἀλλ’
3693 5675 3953 5745 ἐχώρουν,
3988 5678 4072 5747 ἐφ’
4102 5680 4238 5750 ὅπερ
4270 5679 4402 5744 ἔδει,
4435 5679 4536 5733 τοῦ
