4748 6512
244 541 351 604 5Ξ9

1615 544 1904 606 ORATIO
1937 545 2065 607 VII.

3390 547 3496 609 530

245 658 612 729 προκειμένου
637 656 797 726 μόνου
816 657 1092 727 ἐχόμενος,
1114 661 1204 711 καὶ
1227 662 1655 732 ὑπισχνούμενος
1674 667 1818 733 ἐρεῖν
1851 670 1891 724 Α
1923 679 2044 727 rer;
2078 677 2120 714 St

1615 667 1818 733 ›ςὲ.ρεῖν
1851 670 1891 724 Α
1923 679 2044 727 rer;
2078 661 2171 714 sed
2206 663 2512 728 pergebam,
2547 676 2654 730 quo
2685 677 2772 716 res
2807 661 2918 731 ipsa
2953 663 3201 726 vocabat,
3240 663 3490 717 instituto

251 755 390 823 μετά
415 753 508 805 τοῦ
536 753 754 821 καιροῦ.
797 753 906 804 Ka‘t
937 753 1001 821 δή
1042 770 1133 821 μοι
1163 754 1511 817 τελεσθέντος
1547 756 1641 808 τοῦ
1685 759 1814 825 πρὶν

244 843 486 906 διαύλου,
518 842 634 911 ὥρα
662 843 943 905 κάκείνοις
991 843 1336 913 χαρίζεσθαι,
1365 847 1458 898 καὶ
1501 848 1582 898 σοὶ
1609 847 1669 899 τὸ
1699 848 1815 900 δέον

244 934 600 1002 ἀποπληροῦν
625 952 639 964 ·
665 934 726 985 τὸ
771 934 824 986 δέ
860 933 1091 986 ὕστατον
1123 936 1298 988 εἰπεῖν
1329 937 1459 1004 περὶ
1503 939 1601 1006 τῆς
1641 940 1815 990 πάντα

242 1026 456 1091 ἀγαθῆς
496 1025 996 1094 ταπεινοφροσύνης
1041 1026 1102 1077 οὑ
1152 1027 1291 1083 κατά
1346 1028 1516 1097 τύχην
1567 1029 1812 1096 γέγονεν,

243 1115 365 1166 ἀλλ’
420 1113 561 1166 οἰτω
589 1111 748 1177 δόξαν
801 1114 1094 1166 ἀκόλουθον
1148 1111 1310 1168 εἶναι.
1359 1115 1577 1184 Ἐπειδὴ
1616 1118 1725 1185 γὰρ
1758 1121 1815 1169 ἐν

242 1208 356 1268 τοῖς
399 1206 717 1272 κεφαλαίοις
755 1207 1003 1267 ἐκείνοις,
1038 1206 1132 1258 καὶ
1173 1208 1230 1258 ἐν
1259 1209 1372 1269 τοῖς
1407 1209 1512 1274 πρὸ
1537 1207 1685 1259 τοῦδε
1725 1207 1816 1259 λό-

244 1315 364 1363 γοις
411 1297 675 1350 ἔπλαττον
705 1299 805 1365 μέν
840 1316 934 1351 σου
965 1298 1066 1368 τὴν
1095 1299 1279 1367 φύσιν,
1318 1299 1393 1361 ὡς
1418 1300 1483 1353 ἄν
1520 1317 1602 1361 τις
1649 1301 1817 1363 εἴποι,

245 1388 544 1456 ἐπήλειφον
571 1388 628 1440 δέ
672 1391 772 1458 τὴν
805 1390 1032 1457 γνώμην
1064 1390 1199 1455 πρὸς
1241 1389 1310 1440 τὰ
1360 1389 1572 1458 βελτίω,
1606 1389 1700 1441 καὶ
1727 1388 1817 1439 τὸν

242 1479 425 1547 ἱρωτα
464 1478 574 1530 τῶν
601 1479 822 1546 ἀγαθῶν
853 1479 1030 1548 ἐργων
1070 1481 1363 1532 ἐνετύπουν
1392 1481 1479 1532 διά
1511 1481 1730 1533 πάντων
1759 1481 1816 1532 ἐν

243 1573 364 1631 ταῖς
391 1571 488 1638 τῆς
515 1571 694 1638 ψυχῆς
730 1587 822 1623 σου
854 1571 1147 1640 δυνάμεσιν
1172 1587 1186 1601 ο
1217 1571 1244 1622 ό
1265 1572 1320 1624 δὲ
1344 1572 1413 1624 τὰ
1439 1571 1578 1624 καλά
1611 1573 1817 1640 κτησά-

247 1677 410 1728 μενος
432 1662 609 1714 πάντα
627 1660 779 1713 οὐδὲν
810 1661 1006 1714 ἐαυτὸν
1034 1661 1262 1732 ὤνησεν,
1297 1663 1342 1713 εί
1381 1663 1456 1732 μὴ
1484 1663 1578 1714 καὶ
1606 1662 1705 1732 τὴν
1725 1679 1818 1717 τα-

243 1753 688 1820 πεινοφροσύνην
739 1754 1170 1822 προσεκτήσατο,
1197 1754 1273 1815 ὡς
1302 1751 1468 1808 οὖσαν
1500 1772 1561 1823 γε
1613 1756 1818 1822 ταύτην

245 1845 417 1914 μόνην
445 1845 678 1913 μάλιστα
701 1845 890 1898 πασῶν
918 1843 1129 1913 ἀρετῶν
1161 1845 1462 1915 λαμπτῆρά
1492 1864 1573 1911 τε,
1599 1847 1689 1899 καὶ
1713 1847 1815 1913 φύ-

239 1938 387 1989 λακα
415 1937 523 1989 τῶν
557 1937 777 2004 ἀγαθῶν
819 1936 1057 1990 πάντων.
1089 1936 1221 1990 Ὅτε
1255 1939 1434 1989 τοίνυν
1464 1937 1614 1990 ταῦθ’
1643 1937 1813 1999 οὕτως

241 2032 378 2098 ἔχει,
411 2030 516 2080 ἔδει
546 2045 612 2096 με
644 2028 814 2097 δήπου
842 2027 971 2098 περὶ
1003 2028 1111 2081 τῶν
1141 2028 1313 2082 ἄλλων
1341 2031 1582 2093 εἰπόντα,
1616 2023 1694 2093 οἷς
1733 2030 1801 2082 ἂν

241 2120 424 2188 γένοιο
465 2121 605 2189 ἀνήρ
633 2137 691 2171 τε
742 2121 834 2171 καὶ
874 2119 1129 2188 βασιλεὺς
1162 2120 1384 2185 ἀγαθλις,
1420 2120 1688 2172 τελευτῶν
1715 2120 1809 2172 καὶ

245 2213 377 2278 περὶ
424 2212 523 2280 τῆς
553 2211 844 2279 καλλίστης
888 2210 998 2261 τῶν
1041 2210 1252 2279 ἀρετῶν
1300 2212 1527 2278 ταυτησὶ
1558 2209 1804 2262 διελθεῖν.

253 2301 409 2354 Ἐπεί
438 2317 519 2354 τοι
550 2301 644 2352 καὶ
678 2300 864 2368 σαφῶς
900 2303 1016 2352 ἐστι
1062 2301 1204 2353 κατά
1254 2301 1390 2352 πολὺ
1425 2300 1806 2369 χαλεπώτερον

239 2393 302 2443 τό
335 2410 395 2458 γε
427 2391 660 2459 φυλάξαι
688 2391 900 2459 τάγαθά
931 2397 1023 2443 καὶ
1048 2391 1418 2443 διασώσασθαι
1446 2391 1806 2460 μέχριτέλους

238 2482 337 2534 τοῦ
372 2484 465 2550 τὴν
511 2484 686 2553 ἀρχὴν
718 2483 889 2536 ταῦτα
938 2484 1272 2552 κτήσασθαι.
1303 2485 1407 2537 Καὶ
1454 2484 1658 2552 ταύτην
1708 2485 1807 2551 τὴν

239 2573 465 2642 γνώμην
500 2571 618 2626 εἷπε
656 2575 754 2642 μέν
783 2592 866 2637 τις
905 2574 1012 2625 τῶν
1050 2575 1219 2627 πάλαι
1252 2575 1682 2642 θαυμαζομένων
1715 2576 1808 2629 ἐπὶ

240 2666 406 2736 σοφίᾳ
455 2665 823 2733 (Δημοσθένης
874 2659 1028 2726 οὗτός
1074 2668 1241 2728 ἐστιν,
1285 2665 1342 2717 οὗ
1395 2666 1534 2737 μετά
1587 2665 1806 2735 μνήμης

238 2757 452 2823 ἀγαθῆς
493 2759 518 2807 ὁ
549 2757 636 2808 διὸ.
679 2759 843 2825 μέσου
889 2757 994 2817 πᾶς
1039 2757 1230 2825 χρόνος
1280 2758 1638 2824 διατετήρηκε
1685 2756 1806 2808 τοῦ-

239 2847 441 2917 νομα)·
485 2848 654 2914 ἐφάνη
698 2847 756 2898 δέ
791 2850 849 2898 ἐκ
904 2849 1008 2899 τῶν
1045 2849 1386 2916 πραγμάτων
1440 2849 1802 2917 ἀληθεστάτη,

238 2940 337 2990 καὶ
364 2938 473 2991 οὐδ’
510 2939 575 2991 ἂν
606 2934 683 3000 εἷς
713 2938 822 3007 ἔχοι
846 2940 978 3008 πρὸς
1012 2939 1177 3007 αὐτὴν
1206 2943 1474 3008 ἀντερεῖν.
1512 2942 1586 2993 Οὐ
1618 2941 1719 3010 χρὴ
1749 2941 1805 2992 δὲ

237 3025 394 3096 οἶμαι
444 3029 760 3097 θαυμάζειν,
803 3031 850 3081 εί
888 3029 1106 3097 καθῆκα
1155 3031 1392 3097 ἐμαυτὸν
1427 3031 1502 3091 είς
1537 3030 1594 3082 ὃν
1641 3031 1806 3098 ἐχρῆν

238 3122 660 3191 ἀποδιδράσκειν
710 3123 919 3189 ἀγῶνα.
950 3122 1022 3175 Οὐ
1065 3122 1172 3191 γὰρ
1201 3121 1260 3185 ἐξ
1300 3123 1555 3184 ἀπονοίας
1586 3139 1805 3174 κατενε-

238 3215 461 3283 χθέντες
511 3215 604 3274 τὰς
642 3213 843 3282 φρένας
890 3213 1292 3275 ἀπολωλεκότες
1341 3214 1526 3283 ἐσμὲν,
1578 3214 1653 3275 ὡς
1701 3213 1792 3264 καὶ

1921 765 2106 807 nostro
2142 754 2400 807 duntaxat
2435 755 2742 816 inhaerens,
2780 767 2844 806 ac
2879 756 3197 821 promittens
3233 769 3294 807 ea
3333 755 3398 806 de
3432 769 3489 807 re

1919 860 2018 898 suo
2065 863 2147 900 Inc
2195 854 2434 912 tempore
2477 846 2769 898 dicturum.
2822 844 2976 898 Nunc
3019 845 3262 898 absoluto
3308 846 3492 915 priore

1918 937 2210 999 curriculo,
2241 949 2451 1003 tempus
2485 936 2659 1004 ipsum
2709 935 2954 1006 ﬂagitat,
2985 945 3035 991 et
3073 937 3178 990 illis
3209 937 3284 990 uti
3318 937 3486 1004 grati-

1920 1026 2068 1092 licer,
2112 1037 2165 1080 et
2203 1041 2266 1080 ex
2316 1025 2488 1080 oliicio
2534 1026 2628 1080 tibi
2678 1041 2894 1095 quoque
2940 1025 3290 1080 satisfaciam.
3333 1025 3487 1090 Quod

1918 1125 2092 1168 autem
2131 1116 2197 1170 de
2232 1115 2555 1178 humilitate,
2597 1131 2656 1170 re
2691 1132 2914 1185 prorsus
2945 1117 3178 1187 optima,
3214 1126 3489 1185 postremo

1918 1209 2034 1262 loco
2066 1210 2325 1272 dicamus,
2355 1224 2458 1263 non
2493 1210 2717 1263 fortuito
2749 1210 2947 1264 factum
2980 1219 3084 1274 est,
3114 1211 3208 1264 sed
3238 1209 3380 1278 quod
3415 1211 3488 1265 ita

1917 1308 2334 1354 consentaneum
2367 1302 2522 1356 nobis
2550 1302 2724 1355 visum
2753 1311 2915 1356 esset.
2945 1302 3076 1356 Cum
3106 1304 3247 1357 enim
3279 1304 3334 1356 in
3368 1303 3488 1356 istis

1917 1389 2205 1458 capitibus,
2252 1400 2307 1444 et
2355 1391 2406 1444 in
2456 1392 2792 1448 orationibus
2841 1393 2982 1446 hanc
3032 1393 3484 1462 praecedentibus.

1919 1489 2165 1535 naturam
2203 1491 2350 1536 tuam
2387 1481 2632 1536 linxerim
2657 1524 2671 1546 ,
2705 1493 2762 1538 ut
2795 1485 2867 1538 ita
2901 1483 3112 1553 loquar,
3147 1498 3210 1539 ac
3238 1484 3488 1538 volunta-

1919 1581 2022 1626 tem
2051 1572 2116 1626 ad
2151 1573 2371 1626 meliora
2401 1574 2548 1628 velut
2577 1575 2838 1629 athletam
2867 1589 3074 1642 ungens
3099 1575 3484 1638 excitaverim,

1917 1663 2274 1730 omnibusque
2313 1664 2490 1716 modis
2528 1664 2581 1716 in
2623 1663 2787 1717 animi
2833 1665 2907 1717 tui
2951 1662 3294 1718 facultatibus
3333 1678 3486 1716 amo-

1918 1769 2029 1807 rem
2074 1753 2337 1808 bonorum
2383 1769 2609 1824 operum
2655 1756 3050 1822 impresserim;
3094 1766 3150 1810 at
3193 1756 3284 1808 ille
3328 1756 3484 1808 bonis

1916 1846 2166 1901 omnibus
2193 1846 2475 1914 acquisitis
2493 1887 2508 1912 ,
2534 1861 2658 1900 cum
2690 1847 2824 1900 nihil
2852 1848 2952 1902 sibi
2986 1848 3189 1904 fructus
3212 1847 3482 1911 attulerit,

1916 1936 1960 1991 si
1995 1952 2100 1990 non
2132 1945 2187 1991 et
2214 1937 2571 1992 humilitatem
2601 1939 2958 2006 compararit,
2989 1938 3064 1994 uti
3094 1954 3213 2008 qua:
3243 1938 3357 1995 sola
3388 1953 3485 2008 po-

1918 2029 2184 2082 tissimum
2233 2031 2302 2082 sit
2344 2030 2523 2082 lumen
2561 2030 2820 2084 virtutum
2869 2031 3270 2096 universarum,
3316 2031 3486 2084 bono-

1908 2135 2137 2189 rumque
2177 2130 2362 2176 custos
2402 2121 2641 2175 omnium
2687 2139 2702 2176 :
2753 2124 2864 2177 lucc
2902 2137 3031 2191 ergo
3073 2139 3194 2177 cum
3236 2124 3310 2176 ita
3352 2122 3480 2185 sint,

1908 2225 2040 2264 sane
2079 2226 2174 2278 par
2207 2221 2327 2266 erat
2365 2221 2421 2265 nt
2455 2213 2545 2280 qui
2579 2213 2644 2266 de
2681 2213 2889 2268 caeteris
2931 2215 3352 2277 disseruissem,
3388 2229 3483 2281 per

1910 2317 2030 2370 quae
2071 2310 2178 2354 tam
2224 2303 2276 2355 in
2314 2304 2483 2357 virum
2523 2319 2685 2373 quam
2730 2319 2911 2374 regem
2956 2306 3156 2359 bonum
3199 2305 3478 2367 evadercs,

1913 2401 2245 2460 po~tremum
2285 2395 2441 2447 etiam
2479 2394 2546 2447 de
2581 2395 2680 2449 hac
2716 2395 3081 2462 pulcherrima
3114 2395 3314 2448 virtute
3353 2410 3479 2462 per-

1916 2493 2224 2537 tractarem.
2253 2484 2464 2552 Quippe
2494 2485 2658 2538 dubio
2689 2489 2875 2554 procul
2907 2485 3175 2540 dilIicilius
3199 2494 3281 2540 est
3307 2500 3479 2552 smpe-

1912 2587 2157 2636 nuntero,
2188 2573 2486 2627 custodisse
2520 2574 2659 2627 bona
2688 2583 2741 2626 et
2770 2573 2837 2626 ad
2866 2575 3024 2627 finem
3054 2587 3229 2642 u5que
3259 2587 3482 2628 c0nser-

1919 2677 2072 2718 vasse
2119 2678 2279 2731 quam
2328 2665 2514 2718 eadem
2561 2664 2628 2719 ab
2679 2663 2835 2718 initio
2878 2665 3256 2733 acquisivissc.
3303 2661 3478 2728 Quam

1915 2770 2044 2808 sane
2075 2756 2399 2808 sententiam
2434 2753 2658 2823 protulit
2690 2755 2908 2823 quidam
2931 2796 2945 2819 ,
2979 2755 3068 2823 qui
3101 2755 3228 2809 olim
3262 2760 3479 2823 sapien-

1921 2847 2004 2900 tia:
2038 2848 2255 2900 nomine
2290 2849 2342 2899 in
2379 2847 2735 2902 admiratione
2771 2847 3359 2916 erat(Demosthenes,
3394 2847 3482 2899 iu-

1918 2953 2102 3006 qnam,
2127 2938 2283 3005 cujus
2315 2953 2505 2992 nomen
2536 2939 2762 2994 honesta
2788 2951 2909 2993 cum
2941 2939 3318 2992 recordatione
3344 2953 3478 2992 con-

1920 3029 2150 3083 servavit
2172 3041 2378 3097 tempus
2398 3030 2449 3083 id
2468 3044 2628 3084 omne
2645 3032 2785 3098 quod
2807 3031 2945 3084 inter
2962 3030 3136 3099 ipsum
3156 3040 3478 3098 aetatemque

1923 3132 2163 3174 nostram
2209 3121 2580 3186 intercessit),
2614 3122 2788 3188 deque
2822 3121 2985 3175 rebus
3020 3120 3151 3189 ipsis
3191 3121 3474 3188 apparuit,

1909 3227 2026 3264 eam
2055 3226 2176 3265 esse
2203 3213 2564 3277 verissimam,
2591 3215 2678 3267 cui
2708 3227 2864 3267 nemo
2888 3214 3259 3267 contradicere
3283 3214 3474 3281 possit.

236 3307 354 3366 τοῖς
386 3305 663 3366 ἀδυνάτοις
707 3306 1042 3373 ἐπιχειρεῖν,
1079 3306 1169 3356 καὶ
1207 3305 1417 3357 οἴεσθαί
1464 3321 1525 3371 γε
1557 3305 1803 3372 γλῶτταν
1829 3321 1873 3379 C
1909 3303 2090 3372 Neque

1599 3305 1803 3357 λῶτταν
1829 3321 1873 3379 ο
1909 3303 2090 3372 Neque
2117 3320 2242 3358 vero
2270 3305 2594 3370 mirandum,
2621 3305 2834 3373 opinor,
2863 3308 2916 3359 in
2943 3307 2994 3359 id
3019 3320 3102 3360 me
3127 3305 3474 3360 descendisse

240 3396 578 3465 χαμαίζηλον
624 3395 886 3447 δύνασθαί
916 3413 967 3447 τι
1000 3396 1127 3464 περὶ
1177 3395 1390 3462 ἐκείνης
1433 3397 1707 3464 προσῆκον
1737 3397 1810 3446 εί-

237 3494 386 3554 πεῖν⁹
414 3493 509 3558 ’τῆς
543 3488 675 3555 ὑψοῦ
721 3489 818 3556 μέν
860 3489 1181 3558 πετομένης,
1220 3489 1356 3557 ὑψοῦ
1385 3490 1440 3541 δέ
1475 3489 1811 3557 ἐπαιρούσης

239 3587 504 3647 ἐκείνους,
536 3584 584 3634 οἳ
621 3581 854 3648 τάγαθὸν
888 3581 1267 3649 ἐργαζόμενοι,
1303 3583 1400 3632 οὐκ
1439 3580 1618 3644 ἴσασιν
1654 3581 1809 3632 ἐπαί-

239 3675 455 3744 ρεσθαι.
485 3674 556 3726 Οὐ
580 3672 805 3739 τοίνυνῆ
826 3673 884 3723 τὸ
919 3669 1144 3739 μέγεθος
1168 3671 1265 3738 τῆς
1295 3670 1388 3722 νῦν
1419 3671 1807 3739 ἐγχειρήσεως,

236 3767 272 3834 ἢ
338 3765 572 3833 ἐμαυτὸν
629 3765 875 3830 ἀγνοῶν,
935 3762 1170 3814 ἐνταῦθα
1233 3763 1437 3830 τόλμης
1493 3761 1805 3830 ἐξελήλυθα.

237 3859 378 3911 Οὐδὲ
437 3858 544 3925 γὰρ
603 3857 828 3924 Φαῖδρον
879 3854 1099 3921 ἀγνοῶ,
1159 3857 1207 3906 εί
1277 3856 1350 3924 μὴ
1417 3857 1508 3906 καὶ
1570 3854 1809 3923 ἐμαυτοῦ

236 3951 627 4018 ἐπιλέλησμαι,
684 3952 819 4002 κατά
881 3950 970 4001 τὸν
1033 3949 1350 4016 Ἀρίστωνος
1396 3949 1673 4002 Πλάτωνα.
1737 3948 1808 4001 Σὺ

236 4041 298 4091 δέ
377 4056 466 4105 μοι
521 4039 756 4100 πάντως,
830 4031 874 4089 ὧ
946 4037 1197 4101 φίλτατε,
1270 4039 1362 4089 καὶ
1431 4037 1490 4089 τὸ
1545 4038 1672 4104 περὶ
1750 4040 1808 4090 σὲ

240 4133 391 4200 μέγα
418 4132 666 4198 φίλτρον,
707 4130 962 4191 ὑπόθεσίς
1009 4147 1099 4197 μοι
1152 4128 1245 4180 τοῦ
1305 4131 1655 4197 τολμήματος
1709 4131 1808 4198 ἤδη

240 4238 364 4278 πως
401 4222 610 4287 γέγονε.
643 4221 706 4271 Σέ
748 4221 847 4287 μὲν
876 4219 980 4287 γὰρ
1007 4220 1054 4269 εἰ
1089 4219 1161 4287 μὴ
1193 4220 1358 4286 ίδοιμι
1393 4220 1568 4271 πάντα
1608 4221 1810 4286 ἀγαθὸν

240 4313 442 4380 ἄνδρα,
473 4311 620 4362 οὐδὲν
653 4310 758 4363 τῶν
788 4311 846 4363 ἐν
877 4309 956 4376 τῷ
987 4309 1085 4379 βίῳ
1117 4310 1365 4378 τερπνῶν
1401 4313 1719 4381 ἡγησαίμην
1747 4312 1812 4364 ἄν

243 4420 382 4457 ποτε
412 4403 524 4455 τῶν
544 4401 793 4470 τερπνῶν
826 4400 985 4456 εἷναι.
1014 4401 1084 4455 Τὸ
1114 4403 1334 4471 φίλτρον
1363 4403 1418 4454 δέ
1445 4420 1506 4470 γε
1537 4405 1809 4468 τοσοῦτον,

237 4501 372 4550 ὅσον
443 4513 510 4563 με
569 4496 666 4548 καὶ
727 4495 1071 4565 παροτρῦναι
1132 4496 1426 4564 πράγμασι
1492 4497 1812 4550 παντάπασι

240 4589 494 4656 μείζοσιν
543 4587 575 4657 ἦ
630 4587 770 4640 κατά
813 4590 914 4657 τὴν
963 4587 1240 4656 ἡμετέραν
1292 4587 1449 4654 ἰσχὺν
1510 4589 1809 4656 ἐγχειρεῖν.

1913 3405 2181 3448 certamen
2227 3398 2371 3464 quod
2411 3395 2599 3465 fugere
2641 3398 2922 3450 debebam.
2972 3397 3178 3465 Quippe
3220 3411 3325 3450 non
3370 3397 3474 3450 im-

1913 3487 2050 3552 pulsi
2084 3488 2402 3552 temeritate,
2436 3495 2668 3540 mentem
2702 3488 3008 3552 amisimus,
3039 3499 3096 3540 ut
3125 3501 3186 3540 ea
3218 3501 3478 3540 conemur

1911 3592 2028 3644 quae
2057 3580 2301 3643 praestari
2335 3589 2623 3647 nequeant,
2653 3572 3021 3647 hu'milemque
3050 3580 3283 3647 linguam
3319 3588 3476 3646 pute-

1912 3684 2034 3723 mus
2061 3672 2264 3740 aliquid
2295 3673 2377 3724 illa
2409 3674 2606 3726 virtute
2635 3674 2852 3740 dignum
2881 3672 3124 3741 proferre
3153 3686 3331 3739 posse,
3359 3687 3478 3739 qua:

1913 3765 1965 3816 in
2002 3764 2214 3817 sublimi
2255 3765 2431 3828 volat,
2469 3774 2522 3818 et
2561 3767 2610 3819 in
2649 3766 2814 3818 altum
2849 3765 3047 3818 attollit
3079 3779 3172 3819 eos
3207 3765 3296 3831 qui
3334 3766 3476 3832 quod

1916 3865 2118 3907 rectum
2148 3864 2232 3908 est
2263 3870 2381 3908 cum
2413 3866 2692 3927 peragant,
2727 3856 2922 3909 animis
2956 3865 3135 3908 tamen
3168 3854 3344 3909 εστι-τί
3382 3870 3478 3908 nc-

1912 3946 2110 3998 s«:iunt.
2140 3945 2280 4009 Non,
2311 3948 2552 4014 inquam,
2586 3948 2662 4000 vel
2697 3959 2927 4001 conatus
2954 3947 3122 4016 ipsius
3153 3947 3477 4014 magnitudi-

1916 4051 2057 4101 nem,
2092 4038 2171 4090 vel
2207 4037 2468 4104 rneipsum
2505 4037 2782 4105 ignorans,
2818 4037 2923 4090 huc
2953 4036 3194 4089 audacia:
3226 4051 3476 4104 progres-

1915 4141 2008 4179 sus
2043 4140 2181 4178 sum.
2219 4125 2327 4179 Nec
2360 4128 2503 4178 enim
2543 4127 2730 4193 ignoro
2763 4125 3044 4179 Phaedrum
3070 4167 3084 4188 ,
3120 4126 3220 4178 nisi
3259 4127 3478 4178 mcimet

1917 4216 2082 4280 ipsius
2113 4216 2312 4269 oblitus
2348 4215 2481 4277 sim,
2517 4214 2814 4269 secundum
2851 4213 3014 4266 lilium
3051 4215 3319 4266 Aristonis
3354 4212 3477 4265 Pla-

1915 4317 2114 4358 tonem.
2142 4305 2404 4358 Nimirum
2437 4315 2509 4366 tu,
2538 4305 2856 4358 eharissime
2885 4305 2957 4356 (ili
2976 4343 2990 4367 ,
3017 4315 3069 4357 et
3095 4304 3321 4358 eximias
3349 4318 3474 4371 erga

1917 4406 1967 4450 te
2010 4411 2158 4449 meus
2199 4411 2370 4456 amor,
2415 4395 2636 4448 audacis
2681 4393 2907 4460 hujusce
2953 4393 3210 4446 facinoris
3255 4408 3474 4447 causam

1917 4486 2044 4537 mihi
2082 4483 2328 4552 prazbuil.
2369 4482 2500 4535 Nam
2541 4482 2643 4535 nisi
2684 4491 2732 4534 te
2769 4495 2862 4548 per
2897 4481 3075 4532 omnia
3111 4479 3285 4533 virum
3322 4494 3480 4545 egre-

1913 4576 2058 4644 gium
2096 4577 2345 4637 videam,
2383 4574 2514 4626 nihil
2548 4576 2600 4626 in
2637 4573 2744 4625 vita
2780 4570 3080 4639 jucundum
3117 4571 3307 4639 volupe
3347 4569 3476 4621 mihi

236 4677 416 4730 Τοῦτό
449 4693 537 4744 μοι
568 4676 626 4727 τὸ
649 4675 872 4743 φίλτρον
907 4675 1205 4744 εἰργάσατο
1233 4675 1360 4738 τούς
1386 4693 1444 4728 τε
1475 4676 1663 4743 λόγους
1683 4695 1805 4729 του⁶
1836 4661 1890 4720 D
1920 4682 2111 4735 Ullqllll

1604 4695 1663 4738 υς
1683 4695 1805 4729 του-
1836 4661 1890 4720 D
1920 4682 2153 4735 unquam
2202 4666 2384 4719 fuerit.
2421 4665 2585 4718 Amor
2619 4679 2746 4716 vero
2791 4673 2972 4716 tantus
3011 4670 3126 4724 est,
3162 4670 3221 4713 ut
3258 4659 3323 4712 ad
3362 4670 3477 4710 ten-

237 4767 398 4820 τουσὶ
431 4769 552 4828 τοὺς
575 4766 825 4828 πολλοὺς,
861 4768 954 4819 καὶ
995 4767 1064 4820 τὰ
1106 4767 1244 4835 πρὸς
1293 4769 1351 4818 σέ
1398 4769 1673 4832 κεφάλαια
1714 4769 1809 4821 σὺν

235 4859 579 4918 ἐπιστολαῖς.
616 4857 788 4910 Τοῦτο
815 4858 938 4909 καθ’
969 4858 1294 4927 ὑπερϐολὴν,
1342 4859 1459 4926 μεθ’
1495 4859 1699 4927 ἐαυτῆς
1748 4860 1808 4910 τὸ

237 4952 472 5015 εὖῖκογον
504 4950 753 5017 ἔχουσαν,
809 4947 1152 5017 βιαζόμενον,
1185 4951 1265 5012 είς
1299 4947 1457 5000 τοῦτό
1516 4965 1581 5016 με
1626 4967 1805 5017 πραγ-

243 5043 442 5110 μάτων
467 5039 780 5108 ἐξήνεγκεν,
802 5043 858 5091 ἐν
876 5044 1086 5109 καιροῖς
1119 5040 1178 5091 ού
1214 5042 1562 5109 συγχωροῦσι
1593 5043 1684 5092 τὸν
1716 5043 1807 5093 ἐπὶ

235 5138 354 5185 τῶν
385 5136 585 5187 οίάκων
619 5136 946 5202 καθήμενον,
967 5134 1160 5187 ἄλλοσὲ
1196 5151 1287 5186 ποι
1318 5136 1444 5196 τοὺς
1496 5134 1808 5201 ὀφθαλμοὺς

236 5225 533 5294 τρέπεινῆ
573 5225 706 5293 πρὸς
737 5224 901 5292 μόνας
939 5225 1036 5284 τὰς
1058 5224 1168 5275 τῶν
1206 5223 1467 5290 κυμάτων
1519 5223 1806 5289 ἐπιφοράς.

236 5512 308 5586 ᾮ
348 5515 460 5582 γὰρ
509 5513 647 5565 λαοί
702 5515 749 5565 τ’
784 5512 1264 5581 ἐπιτετράφαται,
1317 5516 1415 5568 καί
1467 5518 1661 5586 τόσσα
1714 5515 1817 5583 μέα

1513 5585 1708 5654 lenis.

240 5671 407 5727 εἶπεν
448 5672 514 5724 ἂν
542 5674 570 5724 ό
602 5670 852 5742 ποιητὴς,
881 5673 941 5725 οὐ
979 5672 1176 5742 ῥᾳδίως
1200 5672 1421 5725 δύναται
1457 5671 1539 5735 οἷς
1594 5675 1660 5725 ἂν
1695 5674 1814 5726 ἐθε-

236 5769 435 5836 λήσειε
467 5763 722 5832 χρῆσθαι.
755 5763 822 5814 Al
843 5763 953 5831 γὰρ
980 5764 1116 5831 ὑπὲρ
1165 5763 1273 5814 τῶν
1313 5763 1510 5815 κοινῶν
1540 5763 1809 5832 ἀσχολίαι,

239 5859 388 5925 πρὸς
429 5857 626 5916 ἑαυτὰς
656 5854 748 5904 τὸν
786 5853 910 5905 νοῦν
939 5854 1393 5921 ἐπιστρέφουσαι,
1442 5853 1630 5921 ὥσπερ
1690 5854 1811 5906 τινὰ

240 5945 541 6013 δεσμώτην
580 5943 835 5996 πεδοῦσαι
865 5941 1074 6008 τοῦτον,
1105 5943 1360 6010 ἀσφαλῶς
1408 5943 1807 6012 διακατέχουσι.

1915 4762 2132 4814 tandum
2171 4776 2257 4813 res
2293 4760 2510 4812 omnino
2544 4757 2751 4811 viribus
2787 4756 2987 4810 nostris
3022 4754 3252 4821 majores
3286 4752 3478 4818 impel-

1913 4853 2025 4906 lere
2059 4852 2314 4920 potuerit.
2347 4848 2442 4902 llic
2475 4863 2628 4901 amor
2656 4857 2708 4900 et
2739 4846 3045 4914 complures
3077 4844 3243 4897 hasce
3273 4843 3474 4894 oratio-

1915 4959 2028 5008 nes,
2065 4952 2118 4997 et
2153 4942 2240 4994 illa
2276 4940 2405 4993 mihi
2438 4941 2637 5006 capita,
2669 4954 2792 4992 cum
2826 4935 3095 5005 epistolis,
3125 4931 3423 4986 elaboravit
3458 4948 3472 4984 :

1912 5037 1999 5089 hic
2032 5050 2116 5087 me
2151 5035 2313 5085 nimia
2345 5033 2392 5084 vi
2428 5033 2658 5100 quadam
2690 5045 2926 5097 urgens,
2961 5041 3080 5079 cum
3114 5041 3216 5093 qua
3252 5025 3475 5090 conjun-

1914 5137 1999 5178 cla
2029 5125 2320 5194 probabilis
2348 5134 2489 5176 esset
2521 5124 2688 5185 ratio,
2717 5119 2782 5172 ad
2811 5121 2906 5172 has
2934 5117 3166 5184 abripuit
3192 5129 3474 5168 commen-

1917 5217 2165 5277 tationes,
2213 5224 2266 5266 et
2312 5213 2415 5266 illis
2460 5213 2671 5280 quidem
2721 5210 3052 5276 temporibus
3093 5221 3209 5272 qum
3256 5205 3476 5257 minime

1917 5308 2234 5376 permittunt
2275 5316 2331 5356 ut
2373 5305 2463 5371 qui
2506 5303 2658 5357 sedet
2699 5302 2764 5354 ad
2805 5302 3013 5352 clavum
3055 5300 3159 5350 alio
3200 5304 3479 5350 convertat

1916 5401 2102 5455 oculos
2132 5416 2287 5466 quam
2317 5398 2461 5451 solos
2487 5397 2550 5448 ad
2580 5397 2808 5460 impetus
2837 5390 3216 5458 procellarum.
3247 5387 3376 5439 Nam
3409 5387 3474 5449 is,

2025 5510 2124 5564 Cui
2163 5507 2342 5574 populi
2368 5506 2656 5568 commissi,
2682 5514 2728 5558 et
2767 5504 2896 5556 (alia
2926 5511 3178 5567 tantaque
3205 5514 3368 5560 cura',

1919 5664 2372 5735 quemadmodum
2407 5671 2560 5731 poeta
2594 5661 2927 5730 loqueretur,
2960 5673 3062 5710 non
3093 5655 3254 5710 facile
3279 5656 3477 5723 quibus

1922 5759 2033 5811 volt
2066 5758 2140 5809 uti
2177 5765 2370 5824 potest.
2405 5753 2614 5808 Etenim
2645 5751 3031 5818 occupationes
3072 5764 3168 5816 pro
3202 5749 3475 5814 republica

1925 5858 2155 5902 mentem
2187 5847 2302 5914 ejus
2336 5847 2399 5897 ad
2448 5859 2504 5897 sc
2543 5843 2898 5906 retrahentes,
2935 5840 3195 5907 quasique
3238 5839 3476 5890 vinctum

1922 5940 2153 6006 aliquem
2200 5937 2402 6005 pedicis
2438 5936 2888 6002 constringentes,
2928 5939 3178 5986 accurate
3212 5931 3475 5992 detinent,
