4526 6514
1128 452 1226 519 531

2310 460 2464 519 MAN
2474 458 2701 520 UELIS
2732 460 2824 519 PA
2834 457 3180 520 LEOLOGI

4268 454 4379 518 εἴ]

1122 570 1183 621 l-It
1220 566 1439 636 pedicas
1463 574 1627 635 atque
1657 567 1876 621 vincula
1908 569 2100 622 merito
2122 568 2246 637 quis
2274 570 2689 631 existimaverit,
2717 575 2769 634 Α
2798 570 2909 622 Πέδη

2591 570 2689 631 rit,
2717 575 2769 634 Α
2798 570 2972 630 Πέδας
3002 570 3049 622 δ’
3089 569 3157 622 ἄν
3190 564 3348 637 οἶμαι
3380 569 3475 621 καὶ
3513 567 3691 637 δεσμὰ
3714 567 3945 630 δικαίως
3968 569 4077 631 πᾶς
4099 586 4189 631 τις
4218 570 4378 635 veg!-

1121 663 1333 721 nttinnr,
1370 670 1629 729 urgentes
1659 660 1777 713 illas
1809 672 2069 728 perpetuo
2102 675 2285 714 rerum
2318 660 2684 714 diﬂlcnltates.

1119 750 1253 798 cum
1287 761 1466 803 autem
1498 751 1680 818 plures
1708 760 1761 804 et
1796 753 1971 819 magni
2002 752 2125 815 viri,
2159 763 2266 805 tam
2294 753 2487 822 priscis
2520 767 2683 821 quam

1123 842 1331 898 nostris
1378 842 1736 911 temporibus,
1772 845 2048 897 orationes
2088 855 2216 897 ante
2248 859 2347 897 nos
2372 844 2441 899 de
2469 846 2689 897 humili-

1122 942 1237 986 tate
1278 932 1583 997 habuerint,
1619 948 1777 988 nemo
1805 944 1987 989 tamen
2021 951 2254 1003 unquam
2302 938 2485 990 omnia
2527 938 2687 993 dixit.

1122 1023 1281 1090 Atqui
1330 1024 1445 1077 suis
1495 1025 1637 1077 illam
1684 1026 2027 1080 orationibus
2069 1042 2233 1095 quam
2279 1028 2495 1097 egregie
2530 1036 2689 1097 putas

1123 1116 1437 1169 ornarunt?
1474 1113 1678 1168 Tamen
1725 1132 1846 1169 cum
1880 1119 2092 1188 angelis
2134 1134 2195 1173 ea
2234 1120 2454 1187 degens,
2494 1120 2692 1174 nimio-

1122 1219 1254 1272 pcre
1299 1220 1460 1271 supra
1492 1206 1681 1261 laudes
1708 1224 1900 1263 omnes
1926 1225 2045 1277 quze
2096 1211 2198 1281 ipsi
2234 1214 2547 1267 tribuuntur
2582 1215 2687 1267 sita

1124 1308 1228 1350 est.
1271 1297 1485 1351 Scimus
1520 1302 1683 1365 igitur
1732 1302 1855 1355 illos
1893 1303 2154 1370 praeclare
2208 1305 2437 1369 locutos,
2478 1305 2522 1359 si
2570 1304 2692 1375 quis

1124 1398 1178 1441 et
1209 1390 1445 1472 ipsorum
1480 1391 1756 1445 hominum
1788 1403 1841 1445 et
1868 1398 2173 1447 orationum
2202 1396 2310 1448 vim
2335 1406 2563 1464 spectet,
2595 1398 2689 1451 sed

1124 1481 1287 1534 iidem
1324 1482 1528 1536 scimus
1559 1493 1614 1537 et
1643 1486 1783 1539 hanc.
1834 1487 2092 1540 virtutem
2124 1502 2219 1541 eos
2250 1488 2343 1556 qui
2392 1489 2596 1557 aliquid
2630 1492 2695 1543 de

1124 1587 1188 1625 ea
1233 1573 1417 1627 dicere
1454 1585 1742 1637 conantur,
1789 1578 2076 1646 cupiditati
2106 1594 2219 1632 suae
2271 1581 2493 1633 minime
2538 1596 2697 1649 pares

1125 1665 1425 1719 declarare.
1477 1667 1841 1731 Quamobrem
1884 1669 2174 1722 manifesto
2216 1678 2387 1737 patet,
2422 1672 2692 1726 neminem

1126 1759 1179 1812 id
1227 1762 1629 1823 assecuturum,
1674 1770 1733 1813 ut
1775 1777 1841 1815 ex
1890 1762 2154 1830 dignitate
2186 1764 2250 1816 de
2292 1764 2393 1817 hac
2436 1764 2693 1819 disserat.

1127 1851 1339 1921 Quippe
1369 1853 1622 1906 virtutem
1655 1868 1751 1921 per
1772 1869 1831 1907 se
1860 1865 1967 1907 tam
1997 1856 2293 1924 egregiam,
2320 1864 2427 1909 tam
2455 1856 2695 1925 splendi-

1128 1945 1273 2010 dam,
1312 1954 1417 1997 tam
1462 1946 1688 1998 omnino
1722 1947 1918 1999 bonam
1956 1955 2008 2000 et
2034 1946 2413 2009 excellentem,
2443 1963 2689 2017 quamam

2790 676 2902 711 σειε
2930 661 3031 724 τὰς
3062 662 3150 711 ἀεὶ
3174 660 3610 726 κατεπειγούσας
3634 660 3905 727 ἀνάγκας.
3938 660 4161 713 Πολλῶν
4194 661 4253 711 δὲ
4285 660 4378 710 δν-

2791 771 2899 805 των
2929 754 3025 805 καὶ
3055 755 3308 821 μεγάλων
3338 752 3449 805 τῶν
3478 753 3607 820 περὶ
3632 751 4145 820 ταπεινοφροσύνης
4185 767 4379 818 προει-

2796 847 3044 912 ρηκότων
3076 850 3171 897 καὶ
3200 847 3259 896 ἐν
3288 848 3399 907 τοῖς
3428 844 3621 907 παλαι,
3653 844 3748 897 καὶ
3769 846 3828 894 ἐν
3856 845 3969 905 τοῖς
4011 843 4137 905 νῦν,
4198 842 4381 902 οὐδεὶς

2789 940 3007 991 οὐδέπω
3028 939 3091 991 τὸ
3109 941 3218 990 πᾶν
3241 938 3455 1006 εἴρηκε.
3498 937 3693 988 Καίτοι
3722 938 3834 998 τοῖς
3867 936 3997 1004 παρ’
4028 934 4252 989 ἐαυτῶν
4292 934 4379 984 λό-

2791 1049 2911 1099 γοις
2951 1032 3070 1093 πῶς
3100 1033 3201 1085 οῐει
3238 1031 3448 1099 ταύτην
3484 1031 3846 1101 ἐκόσμησαν;
3895 1029 4044 1081 Ἀλλ’
4092 1030 4196 1096 ἣδε
4260 1034 4377 1090 τοῖς

2791 1125 3054 1190 ἀγγέλοις
3086 1125 3542 1192 συνδιαιτωμένη,
3579 1124 3717 1191 μετὰ
3748 1122 3953 1190 πολλῆς
3981 1121 4082 1189 τῆς
4136 1122 4383 1189 ὑπερόοσ

2790 1218 2889 1285 λῆς
2928 1218 3255 1285 ὑπέρκειται
3286 1216 3394 1267 τῶν
3443 1217 3564 1267 κατ’
3603 1216 3777 1281 αὐτῆς
3824 1215 4142 1282 ἐγκωμίων.
4186 1215 4381 1279 Ἱσμεν

2788 1315 2970 1363 τοίνυν
3002 1311 3247 1370 ἐκείνους
3284 1310 3382 1377 μέν
3416 1309 3602 1369 καλῶς
3636 1310 3918 1370 εἰπόντας,
3946 1310 3998 1359 εῐ
4021 1326 4107 1369 τις
4140 1310 4222 1368 είς
4274 1307 4380 1372 τὴν

2792 1404 2900 1455 τῶν
2959 1403 3267 1471 ἀνθρώπων
3298 1402 3396 1452 καὶ
3445 1400 3545 1469 τὴν
3578 1401 3689 1453 τῶν
3723 1400 3898 1466 λόγων
3954 1400 4107 1465 lxx-3v
4146 1399 4331 1451 ἀπίδοι
4362 1412 4381 1427 ⁸

2794 1496 2955 1563 ἴσμεν
2980 1495 3037 1547 δὲ
3067 1497 3160 1545 καὶ
3195 1494 3402 1559 ταύτην
3434 1492 3534 1561 τὴν
3568 1494 3771 1559 ἀρετὴν
3811 1491 3948 1543 πολὺ
3989 1492 4229 1543 κατόπιν
4279 1492 4347 1555 τῆ
4358 1506 4383 1548 ς

2794 1586 3110 1656 προθυμίας
3139 1586 3539 1638 ἁποδεικνῦσαν
3562 1584 3687 1645 τούς
3710 1601 3775 1651 γε
3804 1585 3931 1653 περὶ
3979 1583 4156 1649 αὐτῆς
4193 1600 4245 1632 τι
4295 1581 4387 1631 λέ-

2793 1697 2911 1748 γειν
2940 1678 3378 1749 ἐπιχειροῦντας.
3433 1678 3597 1730 Ὥστε
3628 1677 3864 1746 φανερὸν
3914 1678 4050 1743 ἡμῖν
4099 1676 4384 1742 γίγνεται,

2798 1770 2922 1840 μήδ’
2970 1769 3211 1821 ὁντινοῦν
3254 1769 3586 1837 δυνήσεσθαι
3635 1769 3729 1820 τὸν
3790 1768 3913 1820 κατ’
3951 1767 4113 1830 ἀξίαν
4172 1767 4382 1818 εἰπεῖν.

2809 1866 3003 1932 Ἀρετῇ
3029 1864 3139 1932 γὰρ
3176 1862 3319 1931 οὔσῃ
3349 1861 3474 1914 καθ’
3494 1862 3665 1930 αὐτὴν
3691 1860 3835 1913 οὕτω
3859 1860 4025 1927 καλῇ,
4065 1859 4215 1911 οὕτω
4241 1860 4389 1923 λαμ-

2794 1958 2930 2026 πρᾷ,
2957 1953 3100 2007 οὕτω
3132 1956 3310 2007 πάντα
3341 1953 3519 2022 ἀγαθῇ
3545 1954 3641 2006 καὶ⁵
3663 1952 3935 2021 βελτίστῃ,
3960 1952 4047 2012 τίς
4082 1952 4149 2003 ἂν
4181 1949 4387 2013 ἐξισω-

1127 2051 1345 2103 εηηπε
1376 2040 1550 2105 possit
1587 2040 1809 2093 oratio?
1843 2036 1952 2093 Nec
1978 2049 2156 2094 tamen
2192 2042 2395 2095 idcirco
2425 2042 2694 2095 silendum
2791 2048 2913 2115 θείη

2606 2056 2694 2095 um
2791 2048 2913 2115 θείη
2946 2047 3075 2098 ποτέ
3097 2046 3288 2112 Myos;
3331 2046 3407 2096 Οὐ
3460 2046 3571 2114 μήν
3624 2060 3688 2111 γε
3742 2043 3831 2095 διὰ
3888 2040 4051 2093 τοῦτο
4104 2042 4388 2108 προσήκει

1130 2131 1426 2194 universis,
1472 2137 1564 2185 sed
1613 2148 1836 2200 prorsus
1876 2148 1907 2187 e
1940 2135 2217 2188 contrario
2248 2134 2472 2189 dicenda
2505 2133 2697 2189 confe-

1130 2224 1409 2293 rendaquc
1436 2226 1487 2278 in
1523 2227 1782 2289 medium,
1807 2242 2144 2295 quaecunque
2174 2229 2407 2296 proferri
2444 2238 2695 2297 possunt.

1128 2316 1385 2373 Fortasse
1416 2318 1684 2387 quispiam
1735 2334 1842 2373 non
1890 2320 2122 2375 celebris
2167 2331 2356 2375 orator
2384 2322 2447 2375 de
2473 2338 2534 2376 ea
2567 2319 2694 2391 quid

1129 2410 1330 2463 dixerit
1360 2411 1427 2465 ab
1460 2410 1577 2477 ejus
1601 2412 1896 2465 eminentia
1926 2428 2032 2466 non
2062 2412 2324 2477 alienum,
2348 2413 2556 2467 etalius
2578 2429 2699 2467 rur-

1129 2518 1272 2563 sum,
1311 2503 1582 2568 similiter,
1614 2504 1922 2572 iterumque
1951 2505 2202 2559 fortassis
2233 2514 2286 2559 et
2310 2507 2468 2558 alius.
2501 2504 2634 2557 Nam
2666 2521 2694 2558 a

1130 2594 1343 2647 ratione
1385 2609 1493 2647 non
1526 2595 1801 2653 abhorret.
1832 2596 2065 2663 aliquem
2116 2611 2220 2649 una
2253 2596 2306 2649 in
2340 2608 2492 2663 parte
2529 2596 2698 2666 magis

1128 2687 1279 2740 illam
1302 2695 1621 2740 ornatorum
1654 2702 1816 2755 quam
1843 2688 1975 2742 alios
1999 2690 2093 2743 illo
2118 2689 2544 2757 praestantiores.
2575 2689 2697 2742 Vidi

1129 2779 1380 2845 equidem
1428 2779 1530 2833 hoc
1579 2778 1738 2833 rebus
1773 2780 1826 2832 in
1872 2781 2129 2835 omnibus
2176 2782 2419 2842 evenire,
2459 2795 2559 2835 nec
2588 2796 2696 2834 non

1132 2885 1254 2923 eum
1300 2869 1469 2924 feram
1506 2882 1745 2939 nactum,
1785 2875 1874 2941 qui
1917 2890 2022 2929 non
2058 2874 2344 2929 admodum
2377 2887 2492 2929 arte
2519 2876 2699 2944 sagit-

1133 2964 1283 3017 tandi
1305 2964 1624 3031 excelleret,
1654 2981 1716 3019 ac
1747 2966 1959 3021 felicius
1987 2968 2204 3037 quidem
2226 2968 2309 3023 vel
2344 2970 2463 3037 ipso
2490 2967 2701 3022 Teucro

1133 3065 1189 3107 et
1228 3054 1316 3109 Ida
1349 3057 1554 3124 prisco,
1588 3068 1644 3111 et
1673 3058 1717 3112 si
1756 3058 1880 3127 quis
1918 3060 2057 3114 alius
2084 3075 2215 3114 arcu
2252 3061 2541 3113 maximam
2572 3059 2701 3113 ade—

1133 3157 1264 3217 ptus
1281 3160 1361 3203 est
1385 3149 1633 3218 gloriam.
1658 3150 1998 3220 Quapropter
2020 3166 2210 3205 omnes
2231 3150 2478 3205 conferre
2501 3150 2702 3205 debent

2795 2142 2953 2210 σιγὴν
2991 2139 3118 2202 τοὺς
3148 2141 3403 2201 ἅπαντας
3454 2140 3632 2203 ἄγειν,
3671 2137 3808 2189 ἀλλὰ
3850 2135 4171 2188 τούναντίον
4228 2135 4385 2187 ἅπαν

2794 2236 3055 2300 λέγειντε
3084 2232 3181 2285 καὶ
3224 2231 3607 2298 συνεισφέρειν
3656 2230 3717 2280 τὸ
3744 2227 3886 2280 κατὰ
3917 2228 4177 2291 δύναμιν.
4227 2227 4389 2293 Τάχα

2795 2344 2879 2390 τις
2908 2327 3037 2396 περὶ
3076 2326 3248 2393 αὐτῆς
3289 2322 3518 2376 καὶτῶν
3546 2322 3644 2373 οὐκ
3678 2323 3760 2383 εἰς
3805 2322 3993 2387 λόγους
4022 2320 4390 2383 εὐδοκιμούν-

2794 2436 2904 2471 των
2927 2421 3045 2488 ἐρεῖ
3063 2418 3137 2485 μὴ
3163 2417 3397 2484 πάμπαν
3423 2414 3631 2483 ἀπᾷδον
3659 2413 3752 2465 τοῦ
3784 2411 3995 2479 ταύτης
4033 2410 4214 2478 ὓψους
4240 2426 4254 2438 ·
4289 2410 4389 2460 καὶ

2796 2512 2956 2573 ἄλλος
2985 2506 3143 2572 αὖθις
3167 2509 3369 2578 ὁμοίως
3402 2522 3419 2535 ·
3458 2510 3553 2559 καὶ
3580 2507 3745 2558 πάλιν
3770 2506 3856 2559 ἓτε
3868 2522 3956 2575 ρος
3985 2505 4139 2566 ἴσως.
4175 2505 4250 2557 Οὐ
4275 2503 4392 2568 γὰρ

2795 2606 3023 2667 ἀπεικὸς
3047 2604 3138 2655 τὸν
3173 2602 3322 2654 δεῖνα
3360 2600 3443 2654 ἐνί
3495 2617 3573 2667 τῳ
3636 2602 3795 2667 μέρει
3823 2597 4051 2666 ;ταύτην
4098 2596 4387 2663 κοσμῆσαι

2798 2700 2940 2767 ὑπὲρ
2968 2700 3098 2760 τοὺς
3133 2696 3383 2765 μείζους.
3427 2690 3579 2747 Εἶδον
3611 2694 3763 2745 τουτῖ
3787 2691 4117 2759 γιγνόμενον
4153 2689 4248 2740 ἐπὶ
4278 2689 4391 2738 τῶν

2798 2790 3073 2852 ἁπάντων,
3101 2789 3197 2841 καὶ
3235 2785 3576 2855 τετυχηκότα
3604 2783 3800 2853 θηρίου
3826 2784 3897 2851 μὴ
3927 2783 4072 2834 πάνυ
4103 2779 4391 2849 θαυμαζό-

2805 2899 2966 2951 μενον
3004 2882 3098 2933 ἐπὶ
3130 2878 3344 2946 τοξικῇ,
3391 2878 3616 2945 ἄμεινον
3645 2870 3799 2943 οἶμαι
3834 2874 3931 2925 καὶ
3962 2872 4241 2939 Τεύκρου,
4291 2871 4390 2921 καὶ

2803 2976 2921 3028 Ἴδα
2954 2972 3050 3025 τοῦ
3078 2970 3336 3035 παλαιοῦ,
3371 2969 3467 3022 καὶ
3498 2970 3552 3020 si
3580 2984 3663 3028 τις
3703 2966 3861 3029 ἄλλος
3892 2965 3986 3016 ἐπὶ
4031 2966 4151 3021 τοῖς
4211 2963 4391 3026 τόξοις

2805 3066 3076 3137 μεγίστην
3095 3066 3362 3133 κέκτηται
3397 3060 3584 3126 δόξαν.
3619 3060 3784 3111 Ὥστε
3826 3057 3907 3108 δεῖ
3940 3055 4070 3115 τοὺς
4134 3053 4393 3113 ἅπαντας

2804 3156 3200 3224 συνεισφέρειν,
3226 3154 3356 3206 ὅταν
3388 3152 3448 3203 ea
3482 3153 3592 3204 πᾶν
3622 3148 3965 3212 ἐνδείξασθαι
4008 3146 4080 3198 τὰ
4111 3146 4231 3198 τῶν
4275 3161 4395 3212 μειο

1136 3256 1257 3293 cum
1314 3240 1651 3295 declaranda:
1692 3242 1767 3295 rei
1823 3244 1919 3295 loti
1964 3242 2227 3309 majorum
2275 3245 2553 3297 orationes
2596 3258 2700 3297 non
2730 3248 2777 3310 (ζ
2810 3250 2923 3313 (dvo

2606 3258 2700 3297 non
2730 3248 2777 3310 C
2810 3250 2976 3313 ζόνων
3013 3248 3115 3300 οὐκ
3151 3246 3356 3314 ἐξαρκῇ
3386 3260 3398 3271 ⁸
3420 3243 3525 3296 κᾶν
3549 3240 3863 3311 προσθῶσιν
3894 3240 4132 3297 ἕκαστος
4164 3238 4235 3288 τὰ
4260 3236 4393 3305 παρ’

1136 3330 1432 3394 sufﬁciunt,
1484 3348 1546 3385 ac
1596 3332 1863 3403 siquidem
1912 3348 2007 3388 sua
2054 3334 2284 3403 quisque
2329 3334 2610 3404 adjecerit,
2646 3346 2701 3390 et

1137 3433 1389 3492 congesta
1416 3424 1618 3477 fuerint
1647 3427 1885 3478 omnium
1916 3425 2081 3492 dicta,
2110 3427 2265 3495 quasi
2297 3441 2394 3494 per
2420 3428 2702 3481 collectam

1137 3518 1451 3585 quamdam,
1481 3500 2131 3587 ipsorumquebratorum
2152 3536 2244 3574 ora
2269 3521 2381 3574 visa
2414 3520 2615 3575 fuerint
2642 3534 2704 3574 os

1140 3625 1309 3664 unum
1340 3624 1481 3675 esse,
1514 3610 1744 3665 fortasse
1782 3613 2007 3680 pmpius
2040 3613 2390 3676 accesserint,
2428 3613 2491 3666 de
2515 3626 2575 3666 ea
2612 3612 2702 3681 qui

1138 3704 1433 3767 disserunt,
1476 3704 1542 3757 ad
1582 3706 1706 3765 hoc,
1750 3714 1807 3758 ut
1833 3704 2057 3758 Omnino
2093 3705 2349 3773 quiddam
2386 3718 2447 3757 ea
2483 3703 2702 3772 dignum

1138 3796 1322 3851 dicere
1342 3796 1647 3850 videantur.
1676 3796 1742 3849 Et
1768 3797 1988 3866 quidem
2017 3796 2289 3860 usuvenit,
2341 3805 2400 3848 ut
2432 3794 2705 3863 mnigmati

1140 3886 1421 3941 consimile
1443 3888 1535 3951 sit,
1563 3888 1702 3942 hanc
1731 3889 1876 3942 circa
1897 3888 2150 3941 virtutem
2182 3887 2323 3956 quod
2347 3887 2561 3941 accidit.
2587 3882 2703 3938 Non

1137 3980 1281 4030 enim
1306 3978 1452 4030 illam
1489 3994 1554 4031 ex
1586 3978 1854 4045 dignitate
1885 3978 2230 4043 admirando,
2265 3978 2558 4032 maximam
2584 3992 2705 4032 esse

1139 4068 1441 4131 declarant,
1475 4068 1569 4122 sed
1608 4071 1729 4122 dum
1765 4069 1966 4139 pariter
1996 4084 2185 4123 omnes
2224 4084 2341 4122 eam
2375 4068 2705 4121 convenien-

1141 4169 1223 4213 tcr
1265 4160 1484 4213 laudare
1516 4171 1810 4227 nequeunt,
1852 4161 2054 4213 nullam
2090 4160 2391 4213 orationem
2426 4173 2583 4227 posse
2617 4172 2707 4211 su-

1137 4251 1464 4303 blimitatem
1519 4250 1676 4317 hujus
1737 4251 1977 4318 assequi,
2022 4249 2331 4304 ostendunt.
2381 4248 2495 4314 Quo
2539 4250 2597 4302 lit
2648 4257 2707 4301 ut

1140 4342 1367 4396 omnino
1411 4343 1521 4395 sint
1557 4344 1668 4397 hmc
1710 4344 1981 4412 :enigmati
2025 4343 2249 4407 similia,
2283 4341 2566 4410 _siquidem
2596 4356 2707 4411 κρει-

1139 4450 1250 4489 non
1283 4435 1671 4489 convenientes
1702 4434 1885 4489 laudes
1914 4434 2258 4488 convenienti
2284 4448 2484 4486 corona
2526 4447 2586 4487 se
2620 4448 2711 4486 re-

1142 4526 1321 4580 dimit.
1356 4525 1590 4597 Ideoque
1612 4537 1828 4596 rogatos
1871 4527 2150 4581 auditores
2175 4526 2441 4589 volumus,
2486 4540 2551 4579 ne
2578 4525 2707 4593 quid

2809 3340 3038 3403 ἑαυτῶν,
3060 3338 3153 3391 καὶ⁵
3183 3335 3476 3405 συνειλεχθῇ
3500 3335 3569 3388 τὰ
3598 3334 3820 3386 πάντων
3837 3331 3910 3393 ὡς
3939 3331 3997 3393 ἐξ
4027 3330 4266 3398 ἐράνου,
4299 3329 4396 3380 καὶ

2806 3435 2865 3486 ἐν
2884 3450 2945 3499 γε
2966 3432 3092 3500 δόξῃ
3114 3429 3288 3497 στόμα
3308 3428 3371 3480 τὰ
3395 3427 3504 3479 τῶν
3528 3427 3814 3487 εἰπόντων,
3844 3422 4049 3475 ἔλθοιεν
4066 3422 4133 3473 ἂν
4154 3423 4330 3488 ἐγγὺς
4348 3422 4395 3470 οἱ

2809 3524 2940 3591 περὶ
2992 3521 3212 3586 ἐκείνης
3268 3520 3513 3579 εἰπόντες
3549 3516 3643 3569 τοῦ
3684 3516 3868 3583 λέγειν
3896 3515 4031 3576 ὅλως
4068 3513 4228 3577 ἄξιον
4265 3515 4397 3581 περὶ

2806 3618 3042 3683 ταυτησὶ
3054 3614 3223 3679 δόξαι.
3243 3612 3540 3681 Συμδαίνει
3559 3611 3621 3679 δή
3646 3626 3697 3661 τι
3717 3610 3893 3661 δοκεῖν
3918 3610 4157 3675 αἴνιγμα
4184 3607 4249 3658 τί,
4267 3608 4395 3674 περὶ

2806 3709 2965 3779 τήνδε
2984 3707 3328 3775 γιγνόμενον.
3353 3704 3428 3757 Οὐ
3461 3704 3569 3771 γὰρ
3602 3702 3678 3772 τῷ
3708 3701 3875 3765 ἀξίως
3897 3701 4212 3768 θαυμάσαι,
4242 3699 4398 3767 μεγί-

2812 3819 2943 3871 στην
2974 3800 3179 3867 ταύτην
3214 3792 3381 3850 οὖσαν
3418 3794 3803 3865 ἐμφαίνουσιν,
3829 3792 3946 3844 ἀλλ’
3974 3787 4058 3852 οἷς
4085 3806 4148 3858 γε
4190 3792 4398 3850 πάντες

2808 3892 2944 3961 ὁμοῦ
2981 3889 3076 3943 τοῦ
3119 3888 3488 3957 προσήκοντος
3534 3883 3756 3937 ἐπαίνου
3791 3880 4162 3941 διαπίπτουσι,
4196 3879 4260 3930 τὸ
4288 3896 4393 3945 μη-

2808 3981 2932 4033 δένα
2975 3976 3234 4030 δύνασθαι
3294 3974 3448 4041 λόγον
3493 3971 3778 4040 ἐφικέσθαι
3828 3969 3919 4023 τοῦ
3951 3968 4162 4038 ταύτης
4226 3970 4397 4037 ὖψυυς

2808 4069 3166 4124 δεικνύουσιν.
3197 4067 3362 4119 Ὠστε
3405 4064 3593 4132 σαφῶς
3632 4063 3914 4132 αἰνίγματι
3954 4062 4131 4114 ταῦτα
4183 4062 4395 4127 ἔοικεν,

2810 4164 2857 4216 εί
2882 4163 2946 4230 δὴ
2976 4165 3089 4225 τοῖς
3132 4160 3205 4231 μὴ
3234 4160 3583 4229 γιγνομένοις
3633 4158 3879 4219 ἐπαίνοις
3933 4157 4025 4210 τὸν
4058 4158 4398 4226 γιγνόμενον

2813 4254 3077 4322 στέφανον
3106 4255 3271 4322 ἑαυτῇ
3302 4251 3639 4319 περιτίθησι.
3699 4250 3808 4302 Καὶ
3851 4250 4031 4302 τοίνυν
4083 4250 4398 4316 παραιτοῦ-

2813 4343 2955 4411 μεθα
2982 4343 3108 4404 τοὺς
3133 4342 3434 4410 ἀκροατὰς,
3481 4340 3647 4411 μηδὲν
3685 4338 3945 4409 δυσχερὲς
3976 4339 4396 4407 ἐντεθυμῆσθαι

2811 4433 2941 4502 περ)⁸
2974 4432 3153 4501 ἡμῶν,
3183 4431 3317 4500 μηδέ
3355 4429 3692 4499 προπετείας
3712 4428 3932 4498 γραφὴν
3963 4427 4114 4493 ἡμᾶς
4158 4426 4393 4494 γραψα-

2813 4522 2961 4585 σθαι,
2985 4522 3035 4575 οἶ
3061 4520 3533 4592 προὺθυμήθημεν
3558 4521 3730 4573 είπεῖν
3765 4535 3830 4569 πε
3841 4519 3895 4587 pl.
3916 4517 4176 4570 τοσούτου
4216 4519 4403 4585 πράγ-

1143 4618 1394 4673 acerbius
1433 4619 1500 4672 de
1549 4619 1707 4673 nobis
1756 4619 2013 4689 cogitent,
2051 4630 2186 4673 neve
2236 4615 2561 4673 temeritatis
2608 4630 2708 4671 nos
2736 4606 2790 4670 D
2816 4630 2930 4682 ματη

2615 4630 2708 4671 nos
2736 4606 2790 4670 Ῑ)
2816 4629 3009 4682 ματος,
3036 4612 3085 4663 οί
3119 4613 3219 4679 τὴν
3249 4610 3403 4678 ίσχὺν
3442 4609 3653 4679 ἀδρανῆ
3696 4606 4049 4676 κεκτημένοι.
4091 4606 4402 4673 Παραιτεῖ-

1143 4716 1424 4771 accusent,
1464 4708 1557 4775 qui
1598 4714 1750 4760 tanta
1782 4707 1850 4760 de
1880 4722 1937 4761 re
1972 4707 2351 4763 disserendum
2381 4708 2711 4777 cogitaveri-

1142 4815 1286 4862 mus,
1332 4814 1454 4851 cum
1493 4798 1637 4851 vires
1686 4798 1739 4851 in
1785 4798 1944 4853 nobis
1998 4814 2133 4852 sane
2168 4808 2359 4853 tenues
2399 4799 2549 4863 sint;
2586 4813 2709 4851 nam

1140 4899 1292 4944 recte
1327 4904 1427 4945 nos
1471 4898 1737 4944 excusant
1770 4904 1890 4959 qua:
1937 4890 2087 4959 prius
2126 4888 2386 4945 diximus.
2422 4888 2487 4943 Et
2512 4900 2711 4944 «πίοι-ο

1143 4983 1235 5049 qui
1270 4982 1394 5051 jure
1427 4981 1567 5036 facta
1602 4997 1632 5036 a
1664 4983 1821 5036 nobis
1846 4983 1985 5036 hanc
2013 4983 2420 5037 excusationem
2454 4982 2707 5037 arbitror.

1142 5074 1354 5128 Etenim
1408 5072 1642 5142 primum
1690 5076 1741 5126 id
1774 5075 1916 5143 quod
1957 5074 2220 5142 compulit
2267 5088 2368 5129 nos
2400 5083 2459 5128 ut.
2504 5073 2557 5127 in
2610 5074 2713 5127 hoe

1144 5166 1369 5235 pelagus
1400 5175 1616 5219 uosmet
1646 5166 2085 5231 immittcrcmus,
2107 5181 2262 5221 acres
2293 5166 2359 5220 ad
2388 5168 2713 5235 persuaden-

1146 5260 1274 5309 dum
1310 5258 1450 5309 vires
1492 5256 1679 5320 habet,
1727 5265 1786 5309 ut
1820 5258 2079 5312 audacter
2112 5273 2226 5312 rem
2272 5260 2709 5327 aggrederemur,

1144 5359 1200 5401 et
1231 5363 1446 5402 onmem
1477 5348 1717 5401 laborem
1757 5359 1919 5417 atque
1950 5350 2243 5417 periculum
2277 5365 2373 5418 pro
2400 5351 2499 5404 levi
2534 5366 2597 5404 ac
2629 5358 2712 5404 to-

1144 5441 1355 5495 lerabili
1396 5442 1735 5496 duceremus.
1770 5442 1920 5496 Fecit
1950 5442 2095 5497 enim
2135 5443 2238 5495 hoc.
2262 5459 2413 5497 amor
2443 5444 2558 5506 lilii,
2596 5454 2708 5497 tum

1145 5534 1348 5585 virtute
1373 5532 1704 5599 praestantis.
1731 5542 1841 5587 tum
1871 5534 2144 5603 sceptrum
2172 5534 2224 5588 in
2253 5536 2501 5588 manibus
2525 5549 2714 5604 geren-

1148 5627 1239 5681 tis.
1274 5625 1480 5681 Deinde
1512 5626 1972 5681 considerandum
2009 5626 2111 5682 hoc
2141 5642 2358 5696 quoque
2398 5630 2563 5682 venit.
2596 5626 2710 5679 Non

1144 5720 1287 5771 enim
1312 5719 1692 5772 ostentationis
1722 5734 1883 5773 causa
1916 5726 2187 5774 certamen
2219 5720 2319 5773 hoc
2346 5719 2710 5788 suscepimus,

1146 5822 1249 5860 nec
1271 5820 1333 5861 eo
1358 5809 1734 5875 spcctahamus
1760 5810 1823 5861 ah
1853 5809 2034 5875 initio,
2067 5811 2210 5879 quod
2235 5808 2585 5862 admirationi
2617 5822 2711 5860 no-

1147 5897 1237 5952 bis
1271 5910 1413 5955 esset
1444 5899 1720 5954 humilitas
1756 5902 1885 5971 (non
1916 5901 2062 5955 enim
2095 5916 2155 5955 ea
2196 5901 2398 5956 nostris
2440 5899 2703 5954 laudatio-

2810 4721 2903 4758 ται
2930 4704 3039 4772 γὰρ
3080 4702 3258 4765 καλῶς
3299 4703 3368 4755 τὰ
3391 4701 3799 4772 προειρημέναιι
3859 4698 3967 4752 Καὶ
3996 4696 4172 4771 ἄλλως
4210 4696 4275 4749 δὲ
4309 4699 4402 4749 σὺν

2811 4796 2889 4867 τῷ
2911 4796 3105 4860 δικαίῳ
3136 4795 3234 4866 τὴν
3264 4797 3379 4848 νυνὶ
3409 4793 3749 4863 παραίτησιν
3774 4788 4104 4860 γεγενῆσθαί
4135 4806 4246 4856 μοι
4274 4790 4401 4858 ψαί-

2812 4904 2985 4943 νεται.
3054 4885 3279 4957 Πρῶτον
3328 4884 3428 4954 μέν
3461 4884 3572 4952 γὰρ
3624 4882 3685 4934 τὸ
3741 4880 4041 4933 συνελάσαν
4104 4879 4273 4947 ἡμᾶς
4329 4880 4403 4937 ei;

2814 4981 2961 5035 τοῦτ’
2989 4982 3212 5049 ἀφεῖναι
3244 4979 3305 5030 τὸ
3337 4976 3574 5044 πέλαγος
3598 4975 3769 5028 δεινόν
3802 4990 3853 5025 τι
3904 4973 4114 5025 πείθειν
4156 4973 4400 5040 τολμᾷν,

2813 5076 2910 5127 καὶ
2941 5074 3119 5127 πάντα
3143 5072 3305 5124 πόνον
3334 5071 3430 5123 καὶ
3464 5068 3710 5121 κίνδυνον
3737 5066 3942 5133 κοῦφον
3989 5063 4267 5131 ἡγεῖσθαι
4309 5062 4398 5115 τισὶ

2815 5166 3097 5235 φορητόν·
3171 5163 3361 5224 παιδὸς
3390 5163 3499 5230 γὰρ
3563 5160 3807 5229 φίλτρον,
3862 5158 3959 5209 καὶ
4001 5153 4249 5221 ἀγαθοῦ,
4312 5156 4399 5206 καὶ

2816 5258 3095 5327 σκῆπτρον
3134 5256 3351 5325 ἔχοντος
3380 5258 3434 5307 ἐν
3463 5256 3643 5323 χεροῖν
3671 5269 3685 5285 ·
3734 5251 3927 5303 ἔπειτα
3960 5249 4052 5303 καὶ
4079 5246 4257 5300 τοῦτο
4288 5264 4402 5299 σκο-

2816 5351 2938 5401 πεῖν
2970 5348 3070 5402 δεῖ.
3096 5348 3171 5401 Οὑ
3206 5348 3311 5416 γὰρ
3343 5346 3407 5413 δὴ
3434 5346 3556 5397 κατ’
3591 5343 3853 5408 ἐπίδειξιν
3874 5342 4008 5411 πρὸς
4032 5344 4265 5395 τουτονὶ
4321 5344 4397 5393 εἰν

2815 5438 2978 5494 ἆθλον
3007 5439 3424 5503 ἀπεδυσάμεθα,
3457 5438 3577 5490 οὐδέ
3640 5437 3703 5489 τὸ
3749 5436 4031 5505 θαυμάσαι
4062 5434 4162 5501 τὴν
4209 5450 4397 5486 ται-γει-

2816 5529 3156 5599 νοφροσύνην
3185 5529 3359 5590 οὕτως
3399 5527 3586 5587 ἁπλῶς
3615 5526 3857 5585 ὁσκοπὺς
3888 5527 4022 5593 ἡμῖν
4053 5523 4303 5592 ἐξαρχῆς
4334 5520 4395 5591 ἦν

2817 5622 2953 5679 (οὐδὲ
2983 5621 3092 5689 γὰρ
3117 5619 3289 5671 δεῖται
3312 5618 3419 5669 τῶν
3441 5616 3570 5685 παρ’
3605 5615 3763 5685 ήμῶν
3784 5616 4021 5667 ἐπαίνων
4050 5614 4246 5684 ἐκείνη
4286 5616 4387 5680 γε)’

2816 5714 2931 5765 ἀλλ’
2968 5714 3116 5774 ὅπως
3150 5712 3286 5779 αὕτη
3331 5711 3544 5777 γένοιτο
3593 5708 3669 5778 τῷ
3709 5708 3863 5760 παιδὶ
3915 5707 4067 5775 φίλη,
4118 5708 4390 5767 καλλίστη

2815 5802 2987 5869 τούτῳ
3024 5803 3254 5870 φανεῖσα
3286 5815 3300 5829 ⁸
3330 5800 3425 5851 καὶ
3453 5797 3685 5867 ζητηθῇ,
3729 5798 3816 5849 διὰ
3842 5798 3903 5849 τὸ
3936 5796 4223 5864 φιλεῖσθαι
4258 5814 4270 5825 ·
4305 5796 4389 5846 tul.

2820 5893 3017 5965 εὑρεθῇ
3046 5910 3147 5945 που
3181 5892 3397 5955 πάντως
3429 5891 3599 5962 αὐτῷ,
3629 5890 3933 5952 σπουδαίως
3974 5889 4188 5957 ταύτην
4228 5890 4387 5959 lxxiii-
