4526 6514
175 532 277 593 533

1538 538 1825 598 ORATIO
1864 536 1999 600 VII.

3308 542 3421 605 ’534

171 658 285 694 οντι
361 644 454 697 καὶ
482 644 724 712 ήκτῆσίς
751 660 811 711 γε
841 646 1011 713 αὑτῆς
1063 647 1325 715 χαρίεσσά
1374 664 1459 710 τις
1521 648 1748 715 γένηται
1780 657 1823 709 Α
1858 648 1958 700 ηἱίι

1632 666 1748 715 ηται
1780 657 1823 709 Α
1858 648 2019 700 nibus
2054 648 2299 718 indiget),
2336 649 2428 703 sed
2461 658 2515 703 ut
2564 652 2672 704 lilio
2720 653 2883 706 chara
2926 655 3036 716 tiat,
3071 655 3180 706 visa
3217 669 3263 707 et
3306 655 3419 719 pul-

174 735 272 785 καὶ
304 737 496 804 ἡδίστη
525 738 611 789 διὰ
640 740 738 807 τὴν
777 740 916 806 μετὰ
945 741 1186 807 σπουδῆς
1221 741 1489 809 ζήτησιν
1523 744 1613 794 καὶ
1648 762 1751 811 φυ-

173 825 347 894 λαχθῇ
378 828 679 895 φιλοπόνως
712 830 819 882 τῶν
843 832 1152 900 εἰρημένων
1181 832 1344 884 ἕνεκα
1382 834 1616 887 πάντων.
1644 832 1751 885 Τοῦ

176 915 287 984 γὰρ
317 917 392 976 ὼς
440 917 630 986 ἔτυχεν
690 919 1008 988 εὑρεθέντος
1038 923 1158 974 οὑδὲ
1214 923 1349 976 πολὺ
1389 942 1438 975 τι
1498 924 1750 992 δάκνονῆ

175 1004 427 1075 λυπηρὸν
455 1010 486 1074 ἡ
525 1010 783 1078 στέρησις
829 1012 1176 1078 καθίσταται,
1200 1017 1247 1066 εἰ
1294 1016 1387 1069 καὶ
1419 1016 1554 1082 ταχῦ
1591 1033 1754 1085 μετα-

182 1097 365 1165 σταίη,
391 1099 500 1164 ὅγε
536 1100 632 1153 καὶ
664 1102 876 1170 συχνῶς
906 1102 1053 1168 φιλεῖ
1089 1104 1394 1171 γίγνεσθαι.
1437 1105 1556 1159 Κᾶν
1693 1108 1753 1158 τὸ

180 1191 367 1258 κτῆμα
420 1196 816 1262 πνευματικὸν,
848 1197 1056 1265 πτηνοῦ
1106 1215 1251 1259 τινος
1292 1199 1448 1266 δίκην
1494 1201 1753 1263 πολλάκις

179 1283 481 1351 ἀφίπταται
514 1287 611 1352 τῆς
634 1288 837 1356 ψυχῆς,
867 1292 959 1343 καὶ
987 1291 1107 1343 οὐδὲ
1142 1292 1456 1345 αἰσθάνεται
1487 1298 1513 1346 ὀ
1543 1296 1616 1363 μὴ
1656 1297 1753 1347 σὺν

181 1374 333 1442 πόθῳ
362 1378 727 1444 κτησάμενος,
756 1381 933 1433 δεινόν
962 1399 1013 1433 τι
1053 1381 1363 1442 πεπονθώς.
1419 1382 1517 1449 Εἴη
1561 1384 1615 1434 δέ
1672 1400 1752 1435 σοι

178 1465 259 1533 τῷ
289 1468 533 1537 φιλτάτῳ
555 1472 695 1522 κατὰ
720 1471 817 1533 τὰς
841 1472 1067 1533 ἐλπίδας
1092 1473 1323 1540 ἐκϐῆναι
1350 1472 1417 1525 τὰ
1451 1474 1581 1542 παρ’
1599 1460 1753 1541 ήμῶν

178 1560 470 1627 εἰρημένα.
505 1564 613 1614 Καὶ
643 1566 690 1614 εξ
719 1564 977 1632 δόξαιμεν
1003 1568 1164 1635 ἡμεῖς
1198 1568 1335 1635 μήτε
1366 1568 1431 1617 τὰ
1457 1564 1640 1616 δέοντα
1669 1566 1755 1616 εὑ-

182 1653 406 1721 ρηκέναι
445 1655 573 1723 περὶ
606 1657 836 1724 ταυτησὶ
858 1657 961 1725 τῆς
1017 1657 1147 1727 ὕλης
1209 1660 1407 1716 εἰπεῖν,
1446 1657 1578 1725 μήτε
1648 1658 1754 1725 μὲν

177 1746 248 1797 τὰ
288 1747 583 1815 εὑρεθέντα
634 1750 817 1812 καλῶς
866 1752 1106 1819 ἁρμόσαι
1156 1753 1291 1820 πρὸς
1340 1751 1565 1818 ἄλληλα,
1620 1754 1753 1819 μήτε

180 1841 461 1906 εἰρηκέναι
482 1842 654 1894 ταῦτα
692 1845 786 1897 σὺν
818 1846 1034 1913 κόσμῳ,
1077 1845 1219 1897 ὥστε
1249 1847 1577 1915 ἐρρωμένως
1611 1844 1754 1912 ἔχειν

182 1930 269 1994 ἐφ’
293 1925 373 1991 οἷς
395 1932 545 1983 πόλλ’
576 1934 827 2002 ἐμόγησα
895 1936 1216 2004 Ὁμηρικῶς
1252 1939 1424 1990 εἰπεῖν
1458 1954 1468 1964 ·
1497 1937 1558 1989 οὑ
1597 1939 1752 2005 μόνον

184 2023 377 2090 πράως
408 2026 649 2094 οἴσομεν,
682 2028 817 2080 ἀλλὰ
841 2028 935 2081 καὶ
970 2032 1128 2099 χάριν
1158 2031 1441 2098 ἀνοίσομεν
1464 2030 1539 2098 τῷ
1573 2031 1754 2083 τοιαῦ-

181 2129 284 2179 την
318 2114 569 2168 δεδωκότι
603 2134 683 2169 σοι
744 2120 927 2189 χάριν,
983 2122 1058 2183 ὼς
1114 2122 1442 2189 ὠφελεῖσθαι
1494 2121 1752 2176 δύνασθαι

182 2208 541 2275 πανταχόθεν,
576 2212 669 2262 καὶ
707 2206 786 2275 οἷς
819 2213 917 2265 οὑκ
943 2214 1008 2265 ἂν
1038 2213 1243 2284 ἕτερος.
1265 2215 1426 2283 Ἥμῖν
1459 2216 1503 2268 δ’
1524 2216 1753 2269 ἐνταῦθα

180 2301 499 2367 γενομένοις
538 2304 629 2357 τοῦ
669 2305 828 2371 λόγου
871 2308 1024 2370 ὄκνος
1067 2325 1151 2371 τις
1202 2310 1493 2379 ἐπέρχεται
1542 2312 1755 2380 θαυμα-

184 2392 333 2455 στὸς,
369 2397 462 2446 καὶ
488 2398 776 2468 ἁποπηδᾷν
802 2403 1063 2468 παραινεῖ
1088 2404 1168 2462 είς
1213 2404 1312 2472 τὴν
1361 2404 1632 2474 ἡμετέραν
1660 2405 1754 2456 αὑ-

180 2487 293 2539 τῶν
322 2488 547 2558 δύναμιν
574 2493 840 2561 ἀφορῶσι,
870 2498 966 2547 καὶ
993 2497 1052 2548 τὸ
1081 2497 1174 2548 τοῦ
1212 2499 1541 2567 πράγματος
1592 2498 1755 2565 μέγεο

183 2580 298 2641 Οος.
369 2582 632 2636 Ἐνταῦθα
672 2587 779 2654 γὰρ
826 2587 885 2639 τὸ
951 2588 1209 2657 δυσχερὲς
1252 2591 1395 2643 οὕτω
1434 2591 1603 2643 νικῶν
1640 2595 1754 2644 ἐστι

185 2671 309 2739 μεθ’
339 2674 668 2742 ὑπερϐολῆς,
702 2677 777 2736 ὡς
806 2679 959 2731 οὐδὲν
990 2679 1201 2748 ἕτερον.
1234 2680 1363 2734 Λὺει
1392 2698 1449 2734 τε
1473 2683 1581 2750 γὰρ
1605 2682 1754 2733 τόνον

180 2764 384 2833 ψυχῆς,
418 2768 508 2817 καὶ
532 2773 718 2836 χαυνοῖ
747 2771 869 2831 τοὺς
894 2771 1211 2840 λογισμοὺς,
1245 2774 1337 2826 καὶ
1366 2774 1462 2845 τὴν
1517 2775 1753 2829 διάνοιαν

182 2855 407 2908 ξκλυτον
464 2860 777 2927 ἀποφαίνει.
822 2862 918 2923 Τίς
966 2863 1075 2933 γὰρ
1138 2864 1281 2916 οὑτω
1342 2868 1472 2928 παῖς
1522 2866 1751 2939 ὲστιν,ἢ

184 2947 378 3016 πόρρω
438 2967 539 3003 που
587 2952 679 3003 τοῦ
742 2953 950 3013 δέοντος
1000 2956 1106 3007 ὑπὸ
1157 2956 1389 3023 θράσους
1445 2959 1751 3013 ἀκαθέκτου

183 3042 550 3107 παρασυρεῖς,
588 3040 889 3103 ὼςοῖεσθαι
938 3043 1191 3109 γλῶτταν
1241 3046 1428 3111 γήϊνον
1484 3046 1561 3107 είς
1621 3045 1753 3111 ὕψος

180 3130 555 3198 ἀναϐήσεσθαι
580 3134 678 3199 τῆς
701 3133 1211 3205 ταπεινοφροσὺνης
1243 3137 1342 3201 ;Τί
1372 3137 1427 3188 δὲ
1461 3138 1552 3189 καὶ
1583 3136 1753 3189 εἰπὼν

182 3227 314 3290 περὶ
346 3225 549 3293 ταύτης
584 3226 729 3278 οὕτω
758 3228 1210 3297 μεγαλοπρεποῦς
1242 3227 1431 3296 οὔσης,
1454 3229 1621 3297 ἐγγύς
1649 3248 1749 3282 mu

1857 742 2127 794 cherrima
2158 751 2249 805 ;et
2277 751 2568 811 quaeratur,
2605 746 2857 812 quoniam
2892 748 3055 799 chara
3092 746 3198 810 sit;
3229 754 3281 798 et
3307 758 3422 796 om»

1860 831 1987 884 nino
2017 832 2322 885 inveniatur
2354 834 2420 887 ab
2459 850 2546 899 eo,
2572 837 2817 890 studiose
2846 836 2983 891 hanc
3014 838 3303 905 indagante
3330 857 3342 901 ;
3370 851 3425 890 et

1857 922 2119 989 acquisito
2148 924 2265 991 ejus
2292 935 2438 991 grata
2464 926 2533 979 sit
2564 936 2616 980 et
2645 926 3063 995 iucundissima,
3097 939 3316 998 propter
3346 934 3422 983 itt-

1857 1019 2209 1087 dagationem
2260 1020 2557 1074 studiosam
2589 1041 2600 1085 ;
2649 1032 2703 1075 et
2738 1020 3025 1090 diligenter
3058 1024 3419 1088 custodiatur,

1856 1122 2078 1179 propter
2109 1111 2288 1164 omnia
2315 1128 2457 1167 ttunc
2480 1115 2738 1168 indicata.
2763 1113 2895 1167 Nam
2927 1114 3042 1182 ejus
3068 1117 3207 1175 quod
3234 1117 3424 1169 inven-

1858 1212 1970 1255 tum
2019 1214 2105 1256 est
2159 1202 2407 1267 fortuito,
2462 1221 2568 1259 non
2611 1207 2899 1260 admodum
2943 1208 3165 1260 mordax
3206 1218 3291 1260 est
3331 1215 3424 1260 aut

1864 1294 2090 1347 molesta
2129 1295 2382 1362 privatio,
2427 1297 2640 1350 tametsi
2679 1298 2929 1351 celeriter
2963 1297 3246 1351 amittatur
3281 1298 3422 1364 quod

1859 1401 1991 1439 sane
2028 1386 2342 1449 frequenter
2394 1387 2510 1442 ﬁeri
2546 1388 2706 1442 solet.
2745 1390 2819 1441 Ac
2854 1389 3117 1456 siquidem
3150 1403 3235 1442 res
3261 1389 3423 1455 spiri-

1858 1477 2017 1530 tualis
2050 1476 2230 1541 fuerit,
2279 1478 2394 1532 avis
2425 1479 2597 1533 instar
2637 1494 2701 1533 ex
2755 1478 2938 1535 animo
2973 1480 3166 1546 smpius
3200 1479 3378 1532 avolat
3407 1498 3418 1540 ;

1857 1568 2052 1636 quique
2080 1583 2185 1622 non
2221 1583 2338 1621 eam
2367 1585 2487 1622 eum
2516 1569 2787 1624 desiderio
2817 1571 3172 1638 comparavit,
3204 1584 3271 1623 ne
3299 1585 3422 1622 sen-

1860 1660 1923 1710 tit
1947 1658 2162 1726 quidem
2191 1660 2390 1726 aliquid
2418 1676 2583 1729 grave
2613 1662 2714 1714 sibi
2748 1662 3034 1716 accidisse.
3067 1660 3205 1728 Opto
3241 1670 3420 1713 autem

1857 1758 1913 1800 ut
1958 1749 2052 1802 tibi
2097 1750 2253 1817 lange
2286 1751 2416 1803 mihi
2455 1752 2798 1814 charissima,
2841 1767 2901 1804 ex
2937 1752 3103 1805 animi
3138 1764 3260 1805 voto
3295 1766 3421 1805 eve-

1858 1840 2007 1892 niant
2043 1856 2159 1908 qua:
2195 1856 2223 1894 a
2270 1842 2424 1894 nobis
2476 1842 2620 1895 dicta
2658 1852 2802 1896 sunt.
2852 1841 2958 1895 Nos
3000 1844 3216 1910 quidem
3248 1844 3289 1895 sl
3322 1859 3424 1896 nec

1858 1931 2133 1984 invenisse
2180 1930 2485 1985 videbimur
2516 1947 2634 2001 qua-
2666 1934 2730 1987 de
2772 1933 2873 1987 hac
2913 1934 3140 1987 materia
3190 1934 3291 1987 dici
3326 1948 3425 2001 par

1856 2032 1997 2086 erat,
2034 2038 2132 2077 nec
2168 2024 2385 2077 inventa
2429 2035 2576 2079 recte
2608 2036 3046 2094 coagmentasse,
3075 2042 3175 2080 nec
3210 2041 3272 2080 ea
3299 2044 3423 2079 cum

1858 2116 2118 2181 dignitate
2149 2117 2628 2186 concinnitateque
2658 2119 3005 2186 exposuisse,
3041 2120 3209 2172 rolmr
3240 2130 3297 2172 ut
3328 2119 3424 2171 ali-

1856 2204 1985 2272 quid
2025 2206 2261 2261 habeant
2310 2207 2541 2272 scilicet,
2593 2209 2645 2262 in
2683 2211 2880 2278 quibus
2914 2212 3161 2279 equidem
3197 2210 3421 2263 multum

1858 2298 2121 2362 laboravi,
2166 2311 2225 2352 ut
2264 2298 2553 2357 llomcrico
2586 2302 2750 2356 verbo
2799 2312 3014 2356 utamur
3052 2321 3064 2356 :
3104 2320 3208 2357 non
3248 2302 3422 2358 solum

1859 2391 1912 2443 id
1943 2392 2224 2445 commode
2260 2392 2520 2457 feremus,
2545 2410 2730 2450 verum
2761 2397 2923 2449 etiam
2958 2397 3032 2450 illi
3072 2397 3301 2466 gratiam
3332 2398 3426 2449 ha-

1859 2482 2130 2548 bebimus,
2164 2485 2253 2551 qui
2283 2485 2442 2539 talem
2483 2487 2579 2540 tibi
2612 2487 2885 2541 concessit
2916 2490 3165 2557 gratiam,
3194 2498 3250 2541 ut
3277 2502 3425 2541 eruo-

1860 2574 2157 2628 lumentum
2202 2576 2362 2630 rebus
2409 2592 2469 2631 ex
2514 2579 2762 2631 omnibus
2796 2594 2992 2645 capere
3031 2580 3231 2646 possis,
3281 2588 3333 2631 et
3362 2580 3426 2629 iis

1856 2669 2072 2737 quidem
2111 2670 2251 2723 unde
2281 2670 2411 2723 nihil
2441 2671 2529 2725 alii
2563 2671 2771 2725 fructus
2804 2674 3118 2729 accesserit.
3149 2672 3423 2728 Caeterum

1860 2762 2164 2830 progressis
2195 2763 2348 2816 nobis
2370 2764 2434 2816 ad
2469 2764 2607 2817 hanc
2637 2766 2902 2820 orationis
2930 2776 3159 2834 partem,
3196 2766 3428 2820 formido

1857 2858 2100 2924 quaedam
2129 2854 2465 2911 admirabilis
2492 2873 2551 2912 se
2573 2857 2754 2923 olIert,
2782 2859 3043 2927 quasique
3075 2858 3425 2913 resiliendum

1856 2948 1924 3002 ab
1947 2949 2197 3002 instituto
2230 2959 2438 3015 monet,
2472 2951 2740 3019 siquidem
2773 2961 2828 3004 et
2858 2953 3000 3005 vires
3032 2963 3246 3005 nostras
3272 2961 3320 3005 et
3349 2950 3428 3001 rei

1863 3043 2288 3109 magnitudinem
2327 3053 2572 3109 spectare
2599 3043 2851 3111 velimus.
2884 3042 3090 3112 Quippe
3123 3053 3268 3096 tanta
3294 3042 3432 3095 dil'li-

1857 3130 2031 3184 cultas
2067 3130 2155 3184 hic
2188 3132 2485 3199 nimiopere
2520 3143 2711 3198 regnat
2752 3144 2954 3201 quanta
2982 3134 3065 3186 vix
3098 3132 3202 3186 alia
3241 3133 3425 3185 fuerit.

1857 3222 1990 3276 Nam
2030 3234 2083 3277 et
2130 3223 2295 3277 animi
2327 3228 2729 3279 contentionem
2766 3226 2929 3289 laxat,
2981 3236 3035 3279 et
3070 3225 3431 3294 cogitationes

178 3317 281 3368 τοῦ
311 3320 681 3387 προσήκοντος
712 3322 997 3391 εἰρηκέναι
1018 3313 1160 3387 δόξει
1186 3340 1201 3386 ;
1257 3323 1421 3376 Οὐδὲν
1458 3325 1565 3395 γὰρ
1600 3321 1755 3393 οἶμαι
1786 3314 1830 3375 C
1866 3316 1965 3369 ira!

1642 3322 1755 3393 ῗμαι
1786 3314 1830 3375 C
1866 3316 2087 3383 frangit,
2124 3326 2179 3369 et
2230 3327 2465 3372 mentem
2516 3318 2823 3387 languidam
2878 3318 3080 3372 reddit.
3111 3318 3243 3383 Quis
3284 3321 3429 3371 enim

184 3415 409 3479 σεμνὸν,
444 3414 475 3482 ἢ
505 3416 668 3483 μέγα,
699 3417 731 3486 ἢ
768 3417 1041 3487 λαμπρὸν,
1084 3419 1202 3485 μεθ’
1231 3420 1359 3488 ὅσης
1411 3418 1634 3470 δύναταί
1676 3436 1757 3480 τις

179 3506 493 3572 ὑπερόο).ἦς
533 3510 730 3571 εἰπεῖν,
755 3508 782 3560 ὃ
818 3509 892 3579 μὴ
915 3509 980 3561 ἂν
1008 3512 1146 3579 πρὸς
1173 3511 1489 3562 τούναντίον
1527 3512 1755 3579 περιστῇ

176 3597 262 3666 τῷ
292 3598 820 3668 βουλ.ομένῳταὺτην
840 3604 1089 3669 κοσμεῖν,
1120 3602 1215 3670 τὴν
1244 3602 1451 3671 ἀέριον,
1480 3601 1579 3667 τὴν
1609 3603 1757 3654 αἰθέ-

179 3707 327 3758 ριον,
362 3690 460 3758 τὴν
489 3691 762 3758 οὐράνιον,
796 3692 895 3758 τὴν
937 3693 1358 3761 ὑπερουράνιον,
1400 3695 1499 3760 τὴν
1543 3696 1598 3744 ὲν
1650 3690 1759 3757 τοῖς

175 3781 407 3842 κόλποις
448 3780 542 3833 τοῦ
587 3783 798 3849 Πατρὶς
825 3783 921 3834 νῦν
945 3782 1223 3846 οίκοῦσαν,
1274 3783 1431 3851 εἰπερ
1488 3787 1515 3837 ὁ
1571 3785 1759 3855 Σωτὴρ

174 3876 339 3941 ἡμῖν,
389 3875 415 3924 ό
458 3873 727 3942 θησαυρὸς
785 3875 1000 3943 ἐκείνης
1063 3876 1302 3944 ἁπάσης,
1366 3876 1757 3946 ὑπερουράνιος

178 3965 427 4035 ἀληθῶς,
462 3967 556 4017 καὶ
583 3967 638 4017 ἐν
662 3968 773 4027 τοῖς
799 3967 895 4019 τοῦ
929 3968 1142 4037 Πατρός
1172 3968 1289 4019 ἐστι
1323 3968 1566 4029 κόλποις.
1603 3969 1758 4021 Ἐστι

177 4060 293 4129 γὰρ
338 4061 486 4110 πᾶσα
532 4059 767 4127 ἀνάγκη,
798 4060 1043 4130 ὅπουπερ
1075 4060 1141 4112 ἂν
1170 4061 1198 4111 ὁ
1226 4061 1460 4128 Χριστὸς
1493 4060 1599 4130 εἴη,
1642 4063 1761 4113 ἐκεῖ

176 4154 279 4201 καὶ
304 4149 515 4218 ταύτην
540 4145 681 4202 εἶναι
712 4150 1000 4219 διηνεκῶς.
1037 4151 1144 4202 Καὶ
1166 4146 1235 4219 ἦν
1275 4151 1469 4219 ἀμέλει
1501 4153 1558 4202 ὲν
1611 4151 1761 4221 αὑτῷ

174 4248 205 4294 ὁ
238 4242 452 4310 ταύτης
478 4242 614 4309 ἔρως
662 4242 959 4309 ὑπερφυῶς
1006 4243 1098 4295 καὶ
1144 4241 1247 4310 πρὸ
1294 4241 1390 4294 τοῦ
1442 4238 1565 4295 καθ’
1613 4244 1761 4312 ἡμᾶς

177 4338 395 4388 ἐκεῖνον
423 4333 696 4401 γενέσθαι.
736 4334 796 4386 Εἰ
823 4334 900 4402 μὴ
934 4334 1041 4402 γὰρ
1074 4332 1233 4386 τοῦτο
1282 4333 1501 4404 ἀληθὲς,
1549 4335 1648 4388 οὑκ
1696 4335 1761 4387 ἂν

178 4429 351 4489 αὑτὸς
377 4428 510 4495 ἡμῖν
540 4425 850 4495 ἐπεδήμησε
884 4427 1025 4494 μετὰ
1049 4427 1145 4493 τῆς
1172 4427 1395 4495 σαρκὸς,
1437 4426 1628 4488 κλίνας
1663 4427 1762 4496 μὲν

176 4516 315 4577 τοὺς
344 4514 811 4583 οὑρανοὺς,κατὰ
869 4513 959 4565 τὸν
1017 4515 1325 4584 προφήτην,
1389 4516 1656 4585 μηδαμῶς
1705 4517 1760 4567 δὲ

1865 3410 1997 3462 adeo
2027 3423 2159 3476 puer
2178 3418 2281 3473 est,
2306 3409 2383 3463 vel
2405 3408 2590 3463 elTreni
2610 3413 2840 3479 quadam
2866 3411 3090 3464 audacia
3117 3421 3222 3464 tam
3246 3412 3433 3477 procul

1863 3511 2015 3554 extra
2053 3503 2236 3556 decori
2264 3502 2462 3557 limites
2494 3503 2770 3570 abreptus,
2805 3512 2863 3558 ut
2891 3504 3130 3574 linguam
3156 3512 3432 3557 terrenam

1862 3592 1928 3645 ad
1975 3592 2295 3646 humilitatis
2335 3593 2721 3647 sublimitatem
2756 3608 3183 3648 conscensuram
3224 3593 3429 3661 putet?

1862 3684 2116 3753 quidnam
2142 3685 2206 3738 dc
2231 3684 2328 3738 hac
2355 3686 2405 3738 in
2435 3687 2672 3739 medium
2706 3688 3006 3753 proterens,
3027 3702 3143 3753 quae
3166 3701 3297 3739 sane
3323 3698 3429 3738 tam

1865 3776 2148 3845 magniﬁca
2167 3786 2349 3840 δεμες
2370 3779 2631 3847 dignitate
2651 3778 2854 3832 dixisse
2871 3780 3135 3832 videbitur
3156 3778 3177 3830 ?
3195 3778 3324 3831 Nam
3353 3780 3436 3831 tti-

1864 3867 1959 3929 hil,
1988 3868 2201 3935 opinor,
2233 3876 2338 3922 tam
2374 3880 2683 3938 augustum,
2722 3870 2801 3923 vel
2833 3886 3114 3939 magnum,
3146 3870 3229 3924 vel
3254 3870 3434 3939 splen-

1865 3961 2045 4014 didunt
2092 3962 2187 4015 abs
2223 3977 2493 4030 quoquam
2531 3963 2635 4016 dici
2686 3973 2885 4031 potest,
2935 3963 3080 4031 quod
3120 3964 3169 4016 in
3206 3974 3433 4016 eontra-

1866 4052 2004 4105 rium
2039 4068 2144 4106 non
2195 4055 2351 4107 cadat
2382 4055 2430 4107 ei
2473 4054 2562 4122 qui
2595 4054 2737 4107 hanc
2787 4068 2985 4108 ornare
3018 4055 3169 4119 velit,
3206 4056 3432 4118 aeriam,

1865 4145 2169 4209 aetheriam,
2209 4146 2513 4211 caelestem,
2547 4147 2777 4201 ultracua
2802 4157 2995 4212 estem,
3023 4148 3074 4200 in
3104 4150 3226 4201 sinu
3257 4148 3436 4201 Patris

1868 4254 2015 4291 nune
2039 4238 2372 4292 habitantem
2410 4257 2423 4293 :
2456 4239 2722 4308 siquidem
2751 4242 2931 4295 omnis
2964 4242 3288 4295 humilitatis
3320 4242 3437 4295 the-

1867 4344 2082 4393 saurus,
2127 4330 2387 4385 Servatur
2420 4331 2509 4385 ille
2556 4342 2763 4397 noster,
2815 4348 3000 4387 revera
3048 4334 3438 4389 ultracoelestis

1865 4433 1973 4488 est,
2016 4422 2149 4478 etin
2188 4425 2309 4479 sinu
2338 4423 2517 4479 Patris
2545 4434 2938 4480 commoratur.
2976 4426 3185 4495 Quippe
3214 4441 3437 4481 necesse

1865 4524 1952 4570 est
1989 4516 2211 4570 omnino
2262 4526 2320 4569 ut
2355 4517 2665 4585 ubicunque
2702 4517 2954 4572 Christus
2987 4529 3090 4583 est,
3144 4520 3339 4573 ibidem
3382 4530 3436 4571 et

176 4607 483 4677 χωρισθεὶς
510 4607 617 4659 τῶν
646 4605 929 4675 πατρικῶν
960 4607 1180 4660 κόλπων
1215 4623 1226 4635 ⁸
1263 4607 1375 4660 οὐδ’
1424 4606 1489 4660 ἂν
1517 4606 1759 4677 ὑπήνεγ·
1788 4636 1840 4695 D
1870 4605 1963 4657 [tati

1645 4625 1759 4673 νεγ-
1788 4636 1840 4695 D
1870 4605 1983 4659 haec
2013 4614 2272 4673 perpetuo
2307 4606 2396 4659 sit.
2429 4603 2492 4659 Et
2522 4616 2639 4661 erat
2678 4607 2842 4661 dubio
2871 4609 3056 4675 procul
3092 4609 3144 4661 iu
3180 4609 3297 4678 ipso
3331 4612 3432 4662 hu-

177 4717 281 4751 κεν
316 4699 457 4765 ὑπὲρ
487 4698 640 4765 ἡμῶν
670 4699 908 4759 ἅπαντα,
949 4698 984 4751 ἃ
1010 4700 1105 4752 καὶ
1131 4701 1243 4761 τοῖς
1284 4698 1496 4760 δούλοις
1558 4699 1618 4750 οὑ
1669 4715 1762 4766 φο·

178 4792 353 4861 ρητά.
386 4791 542 4843 Ὠσθ“
567 4792 704 4859 ὅπερ
736 4787 910 4854 εἷπον,
946 4791 1344 4861 ὑπερουράνιον
1387 4791 1763 4844 ἀποδέδεικται

176 4888 243 4936 τὸ
274 4883 466 4951 χρῆμα
496 4884 593 4950 τῆς
619 4880 1150 4951 ταπεινοφροσύνης.
1176 4882 1345 4951 Δῆλον
1398 4884 1452 4935 δὲ
1500 4884 1597 4937 καὶ
1642 4885 1762 4937 κατ’

177 4980 396 5031 ἐκεῖνον
424 4978 513 5028 τὸν
542 4976 741 5045 τρόπον
800 4975 974 5045 ’Υπὲρ
1005 4977 1113 5046 γὰρ
1152 4977 1276 5038 τοὺς
1312 4977 1578 5045 οὐρανοὺς
1630 4983 1763 5031 ἀνα-

176 5068 599 5136 εεϐηκυῖα,τδν
639 5068 1033 5136 ὑπερουράνιον
1092 5067 1165 5128 ὡς
1232 5069 1381 5137 ημᾶς
1432 5071 1714 5140 κατήγαγε
1745 5086 1758 5099 ·

178 5159 396 5231 μᾶλλον
425 5157 481 5210 δὲ
511 5158 660 5227 αὑτῷ
701 5157 1273 5228 συμπαρομαρτοῦσα,
1312 5159 1557 5230 ὅπουπερ
1611 5162 1759 5212 ἐκεῖ-

174 5266 295 5311 νος,
327 5246 574 5315 κάκείνη.
611 5246 777 5309 Εῖτις
828 5246 925 5315 μὲν
955 5242 1050 5298 οὖν
1096 5248 1419 5316 σκοπήσειεν
1489 5249 1755 5319 ἀκρισῶς,

175 5342 279 5394 καὶ
315 5338 423 5391 ἀπὸ
447 5340 553 5393 τῶν
584 5340 889 5409 προοιμίων
925 5339 1102 5392 αὑτῶν
1129 5341 1353 5410 εὑρήσει
1400 5339 1605 5409 ταύτην
1634 5342 1756 5411 ἥτις

172 5434 327 5493 ἐστὶ,
348 5434 444 5484 καὶ
477 5434 555 5494 είς
581 5434 702 5485 οἷαν
732 5433 793 5500 γέ
825 5449 944 5485 τινα
965 5433 1064 5502 τὴν
1090 5433 1365 5503 ὑπεροχὴν
1393 5433 1758 5502 ἀναϐέϐηκεν·

172 5526 351 5595 ⁴ἡμεῖς
398 5523 452 5575 δὲ
496 5525 834 5594 μακρότερον
858 5528 989 5593 περὶ
1020 5524 1190 5593 αὑτῆς
1224 5525 1324 5594 ἤδη
1373 5525 1641 5594 λέγωμεν,
1678 5526 1764 5578 ἵνα

172 5617 278 5668 καὶ
312 5614 401 5666 διὰ
427 5614 691 5667 πλειόνων
713 5615 881 5682 αὑτὴν
904 5616 1305 5684 κοσμήσαιμεν.
1336 5615 1410 5668 Τὸ
1432 5619 1532 5685 γὰρ
1551 5616 1760 5669 πλείοσι

176 5706 359 5775 (pava
384 5706 580 5773 μᾶλλον
608 5706 878 5773 φιλεῖσθαι
902 5705 1111 5758 δίκαιον
1140 5705 1340 5774 μᾶλλον
1378 5708 1468 5759 καὶ
1498 5707 1756 5773 φιλεῖτα·.

1862 4697 1952 4765 jus
1995 4711 2151 4749 amor
2184 4697 2416 4750 eximius
2449 4698 2613 4750 etiam
2664 4699 2976 4766 priusquam
3028 4700 3199 4753 nostri
3236 4701 3434 4754 similis

1866 4789 2042 4844 ﬁeret.
2065 4787 2198 4842 Nam
2225 4791 2270 4843 si
2300 4790 2503 4858 absque
2529 4791 2630 4845 hoc
2661 4791 2873 4857 fuisset,
2898 4793 2962 4845 ad
2992 4808 3091 4847 nos
3119 4808 3242 4850 cum
3268 4809 3436 4846 carne

1868 4894 1974 4931 non
2014 4879 2272 4945 venisset,
2305 4880 2583 4935 inclinatis
2612 4882 2824 4948 quidem
2858 4882 3032 4947 cmlis,
3068 4884 3143 4936 uti
3178 4893 3324 4937 vates
3354 4886 3427 4936 Io-

1867 4972 2071 5039 quitur,
2110 4982 2162 5024 at
2195 4970 2343 5024 tmllo
2376 4972 2535 5027 modo
2568 4975 2739 5040 patris
2770 4990 2798 5027 a
2836 4980 2956 5028 sinu
2988 4978 3228 5040 avulsus,
3262 4994 3435 5045 neque

1870 5078 1965 5129 pro
1992 5062 2149 5116 nobis
2185 5064 2365 5116 omnia
2392 5064 2724 5131 pertulisset,
2753 5066 2857 5121 nec
2876 5067 3161 5137 mancipiis
3192 5070 3430 5123 toleran-

1869 5155 1957 5207 da.
2000 5153 2119 5218 Quo
2168 5155 2226 5208 ﬁt
2265 5164 2321 5208 ut
2359 5156 2749 5222 humilitatem,
2800 5174 2898 5214 ceu
2936 5159 3142 5214 dictum
3179 5172 3279 5223 est,
3323 5176 3433 5213 rem

1868 5245 2147 5299 coelestem
2196 5260 2339 5314 esse,
2385 5248 2457 5301 sit
2502 5250 2973 5317 demonstratum;
3008 5253 3147 5320 quod
3196 5268 3326 5305 sane
3354 5256 3434 5305 τρι

1871 5340 1970 5391 hoc
2001 5339 2163 5391 etiam
2204 5340 2367 5394 modo
2406 5341 2749 5409 perspicuum
2788 5357 2892 5399 cst.
2926 5339 3058 5397 Nam
3090 5346 3254 5399 cados
3294 5346 3435 5413 ipsos

1867 5444 2243 5499 supergressa,
2278 5434 2415 5487 ultra
2442 5434 2719 5488 caelestem
2752 5435 2903 5488 illum
2938 5437 3004 5490 ad
3049 5451 3147 5491 nos
3175 5436 3431 5500 deduxit,

1866 5523 1946 5575 vel
1984 5523 2164 5591 potius
2209 5527 2480 5578 comitans
2526 5540 2671 5592 eum,
2719 5527 3031 5595 ubiCunque
3063 5528 3271 5582 scilicet
3321 5531 3434 5597 ipse

1861 5622 1965 5677 est,
1984 5613 2181 5666 ibidem
2205 5622 2258 5667 et
2281 5614 2418 5683 ipsa.
2439 5612 2589 5679 Quod
2610 5615 2654 5667 si
2682 5615 2803 5682 quis
2827 5626 3076 5669 accurate
3094 5632 3203 5668 rem
3224 5629 3434 5683 specta-

1873 5707 2032 5768 verit,
2071 5707 2139 5759 de
2168 5707 2299 5775 ipsis
2327 5707 2582 5767 exordiis.
2609 5724 2857 5774 quaenam
2899 5710 3009 5761 haec
3040 5708 3133 5765 sit.
3169 5710 3432 5770 inveniet,

175 5812 235 5855 cl
272 5798 495 5867 qualrm
535 5797 602 5850 ad
650 5799 998 5851 eminentiam
1034 5798 1361 5853 ascenderit.
1414 5797 1523 5852 Nos
1566 5809 1746 5851 autem
1792 5800 2053 5862 prolixius
2086 5802 2152 5853 de
2197 5816 2258 5853 ea
2294 5815 2435 5851 nunc
2482 5800 2838 5865 disseram-rs,
2869 5810 2926 5852 ut
2990 5801 3234 5868 pluribus
3307 5814 3427 5851 eam

176 5909 451 5950 ornemus
479 5913 491 5956 ;
528 5894 672 5961 quod
703 5894 846 5947 enim
874 5893 1119 5962 pluribus
1147 5902 1371 5961 apparet
1407 5893 1599 5947 merito
1641 5895 1991 5962 diligendum,
2042 5894 2212 5957 magis
2251 5893 2413 5947 etiam
2441 5894 2708 5962 diligitur.

257 5989 338 6041 Τὸ
373 5988 513 6041 θεῖον
548 5989 726 6042 τοένυν
759 5992 848 6042 καὶ
880 5990 1253 6061 πολυύμνητον
1274 5990 1457 6058 χρῆμα
1488 5990 1520 6059 ή
1562 6008 1748 6043 taxa:-

1935 5990 2220 6045 lluntilitas
2245 6006 2393 6059 ergo,
2427 5993 2665 6047 divinum
2697 5992 3258 6063 quiddammultisque
3293 5991 3425 6045 ccle~
