4526 6514
211 506 321 568 537

1582 506 1868 567 ORATIO
1908 506 2044 569 VII.

3330 506 3441 569 538

210 624 496 690 ἄπρακτον
528 621 657 675 αὐτὸ
688 621 859 693 δείξῃ.
894 620 1056 673 Ὥστε
1088 621 1117 689 ἡ
1150 618 1247 688 μὲν
1281 618 1507 689 ἔπαρσις
1537 621 1778 680 καὶτοὺς
1808 624 1848 679 Α
1884 629 1989 674 tam

1653 621 1778 680 τοὺς
1808 624 1848 679 Α
1884 629 1989 674 tam
2024 620 2230 675 reddat.
2261 620 2617 686 Quamobrem
2667 621 2827 676 elatio
2869 622 3011 693 ipsos
3030 621 3190 676 etiam
3220 622 3440 691 angelos

209 716 477 781 ἀγγέλους
507 715 770 787 ἀπόλλυσι
813 730 827 743 °
857 715 992 767 τὸδὲ
1023 714 1227 782 ταύτης
1265 712 1509 766 ἐναντίον
1570 716 1630 765 τὸ
1683 712 1779 777 μέ-

205 821 363 873 τριον
392 807 705 870 ἀναγκαίως
730 806 990 859 τάναντία
1014 804 1399 872 διαπράξεται,
1449 805 1544 856 καί
1570 807 1777 857 ἐπανα-

210 900 376 950 σώσει
407 897 534 959 τοὺς
568 896 891 967 ἀνθρώπους
920 897 997 965 τῷ
1031 896 1318 958 πλάσαντι,
1358 891 1435 949 ὧν
1467 898 1594 959 τοὺς
1643 911 1777 964 προ-

208 989 405 1052 γόνους
434 987 721 1040 άπὼλεσεν
767 989 799 1055 ἠ
840 987 1151 1049 ἐξεναντίας
1186 990 1250 1055 τῇ
1303 985 1777 1055 ταπεινοφροσύνῃ

209 1082 401 1133 κακία.
458 1079 717 1132 Ἰσοθεῖαν
749 1080 857 1147 γὰρ
880 1078 1300 1146 φαντασθέντες,
1326 1078 1650 1131 ἐκπίπτουσι
1679 1079 1776 1147 μὲν

208 1172 412 1223 ἐκεῖνοι
446 1171 541 1223 τοῦ
566 1170 896 1241 παραδείσου
937 1173 1030 1252 καὶ
1060 1169 1155 1223 τοῦ
1192 1170 1349 1232 Θεοῦ,
1379 1170 1440 1222 τδ
1469 1170 1523 1222 δέ
1556 1186 1619 1236 γε
1645 1169 1775 1221 τού⁸

207 1279 327 1323 τοις
356 1264 571 1332 συμϐὰν
597 1263 913 1324 ἀκολούθως
944 1268 1039 1316 καὶ
1093 1267 1205 1326 τοῖς
1232 1264 1290 1327 ἐξ
1317 1262 1497 1315 αὐτῶν
1530 1265 1777 1328 ἐπισυμ-

209 1356 388 1408 ϐαίνει
415 1357 622 1410 παισίν.
663 1356 805 1407 Ἀλλ’
844 1358 936 1409 ἐπὶ
966 1356 1165 1408 νύσσαν
1188 1357 1280 1408 τὸν
1310 1356 1508 1407 πῶλον.
1568 1355 1631 1405 ἸΙ
1665 1354 1775 1405 τοί-

207 1462 303 1496 νυν
333 1448 806 1515 ταπεινοφροσύνη
832 1450 926 1499 καὶ
955 1446 1056 1513 τῆς
1088 1446 1319 1508 Αἴαντος
1353 1446 1583 1507 ἀσπίδος
1617 1444 1776 1511 ἀμεί-

207 1552 316 1587 νων
341 1536 783 1605 προϐεϐλημένη.
823 1533 930 1589 Ἦν
979 1540 1076 1606 μὲν
1116 1538 1223 1605 γάρ
1253 1536 1479 1605 κάκείνη
1524 1534 1771 1602 τοιαύτη,

209 1626 441 1695 βύρσαις
475 1627 614 1679 ἑπτὰ
644 1630 1152 1696 κατεσκευασμένη,
1192 1627 1279 1680 οἵα
1325 1628 1394 1679 τὰ
1455 1626 1563 1678 τῶν
1618 1625 1775 1677 πολε·

214 1721 353 1787 μίων
397 1721 527 1789 βέλη
567 1721 733 1789 μηδὲν
764 1722 890 1773 ὄντα
910 1722 1100 1786 δεῖξαι.
1143 1723 1216 1773 Οὐ
1252 1720 1358 1790 μὴν
1384 1721 1605 1773 κάκεῖνο
1636 1736 1775 1788 παρ-

208 1815 325 1882 εῖχε
380 1813 625 1885 θαρρεῖν,
680 1815 755 1876 ὡς
801 1814 890 1883 ἄρ’
944 1816 1099 1867 οὐδὲν
1155 1813 1303 1866 ἔσται
1358 1813 1680 1883 μηχάνημα,
1715 1812 1776 1863 τὸ

208 1904 574 1973 δυνησόμενόν
607 1921 736 1957 ποτε
763 1904 965 1973 ταύτην
998 1904 1217 1974 βλάψαι.
1238 1904 1301 1956 Ἥ
1333 1904 1390 1957 δὲ
1414 1920 1775 1972 ταπεινοφρο-

213 1994 374 2062 σύνη,
409 1994 689 2064 μονοειδής
717 2013 798 2057 τις
832 1992 969 2048 οὖσα
1001 1996 1095 2047 καὶ
1136 1994 1283 2062 ἁπλῆ
1325 1998 1388 2065 τῇ
1422 1994 1567 2063 ψυχῇ
1620 1992 1778 2045 δύνα-

214 2102 330 2152 μις,
360 2085 458 2137 εἴτ’
506 2080 599 2138 οὖν
641 2086 776 2152 ἕξις,
808 2085 1065 2149 διασώζει
1113 2087 1237 2148 τοὺς
1288 2065 1459 2153 αὐτὴν
1510 2084 1780 2152 κεκτημέ-

210 2194 357 2240 νους,
388 2177 480 2243 ἀφ’
513 2180 656 2232 ὅσων
710 2180 777 2232 ἂν
821 2178 1071 2247 φοϐερῶν
1130 2178 1505 2249 ἐνθυμηθῆναι
1547 2172 1657 2228 οἷόν
1693 2192 1773 2230 τε.

209 2269 287 2317 ιὶὺ
320 2270 477 2320 μόνον
505 2272 560 2322 δὲ
596 2273 710 2333 τοῖς
757 2272 840 2334 εἰς
884 2274 1056 2343 αὐτήν
1108 2290 1168 2340 γε
1202 2271 1567 2343 τεθαρῤηκόσι
1617 2271 1776 2321 πάντ’

207 2359 279 2410 ἂν
310 2360 525 2426 γένοιτο
561 2363 631 2415 τά
668 2364 1066 2433 προειρημένα,
1108 2365 1242 2416 ἀλλὰ
1271 2365 1364 2417 καὶ
1394 2362 1594 2423 πάντες
1649 2360 1775 2425 ἑξῆς

204 2450 260 2501 οἱ
286 2454 509 2520 καρποὶ,
538 2452 629 2514 οὒς
663 2456 713 2506 oi
742 2455 839 2523 τῆς
871 2457 1073 2525 ἀρετῆς
1111 2456 1338 2526 φέρουσι
1381 2457 1547 2516 πόνοι,
1573 2454 1622 2504 εί
1678 2455 1774 2504 σὺν

207 2544 351 2613 αὐτῇ
386 2546 478 2597 καὶ
504 2546 677 2612 καλοὶ,
701 2546 830 2598 ἄνευ
860 2547 915 2598 δὲ
946 2546 1151 2617 ταύτης
1180 2547 1364 2600 οὐκέτι
1394 2562 1409 2577 ·
1440 2547 1529 2599 ὅτε
1559 2547 1648 2597 καὶ
1683 2544 1774 2595 λυ-

208 2637 489 2705 μήνασθαι
540 2638 798 2691 δύνανται
824 2642 939 2702 τοῖς
998 2640 1073 2710 μὴ
1117 2640 1253 2708 μετὰ
1300 2640 1401 2702 τῆς
1460 2638 1773 2707 πρεπούσης

208 2731 683 2799 μετριοφροσύνης
755 2732 953 2795 αὐτοὺς
1000 2734 1300 2802 τρυγῶσιν.
1373 2729 1450 2784 Οὐ
1487 2731 1598 2799 μὴν
1656 2729 1770 2781 ἀλλ’

203 2821 329 2872 ἐστὶ
364 2824 455 2872 καὶ
489 2823 685 2889 μοχλὸς
729 2822 890 2891 αὕτη,
954 2826 1306 2877 παντάπασιν
1358 2821 1772 2891 ἀνεπιχείρητος

203 2913 491 2973 κλέπταις.
550 2914 688 2977 Τοὺς
742 2914 787 2965 δ’
826 2914 1286 2976 ἐπιϐουλεύοντας
1338 2914 1517 2967 πάντα
1570 2914 1770 2982 τρόπον

200 3006 508 3071 ἀναγκάζει
534 3008 836 3076 σωφρονεῖν
869 3009 965 3059 καὶ
1004 3009 1076 3075 μὴ
1112 3008 1489 3075 βουλομένους,
1521 3006 1783 3071 ἀπόγνωι,

202 3113 294 3147 σιν
320 3096 499 3158 αὐτοῖς
524 3098 849 3164 ἐμποιοῦσα.
879 3098 1117 3167 Ἀρπαξί
1150 3115 1209 3150 τε
1263 3102 1357 3150 καὶ
1396 3097 1641 3166 λῃσταῖς,
1672 3097 1768 3148 καὶ

202 3184 344 3235 πᾶσι
372 3184 483 3245 τοῖς
508 3184 775 3247 τοιούτοις
820 3186 1248 3254 ἀναιδεστάτοις,
1301 3187 1420 3239 οὐδὲ
1473 3187 1765 3255 πειρᾶσθαι

1879 715 2077 781 perdit,
2097 714 2213 767 atei
2233 714 2501 770 contraria
2534 716 2793 768 modestia
2830 716 3135 769 necessario
3165 714 3437 768 diversum

1878 807 2090 869 elIiciet,
2152 806 2509 875 hominesque
2554 809 2731 862 salvos
2790 790 2969 875 opilici
3034 820 3133 860 suo
3163 807 3436 866 restituet,

1879 915 2103 965 quormn
2141 900 2342 968 primos
2401 909 2649 966 parentes
2704 900 3008 967 oppositum
3039 899 3330 953 humilitati
3366 898 3440 951 vi-

1880 992 2010 1044 tium
2048 991 2312 1057 perdidit:
2341 992 2535 1059 quippe
2564 1006 2682 1044 cum
2710 992 2845 1058 apud
2862 991 3072 1043 animos
3104 1006 3228 1043 suos
3257 1006 3439 1057 arqua-

1880 1084 2084 1137 litaletn
2130 1098 2250 1137 cum
2286 1081 2393 1136 Deo
2434 1084 2721 1149 quamdam
2749 1083 3024 1147 imaginati
3054 1081 3301 1143 fuissent,
3336 1081 3436 1147 ipsi

1876 1174 2091 1242 quidem
2156 1173 2403 1227 excidere
2458 1182 2563 1225 tam
2618 1173 2868 1241 paradiso
2919 1188 3074 1239 quam
3124 1173 3253 1225 Deo.
3284 1170 3436 1235 Quod

1877 1276 2053 1319 autem
2113 1267 2191 1318 eis
2239 1266 2452 1330 accidit,
2496 1266 2635 1317 idem
2681 1265 2946 1317 consimili
3006 1264 3165 1316 molo
3206 1263 3437 1330 posteris

1876 1356 2036 1408 etiam
2080 1356 2320 1422 ipsorum
2380 1356 2649 1409 usuvenit.
2709 1352 2911 1407 Verum
2951 1356 3015 1407 ad
3038 1365 3232 1407 metam
3262 1368 3435 1420 equus

1878 1448 2069 1515 agitor.
2098 1446 2383 1499 Humilitus
2412 1460 2561 1514 ergo,
2606 1446 2726 1499 telis
2759 1446 2874 1499 istis
2897 1428 3243 1512 objecta,'vel
3265 1448 3433 1510 ipsum

1876 1541 2058 1609 Ajacis
2097 1540 2341 1610 clypeum
2375 1547 2619 1601 superat.
2670 1537 2801 1590 Nam
2833 1547 2885 1592 et
2920 1538 3007 1591 ille
3030 1539 3094 1591 de
3133 1537 3291 1590 boum
3330 1546 3436 1589 ter—

1876 1629 2095 1699 goribus
2162 1636 2364 1697 septem
2390 1628 2466 1681 ita
2498 1625 2779 1681 conlectus
2828 1635 2965 1688 erat,
2992 1637 3047 1681 ut
3068 1626 3306 1680 bOStium
3333 1624 3434 1677 tela

1878 1724 2073 1776 nullius
2106 1736 2227 1777 esse
2252 1719 2507 1774 momenti
2541 1718 2860 1771 declararet.
2895 1716 3078 1786 Neque
3109 1727 3282 1770 tamen
3316 1731 3434 1769 eam

1878 1817 2116 1885 prmberc
2148 1814 2399 1867 ﬁduciam
2452 1820 2683 1880 poterat,
2720 1822 2777 1864 ut
2803 1810 2921 1878 quis
2940 1810 3037 1864 sibi
3066 1809 3434 1878 polliceretur,

1878 1924 1935 1962 se
1990 1907 2136 1960 nullo
2179 1920 2412 1973 unquam
2441 1913 2745 1957 commento
2778 1902 2895 1955 laedi
2923 1916 3098 1969 posse.
3149 1899 3434 1953 llumilitas

1881 2012 2167 2060 vero,cu:n
2197 1994 2483 2048 uniformis
2508 1994 2577 2049 sit
2598 2008 2660 2046 ac
2687 1994 2912 2060 simplex
2935 1991 3099 2044 animi
3128 1990 3240 2042 sive
3261 1987 3435 2041 facul-

1881 2102 1982 2153 tas,
2013 2088 2124 2144 sive
2158 2088 2377 2141 habitus
2400 2127 2414 2149 ,
2449 2102 2507 2142 se
2536 2088 2787 2153 praeditos
2814 2100 2841 2137 a
2868 2084 3150 2153 quibusvis
3176 2082 3434 2134 formida-

1877 2180 2094 2243 bilibus,
2127 2192 2457 2246 qnmcuuque
2499 2177 2689 2229 utentis
2715 2176 3045 2246 cogitatione
3073 2171 3279 2238 concipi
3310 2185 3436 2238 pos-

1877 2279 2021 2334 sunt,
2058 2279 2259 2323 servat.
2287 2266 2475 2336 Neque
2511 2277 2715 2321 tantum
2743 2267 2843 2320 hac
2872 2264 3029 2320 fretis
3068 2266 3329 2318 hactenus
3356 2262 3436 2315 ia-

1876 2359 2049 2413 dicata
2070 2357 2389 2426 contingunt
2412 2359 2614 2423 omnia,
2640 2358 2729 2411 sed
2752 2371 2940 2410 Omnes
2964 2357 3180 2409 omnino
3206 2354 3435 2408 fructus.

1875 2465 2011 2518 quos
2069 2451 2327 2502 exantlati
2385 2449 2600 2504 virtutis
2652 2451 2861 2502 labores
2911 2446 3181 2511 ferunt,si
3215 2433 3435 2513 quidem

1875 2540 2144 2608 c0ujunctl
2180 2557 2298 2594 cum
2326 2540 2428 2593 bac
2463 2539 2689 2602 fuerint,
2722 2540 2843 2595 boni
2878 2548 3036 2593 erunt
3065 2556 3079 2591 :
3115 2539 3197 2591 sin
3230 2546 3431 2595 autem.

1873 2650 1981 2688 non
2008 2633 2238 2701 amplius
2269 2632 2433 2697 boui;
2489 2632 2922 2700 quandoquidem
2957 2640 3009 2684 cl.
3042 2631 3187 2684 noxii
3211 2639 3437 2698 possunt

1876 2732 1979 2786 illis
2039 2746 2179 2796 esse,
2242 2737 2508 2799 quotquot
2559 2744 2652 2783 eos
2707 2744 2809 2781 non
2878 2727 3237 2781 conveniente
3316 2738 3434 2777 cum

1874 2826 2134 2878 molestia
2235 2826 2553 2891 decerpunt.
2664 2822 2866 2876 Eadem
2963 2827 3016 2874 et
3117 2817 3436 2888 repagulum

1870 2915 2142 2983 quoddam
2184 2922 2265 2967 est
2334 2913 2476 2980 quod
2533 2912 2754 2966 omnino
2814 2912 2963 2964 fures
3024 2920 3293 2964 attentare
3332 2923 3435 2961 no-

1871 3015 2095 3073 qneuut.
2145 3004 2493 3058 lnsidiatores
2539 3020 2666 3056 vcro
2725 3003 2895 3056 modis
2949 3001 3204 3055 omnibus
3268 3001 3433 3068 cogit,

1872 3097 2116 3149 utetiam
2166 3096 2412 3149 nolentes
2458 3095 2687 3148 modesti
2743 3095 2879 3158 sint,
2946 3093 3074 3146 dum
3110 3093 3163 3146 in
3210 3092 3289 3146 eis
3343 3091 3439 3144 dc-

1868 3190 2232 3258 speralionem
2265 3189 2483 3242 excitat.
2509 3187 2859 3256 Raptoribus,
2888 3187 3211 3250 latronibus,
3236 3193 3288 3239 et
3312 3182 3435 3236 uui-

199 3273 425 3325 δίδωσιν
479 3275 775 3342 ἀφελέσθαι
829 3277 890 3328 τὸ
941 3276 1078 3346 μετὰ
1143 3277 1611 3347 μετριοφροσύνης
1663 3278 1838 3342 stuic
1875 3298 1986 3337 vers

1663 3278 1768 3329 τινὶ
1794 3282 1838 3342 C
1875 3283 2046 3337 versis
2073 3282 2285 3341 talibus.
2309 3282 2466 3348 longe
2489 3281 3000 3351 impudentissimis,
3038 3279 3175 3334 neid
3216 3279 3432 3347 quidem

199 3364 426 3431 κτηθέν.
462 3366 639 3432 Λῆρον
660 3364 917 3435 ἄντικρυς
950 3369 1091 3435 σαφῆ
1125 3370 1216 3420 καὶ
1242 3369 1447 3435 γέλωτα
1476 3368 1767 3433 ἀποφαίνει

200 3457 392 3536 πᾶσαν
424 3456 668 3523 μηχανὴν
700 3458 822 3508 κατ’
853 3458 1020 3527 αὐτῆς
1074 3459 1385 3528 εὑρημένην
1447 3459 1539 3511 τὸν
1592 3457 1767 3510 πάντα

197 3548 421 3616 χρόνον.
466 3548 791 3615 Σήμαντρον
825 3539 930 3617 ’μὲν
992 3550 1216 3617 ἀκριϐές
1252 3552 1386 3613 ἐστι,
1443 3552 1676 3620 σφραγὶς
1709 3548 1765 3600 δὲ

198 3639 351 3692 πάνυ
384 3640 1167 3710 θαυμαστὴ,ὲγκεκολαμμένη
1220 3642 1401 3704 καλῶς
1460 3643 1515 3703 ἐς
1582 3640 1763 3709 βάθος.

198 3734 387 3793 Ὀλως
413 3733 471 3784 δὲ
504 3734 612 3785 τῶν
636 3735 945 3803 εἰρημένων
982 3735 1236 3787 ἁπάντων
1272 3732 1613 3809 διασῴζουσα
1674 3732 1767 3783 τύ-

196 3841 327 3883 πον,
360 3823 716 3890 άσφαλίζεται
746 3829 871 3887 τοὺς
902 3825 1209 3892 θησαυροὺς
1255 3827 1380 3887 τοὺς
1435 3825 1493 3889 ἐξ
1546 3822 1766 3890 ἀγαθῶν

196 3915 565 3980 συλλεγέντας
592 3915 788 3983 ἔργων,
848 3916 1199 3969 ἀποσοϐοῦσα
1253 3918 1379 3977 τοὺς
1438 3918 1767 3984 κακουργεῖν

193 4013 368 4078 ἔργον
390 4008 611 4076 ἔχοντας
641 4008 813 4061 ἅπασι
845 4010 1091 4077 τρόποις.
1127 4009 1237 4062 Καὶ
1271 4010 1376 4078 μὴν
1410 4009 1677 4071 κάκείνως
1703 4010 1765 4061 ἄν

196 4119 287 4162 τις
325 4100 437 4167 ἔχοι
464 4100 761 4168 θαυμάσαι.
797 4101 952 4152 Ἐστι
989 4102 1096 4170 γάρ
1131 4101 1191 4153 οὗ
1229 4102 1390 4167 μόνον
1428 4102 1656 4166 τούτων,
1680 4096 1760 4163 οἷς

194 4192 617 4258 ὲξασφαλίσαιτ*
645 4192 709 4244 ἄν
740 4208 825 4250 τις
860 4193 1025 4244 αὑτὸν
1077 4194 1173 4246 καὶ
1197 4192 1264 4246 τὰ
1310 4192 1507 4258 ἑαυτοῦ
1564 4194 1761 4257 πάντα,

192 4282 370 4335 εἰκών
400 4299 485 4344 τις
516 4283 658 4351 μάλα
693 4286 1098 4357 ἐμφερεστάτη,
1126 4286 1264 4339 ἀλλὰ
1294 4286 1358 4355 δὴ
1400 4288 1495 4338 καὶ
1527 4286 1638 4338 τῶν
1675 4288 1766 4339 ἀν-

194 4374 441 4443 θρώπων
509 4375 771 4439 ἐκείνων,
849 4376 899 4429 οἳ
954 4379 1082 4445 περὶ
1151 4378 1277 4439 τοὺς
1338 4378 1764 4445 τυραννεύοντας

192 4468 451 4518 ἵστανται
481 4469 1024 4536 καταπεφραγμένοι,
1067 4468 1218 4522 ἆπαν
1273 4471 1436 4524 ὅπλον
1464 4470 1677 4540 ἔχοντες
1707 4472 1764 4522 ὲν

192 4574 257 4625 χε
270 4559 408 4625 ροίν.
437 4556 511 4618 ὡς
544 4557 610 4609 ἂν
627 4557 892 4623 γενναίως
924 4560 1225 4626 ἀμύνεσθαι
1251 4560 1517 4623 δύναιντο,
1548 4562 1600 4614 εί
1622 4561 1763 4623 τινές

1876 3375 2136 3439 concedit,
2157 3383 2214 3427 ut
2240 3374 2457 3427 attl‘erre
2486 3382 2715 3438 tentent,
2736 3373 2878 3441 quod
2903 3388 3024 3426 cum
3058 3372 3431 3425 moderatione

1874 3468 1941 3520 ab
1968 3466 2149 3532 aliquo
2189 3475 2271 3520 est
2302 3466 2651 3533 acquisitum.
2683 3464 2761 3517 Ad
2794 3478 2973 3517 meras
3020 3463 3177 3531 plane
3241 3475 3435 3529 nugas,

1875 3573 2190 3626 merumque
2220 3559 2383 3612 risum
2411 3557 2627 3627 redigit,
2656 3554 2917 3625 quidquid
2977 3557 3244 3608 adversus
3305 3566 3428 3605 eam

1871 3653 2158 3705 commenti
2180 3652 2369 3720 quovis
2390 3659 2630 3718 tempore
2675 3648 3038 3718 excogitatur.
3084 3645 3435 3715 Signaculnm

1872 3750 2182 3794 accuratum
2207 3726 2328 3801 est,‘
2370 3740 2602 3807 sigillum
2668 3736 3007 3799 admirabile,
3070 3748 3217 3789 recte
3269 3742 3435 3802 atque

1872 3832 1978 3885 alte
2008 3829 2519 3898 incisum.Denique
2552 3831 2781 3883 formam
2802 3828 3162 3881 iudicatorum
3186 3826 3429 3881 omnium

1874 3925 2113 3977 retinens
2175 3935 2337 3991 atque
2391 3938 2748 3986 conservans,
2803 3922 3086 3975 thesauros
3135 3935 3199 3975 ex
3275 3921 3434 3974 bonis

1872 4016 2128 4069 collectos
2168 4015 2501 4083 operibusin
2530 4022 2646 4068 tuto
2703 4014 2967 4075 collocat;
3030 4027 3126 4065 eos
3184 4011 3429 4078 abigens,

1871 4106 1961 4174 qui
1988 4106 2160 4158 modis
2187 4106 2440 4158 onmibus
2472 4104 2572 4158 hoc
2604 4120 2769 4156 unum
2807 4110 2994 4173 agunt,
3030 4110 3088 4157 ut
3119 4101 3430 4157 stellionum

1874 4212 2023 4250 more
2054 4197 2305 4249 damnum
2337 4195 2483 4248 dent.
2521 4194 2658 4260 Quin
2688 4196 2851 4249 etiam
2889 4194 2987 4248 hac
3046 4194 3256 4248 ratione
3313 4196 3433 4260 quis

1872 4288 2016 4341 illam
2053 4287 2366 4343 admiretur.
2392 4286 2506 4340 Non
2538 4288 2682 4340 enim
2712 4289 2898 4340 borum
2927 4288 3210 4350 duntaxat,
3234 4288 3433 4356 quibus

1871 4381 2145 4434 securitati
2190 4393 2319 4442 suae,
2366 4395 2650 4448 rerumque
2707 4395 2921 4435 suarum
2972 4380 3229 4445 omnimn,
3307 4394 3433 4448 pro-

1871 4472 2077 4533 spicere
2120 4470 2241 4539 quis
2272 4471 2461 4538 possit,
2494 4471 2778 4540 aptissima
2814 4471 3057 4540 quaedam
3103 4472 3278 4539 imago
3306 4480 3426 4525 est:

1871 4562 1961 4616 sed
2015 4562 2224 4617 illormn
2278 4563 2437 4616 etiam
2488 4564 2787 4627 hominum,
2846 4564 2934 4630 qui
3004 4562 3193 4615 muniti
3250 4577 3428 4615 rerum

189 4664 332 4699 ποτε
366 4648 485 4699 κατ’
520 4648 700 4700 αὐτῶν
724 4649 949 4722 ἔλθοιεν.
983 4652 1092 4703 Καὶ
1126 4652 1221 4722 ἥδε
1266 4653 1373 4721 γάρ
1404 4655 1518 4714 τοῖς
1570 4652 1761 4720 δαίμο-
1790 4641 1834 4695 Ῑ)
1864 4656 1976 4721 poti

1632 4654 1761 4720 iuo-
1790 4641 1834 4695 Ι)
1864 4656 2128 4721 potientes
2160 4655 2537 4717 circumstant,
2570 4655 2775 4707 nullum
2806 4669 2912 4708 non
2943 4669 3114 4722 genus
3143 4668 3419 4707 armorum

193 4756 310 4802 σιν,
342 4738 559 4790 ἐπειδὰν
615 4741 881 4793 ἐπέλθςευσι
920 4741 1041 4794 καθ’
1084 4742 1258 4811 ἡμῶν,
1301 4745 1761 4813 ἁντεπερχομένη,

190 4832 298 4881 οὐκ
332 4830 395 4897 ἑᾷ
426 4830 645 4891 τούτους
680 4830 977 4899 ληῖσασθαι
1010 4832 1077 4885 τὰ
1111 4832 1169 4896 ἐξ
1203 4833 1400 4902 ἀρετῆς
1434 4836 1561 4903 ἡμῖν
1610 4853 1764 4904 περι-

186 4919 460 4986 γενόμενα
500 4921 685 4988 κέρδη.
719 4923 820 4973 Ἢν
845 4922 1022 4983 καλῶς
1050 4925 1244 4995 εὑρεθῇ
1278 4926 1435 4978 ταυτὶ
1478 4943 1762 4994 συμπεφο-

194 5009 417 5078 ρημένα
447 5011 503 5061 ὲν
524 5012 639 5073 ταῖς
669 5011 854 5071 καλαῖς
895 5013 1197 5080 amomo;
1240 5016 1339 5082 τῆς
1395 5018 1759 5086 μετριότητος,

186 5103 363 5169 λῆρος
393 5102 447 5152 αἱ
474 5104 695 5155 ἐκείνων
732 5106 1024 5172 προσϐολαὶ
1050 5107 1141 5157 καὶ
1181 5107 1406 5177 μέθοδοι.
1458 5109 1761 5179 Ἀπέκρυψε

192 5191 301 5256 μὲν
328 5192 734 5263 ὑπασπιστάςή
786 5198 1279 5267 ταπεινοφροσύνη,
1337 5201 1461 5261 τοὺς
1519 5202 1761 5272 ἀκριϐῶς

188 5282 295 5346 τὴν
329 5281 481 5345 τάξιν
503 5283 954 5355 διατηρήσαντας,
977 5290 1033 5340 ὲν
1063 5294 1272 5359 καιροῖς
1298 5292 1357 5343 οὐ
1387 5293 1760 5362 συγχωροῦσιν

185 5372 442 5440 ἀτρέμας
497 5375 745 5428 ἵστασθαι
784 5394 799 5408 °
848 5379 1234 5449 ὑπερηκόντισε
1288 5383 1342 5434 δὲ
1406 5384 1756 5453 δορυφόρους,

184 5462 393 5516 οἷστισι
433 5466 707 5535 φιλοτιμία
733 5474 1083 5537 παρενεγκεῖν
1118 5472 1406 5541 θερμότητι
1456 5490 1513 5525 τε
1556 5475 1753 5543 ψυχῆς,

189 5556 290 5603 καὶ
321 5558 486 5622 συχνῇ
519 5556 679 5626 πείρᾳ
698 5560 952 5628 πολέμου,
978 5562 1151 5630 ὁρμὴν
1190 5564 1418 5616 λεόντων
1450 5569 1543 5616 καὶ
1594 5565 1756 5617 δύνα-

189 5662 313 5709 μιν.
364 5644 562 5715 Ἀφῆκί
584 5665 641 5701 τε
672 5651 894 5703 κατόπιν
918 5653 979 5703 τὸ
1006 5654 1211 5722 τάγμα,
1250 5648 1327 5711 οἷς
1363 5672 1422 5721 γε
1481 5657 1757 5709 καθεύδειν

181 5735 291 5784 οὐκ
323 5730 515 5800 ἕξεσιν,
540 5737 717 5806 ἔχουσι
746 5743 931 5810 σχῆμα
961 5745 1233 5809 φυλάκων.
1256 5746 1364 5797 Καὶ
1391 5746 1436 5797 εἰ
1457 5746 1531 5798 δεῖ
1560 5747 1619 5798 τὸ
1650 5750 1757 5799 πᾶν

185 5820 481 5877 σινελόντα
504 5828 695 5891 εἰπεῖν,
720 5830 824 5899 ὅλῳ
858 5848 914 5883 τε
938 5834 1031 5885 καὶ
1059 5832 1136 5901 τῷ
1190 5834 1351 5886 παντὶ
1397 5835 1752 5905 ὑπερήλασεν,

181 5912 327 5964 άττα
398 5914 464 5968 ἂν
547 5919 975 5991 ύπερμαχήσειεν
1042 5925 1348 5981 οὑτινοσοῦν
1407 5929 1751 5997 πράγματος,

1869 4747 2115 4801 manibus
2139 4756 2400 4809 tenentes,
2424 4756 2479 4798 ut
2500 4746 2709 4799 fortiter
2727 4746 2832 4797 vim
2854 4745 3171 4814 propulsare
3200 4755 3429 4812 queant,

1866 4837 1911 4891 si
1943 4836 2030 4903 qui
2062 4836 2158 4889 hos
2184 4835 2502 4889 invaserint.
2534 4834 2671 4889 Nam
2695 4836 2807 4888 haec
2830 4850 3043 4903 quoque
3076 4834 3230 4887 malis
3253 4834 3427 4901 geniis

1866 4942 1965 4983 nos
1998 4927 2375 4981 adorientibus
2415 4940 2732 4989 occurrens,
2762 4940 2866 4978 non
2899 4926 3053 4987 sinit,
3088 4936 3144 4976 ut
3172 4925 3245 4977 illi
3274 4925 3431 4980 nobfs

1863 5017 2091 5083 eripiant
2117 5031 2175 5070 ea
2209 5018 2379 5077 lucra,
2409 5031 2527 5084 qua:
2557 5031 2619 5070 ex
2651 5017 2847 5069 virtute
2897 5018 3170 5070 consecuti
3208 5032 3418 5070 sumus.

1865 5109 2071 5177 Quippe
2099 5111 2141 5161 si
2176 5109 2291 5161 lucc
2322 5119 2464 5162 recte
2494 5118 2753 5175 congesta
2821 5106 3026 5161 fuerint
3082 5108 3136 5161 in
3188 5109 3430 5176 egregias

1867 5202 1984 5254 illas
2018 5201 2312 5269 apothecas
2345 5210 2397 5255 et
2429 5201 2626 5253 horrea
2658 5200 2958 5263 modestia,
2991 5200 3064 5252 nil
3122 5198 3225 5251 nisi
3272 5214 3431 5259 nugax

1866 5303 1987 5345 sunt
2030 5293 2265 5360 ipsorum
2294 5292 2671 5361 aggressiones
2703 5302 2755 5345 et
2788 5299 2955 5344 artes.
3016 5290 3283 5345 Obscurat
3337 5293 3424 5343 vel

1863 5383 1980 5435 illos
2004 5382 2647 5451 protectoreshumilitas,
2673 5383 2761 5450 qui
2788 5382 2960 5434 locum
2987 5395 3142 5435 somn
3176 5392 3429 5434 accurate

1863 5486 2102 5539 tuentur,
2131 5485 2184 5529 et
2209 5475 2312 5529 Illis
2343 5474 2562 5543 qoidem
2615 5475 2967 5541 temporlbus,
3019 5473 3219 5544 quibus
3254 5474 3429 5526 intre-

1860 5567 1981 5634 pido
2006 5577 2287 5641 starelnon
2317 5568 2641 5634 permittitur
2674 5584 2689 5618 :
2744 5567 3006 5621 satellites
3041 5577 3280 5635 superat,
3332 5568 3431 5635 qui

1858 5658 2018 5710 animi
2038 5658 2214 5711 calore
2234 5658 2575 5725 brllaudique
2598 5674 2692 5712 usu
2733 5660 2955 5713 assiduo
2976 5662 3189 5714 vincere
3207 5660 3435 5713 leonum-

1860 5748 2113 5816 imprtum
2141 5759 2302 5819 atque
2364 5750 2509 5803 vires
2537 5747 2758 5804 student
2786 5766 2800 5803 :
2838 5752 3169 5818 legionarios
3193 5769 3219 5803 a
3274 5760 3441 5817 tergo.-

1859 5839 2132 5908 relinquit,
2164 5841 2361 5910 quibus
2401 5842 2633 5895 dormire
2680 5858 2786 5896 non
2827 5844 2977 5907 licet,
3036 5843 3419 5897 excubitorum

1858 5930 2035 5987 othcio
2075 5933 2440 6003 fungentibus.
2470 5934 2525 5988 Si
2558 5935 2790 6004 denique
2831 5944 2939 5990 tota
2980 5951 3065 5992 res
3102 5936 3440 6006 explicandr
