4526 6514
371 429 472 497 541

1743 444 2029 506 ORATIO
2070 447 2203 510 VII.

3535 446 3641 515 542

366 546 611 613 κρηπῖδα
634 545 726 599 καὶ
756 546 1005 616 θεμέλιον
1048 550 1288 618 ἀσφαλὲς
1349 553 1569 620 εῐδὲναι,
1627 555 1951 627 ἑρηρεισμὲ-
1977 558 2025 616 Α
2052 561 2151 617 bea

1847 557 1951 625 τμέ-
1977 558 2025 616 Α
2052 561 2267 617 beatam
2293 563 2441 619 illam
2485 564 2830 621 dilectionem
2874 576 2997 619 esse
3043 562 3372 633 crepidinem
3414 572 3469 619 et
3508 576 3634 615 tun-

366 652 469 701 νην
498 637 703 706 eum;
726 639 953 708 πέτρας,
980 642 1141 696 αὐτοῦ
1201 644 1437 715 Χριστοῦ
1474 663 1490 679 ο
1537 646 1693 719 ῥίζαν
1732 665 1790 700 τε
1843 650 1953 703 τῶν

367 728 593 793 ἀγαθῶν
622 731 749 798 ἑξῆς
778 733 1056 801 ἀπάντων,
1087 726 1471 813 διικνουμένην
1497 743 1553 803 ἑς
1594 741 1757 811 βάθος
1790 742 1953 813 μέγα,

368 822 468 873 καὶ
518 820 652 890 ὕψος
705 824 872 889 ὄντως
914 829 1352 903 ἀνεξερεύνητον,
1400 834 1558 903 εἴπερ
1604 834 1669 888 τὰ
1717 835 1819 904 μὲν
1860 834 1954 888 τοῦ

372 915 508 967 Θεοῦ
545 917 769 971 τοιαῦτα
800 936 814 949 ο
848 922 880 990 ἡ
910 922 966 974 δὲ
991 924 1242 978 τοσοῦτον
1290 927 1348 978 ὲν
1389 928 1465 996 τῷ
1496 928 1636 997 Θεῷ,
1684 930 1808 981 ὅσον
1862 927 1956 981 καὶ

374 1008 732 1077 αὐτωγάπην
764 1014 970 1068 ἐκεῖνον
999 1015 1273 1082 λέγεσθαι.
1330 1021 1441 1072 Καὶ
1470 1021 1519 1072 εἰ
1543 1021 1623 1073 δεῖ
1650 1022 1710 1074 τὸ
1737 1022 1846 1074 πᾶν
1875 1023 1955 1074 εἰ·

374 1104 516 1157 πεῖν,
551 1105 708 1173 σειρᾷ
736 1106 831 1172 μὲν
852 1105 1028 1160 ἔοικεν
1052 1108 1307 1179 ἄντικρυς
1331 1112 1390 1165 τὸ
1418 1112 1524 1165 τῶν
1547 1115 1756 1181 ἀρετῶν
1775 1113 1959 1183 ἀθροι-

375 1208 509 1257 σμα,
538 1195 628 1245 καὶ
660 1196 900 1265 ἀλλήλων
935 1198 1144 1268 ἔχονται
1190 1202 1386 1266 πᾶσαι,
1419 1204 1649 1271 ταυτησὶ
1684 1206 1739 1257 δὲ
1792 1206 1959 1274 μόνης

375 1284 705 1353 ἐξήρτηνται
731 1288 826 1354 τῆς
849 1291 1085 1360 ἀγάπης.
1116 1293 1279 1346 Ὥστε
1305 1295 1484 1349 πάντα.
1509 1296 1575 1350 ἂν
1597 1297 1858 1367 ἁρμόσειε
1888 1300 1958 1350 τὰ

383 1376 639 1442 μέγιστα,
667 1380 760 1431 καὶ
796 1381 1065 1449 βέλτιστα,
1094 1385 1188 1438 καὶ
1218 1387 1501 1453 κάλλιστα,
1526 1390 1617 1441 καὶ
1650 1389 1831 1459 τίμια,
1865 1392 1959 1444 καὶ

379 1470 577 1537 σεμνὰ,
614 1472 772 1534 εἴτις
797 1476 1023 1542 ἀγείρας
1057 1479 1152 1531 καὶ
1180 1479 1434 1544 συνελὼν,
1483 1480 1619 1551 αὐτῇ
1674 1498 1737 1547 γε
1788 1481 1959 1534 ταῦτα

379 1564 680 1628 προσοίσει.
716 1566 880 1619 Οὐδὲν
913 1569 1022 1637 γὰρ
1056 1566 1233 1639 οἶμαι,
1267 1573 1420 1625 οὐδὲν
1439 1573 1548 1625 τῶν
1577 1573 1797 1641 ἀγαθῶν
1833 1574 1960 1642 ἑξῆς

380 1654 626 1718 πάντων,
657 1657 791 1727 ὅπερ
828 1660 891 1710 ἂν
923 1662 1129 1730 ἀπᾷδον
1163 1664 1249 1732 εἴη
1276 1664 1384 1716 τῶν
1413 1666 1597 1734 ἐκείνῃ
1640 1684 1701 1733 γε
1734 1666 1963 1736 προσόν-

379 1764 491 1798 των
517 1750 822 1814 ἰδιωμάτων
859 1768 872 1783 ’
905 1752 1093 1823 ὥσπερ
1117 1756 1227 1807 οὐδ’
1261 1755 1376 1809 ἑστι
1407 1758 1516 1810 τῶν
1547 1759 1819 1823 ἁπάντων,
1844 1760 1959 1827 εἴγε

381 1840 481 1906 τῆς
522 1842 738 1909 μερίδος
764 1844 872 1894 τῶν
912 1846 1132 1910 ἀγαθῶν
1164 1847 1328 1911 ἑστιν,
1361 1849 1496 1919 ὅπερ
1541 1850 1617 1918 μὴ
1648 1851 1788 1903 πάνυ
1820 1868 1960 1917 συμ-

385 1933 617 2000 ϐήσεται
651 1936 716 2002 τῇ
765 1935 863 2001 τῆς
893 1939 1397 2007 ταπεινοφροσύνης
1451 1919 1733 2011 ἀκρότητι.
1777 1941 1957 2010 Οὔσης

380 2022 477 2079 οὖν
506 2027 715 2095 ἑκείνης
748 2030 774 2081 ὅ
807 2045 966 2101 τιπερ
989 2032 1282 2099 κεφάλαιον
1313 2034 1421 2085 τῶν
1447 2033 1645 2100 καλῶν,
1678 2035 1826 2087 οὐδέν
1853 2053 1955 2089 που

382 2122 765 2188 ταπεινότερον
796 2121 943 2188 ὅμως
975 2122 1035 2174 τὸ
1058 2124 1158 2187 τῆς
1193 2127 1544 2195 μετριότητος
1597 2127 1821 2195 μέγεθος
1860 2127 1955 2180 τοῦ

382 2209 487 2277 τῆς
511 2212 727 2279 ἀγάπης
759 2211 925 2281 ὕψους
961 2216 1053 2268 καὶ
1082 2214 1404 2284 ἀξιώματος.
1437 2217 1544 2269 Καὶ
1578 2218 1684 2286 γάρ
1724 2220 1838 2269 ἑστι
1866 2215 1960 2269 καὶ

384 2302 512 2355 καθ’
550 2303 717 2372 αὐτὴν
745 2304 1000 2373 ἀγαθὸνὴ
1035 2308 1529 2377 ταπεινοφροσύνη,
1566 2310 1659 2360 καὶ
1689 2308 1959 2378 θησαυρδς

384 2395 767 2449 ἀποδέδεικται
792 2398 900 2449 τῶν
933 2400 1362 2467 συνειλεγμένων
1392 2403 1525 2471 ἡμῖν
1559 2402 1741 2454 καλῶν
1766 2403 1828 2454 ἐκ
1864 2401 1956 2454 τοῦ

382 2490 486 2555 τῆς
508 2490 725 2559 ἀγάπης
760 2491 960 2543 εύθὲων
989 2493 1255 2562 πτόρθων.
1318 2494 1477 2546 Ὥστε
1514 2493 1572 2557 ἐξ
1604 2495 1805 2562 ἀμφοῖν
1837 2493 1959 2559 ἀρί-

388 2595 511 2646 στη.
550 2581 671 2633 Εἴτε
700 2580 806 2647 γὰρ
834 2580 908 2650 ὡς
950 2582 1101 2644 τέλος
1152 2582 1320 2651 αὐτὴν
1373 2583 1772 2652 θεωρήσωμεν,
1810 2584 1959 2635 οὐδὲν

386 2669 557 2737 αὐτῆς
585 2670 806 2737 ἄμεινον
841 2686 855 2700 ⁸
883 2671 985 2723 εἴθ’
1020 2672 1095 2735 ὡς
1137 2674 1271 2742 πρὸς
1300 2674 1359 2727 τὸ
1386 2673 1534 2735 τέλος
1565 2674 1701 2742 αὐτῇ
1734 2674 1960 2742 χρησαί-

388 2760 552 2825 μεθα,
585 2763 684 2813 οὐκ
718 2761 861 2814 ἔστιν
893 2763 1182 2831 ἀποτυχεῖν
1208 2761 1300 2815 τοῦ
1330 2762 1558 2816 σκοποῦ.
1600 2765 1800 2833 Ἀγαθὴ
1852 2764 1961 2830 γάρ

386 2857 506 2907 ἐστι
531 2854 653 2906 καθ’
681 2855 867 2922 αὐτὴν,
903 2855 977 2917 ὡς
998 2856 1245 2924 εἰρηνική
1275 2872 1332 2907 τε
1366 2856 1459 2908 καὶ
1483 2857 1785 2925 πραοτάτη,
1839 2855 1866 2905 ὃ
1896 2856 1959 2926 δὴ

384 2942 524 2995 Θεοῦ
552 2945 696 2995 ἑστιν
716 2943 868 2997 ἴδιον.
907 2942 1111 3012 Ἀγαθὴ
1136 2944 1190 2996 δὲ
1211 2939 1277 2997 αὖ
1303 2946 1394 2996 καὶ
1418 2946 1591 2997 ἄλλων
1618 2945 1775 2997 ἕνεκα
1816 2943 1960 2996 πλείε

387 3053 531 3088 στων
565 3052 579 3065 ·
611 3035 705 3087 καὶ
738 3035 825 3087 διὰ
872 3033 1030 3087 τοῦτο
1073 3035 1343 3104 θησαυρὸς
1406 3036 1622 3088 πάντων
1680 3033 1807 3101 ἑξῆς
1855 3032 1962 3087 τῶν

387 3127 572 3181 καλῶν
604 3132 696 3180 καὶ
730 3128 967 3197 εἴρηται,
996 3129 1090 3182 καὶ
1120 3129 1265 3181 ἐστιν
1294 3145 1308 3160 ο
1343 3130 1532 3197 ἐπειδὴ
1560 3129 1761 3199 ταύτης
1794 3130 1961 3198 χωρὶς

1986 1896 2033 1955 Β

2061 650 2371 705 damentum
2404 660 2638 715 certum,
2688 653 2932 706 innixum
2987 660 3176 721 petrae,
3240 652 3492 704 nimirum
3537 650 3637 718 ipsi

2058 741 2298 807 Christo,
2360 743 2712 814 radicemque
2747 744 3011 799 bonorum
3047 744 3639 812 omnium,pertingen-

2059 846 2168 890 tem
2245 836 2312 889 ad
2362 852 2613 904 magnam
2674 836 3121 906 profunditatem,
3181 846 3236 890 et
3289 836 3632 889 altitudinem

2059 941 2250 995 reapse
2286 940 2390 979 non
2419 926 2893 994 perscrutabilem,
2929 927 3200 995 siquidem
3232 941 3353 995 qua:
3386 924 3639 979 Dei’sunt

2051 1019 2187 1080 talia
2215 1026 2341 1073 sunt
2370 1037 2382 1084 ;
2412 1029 2467 1073 et
2494 1017 2609 1085 ipsa
2656 1034 2831 1087 usque
2862 1018 2995 1072 adeo
3024 1019 3077 1071 in
3129 1020 3235 1072 Deo
3256 1027 3359 1081 est,
3406 1016 3527 1069 utis
3558 1018 3640 1084 lp-

2058 1112 2274 1167 sissima
2307 1125 2522 1179 quoque
2561 1110 2780 1165 dilectio
2812 1119 3173 1179 nuncnpetur.
3210 1110 3288 1164 Ad
3343 1124 3635 1171 summam,

2059 1214 2265 1257 catena:
2289 1203 2588 1257 consimilis
2619 1212 2699 1257 est
2729 1204 2994 1257 virtutum
3025 1214 3200 1259 cretus
3235 1219 3251 1268 ;
3285 1212 3337 1256 et
3363 1213 3420 1254 ut
3448 1214 3639 1253 omnes

2065 1296 2294 1351 invicem
2335 1296 2633 1359 cohaerent,
2693 1298 2967 1351 sicasola
3028 1296 3319 1367 dilectione
3381 1295 3642 1363 pendent.

2061 1390 2425 1455 Quamobrem
2454 1388 2577 1443 huic
2626 1388 2808 1443 omnia
2879 1389 3227 1457 congruerint
3281 1386 3541 1444 maxima,
3587 1392 3643 1437 et

2063 1484 2292 1550 Optima,
2326 1488 2382 1535 et
2405 1480 2793 1549 pulcherrima,
2825 1490 2875 1534 et
2900 1478 3231 1541 veneranda,
3259 1485 3310 1531 et
3359 1485 3580 1544 augusta
3623 1492 3639 1538 ;

2068 1575 2111 1629 si
2146 1574 2272 1642 quis
2295 1588 2357 1628 ea
2390 1572 2639 1637 collecta,
2673 1579 3063 1640 congestaque,
3125 1569 3253 1622 huic
3309 1566 3644 1623 attribtterit.

2064 1665 2472 1729 Nullumeuim,
2536 1667 2753 1733 opinor,
2804 1663 3012 1717 nullum
3047 1662 3269 1715 omnino
3302 1661 3501 1713 bonum
3537 1666 3643 1721 est,

2064 1760 2206 1829 quod
2232 1759 2299 1813 iis
2326 1773 2352 1809 a
2373 1754 3096 1824 proprietatibusdiserepet.
3113 1766 3232 1819 qua:
3255 1750 3378 1803 huic
3403 1738 3640 1801 adsunt:

2064 1849 2223 1906 sicuti
2265 1861 2367 1901 nec
2386 1846 2611 1899 omnino
2645 1844 2937 1912 quidquam
2972 1850 3075 1905 est,
3122 1840 3282 1894 modo
3322 1838 3583 1892 bonorum
3612 1852 3645 1887 a

2064 1942 2324 1997 societate
2349 1954 2453 1993 non
2490 1937 2818 2001 excluditur,
2845 1935 2987 2005 quod
3040 1949 3144 1988 non
3196 1933 3477 2001 insigniter
3536 1931 3645 1984 hu-

2065 2034 2312 2090 militatis
2333 2031 2643 2086 eminentiae
2670 2044 2933 2096 suprema:
2961 2028 3272 2082 conveniat.
3297 2026 3433 2079 Cum
3469 2025 3645 2095 igitur

2066 2129 2183 2197 ipsa
2220 2135 2385 2195 caput
2420 2134 2471 2179 et
2506 2132 2693 2177 vertex
2748 2122 2901 2191 quasi
2953 2121 3170 2188 quidam
3229 2120 3496 2175 bonorum
3551 2117 3643 2181 sit,

2066 2233 2173 2272 non
2212 2227 2392 2269 tamen
2425 2213 2686 2267 humilior
2705 2221 2786 2266 est
2816 2212 3091 2283 modestia:
3116 2211 3446 2279 magnitudo,
3481 2224 3642 2275 quam

2067 2304 2686 2363 dilecﬁoniseminentia
2718 2304 2786 2357 sit
2808 2314 2973 2371 atque
2998 2300 3256 2370 dignitas.
3287 2299 3383 2354 Est
3412 2300 3558 2353 enim
3587 2306 3643 2353 et

2067 2416 2164 2469 per
2194 2414 2251 2454 se
2278 2398 2475 2452 bonum
2503 2396 2773 2465 quoddam
2800 2395 3102 2456 humilitas.
3129 2403 3183 2448 et
3217 2406 3501 2471 ostensum
3536 2397 3641 2455 est,

2067 2492 2208 2546 hanc
2265 2506 2387 2545 esse
2429 2490 2741 2543 thesaurum
2806 2489 3070 2541 bonorum
3103 2502 3129 2538 a
3180 2486 3334 2540 nobis
3363 2485 3428 2538 de
3486 2482 3648 2536 rectis

2067 2581 2376 2636 dilectionis
2415 2580 2581 2632 ramis
2608 2579 2989 2632 collecturum.
3021 2576 3389 2642 Quamobrem
3415 2580 3648 2641 utraque

2068 2675 2275 2727 ratione
2309 2670 2758 2741 praestantissima
2791 2679 2894 2723 est.
2924 2669 3057 2722 Nam
3086 2669 3199 2722 sive
3228 2668 3374 2720 illam
3403 2673 3461 2721 ut
3487 2664 3645 2719 finem

2068 2763 2623 2827 consideraverimus,
2644 2759 2783 2813 nihil
2816 2774 2878 2813 ea
2908 2760 3138 2814 melius:
3165 2759 3278 2813 sive
3302 2768 3557 2825 tanquam
3580 2754 3647 2807 ad

2070 2856 2230 2909 linem
2261 2868 2322 2906 ea
2357 2853 2621 2907 fuerimus
2650 2851 2751 2915 usi,
2778 2851 3034 2905 aberrare
3058 2865 3085 2902 a
3112 2864 3278 2918 scopo
3312 2865 3419 2903 non
3453 2861 3650 2913 possu-

2070 2963 2215 3000 mus.
2252 2947 2344 2999 Est
2371 2945 2514 2999 enim
2544 2953 2596 2997 et
2626 2959 2723 3013 per
2753 2957 2811 2997 se
2832 2942 2993 3007 bona,
3030 2954 3284 3010 tanquam
3328 2938 3549 3009 paciﬁca
3596 2946 3651 2990 et

2070 3037 2380 3098 mitissima,
2406 3034 2548 3102 quod
2584 3047 2713 3087 sane
2763 3031 2873 3086 Deo
2925 3030 3202 3100 proprium
3238 3038 3363 3084 est:
3412 3037 3468 3082 et
3507 3026 3651 3081 bona

2073 3138 2280 3186 rursus,
2312 3121 2447 3174 alias
2476 3119 2740 3189 plurimas
2764 3118 2836 3173 ob
2867 3133 3064 3173 causas
3097 3136 3111 3185 ;
3149 3118 3379 3187 ideoque
3429 3117 3651 3171 thesau-

386 3221 670 3283 παντελῶς
690 3221 948 3272 ἀδύνατον
977 3220 1009 3289 ἢ
1037 3220 1321 3289 διαρκέσαι
1347 3221 1582 3291 χρηστόν
1610 3238 1730 3273 τινα
1753 3222 1960 3289 άνθρω-
1992 3216 2038 3278 C
2070 3231 2164 3270 rus

1859 3239 1960 3289 ρω-
1992 3216 2038 3278 C
2070 3231 2164 3270 rus
2186 3217 2451 3269 bonorum
2488 3212 2730 3266 omnium
2760 3222 2813 3266 et
2834 3212 3159 3281 appellatur,
3183 3221 3336 3266 etest
3367 3212 3642 3278 :quando—

389 3330 496 3366 πον
527 3313 676 3375 ὄντα,
705 3310 736 3380 ἢ
771 3310 865 3363 καὶ
896 3309 994 3377 τὴν
1034 3309 1209 3379 ἀρχὴν
1231 3310 1533 3378 γεγονέναι.
1569 3310 1755 3377 Ἴσμεν
1782 3308 1837 3360 δὲ
1873 3309 1966 3359 αὐ-

389 3405 493 3473 τὴν
521 3406 615 3458 καὶ
659 3403 817 3456 τοῦτο
845 3398 1186 3473 χορηγοῦσαν
1211 3404 1343 3471 ἡμῖν
1368 3402 1426 3454 τὸ
1455 3402 1635 3454 καλόν.
1670 3400 1809 3469 Πρὸς
1858 3400 1966 3467 γὰρ

388 3497 485 3550 τὸν
520 3494 935 3566 εἰρηνικὼτατον
982 3494 1075 3546 καὶ
1103 3494 1404 3563 πραότατον
1453 3492 1725 3562 κηδεμόνα
1772 3509 1829 3544 τε
1874 3479 1967 3543 καὶ

389 3580 662 3654 δεσπότην
689 3586 835 3656 ἡμᾶς
893 3585 992 3655 τὴν
1034 3585 1294 3652 ταχίστην
1357 3581 1692 3646 ἀναϐιϐάζει.
1756 3584 1967 3653 Ταύτην

390 3683 505 3751 γὰρ
537 3683 739 3743 ἐκεῖνος
769 3680 1061 3747 ὑπερφυῶς
1090 3677 1367 3739 διανύσας,
1400 3677 1458 3742 ἑξ
1489 3678 1710 3745 ἀγάπης
1745 3677 1964 3744 ἀμηχά-

392 3791 490 3826 νου
513 3772 772 3840 κινηθεὶς,
801 3772 948 3839 ἡμᾶς
979 3772 1040 3822 ἑκ
1062 3769 1153 3822 τοῦ
1180 3768 1455 3839 βαράθρου
1479 3768 1575 3835 τῆς
1616 3769 1714 3837 γῆς
1766 3768 1969 3837 ἀνήγα-

392 3886 494 3935 γεν
525 3870 600 3929 εἰς
626 3866 717 3918 τὸν
743 3865 992 3933 οὐρανὸν,
1021 3863 1321 3932 ἑπομένους
1356 3862 1503 3931 αὐτῷ
1528 3863 1644 3913 κατ’
1699 3862 1861 3930 ἴχνος.
1908 3862 1967 3912 El

394 3960 507 4030 γάρ
536 3959 635 4027 τὴν
660 3956 829 4024 αὐτὴν
859 3954 1054 4023 ἐκείνῳ
1100 3954 1341 4024 χωρήσει
1387 3970 1470 4015 τις
1524 3952 1802 4021 ἀσφαλῶς,
1853 3952 1969 4014 πῶς

393 4055 457 4106 οὐ
502 4051 696 4123 ῥαδίως
728 4048 885 4101 αὐτὸν
913 4045 1284 4115 καταλήψεται
1319 4063 1333 4110 ;
1384 4041 1444 4097 οὗ
1475 4046 1526 4095 τί
1562 4043 1970 4113 μακαριώτερον

394 4146 593 4215 γένοιτ’
616 4143 722 4206 ἆν;
756 4143 850 4195 καὶ
876 4141 961 4193 διὰ
989 4140 1179 4202 ταῦτα,
1214 4139 1309 4192 ἐὰν
1344 4139 1573 4207 παραδῶ
1609 4139 1706 4200 τὰς
1762 4139 1971 4206 σάρκας

398 4256 527 4307 μου,
568 4237 654 4288 ἵνα
722 4233 1111 4300 καυθήσωμαι,
1166 4232 1386 4297 ἀγάπην
1447 4229 1601 4299 δὲμὴ
1650 4229 1778 4297 ἔχω,
1819 4228 1972 4279 οὐδὲν

392 4328 733 4399 ὠφελοῦμαιι
774 4327 883 4380 Καὶ
913 4323 1200 4392 γινώσκειν
1235 4324 1385 4391 παρὰ
1412 4322 1505 4375 τοῦ
1536 4322 1787 4391 Σωτῆρος
1833 4321 1973 4374 δεδί-

391 4426 623 4489 δαγμαι,
662 4417 756 4471 τοῦ
780 4418 959 4488 ἔργοις
1003 4434 1069 4485 με
1114 4417 1173 4467 τὸ
1217 4415 1436 4485 μέτριον
1477 4412 1676 4484 μᾶλλον
1717 4413 1748 4483 ἦ
1796 4413 1972 4479 λόγοις

390 4511 726 4574 διδάξαντος,
762 4507 945 4561 δοῦλον
990 4508 1208 4573 ἀχρεῖον
1278 4504 1534 4575 ἐμαυτὸν,
1584 4504 1713 4556 ὅταν
1765 4504 1971 4572 εὑρεθῶ

393 4603 627 4671 πληρῶν
668 4599 760 4653 καὶ
798 4598 971 4651 πάντα
1000 4598 1068 4649 τὰ
1097 4596 1300 4649 ἑκείνου
1368 4595 1784 4665 προστάγματα.
1849 4596 1970 4649 Ὀτι

394 4696 500 4762 μὲν
533 4687 626 4745 οὖν
652 4689 822 4752 οὕτως
853 4688 963 4757 ἔχει
994 4687 1060 4740 τΞι
1082 4687 1177 4753 τῆς
1207 4684 1427 4755 ἀγάπης
1464 4686 1558 4738 καὶ
1593 4686 1964 4755 μετριότητος,

385 4790 455 4859 ὃῆ
463 4788 573 4840 λον.

472 5052 537 5103 Εἰ
568 5051 625 5103 δὲ
657 5050 720 5117 δὴ
744 5050 839 5101 καὶ
876 5047 1035 5101 τοῦτο
1061 5046 1238 5116 χρεών
1276 5048 1411 5111 ἔστι,
1453 5044 1767 5106 συνελόντας
1821 5044 1970 5112 ἡμᾶς

390 5146 579 5198 εἰπεῖν
608 5142 848 5210 ὡσπερεὶ
873 5140 1423 5209 κεφαλαιωδέστερον,
1454 5138 1717 5207 ἑκατέρας
1744 5132 1970 5205 τοῦργον

389 5237 492 5291 καὶ
522 5234 581 5285 τὸ
615 5233 744 5286 ἴδιον
771 5232 886 5284 ἐστι
922 5232 1021 5301 μὲν
1054 5232 1086 5300 ή
1119 5232 1334 5301 ἀγάπη,
1392 5230 1574 5299 μήτηρ
1600 5245 1658 5280 τε
1695 5227 1835 5292 ἃμα,
1877 5225 1971 5278 καὶ

384 5326 617 5393 τροφὸς,
651 5324 747 5376 καὶ
777 5324 923 5394 ῥίζα,
956 5323 1047 5375 xui.
1079 5322 1287 5391 κρηπὶς
1307 5321 1567 5389 ἄντικρυς
1596 5318 1673 5388 τῷ
1705 5319 1814 5370 τῶν
1845 5319 1972 5385 ἁρε-

388 5420 510 5471 τῶν
539 5418 866 5485 συστήματι,
898 5415 1041 5485 ἀρχή
1073 5432 1132 5465 τε
1164 5416 1273 5476 τοῖς
1296 5411 1539 5465 ὁδεύουσι
1586 5410 1722 5481 πρὸς
1770 5410 1970 5478 ἀρετὴν

394 5511 599 5569 ἅπασι,
631 5506 725 5558 καὶ
753 5506 1020 5580 πλάστης,
1064 5506 1157 5556 καὶ
1179 5502 1460 5571 ἀλείπτης,
1488 5501 1560 5563 ὡς
1593 5501 1659 5553 ἄν
1694 5517 1773 5560 τις
1800 5498 1966 5562 εἴποι,

399 5597 506 5648 καὶ
540 5593 879 5657 ἁπαξαπλῶς
913 5595 1021 5646 πᾶν
1058 5592 1320 5656 τοιοῦτον,
1351 5585 1411 5644 οὗ
1448 5592 1611 5660 χωρῖς
1642 5591 1742 5642 οὐκ
1795 5589 1969 5641 ἔνεστι

387 5684 654 5753 γενέσθαι
685 5701 735 5736 τι
767 5683 875 5735 τῶν
911 5683 1163 5754 χρηστῶν
1210 5685 1329 5744 ταῖς
1387 5682 1684 5751 ἡμετέραις
1723 5679 1919 5748 ψυχαῖς
1953 5697 1966 5711 ’

387 5778 516 5832 ἑστι
539 5775 596 5828 δὲ
624 5777 655 5842 ἡ
690 5774 1156 5843 ταπεινοφροσύνη
1185 5772 1348 5825 οἱονεί
1368 5789 1447 5833 τις
1471 5772 1609 5836 ὁδὸς,
1655 5774 1745 5823 καὶ
1774 5772 1965 5839 πέρας,

386 5867 497 5922 καὶ
523 5865 549 5917 ὃ
575 5881 736 5935 τιπερ
762 5864 823 5917 ἂν
850 5856 1068 5934 γένοιτό
1087 5864 1120 5932 ἢ
1171 5865 1340 5916 νοοῖτο
1391 5862 1625 5933 ἔρεισμα
1670 5861 1763 5915 καὶ
1796 5863 1964 5931 φυλα-

2069 3307 2287 3377 qttidem
2313 3304 2517 3373 absque
2572 3304 2674 3357 hac
2720 3304 2835 3358 fieri
2883 3304 3026 3357 nulla
3082 3302 3293 3356 ratione
3339 3310 3538 3371 potest,
3594 3312 3652 3356 ut

2071 3401 2231 3454 homo
2273 3398 2353 3452 vel
2380 3399 2554 3452 bonus
2582 3411 2703 3451 esse
2729 3403 3063 3465 perseveret,
3092 3395 3174 3448 vel
3226 3396 3394 3448 bonus
3431 3393 3652 3447 omnino

2072 3493 2184 3546 ﬁat.
2224 3490 2483 3544 Eamdem
2511 3490 2714 3543 scimus
2738 3489 2842 3543 hoc
2874 3502 3090 3557 quoque
3114 3486 3243 3541 boni
3279 3486 3439 3541 nobis
3457 3500 3652 3554 suppe-

2070 3584 2267 3638 ditare.
2322 3580 2451 3634 Nam
2497 3580 2563 3634 ad
2602 3593 2813 3634 summe
2868 3578 3156 3648 pacificum
3196 3577 3653 3645 mitissimumqne

2072 3684 2378 3729 curatorem
2422 3687 2486 3725 ac
2536 3672 2817 3724 dominum
2880 3678 3128 3723 nostrum
3161 3682 3323 3738 quam
3363 3667 3652 3723 celerrime

2072 3782 2170 3823 nos
2192 3764 2448 3820 sustullit.
2479 3763 2652 3833 Hujus
2677 3763 2820 3817 enim
2858 3762 2948 3817 ille
2974 3776 3197 3817 cursum
3270 3775 3392 3815 cum
3428 3758 3653 3812 mirifice

2071 3859 2418 3926 complesset,
2448 3870 2632 3909 amore
2663 3864 2839 3908 motus
2868 3852 3160 3916 immenso,
3194 3865 3295 3905 nos
3317 3866 3344 3904 e
3368 3859 3527 3906 terra:
3551 3850 3651 3906 ba-

2074 3951 2258 4003 rathro
2287 3948 2543 4003 subduxit
2569 3948 2633 4000 ad
2656 3947 2876 4011 caelum,
2898 3945 3136 4014 vestigiis
3159 3944 3273 4012 ejus
3300 3943 3649 3999 inhaerentes.

2072 4037 2204 4090 Nam
2229 4038 2270 4091 si
2303 4037 2422 4105 quis
2443 4038 2630 4091 eodem
2664 4050 2783 4089 cum
2848 4036 2939 4088 illo
2989 4048 3179 4088 secure
3211 4043 3398 4102 pergat
3433 4034 3648 4099 itinere,

2072 4145 2180 4199 quo
2209 4138 2365 4199 pacto
2399 4145 2507 4183 non
2542 4130 2605 4182 ad
2649 4144 2771 4184 eum
2814 4128 2974 4182 facile
3002 4128 3331 4196 perveniet?
3372 4142 3478 4196 quo
3521 4141 3651 4180 sane

2073 4223 2202 4291 quid
2242 4222 2492 4276 accidere
2540 4220 2753 4274 beatius
2811 4220 3014 4273 homini
3052 4219 3268 4289 possit?
3320 4219 3547 4286 ideoque
3607 4220 3651 4272 si

2076 4313 2280 4367 tradam
2310 4326 2504 4366 carnes
2540 4326 2709 4374 meas,
2734 4318 2791 4364 ut
2812 4312 3131 4374 comburar,
3160 4309 3501 4365 dilectionem
3525 4324 3653 4363 vero

2074 4422 2179 4461 non
2213 4407 2439 4461 habeam
2473 4422 2489 4471 ;
2526 4404 2656 4458 nihil
2685 4404 2807 4458 inde
2833 4418 3135 4473 consequor
3164 4403 3539 4457 emolumenti.
3588 4402 3656 4455 Et

2075 4502 2299 4554 edoctus
2357 4514 2385 4553 a
2436 4497 2718 4553 Salvatore
2781 4512 2923 4562 sum,
2987 4498 3077 4565 qui
3141 4496 3455 4550 modestiam
3497 4493 3654 4549 factis

2074 4591 2254 4660 potius
2311 4605 2473 4657 quam
2515 4588 2695 4643 verbis
2727 4603 2812 4642 me
2837 4588 3047 4651 docuit,
3084 4594 3140 4640 ut
3174 4587 3433 4657 mcipsnm
3470 4602 3654 4657 agno-

2070 4696 2219 4735 scam
2251 4679 2497 4733 inutilem
2526 4692 2769 4741 servum,
2797 4678 2962 4731 etiam
2990 4692 3113 4730 cum
3168 4676 3419 4729 mandata
3479 4676 3651 4745 ipsius

2068 4772 2250 4827 Omnia
2334 4787 2421 4824 me
2482 4770 2737 4837 implesse
2797 4768 3124 4823 conmiterit.
3181 4767 3468 4821 Enimvero
3519 4768 3656 4820 hanc

2070 4860 2531 4925 tumdilcctionls,
2566 4869 2677 4912 tum
2706 4858 2985 4914 modestiae
3017 4858 3282 4912 rationem
3346 4870 3486 4921 esse,
3540 4870 3658 4909 ma-

2075 4956 2276 5011 nifesto
2313 4968 2377 5022 pa
2389 4964 2490 5007 rel.

2140 5042 2292 5109 Quod
2310 5044 2355 5096 si
2381 5052 2558 5096 autem
2581 5056 2608 5094 a
2632 5041 2784 5096 nobis
2801 5050 2854 5095 et
2876 5041 2979 5095 hoc
3004 5040 3321 5109 requiritur,
3344 5050 3401 5094 ut
3420 5040 3614 5094 breviti
3630 5056 3657 5093 r

2070 5138 2340 5206 quasique
2393 5136 2703 5188 summatim
2744 5134 3026 5202 utriusque
3057 5142 3164 5188 tam
3195 5131 3461 5196 ofﬁcium,
3486 5148 3652 5201 quam

2066 5228 2467 5297 proprietatem
2502 5240 2887 5295 exponamus;
2934 5227 3149 5279 dilectio
3205 5226 3425 5292 quidem
3483 5236 3656 5278 mater

2078 5330 2160 5374 est
2192 5320 2419 5388 pariter,
2450 5329 2501 5373 ει
2525 5319 2729 5384 nutrix,
2787 5329 2840 5371 et
2895 5319 3071 5382 radix,
3105 5326 3158 5369 et
3206 5318 3431 5382 crepido
3492 5318 3654 5370 totius

2077 5410 2342 5462 virtutum
2376 5409 2641 5475 corporis,
2715 5416 2878 5475 atque
2930 5407 3253 5475 principium
3305 5406 3651 5475 pergentibus

2077 5499 2141 5551 ad
2181 5497 2434 5550 virtutem
2460 5495 2752 5560 universis,
2775 5507 2828 5549 et
2860 5495 3169 5558 formatrix,
3204 5508 3256 5550 et
3288 5496 3522 5558 unctrix,
3572 5495 3652 5548 ttti

2077 5590 2200 5659 quis
2228 5588 2450 5655 dixerit,
2482 5598 2535 5643 et
2562 5588 2881 5657 simpliciter
2914 5587 3045 5641 nihil
3075 5602 3181 5641 non
3207 5586 3495 5654 ejusmodi,
3520 5586 3652 5640 abs-

2077 5696 2183 5747 que
2215 5695 2322 5749 quo
2349 5679 2474 5733 boni
2503 5680 2779 5748 quidpiam
2818 5680 3017 5733 nostris
3048 5680 3099 5732 iu
3139 5679 3335 5733 animis
3387 5677 3650 5733 exsistere

2079 5772 2285 5840 nequit.
2326 5769 2613 5823 llumilitas
2646 5785 2773 5823 vero
2805 5770 2960 5837 quasi
3008 5770 3094 5823 via
3153 5768 3400 5837 quaedam
3454 5778 3560 5831 est,
3593 5774 3649 5821 et

2079 5864 2199 5917 linis
2225 5872 2277 5918 ct
2319 5862 2676 5933 quodcunque
2732 5862 2815 5917 vel
2855 5875 2997 5927 esse,
3057 5861 3139 5916 vel
3200 5862 3422 5931 cogitari
3478 5864 3651 5929 possit
