4526 6514
1067 389 1170 450 ί43

2232 381 2629 441 MANUELIS
2669 381 3106 442 I’ALzEOLOGI
4212 387 4318 445 515

1061 486 1754 561 fulerum,accuratumque
1784 493 2093 561 prmsidium
2153 493 2418 545 honorum
2457 492 2631 544 omni-
2663 499 2704 553 Α
2738 493 2839 563 κτή

2529 492 2631 544 tni-
2663 499 2704 553 Α
2738 493 2963 563 κτήριον
2998 495 3222 564 ἀκριϐὲς
3258 496 3475 550 πάντων
3517 497 3644 566 ἐξῆς
3675 499 3780 549 τῶν
3817 497 4023 560 καλῶν,
4050 496 4206 563 iiii;
4259 514 4316 545 τι

1067 607 1177 652 nm,
1207 592 1576 655 virtutumque
1638 585 1923 646 terminus,
1988 593 2037 637 ct
2071 584 2308 653 requies.
2349 595 2400 636 et
2448 595 2632 650 portus

1063 681 1341 742 salutaris,
1405 687 1458 730 ct
1515 677 1668 730 locus
1730 686 1898 741 tutus,
1969 675 2106 728 ultra
2161 671 2320 741 quem
2380 673 2631 743 progredi

1064 773 1276 839 longius
1331 770 1556 822 minime
1581 769 1662 820 fas
1710 778 1811 830 est,
1873 768 1964 819 sed
2012 768 2246 819 victores
2291 767 2375 819 hic
2411 767 2637 818 firmiter

1067 868 1407 927 insistentes,
1471 879 1563 931 spe
1633 861 2036 915 recomlitorum
2115 861 2215 913 sibi
2295 862 2634 928 prmmiorum

1067 967 1235 1009 semet
1272 955 1561 1007 oblectent.
1593 953 1730 1018 Quin
1770 954 1930 1006 etiant
1983 957 2082 1004 hac
2115 952 2325 1003 ratione
2393 951 2536 1004 velut
2584 949 2636 1002 in

1066 1047 1371 1112 aequilibrio
1409 1060 1504 1109 par
1538 1045 1681 1098 istud
1718 1054 1821 1097 est.
1868 1043 2332 1108 Quemadmodum
2395 1043 2536 1094 enim
2595 1041 2637 1092 si

1069 1139 1288 1190 dilectio
1317 1152 1417 1188 non
1464 1137 1630 1201 adsit,
1676 1136 1808 1188 nihil
1848 1135 1970 1186 boni
2041 1134 2156 1187 ﬁeri
2216 1142 2390 1200 potest
2425 1151 2438 1186 :
2475 1133 2547 1184 ita
2593 1131 2638 1185 si

1071 1230 1213 1282 absit
1252 1228 1551 1290 humilitas,
1591 1227 1735 1278 nulla
1756 1225 2058 1278 dilectionis
2105 1225 2242 1278 bona
2293 1223 2449 1276 nobis
2491 1222 2640 1276 salva

1075 1321 1390 1381 manebunt,
1423 1321 1513 1372 sed
1563 1318 1847 1371 confestim
1904 1316 2061 1385 quasi
2108 1315 2312 1384 dilapsa
2367 1313 2640 1381 peribunt,

1075 1409 1246 1460 instar
1293 1409 1644 1461 hibernorum
1705 1407 1920 1467 ﬂorum,
1978 1420 2209 1473 quorum
2263 1404 2514 1470 splendor
2549 1405 2642 1455 diu

1077 1513 1182 1548 non
1223 1496 1488 1560 durat,et
1514 1497 1809 1563 fragrantia
1845 1495 2004 1549 exilis
2051 1503 2153 1557 est,
2211 1503 2263 1548 et
2311 1493 2520 1547 fructus
2569 1492 2646 1543 in-

1079 1589 1451 1656 tempestivus,
1483 1587 1526 1642 si
1583 1588 1814 1640 maxime
1871 1586 2154 1654 proveniat
2183 1601 2246 1638 ac
2291 1592 2643 1646 maturescat,

1077 1681 1502 1748 perexiguusest
1528 1694 1590 1732 ac
1643 1680 1904 1746 ingratus,
1947 1692 2122 1744 neque
2175 1678 2374 1729 durare
2437 1683 2641 1743 potest.

1081 1771 1227 1835 llaec,
1298 1782 1353 1824 ut
1397 1771 1646 1839 equidem
1707 1774 1925 1837 opinor,
1980 1769 2406 1837 proprietatibus
2454 1769 2642 1820 harum

2735 585 2842 636 τῶν
2868 586 3099 651 ἀρετῶν,
3135 588 3224 640 καὶ
3272 589 3600 650 ἀνάπαυσις,
3649 591 3741 641 καὶ
3798 590 4062 656 σωτήριος
4119 588 4315 654 λιμὴν,

2737 678 2824 727 καὶ
2849 677 3046 745 χωρίον
3081 679 3339 745 ἀσφαλὲς,
3365 672 3424 731 οὗ
3449 696 3511 744 γε
3532 681 3612 732 δεῖ
3641 681 3713 747 μὴ
3746 681 4056 748 περαιτέρῳ
4087 683 4314 748 χωρεῖν,

2736 767 2850 819 ἀλλ’
2908 769 3154 836 ἑδραίους
3200 771 3521 837 ἱσταμένους
3573 771 3802 822 ἐνταῦθα
3864 775 3991 830 τοὺς
4047 771 4318 837 ἀριστέας

2739 860 3125 926 εὐφραίνεσθαι
3158 863 3276 921 ταῖς
3307 861 3487 912 ὲλπίσι
3537 862 3644 913 τῶν
3694 862 4072 928 ἀποκειμένων
4127 862 4321 920 αὐτοῖς

2739 952 2938 1021 γερῶν.
2973 952 3082 1003 Καὶ
3119 953 3225 1022 μὴν
3258 953 3350 1004 καὶ
3381 956 3522 1006 κατά
3570 954 3687 1006 τόδε
3747 954 4031 1023 ἰσόρροπός
4082 955 4236 1004 ἐστιν
4286 955 4318 1019 ή

2743 1041 2970 1111 ξυνωρὶς
2991 1042 3151 1110 αὕτη.
3197 1044 3282 1104 Ὠς
3310 1044 3420 1110 γάρ
3466 1043 3565 1110 τῆς
3595 1043 3816 1111 ἀγάπης
3847 1043 4115 1109 ἀπούσης,
4164 1043 4321 1093 οὺδὲν

2741 1135 2807 1188 ἂν
2827 1134 3002 1202 δήπου
3042 1133 3147 1185 τῶν
3185 1135 3404 1201 ἀγαθῶν
3427 1135 3658 1201 γένοιτο,
3693 1133 3834 1186 οὕτω
3865 1135 3957 1184 καὶ
3987 1135 4084 1201 τῆς
4126 1149 4324 1184 ταπει-

2743 1220 3077 1291 νοφροσύνης
3117 1222 3529 1290 ἀφεστηκυίας,
3597 1221 3749 1272 οὐδὲν
3815 1222 3946 1287 ἡμῖν
4003 1218 4326 1286 παραμενεῖ

2746 1317 2852 1366 τῶν
2904 1315 3006 1380 τῆς
3062 1312 3281 1382 ἀγάπης
3334 1312 3540 1374 καλῶν,
3590 1311 3723 1363 ἀλλά
3775 1311 3974 1362 αὐτίκα
4030 1309 4324 1376 οἰχήσεται

2748 1405 3127 1473 καταρρυέντα
3177 1405 3305 1474 περὶ
3339 1403 3497 1467 αὐτὰ,
3549 1404 3686 1454 κατά
3745 1401 3813 1451 τὰ
3871 1399 4162 1469 χειμερινά
4207 1397 4324 1449 τῶν

2746 1489 3068 1556 ἀνθέων,ὧν
3099 1495 3197 1546 οὐκ
3257 1497 3335 1556 είς
3375 1493 3582 1562 μακρδν
3626 1493 3654 1558 ἡ
3700 1491 4041 1558 λαμπρότης,
4098 1490 4194 1539 καὶ
4263 1491 4325 1537 te

2748 1589 2944 1649 εὑῶδες
2975 1587 3203 1656 ἀδρανές
3228 1603 3240 1615 °
3271 1587 3362 1638 καὶ
3395 1588 3422 1637 ὁ
3455 1584 3528 1654 μὴ
3560 1584 3656 1635 σὺν
3712 1581 3829 1650 ῶρᾳ
3880 1580 4088 1648 καρπὸς
4125 1580 4178 1630 ετ
4217 1582 4324 1628 πού

2748 1701 2811 1750 γε
2840 1683 2933 1734 καὶ
2979 1682 3205 1748 γένοιτο,
3237 1681 3328 1730 καὶ
3373 1676 3778 1744 τελεσφορήσει,
3830 1671 4073 1738 ἐξίτηλός
4106 1688 4189 1736 τις
4227 1670 4328 1723 καὶ

2749 1772 2942 1841 ἀηδὴς,
2970 1771 3063 1822 καὶ
3101 1771 3344 1842 διαρκεῖν
3377 1767 3450 1837 μὴ
3473 1766 3786 1831 δυνάμενος.
3843 1763 4015 1814 Ταυτὶ
4079 1761 4179 1827 μὲν
4228 1760 4327 1811 οὖν

1080 1838 1458 1929 congruerint.
1501 1862 1638 1926 Quid
1674 1873 1854 1914 autem
1893 1863 1970 1914 eis
2002 1875 2292 1914 commune
2323 1859 2416 1919 sit,
2443 1873 2646 1925 coguo-
2678 1838 2720 1894 Β
2751 1838 2865 1932 ἀρμ

2539 1873 2646 1913 ῑιιο·
2678 1838 2720 1894 Β
2751 1838 3042 1932 ἁρμόσειεν
3071 1861 3136 1913 ἂν
3163 1838 3317 1928 οἶμαι
3337 1861 3456 1920 ταῖς
3486 1856 3710 1908 ἐκείνων
3738 1854 3996 1922 ἰδιότησιν
4026 1869 4040 1881 ’
4075 1853 4103 1903 ὃ
4128 1853 4183 1902 δὲ
4209 1869 4326 1902 xor.-

1080 1965 1233 2004 scere
1257 1951 1300 2003 si
1331 1953 1516 2016 cupias
1549 1968 1562 2004 :
1597 1951 1651 2004 id
1698 1964 1812 2004 mea
1848 1965 1976 2005 sane
2027 1950 2293 2005 sententia
2331 1950 2432 2002 hoc
2475 1948 2649 2016 ipsum

1086 2042 1352 2109 imprimis
1392 2041 1575 2096 fuerit.

1157 2221 1290 2275 Esse
1322 2219 1447 2271 mihi
1485 2218 1738 2272 videntur
1771 2217 1867 2272 alte
1893 2217 2045 2272 illius
2100 2217 2328 2285 egregia:
2367 2217 2651 2280 columbae,

1092 2312 1344 2363 nimirum
1385 2309 1637 2378 Spiritus,
1667 2324 1802 2378 quas
1827 2319 1878 2361 et
1907 2307 2136 2362 Davides
2161 2308 2390 2375 Optavit,
2428 2318 2485 2360 ut
2508 2323 2650 2358 avo-

1090 2404 1229 2455 laret
1271 2419 1332 2456 ac
1378 2403 1763 2470 requiesceret.
1812 2400 1917 2455 Sed
1981 2401 2374 2469 reprehendent
2427 2399 2656 2453 fortasse

1094 2511 1190 2547 nos
1221 2495 1460 2563 quidam,
1499 2505 1556 2547 ut
1584 2495 1670 2560 qui
1712 2502 1910 2546 metum
1962 2492 2236 2546 dilectioni
2296 2509 2400 2546 non
2437 2507 2652 2560 pra'po-

1093 2585 1385 2637 suerimus.
1438 2584 1607 2635 Aiunt
1659 2583 1802 2634 enim
1863 2581 2028 2634 divini
2062 2583 2333 2646 doetores,
2367 2582 2481 2649 pios
2513 2582 2658 2634 viros

1095 2675 1412 2741 incipientes
1443 2675 1508 2727 ad
1546 2673 1796 2726 virtutem
1855 2675 2094 2736 temlere,
2127 2688 2156 2724 a
2211 2684 2352 2725 metu
2387 2672 2655 2741 supplicii,

1096 2773 1350 2832 tanquam
1384 2782 1410 2816 a
1456 2765 1788 2829 carceribus,
1833 2763 2113 2832 progredi;
2150 2765 2338 2817 deimle
2395 2777 2487 2832 per
2527 2763 2659 2816 alias

1097 2858 1372 2926 pergendo
1409 2857 1784 2927 cogitationes,
1845 2857 1908 2909 ad
1950 2871 2188 2909 amorem
2241 2857 2530 2924 quemdam
2567 2856 2661 2908 ad—

1099 2949 1398 3003 mirabilem
1427 2949 1825 3002 rcconditarum
1858 2947 2174 3001 fruitionum
2219 2950 2499 3016 pervenire
2521 2987 2539 3012 ,
2571 2959 2659 3000 at-

1099 3054 1203 3106 que
1235 3041 1377 3092 hunc
1410 3041 1462 3092 in
1491 3040 1709 3093 modum
1748 3039 1992 3105 deposito
2028 3049 2197 3102 metu,
2251 3054 2490 3092 amorem
2533 3054 2660 3109 erga

2753 1956 2840 2008 νόν
2873 1956 3016 2006 ἐστιν
3063 1953 3268 2014 αὐτοῖς,
3321 1951 3438 2016 είγε
3499 1947 3720 2014 ζητοίης
3766 1945 3980 2015 μαθεῖν,
4029 1946 4205 1996 ἐκεῖνο
4261 1945 4326 1994 ἂν

2753 2047 2836 2110 είη
2887 2044 3115 2112 μάλιστα
3150 2044 3398 2106 πάντων,
3457 2040 3530 2103 ὠς
3567 2041 3753 2109 ἔμοιγε
3797 2039 4131 2108 παρίσταται
4199 2037 4328 2102 περὶ

2752 2137 2942 2189 τῶνδε.

2825 2226 3050 2280 Δοκοῦσί
3109 2245 3196 2295 μοι
3247 2227 3517 2294 πτέρυγες
3575 2217 3714 2274 εἶναι
3770 2222 3973 2272 ἐκεῖναι
3999 2219 4098 2285 τῆς
4153 2217 4327 2285 καλῆς

2757 2320 3106 2388 περιστερᾶς,
3143 2318 3342 2387 δηλαδὴ
3369 2317 3460 2368 τοῦ
3496 2315 3830 2382 Πνεύματος,
3860 2307 3936 2364 ὧν
3967 2315 3992 2362 ὁ
4020 2311 4187 2362 Δαϐδ
4231 2312 4331 2360 ἒπ-

2757 2411 3057 2479 εθύμησεν,
3096 2410 3171 2471 ῶς
3232 2407 3564 2475 πετασθῆναι
3619 2407 3708 2458 καὶ
3762 2403 4142 2456 καταπαῦσαι.
4191 2401 4313 2452 Ἀλλ

2760 2503 2888 2562 ἴσως
2919 2501 2979 2567 γέ
3005 2518 3146 2561 τινες
3176 2500 3331 2567 ἡμῶν
3360 2497 3738 2566 ἐπιλήψονται,
3775 2496 3848 2556 ὡς
3879 2495 3952 2562 μὴ
3979 2493 4078 2559 τῆς
4106 2493 4328 2558 ἀγάπης

2761 2592 3184 2663 προτεθεικότιυν
3207 2592 3297 2642 τὸν
3326 2590 3506 2658 φόϐον.
3544 2587 3762 2655 Ἐπειδὴ
3791 2603 3953 2651 φασιν
3989 2587 4036 2635 οἱ
4070 2583 4207 2634 θεῖοι
4253 2582 4333 2632 δι-

2762 2685 3036 2747 δάσκαλοι,
3093 2683 3166 2745 ὡς
3233 2684 3280 2734 οί
3328 2681 3571 2742 εὐσεϐεῖς
3622 2681 3811 2746 ἄνδρες
3843 2678 4134 2746 ἀρχόμενοι
4199 2677 4331 2743 πρλς

2765 2776 2965 2846 ἀρετὴν
2995 2775 3311 2842 ἀνάγεσθαι,
3359 2772 3466 2824 ἀπὸ
3517 2769 3612 2822 τοῦ
3667 2770 3764 2836 τῆς
3816 2770 4088 2828 κολάσεως
4137 2767 4331 2831 φόϐου,

2762 2869 2836 2932 ὡς
2867 2869 2974 2921 ἀπὸ
3000 2867 3263 2936 βαλϐῖδος,
3291 2864 3585 2934 ὀρμῶνται.
3622 2857 3752 2914 Εἶτα
3784 2861 3850 2912 δι’
3887 2859 4062 2911 ἀλλων
4118 2857 4332 2908 ὁδεύον-

2765 2976 2856 3022 τες
2898 2957 3194 3024 λογισμῶν,
3263 2953 3611 3006 καταντῶσιν
3683 2952 3762 3012 εἰς
3831 2949 4150 3016 θαυμαστόν
4214 2965 4334 3000 τινα

2766 3049 2941 3117 ἔρωτα
2967 3048 3072 3099 τῶν
3101 3047 3476 3113 ἀποκειμένων
3497 3042 3871 3096 ἀπολαύσεων.
3925 3041 4033 3091 Καὶ
4066 3040 4243 3110 ταύτῃ
4275 3056 4334 3105 γε

1105 3131 1265 3184 Deum
1297 3131 1721 3199 apprehendere.
1748 3130 1959 3199 Quippe
1990 3140 2264 3200 nequeunt
2291 3135 2448 3185 ambo
2503 3134 2650 3200 pari-
2687 3158 2731 3218 ο
2765 3141 2892 3205 τδνς

2547 3134 2650 3185 ari-
2687 3158 2731 3218 c
2765 3141 2853 3191 τὸν
2875 3140 3035 3205 φόϐον
3063 3138 3406 3205 ἀποθέμενοι,
3441 3138 3539 3204 τῆς
3582 3136 3719 3199 πρὸς
3780 3133 3871 3184 τὸν
3926 3131 4062 3183 Θεδν
4111 3133 4334 3197 ἀγάπης

1100 3235 1182 3274 ter
1205 3223 1410 3286 adesse,
1452 3224 1544 3276 sed
1579 3240 1642 3277 ex
1682 3224 1759 3276 cis
1787 3223 2019 3277 alterum
2052 3225 2169 3277 loco
2217 3223 2408 3277 cedere
2442 3238 2660 3276 necesse

1100 3323 1205 3376 est,
1257 3315 1527 3382 siquidem
1561 3316 1790 3368 alterum
1849 3317 2037 3369 adesse
2091 3315 2306 3368 debeat.
2349 3316 2471 3368 lla‘c
2505 3317 2664 3385 igitur

1103 3407 1200 3466 illi,
1230 3407 1296 3459 de
1329 3407 1479 3460 hisce
1501 3406 1707 3460 duobus
1737 3407 2085 3468 disserentes,
2106 3407 2518 3475 adeoquelouge
2553 3406 2668 3473 plu-

1105 3513 1161 3549 ra
1194 3499 1607 3566 pulchrioraque
1641 3501 1879 3552 tradunt.
1917 3499 2028 3568 Ego
2077 3514 2206 3553 vero
2251 3500 2669 3567 reprehensuros

1106 3592 1224 3643 illos
1263 3593 1560 3644 orationem
1634 3592 1865 3646 fortasse
1960 3603 2224 3655 nostram,
2280 3593 2458 3646 verbis
2490 3591 2672 3656 hujus-

1107 3681 1248 3733 mudi
1278 3682 1692 3749 compellavero.
1753 3680 1895 3733 Heus
1956 3692 2033 3745 tu,
2069 3683 2207 3737 bone
2258 3683 2357 3745 vir,
2389 3684 2489 3735 hoc
2506 3681 2669 3735 etiam

1108 3775 1554 3826 considerandum
1587 3777 1750 3827 venit.
1781 3775 1906 3828 Mihi
1941 3775 2274 3842 propositum
2306 3785 2423 3827 erat
2453 3775 2520 3826 ab
2573 3772 2675 3824 ini-

1109 3868 1205 3927 tio,
1257 3867 1322 3919 de
1385 3867 1692 3930 viututibus,
1728 3875 1782 3920 et
1815 3881 2000 3921 earum
2051 3867 2193 3921 inter
2251 3880 2310 3919 se
2347 3865 2672 3934 cognatione

1109 3959 1360 4025 quiddam
1393 3959 1542 4026 quasi
1576 3958 1936 4027 perfunctorie
1965 3959 2249 4019 disserere,
2293 3972 2398 4010 non
2423 3957 2486 4010 de
2507 3955 2674 4010 aﬂ‘ec-

1112 4053 1252 4103 tibus
1273 4050 1439 4118 loqui.
1471 4049 1674 4114 thuia
1696 4058 1894 4102 metum
1915 4048 2027 4102 scio
2065 4063 2168 4101 non
2203 4047 2520 4102 laudabilem
2544 4047 2676 4101 aﬂ‘e-

1111 4157 1256 4194 cuun
1290 4155 1412 4194 esse
1436 4156 1530 4208 per
1552 4155 1630 4203 se,
1660 4141 1787 4195 licet
1838 4143 1902 4192 ad
1930 4138 2133 4208 optima
2156 4153 2383 4208 qumque
2414 4152 2674 4206 coepere-

1113 4247 1219 4294 tur,
1249 4233 1292 4284 si
1326 4233 1619 4286 secundum
1674 4232 1836 4284 Deum
1885 4231 2003 4294 sit;
2055 4230 2279 4283 minime
2330 4228 2672 4282 referendum

1114 4325 1253 4375 inter
1280 4323 1505 4374 virtutes
1534 4323 1745 4384 censui,
1786 4329 2118 4389 quapropter
2150 4335 2258 4372 non
2289 4319 2382 4372 abs
2417 4333 2476 4372 re
2508 4319 2676 4371 silen-

1115 4418 1186 4466 tio
1223 4415 1523 4482 praeteritus
1553 4424 1654 4467 est.
1687 4413 1870 4480 Itaque
1900 4414 2010 4466 Deo
2035 4421 2087 4465 te
2140 4411 2363 4477 juvante
2419 4411 2470 4463 in
2500 4411 2677 4464 susci-

2767 3231 3244 3297 ὲπιλαμϐάνονται.
3271 3227 3347 3280 Οὐ
3387 3227 3496 3294 γὰρ
3531 3225 3678 3276 ἐστιν
3705 3226 3873 3292 ἀμφω
3903 3225 4190 3288 παρεῖναι,
4226 3221 4337 3273 ἀλλ’

2767 3324 3061 3388 ἀναγκαῖον
3096 3319 3446 3388 ὑποχωρῆσαι
3479 3317 3536 3367 τὸ
3559 3316 3770 3383 ἕτερον,
3815 3316 3862 3365 εί
3928 3313 4114 3380 μέλλει
4164 3329 4339 3378 παρα-

2768 3413 3011 3481 γίνεσθαι
3045 3413 3290 3480 θάτερον.
3325 3409 3492 3459 Ταυτὶ
3542 3408 3641 3476 μὲν
3678 3405 3771 3458 οὖν
3818 3407 4037 3470 ἐκεῖνοι,
4087 3407 4154 3457 τά
4212 3407 4339 3473 περὶ

2769 3505 2940 3556 τοῖνδε
2979 3500 3420 3570 φιλοσοφοῦντες,
3451 3501 3545 3551 καὶ
3572 3499 3743 3550 πλείω
3780 3498 3873 3549 καὶ
3922 3498 4130 3548 καλλίω
4159 3496 4340 3562 πολλῷ

2770 3595 2847 3662 τῷ
2877 3596 3119 3661 περιόντι
3149 3594 3490 3644 διδάσκουσιν
3526 3609 3540 3622 ·
3575 3591 3686 3656 ἐγὼ
3733 3589 3777 3639 δ’
3812 3589 3879 3641 ἂν
3919 3590 4133 3654 εἴποιμι
4170 3587 4341 3638 ταῦτα

2773 3691 2907 3757 πρὸς
2935 3691 3056 3750 τοὺς
3096 3686 3524 3755 ὲπιληῲομένους
3559 3685 3688 3745 ἴσως
3719 3683 3813 3734 τοῦ
3860 3683 4037 3748 λόγου.
4109 3682 4253 3734 Ἀλλ’
4300 3675 4343 3731 ὦ

2771 3785 2890 3842 τᾶν,
2920 3783 3140 3833 σκοπεῖν
3167 3780 3384 3830 κάκεῖνο
3414 3777 3539 3844 χρή.
3589 3776 3646 3828 Ὀ
3672 3775 3778 3842 γὰρ
3817 3774 3938 3840 ἐμοὶ
3989 3773 4195 3831 σκοπὶς
4257 3771 4345 3834 ἐξ-

2774 3872 2948 3941 αρχῆς
2983 3871 3112 3938 περὶ
3143 3868 3352 3936 ἀρετῶν
3381 3866 3592 3932 καὶτῆς
3627 3865 3708 3925 είς
3729 3863 3957 3930 ἀλλήλας
3983 3863 4347 3929 γνησιὸτητος

2774 3965 2946 4014 εἰπεῖν
2968 3979 3040 4026 τι,
3075 3963 3167 4012 καὶ
3189 3957 3599 4025 ἀφοσιώσασθαι
3632 3953 3719 4025 ἦν,
3756 3956 3815 4006 οὐ
3849 3955 3976 4022 περί
4033 3954 4227 4004 παθῶν
4266 3955 4350 4004 λέ-

2777 4073 2909 4122 γειν.
2946 4055 3052 4104 Καὶ
3083 4052 3380 4118 ἐπειδήπερ
3400 4050 3489 4100 τόν
3519 4048 3681 4114 φόϐον
3719 4045 3889 4106 πάθος
3920 4045 4019 4096 οὐκ
4058 4045 4349 4095 ἐπαινετὶν

2775 4142 2893 4198 οἴδα
2914 4143 2972 4196 τὸ
3003 4143 3123 4194 καθ’
3145 4141 3324 4204 αὑτὸν,
3353 4141 3398 4190 εί
3424 4140 3516 4190 καὶ
3550 4138 3804 4206 συνεργεῖ
3832 4137 3967 4203 πρὸς
3999 4138 4065 4186 τὰ
4092 4136 4348 4200 βέλτιστα

2776 4236 2916 4290 κατά
2937 4235 3067 4288 Θεδν
3090 4233 3393 4300 γινόμενος,
3430 4231 3530 4282 οὐκ
3565 4231 3621 4280 ἐν
3655 4228 3732 4298 τῷ
3761 4226 3907 4295 χορῷ
3965 4227 4076 4276 τῶν
4138 4227 4349 4292 ἀρετῶν

2777 4326 2967 4378 τοῦτον
2994 4325 3202 4392 ἠξίωσα
3260 4322 3440 4385 τάξαι.
3504 4322 3740 4380 Εἰκότως
3802 4314 3895 4369 οὖν
3928 4318 4216 4384 σεσίγηται
4270 4317 4351 4367 διὰ

2782 4415 2974 4468 ταῦτα.
3017 4413 3152 4466 Θεοῦ
3194 4431 3274 4464 σοι
3339 4413 3522 4463 τοίνυν
3582 4411 3976 4478 συναιρομένου
4037 4409 4174 4474 πρὸς
4227 4411 4351 4466 τοὺς

1114 4507 1321 4572 piendis
1353 4521 1447 4572 pro
1476 4506 1669 4559 virtute
1717 4504 2112 4558 certaminibus
2142 4504 2449 4573 (uamillum
2477 4502 2664 4555 venire
2690 4495 2743 4554 D
2776 4509 2901 4574 ὑπὲρ

2561 4502 2664 4554 tire
2690 4495 2743 4554 Β
2776 4509 2915 4574 ὑπὲρ
2949 4505 3147 4573 ἀρετῆς
3177 4503 3372 4563 ἀθλους
3397 4501 3496 4570 (δεῖ
3516 4501 3625 4568 γάρ
3656 4503 3861 4552 ἐκεῖνον
3920 4499 4154 4566 μερίτην
4212 4495 4348 4548 εἷναί

1115 4611 1290 4651 tecum
1318 4599 1366 4648 in
1406 4609 1607 4666 partem
1641 4597 1880 4651 laborum
1911 4611 2130 4650 necesse
2155 4604 2258 4658 est,
2287 4596 2330 4649 si
2365 4594 2494 4663 quid
2522 4609 2677 4662 egre.

1115 4693 1200 4758 gie
1256 4691 1329 4742 sis
1383 4687 1753 4755 praestaturus)
1801 4687 2012 4740 caeteris
2043 4687 2297 4753 praeditus
2362 4684 2676 4748 virtutibus,

1116 4793 1168 4834 et
1199 4797 1426 4835 exorsus
1468 4797 1495 4833 a
1545 4780 1833 4833 dilectione
1859 4779 2130 4831 mordicus
2177 4779 2440 4832 inluereto
2499 4778 2680 4830 mode-

1117 4877 1266 4936 stize;
1300 4888 1418 4940 qum
1448 4872 1660 4940 quidem
1691 4871 1794 4923 hoc
1828 4869 1920 4922 tibi
1966 4869 2184 4929 tribuet,
2237 4878 2294 4920 ut
2329 4883 2452 4921 vere
2506 4868 2681 4921 bonus

1119 4965 1312 5026 factus,
1360 4965 1410 5016 in
1443 4965 1596 5016 bonis
1640 4975 1981 5032 perseveres,
2013 4960 2246 5027 talisque
2277 4961 2352 5014 sis
2377 4975 2440 5013 ac
2493 4959 2679 5012 videa-

1119 5060 1212 5117 ris,
1245 5055 1332 5121 qui
1360 5056 1534 5121 capite
1562 5069 1658 5106 suo
1713 5054 1954 5121 recipere
1991 5051 2184 5120 dignus
2236 5053 2305 5106 sit
2332 5062 2385 5105 et
2442 5064 2661 5104 servare

1123 5161 1353 5198 coronas
1384 5146 1538 5199 bonis
1582 5145 1714 5198 viris
1741 5145 2032 5212 repositas,
2073 5153 2128 5199 et
2159 5143 2379 5211 quidem
2411 5153 2666 5211 expertes

1120 5239 1376 5290 interitus
1407 5253 1671 5305 ;quarum
1709 5238 1990 5290 materiem
2049 5234 2422 5288 laudatissima
2458 5233 2678 5286 dilectio

1122 5327 1447 5393 suppeditat,
1479 5337 1532 5379 et
1565 5341 1696 5393 quas
1727 5338 1938 5379 caetera:
1969 5326 2192 5379 virtutes
2214 5333 2533 5388 contexunt,
2570 5338 2685 5376 mo-

1124 5417 1403 5484 destiaque
1467 5417 1737 5485 capitibus
1794 5417 1926 5479 illis,
1960 5417 2162 5486 quibus
2210 5418 2560 5480 conveniunt,
2585 5417 2684 5467 im-

1126 5507 1296 5572 lmuit.
1343 5507 1457 5571 Quo
1487 5507 1568 5572 fit,
1608 5516 1665 5559 ut
1700 5507 1868 5560 solam
1923 5508 2060 5560 inter
2093 5508 2314 5559 virtutes
2340 5521 2528 5560 omnes
2577 5521 2692 5558 mo-

1128 5599 1351 5650 destiam
1402 5597 1826 5651 demonstratum
1871 5598 1939 5650 sit
1979 5614 2094 5650 eam
2135 5612 2276 5660 esse,
2334 5613 2451 5665 quae
2484 5613 2684 5650 coron-t

1125 5706 1227 5742 nos
1258 5691 1488 5742 redimit.
1511 5688 1827 5743 Modestiam
1849 5706 1977 5744 vero
2001 5691 2226 5759 appello,
2249 5692 2299 5743 in
2323 5691 2552 5742 sublime
2576 5691 2692 5757 qui-

1126 5784 1250 5835 dem
1276 5781 1572 5836 attollentia
1629 5783 1824 5849 facere,
1861 5785 1952 5838 scd
1992 5785 2205 5838 interim
2239 5783 2394 5837 valde
2444 5781 2686 5835 modeste

2780 4615 2861 4650 σοι
2913 4597 3079 4648 τῶνδε
3122 4595 3227 4647 τῶν
3255 4594 3454 4656 πόνων,
3507 4594 3556 4642 εί
3601 4591 3816 4658 μέλλεις
3848 4607 3899 4641 τι
3927 4575 4345 4656 κατορθώσειν),

2779 4685 2916 4752 ἔχων
2944 4685 3042 4744 τὰς
3069 4683 3233 4735 ἀλλαε
3264 4682 3485 4747 ἀρετάς,
3516 4680 3578 4729 ἐκ
3609 4679 3709 4745 τῆς
3743 4678 3960 4745 ἀγάπης
4021 4678 4346 4745 ἀρχόμενος.

2779 4775 2949 4838 ἀπρὶξ
2985 4775 3108 4843 ἔχου
3137 4775 3232 4842 τῆς
3273 4773 3642 4842 μετριότητος,
3685 4769 3752 4821 δι’
3780 4770 3846 4837 ἣν
3908 4769 3972 4820 ἀν
4030 4769 4222 4836 σχοίης
4278 4770 4347 4828 ὡς

2780 4869 2994 4938 ἀληθῶς
3023 4866 3224 4933 ἀγαθὸς
3249 4867 3535 4932 γενόμενος
3565 4862 3916 4926 ὲναπομεῖναι
3946 4861 4056 4920 τοῖς
4103 4859 4346 4923 ἀγαθοῖς,

2780 4957 2918 5014 εἶναί
2954 4976 3010 5009 τε
3040 4955 3277 5016 τοιοῦτος
3303 4956 3391 5006 καὶ
3418 4953 3613 5016 δοκεῖν,
3641 4947 3752 5011 οἷος
3773 4952 3839 5002 ἂν
3874 4947 4129 5010 δέξασθαι
4160 4951 4225 5016 τῇ
4268 4965 4349 4998 κε-

2783 5051 2925 5120 φαλῇ
2963 5047 3055 5099 καὶ
3085 5045 3322 5114 τηρῆσαι
3348 5043 3470 5101 τοὺς
3499 5045 3610 5102 τοῖς
3642 5039 3868 5107 ἀγαθοῖς
3894 5038 4158 5106 ἀνδράσιν
4210 5040 4346 5087 ἀπσ-

2784 5141 3060 5208 κειμένους
3094 5136 3411 5203 στεφάνους,
3437 5131 3747 5200 ἀφθάρτους
3770 5131 3929 5192 ὄντας
3954 5147 3966 5160 ·
3994 5127 4069 5184 ὧν
4091 5133 4190 5201 τὴν
4220 5134 4346 5198 ὕλην

2788 5235 2884 5302 μὲν
2922 5231 3148 5298 παρέχει
3178 5228 3238 5278 τὸ
3272 5227 3365 5292 τῆς
3395 5223 3614 5289 ἀγάπης
3655 5221 4092 5289 πολυθρόλλητον
4137 5224 4345 5290 χρῆμα,

2784 5327 2841 5377 αι
2873 5325 2927 5374 δὲ
2950 5322 3106 5375 ἀλλαι
3137 5321 3328 5387 ἀρεταὶ
3357 5315 3577 5373 τούτους
3609 5313 3883 5375 πλέκουσι,
3936 5313 3997 5363 τὸ
4046 5312 4105 5364 δέ
4151 5331 4213 5379 γε
4263 5315 4349 5380 μέ.

2785 5410 3264 5483 τριονὲπιτίθησιν
3296 5401 3379 5467 αἷς
3429 5407 3494 5457 ἂν
3547 5405 3802 5472 ἁρμόσειε
3854 5403 4136 5467 κεφαλαῖς.
4189 5406 4345 5456 Ὥστε

2789 5508 2880 5556 καὶ
2923 5501 3056 5570 μόνη
3108 5499 3216 5551 τῶν
3265 5496 3474 5565 ἀρετῶν
3516 5494 3842 5561 στεφοθέτης
3866 5494 4137 5545 δέδεικται
4187 5497 4218 5560 ἡ
4263 5511 4349 5561 με·

2789 5590 3179 5661 τριοφροσύνη.
3221 5589 3380 5650 Λέγω
3423 5586 3476 5636 δὲ
3527 5585 3994 5652 μετριοφροσύνην
4055 5585 4116 5636 τὸ
4178 5589 4348 5635 ποιεῖν

2796 5686 2892 5750 μὶν
2922 5685 2986 5732 τά
3021 5679 3278 5746 ὑψοῦντα,
3309 5677 3524 5744 φρονεῖν
3553 5674 3608 5726 δὲ
3645 5674 3787 5725 πάνυ
3819 5675 4008 5742 μέτρια
4047 5691 4060 5703 ο

2793 5777 2930 5844 γάλα
2966 5771 3290 5841 πράττοντα,
3321 5763 3579 5835 μηδαμῶς
3605 5763 3926 5834 ἐπαίρεσθαι
3969 5781 3982 5795 ·

4113 5676 4206 5724 καὶ
4257 5692 4345 5740 με·

4031 5766 4121 5816 καὶ
4154 5767 4247 5834 τὴν
4280 5768 4345 5824 εἰς
