4526 6514
131 544 241 611 545

1497 536 1787 597 ORATIO
1826 537 1961 597 VII.

3265 530 3370 598 546

140 662 267 731 ὕψος
301 658 527 728 πορείαν
551 655 893 725 ποιούμειον,
942 653 1123 708 δοκεῖν
1159 650 1378 705 ἑστάναι
1430 650 1565 720 μετὰ
1598 649 1706 701 τῶν
1739 660 1779 712 Α
1808 650 1873 703 de
1907 664 1927 702 ε

1598 649 1706 701 τῶν
1739 660 1779 712 Α
1808 650 1873 703 de
1907 663 1966 702 se
1996 647 2229 713 sentire;
2268 660 2576 716 magnaque
2610 655 2981 716 prmstautem,
3022 657 3363 716 nequaquam

135 755 310 808 κάτω·
334 751 394 802 οὐ
423 749 501 818 τῷ
527 749 692 817 μηδὲν
713 746 889 814 ἐαυτῷ
915 745 1208 798 συνειδέναι
1244 742 1423 804 καλῶς
1454 741 1693 793 ποιοῦντι

138 843 275 913 (πῶς
302 843 407 912 γάρ
436 842 498 911 ς),
540 839 670 890 ἀλλὰ
726 838 804 906 τῷ
861 838 1038 899 καλῶς
1096 836 1295 889 ειδέναι
1357 832 1694 901 ὑψηλοτέρας

135 935 298 995 οὔσας
332 933 426 993 τὰς
458 930 660 1001 ἀρετὰς
691 929 800 981 τῶν
835 927 1119 996 ἡμετέρων
1146 925 1339 995 ἔργων.
1380 921 1556 975 Τοῦτο
1585 922 1693 991 γὰρ

134 1025 281 1095 οἶμαι
312 1023 774 1092 ταπεινοφρόνων,
809 1022 868 1074 οὺ
893 1021 954 1072 τὸ
999 1018 1176 1087 φαῦλα
1216 1018 1549 1085 πράττοντας
1602 1031 1694 1068 και

136 1118 349 1168 πολλῶν
379 1116 504 1178 ἄξια
528 1114 764 1183 θρήνων,
821 1113 970 1165 κάτω
1023 1126 1123 1161 που
1188 1107 1417 1160 κύπτειν
1468 1106 1692 1169 ἐθέλειν,

136 1211 327 1276 καὶμὴ
351 1208 449 1277 τὴν
488 1207 659 1275 ὀφρὺν
681 1204 949 1272 ἀνασπᾷν.
984 1203 1056 1254 Τὸ
1079 1202 1182 1269 γὰρ
1216 1198 1281 1267 δὴ
1316 1196 1527 1268 μεγάλα
1565 1212 1695 1263 φροο

135 1303 245 1353 νεῖν
273 1299 443 1361 οὕτως
468 1298 660 1367 ἔχοντα
689 1296 809 1348 οὐδὲ
842 1294 933 1347 νοῦ
975 1292 1292 1363 μετέχοντος
1318 1292 1485 1353 ἐστιν,
1515 1284 1691 1357 οἶμαι.

149 1391 287 1444 Ἀλλ’
341 1391 460 1444 οὐδὲ
505 1391 678 1443 ἐκεῖνό
744 1406 805 1456 γε
858 1386 1128 1466 μέτριον,
1188 1383 1307 1436 οὐδὲ
1354 1380 1575 1447 ἀγαθὸν,
1637 1378 1697 1431 τὸ

137 1484 304 1534 ποιεῖν
322 1483 380 1532 τὸ
397 1481 645 1550 ἀγαθὸνῆ
670 1479 927 1548 μηδαμῶς
949 1472 1374 1543 ὲπιστάμενον,ἢ
1395 1471 1467 1540 μὴ
1487 1468 1697 1537 καθαρᾷ

135 1572 493 1640 προαιρέσειμ
532 1571 604 1621 Τὸ
638 1572 733 1638 μὲν
757 1571 863 1638 γὰρ
906 1567 1121 1627 πάντως
1156 1564 1348 1629 ἄγνοια
1385 1576 1399 1591 ⁶
1433 1561 1495 1613 τὸ
1527 1560 1582 1611 δέ
1617 1576 1700 1621 τις

1806 738 1983 793 efferri
2013 738 2191 791 animo
2232 753 2247 794 :
2278 738 2329 790 iu
2360 738 2586 791 sublime
2617 738 2846 804 denique
2882 745 3208 806 pergentem,
3244 751 3365 791 cum

1803 829 2006 883 intimis
2047 837 2195 883 stare
2234 828 2403 883 videri
2439 846 2454 884 :
2490 845 2597 882 non
2628 828 2777 896 quod
2809 828 3006 880 nullius
3027 827 3206 895 operis
3236 828 3366 882 boui

1803 922 1956 975 nobis
1987 922 2191 975 conscii
2226 922 2416 985 simus,
2469 936 2496 973 a
2531 921 2689 975 nobis
2723 920 2925 989 peracti
2978 920 3102 986 (quo
3134 920 3275 972 enim
3314 923 3365 974 id

1799 1009 1990 1078 pacto?
2018 1009 2060 1077 ),
2102 1011 2194 1063 sed
2237 1011 2381 1075 quod
2434 1020 2578 1062 recte
2612 1011 2883 1071 sciamus,
2932 1011 3165 1064 virtutes
3223 1012 3368 1079 ipsas

1799 1103 1999 1157 nostris
2032 1101 2192 1156 factis
2222 1100 2567 1154 sublimiores
2598 1116 2738 1155 esse.
2800 1098 2911 1155 Hoc
2954 1103 3098 1157 enim
3130 1103 3369 1157 arbitror

1800 1209 1919 1250 esse
1966 1194 2276 1256 humilium,
2317 1207 2422 1245 non
2476 1204 2533 1245 ut
2572 1195 2709 1246 mala
2751 1194 3061 1261 designans,
3099 1206 3148 1248 et
3185 1198 3368 1251 multis

1799 1286 1957 1356 digna
1995 1286 2279 1355 lacrymis,
2309 1284 2496 1339 oculos
2529 1286 2809 1354 dejiciant,
2858 1296 2913 1340 et
2942 1289 3225 1355 supercilia
3260 1303 3365 1341 non

1803 1379 2070 1433 attollant.
2108 1377 2239 1431 Nam
2269 1394 2416 1443 eum,
2454 1378 2647 1447 quisic
2679 1378 2901 1435 affectus
2954 1382 3047 1445 sit,-
3089 1383 3368 1451 magnifice

1804 1469 1869 1521 de
1913 1482 1971 1521 se
2029 1467 2270 1531 sentire,
2328 1483 2395 1522 ne
2449 1478 2624 1522 mente
2672 1470 2888 1537 quidem
2940 1473 3145 1538 praediti
3178 1472 3365 1535 fuerit,

1804 1559 2016 1624 opinor.
2059 1557 2169 1612 Nec
2214 1558 2343 1611 item
2396 1558 2527 1611 illud
2562 1560 2645 1611 vel
2700 1562 3006 1615 modestum
3062 1563 3239 1626 fuerit,
3287 1562 3368 1615 vel

134 1664 226 1733 βία
247 1666 406 1716 ποιεῖ.
438 1661 658 1714 Τούτοιν
680 1662 735 1712 δὲ
763 1658 1040 1727 οὐδέτερόν
1068 1659 1215 1708 ἐστιν
1245 1652 1445 1721 ἀγαθόν
1467 1667 1479 1682 ο
1505 1650 1699 1703 ούκοῦν
1730 1666 1771 1716 Β
1807 1649 1921 1701 boni

1580 1650 1699 1702 κοῦν
1730 1666 1771 1716 Β
1807 1649 2027 1715 bonum,
2064 1647 2246 1702 facere
2292 1648 2496 1703 scilicet
2536 1649 2662 1703 boni
2704 1653 2983 1719 quidpiam
3017 1654 3098 1706 vel
3138 1669 3239 1705 non
3285 1654 3367 1705 iu-

131 1753 251 1805 οὐδὲ
288 1753 507 1821 μέτριον
531 1767 543 1780 ·
582 1752 700 1803 ἐπεὶ
724 1750 782 1801 τὸ
807 1751 1025 1818 μέτριον
1056 1745 1275 1812 ἀγαθόν.

1810 1741 2157 1808 telligentem,
2203 1743 2289 1795 vel
2339 1741 2587 1796 instituto
2637 1744 2798 1796 animi
2862 1760 2967 1798 non
3031 1761 3186 1811 puro,
3248 1762 3367 1797 nam

132 1850 387 1913 alterum,
424 1849 490 1900 ab
520 1846 891 1915 ignoratione,
928 1842 1156 1895 alterum
1210 1855 1236 1892 a
1273 1839 1323 1891 vi
1359 1838 1590 1907 quadam
1634 1837 2018 1905 proficiscitur.
2054 1839 2258 1892 Horum
2300 1851 2425 1893 vero
2463 1849 2709 1894 neutrum
2759 1840 2957 1893 bonum
3003 1852 3106 1905 est,
3145 1841 3369 1909 ideoque

128 1958 234 1997 nec
273 1941 595 2007 modestum,
645 1937 770 2008 quia
812 1935 1006 1990 bonum
1031 1944 1133 2000 est,
1172 1934 1311 2004 quod
1357 1932 1678 1986 modestum.

214 2104 349 2158 Ἀλλ’
379 2105 542 2172 ἐρεῖς,
576 2098 620 2157 ὦ
655 2104 891 2173 φίλτατε,
923 2103 1056 2173 πρὸς
1089 2104 1254 2173 ἡμᾶς,
1308 2103 1509 2155 δίκαιον
1557 2100 1686 2168 γὰρ,

130 2196 211 2259 ὡς
231 2195 328 2265 τὴν
359 2195 849 2264 ταπεινοφροσύνην
885 2194 1015 2246 πολὺ
1051 2194 1354 2261 Θαυμάσας,
1391 2191 1418 2243 ὃ
1451 2191 1529 2243 δεῖ
1562 2189 1691 2241 an-

136 2287 326 2357 μάζειν
349 2287 716 2354 τεθαύμακας.
762 2285 1011 2353 ’Υψώσας
1033 2285 1089 2337 δὲ
1122 2284 1323 2352 ταύτην
1376 2281 1686 2351 ὑπερφυῶς,

136 2380 304 2431 πολὺν
340 2379 429 2430 τὸν
465 2378 664 2445 ταύτης
691 2378 862 2448 ἔρωτα
910 2377 1000 2430 καὶ
1038 2378 1165 2447 πρὶν
1210 2377 1526 2446 ἐντετηκότα
1588 2387 1702 2443 μου

132 2472 203 2538 τῇ
234 2470 399 2538 ψυχῇ.
426 2467 601 2536 πολλῷ
631 2484 692 2533 γε
725 2467 919 2535 μᾶλλον
965 2466 1059 2518 νῦν
1106 2466 1369 2534 ηὖξησας.
1432 2467 1553 2525 Τοῖς
1584 2463 1691 2535 γὰρ

131 2561 201 2629 δὴ
248 2562 398 2627 παρά
440 2558 633 2611 σαυτοῦ
674 2559 846 2623 λόγοις
906 2561 1203 2627 ἐργάσομαι
1263 2556 1399 2626 (πῶς
1452 2557 1625 2619 δοκεῖς
1652 2558 1690 2622 ς)

130 2652 337 2721 ταύτης
375 2651 741 2721 μανικώτατον
775 2650 1027 2719 ἐραστήν.
1060 2650 1132 2701 Οὐ
1164 2650 1268 2717 μήν
1297 2665 1357 2715 γε
1392 2648 1477 2698 διὰ
1523 2645 1694 2697 ταῦτά

138 2762 233 2813 μοι
264 2744 427 2812 φαίνῃ
452 2743 511 2795 τὸ
543 2743 657 2794 δέον
688 2740 831 2793 ἆπαν
880 2742 1010 2811 ἡμῖν
1059 2739 1358 2807 ἐκπλήσας.
1430 2735 1551 2805 Χρὴ
1589 2737 1694 2805 γὰρ

134 2838 483 2906 προστιθέναι
512 2837 637 2896 τοὺς
683 2834 935 2899 τρόπους,
992 2834 1060 2885 δι’
1100 2826 1172 2885 ὧν
1208 2833 1272 2883 ἂν
1311 2831 1516 2896 γένοιτο
1578 2830 1695 2888 σαῖς

134 2928 331 2995 εὐχαῖς
366 2928 454 2979 τὸν
489 2926 715 2979 πλοῦτον
745 2926 928 2978 τοῦτον
982 2926 1125 2993 ἡμᾶς
1158 2922 1478 2989 πλουτῆσαι.
1543 2920 1698 2971 Δοκεῖ

135 3019 251 3086 γάρ
322 3034 408 3083 μοι
438 3016 788 3085 δυσπόριστος
835 3013 1026 3083 κομιδῆ
1086 3014 1178 3064 καὶ
1230 3015 1339 3072 τοῖς
1400 3009 1539 3078 μετὰ
1573 3025 1698 3074 σφο-

132 3107 269 3175 δροῦ
307 3124 446 3169 τινος
490 3106 688 3175 ἔρωτος
746 3104 930 3157 τοῦτον
993 3104 1224 3173 θηρᾶσαι
1274 3100 1695 3171 περινοστοῦσιν.

132 3201 216 3250 Οὐ
247 3199 355 3267 γὰρ
400 3198 473 3265 τῷ
500 3198 627 3267 ὲρᾷν
677 3213 733 3247 τε
785 3199 877 3249 καὶ
915 3194 1094 3263 ζητεῖν
1142 3194 1446 3256 ἀναγκαίως
1510 3192 1697 3243 ἕπεται

132 3291 235 3343 καὶ
268 3292 325 3341 τὸ
361 3289 643 3356 τυγχάνειν
669 3287 775 3338 τῶν
827 3286 1116 3356 ἐρωμένων
1143 3300 1156 3313 °
1207 3283 1341 3336 ἀλλὰ
1372 3280 1538 3334 πολλὰ
1604 3282 1698 3349 μὲν

1861 2094 2110 2149 Sedenim
2160 2095 2391 2151 fortasse
2421 2112 2538 2159 nos,
2571 2099 2891 2153 clmrissime
2947 2099 3041 2165 liti,
3064 2101 3243 2155 verbis
3276 2102 3371 2154 hu-

1788 2180 2020 2250 jusmodi
2073 2190 2446 2259 compellabis,
2495 2202 2546 2244 et
2612 2193 2806 2244 merito
2860 2193 3116 2259 quidem:
3152 2210 3370 2260 maguu-

1791 2296 1919 2348 pcre
1950 2296 2045 2334 nos
2081 2282 2370 2335 admiratus
2424 2284 2628 2335 scilicet
2682 2284 3068 2346 humilitatem,
3116 2285 3165 2337 id
3192 2286 3365 2337 admi-

1795 2379 1942 2423 ratos
1978 2385 2117 2432 esse,
2151 2373 2289 2439 quod
2345 2373 2755 2426 admirationem
2784 2383 3072 2428 mereatur.
3110 2373 3362 2429 Eamdem

1796 2461 1990 2514 eximie
2032 2462 2155 2514 dum
2217 2462 2587 2527 extulerimns,
2660 2480 2907 2532 magnum
2960 2464 3073 2532 ejus
3123 2478 3363 2518 amorem

1794 2554 1942 2621 prius
1976 2554 2136 2606 etiam
2172 2554 2387 2607 insitum
2432 2554 2609 2605 animo
2660 2565 2769 2617 tuo,
2796 2570 2938 2607 nunc
2977 2556 3259 2624 insigniter
3276 2573 3367 2610 au-

1796 2644 1957 2696 tisse.
1991 2642 2308 2697 Ratiouibus
2336 2645 2479 2697 enim
2514 2646 2646 2697 meis
2698 2645 2968 2708 elfeetnm,
3023 2656 3077 2699 ut
3108 2647 3247 2701 hanc
3284 2650 3367 2701 iu-

1796 2731 2081 2785 sanissimo
2116 2733 2345 2801 quodam
2395 2748 2576 2787 annore
2606 2735 2883 2803 depereis.
2925 2737 3039 2790 Non
3074 2746 3251 2792 tamen
3283 2739 3364 2792 id-

1797 2820 1941 2874 circo
1976 2837 2071 2875 nos
2109 2823 2205 2875 tibi
2230 2823 2401 2876 videri
2450 2824 2583 2877 Satis
2640 2828 2860 2879 omnino
2896 2827 3109 2881 fecisse.
3162 2828 3368 2898 Quippe

1800 2914 2106 2967 necessario
2139 2915 2325 2968 modos
2364 2915 2524 2969 etiam
2568 2917 2921 2981 adjiciendus,
2966 2920 3163 2988 quibus
3192 2923 3367 2976 modis

1800 3007 2019 3062 c0ntieri
2059 3007 2308 3075 possitex
2369 3010 2529 3062 animi
2570 3012 2644 3065 tui
2703 3014 2859 3077 votis,
2898 3023 2953 3066 ut
3017 3027 3144 3081 epes
3208 3014 3369 3069 hasce

1800 3099 2165 3165 consequaris.
2198 3098 2329 3151 Nam
2364 3101 2529 3154 videri
2562 3104 2653 3155 tibi
2691 3104 2838 3155 valde
2875 3105 3141 3158 dillicilem
3176 3107 3362 3158 harum

1803 3189 2252 3255 adquirendarum
2289 3194 2572 3256 rationem,
2603 3194 2766 3246 etiam
2801 3195 2885 3258 iis,
2930 3196 3020 3262 qui
3056 3196 3369 3251 vehemente

1804 3294 1928 3332 cum
1985 3280 2255 3336 desiderio
2304 3283 2657 3348 circumeunt,
2704 3298 2763 3338 ut
2812 3302 2903 3339 eas
2938 3299 3356 3354 consequantur.

129 3383 251 3434 τῶν
286 3380 621 3449 πραγμάτων
650 3379 749 3431 οὐκ
775 3377 1010 3446 εὐχερῶς
1031 3375 1339 3445 εὑρίσκεται
1362 3377 1472 3436 τοῖς
1510 3373 1698 3444 ζητοῦ-
1725 3353 1766 3410 C
1804 3369 1916 3435 Qui;

1580 3353 1766 3425 τοῦ-ο
1804 3369 2013 3436 Quippe
2065 3372 2385 3423 desiderium
2436 3383 2487 3425 et
2543 3375 2949 3442 inquisitionem
3015 3394 3116 3431 non
3181 3395 3363 3433 neces-

133 3490 229 3525 σιν
262 3488 276 3502 ·
306 3471 421 3523 ἔνια
452 3471 506 3522 δέ
536 3486 641 3521 τ.σι
670 3472 1049 3537 παραγίνεται,
1102 3466 1221 3535 μηδ’
1274 3464 1509 3517 ὁντινοῦν
1567 3464 1697 3516 ὐπο-

131 3565 302 3617 nam
332 3564 510 3616 πόνον.
556 3562 675 3614 Ἐπὶ
708 3561 763 3611 δὲ
806 3560 896 3610 τὸν
946 3560 1036 3610 καὶ
1096 3556 1305 3625 μάλισθ’
1352 3550 1538 3626 ὅτανῇ
1588 3555 1697 3607 τῶν

128 3654 464 3715 καλλίστων,
515 3652 610 3721 οὐχ
640 3651 781 3703 οὓτω
811 3649 952 3717 φιλεῖ
979 3646 1281 3715 γίγνεσθαι,
1303 3646 1414 3699 ἀλλ’
1459 3648 1565 3714 ὅσῳ
1598 3646 1695 3715 ζη-

128 3744 310 3813 τητέα
335 3743 498 3805 δοκεῖ,
527 3741 761 3809 τοσούτῳ
808 3742 901 3791 καὶ
948 3739 1301 3805 δυσπόριστα.
1337 3737 1520 3808 Χρεὼν
1560 3735 1698 3790 εἷναί

130 3850 227 3887 σοι
253 3833 425 3884 τοίνυν
466 3828 844 3897 ὑπολαμϐάνω,
886 3828 1031 3889 ὅπως
1068 3828 1130 3879 ἂν
1152 3828 1458 3895 κτησαίμην
1474 3826 1695 3895 ταύτην,

129 3923 394 3993 φράζειν.
430 3922 587 3975 Ἀλλά
624 3921 705 3972 σοὶ
731 3921 848 3988 μὲν,
874 3914 918 3972 ὦ
953 3918 1113 3985 ’γαοὲ
1145 3917 1366 3970 τοιαῦτα
1398 3918 1605 3984 λέγοντι
1640 3918 1698 3969 τὸ

127 4017 460 4086 γιγνόμενον
486 4015 760 4084 εἰρήσεται
788 4029 802 4044 °
832 4015 923 4065 καὶ
971 4013 1112 4082 ἆπερ
1146 4013 1209 4065 ἂν
1253 4012 1516 4083 εὐξαίμην
1570 4013 1698 4082 περὶ

128 4107 261 4170 σού,
298 4104 468 4159 ταῦτα
500 4105 721 4174 πράξεις
754 4119 769 4135 ·
800 4104 949 4157 τουτὶ
978 4104 1031 4155 δὲ
1079 4104 1138 4155 τὸ
1176 4105 1489 4173 γιγνόμενον
1545 4106 1699 4174 χαλε-

132 4202 243 4253 πὸν
277 4199 402 4267 ἐμοὶ
431 4198 628 4265 λέγειν.
670 4196 776 4249 Καὶ
800 4191 944 4263 εἶχόν
964 4212 1025 4263 γε
1055 4195 1324 4249 δεικνύναι
1357 4196 1417 4247 τὸ
1446 4195 1699 4249 δύσκολον

127 4292 358 4351 πολλοῖς
382 4306 520 4343 τισιν
541 4285 693 4357 οἴμαι
725 4286 964 4358 τρόποις.
1017 4287 1121 4339 Τὸν
1151 4286 1306 4357 κόρον
1352 4286 1408 4340 δὲ
1450 4286 1709 4355 βουλόμει

128 4401 228 4445 νος
269 4380 513 4449 φεύγειν,
538 4379 648 4449 ὲρῶ
676 4378 905 4431 τοσόνδε.
934 4374 1066 4429 Εῐπέ
1096 4394 1177 4439 τις
1204 4377 1369 4447 μέγας
1394 4377 1549 4445 ἀνὴρ,
1593 4377 1704 4429 Ἰωα-

128 4476 309 4541 οἱννης
347 4471 577 4540 τοῦνομα
606 4467 693 4540 (ἦν
730 4470 786 4522 δὲ
815 4470 923 4520 τῶν
967 4468 1180 4533 ζώντων
1206 4470 1281 4539 τῷ
1308 4468 1444 4538 Θεῷ,
1474 4468 1566 4522 καὶ
1604 4470 1701 4539 οὐχ

128 4562 378 4630 ἑαυτοῖς)
414 4563 638 4632 τριϐόλῳ
706 4559 1046 4629 ὲοικέναιτὴν
1079 4560 1471 4629 ὑπερηφανίαν.
1504 4560 1610 4611 Καὶ
1638 4560 1700 4629 δὴ

128 4652 593 4723 προσαγορεύσας
624 4649 789 4711 αὐτὴν
818 4648 1005 4718 ταύτῃ,
1029 4644 1145 4700 εἷτα
1180 4649 1272 4700 καὶ
1303 4649 1479 4710 καλῶς
1507 4647 1696 4713 είπὼν,
1734 4680 1774 4733 D

128 4746 365 4808 ἔδειξεν.
406 4744 545 4811 Ἔφη
568 4746 676 4809 γὰρ
729 4740 860 4808 (ἐρῶ
884 4740 937 4792 δὲ
968 4740 1056 4797 τὸν
1110 4740 1315 4793 ἐκείνου
1359 4738 1578 4802 σκοπδν,
1638 4741 1697 4791 οὐ

123 4840 203 4889 τὰ
241 4836 511 4906 ﬁmum)“
536 4835 630 4884 "Av
663 4831 856 4902 πράξω
889 4848 938 4883 τι
983 4830 1091 4882 τῶν
1118 4831 1317 4892 καλῶν,
1350 4831 1532 4901 ἐκείνη
1564 4849 1701 4903 παρ.

129 4929 376 4982 ελοοῦσα
434 4926 634 4994 κροτεῖ,
693 4924 784 4975 καὶ
848 4923 982 4992 μετὰ
1047 4921 1176 4991 βοῆς
1229 4923 1434 4991 ἐξαίρει
1473 4923 1699 4991 τοῦργον

126 5024 341 5074 ἐκεῖνο.
374 5019 473 5069 Ἢν
498 5017 553 5068 δὲ
590 5017 680 5068 καὶ
716 5014 823 5067 τῶν
861 5015 920 5066 οὐ
965 4999 1637 5083 ῥᾳδίωςκατοροουμένων

127 5115 194 5164 τὸ
235 5110 501 5179 πραχθὲν,
542 5107 679 5177 ὑπὲρ
730 5105 1043 5176 ἀνθρώπους
1095 5122 1161 5175 με
1203 5104 1408 5167 πάντας
1476 5106 1699 5176 τίθησι·

126 5206 246 5258 κᾶν
288 5201 633 5269 ἀποκρουσθῇ
661 5200 757 5266 τὴν
783 5197 1022 5268 πρώτην,
1082 5197 1180 5250 οὐκ
1219 5198 1505 5263 ἀφίσταται
1540 5215 1553 5228 ο
1611 5200 1701 5250 καὶ

125 5294 405 5354 πολλάκις
450 5292 771 5362 ήττηθεῖσα,
832 5290 1185 5359 ἐπανέρχεται
1240 5290 1435 5359 χείρων
1483 5290 1699 5357 ἑαυτῆς,

124 5390 260 5449 πῶς
290 5387 433 5450 aiat;
467 5385 613 5437 ἅπαν
652 5382 851 5453 ὖφαλον
890 5382 1005 5451 μεθ’
1060 5384 1255 5452 ἑαυτῆς
1303 5383 1516 5451 ἔχουσα.
1571 5383 1699 5445 Ταῖς

121 5479 248 5546 γὰρ
280 5476 482 5543 ψυχαῖς
504 5475 613 5527 τῶν
651 5474 709 5537 ἐξ
746 5474 962 5541 ἀγαθῶν
988 5472 1307 5542 ύσμυοέντων
1343 5474 1539 5543 ἔργων,
1581 5470 1700 5527 εἶτα

124 5566 313 5634 μηδὲν
350 5562 548 5631 ὑψηλὸν
575 5561 722 5629 ὑπὲρ
750 5561 928 5614 αὐτῶν
959 5561 1386 5627 φαντασθέντων,
1423 5562 1557 5613 ἀλλά
1586 5580 1701 5630 μει-

123 5658 350 5708 νάντων
391 5650 475 5720 ἐφ’
502 5646 650 5723 ᾧπερ
681 5652 810 5716 ἔδει,
852 5652 1149 5722 λεληθότως
1176 5652 1576 5722 ὑπεισέρχεται,
1608 5654 1701 5707 καὶ

121 5747 362 5817 ἡσύχως
397 5744 457 5796 τὸ
481 5744 714 5807 ζιζάνιον
736 5743 1076 5809 ύποσπείρει,
1106 5744 1231 5806 ἴσως
1264 5762 1365 5796 που
1389 5747 1479 5797 καὶ
1502 5745 1700 5798 καθευ-

118 5837 364 5897 δούσαις
394 5835 581 5897 αὐταῖς
610 5837 673 5888 ἐκ
703 5835 798 5903 τῆς
831 5834 1032 5903 πολλῆς
1058 5836 1152 5888 καὶ
1183 5837 1427 5889 συντόνου
1460 5838 1695 5906 νήψεως.

119 5930 302 5996 Λέγω
322 5927 376 5979 δὲ
408 5926 640 5990 ζιζάνιον
677 5924 770 5981 νῦν
798 5926 856 5980 τὸ
886 5926 1303 5995 ύπολογίαασθαι
1348 5929 1594 5998 τάληθὲς,
1625 5930 1699 5994 ὠς

1798 3461 1944 3513 satio
1978 3462 2222 3515 comitari
2255 3479 2431 3517 rerum
2457 3477 2829 3534 exoptatarum
2858 3470 3195 3537 adeptionem
3226 3488 3239 3524 :
3274 3473 3366 3526 sed

1798 3566 1886 3605 res
1931 3551 2215 3621 plerasque
2276 3556 2617 3610 difiicultera
2675 3562 3039 3628 quaerentibus
3096 3564 3362 3628 inveniri,

1800 3645 2083 3699 nonnullas
2111 3646 2375 3712 aliquibus
2402 3650 2733 3717 contingere,
2783 3652 2986 3706 nul'um
3043 3654 3366 3709 omniuola-

1801 3733 1985 3788 borem
2016 3735 2428 3804 perferentibus.
2460 3739 2515 3791 lu
2554 3738 2659 3794 illis
2691 3750 2888 3807 autem,
2916 3759 3032 3809 qua}
3067 3748 3365 3812 pr:esertim

1800 3826 2171 3894 pulcherrima:
2230 3828 2358 3894 sint,
2412 3845 2512 3883 non
2572 3832 2650 3885 sic
2717 3835 2934 3889 evenire
2991 3836 3211 3891 solere:
3274 3840 3366 3895 sed

1799 3928 2000 3987 quanto
2040 3922 2209 3985 magis
2236 3922 2535 3988 quaereudze
2564 3924 2871 3991 videantur,
2932 3936 3078 3979 tanto
3122 3944 3241 3983 esse
3274 3944 3367 3983 ac-

1800 4011 1999 4079 quisitu
2029 4010 2374 4066 diﬂieiliores.
2423 4014 2783 4077 Quamobrem
2841 4018 3008 4071 videri
3050 4020 3143 4074 tibi
3182 4035 3367 4076 neces-

1801 4102 2024 4166 sarium,
2054 4112 2111 4155 ut
2138 4119 2242 4172 quo
2270 4115 2425 4174 pacto
2450 4108 2586 4159 hanc
2613 4122 2924 4175 comparare
2978 4112 3173 4177 possis,
3205 4127 3369 4180 expo-

1802 4209 1945 4247 nam.
1982 4194 2310 4251 lndicabitur
2359 4198 2477 4264 tibi,
2532 4210 2748 4253 strenue
2774 4200 2868 4263 fili,
2921 4203 3012 4271 qui
3062 4202 3367 4272 huiusmodi

1799 4282 2030 4355 profers,
2059 4288 2199 4355 quod
2238 4288 2461 4343 indicari
2503 4294 2803 4346 conveniet.
2832 4293 2907 4347 Tu
2935 4297 3075 4364 quod
3130 4299 3179 4349 in
3215 4300 3356 4353 votis

1800 4387 1881 4431 est
1922 4380 2048 4432 mihi
2080 4379 2146 4433 de
2184 4390 2267 4444 te,
2304 4380 2496 4447 facies;
2542 4384 2679 4437 mihi
2714 4387 2928 4452 quidem
2981 4398 3126 4444 certe
3156 4391 3369 4446 diﬂicile

1801 4468 1986 4535 dictu,
2042 4470 2182 4537 quod
2244 4470 2527 4525 dicendum
2586 4464 2750 4527 venit.
2810 4476 2880 4529 Et
2940 4489 3179 4545 poteram
3238 4497 3369 4535 sane

1803 4560 2165 4614 difficultatem
2198 4564 2335 4615 hanc
2366 4564 2565 4630 multis,
2597 4567 2805 4632 opinor,
2835 4572 3005 4624 modis
3034 4574 3317 4628 ostendere
3343 4590 3356 4628 :

1802 4651 1895 4704 sed
1942 4652 2142 4706 vitandi
2181 4653 2321 4706 taedii
2379 4654 2579 4720 studio,
2619 4666 2820 4711 tantum
2870 4662 3160 4727 proferam.
3224 4666 3369 4719 Dixit

1805 4741 2017 4808 quidam
2048 4744 2130 4795 vir
2158 4758 2401 4811 magnus,
2430 4746 2513 4797 cui
2542 4762 2737 4801 nomen
2763 4748 3001 4805 Joannes
3028 4754 3163 4822 (erat
3186 4767 3362 4809 autem

1801 4846 1981 4884 eorum
2013 4847 2042 4885 e
2078 4849 2315 4896 numero,
2347 4834 2437 4903 qui
2472 4835 2587 4888 Den
2616 4838 2821 4902 vivunt,
2852 4857 2956 4893 non
2988 4844 3134 4911 sibi),
3171 4848 3366 4900 tribulo

1802 4923 2032 4976 similem
2065 4939 2185 4978 esse
2230 4927 2566 4992 superbiam,
2598 4935 2651 4981 et
2681 4930 2893 4996 quidem
2924 4934 3023 4988 hac
3051 4936 3095 4987 ei
3130 4937 3361 5004 primum

1802 5014 2155 5082 appellatione
2190 5017 2376 5084 indita,
2416 5018 2607 5073 deinde
2643 5031 2784 5075 recte
2816 5024 2884 5075 ab
2918 5039 2976 5077 se
3012 5030 3232 5080 verbum
3266 5031 3367 5083 hoc

1803 5105 2069 5172 prolatum
2104 5111 2355 5163 ostendit.
2383 5110 2517 5163 Nam
2551 5112 2595 5165 si
2626 5114 2776 5179 quid,
2813 5116 3008 5184 inquit,
3034 5119 3158 5172 boni
3191 5121 3367 5175 ferere

1805 5194 2044 5264 (scopum
2076 5207 2248 5250 autem
2286 5199 2449 5267 ipsius
2482 5203 2880 5273 indicaban0n
2902 5208 3109 5271 verba),
3134 5226 3252 5263 mox
3281 5211 3365 5263 illa

1804 5288 2057 5351 prodiens
2090 5291 2384 5357 applaudit,
2411 5302 2463 5345 et
2499 5309 2617 5345 cum
2649 5297 2882 5351 clamore
2917 5299 3111 5353 factum
3135 5303 3363 5359 extollit.

1802 5380 1952 5443 Quod
1987 5396 2114 5434 sane
2172 5382 2215 5435 si
2248 5384 2487 5450 przestitu
2528 5387 2750 5441 difficile
2794 5392 2987 5456 fuerit,
3047 5408 3235 5446 omnes
3284 5412 3367 5449 me

1802 5483 1962 5535 supra
1998 5472 2253 5525 mortales
2303 5473 2550 5528 collocat.
2604 5477 2680 5530 Ac
2715 5479 2979 5545 siquidem
3015 5482 3168 5536 initio
3207 5484 3370 5538 fuerit

1805 5560 2022 5627 rejects,
2057 5577 2162 5615 non
2188 5563 2396 5618 desistit
2426 5583 2440 5619 :
2468 5577 2520 5621 et
2561 5570 2755 5637 smpius
2786 5586 3003 5642 quoque
3032 5575 3191 5639 vieta,
3219 5577 3369 5643 pejor

1802 5654 1976 5721 seipsa
2011 5656 2189 5708 multis
2237 5658 2410 5711 modis
2457 5663 2768 5726 revertitur,
2812 5665 2941 5717 nihil
2996 5682 3102 5719 nou
3157 5667 3365 5721 subdoli

1803 5758 1985 5797 secum
2036 5744 2286 5803 afferens.
2321 5748 2451 5801 Nam
2492 5752 2700 5805 animos
2722 5754 2953 5818 illorum,
2982 5758 3071 5824 qui
3104 5758 3256 5811 bunis
3301 5775 3367 5811 ex

1802 5840 2052 5907 operibus
2080 5842 2376 5897 eminentes
2404 5842 2531 5897 facti
2566 5859 2712 5909 sunt,
2748 5864 2809 5902 ac
2840 5851 3028 5904 deinde
3076 5852 3207 5904 nihil
3238 5852 3340 5904 sub

1804 5930 1928 5986 lime
1960 5932 2023 5987 de
2067 5932 2262 6003 seipsis
2309 5934 2637 6007 concipiunt,
2675 5942 2764 5994 sed
2818 5943 2952 5995 intra
3008 5943 3202 5998 limites
3249 5959 3368 6000 sese
