  <div class='ocr_page' id='page_1' title='image "/cluster/home/n/w/nwhite01/storage/ocr_20150623/156/nnc1.0046980911/275.png"; bbox 0 0 4526 6514; ppageno 0'>
   <div class='ocr_carea' id='block_1_1' title="bbox 1094 390 1192 454">
    <p class='ocr_par' dir='ltr' id='par_1_1' title="bbox 1094 390 1192 454">
     <span class='ocr_line' id='line_1_1' title="bbox 1094 390 1192 454; baseline 0.02 -2"><span class='ocrx_word' id='word_1_1' title='bbox 1094 390 1192 454; x_wconf 63' lang='grc' dir='ltr'>δι’]</span> 
     </span>
    </p>
   </div>
   <div class='ocr_carea' id='block_1_2' title="bbox 2283 388 3182 454">
    <p class='ocr_par' dir='ltr' id='par_1_2' title="bbox 2283 388 3182 454">
     <span class='ocr_line' id='line_1_2' title="bbox 2283 388 3182 454; baseline 0.006 -5"><span class='ocrx_word' id='word_1_2' title='bbox 2283 388 2687 450; x_wconf 75' lang='lat' dir='ltr'><strong>MANUELIS</strong></span> <span class='ocrx_word' id='word_1_3' title='bbox 2729 390 3182 454; x_wconf 56' lang='lat' dir='ltr'><strong>PAL.‘EOI.OGI</strong></span> 
     </span>
    </p>
   </div>
   <div class='ocr_carea' id='block_1_3' title="bbox 4279 406 4381 468">
    <p class='ocr_par' dir='ltr' id='par_1_3' title="bbox 4279 406 4381 468">
     <span class='ocr_line' id='line_1_3' title="bbox 4279 406 4381 468; baseline -0.059 0"><span class='ocrx_word' id='word_1_4' title='bbox 4279 406 4381 468; x_wconf 62' lang='lat'><strong>513</strong></span> 
     </span>
    </p>
   </div>
   <div class='ocr_carea' id='block_1_4' title="bbox 1089 500 2876 592">
    <p class='ocr_par' dir='ltr' id='par_1_4' title="bbox 1089 500 2876 575">
     <span class='ocr_line' id='line_1_4' title="bbox 1089 500 2876 575; baseline -0.002 -15"><span class='ocrx_word' id='word_1_5' title='bbox 1089 506 1394 567; x_wconf 74' lang='lat' dir='ltr'><strong>continent,</strong></span> <span class='ocrx_word' id='word_1_6' title='bbox 1455 501 1755 556; x_wconf 85' lang='lat' dir='ltr'><strong>clanculum</strong></span> <span class='ocrx_word' id='word_1_7' title='bbox 1826 500 1990 566; x_wconf 90' lang='lat' dir='ltr'><strong>subit,</strong></span> <span class='ocrx_word' id='word_1_8' title='bbox 2053 504 2324 569; x_wconf 84' lang='lat' dir='ltr'><strong>taciteque</strong></span> <span class='ocrx_word' id='word_1_9' title='bbox 2398 502 2581 557; x_wconf 87' lang='lat' dir='ltr'><strong>lolium</strong></span> <span class='ocrx_word' id='word_1_10' title='bbox 2630 503 2876 575; x_wconf 78' lang='grc' dir='ltr'>ἰιιΑᾶρ⁸</span> 
     </span>
    </p>
   </div>
   <div class='ocr_carea' id='block_1_5' title="bbox 2595 500 4382 592">
    <p class='ocr_par' dir='ltr' id='par_1_5' title="bbox 2630 503 4382 592">
     <span class='ocr_line' id='line_1_5' title="bbox 2630 503 4382 592; baseline 0.01 -36"><span class='ocrx_word' id='word_1_11' title='bbox 2630 503 2683 556; x_wconf 90' lang='lat' dir='ltr'><strong>in</strong></span> <span class='ocrx_word' id='word_1_12' title='bbox 2714 511 2757 565; x_wconf 77' lang='grc' dir='ltr'><strong>Α</strong></span> <span class='ocrx_word' id='word_1_13' title='bbox 2790 504 2877 575; x_wconf 79' lang='grc' dir='ltr'><strong>ἄρ’</strong></span> <span class='ocrx_word' id='word_1_14' title='bbox 2910 507 3062 558; x_wconf 72' lang='grc' dir='ltr'>οὐδὲν</span> <span class='ocrx_word' id='word_1_15' title='bbox 3101 509 3159 559; x_wconf 82' lang='grc' dir='ltr'>ὲν</span> <span class='ocrx_word' id='word_1_16' title='bbox 3198 508 3385 572; x_wconf 83' lang='grc' dir='ltr'>αὑταῖς</span> <span class='ocrx_word' id='word_1_17' title='bbox 3427 512 3793 581; x_wconf 55' lang='grc' dir='ltr'>ὑπερήφανον,</span> <span class='ocrx_word' id='word_1_18' title='bbox 3831 519 4017 586; x_wconf 70' lang='grc' dir='ltr'>ἐπειδὴ</span> <span class='ocrx_word' id='word_1_19' title='bbox 4068 521 4176 588; x_wconf 80' lang='grc' dir='ltr'>τὴν</span> <span class='ocrx_word' id='word_1_20' title='bbox 4203 522 4382 592; x_wconf 69' lang='grc' dir='ltr'>ὑπερ-</span> 
     </span>
    </p>
   </div>
   <div class='ocr_carea' id='block_1_6' title="bbox 1094 594 2674 659">
    <p class='ocr_par' dir='ltr' id='par_1_6' title="bbox 1094 594 2674 659">
     <span class='ocr_line' id='line_1_6' title="bbox 1094 594 2674 659; baseline -0.003 -8"><span class='ocrx_word' id='word_1_21' title='bbox 1094 596 1177 651; x_wconf 89' lang='lat' dir='ltr'><strong>eis</strong></span> <span class='ocrx_word' id='word_1_22' title='bbox 1207 596 1360 659; x_wconf 80' lang='lat' dir='ltr'><strong>serit,</strong></span> <span class='ocrx_word' id='word_1_23' title='bbox 1386 596 1617 648; x_wconf 68' lang='lat' dir='ltr'><strong>fortasse</strong></span> <span class='ocrx_word' id='word_1_24' title='bbox 1640 595 2063 648; x_wconf 86' lang='lat' dir='ltr'><strong>dormitantibus</strong></span> <span class='ocrx_word' id='word_1_25' title='bbox 2086 595 2155 648; x_wconf 91' lang='lat' dir='ltr'><strong>ob</strong></span> <span class='ocrx_word' id='word_1_26' title='bbox 2182 594 2344 647; x_wconf 89' lang='lat' dir='ltr'><strong>nimis</strong></span> <span class='ocrx_word' id='word_1_27' title='bbox 2395 596 2674 649; x_wconf 80' lang='lat' dir='ltr'><strong>assiduam</strong></span> 
     </span>
    </p>
   </div>
   <div class='ocr_carea' id='block_1_7' title="bbox 1096 686 2677 760">
    <p class='ocr_par' dir='ltr' id='par_1_7' title="bbox 1096 686 2677 760">
     <span class='ocr_line' id='line_1_7' title="bbox 1096 686 2677 760; baseline 0.003 -22"><span class='ocrx_word' id='word_1_28' title='bbox 1096 689 1446 760; x_wconf 74' lang='lat' dir='ltr'><strong>vigilantiam.</strong></span> <span class='ocrx_word' id='word_1_29' title='bbox 1492 687 1699 740; x_wconf 88' lang='lat' dir='ltr'><strong>Lolium</strong></span> <span class='ocrx_word' id='word_1_30' title='bbox 1734 697 1908 739; x_wconf 83' lang='lat' dir='ltr'><strong>autem</strong></span> <span class='ocrx_word' id='word_1_31' title='bbox 1952 703 2095 740; x_wconf 88' lang='lat' dir='ltr'><strong>nunc</strong></span> <span class='ocrx_word' id='word_1_32' title='bbox 2143 686 2377 754; x_wconf 87' lang='lat' dir='ltr'><strong>appello,</strong></span> <span class='ocrx_word' id='word_1_33' title='bbox 2413 689 2555 755; x_wconf 85' lang='lat' dir='ltr'><strong>quod</strong></span> <span class='ocrx_word' id='word_1_34' title='bbox 2588 702 2677 743; x_wconf 85' lang='lat' dir='ltr'><strong>se-</strong></span> 
     </span>
    </p>
   </div>
   <div class='ocr_carea' id='block_1_8' title="bbox 1096 779 2678 851">
    <p class='ocr_par' dir='ltr' id='par_1_8' title="bbox 1096 779 2678 851">
     <span class='ocr_line' id='line_1_8' title="bbox 1096 779 2678 851; baseline -0.001 -17"><span class='ocrx_word' id='word_1_35' title='bbox 1096 797 1217 835; x_wconf 85' lang='lat' dir='ltr'><strong>cum</strong></span> <span class='ocrx_word' id='word_1_36' title='bbox 1252 780 1352 847; x_wconf 87' lang='lat' dir='ltr'><strong>ipsi</strong></span> <span class='ocrx_word' id='word_1_37' title='bbox 1403 790 1677 851; x_wconf 78' lang='lat' dir='ltr'><strong>reputaut,</strong></span> <span class='ocrx_word' id='word_1_38' title='bbox 1716 780 1917 833; x_wconf 91' lang='lat' dir='ltr'><strong>nullam</strong></span> <span class='ocrx_word' id='word_1_39' title='bbox 1964 779 2143 832; x_wconf 77' lang='lat' dir='ltr'><strong>inesse</strong></span> <span class='ocrx_word' id='word_1_40' title='bbox 2179 779 2281 832; x_wconf 86' lang='lat' dir='ltr'><strong>sibi</strong></span> <span class='ocrx_word' id='word_1_41' title='bbox 2328 781 2678 845; x_wconf 86' lang='lat' dir='ltr'><strong>superbiam:</strong></span> 
     </span>
    </p>
   </div>
   <div class='ocr_carea' id='block_1_9' title="bbox 1095 866 2679 941">
    <p class='ocr_par' dir='ltr' id='par_1_9' title="bbox 1095 866 2679 941">
     <span class='ocr_line' id='line_1_9' title="bbox 1095 866 2679 941; baseline -0.001 -18"><span class='ocrx_word' id='word_1_42' title='bbox 1095 872 1532 941; x_wconf 57' lang='lat' dir='ltr'><strong>quandoquidem</strong></span> <span class='ocrx_word' id='word_1_43' title='bbox 1595 870 1902 937; x_wconf 69' lang='lat' dir='ltr'><strong>superbiam</strong></span> <span class='ocrx_word' id='word_1_44' title='bbox 1936 870 2252 936; x_wconf 84' lang='lat' dir='ltr'><strong>repulerint.</strong></span> <span class='ocrx_word' id='word_1_45' title='bbox 2315 866 2425 923; x_wconf 84' lang='lat' dir='ltr'><strong>Hoc</strong></span> <span class='ocrx_word' id='word_1_46' title='bbox 2471 877 2679 935; x_wconf 88' lang='lat' dir='ltr'><strong>autem,</strong></span> 
     </span>
    </p>
   </div>
   <div class='ocr_carea' id='block_1_10' title="bbox 1098 962 2681 1033">
    <p class='ocr_par' dir='ltr' id='par_1_10' title="bbox 1098 962 2681 1033">
     <span class='ocr_line' id='line_1_10' title="bbox 1098 962 2681 1033; baseline 0.001 -20"><span class='ocrx_word' id='word_1_47' title='bbox 1098 963 1180 1017; x_wconf 81' lang='lat' dir='ltr'><strong>vel</strong></span> <span class='ocrx_word' id='word_1_48' title='bbox 1215 963 1269 1016; x_wconf 91' lang='lat' dir='ltr'><strong>in</strong></span> <span class='ocrx_word' id='word_1_49' title='bbox 1321 963 1514 1033; x_wconf 84' lang='lat' dir='ltr'><strong>primis</strong></span> <span class='ocrx_word' id='word_1_50' title='bbox 1577 963 1866 1030; x_wconf 76' lang='lat' dir='ltr'><strong>superbum</strong></span> <span class='ocrx_word' id='word_1_51' title='bbox 1919 962 2174 1030; x_wconf 80' lang='lat' dir='ltr'><strong>quiddam</strong></span> <span class='ocrx_word' id='word_1_52' title='bbox 2222 970 2343 1015; x_wconf 90' lang='lat' dir='ltr'><strong>est:</strong></span> <span class='ocrx_word' id='word_1_53' title='bbox 2408 976 2681 1030; x_wconf 87' lang='lat' dir='ltr'><strong>propeque</strong></span> 
     </span>
    </p>
   </div>
   <div class='ocr_carea' id='block_1_11' title="bbox 1096 1055 2676 1126">
    <p class='ocr_par' dir='ltr' id='par_1_11' title="bbox 1096 1055 2676 1126">
     <span class='ocr_line' id='line_1_11' title="bbox 1096 1055 2676 1126; baseline -0.001 -17"><span class='ocrx_word' id='word_1_54' title='bbox 1096 1056 1321 1126; x_wconf 75' lang='lat' dir='ltr'><strong>gravius</strong></span> <span class='ocrx_word' id='word_1_55' title='bbox 1353 1056 1610 1120; x_wconf 81' lang='lat' dir='ltr'><strong>arbitror,</strong></span> <span class='ocrx_word' id='word_1_56' title='bbox 1640 1070 1803 1124; x_wconf 88' lang='lat' dir='ltr'><strong>quam</strong></span> <span class='ocrx_word' id='word_1_57' title='bbox 1838 1064 1897 1108; x_wconf 89' lang='lat' dir='ltr'><strong>ut</strong></span> <span class='ocrx_word' id='word_1_58' title='bbox 1933 1057 2115 1110; x_wconf 89' lang='lat' dir='ltr'><strong>sanari</strong></span> <span class='ocrx_word' id='word_1_59' title='bbox 2142 1055 2330 1124; x_wconf 84' lang='lat' dir='ltr'><strong>possit.</strong></span> <span class='ocrx_word' id='word_1_60' title='bbox 2361 1056 2501 1121; x_wconf 91' lang='lat' dir='ltr'><strong>Quid</strong></span> <span class='ocrx_word' id='word_1_61' title='bbox 2532 1055 2676 1109; x_wconf 87' lang='lat' dir='ltr'><strong>enim</strong></span> 
     </span>
    </p>
   </div>
   <div class='ocr_carea' id='block_1_12' title="bbox 1098 1148 2682 1218">
    <p class='ocr_par' dir='ltr' id='par_1_12' title="bbox 1098 1148 2682 1218">
     <span class='ocr_line' id='line_1_12' title="bbox 1098 1148 2682 1218; baseline -0.001 -13"><span class='ocrx_word' id='word_1_62' title='bbox 1098 1152 1361 1214; x_wconf 85' lang='lat' dir='ltr'><strong>deterius,</strong></span> <span class='ocrx_word' id='word_1_63' title='bbox 1392 1164 1551 1217; x_wconf 89' lang='lat' dir='ltr'><strong>quam</strong></span> <span class='ocrx_word' id='word_1_64' title='bbox 1600 1151 1643 1203; x_wconf 96' lang='lat' dir='ltr'><strong>si</strong></span> <span class='ocrx_word' id='word_1_65' title='bbox 1668 1150 1923 1203; x_wconf 82' lang='lat' dir='ltr'><strong>humilem</strong></span> <span class='ocrx_word' id='word_1_66' title='bbox 1951 1164 2011 1203; x_wconf 90' lang='lat' dir='ltr'><strong>se</strong></span> <span class='ocrx_word' id='word_1_67' title='bbox 2071 1159 2242 1218; x_wconf 88' lang='lat' dir='ltr'><strong>putet,</strong></span> <span class='ocrx_word' id='word_1_68' title='bbox 2275 1150 2365 1218; x_wconf 92' lang='lat' dir='ltr'><strong>qui</strong></span> <span class='ocrx_word' id='word_1_69' title='bbox 2413 1148 2682 1218; x_wconf 68' lang='lat' dir='ltr'><strong>superbiat</strong></span> 
     </span>
    </p>
   </div>
   <div class='ocr_carea' id='block_1_13' title="bbox 1098 1242 2683 1313">
    <p class='ocr_par' dir='ltr' id='par_1_13' title="bbox 1098 1242 2683 1313">
     <span class='ocr_line' id='line_1_13' title="bbox 1098 1242 2683 1313; baseline -0.002 -17"><span class='ocrx_word' id='word_1_70' title='bbox 1098 1245 1291 1297; x_wconf 85' lang='lat' dir='ltr'><strong>morbo</strong></span> <span class='ocrx_word' id='word_1_71' title='bbox 1327 1242 1711 1296; x_wconf 68' lang='lat' dir='ltr'><strong>laboratiAut</strong></span> <span class='ocrx_word' id='word_1_72' title='bbox 1744 1259 1852 1313; x_wconf 89' lang='lat' dir='ltr'><strong>quo</strong></span> <span class='ocrx_word' id='word_1_73' title='bbox 1882 1253 2042 1311; x_wconf 86' lang='lat' dir='ltr'><strong>pacto</strong></span> <span class='ocrx_word' id='word_1_74' title='bbox 2084 1242 2413 1296; x_wconf 78' lang='lat' dir='ltr'><strong>medicinam</strong></span> <span class='ocrx_word' id='word_1_75' title='bbox 2447 1250 2683 1310; x_wconf 69' lang='lat' dir='ltr'><strong>quaeret,</strong></span> 
     </span>
    </p>
   </div>
   <div class='ocr_carea' id='block_1_14' title="bbox 1096 1332 2685 1403">
    <p class='ocr_par' dir='ltr' id='par_1_14' title="bbox 1096 1332 2685 1403">
     <span class='ocr_line' id='line_1_14' title="bbox 1096 1332 2685 1403; baseline -0.001 -17"><span class='ocrx_word' id='word_1_76' title='bbox 1096 1336 1191 1403; x_wconf 86' lang='lat' dir='ltr'><strong>qui</strong></span> <span class='ocrx_word' id='word_1_77' title='bbox 1229 1335 1355 1388; x_wconf 89' lang='lat' dir='ltr'><strong>mali</strong></span> <span class='ocrx_word' id='word_1_78' title='bbox 1391 1336 1521 1388; x_wconf 82' lang='lat' dir='ltr'><strong>nihil</strong></span> <span class='ocrx_word' id='word_1_79' title='bbox 1554 1350 1614 1388; x_wconf 91' lang='lat' dir='ltr'><strong>se</strong></span> <span class='ocrx_word' id='word_1_80' title='bbox 1650 1336 1757 1402; x_wconf 87' lang='lat' dir='ltr'><strong>pati</strong></span> <span class='ocrx_word' id='word_1_81' title='bbox 1792 1334 2141 1402; x_wconf 80' lang='lat' dir='ltr'><strong>suspicatur?</strong></span> <span class='ocrx_word' id='word_1_82' title='bbox 2177 1332 2294 1399; x_wconf 89' lang='lat' dir='ltr'><strong>Quo</strong></span> <span class='ocrx_word' id='word_1_83' title='bbox 2325 1332 2382 1385; x_wconf 86' lang='lat' dir='ltr'><strong>[it</strong></span> <span class='ocrx_word' id='word_1_84' title='bbox 2408 1344 2465 1386; x_wconf 92' lang='lat' dir='ltr'><strong>ut</strong></span> <span class='ocrx_word' id='word_1_85' title='bbox 2488 1341 2685 1385; x_wconf 80' lang='lat' dir='ltr'><strong>tamet-</strong></span> 
     </span>
    </p>
   </div>
   <div class='ocr_carea' id='block_1_15' title="bbox 1096 1425 2679 1491">
    <p class='ocr_par' dir='ltr' id='par_1_15' title="bbox 1096 1425 2679 1491">
     <span class='ocr_line' id='line_1_15' title="bbox 1096 1425 2679 1491; baseline -0.004 -9"><span class='ocrx_word' id='word_1_86' title='bbox 1096 1429 1142 1482; x_wconf 88' lang='lat' dir='ltr'><strong>si</strong></span> <span class='ocrx_word' id='word_1_87' title='bbox 1203 1431 1306 1482; x_wconf 90' lang='lat' dir='ltr'><strong>sim</strong></span> <span class='ocrx_word' id='word_1_88' title='bbox 1362 1428 1533 1482; x_wconf 77' lang='lat' dir='ltr'><strong>factus</strong></span> <span class='ocrx_word' id='word_1_89' title='bbox 1579 1429 1823 1491; x_wconf 89' lang='lat' dir='ltr'><strong>humilis,</strong></span> <span class='ocrx_word' id='word_1_90' title='bbox 1890 1441 2103 1481; x_wconf 91' lang='lat' dir='ltr'><strong>rursum</strong></span> <span class='ocrx_word' id='word_1_91' title='bbox 2170 1436 2347 1481; x_wconf 86' lang='lat' dir='ltr'><strong>tamen</strong></span> <span class='ocrx_word' id='word_1_92' title='bbox 2412 1425 2679 1488; x_wconf 73' lang='lat' dir='ltr'><strong>extollar;</strong></span> 
     </span>
    </p>
   </div>
   <div class='ocr_carea' id='block_1_16' title="bbox 1097 1516 2681 1588">
    <p class='ocr_par' dir='ltr' id='par_1_16' title="bbox 1097 1516 2681 1588">
     <span class='ocr_line' id='line_1_16' title="bbox 1097 1516 2681 1588; baseline 0 -16"><span class='ocrx_word' id='word_1_93' title='bbox 1097 1521 1530 1588; x_wconf 86' lang='lat' dir='ltr'><strong>quandoquidem</strong></span> <span class='ocrx_word' id='word_1_94' title='bbox 1559 1535 1643 1574; x_wconf 87' lang='lat' dir='ltr'><strong>me</strong></span> <span class='ocrx_word' id='word_1_95' title='bbox 1681 1521 1934 1575; x_wconf 85' lang='lat' dir='ltr'><strong>humilem</strong></span> <span class='ocrx_word' id='word_1_96' title='bbox 1985 1518 2187 1575; x_wconf 82' lang='lat' dir='ltr'><strong>factum</strong></span> <span class='ocrx_word' id='word_1_97' title='bbox 2227 1518 2374 1571; x_wconf 78' lang='lat' dir='ltr'><strong>novi.</strong></span> <span class='ocrx_word' id='word_1_98' title='bbox 2422 1516 2681 1585; x_wconf 80' lang='lat' dir='ltr'><strong>Adeoque</strong></span> 
     </span>
    </p>
   </div>
   <div class='ocr_carea' id='block_1_17' title="bbox 1097 1608 2681 1681">
    <p class='ocr_par' dir='ltr' id='par_1_17' title="bbox 1097 1608 2681 1681">
     <span class='ocr_line' id='line_1_17' title="bbox 1097 1608 2681 1681; baseline -0.005 -13"><span class='ocrx_word' id='word_1_99' title='bbox 1097 1629 1167 1668; x_wconf 90' lang='lat' dir='ltr'><strong>ne</strong></span> <span class='ocrx_word' id='word_1_100' title='bbox 1201 1615 1377 1667; x_wconf 87' lang='lat' dir='ltr'><strong>sentio</strong></span> <span class='ocrx_word' id='word_1_101' title='bbox 1407 1614 1622 1681; x_wconf 86' lang='lat' dir='ltr'><strong>quidem</strong></span> <span class='ocrx_word' id='word_1_102' title='bbox 1648 1612 1787 1666; x_wconf 84' lang='lat' dir='ltr'><strong>elato</strong></span> <span class='ocrx_word' id='word_1_103' title='bbox 1817 1628 1901 1668; x_wconf 87' lang='lat' dir='ltr'><strong>me</strong></span> <span class='ocrx_word' id='word_1_104' title='bbox 1953 1613 2135 1665; x_wconf 84' lang='lat' dir='ltr'><strong>animo</strong></span> <span class='ocrx_word' id='word_1_105' title='bbox 2187 1626 2327 1668; x_wconf 87' lang='lat' dir='ltr'><strong>esse.</strong></span> <span class='ocrx_word' id='word_1_106' title='bbox 2360 1608 2510 1679; x_wconf 81' lang='lat' dir='ltr'><strong>Licet</strong></span> <span class='ocrx_word' id='word_1_107' title='bbox 2567 1608 2681 1661; x_wconf 80' lang='lat' dir='ltr'><strong>ela-</strong></span> 
     </span>
    </p>
   </div>
   <div class='ocr_carea' id='block_1_18' title="bbox 1098 1701 2685 1773">
    <p class='ocr_par' dir='ltr' id='par_1_18' title="bbox 1098 1701 2685 1773">
     <span class='ocr_line' id='line_1_18' title="bbox 1098 1701 2685 1773; baseline -0.002 -17"><span class='ocrx_word' id='word_1_108' title='bbox 1098 1706 1300 1757; x_wconf 85' lang='lat' dir='ltr'><strong>tionem</strong></span> <span class='ocrx_word' id='word_1_109' title='bbox 1334 1705 1518 1758; x_wconf 85' lang='lat' dir='ltr'><strong>statim</strong></span> <span class='ocrx_word' id='word_1_110' title='bbox 1540 1718 2103 1773; x_wconf 87' lang='lat' dir='ltr'><strong>agnoscam,eamque</strong></span> <span class='ocrx_word' id='word_1_111' title='bbox 2128 1702 2282 1755; x_wconf 78' lang='lat' dir='ltr'><strong>valde</strong></span> <span class='ocrx_word' id='word_1_112' title='bbox 2309 1716 2536 1769; x_wconf 87' lang='lat' dir='ltr'><strong>perosus</strong></span> <span class='ocrx_word' id='word_1_113' title='bbox 2573 1701 2685 1754; x_wconf 87' lang='lat' dir='ltr'><strong>abi-</strong></span> 
     </span>
    </p>
   </div>
   <div class='ocr_carea' id='block_1_19' title="bbox 1099 1792 2685 1863">
    <p class='ocr_par' dir='ltr' id='par_1_19' title="bbox 1099 1792 2685 1863">
     <span class='ocr_line' id='line_1_19' title="bbox 1099 1792 2685 1863; baseline -0.002 -17"><span class='ocrx_word' id='word_1_114' title='bbox 1099 1811 1242 1862; x_wconf 87' lang='lat' dir='ltr'><strong>gant,</strong></span> <span class='ocrx_word' id='word_1_115' title='bbox 1282 1809 1345 1848; x_wconf 87' lang='lat' dir='ltr'><strong>ac</strong></span> <span class='ocrx_word' id='word_1_116' title='bbox 1387 1796 1650 1863; x_wconf 79' lang='lat' dir='ltr'><strong>meipsum</strong></span> <span class='ocrx_word' id='word_1_117' title='bbox 1694 1803 1911 1861; x_wconf 87' lang='lat' dir='ltr'><strong>propter</strong></span> <span class='ocrx_word' id='word_1_118' title='bbox 1944 1795 2083 1847; x_wconf 82' lang='lat' dir='ltr'><strong>hanc</strong></span> <span class='ocrx_word' id='word_1_119' title='bbox 2134 1792 2568 1861; x_wconf 81' lang='lat' dir='ltr'><strong>reprehendam:</strong></span> <span class='ocrx_word' id='word_1_120' title='bbox 2604 1800 2685 1845; x_wconf 87' lang='lat' dir='ltr'><strong>ta-</strong></span> 
     </span>
    </p>
   </div>
   <div class='ocr_carea' id='block_1_20' title="bbox 2783 598 4386 680">
    <p class='ocr_par' dir='ltr' id='par_1_20' title="bbox 2783 598 4386 680">
     <span class='ocr_line' id='line_1_20' title="bbox 2783 598 4386 680; baseline 0.011 -33"><span class='ocrx_word' id='word_1_121' title='bbox 2783 598 3024 665; x_wconf 80' lang='grc' dir='ltr'>ηφανίαν</span> <span class='ocrx_word' id='word_1_122' title='bbox 3058 600 3487 666; x_wconf 81' lang='grc' dir='ltr'>ἀπεκρούσαντο.</span> <span class='ocrx_word' id='word_1_123' title='bbox 3527 606 3686 657; x_wconf 77' lang='grc' dir='ltr'>Τουτὶ</span> <span class='ocrx_word' id='word_1_124' title='bbox 3717 608 3773 661; x_wconf 69' lang='grc' dir='ltr'>δὲ</span> <span class='ocrx_word' id='word_1_125' title='bbox 3827 610 4186 679; x_wconf 61' lang='grc' dir='ltr'>ὑπερήφανον</span> <span class='ocrx_word' id='word_1_126' title='bbox 4220 615 4386 680; x_wconf 58' lang='lat' dir='ltr'><strong>pii-.-</strong></span> 
     </span>
    </p>
   </div>
   <div class='ocr_carea' id='block_1_21' title="bbox 2780 691 4385 773">
    <p class='ocr_par' dir='ltr' id='par_1_21' title="bbox 2780 691 4385 773">
     <span class='ocr_line' id='line_1_21' title="bbox 2780 691 4385 773; baseline 0.009 -32"><span class='ocrx_word' id='word_1_127' title='bbox 2780 691 2937 744; x_wconf 81' lang='grc' dir='ltr'>λιστὰ</span> <span class='ocrx_word' id='word_1_128' title='bbox 2970 709 3031 760; x_wconf 72' lang='grc' dir='ltr'><strong>γε</strong></span> <span class='ocrx_word' id='word_1_129' title='bbox 3067 694 3159 746; x_wconf 81' lang='grc' dir='ltr'><strong>καὶ</strong></span> <span class='ocrx_word' id='word_1_130' title='bbox 3202 693 3400 763; x_wconf 78' lang='grc' dir='ltr'>μικροῦ</span> <span class='ocrx_word' id='word_1_131' title='bbox 3439 696 3551 748; x_wconf 92' lang='grc' dir='ltr'>δεῖν</span> <span class='ocrx_word' id='word_1_132' title='bbox 3598 703 3844 767; x_wconf 86' lang='grc' dir='ltr'>κρεῖττον</span> <span class='ocrx_word' id='word_1_133' title='bbox 3880 698 4052 771; x_wconf 75' lang='grc' dir='ltr'>οῐμαι,</span> <span class='ocrx_word' id='word_1_134' title='bbox 4086 704 4121 772; x_wconf 73' lang='grc' dir='ltr'><strong>ἢ</strong></span> <span class='ocrx_word' id='word_1_135' title='bbox 4157 706 4385 773; x_wconf 73' lang='grc' dir='ltr'>ἰαθῆναι</span> 
     </span>
    </p>
   </div>
   <div class='ocr_carea' id='block_1_22' title="bbox 2780 780 4385 864">
    <p class='ocr_par' dir='ltr' id='par_1_22' title="bbox 2780 780 4385 864">
     <span class='ocr_line' id='line_1_22' title="bbox 2780 780 4385 864; baseline 0.009 -30"><span class='ocrx_word' id='word_1_136' title='bbox 2780 780 2892 835; x_wconf 74' lang='grc' dir='ltr'>οἷόν</span> <span class='ocrx_word' id='word_1_137' title='bbox 2949 801 3008 836; x_wconf 86' lang='grc' dir='ltr'><strong>τε</strong></span> <span class='ocrx_word' id='word_1_138' title='bbox 3069 780 3225 838; x_wconf 80' lang='grc' dir='ltr'>εἶναι.</span> <span class='ocrx_word' id='word_1_139' title='bbox 3262 787 3368 839; x_wconf 87' lang='grc' dir='ltr'><strong>Τοῦ</strong></span> <span class='ocrx_word' id='word_1_140' title='bbox 3413 790 3522 857; x_wconf 79' lang='grc' dir='ltr'>γὰρ</span> <span class='ocrx_word' id='word_1_141' title='bbox 3566 792 3951 846; x_wconf 72' lang='grc' dir='ltr'><strong>ταπεινοῦσθαι</strong></span> <span class='ocrx_word' id='word_1_142' title='bbox 4001 798 4260 864; x_wconf 74' lang='grc' dir='ltr'>νομίζειν</span> <span class='ocrx_word' id='word_1_143' title='bbox 4296 799 4385 849; x_wconf 60' lang='grc' dir='ltr'><strong>τὸν</strong></span> 
     </span>
    </p>
   </div>
   <div class='ocr_carea' id='block_1_23' title="bbox 2783 876 4385 957">
    <p class='ocr_par' dir='ltr' id='par_1_23' title="bbox 2783 876 4385 957">
     <span class='ocr_line' id='line_1_23' title="bbox 2783 876 4385 957; baseline 0.007 -28"><span class='ocrx_word' id='word_1_144' title='bbox 2783 876 3164 945; x_wconf 71' lang='grc' dir='ltr'><strong>ὑπερηφανίαν</strong></span> <span class='ocrx_word' id='word_1_145' title='bbox 3196 878 3455 933; x_wconf 84' lang='grc' dir='ltr'>νοσοῦντα</span> <span class='ocrx_word' id='word_1_146' title='bbox 3499 881 3551 932; x_wconf 83' lang='grc' dir='ltr'><strong>τί</strong></span> <span class='ocrx_word' id='word_1_147' title='bbox 3578 885 3799 951; x_wconf 68' lang='grc' dir='ltr'>χεῖρον;</span> <span class='ocrx_word' id='word_1_148' title='bbox 3833 886 3899 937; x_wconf 85' lang='grc' dir='ltr'><em>Ἣ</em></span> <span class='ocrx_word' id='word_1_149' title='bbox 3961 886 4081 948; x_wconf 83' lang='grc' dir='ltr'>πῶς</span> <span class='ocrx_word' id='word_1_150' title='bbox 4150 890 4385 957; x_wconf 70' lang='grc' dir='ltr'>ζητήσει</span> 
     </span>
    </p>
   </div>
   <div class='ocr_carea' id='block_1_24' title="bbox 2783 967 4385 1043">
    <p class='ocr_par' dir='ltr' id='par_1_24' title="bbox 2783 967 4385 1043">
     <span class='ocr_line' id='line_1_24' title="bbox 2783 967 4385 1043; baseline 0.008 -24"><span class='ocrx_word' id='word_1_151' title='bbox 2783 967 2880 1037; x_wconf 80' lang='grc' dir='ltr'><strong>τὴν</strong></span> <span class='ocrx_word' id='word_1_152' title='bbox 2908 968 3052 1022; x_wconf 79' lang='grc' dir='ltr'>τασιν</span> <span class='ocrx_word' id='word_1_153' title='bbox 3077 971 3104 1021; x_wconf 86' lang='grc' dir='ltr'>ὁ</span> <span class='ocrx_word' id='word_1_154' title='bbox 3132 971 3270 1043; x_wconf 80' lang='grc' dir='ltr'>μηδὲ</span> <span class='ocrx_word' id='word_1_155' title='bbox 3302 972 3531 1041; x_wconf 82' lang='grc' dir='ltr'><strong>πάσχειν</strong></span> <span class='ocrx_word' id='word_1_156' title='bbox 3560 974 3961 1043; x_wconf 77' lang='grc' dir='ltr'>ὑπολαμϐάνων</span> <span class='ocrx_word' id='word_1_157' title='bbox 3990 998 4004 1041; x_wconf 89' lang='grc'>;</span> <span class='ocrx_word' id='word_1_158' title='bbox 4060 980 4238 1031; x_wconf 85' lang='grc' dir='ltr'>Ὥστε</span> <span class='ocrx_word' id='word_1_159' title='bbox 4281 982 4385 1032; x_wconf 68' lang='grc' dir='ltr'>κᾶν</span> 
     </span>
    </p>
   </div>
   <div class='ocr_carea' id='block_1_25' title="bbox 2783 1061 4384 1142">
    <p class='ocr_par' dir='ltr' id='par_1_25' title="bbox 2783 1061 4384 1142">
     <span class='ocr_line' id='line_1_25' title="bbox 2783 1061 4384 1142; baseline 0.006 -29"><span class='ocrx_word' id='word_1_160' title='bbox 2783 1061 3128 1128; x_wconf 54' lang='grc' dir='ltr'>ταπεινωθιῖη</span> <span class='ocrx_word' id='word_1_161' title='bbox 3159 1063 3319 1115; x_wconf 81' lang='grc' dir='ltr'>πάλιν</span> <span class='ocrx_word' id='word_1_162' title='bbox 3340 1063 3566 1133; x_wconf 79' lang='grc' dir='ltr'>αἴρομαι</span> <span class='ocrx_word' id='word_1_163' title='bbox 3590 1082 3603 1095; x_wconf 70' lang='grc' dir='ltr'><strong>ο</strong></span> <span class='ocrx_word' id='word_1_164' title='bbox 3629 1066 3807 1129; x_wconf 74' lang='grc' dir='ltr'>εἰδὼς,</span> <span class='ocrx_word' id='word_1_165' title='bbox 3830 1068 4347 1142; x_wconf 75' lang='grc' dir='ltr'>ὡςτεταπείνωμαι</span> <span class='ocrx_word' id='word_1_166' title='bbox 4371 1090 4384 1103; x_wconf 77' lang='grc' dir='ltr'><strong><em>ο</em></strong></span> 
     </span>
    </p>
   </div>
   <div class='ocr_carea' id='block_1_26' title="bbox 2784 1152 4387 1232">
    <p class='ocr_par' dir='ltr' id='par_1_26' title="bbox 2784 1152 4387 1232">
     <span class='ocr_line' id='line_1_26' title="bbox 2784 1152 4387 1232; baseline 0.007 -28"><span class='ocrx_word' id='word_1_167' title='bbox 2784 1152 2878 1204; x_wconf 75' lang='grc' dir='ltr'>καὶ</span> <span class='ocrx_word' id='word_1_168' title='bbox 2906 1154 3347 1223; x_wconf 79' lang='grc' dir='ltr'><strong>ὑπερφρονήσας,</strong></span> <span class='ocrx_word' id='word_1_169' title='bbox 3382 1156 3499 1208; x_wconf 81' lang='grc' dir='ltr'>οὑδὲ</span> <span class='ocrx_word' id='word_1_170' title='bbox 3540 1158 3901 1226; x_wconf 82' lang='grc' dir='ltr'>αἰσθάνομαι·</span> <span class='ocrx_word' id='word_1_171' title='bbox 3944 1164 4052 1215; x_wconf 79' lang='grc' dir='ltr'>κᾶν</span> <span class='ocrx_word' id='word_1_172' title='bbox 4090 1163 4215 1229; x_wconf 82' lang='grc' dir='ltr'><strong>γνῶ</strong></span> <span class='ocrx_word' id='word_1_173' title='bbox 4288 1167 4387 1232; x_wconf 66' lang='grc' dir='ltr'><strong>τὴε</strong></span> 
     </span>
    </p>
   </div>
   <div class='ocr_carea' id='block_1_27' title="bbox 2786 1242 4388 1325">
    <p class='ocr_par' dir='ltr' id='par_1_27' title="bbox 2786 1242 4388 1325">
     <span class='ocr_line' id='line_1_27' title="bbox 2786 1242 4388 1325; baseline 0.009 -31"><span class='ocrx_word' id='word_1_174' title='bbox 2786 1242 3166 1313; x_wconf 70' lang='grc' dir='ltr'>ὑπερηφανίαν</span> <span class='ocrx_word' id='word_1_175' title='bbox 3192 1246 3377 1310; x_wconf 81' lang='grc' dir='ltr'>εὐθὺς,</span> <span class='ocrx_word' id='word_1_176' title='bbox 3408 1250 3501 1301; x_wconf 74' lang='grc' dir='ltr'><strong>καὶ</strong></span> <span class='ocrx_word' id='word_1_177' title='bbox 3536 1252 3870 1319; x_wconf 67' lang='grc' dir='ltr'>ἀποσοϐῆσαι</span> <span class='ocrx_word' id='word_1_178' title='bbox 3932 1256 4079 1320; x_wconf 63' lang='grc' dir='ltr'>μάλα</span> <span class='ocrx_word' id='word_1_179' title='bbox 4134 1258 4388 1325; x_wconf 77' lang='grc' dir='ltr'>μισήσας</span> 
     </span>
    </p>
   </div>
   <div class='ocr_carea' id='block_1_28' title="bbox 2785 1335 4388 1414">
    <p class='ocr_par' dir='ltr' id='par_1_28' title="bbox 2785 1335 4388 1414">
     <span class='ocr_line' id='line_1_28' title="bbox 2785 1335 4388 1414; baseline 0.009 -29"><span class='ocrx_word' id='word_1_180' title='bbox 2785 1335 2880 1385; x_wconf 78' lang='grc' dir='ltr'><strong>καὶ</strong></span> <span class='ocrx_word' id='word_1_181' title='bbox 2904 1335 3006 1403; x_wconf 82' lang='grc' dir='ltr'><strong>τῆς</strong></span> <span class='ocrx_word' id='word_1_182' title='bbox 3045 1336 3421 1406; x_wconf 73' lang='grc' dir='ltr'>ὑπερηφανίας</span> <span class='ocrx_word' id='word_1_183' title='bbox 3455 1339 3693 1400; x_wconf 82' lang='grc' dir='ltr'>ἐμαυτὸν</span> <span class='ocrx_word' id='word_1_184' title='bbox 3722 1342 4045 1412; x_wconf 71' lang='grc' dir='ltr'>μέμψωμαι,</span> <span class='ocrx_word' id='word_1_185' title='bbox 4065 1345 4193 1399; x_wconf 74' lang='grc' dir='ltr'>οὔτ’</span> <span class='ocrx_word' id='word_1_186' title='bbox 4219 1348 4388 1414; x_wconf 69' lang='grc' dir='ltr'>ἀγνο-</span> 
     </span>
    </p>
   </div>
   <div class='ocr_carea' id='block_1_29' title="bbox 2786 1427 4386 1505">
    <p class='ocr_par' dir='ltr' id='par_1_29' title="bbox 2786 1427 4386 1505">
     <span class='ocr_line' id='line_1_29' title="bbox 2786 1427 4386 1505; baseline 0.009 -28"><span class='ocrx_word' id='word_1_187' title='bbox 2786 1427 3113 1497; x_wconf 54' lang='grc' dir='ltr'>ήσωλπάλιν</span> <span class='ocrx_word' id='word_1_188' title='bbox 3174 1430 3562 1497; x_wconf 66' lang='grc' dir='ltr'>ταπεινωθεὶς,</span> <span class='ocrx_word' id='word_1_189' title='bbox 3628 1433 3721 1483; x_wconf 77' lang='grc' dir='ltr'><strong>καὶ</strong></span> <span class='ocrx_word' id='word_1_190' title='bbox 3800 1436 4073 1489; x_wconf 73' lang='grc' dir='ltr'>ἐπαινέσω</span> <span class='ocrx_word' id='word_1_191' title='bbox 4135 1441 4386 1505; x_wconf 63' lang='grc' dir='ltr'>ἑμαυτὲν</span> 
     </span>
    </p>
   </div>
   <div class='ocr_carea' id='block_1_30' title="bbox 2787 1517 4386 1599">
    <p class='ocr_par' dir='ltr' id='par_1_30' title="bbox 2787 1517 4386 1599">
     <span class='ocr_line' id='line_1_30' title="bbox 2787 1517 4386 1599; baseline 0.001 -27"><span class='ocrx_word' id='word_1_192' title='bbox 2787 1517 3174 1587; x_wconf 87' lang='grc' dir='ltr'>κατορθοῦντα.</span> <span class='ocrx_word' id='word_1_193' title='bbox 3209 1522 3276 1572; x_wconf 79' lang='grc' dir='ltr'><strong>’Δ</strong></span> <span class='ocrx_word' id='word_1_194' title='bbox 3305 1520 3365 1585; x_wconf 79' lang='grc' dir='ltr'>δὴ</span> <span class='ocrx_word' id='word_1_195' title='bbox 3397 1520 3607 1584; x_wconf 62' lang='grc' dir='ltr'>πιθὼν,</span> <span class='ocrx_word' id='word_1_196' title='bbox 3642 1525 3715 1584; x_wconf 75' lang='grc' dir='ltr'><strong>ὡς</strong></span> <span class='ocrx_word' id='word_1_197' title='bbox 3751 1525 3824 1593; x_wconf 75' lang='grc' dir='ltr'>μὴ</span> <span class='ocrx_word' id='word_1_198' title='bbox 3849 1526 4077 1593; x_wconf 64' lang='grc' dir='ltr'>ὤφελον,</span> <span class='ocrx_word' id='word_1_199' title='bbox 4110 1530 4242 1582; x_wconf 79' lang='grc' dir='ltr'>ὅθεν</span> <span class='ocrx_word' id='word_1_200' title='bbox 4283 1534 4386 1599; x_wconf 62' lang='grc' dir='ltr'><strong>ἦρ.</strong></span> 
     </span>
    </p>
   </div>
   <div class='ocr_carea' id='block_1_31' title="bbox 2788 1610 4385 1692">
    <p class='ocr_par' dir='ltr' id='par_1_31' title="bbox 2788 1610 4385 1692">
     <span class='ocr_line' id='line_1_31' title="bbox 2788 1610 4385 1692; baseline 0.009 -30"><span class='ocrx_word' id='word_1_201' title='bbox 2788 1610 2965 1680; x_wconf 78' lang='grc' dir='ltr'>ξάμην</span> <span class='ocrx_word' id='word_1_202' title='bbox 2997 1610 3186 1680; x_wconf 81' lang='grc' dir='ltr'>ὥσπερ</span> <span class='ocrx_word' id='word_1_203' title='bbox 3222 1615 3277 1664; x_wconf 76' lang='grc' dir='ltr'>ἐν</span> <span class='ocrx_word' id='word_1_204' title='bbox 3308 1613 3491 1683; x_wconf 80' lang='grc' dir='ltr'><strong>κύκλῳ</strong></span> <span class='ocrx_word' id='word_1_205' title='bbox 3534 1618 3868 1684; x_wconf 78' lang='grc' dir='ltr'>κατήντηκα.</span> <span class='ocrx_word' id='word_1_206' title='bbox 3928 1622 4086 1673; x_wconf 83' lang='grc' dir='ltr'>Ὥστε</span> <span class='ocrx_word' id='word_1_207' title='bbox 4128 1626 4385 1692; x_wconf 62' lang='grc' dir='ltr'>τρίόοὶος</span> 
     </span>
    </p>
   </div>
   <div class='ocr_carea' id='block_1_32' title="bbox 2786 1701 4385 1782">
    <p class='ocr_par' dir='ltr' id='par_1_32' title="bbox 2786 1701 4385 1782">
     <span class='ocr_line' id='line_1_32' title="bbox 2786 1701 4385 1782; baseline 0.011 -31"><span class='ocrx_word' id='word_1_208' title='bbox 2786 1701 2935 1752; x_wconf 73' lang='grc' dir='ltr'>ἐστιν</span> <span class='ocrx_word' id='word_1_209' title='bbox 2967 1703 3127 1769; x_wconf 74' lang='grc' dir='ltr'>αὕτη,</span> <span class='ocrx_word' id='word_1_210' title='bbox 3171 1705 3263 1753; x_wconf 70' lang='grc' dir='ltr'><strong>καὶ</strong></span> <span class='ocrx_word' id='word_1_211' title='bbox 3293 1702 3354 1754; x_wconf 87' lang='grc' dir='ltr'>τὸ</span> <span class='ocrx_word' id='word_1_212' title='bbox 3387 1706 3610 1775; x_wconf 81' lang='grc' dir='ltr'>κέντρον</span> <span class='ocrx_word' id='word_1_213' title='bbox 3636 1706 3817 1773; x_wconf 76' lang='grc' dir='ltr'>ὄρθιον</span> <span class='ocrx_word' id='word_1_214' title='bbox 3852 1710 3986 1778; x_wconf 76' lang='grc' dir='ltr'>ἔχει,</span> <span class='ocrx_word' id='word_1_215' title='bbox 4012 1716 4111 1764; x_wconf 73' lang='grc' dir='ltr'><strong>καὶ</strong></span> <span class='ocrx_word' id='word_1_216' title='bbox 4139 1716 4385 1782; x_wconf 66' lang='grc' dir='ltr'>χαλεπδν</span> 
     </span>
    </p>
   </div>
   <div class='ocr_carea' id='block_1_33' title="bbox 2785 1791 4379 1873">
    <p class='ocr_par' dir='ltr' id='par_1_33' title="bbox 2785 1791 4379 1873">
     <span class='ocr_line' id='line_1_33' title="bbox 2785 1791 4379 1873; baseline 0.01 -31"><span class='ocrx_word' id='word_1_217' title='bbox 2785 1791 3070 1858; x_wconf 82' lang='grc' dir='ltr'>διαφυγεῖν</span> <span class='ocrx_word' id='word_1_218' title='bbox 3095 1792 3338 1855; x_wconf 75' lang='grc' dir='ltr'>καὶτοὺς</span> <span class='ocrx_word' id='word_1_219' title='bbox 3378 1795 3512 1846; x_wconf 78' lang='grc' dir='ltr'>πολύ</span> <span class='ocrx_word' id='word_1_220' title='bbox 3552 1813 3605 1847; x_wconf 88' lang='grc' dir='ltr'><strong>τι</strong></span> <span class='ocrx_word' id='word_1_221' title='bbox 3642 1798 3802 1867; x_wconf 71' lang='grc' dir='ltr'>βάρος</span> <span class='ocrx_word' id='word_1_222' title='bbox 3830 1800 3921 1852; x_wconf 85' lang='grc' dir='ltr'><strong>νοῦ</strong></span> <span class='ocrx_word' id='word_1_223' title='bbox 3971 1808 4379 1873; x_wconf 66' lang='grc' dir='ltr'>κεκτημένους.</span> 
     </span>
    </p>
   </div>
   <div class='ocr_carea' id='block_1_34' title="bbox 1102 1861 2889 1961">
    <p class='ocr_par' dir='ltr' id='par_1_34' title="bbox 1102 1861 2889 1957">
     <span class='ocr_line' id='line_1_34' title="bbox 1102 1861 2889 1957; baseline 0.002 -18"><span class='ocrx_word' id='word_1_224' title='bbox 1102 1904 1223 1941; x_wconf 87' lang='lat' dir='ltr'><strong>men</strong></span> <span class='ocrx_word' id='word_1_225' title='bbox 1260 1904 1445 1942; x_wconf 87' lang='lat' dir='ltr'><strong>rursus</strong></span> <span class='ocrx_word' id='word_1_226' title='bbox 1497 1889 1835 1942; x_wconf 83' lang='lat' dir='ltr'><strong>humiliatum</strong></span> <span class='ocrx_word' id='word_1_227' title='bbox 1884 1903 1971 1956; x_wconf 78' lang='lat' dir='ltr'><strong>me</strong></span> <span class='ocrx_word' id='word_1_228' title='bbox 2006 1904 2110 1943; x_wconf 89' lang='lat' dir='ltr'><strong>nou</strong></span> <span class='ocrx_word' id='word_1_229' title='bbox 2162 1890 2443 1957; x_wconf 88' lang='lat' dir='ltr'><strong>ignorabo,</strong></span> <span class='ocrx_word' id='word_1_230' title='bbox 2495 1903 2686 1957; x_wconf 88' lang='lat' dir='ltr'><strong>meque</strong></span> <span class='ocrx_word' id='word_1_231' title='bbox 2714 1861 2760 1919; x_wconf 66' lang='grc' dir='ltr'><strong>Β</strong></span> <span class='ocrx_word' id='word_1_232' title='bbox 2792 1884 2889 1935; x_wconf 64' lang='lat' dir='ltr'><strong>Kal</strong></span> 
     </span>
    </p>
   </div>
   <div class='ocr_carea' id='block_1_35' title="bbox 2595 1861 4382 1961">
    <p class='ocr_par' dir='ltr' id='par_1_35' title="bbox 2595 1861 4382 1961">
     <span class='ocr_line' id='line_1_35' title="bbox 2595 1861 4382 1961; baseline 0.01 -28"><span class='ocrx_word' id='word_1_233' title='bbox 2595 1904 2686 1957; x_wconf 58' lang='lat' dir='ltr'><strong>lue</strong></span> <span class='ocrx_word' id='word_1_234' title='bbox 2714 1861 2760 1919; x_wconf 67' lang='grc' dir='ltr'><strong>Β</strong></span> <span class='ocrx_word' id='word_1_235' title='bbox 2792 1884 2901 1935; x_wconf 79' lang='grc' dir='ltr'><strong>Καὶ</strong></span> <span class='ocrx_word' id='word_1_236' title='bbox 2958 1884 3186 1946; x_wconf 73' lang='grc' dir='ltr'>πολλοὺς</span> <span class='ocrx_word' id='word_1_237' title='bbox 3227 1884 3292 1937; x_wconf 82' lang='grc' dir='ltr'>ἂν</span> <span class='ocrx_word' id='word_1_238' title='bbox 3328 1881 3476 1954; x_wconf 72' lang='grc' dir='ltr'>εἶχον</span> <span class='ocrx_word' id='word_1_239' title='bbox 3522 1889 3805 1957; x_wconf 78' lang='grc' dir='ltr'>μάρτυρας</span> <span class='ocrx_word' id='word_1_240' title='bbox 3856 1893 4163 1961; x_wconf 73' lang='grc' dir='ltr'>ἀναστῆσαι</span> <span class='ocrx_word' id='word_1_241' title='bbox 4223 1896 4382 1950; x_wconf 77' lang='grc' dir='ltr'>τοῦδε</span> 
     </span>
    </p>
   </div>
   <div class='ocr_carea' id='block_1_36' title="bbox 1099 1979 2683 2056">
    <p class='ocr_par' dir='ltr' id='par_1_36' title="bbox 1099 1979 2683 2056">
     <span class='ocr_line' id='line_1_36' title="bbox 1099 1979 2683 2056; baseline 0.001 -25"><span class='ocrx_word' id='word_1_242' title='bbox 1099 1989 1244 2032; x_wconf 84' lang='lat' dir='ltr'><strong>recte</strong></span> <span class='ocrx_word' id='word_1_243' title='bbox 1297 1989 1543 2046; x_wconf 87' lang='lat' dir='ltr'><strong>agentem</strong></span> <span class='ocrx_word' id='word_1_244' title='bbox 1598 1979 1937 2056; x_wconf 76' lang='lat' dir='ltr'><strong>collaudabo.</strong></span> <span class='ocrx_word' id='word_1_245' title='bbox 1992 1981 2171 2056; x_wconf 81' lang='lat' dir='ltr'><strong>Atque</strong></span> <span class='ocrx_word' id='word_1_246' title='bbox 2212 1979 2328 2033; x_wconf 62' lang='lat' dir='ltr'><strong>haec</strong></span> <span class='ocrx_word' id='word_1_247' title='bbox 2374 1979 2508 2032; x_wconf 92' lang='lat' dir='ltr'><strong>mihi</strong></span> <span class='ocrx_word' id='word_1_248' title='bbox 2560 1995 2683 2033; x_wconf 90' lang='lat' dir='ltr'><strong>cum</strong></span> 
     </span>
    </p>
   </div>
   <div class='ocr_carea' id='block_1_37' title="bbox 1101 2053 2681 2140">
    <p class='ocr_par' dir='ltr' id='par_1_37' title="bbox 1101 2053 2681 2140">
     <span class='ocr_line' id='line_1_37' title="bbox 1101 2053 2681 2140; baseline -0.001 -16"><span class='ocrx_word' id='word_1_249' title='bbox 1101 2072 1354 2126; x_wconf 80' lang='lat' dir='ltr'><strong>accidunt</strong></span> <span class='ocrx_word' id='word_1_250' title='bbox 1401 2073 1631 2137; x_wconf 86' lang='lat' dir='ltr'><strong>(utinam</strong></span> <span class='ocrx_word' id='word_1_251' title='bbox 1671 2053 1884 2140; x_wconf 82' lang='lat' dir='ltr'><strong>quidem</strong></span> <span class='ocrx_word' id='word_1_252' title='bbox 1924 2088 1988 2126; x_wconf 88' lang='lat' dir='ltr'><strong>ne</strong></span> <span class='ocrx_word' id='word_1_253' title='bbox 2017 2053 2252 2140; x_wconf 77' lang='lat' dir='ltr'><strong>tierent),</strong></span> <span class='ocrx_word' id='word_1_254' title='bbox 2295 2074 2436 2125; x_wconf 88' lang='lat' dir='ltr'><strong>unde</strong></span> <span class='ocrx_word' id='word_1_255' title='bbox 2472 2071 2681 2126; x_wconf 84' lang='lat' dir='ltr'><strong>fueram</strong></span> 
     </span>
    </p>
   </div>
   <div class='ocr_carea' id='block_1_38' title="bbox 1099 2152 2682 2229">
    <p class='ocr_par' dir='ltr' id='par_1_38' title="bbox 1099 2152 2682 2229">
     <span class='ocr_line' id='line_1_38' title="bbox 1099 2152 2682 2229; baseline 0.001 -12"><span class='ocrx_word' id='word_1_256' title='bbox 1099 2152 1349 2225; x_wconf 69' lang='lat' dir='ltr'><strong>exorsus,</strong></span> <span class='ocrx_word' id='word_1_257' title='bbox 1375 2164 1522 2215; x_wconf 81' lang='lat' dir='ltr'><strong>velut</strong></span> <span class='ocrx_word' id='word_1_258' title='bbox 1556 2164 1607 2214; x_wconf 93' lang='lat' dir='ltr'><strong>in</strong></span> <span class='ocrx_word' id='word_1_259' title='bbox 1636 2163 1841 2217; x_wconf 87' lang='lat' dir='ltr'><strong>circulo</strong></span> <span class='ocrx_word' id='word_1_260' title='bbox 1881 2172 2148 2217; x_wconf 84' lang='lat' dir='ltr'><strong>revertor.</strong></span> <span class='ocrx_word' id='word_1_261' title='bbox 2186 2164 2548 2229; x_wconf 84' lang='lat' dir='ltr'><strong>Quamobrem</strong></span> <span class='ocrx_word' id='word_1_262' title='bbox 2581 2166 2682 2219; x_wconf 91' lang='lat' dir='ltr'><strong>tri-</strong></span> 
     </span>
    </p>
   </div>
   <div class='ocr_carea' id='block_1_39' title="bbox 1099 2251 2681 2323">
    <p class='ocr_par' dir='ltr' id='par_1_39' title="bbox 1099 2251 2681 2323">
     <span class='ocr_line' id='line_1_39' title="bbox 1099 2251 2681 2323; baseline 0.002 -18"><span class='ocrx_word' id='word_1_263' title='bbox 1099 2253 1257 2306; x_wconf 84' lang='lat' dir='ltr'><strong>butus</strong></span> <span class='ocrx_word' id='word_1_264' title='bbox 1297 2261 1377 2307; x_wconf 90' lang='lat' dir='ltr'><strong>est</strong></span> <span class='ocrx_word' id='word_1_265' title='bbox 1417 2251 1695 2317; x_wconf 85' lang='lat' dir='ltr'><strong>superbia,</strong></span> <span class='ocrx_word' id='word_1_266' title='bbox 1750 2251 2136 2323; x_wconf 87' lang='lat' dir='ltr'><strong>stimulumque</strong></span> <span class='ocrx_word' id='word_1_267' title='bbox 2187 2269 2400 2306; x_wconf 79' lang='lat' dir='ltr'><strong>sursum</strong></span> <span class='ocrx_word' id='word_1_268' title='bbox 2435 2265 2681 2308; x_wconf 89' lang='lat' dir='ltr'><strong>erectum</strong></span> 
     </span>
    </p>
   </div>
   <div class='ocr_carea' id='block_1_40' title="bbox 1101 2342 2683 2415">
    <p class='ocr_par' dir='ltr' id='par_1_40' title="bbox 1101 2342 2683 2415">
     <span class='ocr_line' id='line_1_40' title="bbox 1101 2342 2683 2415; baseline 0.002 -18"><span class='ocrx_word' id='word_1_269' title='bbox 1101 2343 1287 2408; x_wconf 85' lang='lat' dir='ltr'><strong>habet,</strong></span> <span class='ocrx_word' id='word_1_270' title='bbox 1314 2358 1472 2412; x_wconf 86' lang='lat' dir='ltr'><strong>quem</strong></span> <span class='ocrx_word' id='word_1_271' title='bbox 1521 2342 1812 2397; x_wconf 82' lang='lat' dir='ltr'><strong>difﬁculter</strong></span> <span class='ocrx_word' id='word_1_272' title='bbox 1854 2345 2058 2399; x_wconf 79' lang='lat' dir='ltr'><strong>evitare</strong></span> <span class='ocrx_word' id='word_1_273' title='bbox 2113 2356 2360 2413; x_wconf 88' lang='lat' dir='ltr'><strong>possunt,</strong></span> <span class='ocrx_word' id='word_1_274' title='bbox 2398 2347 2561 2399; x_wconf 90' lang='lat' dir='ltr'><strong>etiam</strong></span> <span class='ocrx_word' id='word_1_275' title='bbox 2594 2348 2683 2415; x_wconf 89' lang='lat' dir='ltr'><strong>qui</strong></span> 
     </span>
    </p>
   </div>
   <div class='ocr_carea' id='block_1_41' title="bbox 1103 2433 2685 2505">
    <p class='ocr_par' dir='ltr' id='par_1_41' title="bbox 1103 2433 2685 2505">
     <span class='ocr_line' id='line_1_41' title="bbox 1103 2433 2685 2505; baseline 0.003 -19"><span class='ocrx_word' id='word_1_276' title='bbox 1103 2450 1299 2503; x_wconf 79' lang='lat' dir='ltr'><strong>magno</strong></span> <span class='ocrx_word' id='word_1_277' title='bbox 1327 2434 1520 2488; x_wconf 88' lang='lat' dir='ltr'><strong>mentis</strong></span> <span class='ocrx_word' id='word_1_278' title='bbox 1549 2433 1786 2503; x_wconf 80' lang='lat' dir='ltr'><strong>pondere</strong></span> <span class='ocrx_word' id='word_1_279' title='bbox 1834 2443 1961 2488; x_wconf 88' lang='lat' dir='ltr'><strong>sunt</strong></span> <span class='ocrx_word' id='word_1_280' title='bbox 1994 2436 2227 2503; x_wconf 67' lang='lat' dir='ltr'><strong>praediti.</strong></span> <span class='ocrx_word' id='word_1_281' title='bbox 2273 2435 2439 2503; x_wconf 84' lang='lat' dir='ltr'><strong>Cujus</strong></span> <span class='ocrx_word' id='word_1_282' title='bbox 2468 2436 2685 2505; x_wconf 85' lang='lat' dir='ltr'><strong>quidem</strong></span> 
     </span>
    </p>
   </div>
   <div class='ocr_carea' id='block_1_42' title="bbox 1102 2526 2687 2595">
    <p class='ocr_par' dir='ltr' id='par_1_42' title="bbox 1102 2526 2687 2595">
     <span class='ocr_line' id='line_1_42' title="bbox 1102 2526 2687 2595; baseline 0 -15"><span class='ocrx_word' id='word_1_283' title='bbox 1102 2526 1365 2580; x_wconf 88' lang='lat' dir='ltr'><strong>orationis</strong></span> <span class='ocrx_word' id='word_1_284' title='bbox 1400 2535 1564 2580; x_wconf 90' lang='lat' dir='ltr'><strong>testes</strong></span> <span class='ocrx_word' id='word_1_285' title='bbox 1602 2526 1901 2593; x_wconf 83' lang='lat' dir='ltr'><strong>producere</strong></span> <span class='ocrx_word' id='word_1_286' title='bbox 1949 2528 2151 2581; x_wconf 91' lang='lat' dir='ltr'><strong>multos</strong></span> <span class='ocrx_word' id='word_1_287' title='bbox 2175 2529 2331 2582; x_wconf 82' lang='lat' dir='ltr'><strong>exiis</strong></span> <span class='ocrx_word' id='word_1_288' title='bbox 2392 2528 2524 2591; x_wconf 90' lang='lat' dir='ltr'><strong>ipsis</strong></span> <span class='ocrx_word' id='word_1_289' title='bbox 2565 2545 2687 2595; x_wconf 85' lang='lat' dir='ltr'><strong>pus-</strong></span> 
     </span>
    </p>
   </div>
   <div class='ocr_carea' id='block_1_43' title="bbox 1104 2616 2682 2685">
    <p class='ocr_par' dir='ltr' id='par_1_43' title="bbox 1104 2616 2682 2685">
     <span class='ocr_line' id='line_1_43' title="bbox 1104 2616 2682 2685; baseline 0.001 -16"><span class='ocrx_word' id='word_1_290' title='bbox 1104 2631 1239 2679; x_wconf 84' lang='lat' dir='ltr'><strong>sein,</strong></span> <span class='ocrx_word' id='word_1_291' title='bbox 1274 2617 1363 2684; x_wconf 86' lang='lat' dir='ltr'><strong>qui</strong></span> <span class='ocrx_word' id='word_1_292' title='bbox 1408 2616 1549 2671; x_wconf 88' lang='lat' dir='ltr'><strong>hunc</strong></span> <span class='ocrx_word' id='word_1_293' title='bbox 1597 2617 1875 2671; x_wconf 90' lang='lat' dir='ltr'><strong>stimulum</strong></span> <span class='ocrx_word' id='word_1_294' title='bbox 1903 2617 2113 2685; x_wconf 79' lang='lat' dir='ltr'><strong>experti</strong></span> <span class='ocrx_word' id='word_1_295' title='bbox 2173 2619 2346 2672; x_wconf 79' lang='lat' dir='ltr'><strong>fuere.</strong></span> <span class='ocrx_word' id='word_1_296' title='bbox 2408 2620 2512 2672; x_wconf 84' lang='lat' dir='ltr'><strong>Sed</strong></span> <span class='ocrx_word' id='word_1_297' title='bbox 2562 2637 2682 2673; x_wconf 87' lang='lat' dir='ltr'><strong>cum</strong></span> 
     </span>
    </p>
   </div>
   <div class='ocr_carea' id='block_1_44' title="bbox 1103 2713 3376 2785">
    <p class='ocr_par' dir='ltr' id='par_1_44' title="bbox 1103 2713 3376 2785">
     <span class='ocr_line' id='line_1_44' title="bbox 1103 2713 3376 2785; baseline 0.001 -21"><span class='ocrx_word' id='word_1_298' title='bbox 1103 2727 1193 2767; x_wconf 86' lang='lat' dir='ltr'><strong>res</strong></span> <span class='ocrx_word' id='word_1_299' title='bbox 1224 2714 1336 2782; x_wconf 85' lang='lat' dir='ltr'><strong>ipsa</strong></span> <span class='ocrx_word' id='word_1_300' title='bbox 1384 2713 1666 2783; x_wconf 84' lang='lat' dir='ltr'><strong>perspicua</strong></span> <span class='ocrx_word' id='word_1_301' title='bbox 1730 2715 1799 2766; x_wconf 89' lang='lat' dir='ltr'><strong>sit</strong></span> <span class='ocrx_word' id='word_1_302' title='bbox 1830 2724 1884 2768; x_wconf 89' lang='lat' dir='ltr'><strong>et</strong></span> <span class='ocrx_word' id='word_1_303' title='bbox 1932 2716 2239 2778; x_wconf 76' lang='lat' dir='ltr'><strong>manifesta,</strong></span> <span class='ocrx_word' id='word_1_304' title='bbox 2284 2716 2482 2771; x_wconf 87' lang='lat' dir='ltr'><strong>nullius</strong></span> <span class='ocrx_word' id='word_1_305' title='bbox 2520 2732 2677 2784; x_wconf 81' lang='lat' dir='ltr'><strong>egere</strong></span> <span class='ocrx_word' id='word_1_306' title='bbox 2746 2714 3082 2785; x_wconf 88' lang='lat' dir='ltr'><strong>probationis</strong></span> <span class='ocrx_word' id='word_1_307' title='bbox 3142 2714 3376 2779; x_wconf 71' lang='lat' dir='ltr'><strong>videtur,</strong></span> 
     </span>
    </p>
   </div>
   <div class='ocr_carea' id='block_1_45' title="bbox 2788 1975 4383 2055">
    <p class='ocr_par' dir='ltr' id='par_1_45' title="bbox 2788 1975 4383 2055">
     <span class='ocr_line' id='line_1_45' title="bbox 2788 1975 4383 2055; baseline 0.01 -30"><span class='ocrx_word' id='word_1_308' title='bbox 2788 1975 2882 2027; x_wconf 81' lang='grc' dir='ltr'><strong>τοῦ</strong></span> <span class='ocrx_word' id='word_1_309' title='bbox 2943 1976 3126 2041; x_wconf 81' lang='grc' dir='ltr'><strong>λόγου,</strong></span> <span class='ocrx_word' id='word_1_310' title='bbox 3159 1978 3351 2040; x_wconf 79' lang='grc' dir='ltr'>αὑτοὺς</span> <span class='ocrx_word' id='word_1_311' title='bbox 3378 1981 3620 2043; x_wconf 73' lang='grc' dir='ltr'>ἐκείνους</span> <span class='ocrx_word' id='word_1_312' title='bbox 3660 1984 3785 2043; x_wconf 72' lang='grc' dir='ltr'>τοὺς</span> <span class='ocrx_word' id='word_1_313' title='bbox 3816 1986 4191 2055; x_wconf 77' lang='grc' dir='ltr'>βεϐλημένους</span> <span class='ocrx_word' id='word_1_314' title='bbox 4242 1990 4383 2055; x_wconf 63' lang='grc' dir='ltr'>τῷδε</span> 
     </span>
    </p>
   </div>
   <div class='ocr_carea' id='block_1_46' title="bbox 2786 2064 4380 2149">
    <p class='ocr_par' dir='ltr' id='par_1_46' title="bbox 2786 2064 4380 2149">
     <span class='ocr_line' id='line_1_46' title="bbox 2786 2064 4380 2149; baseline 0.01 -32"><span class='ocrx_word' id='word_1_315' title='bbox 2786 2064 2867 2134; x_wconf 83' lang='grc' dir='ltr'>τῷ</span> <span class='ocrx_word' id='word_1_316' title='bbox 2896 2065 3124 2135; x_wconf 71' lang='grc' dir='ltr'>κέντρῳ.</span> <span class='ocrx_word' id='word_1_317' title='bbox 3160 2068 3338 2135; x_wconf 75' lang='grc' dir='ltr'>Σαφὲς</span> <span class='ocrx_word' id='word_1_318' title='bbox 3371 2069 3426 2121; x_wconf 84' lang='grc' dir='ltr'>δὲ</span> <span class='ocrx_word' id='word_1_319' title='bbox 3454 2070 3513 2122; x_wconf 84' lang='grc' dir='ltr'>ὃν</span> <span class='ocrx_word' id='word_1_320' title='bbox 3556 2072 3615 2124; x_wconf 76' lang='grc' dir='ltr'>τὸ</span> <span class='ocrx_word' id='word_1_321' title='bbox 3647 2076 3879 2142; x_wconf 79' lang='grc' dir='ltr'>πρᾶγμα</span> <span class='ocrx_word' id='word_1_322' title='bbox 3933 2078 4025 2130; x_wconf 76' lang='grc' dir='ltr'>καὶ</span> <span class='ocrx_word' id='word_1_323' title='bbox 4076 2082 4380 2149; x_wconf 71' lang='grc' dir='ltr'>πρόδηλον,</span> 
     </span>
    </p>
   </div>
   <div class='ocr_carea' id='block_1_47' title="bbox 2786 2157 4382 2241">
    <p class='ocr_par' dir='ltr' id='par_1_47' title="bbox 2786 2157 4382 2241">
     <span class='ocr_line' id='line_1_47' title="bbox 2786 2157 4382 2241; baseline 0.009 -31"><span class='ocrx_word' id='word_1_324' title='bbox 2786 2158 2848 2210; x_wconf 71' lang='grc' dir='ltr'>οὗ</span> <span class='ocrx_word' id='word_1_325' title='bbox 2884 2159 3352 2211; x_wconf 79' lang='grc' dir='ltr'>κατασκευαστέον</span> <span class='ocrx_word' id='word_1_326' title='bbox 3390 2157 3528 2213; x_wconf 69' lang='grc' dir='ltr'>εἶναι</span> <span class='ocrx_word' id='word_1_327' title='bbox 3557 2163 3718 2227; x_wconf 83' lang='grc' dir='ltr'>δοκεῖ,</span> <span class='ocrx_word' id='word_1_328' title='bbox 3740 2167 3912 2231; x_wconf 76' lang='grc' dir='ltr'><strong>ἄλλως</strong></span> <span class='ocrx_word' id='word_1_329' title='bbox 3941 2186 3997 2221; x_wconf 80' lang='grc' dir='ltr'><strong>τε</strong></span> <span class='ocrx_word' id='word_1_330' title='bbox 4024 2173 4120 2222; x_wconf 78' lang='grc' dir='ltr'><strong>καὶ</strong></span> <span class='ocrx_word' id='word_1_331' title='bbox 4156 2175 4296 2241; x_wconf 57' lang='lat' dir='ltr'><strong>apo;</strong></span> <span class='ocrx_word' id='word_1_332' title='bbox 4324 2174 4382 2225; x_wconf 81' lang='grc' dir='ltr'><strong>σὲ</strong></span> 
     </span>
    </p>
   </div>
   <div class='ocr_carea' id='block_1_48' title="bbox 2784 2249 4384 2334">
    <p class='ocr_par' dir='ltr' id='par_1_48' title="bbox 2784 2249 4384 2333">
     <span class='ocr_line' id='line_1_48' title="bbox 2784 2249 4384 2333; baseline 0.007 -31"><span class='ocrx_word' id='word_1_333' title='bbox 2784 2249 3145 2319; x_wconf 77' lang='grc' dir='ltr'>δυσπόριστόν</span> <span class='ocrx_word' id='word_1_334' title='bbox 3176 2268 3296 2302; x_wconf 86' lang='grc' dir='ltr'>τινα</span> <span class='ocrx_word' id='word_1_335' title='bbox 3319 2252 3544 2305; x_wconf 74' lang='grc' dir='ltr'>πλοῦτον</span> <span class='ocrx_word' id='word_1_336' title='bbox 3578 2255 3673 2324; x_wconf 77' lang='grc' dir='ltr'>τὴν</span> <span class='ocrx_word' id='word_1_337' title='bbox 3704 2263 4213 2330; x_wconf 75' lang='grc' dir='ltr'>ταπεινοφροσύνην</span> <span class='ocrx_word' id='word_1_338' title='bbox 4247 2282 4384 2333; x_wconf 57' lang='grc' dir='ltr'>πριι-</span> 
     </span>
    </p>
   </div>
   <div class='ocr_carea' id='block_1_49' title="bbox 2796 2341 4383 2421">
    <p class='ocr_par' dir='ltr' id='par_1_49' title="bbox 2796 2341 4383 2421">
     <span class='ocr_line' id='line_1_49' title="bbox 2796 2341 4383 2421; baseline 0.009 -30"><span class='ocrx_word' id='word_1_339' title='bbox 2796 2341 3077 2409; x_wconf 75' lang='grc' dir='ltr'>ειρηκότα.</span> <span class='ocrx_word' id='word_1_340' title='bbox 3129 2342 3350 2395; x_wconf 82' lang='grc' dir='ltr'>’Δκτέον</span> <span class='ocrx_word' id='word_1_341' title='bbox 3380 2343 3443 2412; x_wconf 78' lang='grc' dir='ltr'>δὴ</span> <span class='ocrx_word' id='word_1_342' title='bbox 3471 2345 3561 2397; x_wconf 78' lang='grc' dir='ltr'><strong>τὸν</strong></span> <span class='ocrx_word' id='word_1_343' title='bbox 3603 2347 3756 2414; x_wconf 79' lang='grc' dir='ltr'>λόγον</span> <span class='ocrx_word' id='word_1_344' title='bbox 3795 2352 3886 2400; x_wconf 76' lang='grc' dir='ltr'>ἐπὶ</span> <span class='ocrx_word' id='word_1_345' title='bbox 3923 2352 4009 2403; x_wconf 82' lang='grc' dir='ltr'><strong>τὸν</strong></span> <span class='ocrx_word' id='word_1_346' title='bbox 4060 2356 4290 2421; x_wconf 57' lang='lat' dir='ltr'><strong>apd-mw.</strong></span> <span class='ocrx_word' id='word_1_347' title='bbox 4340 2350 4383 2421; x_wconf 76' lang='grc' dir='ltr'>ᾧ</span> 
     </span>
    </p>
   </div>
   <div class='ocr_carea' id='block_1_50' title="bbox 2796 2432 4383 2513">
    <p class='ocr_par' dir='ltr' id='par_1_50' title="bbox 2796 2432 4383 2513">
     <span class='ocr_line' id='line_1_50' title="bbox 2796 2432 4383 2513; baseline 0.009 -30"><span class='ocrx_word' id='word_1_348' title='bbox 2796 2434 2860 2485; x_wconf 79' lang='grc' dir='ltr'>ἄν</span> <span class='ocrx_word' id='word_1_349' title='bbox 2884 2451 2965 2495; x_wconf 87' lang='grc' dir='ltr'><strong>τις</strong></span> <span class='ocrx_word' id='word_1_350' title='bbox 2999 2432 3211 2503; x_wconf 74' lang='grc' dir='ltr'>πράξας</span> <span class='ocrx_word' id='word_1_351' title='bbox 3243 2436 3299 2487; x_wconf 71' lang='grc' dir='ltr'>τὸ</span> <span class='ocrx_word' id='word_1_352' title='bbox 3324 2435 3549 2502; x_wconf 72' lang='grc' dir='ltr'>ἀγαθὸν,</span> <span class='ocrx_word' id='word_1_353' title='bbox 3575 2439 3825 2507; x_wconf 77' lang='grc' dir='ltr'>διαφύγοι</span> <span class='ocrx_word' id='word_1_354' title='bbox 3854 2440 3913 2492; x_wconf 80' lang='grc' dir='ltr'>τὸ</span> <span class='ocrx_word' id='word_1_355' title='bbox 3937 2444 4063 2513; x_wconf 73' lang='grc' dir='ltr'>περὶ</span> <span class='ocrx_word' id='word_1_356' title='bbox 4099 2446 4268 2497; x_wconf 67' lang='grc' dir='ltr'><strong>;.ὖτοῧ</strong></span> <span class='ocrx_word' id='word_1_357' title='bbox 4300 2448 4383 2497; x_wconf 58' lang='lat' dir='ltr'><strong>eo-</strong></span> 
     </span>
    </p>
   </div>
   <div class='ocr_carea' id='block_1_51' title="bbox 2795 2526 4386 2607">
    <p class='ocr_par' dir='ltr' id='par_1_51' title="bbox 2795 2526 4386 2607">
     <span class='ocr_line' id='line_1_51' title="bbox 2795 2526 4386 2607; baseline -0.001 -28"><span class='ocrx_word' id='word_1_358' title='bbox 2795 2526 2954 2591; x_wconf 75' lang='grc' dir='ltr'>Εάσαι</span> <span class='ocrx_word' id='word_1_359' title='bbox 2987 2544 3038 2577; x_wconf 85' lang='grc' dir='ltr'><strong>τι</strong></span> <span class='ocrx_word' id='word_1_360' title='bbox 3083 2527 3245 2593; x_wconf 80' lang='grc' dir='ltr'>μέγα,</span> <span class='ocrx_word' id='word_1_361' title='bbox 3279 2529 3372 2579; x_wconf 67' lang='grc' dir='ltr'>καὶ</span> <span class='ocrx_word' id='word_1_362' title='bbox 3390 2528 3457 2580; x_wconf 81' lang='grc' dir='ltr'>τὰ</span> <span class='ocrx_word' id='word_1_363' title='bbox 3482 2528 3675 2599; x_wconf 82' lang='grc' dir='ltr'>μέτρια</span> <span class='ocrx_word' id='word_1_364' title='bbox 3703 2535 3998 2602; x_wconf 73' lang='grc' dir='ltr'>φρονήσας,</span> <span class='ocrx_word' id='word_1_365' title='bbox 4036 2536 4111 2605; x_wconf 75' lang='grc' dir='ltr'>μὴ</span> <span class='ocrx_word' id='word_1_366' title='bbox 4161 2538 4386 2607; x_wconf 46' lang='grc' dir='ltr'><strong>ὖᾷωῧῇ-</strong></span> 
     </span>
    </p>
   </div>
   <div class='ocr_carea' id='block_1_52' title="bbox 2794 2616 4237 2697">
    <p class='ocr_par' dir='ltr' id='par_1_52' title="bbox 2794 2616 4237 2697">
     <span class='ocr_line' id='line_1_52' title="bbox 2794 2616 4237 2697; baseline 0.004 -28"><span class='ocrx_word' id='word_1_367' title='bbox 2794 2635 2902 2681; x_wconf 88' lang='grc' dir='ltr'>ναι,</span> <span class='ocrx_word' id='word_1_368' title='bbox 2943 2616 2971 2668; x_wconf 83' lang='grc' dir='ltr'><strong>ὃ</strong></span> <span class='ocrx_word' id='word_1_369' title='bbox 2999 2618 3093 2670; x_wconf 72' lang='grc' dir='ltr'><strong>καὶ</strong></span> <span class='ocrx_word' id='word_1_370' title='bbox 3123 2617 3499 2687; x_wconf 81' lang='grc' dir='ltr'>χαλεπώτερον</span> <span class='ocrx_word' id='word_1_371' title='bbox 3527 2620 3792 2673; x_wconf 83' lang='grc' dir='ltr'>δέδεικται</span> <span class='ocrx_word' id='word_1_372' title='bbox 3824 2624 3913 2675; x_wconf 77' lang='grc' dir='ltr'><strong>τοῦ</strong></span> <span class='ocrx_word' id='word_1_373' title='bbox 3936 2628 4237 2697; x_wconf 84' lang='grc' dir='ltr'>προτέρου.</span> 
     </span>
    </p>
   </div>
   <div class='ocr_carea' id='block_1_53' title="bbox 3453 2719 4385 2791">
    <p class='ocr_par' dir='ltr' id='par_1_53' title="bbox 3453 2719 4385 2791">
     <span class='ocr_line' id='line_1_53' title="bbox 3453 2719 4385 2791; baseline 0.008 -23"><span class='ocrx_word' id='word_1_374' title='bbox 3453 2719 3752 2784; x_wconf 78' lang='lat' dir='ltr'><strong>praesertim</strong></span> <span class='ocrx_word' id='word_1_375' title='bbox 3791 2720 3933 2787; x_wconf 87' lang='lat' dir='ltr'><strong>apud</strong></span> <span class='ocrx_word' id='word_1_376' title='bbox 3967 2731 4017 2773; x_wconf 91' lang='lat' dir='ltr'><strong>te</strong></span> <span class='ocrx_word' id='word_1_377' title='bbox 4046 2761 4062 2785; x_wconf 92' lang='lat'><strong>,</strong></span> <span class='ocrx_word' id='word_1_378' title='bbox 4133 2725 4230 2791; x_wconf 82' lang='lat' dir='ltr'><strong>qui</strong></span> <span class='ocrx_word' id='word_1_379' title='bbox 4288 2741 4385 2777; x_wconf 79' lang='lat' dir='ltr'><strong>au-</strong></span> 
     </span>
    </p>
   </div>
   <div class='ocr_carea' id='block_1_54' title="bbox 1107 2806 4384 2889">
    <p class='ocr_par' dir='ltr' id='par_1_54' title="bbox 1107 2806 4384 2889">
     <span class='ocr_line' id='line_1_54' title="bbox 1107 2806 4384 2889; baseline 0.002 -25"><span class='ocrx_word' id='word_1_380' title='bbox 1107 2826 1197 2871; x_wconf 75' lang='lat' dir='ltr'><strong>iea-</strong></span> <span class='ocrx_word' id='word_1_381' title='bbox 1246 2812 1483 2875; x_wconf 83' lang='lat' dir='ltr'><strong>dicebas,</strong></span> <span class='ocrx_word' id='word_1_382' title='bbox 1523 2810 1879 2865; x_wconf 86' lang='lat' dir='ltr'><strong>humilitatem</strong></span> <span class='ocrx_word' id='word_1_383' title='bbox 1934 2826 2052 2866; x_wconf 86' lang='lat' dir='ltr'><strong>esse</strong></span> <span class='ocrx_word' id='word_1_384' title='bbox 2102 2812 2318 2867; x_wconf 78' lang='lat' dir='ltr'><strong>divitias</strong></span> <span class='ocrx_word' id='word_1_385' title='bbox 2364 2806 2640 2882; x_wconf 59' lang='lat' dir='ltr'><strong>&#39;acquisitu</strong></span> <span class='ocrx_word' id='word_1_386' title='bbox 2684 2813 2947 2868; x_wconf 86' lang='lat' dir='ltr'><strong>dill&#39;iciles.</strong></span> <span class='ocrx_word' id='word_1_387' title='bbox 3025 2810 3216 2878; x_wconf 86' lang='lat' dir='ltr'><strong>Itaque</strong></span> <span class='ocrx_word' id='word_1_388' title='bbox 3282 2811 3611 2866; x_wconf 82' lang='lat' dir='ltr'><strong>traducenda</strong></span> <span class='ocrx_word' id='word_1_389' title='bbox 3647 2816 3752 2869; x_wconf 90' lang='lat' dir='ltr'><strong>erit</strong></span> <span class='ocrx_word' id='word_1_390' title='bbox 3810 2817 3876 2871; x_wconf 89' lang='lat' dir='ltr'><strong>ad</strong></span> <span class='ocrx_word' id='word_1_391' title='bbox 3909 2818 4133 2872; x_wconf 89' lang='lat' dir='ltr'><strong>modum</strong></span> <span class='ocrx_word' id='word_1_392' title='bbox 4183 2824 4384 2889; x_wconf 70' lang='lat' dir='ltr'><strong>oratiu,</strong></span> 
     </span>
    </p>
   </div>
   <div class='ocr_carea' id='block_1_55' title="bbox 1107 2904 4379 2976">
    <p class='ocr_par' dir='ltr' id='par_1_55' title="bbox 1107 2904 4379 2976">
     <span class='ocr_line' id='line_1_55' title="bbox 1107 2904 4379 2976; baseline 0.004 -22"><span class='ocrx_word' id='word_1_393' title='bbox 1107 2920 1213 2972; x_wconf 90' lang='lat' dir='ltr'><strong>quc</strong></span> <span class='ocrx_word' id='word_1_394' title='bbox 1246 2905 1363 2973; x_wconf 72' lang='lat' dir='ltr'><strong>quis</strong></span> <span class='ocrx_word' id='word_1_395' title='bbox 1402 2904 1642 2959; x_wconf 79' lang='lat' dir='ltr'><strong>cfticicns</strong></span> <span class='ocrx_word' id='word_1_396' title='bbox 1674 2907 1816 2973; x_wconf 91' lang='lat' dir='ltr'><strong>quod</strong></span> <span class='ocrx_word' id='word_1_397' title='bbox 1849 2905 2051 2960; x_wconf 89' lang='lat' dir='ltr'><strong>bonum</strong></span> <span class='ocrx_word' id='word_1_398' title='bbox 2082 2917 2185 2971; x_wconf 87' lang='lat' dir='ltr'><strong>est,</strong></span> <span class='ocrx_word' id='word_1_399' title='bbox 2242 2907 2448 2962; x_wconf 86' lang='lat' dir='ltr'><strong>evitare</strong></span> <span class='ocrx_word' id='word_1_400' title='bbox 2488 2908 2678 2976; x_wconf 84' lang='lat' dir='ltr'><strong>possit.</strong></span> <span class='ocrx_word' id='word_1_401' title='bbox 2711 2921 2778 2961; x_wconf 89' lang='lat' dir='ltr'><strong>ne</strong></span> <span class='ocrx_word' id='word_1_402' title='bbox 2803 2921 3053 2973; x_wconf 79' lang='lat' dir='ltr'><strong>magnam</strong></span> <span class='ocrx_word' id='word_1_403' title='bbox 3081 2905 3150 2958; x_wconf 92' lang='lat' dir='ltr'><strong>de</strong></span> <span class='ocrx_word' id='word_1_404' title='bbox 3180 2919 3240 2959; x_wconf 90' lang='lat' dir='ltr'><strong>se</strong></span> <span class='ocrx_word' id='word_1_405' title='bbox 3288 2905 3562 2973; x_wconf 88' lang='lat' dir='ltr'><strong>concipiat</strong></span> <span class='ocrx_word' id='word_1_406' title='bbox 3606 2908 3953 2975; x_wconf 88' lang='lat' dir='ltr'><strong>opinionem;</strong></span> <span class='ocrx_word' id='word_1_407' title='bbox 4013 2922 4071 2965; x_wconf 89' lang='lat' dir='ltr'><strong>et</strong></span> <span class='ocrx_word' id='word_1_408' title='bbox 4120 2926 4184 2966; x_wconf 90' lang='lat' dir='ltr'><strong>ut</strong></span> <span class='ocrx_word' id='word_1_409' title='bbox 4253 2930 4379 2968; x_wconf 85' lang='lat' dir='ltr'><strong>mu-</strong></span> 
     </span>
    </p>
   </div>
   <div class='ocr_carea' id='block_1_56' title="bbox 1107 3001 4060 3073">
    <p class='ocr_par' dir='ltr' id='par_1_56' title="bbox 1107 3001 4060 3073">
     <span class='ocr_line' id='line_1_56' title="bbox 1107 3001 4060 3073; baseline 0.002 -20"><span class='ocrx_word' id='word_1_410' title='bbox 1107 3002 1261 3054; x_wconf 86' lang='lat' dir='ltr'><strong>dcste</strong></span> <span class='ocrx_word' id='word_1_411' title='bbox 1294 3002 1359 3054; x_wconf 79' lang='lat' dir='ltr'><strong>de</strong></span> <span class='ocrx_word' id='word_1_412' title='bbox 1414 3017 1471 3054; x_wconf 91' lang='lat' dir='ltr'><strong>se</strong></span> <span class='ocrx_word' id='word_1_413' title='bbox 1525 3002 1790 3067; x_wconf 88' lang='lat' dir='ltr'><strong>sentiens,</strong></span> <span class='ocrx_word' id='word_1_414' title='bbox 1837 3016 1941 3057; x_wconf 91' lang='lat' dir='ltr'><strong>non</strong></span> <span class='ocrx_word' id='word_1_415' title='bbox 2001 3001 2303 3068; x_wconf 71' lang='lat' dir='ltr'><strong>efferatur;</strong></span> <span class='ocrx_word' id='word_1_416' title='bbox 2332 3009 2475 3073; x_wconf 88' lang='lat' dir='ltr'><strong>quod</strong></span> <span class='ocrx_word' id='word_1_417' title='bbox 2531 3004 2694 3059; x_wconf 88' lang='lat' dir='ltr'><strong>etiam</strong></span> <span class='ocrx_word' id='word_1_418' title='bbox 2722 3018 2843 3058; x_wconf 81' lang='lat' dir='ltr'><strong>esse</strong></span> <span class='ocrx_word' id='word_1_419' title='bbox 2867 3003 3295 3056; x_wconf 88' lang='lat' dir='ltr'><strong>demonstratum</strong></span> <span class='ocrx_word' id='word_1_420' title='bbox 3327 3011 3407 3055; x_wconf 90' lang='lat' dir='ltr'><strong>est</strong></span> <span class='ocrx_word' id='word_1_421' title='bbox 3432 3001 3523 3053; x_wconf 93' lang='lat' dir='ltr'><strong>illo</strong></span> <span class='ocrx_word' id='word_1_422' title='bbox 3547 3003 3729 3069; x_wconf 65' lang='lat' dir='ltr'><strong>priore</strong></span> <span class='ocrx_word' id='word_1_423' title='bbox 3763 3003 4060 3060; x_wconf 85' lang='lat' dir='ltr'><strong>dillicilius.</strong></span> 
     </span>
    </p>
   </div>
   <div class='ocr_carea' id='block_1_57' title="bbox 1174 3098 2679 3169">
    <p class='ocr_par' dir='ltr' id='par_1_57' title="bbox 1174 3098 2679 3169">
     <span class='ocr_line' id='line_1_57' title="bbox 1174 3098 2679 3169; baseline 0.001 -18"><span class='ocrx_word' id='word_1_424' title='bbox 1174 3098 1448 3151; x_wconf 83' lang='lat' dir='ltr'><strong>Arbritror</strong></span> <span class='ocrx_word' id='word_1_425' title='bbox 1477 3098 1660 3166; x_wconf 80' lang='lat' dir='ltr'><strong>igitur,</strong></span> <span class='ocrx_word' id='word_1_426' title='bbox 1690 3114 1848 3152; x_wconf 85' lang='lat' dir='ltr'><strong>unam</strong></span> <span class='ocrx_word' id='word_1_427' title='bbox 1881 3100 2170 3169; x_wconf 83' lang='lat' dir='ltr'><strong>quamdam</strong></span> <span class='ocrx_word' id='word_1_428' title='bbox 2201 3098 2343 3154; x_wconf 85' lang='lat' dir='ltr'><strong>banc</strong></span> <span class='ocrx_word' id='word_1_429' title='bbox 2365 3099 2505 3152; x_wconf 87' lang='lat' dir='ltr'><strong>viam</strong></span> <span class='ocrx_word' id='word_1_430' title='bbox 2534 3115 2679 3166; x_wconf 90' lang='lat' dir='ltr'><strong>esse,</strong></span> 
     </span>
    </p>
   </div>
   <div class='ocr_carea' id='block_1_58' title="bbox 1108 3189 2895 3283">
    <p class='ocr_par' dir='ltr' id='par_1_58' title="bbox 1108 3191 2883 3283">
     <span class='ocr_line' id='line_1_58' title="bbox 1108 3191 2883 3283; baseline 0.001 -42"><span class='ocrx_word' id='word_1_431' title='bbox 1108 3206 1230 3259; x_wconf 66' lang='lat' dir='ltr'><strong>quae</strong></span> <span class='ocrx_word' id='word_1_432' title='bbox 1264 3206 1361 3242; x_wconf 86' lang='lat' dir='ltr'><strong>nos</strong></span> <span class='ocrx_word' id='word_1_433' title='bbox 1425 3191 1490 3243; x_wconf 85' lang='lat' dir='ltr'><strong>ad</strong></span> <span class='ocrx_word' id='word_1_434' title='bbox 1538 3191 1897 3245; x_wconf 83' lang='lat' dir='ltr'><strong>humilitatem</strong></span> <span class='ocrx_word' id='word_1_435' title='bbox 1957 3192 2193 3245; x_wconf 85' lang='lat' dir='ltr'><strong>evehat:</strong></span> <span class='ocrx_word' id='word_1_436' title='bbox 2234 3201 2292 3244; x_wconf 94' lang='lat' dir='ltr'><strong>ut</strong></span> <span class='ocrx_word' id='word_1_437' title='bbox 2353 3203 2497 3246; x_wconf 89' lang='lat' dir='ltr'><strong>reete</strong></span> <span class='ocrx_word' id='word_1_438' title='bbox 2545 3191 2685 3245; x_wconf 79' lang='lat' dir='ltr'><strong>facta</strong></span> <span class='ocrx_word' id='word_1_439' title='bbox 2716 3223 2759 3283; x_wconf 62' lang='grc' dir='ltr'>ο</span> <span class='ocrx_word' id='word_1_440' title='bbox 2794 3191 2883 3242; x_wconf 74' lang='grc' dir='ltr'>ἔπί</span> 
     </span>
    </p>
   </div>
   <div class='ocr_carea' id='block_1_59' title="bbox 2291 3189 4078 3283">
    <p class='ocr_par' dir='ltr' id='par_1_59' title="bbox 2291 3189 4078 3283">
     <span class='ocr_line' id='line_1_59' title="bbox 2291 3189 4078 3283; baseline 0.003 -44"><span class='ocrx_word' id='word_1_441' title='bbox 2291 3232 2292 3239; x_wconf 50' lang='grc' dir='ltr'><strong>η</strong></span> <span class='ocrx_word' id='word_1_442' title='bbox 2353 3203 2497 3246; x_wconf 88' lang='lat' dir='ltr'><strong>reete</strong></span> <span class='ocrx_word' id='word_1_443' title='bbox 2545 3191 2685 3245; x_wconf 77' lang='lat' dir='ltr'><strong>facta</strong></span> <span class='ocrx_word' id='word_1_444' title='bbox 2716 3223 2759 3283; x_wconf 62' lang='grc' dir='ltr'>ο</span> <span class='ocrx_word' id='word_1_445' title='bbox 2794 3191 2883 3242; x_wconf 74' lang='grc' dir='ltr'>ἔπί</span> <span class='ocrx_word' id='word_1_446' title='bbox 2920 3191 3017 3259; x_wconf 80' lang='grc' dir='ltr'>τὴν</span> <span class='ocrx_word' id='word_1_447' title='bbox 3050 3189 3549 3259; x_wconf 79' lang='grc' dir='ltr'>ταπεινοφροσύνην</span> <span class='ocrx_word' id='word_1_448' title='bbox 3589 3191 4025 3255; x_wconf 66' lang='grc' dir='ltr'>ἁναῦιὸάζουσαν</span> <span class='ocrx_word' id='word_1_449' title='bbox 4064 3211 4078 3226; x_wconf 75' lang='grc'><em>’</em></span> 
     </span>
    </p>
   </div>
   <div class='ocr_carea' id='block_1_60' title="bbox 1088 3277 2692 3350">
    <p class='ocr_par' dir='ltr' id='par_1_60' title="bbox 1088 3277 2692 3350">
     <span class='ocr_line' id='line_1_60' title="bbox 1088 3277 2692 3350; baseline 0.001 -17"><span class='ocrx_word' id='word_1_450' title='bbox 1088 3278 1311 3333; x_wconf 65' lang='lat' dir='ltr'><strong>scilicet</strong></span> <span class='ocrx_word' id='word_1_451' title='bbox 1334 3278 1399 3329; x_wconf 84' lang='lat' dir='ltr'><strong>ad</strong></span> <span class='ocrx_word' id='word_1_452' title='bbox 1427 3277 1590 3330; x_wconf 80' lang='lat' dir='ltr'><strong>Deum</strong></span> <span class='ocrx_word' id='word_1_453' title='bbox 1621 3280 1796 3345; x_wconf 81' lang='lat' dir='ltr'><strong>ipsum</strong></span> <span class='ocrx_word' id='word_1_454' title='bbox 1821 3279 2144 3335; x_wconf 81' lang='lat' dir='ltr'><strong>referamus.</strong></span> <span class='ocrx_word' id='word_1_455' title='bbox 2172 3280 2369 3350; x_wconf 85' lang='lat' dir='ltr'><strong>Nequit</strong></span> <span class='ocrx_word' id='word_1_456' title='bbox 2397 3282 2562 3344; x_wconf 87' lang='lat' dir='ltr'><strong>enim,</strong></span> <span class='ocrx_word' id='word_1_457' title='bbox 2599 3296 2692 3334; x_wconf 84' lang='lat' dir='ltr'><strong>ne-</strong></span> 
     </span>
    </p>
   </div>
   <div class='ocr_carea' id='block_1_61' title="bbox 1108 3368 2693 3439">
    <p class='ocr_par' dir='ltr' id='par_1_61' title="bbox 1108 3368 2693 3439">
     <span class='ocr_line' id='line_1_61' title="bbox 1108 3368 2693 3439; baseline 0.001 -18"><span class='ocrx_word' id='word_1_458' title='bbox 1108 3371 1225 3438; x_wconf 93' lang='lat' dir='ltr'><strong>quit</strong></span> <span class='ocrx_word' id='word_1_459' title='bbox 1249 3369 1473 3423; x_wconf 89' lang='lat' dir='ltr'><strong>omnino</strong></span> <span class='ocrx_word' id='word_1_460' title='bbox 1504 3368 1644 3432; x_wconf 76' lang='lat' dir='ltr'><strong>fieri,</strong></span> <span class='ocrx_word' id='word_1_461' title='bbox 1673 3369 1828 3423; x_wconf 89' lang='lat' dir='ltr'><strong>nobis</strong></span> <span class='ocrx_word' id='word_1_462' title='bbox 1856 3380 1909 3421; x_wconf 91' lang='lat' dir='ltr'><strong>ut</strong></span> <span class='ocrx_word' id='word_1_463' title='bbox 1938 3370 2091 3439; x_wconf 89' lang='lat' dir='ltr'><strong>ipsis,</strong></span> <span class='ocrx_word' id='word_1_464' title='bbox 2116 3385 2235 3438; x_wconf 76' lang='lat' dir='ltr'><strong>qua:</strong></span> <span class='ocrx_word' id='word_1_465' title='bbox 2256 3374 2397 3424; x_wconf 83' lang='lat' dir='ltr'><strong>laeta</strong></span> <span class='ocrx_word' id='word_1_466' title='bbox 2425 3378 2574 3435; x_wconf 62' lang='lat' dir='ltr'><strong>sunt,</strong></span> <span class='ocrx_word' id='word_1_467' title='bbox 2598 3371 2693 3423; x_wconf 87' lang='lat' dir='ltr'><strong>ad-</strong></span> 
     </span>
    </p>
   </div>
   <div class='ocr_carea' id='block_1_62' title="bbox 1109 3450 2695 3530">
    <p class='ocr_par' dir='ltr' id='par_1_62' title="bbox 1109 3450 2695 3530">
     <span class='ocr_line' id='line_1_62' title="bbox 1109 3450 2695 3530; baseline -0.001 -15"><span class='ocrx_word' id='word_1_468' title='bbox 1109 3462 1437 3523; x_wconf 79' lang='lat' dir='ltr'><strong>scribentes,</strong></span> <span class='ocrx_word' id='word_1_469' title='bbox 1470 3450 1893 3527; x_wconf 82' lang='lat' dir='ltr'><strong>cogitationibus</strong></span> <span class='ocrx_word' id='word_1_470' title='bbox 1921 3462 2026 3515; x_wconf 89' lang='lat' dir='ltr'><strong>hoc</strong></span> <span class='ocrx_word' id='word_1_471' title='bbox 2052 3461 2184 3514; x_wconf 81' lang='lat' dir='ltr'><strong>vitio</strong></span> <span class='ocrx_word' id='word_1_472' title='bbox 2231 3462 2543 3530; x_wconf 88' lang='lat' dir='ltr'><strong>superiores</strong></span> <span class='ocrx_word' id='word_1_473' title='bbox 2570 3476 2695 3515; x_wconf 81' lang='lat' dir='ltr'><strong>eva-</strong></span> 
     </span>
    </p>
   </div>
   <div class='ocr_carea' id='block_1_63' title="bbox 1110 3550 2693 3621">
    <p class='ocr_par' dir='ltr' id='par_1_63' title="bbox 1110 3550 2693 3621">
     <span class='ocr_line' id='line_1_63' title="bbox 1110 3550 2693 3621; baseline 0.002 -17"><span class='ocrx_word' id='word_1_474' title='bbox 1110 3554 1322 3607; x_wconf 79' lang='lat' dir='ltr'><strong>damus.</strong></span> <span class='ocrx_word' id='word_1_475' title='bbox 1386 3550 1580 3621; x_wconf 77' lang='lat' dir='ltr'><strong>Opinio</strong></span> <span class='ocrx_word' id='word_1_476' title='bbox 1635 3566 1870 3618; x_wconf 85' lang='lat' dir='ltr'><strong>namque</strong></span> <span class='ocrx_word' id='word_1_477' title='bbox 1939 3551 2005 3607; x_wconf 93' lang='lat' dir='ltr'><strong>de</strong></span> <span class='ocrx_word' id='word_1_478' title='bbox 2078 3562 2226 3606; x_wconf 89' lang='lat' dir='ltr'><strong>recte</strong></span> <span class='ocrx_word' id='word_1_479' title='bbox 2293 3553 2453 3608; x_wconf 80' lang='lat' dir='ltr'><strong>factis</strong></span> <span class='ocrx_word' id='word_1_480' title='bbox 2530 3552 2693 3607; x_wconf 74' lang='lat' dir='ltr'><strong>dubio</strong></span> 
     </span>
    </p>
   </div>
   <div class='ocr_carea' id='block_1_64' title="bbox 1111 3645 2689 3714">
    <p class='ocr_par' dir='ltr' id='par_1_64' title="bbox 1111 3645 2689 3714">
     <span class='ocr_line' id='line_1_64' title="bbox 1111 3645 2689 3714; baseline 0 -16"><span class='ocrx_word' id='word_1_481' title='bbox 1111 3646 1299 3714; x_wconf 84' lang='lat' dir='ltr'><strong>procul</strong></span> <span class='ocrx_word' id='word_1_482' title='bbox 1332 3645 1383 3697; x_wconf 81' lang='lat' dir='ltr'><strong>iu</strong></span> <span class='ocrx_word' id='word_1_483' title='bbox 1439 3645 1595 3698; x_wconf 84' lang='lat' dir='ltr'><strong>nobis</strong></span> <span class='ocrx_word' id='word_1_484' title='bbox 1640 3646 1879 3698; x_wconf 74' lang='lat' dir='ltr'><strong>maxima</strong></span> <span class='ocrx_word' id='word_1_485' title='bbox 1906 3646 2175 3713; x_wconf 68' lang='lat' dir='ltr'><strong>superbiae</strong></span> <span class='ocrx_word' id='word_1_486' title='bbox 2203 3648 2420 3700; x_wconf 83' lang='lat' dir='ltr'><strong>occasio</strong></span> <span class='ocrx_word' id='word_1_487' title='bbox 2480 3652 2582 3709; x_wconf 88' lang='lat' dir='ltr'><strong>est,</strong></span> <span class='ocrx_word' id='word_1_488' title='bbox 2615 3645 2689 3698; x_wconf 89' lang='lat' dir='ltr'><strong>uti</strong></span> 
     </span>
    </p>
   </div>
   <div class='ocr_carea' id='block_1_65' title="bbox 1105 3736 2688 3805">
    <p class='ocr_par' dir='ltr' id='par_1_65' title="bbox 1105 3736 2688 3805">
     <span class='ocr_line' id='line_1_65' title="bbox 1105 3736 2688 3805; baseline 0.003 -15"><span class='ocrx_word' id='word_1_489' title='bbox 1105 3739 1215 3805; x_wconf 85' lang='lat' dir='ltr'><strong>jam</strong></span> <span class='ocrx_word' id='word_1_490' title='bbox 1271 3748 1392 3792; x_wconf 83' lang='lat' dir='ltr'><strong>ante</strong></span> <span class='ocrx_word' id='word_1_491' title='bbox 1442 3738 1760 3792; x_wconf 54' lang='lat' dir='ltr'><strong>docuimus.</strong></span> <span class='ocrx_word' id='word_1_492' title='bbox 1816 3736 2048 3791; x_wconf 91' lang='lat' dir='ltr'><strong>Tantum</strong></span> <span class='ocrx_word' id='word_1_493' title='bbox 2114 3753 2241 3792; x_wconf 83' lang='lat' dir='ltr'><strong>vero</strong></span> <span class='ocrx_word' id='word_1_494' title='bbox 2304 3739 2512 3793; x_wconf 89' lang='lat' dir='ltr'><strong>malum</strong></span> <span class='ocrx_word' id='word_1_495' title='bbox 2587 3741 2688 3796; x_wconf 89' lang='lat' dir='ltr'><strong>hoc</strong></span> 
     </span>
    </p>
   </div>
   <div class='ocr_carea' id='block_1_66' title="bbox 1110 3829 2693 3898">
    <p class='ocr_par' dir='ltr' id='par_1_66' title="bbox 1110 3829 2693 3898">
     <span class='ocr_line' id='line_1_66' title="bbox 1110 3829 2693 3898; baseline 0.001 -13"><span class='ocrx_word' id='word_1_496' title='bbox 1110 3842 1214 3897; x_wconf 87' lang='lat' dir='ltr'><strong>est,</strong></span> <span class='ocrx_word' id='word_1_497' title='bbox 1272 3844 1329 3884; x_wconf 85' lang='lat' dir='ltr'><strong>ut</strong></span> <span class='ocrx_word' id='word_1_498' title='bbox 1385 3831 1548 3883; x_wconf 82' lang='lat' dir='ltr'><strong>etiam</strong></span> <span class='ocrx_word' id='word_1_499' title='bbox 1613 3829 2036 3898; x_wconf 78' lang='lat' dir='ltr'><strong>Clu-ysostomus</strong></span> <span class='ocrx_word' id='word_1_500' title='bbox 2075 3830 2278 3885; x_wconf 87' lang='lat' dir='ltr'><strong>alicubi</strong></span> <span class='ocrx_word' id='word_1_501' title='bbox 2322 3831 2589 3895; x_wconf 86' lang='lat' dir='ltr'><strong>docuerit,</strong></span> <span class='ocrx_word' id='word_1_502' title='bbox 2617 3834 2693 3887; x_wconf 80' lang='lat' dir='ltr'><strong>ci-</strong></span> 
     </span>
    </p>
   </div>
   <div class='ocr_carea' id='block_1_67' title="bbox 1114 3922 2693 3990">
    <p class='ocr_par' dir='ltr' id='par_1_67' title="bbox 1114 3922 2693 3990">
     <span class='ocr_line' id='line_1_67' title="bbox 1114 3922 2693 3990; baseline 0 -12"><span class='ocrx_word' id='word_1_503' title='bbox 1114 3935 1195 3978; x_wconf 85' lang='lat' dir='ltr'><strong>tra</strong></span> <span class='ocrx_word' id='word_1_504' title='bbox 1253 3923 1680 3977; x_wconf 76' lang='lat' dir='ltr'><strong>controversiam</strong></span> <span class='ocrx_word' id='word_1_505' title='bbox 1742 3922 1937 3976; x_wconf 88' lang='lat' dir='ltr'><strong>melius</strong></span> <span class='ocrx_word' id='word_1_506' title='bbox 1998 3938 2139 3990; x_wconf 81' lang='lat' dir='ltr'><strong>esse,</strong></span> <span class='ocrx_word' id='word_1_507' title='bbox 2189 3939 2293 3977; x_wconf 85' lang='lat' dir='ltr'><strong>non</strong></span> <span class='ocrx_word' id='word_1_508' title='bbox 2327 3922 2508 3979; x_wconf 79' lang='lat' dir='ltr'><strong>facere</strong></span> <span class='ocrx_word' id='word_1_509' title='bbox 2569 3924 2693 3979; x_wconf 87' lang='lat' dir='ltr'><strong>boui</strong></span> 
     </span>
    </p>
   </div>
   <div class='ocr_carea' id='block_1_68' title="bbox 1113 4010 2692 4082">
    <p class='ocr_par' dir='ltr' id='par_1_68' title="bbox 1113 4010 2692 4082">
     <span class='ocr_line' id='line_1_68' title="bbox 1113 4010 2692 4082; baseline 0.004 -22"><span class='ocrx_word' id='word_1_510' title='bbox 1113 4010 1390 4078; x_wconf 76' lang='lat' dir='ltr'><strong>quidpiam</strong></span> <span class='ocrx_word' id='word_1_511' title='bbox 1423 4025 1702 4079; x_wconf 66' lang='lat' dir='ltr'><strong>[menteque</strong></span> <span class='ocrx_word' id='word_1_512' title='bbox 1735 4026 1792 4065; x_wconf 85' lang='lat' dir='ltr'><strong>se</strong></span> <span class='ocrx_word' id='word_1_513' title='bbox 1825 4010 2074 4064; x_wconf 63' lang='lat' dir='ltr'><strong>maximae</strong></span> <span class='ocrx_word' id='word_1_514' title='bbox 2106 4026 2254 4065; x_wconf 91' lang='lat' dir='ltr'><strong>reum</strong></span> <span class='ocrx_word' id='word_1_515' title='bbox 2281 4011 2501 4079; x_wconf 89' lang='lat' dir='ltr'><strong>ducere,</strong></span> <span class='ocrx_word' id='word_1_516' title='bbox 2533 4027 2692 4082; x_wconf 86' lang='lat' dir='ltr'><strong>quam</strong></span> 
     </span>
    </p>
   </div>
   <div class='ocr_carea' id='block_1_69' title="bbox 1114 4101 2697 4172">
    <p class='ocr_par' dir='ltr' id='par_1_69' title="bbox 1114 4101 2697 4172">
     <span class='ocr_line' id='line_1_69' title="bbox 1114 4101 2697 4172; baseline 0.005 -22"><span class='ocrx_word' id='word_1_517' title='bbox 1114 4116 1279 4168; x_wconf 81' lang='lat' dir='ltr'><strong>opera</strong></span> <span class='ocrx_word' id='word_1_518' title='bbox 1313 4103 1573 4168; x_wconf 70' lang='lat' dir='ltr'><strong>praiclara</strong></span> <span class='ocrx_word' id='word_1_519' title='bbox 1602 4101 1891 4155; x_wconf 69' lang='lat' dir='ltr'><strong>iacientem</strong></span> <span class='ocrx_word' id='word_1_520' title='bbox 1941 4110 2155 4170; x_wconf 88' lang='lat' dir='ltr'><strong>putare,</strong></span> <span class='ocrx_word' id='word_1_521' title='bbox 2183 4116 2243 4155; x_wconf 87' lang='lat' dir='ltr'><strong>se</strong></span> <span class='ocrx_word' id='word_1_522' title='bbox 2299 4117 2461 4172; x_wconf 78' lang='lat' dir='ltr'><strong>supra</strong></span> <span class='ocrx_word' id='word_1_523' title='bbox 2507 4117 2697 4158; x_wconf 87' lang='lat' dir='ltr'><strong>omnes</strong></span> 
     </span>
    </p>
   </div>
   <div class='ocr_carea' id='block_1_70' title="bbox 1115 4192 2695 4264">
    <p class='ocr_par' dir='ltr' id='par_1_70' title="bbox 1115 4192 2695 4264">
     <span class='ocr_line' id='line_1_70' title="bbox 1115 4192 2695 4264; baseline 0.005 -22"><span class='ocrx_word' id='word_1_524' title='bbox 1115 4208 1235 4246; x_wconf 71' lang='lat' dir='ltr'><strong>csse</strong></span> <span class='ocrx_word' id='word_1_525' title='bbox 1268 4195 1522 4260; x_wconf 89' lang='lat' dir='ltr'><strong>positum.</strong></span> <span class='ocrx_word' id='word_1_526' title='bbox 1559 4192 1929 4259; x_wconf 84' lang='lat' dir='ltr'><strong>Quamobrem</strong></span> <span class='ocrx_word' id='word_1_527' title='bbox 1963 4194 2208 4248; x_wconf 79' lang='lat' dir='ltr'><strong>actiones</strong></span> <span class='ocrx_word' id='word_1_528' title='bbox 2241 4194 2413 4249; x_wconf 85' lang='lat' dir='ltr'><strong>bonas</strong></span> <span class='ocrx_word' id='word_1_529' title='bbox 2461 4195 2695 4264; x_wconf 80' lang='lat' dir='ltr'><strong>imputet</strong></span> 
     </span>
    </p>
   </div>
   <div class='ocr_carea' id='block_1_71' title="bbox 1119 4286 2696 4357">
    <p class='ocr_par' dir='ltr' id='par_1_71' title="bbox 1119 4286 2696 4357">
     <span class='ocr_line' id='line_1_71' title="bbox 1119 4286 2696 4357; baseline 0.003 -19"><span class='ocrx_word' id='word_1_530' title='bbox 1119 4286 1249 4349; x_wconf 68' lang='lat' dir='ltr'><strong>Dco,</strong></span> <span class='ocrx_word' id='word_1_531' title='bbox 1285 4301 1389 4340; x_wconf 91' lang='lat' dir='ltr'><strong>non</strong></span> <span class='ocrx_word' id='word_1_532' title='bbox 1422 4286 1547 4351; x_wconf 87' lang='lat' dir='ltr'><strong>sibi,</strong></span> <span class='ocrx_word' id='word_1_533' title='bbox 1580 4287 1670 4355; x_wconf 87' lang='lat' dir='ltr'><strong>qui</strong></span> <span class='ocrx_word' id='word_1_534' title='bbox 1706 4288 1983 4341; x_wconf 85' lang='lat' dir='ltr'><strong>modestus</strong></span> <span class='ocrx_word' id='word_1_535' title='bbox 2017 4302 2137 4342; x_wconf 88' lang='lat' dir='ltr'><strong>esse</strong></span> <span class='ocrx_word' id='word_1_536' title='bbox 2163 4287 2387 4357; x_wconf 78' lang='lat' dir='ltr'><strong>cogitat.</strong></span> <span class='ocrx_word' id='word_1_537' title='bbox 2426 4288 2554 4342; x_wconf 79' lang='lat' dir='ltr'><strong>llaec</strong></span> <span class='ocrx_word' id='word_1_538' title='bbox 2575 4287 2696 4357; x_wconf 85' lang='lat' dir='ltr'><strong>opi-</strong></span> 
     </span>
    </p>
   </div>
   <div class='ocr_carea' id='block_1_72' title="bbox 1118 4373 2695 4444">
    <p class='ocr_par' dir='ltr' id='par_1_72' title="bbox 1118 4373 2695 4444">
     <span class='ocr_line' id='line_1_72' title="bbox 1118 4373 2695 4444; baseline 0.001 -14"><span class='ocrx_word' id='word_1_539' title='bbox 1118 4378 1212 4431; x_wconf 90' lang='lat' dir='ltr'><strong>nio</strong></span> <span class='ocrx_word' id='word_1_540' title='bbox 1244 4380 1499 4431; x_wconf 83' lang='lat' dir='ltr'><strong>immunis</strong></span> <span class='ocrx_word' id='word_1_541' title='bbox 1531 4389 1612 4432; x_wconf 81' lang='lat' dir='ltr'><strong>est</strong></span> <span class='ocrx_word' id='word_1_542' title='bbox 1645 4373 1716 4433; x_wconf 77' lang='lat' dir='ltr'><strong>ab</strong></span> <span class='ocrx_word' id='word_1_543' title='bbox 1749 4380 1897 4433; x_wconf 88' lang='lat' dir='ltr'><strong>omni</strong></span> <span class='ocrx_word' id='word_1_544' title='bbox 1932 4393 2143 4444; x_wconf 87' lang='lat' dir='ltr'><strong>errore,</strong></span> <span class='ocrx_word' id='word_1_545' title='bbox 2173 4393 2236 4432; x_wconf 86' lang='lat' dir='ltr'><strong>ac.</strong></span> <span class='ocrx_word' id='word_1_546' title='bbox 2270 4379 2487 4433; x_wconf 82' lang='lat' dir='ltr'><strong>veritati</strong></span> <span class='ocrx_word' id='word_1_547' title='bbox 2547 4394 2695 4433; x_wconf 84' lang='lat' dir='ltr'><strong>sum-</strong></span> 
     </span>
    </p>
   </div>
   <div class='ocr_carea' id='block_1_73' title="bbox 1121 4470 2693 4539">
    <p class='ocr_par' dir='ltr' id='par_1_73' title="bbox 1121 4470 2693 4539">
     <span class='ocr_line' id='line_1_73' title="bbox 1121 4470 2693 4539; baseline 0.001 -16"><span class='ocrx_word' id='word_1_548' title='bbox 1121 4486 1205 4524; x_wconf 89' lang='lat' dir='ltr'><strong>me</strong></span> <span class='ocrx_word' id='word_1_549' title='bbox 1233 4470 1509 4535; x_wconf 90' lang='lat' dir='ltr'><strong>innititur,</strong></span> <span class='ocrx_word' id='word_1_550' title='bbox 1540 4472 1712 4539; x_wconf 87' lang='lat' dir='ltr'><strong>posita</strong></span> <span class='ocrx_word' id='word_1_551' title='bbox 1744 4470 1951 4539; x_wconf 86' lang='lat' dir='ltr'><strong>pariter</strong></span> <span class='ocrx_word' id='word_1_552' title='bbox 1977 4479 2131 4525; x_wconf 82' lang='lat' dir='ltr'><strong>extra</strong></span> <span class='ocrx_word' id='word_1_553' title='bbox 2203 4472 2443 4539; x_wconf 88' lang='lat' dir='ltr'><strong>pericula</strong></span> <span class='ocrx_word' id='word_1_554' title='bbox 2479 4482 2533 4526; x_wconf 92' lang='lat' dir='ltr'><strong>et</strong></span> <span class='ocrx_word' id='word_1_555' title='bbox 2591 4472 2693 4526; x_wconf 84' lang='lat' dir='ltr'><strong>tela</strong></span> 
     </span>
    </p>
   </div>
   <div class='ocr_carea' id='block_1_74' title="bbox 2863 3098 4388 3175">
    <p class='ocr_par' dir='ltr' id='par_1_74' title="bbox 2863 3098 4388 3175">
     <span class='ocr_line' id='line_1_74' title="bbox 2863 3098 4388 3175; baseline 0.007 -25"><span class='ocrx_word' id='word_1_556' title='bbox 2863 3099 3017 3152; x_wconf 86' lang='grc' dir='ltr'><strong>Δοκῶ</strong></span> <span class='ocrx_word' id='word_1_557' title='bbox 3046 3098 3225 3150; x_wconf 83' lang='grc' dir='ltr'>τοίνυν</span> <span class='ocrx_word' id='word_1_558' title='bbox 3261 3115 3347 3167; x_wconf 89' lang='grc' dir='ltr'><strong>μοι</strong></span> <span class='ocrx_word' id='word_1_559' title='bbox 3372 3100 3499 3166; x_wconf 85' lang='grc' dir='ltr'>μίαν</span> <span class='ocrx_word' id='word_1_560' title='bbox 3554 3100 3675 3152; x_wconf 82' lang='grc' dir='ltr'>τινὰ</span> <span class='ocrx_word' id='word_1_561' title='bbox 3734 3101 3831 3169; x_wconf 81' lang='grc' dir='ltr'><strong>τὴν</strong></span> <span class='ocrx_word' id='word_1_562' title='bbox 3895 3104 4013 3154; x_wconf 67' lang='grc' dir='ltr'>ἁδὺν</span> <span class='ocrx_word' id='word_1_563' title='bbox 4072 3105 4245 3169; x_wconf 81' lang='grc' dir='ltr'>εἶναι,</span> <span class='ocrx_word' id='word_1_564' title='bbox 4291 3108 4388 3175; x_wconf 72' lang='grc' dir='ltr'>τὴν</span> 
     </span>
    </p>
   </div>
   <div class='ocr_carea' id='block_1_75' title="bbox 4142 3198 4389 3266">
    <p class='ocr_par' dir='ltr' id='par_1_75' title="bbox 4142 3198 4389 3266">
     <span class='ocr_line' id='line_1_75' title="bbox 4142 3198 4389 3266; baseline 0.004 -19"><span class='ocrx_word' id='word_1_565' title='bbox 4142 3198 4209 3249; x_wconf 82' lang='grc' dir='ltr'><strong>τὸ</strong></span> <span class='ocrx_word' id='word_1_566' title='bbox 4250 3200 4389 3266; x_wconf 66' lang='grc' dir='ltr'>πρὸς</span> 
     </span>
    </p>
   </div>
   <div class='ocr_carea' id='block_1_76' title="bbox 2796 3280 4385 3354">
    <p class='ocr_par' dir='ltr' id='par_1_76' title="bbox 2796 3280 4385 3354">
     <span class='ocr_line' id='line_1_76' title="bbox 2796 3280 4385 3354; baseline 0.004 -23"><span class='ocrx_word' id='word_1_567' title='bbox 2796 3282 2889 3332; x_wconf 87' lang='grc' dir='ltr'><strong>τὸν</strong></span> <span class='ocrx_word' id='word_1_568' title='bbox 2917 3281 3049 3332; x_wconf 76' lang='grc' dir='ltr'>Θεὸν</span> <span class='ocrx_word' id='word_1_569' title='bbox 3087 3280 3327 3346; x_wconf 79' lang='grc' dir='ltr'>δηλονότι</span> <span class='ocrx_word' id='word_1_570' title='bbox 3364 3280 3433 3333; x_wconf 80' lang='grc' dir='ltr'>τὰ</span> <span class='ocrx_word' id='word_1_571' title='bbox 3468 3281 3646 3343; x_wconf 68' lang='grc' dir='ltr'>καλῶς</span> <span class='ocrx_word' id='word_1_572' title='bbox 3681 3282 4029 3351; x_wconf 75' lang='grc' dir='ltr'>πραττόμενα</span> <span class='ocrx_word' id='word_1_573' title='bbox 4061 3286 4385 3354; x_wconf 66' lang='grc' dir='ltr'>ἀναφέρειν.</span> 
     </span>
    </p>
   </div>
   <div class='ocr_carea' id='block_1_77' title="bbox 2801 3369 4390 3445">
    <p class='ocr_par' dir='ltr' id='par_1_77' title="bbox 2801 3369 4390 3445">
     <span class='ocr_line' id='line_1_77' title="bbox 2801 3369 4390 3445; baseline 0.004 -22"><span class='ocrx_word' id='word_1_574' title='bbox 2801 3371 2875 3423; x_wconf 85' lang='grc' dir='ltr'><strong>Οὐ</strong></span> <span class='ocrx_word' id='word_1_575' title='bbox 2909 3369 3201 3438; x_wconf 74' lang='grc' dir='ltr'>γάρέστιν,</span> <span class='ocrx_word' id='word_1_576' title='bbox 3234 3370 3336 3422; x_wconf 89' lang='grc' dir='ltr'><strong>οὑκ</strong></span> <span class='ocrx_word' id='word_1_577' title='bbox 3368 3372 3514 3423; x_wconf 80' lang='grc' dir='ltr'>ἔστιν</span> <span class='ocrx_word' id='word_1_578' title='bbox 3553 3372 3763 3435; x_wconf 79' lang='grc' dir='ltr'>ἑαυτοῖς</span> <span class='ocrx_word' id='word_1_579' title='bbox 3806 3391 3865 3425; x_wconf 90' lang='grc' dir='ltr'><strong>τε</strong></span> <span class='ocrx_word' id='word_1_580' title='bbox 3926 3376 4271 3445; x_wconf 73' lang='grc' dir='ltr'>ἀναγράφειν</span> <span class='ocrx_word' id='word_1_581' title='bbox 4323 3384 4390 3429; x_wconf 70' lang='grc' dir='ltr'><strong>τα</strong></span> 
     </span>
    </p>
   </div>
   <div class='ocr_carea' id='block_1_78' title="bbox 2800 3460 4391 3532">
    <p class='ocr_par' dir='ltr' id='par_1_78' title="bbox 2800 3460 4391 3532">
     <span class='ocr_line' id='line_1_78' title="bbox 2800 3460 4391 3532; baseline 0.007 -22"><span class='ocrx_word' id='word_1_582' title='bbox 2800 3461 3188 3530; x_wconf 79' lang='grc' dir='ltr'>πεπραγμένα,</span> <span class='ocrx_word' id='word_1_583' title='bbox 3224 3462 3316 3512; x_wconf 79' lang='grc' dir='ltr'><strong>καὶ</strong></span> <span class='ocrx_word' id='word_1_584' title='bbox 3336 3460 3613 3528; x_wconf 86' lang='grc' dir='ltr'>λογισμοῖς</span> <span class='ocrx_word' id='word_1_585' title='bbox 3640 3466 3913 3532; x_wconf 83' lang='grc' dir='ltr'>κρατῆσαι</span> <span class='ocrx_word' id='word_1_586' title='bbox 3955 3465 4110 3517; x_wconf 82' lang='grc' dir='ltr'>τοῦδε</span> <span class='ocrx_word' id='word_1_587' title='bbox 4139 3468 4235 3519; x_wconf 84' lang='grc' dir='ltr'><strong>τοῦ</strong></span> <span class='ocrx_word' id='word_1_588' title='bbox 4285 3472 4391 3521; x_wconf 67' lang='grc' dir='ltr'><strong>πάρ</strong></span> 
     </span>
    </p>
   </div>
   <div class='ocr_carea' id='block_1_79' title="bbox 2800 3550 4389 3625">
    <p class='ocr_par' dir='ltr' id='par_1_79' title="bbox 2800 3550 4389 3625">
     <span class='ocr_line' id='line_1_79' title="bbox 2800 3550 4389 3625; baseline 0.004 -22"><span class='ocrx_word' id='word_1_589' title='bbox 2800 3551 2947 3610; x_wconf 78' lang='grc' dir='ltr'>θους.</span> <span class='ocrx_word' id='word_1_590' title='bbox 2980 3550 3051 3603; x_wconf 84' lang='grc' dir='ltr'>Τὸ</span> <span class='ocrx_word' id='word_1_591' title='bbox 3077 3551 3181 3619; x_wconf 83' lang='grc' dir='ltr'>γὰρ</span> <span class='ocrx_word' id='word_1_592' title='bbox 3210 3550 3555 3620; x_wconf 79' lang='grc' dir='ltr'>κατορθῶσαι</span> <span class='ocrx_word' id='word_1_593' title='bbox 3608 3553 3824 3621; x_wconf 77' lang='grc' dir='ltr'>νομίσαι</span> <span class='ocrx_word' id='word_1_594' title='bbox 3884 3555 4135 3622; x_wconf 82' lang='grc' dir='ltr'>γίγνεται</span> <span class='ocrx_word' id='word_1_595' title='bbox 4202 3560 4389 3625; x_wconf 70' lang='grc' dir='ltr'>σαφῶς</span> 
     </span>
    </p>
   </div>
   <div class='ocr_carea' id='block_1_80' title="bbox 2802 3644 4389 3716">
    <p class='ocr_par' dir='ltr' id='par_1_80' title="bbox 2802 3644 4389 3716">
     <span class='ocr_line' id='line_1_80' title="bbox 2802 3644 4389 3716; baseline 0.002 -19"><span class='ocrx_word' id='word_1_596' title='bbox 2802 3645 2931 3713; x_wconf 78' lang='grc' dir='ltr'>ἡμῖν</span> <span class='ocrx_word' id='word_1_597' title='bbox 2979 3644 3355 3713; x_wconf 81' lang='grc' dir='ltr'>ὑπερηφανίας</span> <span class='ocrx_word' id='word_1_598' title='bbox 3410 3645 3641 3713; x_wconf 84' lang='grc' dir='ltr'>μεγίστη</span> <span class='ocrx_word' id='word_1_599' title='bbox 3696 3647 3989 3716; x_wconf 74' lang='grc' dir='ltr'>πρόφασις,</span> <span class='ocrx_word' id='word_1_600' title='bbox 4025 3649 4103 3710; x_wconf 85' lang='grc' dir='ltr'>ὼς</span> <span class='ocrx_word' id='word_1_601' title='bbox 4156 3652 4185 3701; x_wconf 85' lang='grc' dir='ltr'>ὁ</span> <span class='ocrx_word' id='word_1_602' title='bbox 4235 3651 4389 3716; x_wconf 61' lang='grc' dir='ltr'>λόγος</span> 
     </span>
    </p>
   </div>
   <div class='ocr_carea' id='block_1_81' title="bbox 2799 3735 4389 3805">
    <p class='ocr_par' dir='ltr' id='par_1_81' title="bbox 2799 3735 4389 3805">
     <span class='ocr_line' id='line_1_81' title="bbox 2799 3735 4389 3805; baseline 0.002 -18"><span class='ocrx_word' id='word_1_603' title='bbox 2799 3737 2899 3805; x_wconf 77' lang='grc' dir='ltr'>ἥδη</span> <span class='ocrx_word' id='word_1_604' title='bbox 2924 3735 3138 3798; x_wconf 76' lang='grc' dir='ltr'>διδάξας</span> <span class='ocrx_word' id='word_1_605' title='bbox 3167 3736 3325 3802; x_wconf 69' lang='grc' dir='ltr'>ἔφθη.</span> <span class='ocrx_word' id='word_1_606' title='bbox 3354 3735 3524 3788; x_wconf 84' lang='grc' dir='ltr'>Τοῦτο</span> <span class='ocrx_word' id='word_1_607' title='bbox 3553 3736 3610 3788; x_wconf 72' lang='grc' dir='ltr'>δὶ</span> <span class='ocrx_word' id='word_1_608' title='bbox 3638 3738 3875 3803; x_wconf 84' lang='grc' dir='ltr'>τοσούτῳ</span> <span class='ocrx_word' id='word_1_609' title='bbox 3900 3739 4094 3804; x_wconf 76' lang='grc' dir='ltr'>κακδν,</span> <span class='ocrx_word' id='word_1_610' title='bbox 4118 3740 4263 3793; x_wconf 82' lang='grc' dir='ltr'>ὥστε</span> <span class='ocrx_word' id='word_1_611' title='bbox 4294 3744 4389 3793; x_wconf 71' lang='grc' dir='ltr'><strong>καὶ</strong></span> 
     </span>
    </p>
   </div>
   <div class='ocr_carea' id='block_1_82' title="bbox 2799 3828 4384 3900">
    <p class='ocr_par' dir='ltr' id='par_1_82' title="bbox 2799 3828 4384 3900">
     <span class='ocr_line' id='line_1_82' title="bbox 2799 3828 4384 3900; baseline 0.002 -20"><span class='ocrx_word' id='word_1_612' title='bbox 2799 3829 2890 3880; x_wconf 87' lang='grc' dir='ltr'><strong>τὸν</strong></span> <span class='ocrx_word' id='word_1_613' title='bbox 2922 3829 2964 3880; x_wconf 87' lang='grc' dir='ltr'>Χ</span> <span class='ocrx_word' id='word_1_614' title='bbox 2977 3828 3360 3899; x_wconf 76' lang='grc' dir='ltr'>ρυσορρημονά</span> <span class='ocrx_word' id='word_1_615' title='bbox 3395 3845 3498 3880; x_wconf 85' lang='grc' dir='ltr'><strong>που</strong></span> <span class='ocrx_word' id='word_1_616' title='bbox 3539 3829 3747 3895; x_wconf 77' lang='grc' dir='ltr'>διδάξαι</span> <span class='ocrx_word' id='word_1_617' title='bbox 3782 3831 3991 3899; x_wconf 74' lang='grc' dir='ltr'>βέλτιον</span> <span class='ocrx_word' id='word_1_618' title='bbox 4017 3836 4212 3900; x_wconf 78' lang='grc' dir='ltr'>σαφῶς</span> <span class='ocrx_word' id='word_1_619' title='bbox 4246 3831 4384 3887; x_wconf 74' lang='grc' dir='ltr'>εἶναι</span> 
     </span>
    </p>
   </div>
   <div class='ocr_carea' id='block_1_83' title="bbox 2803 3918 4388 3995">
    <p class='ocr_par' dir='ltr' id='par_1_83' title="bbox 2803 3918 4388 3995">
     <span class='ocr_line' id='line_1_83' title="bbox 2803 3918 4388 3995; baseline 0.006 -26"><span class='ocrx_word' id='word_1_620' title='bbox 2803 3919 2879 3989; x_wconf 75' lang='grc' dir='ltr'>μὴ</span> <span class='ocrx_word' id='word_1_621' title='bbox 2904 3920 3105 3987; x_wconf 80' lang='grc' dir='ltr'>πρᾶξαί</span> <span class='ocrx_word' id='word_1_622' title='bbox 3126 3936 3177 3971; x_wconf 91' lang='grc' dir='ltr'><strong>τι</strong></span> <span class='ocrx_word' id='word_1_623' title='bbox 3208 3918 3317 3971; x_wconf 73' lang='grc' dir='ltr'>τῶν</span> <span class='ocrx_word' id='word_1_624' title='bbox 3348 3919 3548 3983; x_wconf 82' lang='grc' dir='ltr'>καλῶν,</span> <span class='ocrx_word' id='word_1_625' title='bbox 3577 3922 3665 3973; x_wconf 77' lang='grc' dir='ltr'>καὶ</span> <span class='ocrx_word' id='word_1_626' title='bbox 3698 3922 3804 3975; x_wconf 85' lang='grc' dir='ltr'><strong>ὑπὸ</strong></span> <span class='ocrx_word' id='word_1_627' title='bbox 3825 3923 3979 3990; x_wconf 65' lang='grc' dir='ltr'>δίκην</span> <span class='ocrx_word' id='word_1_628' title='bbox 4006 3926 4207 3977; x_wconf 74' lang='grc' dir='ltr'>ἑαυτὸν</span> <span class='ocrx_word' id='word_1_629' title='bbox 4234 3929 4388 3995; x_wconf 86' lang='grc' dir='ltr'>μεγί-</span> 
     </span>
    </p>
   </div>
   <div class='ocr_carea' id='block_1_84' title="bbox 2800 4006 4388 4077">
    <p class='ocr_par' dir='ltr' id='par_1_84' title="bbox 2800 4006 4388 4077">
     <span class='ocr_line' id='line_1_84' title="bbox 2800 4006 4388 4077; baseline 0.004 -18"><span class='ocrx_word' id='word_1_630' title='bbox 2800 4024 2932 4075; x_wconf 91' lang='grc' dir='ltr'>στην</span> <span class='ocrx_word' id='word_1_631' title='bbox 2957 4006 3382 4075; x_wconf 76' lang='grc' dir='ltr'>ὑπολαμϐάνειν,</span> <span class='ocrx_word' id='word_1_632' title='bbox 3416 4007 3449 4077; x_wconf 78' lang='grc' dir='ltr'>ἢ</span> <span class='ocrx_word' id='word_1_633' title='bbox 3482 4009 3850 4077; x_wconf 82' lang='grc' dir='ltr'>κατορθοῦντα</span> <span class='ocrx_word' id='word_1_634' title='bbox 3902 4011 4115 4064; x_wconf 80' lang='grc' dir='ltr'>οῐεσθαι</span> <span class='ocrx_word' id='word_1_635' title='bbox 4172 4017 4388 4069; x_wconf 66' lang='grc' dir='ltr'>πάντων</span> 
     </span>
    </p>
   </div>
   <div class='ocr_carea' id='block_1_85' title="bbox 2800 4094 4384 4172">
    <p class='ocr_par' dir='ltr' id='par_1_85' title="bbox 2800 4094 4384 4172">
     <span class='ocr_line' id='line_1_85' title="bbox 2800 4094 4384 4172; baseline 0.006 -25"><span class='ocrx_word' id='word_1_636' title='bbox 2800 4094 2926 4163; x_wconf 77' lang='grc' dir='ltr'>ἑξῆς</span> <span class='ocrx_word' id='word_1_637' title='bbox 2954 4096 3332 4167; x_wconf 84' lang='grc' dir='ltr'>ὑπερκεῖσθαι.</span> <span class='ocrx_word' id='word_1_638' title='bbox 3377 4096 3540 4148; x_wconf 75' lang='grc' dir='ltr'>’Ὥστε</span> <span class='ocrx_word' id='word_1_639' title='bbox 3564 4097 3874 4165; x_wconf 77' lang='grc' dir='ltr'>λογίζεσθαι</span> <span class='ocrx_word' id='word_1_640' title='bbox 3909 4101 4017 4169; x_wconf 83' lang='grc' dir='ltr'>χρὴ</span> <span class='ocrx_word' id='word_1_641' title='bbox 4043 4104 4141 4165; x_wconf 69' lang='grc' dir='ltr'>τὰς</span> <span class='ocrx_word' id='word_1_642' title='bbox 4171 4104 4384 4172; x_wconf 66' lang='grc' dir='ltr'>ἀγαθὰς</span> 
     </span>
    </p>
   </div>
   <div class='ocr_carea' id='block_1_86' title="bbox 2800 4188 4388 4263">
    <p class='ocr_par' dir='ltr' id='par_1_86' title="bbox 2800 4188 4388 4263">
     <span class='ocr_line' id='line_1_86' title="bbox 2800 4188 4388 4263; baseline 0.004 -23"><span class='ocrx_word' id='word_1_643' title='bbox 2800 4188 3024 4258; x_wconf 78' lang='grc' dir='ltr'>πράξεις</span> <span class='ocrx_word' id='word_1_644' title='bbox 3056 4188 3135 4258; x_wconf 83' lang='grc' dir='ltr'>τῷ</span> <span class='ocrx_word' id='word_1_645' title='bbox 3174 4188 3314 4258; x_wconf 81' lang='grc' dir='ltr'>Θεῷ,</span> <span class='ocrx_word' id='word_1_646' title='bbox 3359 4189 3453 4241; x_wconf 81' lang='grc' dir='ltr'><strong>καὶ</strong></span> <span class='ocrx_word' id='word_1_647' title='bbox 3481 4190 3579 4260; x_wconf 88' lang='grc' dir='ltr'>οὑχ</span> <span class='ocrx_word' id='word_1_648' title='bbox 3625 4191 3827 4259; x_wconf 80' lang='grc' dir='ltr'>ἐαυτῷ,</span> <span class='ocrx_word' id='word_1_649' title='bbox 3867 4194 3915 4243; x_wconf 86' lang='grc' dir='ltr'><strong>εί</strong></span> <span class='ocrx_word' id='word_1_650' title='bbox 3952 4194 4141 4261; x_wconf 79' lang='grc' dir='ltr'>μέλλει</span> <span class='ocrx_word' id='word_1_651' title='bbox 4174 4212 4257 4256; x_wconf 79' lang='grc' dir='ltr'><strong>τις</strong></span> <span class='ocrx_word' id='word_1_652' title='bbox 4294 4213 4388 4263; x_wconf 83' lang='grc' dir='ltr'>με·</span> 
     </span>
    </p>
   </div>
   <div class='ocr_carea' id='block_1_87' title="bbox 2799 4282 4389 4355">
    <p class='ocr_par' dir='ltr' id='par_1_87' title="bbox 2799 4282 4389 4355">
     <span class='ocr_line' id='line_1_87' title="bbox 2799 4282 4389 4355; baseline 0.004 -22"><span class='ocrx_word' id='word_1_653' title='bbox 2799 4282 3061 4352; x_wconf 77' lang='grc' dir='ltr'>τριάζειν.</span> <span class='ocrx_word' id='word_1_654' title='bbox 3102 4283 3251 4352; x_wconf 83' lang='grc' dir='ltr'>Αῦτη</span> <span class='ocrx_word' id='word_1_655' title='bbox 3278 4285 3309 4352; x_wconf 81' lang='grc' dir='ltr'>ὴ</span> <span class='ocrx_word' id='word_1_656' title='bbox 3338 4283 3462 4348; x_wconf 81' lang='grc' dir='ltr'>δόξα</span> <span class='ocrx_word' id='word_1_657' title='bbox 3494 4285 3789 4354; x_wconf 74' lang='grc' dir='ltr'>καθαρεύει</span> <span class='ocrx_word' id='word_1_658' title='bbox 3838 4286 3938 4353; x_wconf 89' lang='grc' dir='ltr'>μὲν</span> <span class='ocrx_word' id='word_1_659' title='bbox 3980 4286 4193 4355; x_wconf 71' lang='grc' dir='ltr'>πλάνης</span> <span class='ocrx_word' id='word_1_660' title='bbox 4246 4290 4389 4341; x_wconf 68' lang='grc' dir='ltr'><strong>ἁπά-</strong></span> 
     </span>
    </p>
   </div>
   <div class='ocr_carea' id='block_1_88' title="bbox 2804 4374 4388 4446">
    <p class='ocr_par' dir='ltr' id='par_1_88' title="bbox 2804 4374 4388 4446">
     <span class='ocr_line' id='line_1_88' title="bbox 2804 4374 4388 4446; baseline 0.002 -17"><span class='ocrx_word' id='word_1_661' title='bbox 2804 4392 2923 4444; x_wconf 84' lang='grc' dir='ltr'>σης,</span> <span class='ocrx_word' id='word_1_662' title='bbox 2948 4376 3128 4445; x_wconf 73' lang='grc' dir='ltr'>ἔχεται</span> <span class='ocrx_word' id='word_1_663' title='bbox 3158 4376 3215 4428; x_wconf 70' lang='grc' dir='ltr'>δὲ</span> <span class='ocrx_word' id='word_1_664' title='bbox 3244 4375 3341 4445; x_wconf 81' lang='grc' dir='ltr'>τῆς</span> <span class='ocrx_word' id='word_1_665' title='bbox 3365 4374 3623 4445; x_wconf 79' lang='grc' dir='ltr'>ἀληθείας</span> <span class='ocrx_word' id='word_1_666' title='bbox 3675 4378 3732 4439; x_wconf 84' lang='grc' dir='ltr'>ὲς</span> <span class='ocrx_word' id='word_1_667' title='bbox 3770 4378 3958 4446; x_wconf 80' lang='grc' dir='ltr'>ἄκρον,</span> <span class='ocrx_word' id='word_1_668' title='bbox 4010 4380 4280 4432; x_wconf 73' lang='grc' dir='ltr'>κινδύνων</span> <span class='ocrx_word' id='word_1_669' title='bbox 4334 4382 4388 4432; x_wconf 75' lang='grc' dir='ltr'>δὲ</span> 
     </span>
    </p>
   </div>
   <div class='ocr_carea' id='block_1_89' title="bbox 2802 4466 4386 4539">
    <p class='ocr_par' dir='ltr' id='par_1_89' title="bbox 2802 4466 4386 4539">
     <span class='ocr_line' id='line_1_89' title="bbox 2802 4466 4386 4539; baseline 0.001 -19"><span class='ocrx_word' id='word_1_670' title='bbox 2802 4470 2976 4530; x_wconf 73' lang='grc' dir='ltr'>ἐκτὸς,</span> <span class='ocrx_word' id='word_1_671' title='bbox 3024 4467 3226 4536; x_wconf 73' lang='grc' dir='ltr'>ἔστηκε</span> <span class='ocrx_word' id='word_1_672' title='bbox 3276 4470 3370 4520; x_wconf 82' lang='grc' dir='ltr'>καὶ</span> <span class='ocrx_word' id='word_1_673' title='bbox 3406 4466 3601 4537; x_wconf 82' lang='grc' dir='ltr'>βελῶν,</span> <span class='ocrx_word' id='word_1_674' title='bbox 3650 4466 3687 4522; x_wconf 78' lang='grc' dir='ltr'>ἃ</span> <span class='ocrx_word' id='word_1_675' title='bbox 3741 4469 3860 4521; x_wconf 80' lang='grc' dir='ltr'>καθ’</span> <span class='ocrx_word' id='word_1_676' title='bbox 3911 4469 4071 4537; x_wconf 81' lang='grc' dir='ltr'>ἡμῶν</span> <span class='ocrx_word' id='word_1_677' title='bbox 4105 4472 4386 4539; x_wconf 63' lang='grc' dir='ltr'>ἀφίησι-ρὴ</span> 
     </span>
    </p>
   </div>
   <div class='ocr_carea' id='block_1_90' title="bbox 1118 4555 2905 4630">
    <p class='ocr_par' dir='ltr' id='par_1_90' title="bbox 1118 4560 2905 4630">
     <span class='ocr_line' id='line_1_90' title="bbox 1118 4560 2905 4630; baseline 0.004 -17"><span class='ocrx_word' id='word_1_678' title='bbox 1118 4575 1239 4628; x_wconf 67' lang='lat' dir='ltr'><strong>quae</strong></span> <span class='ocrx_word' id='word_1_679' title='bbox 1270 4572 1459 4615; x_wconf 86' lang='lat' dir='ltr'><strong>contra</strong></span> <span class='ocrx_word' id='word_1_680' title='bbox 1496 4577 1592 4615; x_wconf 89' lang='lat' dir='ltr'><strong>nos</strong></span> <span class='ocrx_word' id='word_1_681' title='bbox 1619 4573 1833 4615; x_wconf 81' lang='lat' dir='ltr'><strong>versuta</strong></span> <span class='ocrx_word' id='word_1_682' title='bbox 1886 4560 2102 4630; x_wconf 81' lang='lat' dir='ltr'><strong>torquet</strong></span> <span class='ocrx_word' id='word_1_683' title='bbox 2125 4563 2312 4619; x_wconf 88' lang='lat' dir='ltr'><strong>elatio.</strong></span> <span class='ocrx_word' id='word_1_684' title='bbox 2371 4563 2483 4619; x_wconf 85' lang='lat' dir='ltr'><strong>Nec</strong></span> <span class='ocrx_word' id='word_1_685' title='bbox 2548 4567 2694 4620; x_wconf 86' lang='lat' dir='ltr'><strong>euim</strong></span> <span class='ocrx_word' id='word_1_686' title='bbox 2731 4576 2773 4630; x_wconf 82' lang='grc' dir='ltr'><strong>ι)</strong></span> <span class='ocrx_word' id='word_1_687' title='bbox 2799 4560 2905 4612; x_wconf 70' lang='grc' dir='ltr'><strong>πολ</strong></span> 
     </span>
    </p>
   </div>
   <div class='ocr_carea' id='block_1_91' title="bbox 2599 4555 4386 4630">
    <p class='ocr_par' dir='ltr' id='par_1_91' title="bbox 2599 4555 4386 4630">
     <span class='ocr_line' id='line_1_91' title="bbox 2599 4555 4386 4630; baseline -0.001 -18"><span class='ocrx_word' id='word_1_688' title='bbox 2599 4567 2694 4620; x_wconf 62' lang='lat' dir='ltr'><strong>nim</strong></span> <span class='ocrx_word' id='word_1_689' title='bbox 2731 4576 2773 4630; x_wconf 79' lang='grc' dir='ltr'>υ</span> <span class='ocrx_word' id='word_1_690' title='bbox 2799 4560 3180 4629; x_wconf 78' lang='grc' dir='ltr'>πολυμήχανος</span> <span class='ocrx_word' id='word_1_691' title='bbox 3208 4555 3461 4628; x_wconf 76' lang='grc' dir='ltr'>ἔπαρσις.</span> <span class='ocrx_word' id='word_1_692' title='bbox 3497 4557 3635 4612; x_wconf 75' lang='grc' dir='ltr'>Οὔτε</span> <span class='ocrx_word' id='word_1_693' title='bbox 3666 4560 3774 4627; x_wconf 69' lang='grc' dir='ltr'><strong>γὰρ</strong></span> <span class='ocrx_word' id='word_1_694' title='bbox 3822 4561 4205 4629; x_wconf 77' lang='grc' dir='ltr'>ἀπατηθῆναι,</span> <span class='ocrx_word' id='word_1_695' title='bbox 4270 4564 4386 4613; x_wconf 57' lang='lat' dir='ltr'><strong>sit:</strong></span> 
     </span>
    </p>
   </div>
   <div class='ocr_carea' id='block_1_92' title="bbox 1122 4654 2693 4726">
    <p class='ocr_par' dir='ltr' id='par_1_92' title="bbox 1122 4654 2693 4726">
     <span class='ocr_line' id='line_1_92' title="bbox 1122 4654 2693 4726; baseline 0.003 -21"><span class='ocrx_word' id='word_1_696' title='bbox 1122 4654 1349 4720; x_wconf 82' lang='lat' dir='ltr'><strong>decipit,</strong></span> <span class='ocrx_word' id='word_1_697' title='bbox 1389 4669 1487 4705; x_wconf 90' lang='lat' dir='ltr'><strong>nec</strong></span> <span class='ocrx_word' id='word_1_698' title='bbox 1508 4654 1559 4705; x_wconf 91' lang='lat' dir='ltr'><strong>in</strong></span> <span class='ocrx_word' id='word_1_699' title='bbox 1590 4654 1894 4719; x_wconf 89' lang='lat' dir='ltr'><strong>periculum</strong></span> <span class='ocrx_word' id='word_1_700' title='bbox 1922 4656 2111 4709; x_wconf 77' lang='lat' dir='ltr'><strong>venire</strong></span> <span class='ocrx_word' id='word_1_701' title='bbox 2133 4666 2332 4725; x_wconf 88' lang='lat' dir='ltr'><strong>potest,</strong></span> <span class='ocrx_word' id='word_1_702' title='bbox 2357 4657 2446 4726; x_wconf 91' lang='lat' dir='ltr'><strong>qui</strong></span> <span class='ocrx_word' id='word_1_703' title='bbox 2471 4658 2693 4711; x_wconf 88' lang='lat' dir='ltr'><strong>cuicun-</strong></span> 
     </span>
    </p>
   </div>
   <div class='ocr_carea' id='block_1_93' title="bbox 1120 4745 2691 4817">
    <p class='ocr_par' dir='ltr' id='par_1_93' title="bbox 1120 4745 2691 4817">
     <span class='ocr_line' id='line_1_93' title="bbox 1120 4745 2691 4817; baseline 0.003 -20"><span class='ocrx_word' id='word_1_704' title='bbox 1120 4760 1226 4813; x_wconf 86' lang='lat' dir='ltr'><strong>que</strong></span> <span class='ocrx_word' id='word_1_705' title='bbox 1254 4760 1378 4799; x_wconf 82' lang='lat' dir='ltr'><strong>vero</strong></span> <span class='ocrx_word' id='word_1_706' title='bbox 1415 4746 1590 4800; x_wconf 80' lang='lat' dir='ltr'><strong>fretus</strong></span> <span class='ocrx_word' id='word_1_707' title='bbox 1649 4754 1753 4801; x_wconf 88' lang='lat' dir='ltr'><strong>est.</strong></span> <span class='ocrx_word' id='word_1_708' title='bbox 1805 4745 1945 4810; x_wconf 86' lang='lat' dir='ltr'><strong>Quid</strong></span> <span class='ocrx_word' id='word_1_709' title='bbox 2006 4756 2186 4801; x_wconf 84' lang='lat' dir='ltr'><strong>autem</strong></span> <span class='ocrx_word' id='word_1_710' title='bbox 2251 4749 2421 4817; x_wconf 81' lang='lat' dir='ltr'><strong>magis</strong></span> <span class='ocrx_word' id='word_1_711' title='bbox 2482 4763 2691 4813; x_wconf 70' lang='lat' dir='ltr'><strong>verum,</strong></span> 
     </span>
    </p>
   </div>
   <div class='ocr_carea' id='block_1_94' title="bbox 1120 4838 2694 4907">
    <p class='ocr_par' dir='ltr' id='par_1_94' title="bbox 1120 4838 2694 4907">
     <span class='ocr_line' id='line_1_94' title="bbox 1120 4838 2694 4907; baseline 0.004 -19"><span class='ocrx_word' id='word_1_712' title='bbox 1120 4854 1281 4902; x_wconf 84' lang='lat' dir='ltr'><strong>quam</strong></span> <span class='ocrx_word' id='word_1_713' title='bbox 1316 4839 1650 4898; x_wconf 77' lang='lat' dir='ltr'><strong>existimare.</strong></span> <span class='ocrx_word' id='word_1_714' title='bbox 1688 4838 1854 4892; x_wconf 87' lang='lat' dir='ltr'><strong>Deum</strong></span> <span class='ocrx_word' id='word_1_715' title='bbox 1880 4853 2003 4893; x_wconf 88' lang='lat' dir='ltr'><strong>esse</strong></span> <span class='ocrx_word' id='word_1_716' title='bbox 2060 4838 2371 4907; x_wconf 82' lang='lat' dir='ltr'><strong>largitorem</strong></span> <span class='ocrx_word' id='word_1_717' title='bbox 2430 4842 2694 4895; x_wconf 91' lang='lat' dir='ltr'><strong>bonorum</strong></span> 
     </span>
    </p>
   </div>
   <div class='ocr_carea' id='block_1_95' title="bbox 1120 4930 2698 4993">
    <p class='ocr_par' dir='ltr' id='par_1_95' title="bbox 1120 4930 2698 4993">
     <span class='ocr_line' id='line_1_95' title="bbox 1120 4930 2698 4993; baseline 0.002 -9"><span class='ocrx_word' id='word_1_718' title='bbox 1120 4931 1388 4993; x_wconf 84' lang='lat' dir='ltr'><strong>omnium,</strong></span> <span class='ocrx_word' id='word_1_719' title='bbox 1421 4940 1474 4985; x_wconf 73' lang='lat' dir='ltr'><strong>et</strong></span> <span class='ocrx_word' id='word_1_720' title='bbox 1512 4932 1579 4984; x_wconf 87' lang='lat' dir='ltr'><strong>ab</strong></span> <span class='ocrx_word' id='word_1_721' title='bbox 1598 4931 1784 4985; x_wconf 86' lang='lat' dir='ltr'><strong>eodem</strong></span> <span class='ocrx_word' id='word_1_722' title='bbox 1811 4930 2095 4985; x_wconf 83' lang='lat' dir='ltr'><strong>universos</strong></span> <span class='ocrx_word' id='word_1_723' title='bbox 2123 4934 2379 4987; x_wconf 84' lang='lat' dir='ltr'><strong>mortales</strong></span> <span class='ocrx_word' id='word_1_724' title='bbox 2406 4933 2543 4986; x_wconf 88' lang='lat' dir='ltr'><strong>bona</strong></span> <span class='ocrx_word' id='word_1_725' title='bbox 2568 4949 2698 4988; x_wconf 92' lang='lat' dir='ltr'><strong>con-</strong></span> 
     </span>
    </p>
   </div>
   <div class='ocr_carea' id='block_1_96' title="bbox 1124 5020 2695 5093">
    <p class='ocr_par' dir='ltr' id='par_1_96' title="bbox 1124 5020 2695 5093">
     <span class='ocr_line' id='line_1_96' title="bbox 1124 5020 2695 5093; baseline 0.003 -18"><span class='ocrx_word' id='word_1_726' title='bbox 1124 5022 1317 5091; x_wconf 83' lang='lat' dir='ltr'><strong>sequi?</strong></span> <span class='ocrx_word' id='word_1_727' title='bbox 1353 5023 1690 5087; x_wconf 80' lang='lat' dir='ltr'><strong>Argumenta</strong></span> <span class='ocrx_word' id='word_1_728' title='bbox 1723 5031 1829 5085; x_wconf 84' lang='lat' dir='ltr'><strong>est,</strong></span> <span class='ocrx_word' id='word_1_729' title='bbox 1857 5021 2001 5090; x_wconf 86' lang='lat' dir='ltr'><strong>quod</strong></span> <span class='ocrx_word' id='word_1_730' title='bbox 2033 5038 2061 5076; x_wconf 91' lang='lat' dir='ltr'><strong>a</strong></span> <span class='ocrx_word' id='word_1_731' title='bbox 2102 5020 2386 5077; x_wconf 82' lang='lat' dir='ltr'><strong>Salvatnre</strong></span> <span class='ocrx_word' id='word_1_732' title='bbox 2410 5024 2695 5093; x_wconf 83' lang='lat' dir='ltr'><strong>discipulis</strong></span> 
     </span>
    </p>
   </div>
   <div class='ocr_carea' id='block_1_97' title="bbox 1122 5110 2696 5184">
    <p class='ocr_par' dir='ltr' id='par_1_97' title="bbox 1122 5110 2696 5184">
     <span class='ocr_line' id='line_1_97' title="bbox 1122 5110 2696 5184; baseline 0.001 -16"><span class='ocrx_word' id='word_1_733' title='bbox 1122 5122 1208 5168; x_wconf 84' lang='lat' dir='ltr'><strong>est</strong></span> <span class='ocrx_word' id='word_1_734' title='bbox 1242 5114 1444 5167; x_wconf 85' lang='lat' dir='ltr'><strong>dictum</strong></span> <span class='ocrx_word' id='word_1_735' title='bbox 1485 5131 1498 5166; x_wconf 93' lang='lat'>:</span> <span class='ocrx_word' id='word_1_736' title='bbox 1534 5110 1661 5166; x_wconf 77' lang='lat' dir='ltr'><strong>Sine</strong></span> <span class='ocrx_word' id='word_1_737' title='bbox 1706 5129 1785 5167; x_wconf 80' lang='lat' dir='ltr'><strong>me</strong></span> <span class='ocrx_word' id='word_1_738' title='bbox 1831 5112 1964 5166; x_wconf 81' lang='lat' dir='ltr'><strong>nihil</strong></span> <span class='ocrx_word' id='word_1_739' title='bbox 2008 5115 2225 5180; x_wconf 75' lang='lat' dir='ltr'><strong>potestis</strong></span> <span class='ocrx_word' id='word_1_740' title='bbox 2272 5114 2500 5184; x_wconf 54' lang='lat' dir='ltr'><strong>facerex</strong></span> <span class='ocrx_word' id='word_1_741' title='bbox 2538 5114 2696 5182; x_wconf 87' lang='lat' dir='ltr'><strong>Quod</strong></span> 
     </span>
    </p>
   </div>
   <div class='ocr_carea' id='block_1_98' title="bbox 1125 5205 2694 5271">
    <p class='ocr_par' dir='ltr' id='par_1_98' title="bbox 1125 5205 2694 5271">
     <span class='ocr_line' id='line_1_98' title="bbox 1125 5205 2694 5271; baseline -0.001 -9"><span class='ocrx_word' id='word_1_742' title='bbox 1125 5223 1259 5262; x_wconf 83' lang='lat' dir='ltr'><strong>sane</strong></span> <span class='ocrx_word' id='word_1_743' title='bbox 1290 5205 1515 5259; x_wconf 81' lang='lat' dir='ltr'><strong>verbum</strong></span> <span class='ocrx_word' id='word_1_744' title='bbox 1562 5215 1621 5259; x_wconf 91' lang='lat' dir='ltr'><strong>nt</strong></span> <span class='ocrx_word' id='word_1_745' title='bbox 1691 5221 1814 5261; x_wconf 82' lang='lat' dir='ltr'><strong>esse</strong></span> <span class='ocrx_word' id='word_1_746' title='bbox 1858 5207 2206 5261; x_wconf 79' lang='lat' dir='ltr'><strong>verissimum</strong></span> <span class='ocrx_word' id='word_1_747' title='bbox 2266 5209 2694 5271; x_wconf 90' lang='lat' dir='ltr'><strong>demonstretur,</strong></span> 
     </span>
    </p>
   </div>
   <div class='ocr_carea' id='block_1_99' title="bbox 1128 5296 2699 5367">
    <p class='ocr_par' dir='ltr' id='par_1_99' title="bbox 1128 5296 2699 5367">
     <span class='ocr_line' id='line_1_99' title="bbox 1128 5296 2699 5367; baseline -0.001 -15"><span class='ocrx_word' id='word_1_748' title='bbox 1128 5302 1227 5353; x_wconf 82' lang='lat' dir='ltr'><strong>hoc</strong></span> <span class='ocrx_word' id='word_1_749' title='bbox 1266 5313 1431 5349; x_wconf 89' lang='lat' dir='ltr'><strong>unum</strong></span> <span class='ocrx_word' id='word_1_750' title='bbox 1502 5296 1682 5350; x_wconf 84' lang='lat' dir='ltr'><strong>dicere</strong></span> <span class='ocrx_word' id='word_1_751' title='bbox 1725 5297 1944 5367; x_wconf 82' lang='lat' dir='ltr'><strong>sufﬁcit,</strong></span> <span class='ocrx_word' id='word_1_752' title='bbox 1999 5313 2029 5350; x_wconf 89' lang='lat' dir='ltr'><strong>a</strong></span> <span class='ocrx_word' id='word_1_753' title='bbox 2083 5298 2365 5352; x_wconf 84' lang='lat' dir='ltr'><strong>Salvatore</strong></span> <span class='ocrx_word' id='word_1_754' title='bbox 2430 5300 2699 5367; x_wconf 81' lang='lat' dir='ltr'><strong>prolatum</strong></span> 
     </span>
    </p>
   </div>
   <div class='ocr_carea' id='block_1_100' title="bbox 1124 5379 2700 5463">
    <p class='ocr_par' dir='ltr' id='par_1_100' title="bbox 1124 5379 2700 5463">
     <span class='ocr_line' id='line_1_100' title="bbox 1124 5379 2700 5463; baseline 0 -19"><span class='ocrx_word' id='word_1_755' title='bbox 1124 5405 1266 5444; x_wconf 83' lang='lat' dir='ltr'><strong>esse.</strong></span> <span class='ocrx_word' id='word_1_756' title='bbox 1303 5389 1414 5442; x_wconf 77' lang='lat' dir='ltr'><strong>Non</strong></span> <span class='ocrx_word' id='word_1_757' title='bbox 1451 5379 1750 5443; x_wconf 80' lang='lat' dir='ltr'><strong>rationibus</strong></span> <span class='ocrx_word' id='word_1_758' title='bbox 1776 5405 1912 5456; x_wconf 83' lang='lat' dir='ltr'><strong>Opus</strong></span> <span class='ocrx_word' id='word_1_759' title='bbox 1935 5390 2039 5442; x_wconf 91' lang='lat' dir='ltr'><strong>erit</strong></span> <span class='ocrx_word' id='word_1_760' title='bbox 2067 5389 2196 5463; x_wconf 81' lang='lat' dir='ltr'><strong>mihi</strong></span> <span class='ocrx_word' id='word_1_761' title='bbox 2246 5392 2700 5463; x_wconf 62' lang='lat' dir='ltr'><strong>necpriscorum,</strong></span> 
     </span>
    </p>
   </div>
   <div class='ocr_carea' id='block_1_101' title="bbox 1127 5474 2702 5551">
    <p class='ocr_par' dir='ltr' id='par_1_101' title="bbox 1127 5474 2702 5551">
     <span class='ocr_line' id='line_1_101' title="bbox 1127 5474 2702 5551; baseline 0.001 -16"><span class='ocrx_word' id='word_1_762' title='bbox 1127 5497 1227 5536; x_wconf 90' lang='lat' dir='ltr'><strong>nec</strong></span> <span class='ocrx_word' id='word_1_763' title='bbox 1255 5483 1589 5548; x_wconf 85' lang='lat' dir='ltr'><strong>recentium;</strong></span> <span class='ocrx_word' id='word_1_764' title='bbox 1631 5474 1825 5551; x_wconf 81' lang='lat' dir='ltr'><strong>quibus</strong></span> <span class='ocrx_word' id='word_1_765' title='bbox 1891 5482 2031 5534; x_wconf 90' lang='lat' dir='ltr'><strong>hanc</strong></span> <span class='ocrx_word' id='word_1_766' title='bbox 2058 5482 2407 5545; x_wconf 85' lang='lat' dir='ltr'><strong>sententiam,</strong></span> <span class='ocrx_word' id='word_1_767' title='bbox 2460 5498 2559 5537; x_wconf 84' lang='lat' dir='ltr'><strong>ceu</strong></span> <span class='ocrx_word' id='word_1_768' title='bbox 2616 5498 2702 5536; x_wconf 83' lang='lat' dir='ltr'><strong>ve-</strong></span> 
     </span>
    </p>
   </div>
   <div class='ocr_carea' id='block_1_102' title="bbox 1132 5572 2700 5642">
    <p class='ocr_par' dir='ltr' id='par_1_102' title="bbox 1132 5572 2700 5642">
     <span class='ocr_line' id='line_1_102' title="bbox 1132 5572 2700 5642; baseline -0.002 -14"><span class='ocrx_word' id='word_1_769' title='bbox 1132 5592 1268 5637; x_wconf 82' lang='lat' dir='ltr'><strong>ram,</strong></span> <span class='ocrx_word' id='word_1_770' title='bbox 1309 5574 1539 5642; x_wconf 88' lang='lat' dir='ltr'><strong>probare</strong></span> <span class='ocrx_word' id='word_1_771' title='bbox 1564 5574 1777 5627; x_wconf 83' lang='lat' dir='ltr'><strong>liceret.</strong></span> <span class='ocrx_word' id='word_1_772' title='bbox 1815 5572 1929 5625; x_wconf 85' lang='lat' dir='ltr'><strong>Non</strong></span> <span class='ocrx_word' id='word_1_773' title='bbox 1958 5573 2221 5641; x_wconf 80' lang='lat' dir='ltr'><strong>exemplis</strong></span> <span class='ocrx_word' id='word_1_774' title='bbox 2264 5583 2406 5637; x_wconf 88' lang='lat' dir='ltr'><strong>utar,</strong></span> <span class='ocrx_word' id='word_1_775' title='bbox 2448 5591 2552 5626; x_wconf 90' lang='lat' dir='ltr'><strong>non</strong></span> <span class='ocrx_word' id='word_1_776' title='bbox 2587 5574 2700 5642; x_wconf 88' lang='lat' dir='ltr'><strong>syl-</strong></span> 
     </span>
    </p>
   </div>
   <div class='ocr_carea' id='block_1_103' title="bbox 1131 5665 2700 5735">
    <p class='ocr_par' dir='ltr' id='par_1_103' title="bbox 1131 5665 2700 5735">
     <span class='ocr_line' id='line_1_103' title="bbox 1131 5665 2700 5735; baseline -0.003 -15"><span class='ocrx_word' id='word_1_777' title='bbox 1131 5666 1392 5735; x_wconf 66' lang='lat' dir='ltr'><strong>logismis.</strong></span> <span class='ocrx_word' id='word_1_778' title='bbox 1427 5665 1571 5718; x_wconf 77' lang='lat' dir='ltr'><strong>Nihil</strong></span> <span class='ocrx_word' id='word_1_779' title='bbox 1619 5666 1840 5718; x_wconf 88' lang='lat' dir='ltr'><strong>omnino</strong></span> <span class='ocrx_word' id='word_1_780' title='bbox 1904 5668 2244 5734; x_wconf 76' lang='lat' dir='ltr'><strong>perquirum,</strong></span> <span class='ocrx_word' id='word_1_781' title='bbox 2301 5667 2445 5735; x_wconf 80' lang='lat' dir='ltr'><strong>quod</strong></span> <span class='ocrx_word' id='word_1_782' title='bbox 2499 5669 2597 5720; x_wconf 81' lang='lat' dir='ltr'><strong>hac</strong></span> <span class='ocrx_word' id='word_1_783' title='bbox 2651 5668 2700 5718; x_wconf 94' lang='lat' dir='ltr'><strong>iu</strong></span> 
     </span>
    </p>
   </div>
   <div class='ocr_carea' id='block_1_104' title="bbox 1132 5757 2700 5827">
    <p class='ocr_par' dir='ltr' id='par_1_104' title="bbox 1132 5757 2700 5827">
     <span class='ocr_line' id='line_1_104' title="bbox 1132 5757 2700 5827; baseline 0.001 -18"><span class='ocrx_word' id='word_1_784' title='bbox 1132 5767 1283 5825; x_wconf 80' lang='lat' dir='ltr'><strong>parte</strong></span> <span class='ocrx_word' id='word_1_785' title='bbox 1312 5759 1443 5811; x_wconf 88' lang='lat' dir='ltr'><strong>mihi</strong></span> <span class='ocrx_word' id='word_1_786' title='bbox 1474 5759 1931 5827; x_wconf 85' lang='lat' dir='ltr'><strong>patrocinaretur,</strong></span> <span class='ocrx_word' id='word_1_787' title='bbox 1960 5759 2002 5810; x_wconf 86' lang='lat' dir='ltr'><strong>si</strong></span> <span class='ocrx_word' id='word_1_788' title='bbox 2040 5773 2127 5812; x_wconf 86' lang='lat' dir='ltr'><strong>res</strong></span> <span class='ocrx_word' id='word_1_789' title='bbox 2159 5760 2225 5811; x_wconf 89' lang='lat' dir='ltr'><strong>ita</strong></span> <span class='ocrx_word' id='word_1_790' title='bbox 2253 5769 2525 5827; x_wconf 86' lang='lat' dir='ltr'><strong>posceret.</strong></span> <span class='ocrx_word' id='word_1_791' title='bbox 2567 5757 2700 5811; x_wconf 58' lang='lat' dir='ltr'><strong>{Nam</strong></span> 
     </span>
    </p>
   </div>
   <div class='ocr_carea' id='block_1_105' title="bbox 1133 5850 2702 5920">
    <p class='ocr_par' dir='ltr' id='par_1_105' title="bbox 1133 5850 2702 5920">
     <span class='ocr_line' id='line_1_105' title="bbox 1133 5850 2702 5920; baseline -0.001 -15"><span class='ocrx_word' id='word_1_792' title='bbox 1133 5851 1221 5905; x_wconf 84' lang='lat' dir='ltr'><strong>ubi</strong></span> <span class='ocrx_word' id='word_1_793' title='bbox 1261 5852 1458 5904; x_wconf 76' lang='lat' dir='ltr'><strong>veritas</strong></span> <span class='ocrx_word' id='word_1_794' title='bbox 1482 5853 1596 5920; x_wconf 70' lang='lat' dir='ltr'><strong>ipsa</strong></span> <span class='ocrx_word' id='word_1_795' title='bbox 1626 5851 1767 5905; x_wconf 72' lang='lat' dir='ltr'><strong>velut</strong></span> <span class='ocrx_word' id='word_1_796' title='bbox 1801 5850 2024 5904; x_wconf 77' lang='lat' dir='ltr'><strong>oraculo</strong></span> <span class='ocrx_word' id='word_1_797' title='bbox 2050 5851 2178 5919; x_wconf 69' lang='lat' dir='ltr'><strong>qui.l</strong></span> <span class='ocrx_word' id='word_1_798' title='bbox 2214 5853 2485 5919; x_wconf 86' lang='lat' dir='ltr'><strong>decernit,</strong></span> <span class='ocrx_word' id='word_1_799' title='bbox 2555 5866 2702 5905; x_wconf 75' lang='lat' dir='ltr'><strong>nzcra</strong></span> 
     </span>
    </p>
   </div>
   <div class='ocr_carea' id='block_1_106' title="bbox 2797 4645 4387 4723">
    <p class='ocr_par' dir='ltr' id='par_1_106' title="bbox 2797 4645 4387 4723">
     <span class='ocr_line' id='line_1_106' title="bbox 2797 4645 4387 4723; baseline 0.001 -20"><span class='ocrx_word' id='word_1_800' title='bbox 2797 4651 3139 4703; x_wconf 87' lang='grc' dir='ltr'>κινδυνεῦσαι</span> <span class='ocrx_word' id='word_1_801' title='bbox 3173 4645 3281 4702; x_wconf 81' lang='grc' dir='ltr'>οἷόν</span> <span class='ocrx_word' id='word_1_802' title='bbox 3311 4668 3395 4714; x_wconf 89' lang='grc' dir='ltr'><strong>τε,</strong></span> <span class='ocrx_word' id='word_1_803' title='bbox 3430 4650 3519 4702; x_wconf 75' lang='grc' dir='ltr'><strong>τὸν</strong></span> <span class='ocrx_word' id='word_1_804' title='bbox 3552 4651 3637 4718; x_wconf 78' lang='grc' dir='ltr'><strong>ἐφ’</strong></span> <span class='ocrx_word' id='word_1_805' title='bbox 3679 4651 3881 4719; x_wconf 77' lang='grc' dir='ltr'>ὁτῳοῦν</span> <span class='ocrx_word' id='word_1_806' title='bbox 3932 4652 4128 4720; x_wconf 78' lang='grc' dir='ltr'>ἀληθεῖ</span> <span class='ocrx_word' id='word_1_807' title='bbox 4188 4654 4387 4723; x_wconf 72' lang='grc' dir='ltr'><strong>6σρῥή-</strong></span> 
     </span>
    </p>
   </div>
   <div class='ocr_carea' id='block_1_107' title="bbox 2798 4740 4386 4813">
    <p class='ocr_par' dir='ltr' id='par_1_107' title="bbox 2798 4740 4386 4813">
     <span class='ocr_line' id='line_1_107' title="bbox 2798 4740 4386 4813; baseline 0.001 -19"><span class='ocrx_word' id='word_1_808' title='bbox 2798 4759 2989 4797; x_wconf 87' lang='grc' dir='ltr'>σαντα.</span> <span class='ocrx_word' id='word_1_809' title='bbox 3021 4744 3086 4794; x_wconf 88' lang='grc' dir='ltr'>Τί</span> <span class='ocrx_word' id='word_1_810' title='bbox 3114 4743 3171 4794; x_wconf 81' lang='grc' dir='ltr'>δὲ</span> <span class='ocrx_word' id='word_1_811' title='bbox 3201 4743 3579 4811; x_wconf 79' lang='grc' dir='ltr'>ἀληθέστερον·</span> <span class='ocrx_word' id='word_1_812' title='bbox 3620 4742 3715 4794; x_wconf 88' lang='grc' dir='ltr'><strong>τοῦ</strong></span> <span class='ocrx_word' id='word_1_813' title='bbox 3774 4743 4020 4807; x_wconf 78' lang='grc' dir='ltr'>δοξάζειν</span> <span class='ocrx_word' id='word_1_814' title='bbox 4084 4740 4231 4797; x_wconf 72' lang='grc' dir='ltr'>εἶναι</span> <span class='ocrx_word' id='word_1_815' title='bbox 4292 4747 4386 4813; x_wconf 81' lang='grc' dir='ltr'><strong>μὲν</strong></span> 
     </span>
    </p>
   </div>
   <div class='ocr_carea' id='block_1_108' title="bbox 2798 4816 4385 4909">
    <p class='ocr_par' dir='ltr' id='par_1_108' title="bbox 2798 4831 4385 4901">
     <span class='ocr_line' id='line_1_108' title="bbox 2798 4831 4385 4901; baseline -0.001 -15"><span class='ocrx_word' id='word_1_816' title='bbox 2798 4834 3018 4886; x_wconf 83' lang='grc' dir='ltr'>πάντων</span> <span class='ocrx_word' id='word_1_817' title='bbox 3057 4832 3166 4884; x_wconf 81' lang='grc' dir='ltr'><strong>τῶν</strong></span> <span class='ocrx_word' id='word_1_818' title='bbox 3199 4832 3419 4899; x_wconf 73' lang='grc' dir='ltr'>ἀγαθῶν</span> <span class='ocrx_word' id='word_1_819' title='bbox 3442 4832 3642 4901; x_wconf 80' lang='grc' dir='ltr'>δοτῆρα</span> <span class='ocrx_word' id='word_1_820' title='bbox 3667 4832 3756 4884; x_wconf 82' lang='grc' dir='ltr'><strong>τὸν</strong></span> <span class='ocrx_word' id='word_1_821' title='bbox 3793 4834 3947 4896; x_wconf 58' lang='lat' dir='ltr'><strong>Bai»),</strong></span> <span class='ocrx_word' id='word_1_822' title='bbox 3985 4831 4130 4886; x_wconf 79' lang='grc' dir='ltr'>εἶναι</span> <span class='ocrx_word' id='word_1_823' title='bbox 4164 4836 4226 4887; x_wconf 82' lang='grc' dir='ltr'>δὲ</span> <span class='ocrx_word' id='word_1_824' title='bbox 4258 4837 4385 4888; x_wconf 67' lang='grc' dir='ltr'>πάνθ</span> 
     </span>
    </p>
   </div>
   <div class='ocr_carea' id='block_1_109' title="bbox 2799 4925 4385 4996">
    <p class='ocr_par' dir='ltr' id='par_1_109' title="bbox 2799 4925 4385 4996">
     <span class='ocr_line' id='line_1_109' title="bbox 2799 4925 4385 4996; baseline -0.002 -15"><span class='ocrx_word' id='word_1_825' title='bbox 2799 4928 2895 4990; x_wconf 70' lang='grc' dir='ltr'><strong>τας</strong></span> <span class='ocrx_word' id='word_1_826' title='bbox 2930 4926 3249 4995; x_wconf 82' lang='grc' dir='ltr'>ἀνθρώπους</span> <span class='ocrx_word' id='word_1_827' title='bbox 3283 4925 3494 4979; x_wconf 69' lang='grc' dir='ltr'>ἐκεῖθεν</span> <span class='ocrx_word' id='word_1_828' title='bbox 3522 4926 3840 4996; x_wconf 76' lang='grc' dir='ltr'>δεχομένους</span> <span class='ocrx_word' id='word_1_829' title='bbox 3863 4928 4120 4994; x_wconf 75' lang='grc' dir='ltr'>τάγαθάς</span> <span class='ocrx_word' id='word_1_830' title='bbox 4159 4928 4265 4981; x_wconf 68' lang='grc' dir='ltr'>Καὶ</span> <span class='ocrx_word' id='word_1_831' title='bbox 4300 4930 4385 4995; x_wconf 69' lang='grc' dir='ltr'>δη-</span> 
     </span>
    </p>
   </div>
   <div class='ocr_carea' id='block_1_110' title="bbox 2754 5017 4339 5089">
    <p class='ocr_par' dir='ltr' id='par_1_110' title="bbox 2754 5017 4339 5089">
     <span class='ocr_line' id='line_1_110' title="bbox 2754 5017 4339 5089; baseline -0.002 -17"><span class='ocrx_word' id='word_1_832' title='bbox 2754 5050 2759 5055; x_wconf 65' lang='grc' dir='ltr'><strong>ι</strong></span> <span class='ocrx_word' id='word_1_833' title='bbox 2800 5020 2884 5072; x_wconf 83' lang='grc' dir='ltr'>).οῖ</span> <span class='ocrx_word' id='word_1_834' title='bbox 2936 5019 2996 5071; x_wconf 74' lang='grc' dir='ltr'><strong>τὸ</strong></span> <span class='ocrx_word' id='word_1_835' title='bbox 3028 5017 3105 5087; x_wconf 81' lang='grc' dir='ltr'><strong>τῷ</strong></span> <span class='ocrx_word' id='word_1_836' title='bbox 3133 5018 3347 5087; x_wconf 75' lang='grc' dir='ltr'>Σωτῆρι</span> <span class='ocrx_word' id='word_1_837' title='bbox 3406 5017 3541 5087; x_wconf 77' lang='grc' dir='ltr'>πρδς</span> <span class='ocrx_word' id='word_1_838' title='bbox 3598 5021 3726 5081; x_wconf 82' lang='grc' dir='ltr'>τοὺς</span> <span class='ocrx_word' id='word_1_839' title='bbox 3767 5019 4013 5087; x_wconf 74' lang='grc' dir='ltr'>μαθητὰς</span> <span class='ocrx_word' id='word_1_840' title='bbox 4049 5021 4339 5089; x_wconf 71' lang='grc' dir='ltr'>εἰρημένον</span> 
     </span>
    </p>
   </div>
   <div class='ocr_carea' id='block_1_111' title="bbox 2802 5114 4381 5186">
    <p class='ocr_par' dir='ltr' id='par_1_111' title="bbox 2802 5114 4381 5186">
     <span class='ocr_line' id='line_1_111' title="bbox 2802 5114 4381 5186; baseline -0.001 -18"><span class='ocrx_word' id='word_1_841' title='bbox 2802 5114 2989 5182; x_wconf 81' lang='grc' dir='ltr'>Χωρίς</span> <span class='ocrx_word' id='word_1_842' title='bbox 3016 5114 3163 5183; x_wconf 83' lang='grc' dir='ltr'>ἐμοῦ</span> <span class='ocrx_word' id='word_1_843' title='bbox 3196 5116 3267 5168; x_wconf 85' lang='grc' dir='ltr'><strong>οὑ</strong></span> <span class='ocrx_word' id='word_1_844' title='bbox 3296 5114 3583 5169; x_wconf 79' lang='grc' dir='ltr'>δύνασθε</span> <span class='ocrx_word' id='word_1_845' title='bbox 3616 5115 3815 5169; x_wconf 75' lang='grc' dir='ltr'>ποιεῖν</span> <span class='ocrx_word' id='word_1_846' title='bbox 3868 5116 4073 5169; x_wconf 79' lang='grc' dir='ltr'>οὐδέν.</span> <span class='ocrx_word' id='word_1_847' title='bbox 4149 5120 4381 5186; x_wconf 65' lang='grc' dir='ltr'>Ἀπέχρη</span> 
     </span>
    </p>
   </div>
   <div class='ocr_carea' id='block_1_112' title="bbox 2803 5206 4381 5277">
    <p class='ocr_par' dir='ltr' id='par_1_112' title="bbox 2803 5206 4381 5277">
     <span class='ocr_line' id='line_1_112' title="bbox 2803 5206 4381 5277; baseline 0 -19"><span class='ocrx_word' id='word_1_848' title='bbox 2803 5210 2978 5259; x_wconf 86' lang='grc' dir='ltr'>εἰπεῖν</span> <span class='ocrx_word' id='word_1_849' title='bbox 3006 5208 3155 5277; x_wconf 73' lang='grc' dir='ltr'>ἡμᾶς</span> <span class='ocrx_word' id='word_1_850' title='bbox 3183 5209 3244 5258; x_wconf 77' lang='grc' dir='ltr'>τὸ</span> <span class='ocrx_word' id='word_1_851' title='bbox 3278 5206 3369 5258; x_wconf 79' lang='grc' dir='ltr'><strong>τὸν</strong></span> <span class='ocrx_word' id='word_1_852' title='bbox 3404 5207 3637 5275; x_wconf 82' lang='grc' dir='ltr'>Σωτῆρα</span> <span class='ocrx_word' id='word_1_853' title='bbox 3684 5207 3829 5259; x_wconf 83' lang='grc' dir='ltr'>τοῦτ’</span> <span class='ocrx_word' id='word_1_854' title='bbox 3888 5210 4196 5276; x_wconf 76' lang='grc' dir='ltr'>εἰρηκέναι,</span> <span class='ocrx_word' id='word_1_855' title='bbox 4260 5228 4381 5277; x_wconf 65' lang='grc' dir='ltr'>προς</span> 
     </span>
    </p>
   </div>
   <div class='ocr_carea' id='block_1_113' title="bbox 2804 5298 4381 5367">
    <p class='ocr_par' dir='ltr' id='par_1_113' title="bbox 2804 5298 4381 5367">
     <span class='ocr_line' id='line_1_113' title="bbox 2804 5298 4381 5367; baseline -0.001 -16"><span class='ocrx_word' id='word_1_856' title='bbox 2804 5298 2863 5351; x_wconf 84' lang='grc' dir='ltr'><strong>τὸ</strong></span> <span class='ocrx_word' id='word_1_857' title='bbox 2893 5299 3262 5366; x_wconf 78' lang='grc' dir='ltr'>ἀληθέστατον</span> <span class='ocrx_word' id='word_1_858' title='bbox 3304 5298 3395 5350; x_wconf 83' lang='grc' dir='ltr'><strong>τὸν</strong></span> <span class='ocrx_word' id='word_1_859' title='bbox 3418 5298 3574 5363; x_wconf 85' lang='grc' dir='ltr'>λόγον</span> <span class='ocrx_word' id='word_1_860' title='bbox 3605 5298 4010 5353; x_wconf 76' lang='grc' dir='ltr'>ἀποδεικνύναι.</span> <span class='ocrx_word' id='word_1_861' title='bbox 4058 5298 4143 5352; x_wconf 72' lang='grc' dir='ltr'>Οὐ</span> <span class='ocrx_word' id='word_1_862' title='bbox 4177 5300 4242 5367; x_wconf 72' lang='grc' dir='ltr'>δὴ</span> <span class='ocrx_word' id='word_1_863' title='bbox 4267 5300 4381 5365; x_wconf 67' lang='lat'><strong>65:]-</strong></span> 
     </span>
    </p>
   </div>
   <div class='ocr_carea' id='block_1_114' title="bbox 2807 5382 4381 5459">
    <p class='ocr_par' dir='ltr' id='par_1_114' title="bbox 2807 5382 4381 5459">
     <span class='ocr_line' id='line_1_114' title="bbox 2807 5382 4381 5459; baseline -0.001 -18"><span class='ocrx_word' id='word_1_864' title='bbox 2807 5409 2888 5442; x_wconf 85' lang='grc' dir='ltr'><strong>σει</strong></span> <span class='ocrx_word' id='word_1_865' title='bbox 2925 5409 3014 5459; x_wconf 89' lang='grc' dir='ltr'><strong>μοι</strong></span> <span class='ocrx_word' id='word_1_866' title='bbox 3043 5390 3235 5456; x_wconf 79' lang='grc' dir='ltr'>λόγων,</span> <span class='ocrx_word' id='word_1_867' title='bbox 3275 5390 3399 5443; x_wconf 87' lang='grc' dir='ltr'>οῦτε</span> <span class='ocrx_word' id='word_1_868' title='bbox 3431 5382 3842 5453; x_wconf 61' lang='grc' dir='ltr'>πα).αιῶν,“οῦτε</span> <span class='ocrx_word' id='word_1_869' title='bbox 3889 5392 4044 5454; x_wconf 85' lang='grc' dir='ltr'>νέων,</span> <span class='ocrx_word' id='word_1_870' title='bbox 4105 5387 4191 5455; x_wconf 76' lang='grc' dir='ltr'>οἷς</span> <span class='ocrx_word' id='word_1_871' title='bbox 4224 5392 4288 5444; x_wconf 73' lang='grc' dir='ltr'>ἂν</span> <span class='ocrx_word' id='word_1_872' title='bbox 4321 5389 4381 5459; x_wconf 73' lang='grc' dir='ltr'><strong>ἦν</strong></span> 
     </span>
    </p>
   </div>
   <div class='ocr_carea' id='block_1_115' title="bbox 2808 5466 4381 5551">
    <p class='ocr_par' dir='ltr' id='par_1_115' title="bbox 2808 5466 4381 5551">
     <span class='ocr_line' id='line_1_115' title="bbox 2808 5466 4381 5551; baseline -0.002 -18"><span class='ocrx_word' id='word_1_873' title='bbox 2808 5480 3075 5548; x_wconf 78' lang='grc' dir='ltr'>συστῆσαι</span> <span class='ocrx_word' id='word_1_874' title='bbox 3108 5468 3264 5532; x_wconf 81' lang='grc' dir='ltr'>τοῦτο</span> <span class='ocrx_word' id='word_1_875' title='bbox 3296 5483 3356 5531; x_wconf 86' lang='grc' dir='ltr'><strong>τὸ</strong></span> <span class='ocrx_word' id='word_1_876' title='bbox 3384 5476 3583 5549; x_wconf 80' lang='grc' dir='ltr'>δόγμα,</span> <span class='ocrx_word' id='word_1_877' title='bbox 3614 5466 3688 5543; x_wconf 76' lang='grc' dir='ltr'>ὥς</span> <span class='ocrx_word' id='word_1_878' title='bbox 3722 5480 3942 5551; x_wconf 80' lang='grc' dir='ltr'>ἀληθές.</span> <span class='ocrx_word' id='word_1_879' title='bbox 3980 5483 4055 5533; x_wconf 77' lang='grc' dir='ltr'><strong>Οὐ</strong></span> <span class='ocrx_word' id='word_1_880' title='bbox 4088 5484 4381 5549; x_wconf 75' lang='grc' dir='ltr'>παραδείγο</span> 
     </span>
    </p>
   </div>
   <div class='ocr_carea' id='block_1_116' title="bbox 2810 5570 4381 5645">
    <p class='ocr_par' dir='ltr' id='par_1_116' title="bbox 2810 5570 4381 5645">
     <span class='ocr_line' id='line_1_116' title="bbox 2810 5570 4381 5645; baseline -0.001 -23"><span class='ocrx_word' id='word_1_881' title='bbox 2810 5588 2935 5641; x_wconf 89' lang='grc' dir='ltr'>μασι</span> <span class='ocrx_word' id='word_1_882' title='bbox 2967 5571 3268 5640; x_wconf 79' lang='grc' dir='ltr'>χρήσομαι,</span> <span class='ocrx_word' id='word_1_883' title='bbox 3299 5571 3359 5621; x_wconf 89' lang='grc' dir='ltr'><strong>οὑ</strong></span> <span class='ocrx_word' id='word_1_884' title='bbox 3390 5570 3769 5640; x_wconf 80' lang='grc' dir='ltr'>συλλογισμοῖς</span> <span class='ocrx_word' id='word_1_885' title='bbox 3801 5588 3814 5599; x_wconf 91' lang='grc'><strong>·</strong></span> <span class='ocrx_word' id='word_1_886' title='bbox 3869 5571 4024 5645; x_wconf 69' lang='grc' dir='ltr'>οὑὸεν</span> <span class='ocrx_word' id='word_1_887' title='bbox 4071 5571 4381 5638; x_wconf 67' lang='grc' dir='ltr'>ἐπιζητῆσαι</span> 
     </span>
    </p>
   </div>
   <div class='ocr_carea' id='block_1_117' title="bbox 2807 5663 4381 5733">
    <p class='ocr_par' dir='ltr' id='par_1_117' title="bbox 2807 5663 4381 5733">
     <span class='ocr_line' id='line_1_117' title="bbox 2807 5663 4381 5733; baseline -0.001 -17"><span class='ocrx_word' id='word_1_888' title='bbox 2807 5666 2916 5716; x_wconf 83' lang='grc' dir='ltr'>τῶν</span> <span class='ocrx_word' id='word_1_889' title='bbox 2950 5666 3188 5731; x_wconf 75' lang='grc' dir='ltr'>πάντων,</span> <span class='ocrx_word' id='word_1_890' title='bbox 3217 5663 3246 5716; x_wconf 79' lang='grc' dir='ltr'><strong>ὃ</strong></span> <span class='ocrx_word' id='word_1_891' title='bbox 3274 5664 3646 5733; x_wconf 82' lang='grc' dir='ltr'>συνηγόρησεν</span> <span class='ocrx_word' id='word_1_892' title='bbox 3678 5663 3742 5715; x_wconf 74' lang='grc' dir='ltr'>ἄν</span> <span class='ocrx_word' id='word_1_893' title='bbox 3784 5681 3872 5732; x_wconf 92' lang='grc' dir='ltr'><strong>μοι</strong></span> <span class='ocrx_word' id='word_1_894' title='bbox 3903 5664 4041 5733; x_wconf 46' lang='grc' dir='ltr'>,πρὶς</span> <span class='ocrx_word' id='word_1_895' title='bbox 4087 5664 4248 5715; x_wconf 77' lang='grc' dir='ltr'>τοῦτο</span> <span class='ocrx_word' id='word_1_896' title='bbox 4271 5664 4381 5728; x_wconf 72' lang='grc' dir='ltr'>δεῆ-</span> 
     </span>
    </p>
   </div>
   <div class='ocr_carea' id='block_1_118' title="bbox 2811 5742 4380 5829">
    <p class='ocr_par' dir='ltr' id='par_1_118' title="bbox 2811 5742 4380 5829">
     <span class='ocr_line' id='line_1_118' title="bbox 2811 5742 4380 5829; baseline -0.003 -19"><span class='ocrx_word' id='word_1_897' title='bbox 2811 5775 2930 5812; x_wconf 89' lang='grc' dir='ltr'>σαν.</span> <span class='ocrx_word' id='word_1_898' title='bbox 2956 5759 3129 5810; x_wconf 85' lang='grc' dir='ltr'>Ὅπου</span> <span class='ocrx_word' id='word_1_899' title='bbox 3158 5759 3267 5829; x_wconf 79' lang='grc' dir='ltr'>γὰρ</span> <span class='ocrx_word' id='word_1_900' title='bbox 3298 5760 3330 5827; x_wconf 79' lang='grc' dir='ltr'><strong>ἡ</strong></span> <span class='ocrx_word' id='word_1_901' title='bbox 3364 5757 3722 5827; x_wconf 78' lang='grc' dir='ltr'>αὑτοα).ἡθεια</span> <span class='ocrx_word' id='word_1_902' title='bbox 3756 5742 4109 5827; x_wconf 71' lang='grc' dir='ltr'>χρηματίζει,</span> <span class='ocrx_word' id='word_1_903' title='bbox 4139 5761 4380 5823; x_wconf 71' lang='grc' dir='ltr'>ἄντικρυς</span> 
     </span>
    </p>
   </div>
   <div class='ocr_carea' id='block_1_119' title="bbox 2813 5834 4375 5920">
    <p class='ocr_par' dir='ltr' id='par_1_119' title="bbox 2813 5849 4375 5920">
     <span class='ocr_line' id='line_1_119' title="bbox 2813 5849 4375 5920; baseline -0.001 -19"><span class='ocrx_word' id='word_1_904' title='bbox 2813 5851 3155 5920; x_wconf 71' lang='grc' dir='ltr'>βλασφημεῖν</span> <span class='ocrx_word' id='word_1_905' title='bbox 3192 5853 3337 5903; x_wconf 77' lang='grc' dir='ltr'>ἐστιν</span> <span class='ocrx_word' id='word_1_906' title='bbox 3374 5850 3674 5919; x_wconf 68' lang='grc' dir='ltr'>ἐπιχειρεῖν</span> <span class='ocrx_word' id='word_1_907' title='bbox 3704 5849 3931 5918; x_wconf 70' lang='grc' dir='ltr'>ἀμύνειν</span> <span class='ocrx_word' id='word_1_908' title='bbox 3965 5851 4038 5920; x_wconf 62' lang='grc' dir='ltr'>τις,</span> <span class='ocrx_word' id='word_1_909' title='bbox 4064 5852 4276 5917; x_wconf 69' lang='grc' dir='ltr'>ἐκείνης</span> <span class='ocrx_word' id='word_1_910' title='bbox 4300 5849 4375 5897; x_wconf 68' lang='lat'><strong>1&#39;3-</strong></span> 
     </span>
    </p>
   </div>
  </div>
