4526 6514
92 529 192 597 549

1469 514 1755 575 ORATIO
1784 513 1911 573 VII.

3226 510 3330 575 550

95 662 195 715 γῳ.
233 642 487 704 Ἐκείνοις
538 638 644 706 γὰρ
704 636 997 707 βοηθητέον
1048 634 1179 704 ἡμῖν
1230 631 1397 693 ιστιν,
1450 628 1542 689 οὒς
1591 626 1655 678 ἂν
1694 636 1727 685 Α

1538 646 1542 684 ς
1591 626 1655 678 ἂν
1694 636 1727 685 Α
1764 621 2094 688 blasphemia
2122 630 2223 679 est.
2247 623 2544 677 orationem
2574 623 2691 691 ejus
2722 624 2857 677 tueri
2891 624 3325 680 relle.Nuuirum

96 735 351 804 γνοίημεν
375 732 665 801 δεομένους
702 732 797 798 τῆς
827 729 954 797 παρ’
986 727 1144 796 ἡμῶν
1191 721 1529 792 συμμαχίας,
1570 719 1655 768 ἑλ-

93 826 261 887 λιπῶς
294 824 415 877 καθ’
436 824 614 876 ὁτιοῦν
636 822 854 892 ἔχοντας
878 820 1011 889 πρός
1038 835 1099 885 γε
1127 816 1187 869 τὸ
1231 814 1412 882 σφίσιν
1474 812 1656 871 αὐτοῖς

95 918 371 984 ἐπαρκεῖν.
406 915 526 982 Θεῷ
558 914 613 966 δὲ
638 914 721 975 τίς
750 910 1023 972 ἀσθένεια,
1081 908 1156 969 ὼς
1181 904 1385 959 δεῖσθαί
1421 919 1521 954 που
1556 902 1653 968 τῆς

96 1011 223 1078 παρ’
252 1007 405 1076 ἡμῶν
438 1006 691 1075 βοηθείας
719 1021 734 1068 ;
792 1003 951 1055 Ἀλλὰ
979 1001 1086 1069 γὰρ
1117 1000 1211 1053 καὶ
1251 996 1408 1050 τοῦτο
1456 993 1657 1060 παρέλ-

95 1116 191 1151 κον
220 1095 395 1166 οἶμαι,
419 1098 479 1148 τὸ
513 1097 607 1149 καὶ
644 1097 753 1157 τοῖς
787 1094 987 1159 ὀλίγοις
1026 1091 1233 1151 τούτοις
1264 1085 1495 1163 ἐνταῦθα
1518 1084 1654 1153 χρή-

96 1185 285 1237 σασθαι
312 1186 514 1250 λόγοις.
538 1183 634 1244 Τίς
665 1182 772 1249 γὰρ
798 1180 896 1232 οὐκ
932 1174 1094 1239 οἶδεν,
1127 1178 1202 1239 ὡς
1231 1177 1278 1227 εί
1305 1175 1402 1244 μὲν
1442 1172 1652 1242 ἀνθρώ-

93 1294 264 1341 πινον,
292 1276 352 1327 ού
379 1275 539 1327 καλόν
572 1291 587 1340 ;
624 1275 670 1325 εί
707 1272 761 1323 δὲ
804 1270 960 1333 Θεοῦ,
1012 1270 1105 1322 καὶ
1134 1266 1333 1331 καλόν;
1392 1264 1548 1331 Λέγω
1597 1262 1654 1315 δὲ

91 1365 425 1435 ἀνθρώπινον
457 1366 555 1436 μὲν
596 1364 656 1416 τὸ
699 1362 797 1430 τῆς
828 1361 919 1415 τοῦ
951 1360 1085 1414 Θεοῦ
1119 1357 1291 1429 ῥοπῆς
1324 1356 1654 1410 ’παντάπασι

90 1458 241 1524 ψιλὸν
269 1458 512 1511 δνοθεοῦ
538 1457 594 1509 δὲ
627 1455 722 1523 τὴν
756 1454 964 1507 ἐκείνου
1011 1452 1148 1520 πρὸς
1205 1450 1348 1518 ἡμᾶς
1390 1446 1655 1499 εὐδοκίαν.

90 1550 165 1601 Τὸ
186 1549 290 1617 γὰρ
317 1545 817 1615 ἐγκαταλελεῖφθαι,
856 1544 948 1595 καὶ
988 1542 1085 1608 τῆς
1138 1541 1303 1609 ὀργῆς
1334 1535 1500 1591 αὑτοῦ
1542 1553 1660 1587 πει-

90 1640 338 1708 ραθῆναι,
371 1640 660 1708 ἡμέτερον.
682 1638 814 1690 Οὐδὲ
846 1637 955 1705 γὰρ
994 1634 1154 1705 ἔργον
1189 1632 1344 1685 Θεοῦ.
1388 1630 1655 1694 Ἐκεῖνος

88 1732 198 1800 γὰρ
220 1730 582 1797 ἀπείραστός
604 1729 734 1782 ἐστι
764 1726 986 1792 κακῶν,
1028 1723 1281 1793 πειράζει
1310 1723 1379 1776 δὲ
1418 1722 1657 1786 οὐδένα,

89 1823 233 1877 κατὰ
261 1823 349 1873 τὸν
366 1820 731 1887 ’Δδελφόθεον.
754 1820 916 1871 Ὥστε
946 1820 1003 1871 τὸ
1029 1819 1208 1879 καλῶς
1226 1818 1396 1869 ποιεῖν
1420 1814 1658 1883 ἀτεχνῶς

1762 713 1838 767 illi
1868 713 2025 767 nobis
2058 713 2378 768 defendendi
2413 727 2564 779 sunt,
2595 732 2729 785 quos
2784 718 3132 785 intelligimus
3196 721 3331 772 indi-

1762 822 1887 877 gere
1916 816 2099 862 nostro
2124 809 2579 873 auxilio,viribus
2620 813 2797 878 aliqua
2828 822 2975 878 parte
2992 815 3328 877 deficientes,

1760 918 1867 971 qun
1905 903 2081 956 minus
2106 918 2260 970 opem
2298 903 2397 970 ipsi
2421 904 2519 957 sibi
2554 904 2697 958 ferre
2725 904 2954 971 possint.
3011 906 3077 957 At
3120 905 3169 957 in
3215 906 3326 959 Deo

1762 1010 2007 1062 quaenam
2036 1008 2119 1049 est
2151 997 2518 1061 imbecillitas,
2557 1008 2752 1053 nostra:
2798 1009 2853 1051 ut
2882 998 2997 1067 opis
3053 995 3330 1067 indigeat?

1762 1087 2059 1140 Enimvero
2122 1102 2579 1156 supervacaneum
2611 1090 2825 1144 etilltnl
2871 1090 3129 1154 arbitror,
3185 1093 3327 1156 quod

1760 1178 1924 1230 etiam
1988 1180 2273 1247 perpaucis
2303 1179 2451 1232 hisce
2482 1180 2661 1232 verbis
2703 1181 2801 1233 hoc
2843 1180 2959 1235 loco
2985 1182 3157 1235 simus
3220 1185 3327 1236 usi.

1760 1269 1895 1334 Quis
1923 1272 2065 1323 enim
2099 1271 2335 1339 ignorat,
2373 1270 2417 1324 si
2449 1271 2576 1339 quid
2614 1257 2911 1324 humanum
2959 1274 3049 1334 sit,
3074 1288 3178 1324 non
3207 1288 3329 1325 esse

1765 1364 2120 1416 honum‘lsin.
2155 1362 2270 1426 Dei,
2327 1362 2525 1417 bonum
2580 1363 2735 1417 esse?
2788 1362 3096 1416 Humanum
3149 1374 3328 1417 autem

1762 1455 1812 1507 id
1844 1456 2072 1522 appello,
2110 1455 2249 1522 quod
2277 1455 2477 1509 auxilio
2529 1455 2623 1508 Dei
2661 1456 2819 1523 plane
2848 1454 3164 1508 destituitur
3199 1472 3214 1509 :
3254 1456 3333 1507 di-

1761 1547 1949 1598 vinum
1982 1560 2126 1608 vero,
2161 1537 2333 1613 ipsius
2364 1559 2489 1612 erga
2526 1559 2622 1597 nos
2654 1544 3098 1611 propensionem.
3125 1541 3331 1612 Quippe

1763 1638 1961 1700 deseri,
1994 1649 2151 1704 atque
2180 1639 2314 1688 iram
2378 1636 2550 1703 ipsius
2611 1637 2866 1699 experiri,
2924 1645 3164 1689 nostrum
3224 1649 3331 1690 est.

1762 1725 2121 1795 Nequiteuim
2152 1725 2244 1780 Dei
2272 1725 2372 1780 hoc
2396 1740 2530 1795 Opus
2559 1740 2705 1781 esse.
2737 1726 2867 1779 Nam
2898 1722 3037 1780 Deus
3064 1729 3328 1780 malorum

1762 1832 1957 1887 expers
2013 1829 2117 1880 est,
2181 1827 2236 1872 et
2286 1818 2558 1871 neminem
2622 1826 2815 1882 tentat,
2870 1819 3325 1887 quemadmodum

88 1918 242 1985 παρά
281 1912 416 1967 Θεοῦ
449 1916 563 1975 τοῖς
585 1910 911 1980 ἀνθρώποις,
946 1910 1006 1962 τὸ
1036 1909 1092 1961 δὲ
1123 1909 1304 1967 κακῶς
1352 1908 1408 1972 ἐξ
1451 1906 1659 1976 ἀνθρώ-
1693 1983 1713 1985 ᾲ
1766 1910 1875 1963 [νει.

1539 1906 1659 1976 ιρώ-
1693 1983 1713 1985 ῃ
1766 1910 1932 1964 frater
1959 1909 2045 1963 ille
2080 1909 2281 1963 Christi
2332 1910 2595 1977 loquitur.
2632 1908 2784 1962 Unde
2822 1910 3112 1979 co'ligitur,
3165 1925 3326 1977 opera

88 1983 232 2070 πων,
273 2006 482 2073 καὶτῆς
507 2000 877 2070 προαιρέσεως
913 1998 1101 2069 μόνης.
1153 1999 1264 2051 Kal
1293 1998 1339 2049 εἰ
1372 1996 1656 2049 κάλλιστόν
1690 1983 1732 2038 Β
1763 2001 1866 2054 bon

1536 1996 1656 2046 στὸν
1690 1983 1732 2038 Β
1763 2001 1903 2054 bona
1927 1998 2093 2051 dubio
2126 1996 2312 2065 procul
2340 1998 2395 2048 in
2427 1997 2735 2050 hominibus
2770 2013 2797 2049 a
2831 1998 2939 2050 Deo
3008 1996 3277 2064 prolieisci
3310 2012 3323 2048 :

85 2101 203 2152 ἐστι
225 2098 285 2149 τὸ
313 2096 405 2148 ἐπὶ
455 2096 572 2156 ταῖς
624 2092 854 2159 ἀγαθαῖς
910 2092 1141 2162 πράξεσι
1191 2090 1655 2159 ταπεινοφρονεῖν,

87 2188 279 2255 σαφῶς
318 2186 410 2238 καὶ
432 2185 575 2239 τοῦθ’
606 2186 735 2254 ἡμῖν
764 2182 941 2252 πολλῷ
999 2199 1063 2250 γε
1105 2182 1324 2251 μᾶλλον,
1362 2182 1437 2244 ὡς
1488 2180 1547 2233 δν
1598 2197 1657 2247 γε

90 2280 213 2349 μεθ’
265 2278 566 2348 ὑπερϐολῆς
621 2276 845 2343 ἀγαθόν.
901 2276 1008 2327 Καὶ
1070 2275 1191 2327 ἐπεὶ
1216 2276 1369 2327 ταυτὶ
1417 2273 1659 2338 ξυνδοκεῖ

88 2368 232 2432 (πῶς
259 2369 365 2439 γάρ
397 2367 457 2421 οὗ
494 2366 557 2437 ;),
586 2367 646 2420 οὐ
676 2368 755 2419 δεῖ
782 2366 871 2418 τὸν
902 2350 1273 2433 κατορθοῦντα
1308 2364 1653 2434 ἐπαίρεσθαι.

86 2462 155 2513 El
218 2462 325 2530 γὰρ
374 2460 639 2530 ἐφ’ἠμῶν
670 2462 775 2533 τῶν
819 2456 1117 2527 ἀνθρώπων
1162 2459 1339 2520 οὐδεὶς
1398 2456 1463 2510 ἂν
1519 2459 1659 2527 μέγα

86 2554 224 2605 ποτὲ
252 2553 568 2622 φρονήσειεν
598 2551 1017 2620 ἀριστεύσαντος
1050 2550 1235 2618 ἑτέρου
1266 2549 1489 2617 (πόθεν;
1535 2549 1661 2601 πολ-

86 2644 187 2696 λοῦ
224 2660 287 2711 γε
309 2644 402 2696 καὶ
429 2642 552 2713 δεῖ),
581 2643 696 2704 πῶς
734 2642 799 2695 ἂν
845 2641 929 2710 εῖη
961 2642 1167 2694 δίκαιον
1198 2641 1657 2710 ὑψηλοφρονῆσαι,

83 2736 187 2789 τοῦ
222 2735 355 2788 Θεοῦ
376 2733 801 2804 κατωρθωκότος
842 2733 907 2784 δι’
958 2731 1113 2803 ἡμῶν
1144 2732 1207 2785 τὸ
1259 2732 1399 2801 ὑπὲρ
1460 2731 1658 2799 ήμῶν;

97 2827 249 2879 Ἀλλ’
278 2829 393 2895 ἐρεῖ
421 2843 503 2889 τις
539 2826 667 2889 ἴσως
699 2827 951 2896 αρπάσας
984 2825 1064 2889 τὸ,
1098 2824 1173 2876 Δι’
1208 2824 1388 2893 ἡμῶν,
1427 2824 1502 2886 ὡς
1554 2824 1661 2890 ἀρα

83 2936 145 2971 τι
177 2918 366 2970 καὶτὸ
410 2917 673 2987 ἡμέτερον
722 2916 1085 2987 συνεισφέρει.
1147 2916 1495 2984 Συνεισφέρει
1540 2914 1658 2983 μὲν,

82 3007 135 3066 ὦ
164 3012 281 3074 τᾶν,
309 3009 499 3063 Οὐδὲν
529 3009 581 3059 δὲ
605 3007 787 3076 ἔχεις,
821 3008 1006 3075 φησὶν,
1045 3006 1076 3059 ὃ
1123 3009 1233 3060 οὐκ
1286 3006 1519 3069 ἔλαϐες.
1584 3004 1659 3056 Τὰ

85 3107 203 3175 γὰρ
239 3103 434 3155 πάντα
465 3102 531 3155 ἐκ
566 3101 733 3157 Θεοῦ.
770 3102 876 3154 Καὶ
898 3101 1079 3163 αὐτός
1098 3100 1270 3153 ἐστιν
1321 3103 1353 3153 ό
1400 3098 1662 3172 ἐνεργῶν

84 3198 163 3250 ἐν
191 3196 337 3263 ἡμῖν
365 3194 460 3249 καὶ
491 3195 556 3249 τὸ
602 3192 802 3247 θέλειν
839 3193 934 3245 καὶ
969 3192 1034 3244 τὸ
1065 3192 1334 3260 ἐνεργεῖν
1370 3190 1520 3258 ὑπὲρ
1552 3189 1659 3257 τῆς

1764 2088 1903 2143 mala
1943 2078 2072 2142 ὕει-ο
2151 2088 2219 2141 ab
2258 2087 2589 2153 hominibus,
2623 2097 2676 2142 et
2709 2088 3014 2141 animorum
3066 2090 3332 2140 duntaxat

1764 2180 2034 2235 instituto.
2066 2180 2143 2234 Ac
2165 2180 2209 2234 si
2243 2180 2663 2250 pulcherrimum
2691 2180 2941 2248 quiddam
2963 2188 3067 2244 est,
3098 2180 3147 2233 in
3178 2194 3334 2248 egre-

1762 2274 1863 2342 giis
1891 2271 2047 2327 factis
2072 2274 2349 2326 humiliter
2385 2286 2505 2326 sese
2535 2286 2765 2341 gerere:
2796 2288 2898 2323 non
2935 2272 3157 2325 dubium
3222 2282 3325 2333 est,

1763 2365 1865 2419 hoc
1898 2366 2073 2431 ipsum
2101 2380 2313 2434 quoque
2360 2363 2515 2418 nobis
2544 2379 2571 2415 a
2598 2363 2706 2417 Deo
2735 2362 2900 2416 multo
2934 2364 3103 2432 magis
3138 2379 3333 2417 conce-

1762 2458 1836 2521 di,
1874 2474 1995 2510 cum
2031 2458 2287 2509 eximium
2333 2457 2531 2509 bonum
2565 2455 2653 2509 sit.
2687 2455 2863 2523 Atque
2893 2455 2976 2508 his
3014 2457 3326 2509 necessario

1760 2566 1882 2604 cum
1912 2549 2161 2603 assentiri
2186 2563 2467 2613 cogamur,
2494 2550 2586 2616 qui
2624 2561 2713 2601 res
2736 2547 3023 2615 praeclaras
3052 2548 3182 2612 agit,
3216 2547 3335 2599 ani-

1764 2658 1850 2697 mo
1882 2658 1986 2697 non
2016 2642 2174 2695 debet
2209 2641 2414 2696 efferri.
2466 2640 2598 2692 Nam
2629 2640 2673 2693 si
2723 2653 2825 2692 nos
2888 2641 3029 2692 inter
3083 2638 3331 2691 homines

1764 2735 1945 2789 nullus
1973 2748 2210 2801 unquam
2240 2740 2531 2800 propterea
2574 2731 2855 2798 magnifice
2888 2731 2954 2783 de
2986 2746 3044 2785 se
3080 2728 3333 2788 senserit.

1763 2828 1907 2895 quod
1936 2826 2074 2879 alius
2108 2826 2323 2895 egregie
2350 2840 2407 2879 se
2434 2825 2606 2893 gessit
2659 2824 2787 2893 (quo
2831 2826 2971 2877 cnim
3003 2822 3171 2891 jure?
3211 2823 3332 2875 littl-

1763 2914 1815 2969 lo
1845 2918 2055 2981 certe);
2088 2916 2306 2985 quinam
2342 2917 2506 2970 fuerit
2558 2931 2768 2984 aequum
2799 2915 3047 2969 sublimia
3104 2930 3203 2967 nos
3265 2915 3332 2967 de

1765 3008 2034 3062 nobismet
2061 3009 2286 3069 sentire,
2316 3024 2439 3063 cum
2499 3007 2641 3062 Deus
2688 3022 2784 3076 per
2850 3023 2948 3061 nos
2998 3008 3129 3061 utile
3180 3008 3333 3060 nobis

1762 3116 1897 3168 opus
1920 3100 2127 3155 ellicit?
2164 3099 2286 3155 .Sed
2315 3101 2459 3154 dicet
2527 3100 2757 3155 fortasse
2814 3102 3106 3170 quispiam,
3169 3111 3328 3170 rapto

1764 3193 1860 3249 illo
1900 3195 2298 3253 verbnnostro,
2344 3192 2447 3246 Per
2510 3209 2646 3258 nos;
2698 3194 2799 3246 hoc
2860 3195 3037 3261 ipsum
3102 3194 3329 3258 St‘ilit'et,

82 3289 393 3353 εὐδοκίας.
431 3288 558 3352 Kal,
605 3288 706 3340 Ἔν
734 3285 1013 3350 αὐτῷκαὶ
1051 3283 1255 3353 ζῶμεν,
1308 3281 1408 3334 καί
1457 3284 1654 3335 κινούο
1686 3306 1732 3364 α
1765 3287 1869 3340 etia

1545 3284 1654 3335 ’σύο
1686 3306 1732 3364 α
1765 3287 1928 3340 etiam
1968 3296 2207 3339 nostrum
2239 3287 2444 3355 aliquid
2484 3303 2668 3341 secum
2698 3287 2929 3342 inferre.
2999 3289 3143 3344 Sane
3204 3304 3332 3341 vero

77 3383 267 3449 μεθα,
314 3379 409 3431 καὶ
435 3378 645 3445 ἐσμέν.
675 3378 780 3428 Kal
814 3378 946 3436 ὅλως
979 3375 1037 3427 αἰ
1067 3393 1124 3427 τε
1144 3374 1335 3441 ψυχαὶ,
1364 3372 1431 3424 τά
1468 3388 1526 3423 τε
1559 3372 1661 3425 σώ-

84 3488 265 3540 ματα,
295 3474 384 3531 καὶ
414 3470 470 3521 αἱ
508 3468 649 3521 κατά
684 3468 815 3521 Θεὸν
842 3467 1085 3537 πράξεις,
1108 3468 1202 3519 καὶ
1232 3466 1367 3534 ὅπερ
1405 3465 1469 3517 ἂν
1502 3463 1662 3534 μετέ-

82 3580 187 3631 χον
210 3561 297 3631 εἴη
319 3560 556 3631 χρηστοῦ
590 3577 752 3625 τινος,
802 3559 1098 3627 οὐδαμόθεν
1135 3559 1393 3626 ἀτεχνῶς,
1436 3558 1469 3626 ἢ
1514 3557 1662 3627 παρὰ

80 3652 230 3705 Θεοῦ
272 3654 381 3712 τοῖς
416 3651 748 3720 ἀνθρώποις.
793 3650 957 3702 ’Ὥστε
989 3650 1085 3702 καὶ
1145 3649 1206 3700 τὸ
1240 3648 1663 3717 συνεισφερόμε-

81 3762 206 3809 νον,
247 3744 341 3796 καὶ
367 3744 498 3795 αὐτὸ
522 3742 582 3794 τὸ
617 3744 1043 3809 συνεισενεγκεῖν
1076 3740 1494 3809 προθυμεῖσθαι,
1546 3738 1662 3790 θεό-

80 3838 187 3888 θεν
213 3837 367 3904 ἡμῖν.
400 3836 509 3887 Καὶ
537 3834 615 3885 δεῖ
664 3850 727 3900 γε
779 3833 916 3903 ὑπὲρ
976 3832 1181 3884 τούτων
1230 3833 1426 3884 εἰδέναι
1480 3832 1659 3899 χάριν,

76 3930 217 3998 οὐχὶ
244 3928 655 3997 ὑψηλοφρονεῖν.
691 3927 797 3979 Kal
822 3926 873 3978 τί
914 3925 1082 3978 ταῦτα
1140 3926 1310 3993 λέγω;
1362 3926 1495 3977 ὅπου
1563 3925 1653 3977 καὶ

76 4019 187 4075 τοῦ
220 4020 309 4072 διὰ
334 4018 631 4088 μαρτυρίου
661 4018 893 4071 θανάτου
920 4018 1012 4069 τὸν
1036 4016 1168 4069 Θεὸν
1192 4018 1461 4069 αἰτιατέον
1520 4017 1659 4078 ἐστὶ,

77 4109 187 4164 καὶ
222 4108 321 4179 τὴν
348 4108 634 4178 μεγίστην,
659 4106 809 4177 αύτῷ
835 4107 928 4160 καὶ
946 4107 1086 4176 ὑπὲρ
1120 4105 1310 4157 τούτου
1338 4105 1497 4175 χάριν
1524 4105 1661 4157 εἰδέ-

76 4218 183 4256 ναι
215 4198 526 4267 ὀφείλομεν,
561 4200 613 4252 ef
637 4216 720 4261 τις
750 4198 992 4267 ἀκριϐῶς
1045 4200 1363 4267 σκοπήσειε,
1411 4200 1504 4251 καὶ
1562 4199 1661 4250 οὐκ

75 4295 306 4363 οἰητέον
332 4293 522 4346 τούτου
545 4292 706 4361 χάριν
731 4292 894 4345 αὐτὸν
919 4292 1197 4360 ὀφειλέτην
1240 4292 1369 4359 ἡμῖν
1400 4290 1659 4343 καθιστά-

76 4406 204 4441 ναι.
238 4385 321 4439 Τὰ
346 4385 454 4455 γὰρ
487 4385 661 4437 πάντα
701 4383 762 4435 ἑκ
795 4382 953 4445 Θεοῦ,
986 4381 1167 4443 καθὼς
1192 4382 1242 4433 οἱ
1274 4380 1508 4450 πρόσθεν
1531 4380 1661 4449 ἡμῖν

79 4481 286 4547 σαφῶς
321 4476 605 4540 ἀπέδειξαν
635 4476 804 4543 λόγοι.
837 4476 899 4527 Εἰ
930 4474 1035 4543 γὰρ
1068 4474 1145 4544 τῷ
1173 4474 1362 4544 ῥήτορι
1400 4474 1549 4527 δοκεῖ
1585 4468 1663 4526 εἷ-

76 4592 178 4626 ναι
202 4570 312 4625 τῶν
336 4569 547 4637 φύντων
574 4568 745 4620 αῖτιον
774 4566 865 4618 τὸν
913 4565 1261 4635 παρασχόντα
1314 4565 1378 4618 τὸ
1415 4567 1656 4635 σπέρμα,

75 4668 185 4721 καὶ
214 4668 243 4718 ό
272 4665 426 4730 λόγος
460 4658 551 4732 ἦν,
577 4662 637 4713 ού
666 4660 792 4729 περὶ
817 4660 973 4723 Θεοῦ,
998 4660 1132 4712 ἀλλὰ
1159 4660 1288 4728 περὶ
1316 4660 1619 4728 ἀνθρώπων
1647 4674 1661 4689 ο
1697 4642 1740 4695 ί)

74 4761 212 4819 πῶς
234 4756 356 4825 οὐχὶ
391 4754 499 4807 τῶν
532 4755 587 4805 ιν
609 4755 740 4821 ἡμῖν
765 4751 987 4818 ἀγαθῶν
1009 4752 1224 4804 πάντων
1276 4750 1368 4804 τὸν
1400 4748 1535 4803 Θεὸν
1581 4752 1661 4803 αἱ·

74 4848 351 4909 τιατὲονξ
393 4847 522 4898 ὄντα
558 4843 656 4913 μὲν
680 4841 1031 4911 δημιουργὸν,
1092 4843 1219 4893 ὅντα
1276 4841 1333 4893 δὲ
1369 4840 1660 4910 κηδεμόνα,

76 4942 187 4994 καὶ
227 4936 454 5006 ταμίαν,
482 4936 575 4987 καὶ
601 4933 804 5003 δοτῆρα
836 4933 1049 4986 πάντων
1082 4932 1205 4999 ἑξῆς
1242 4931 1347 4984 τῶν
1382 4932 1461 4993 είς
1515 4932 1663 5000 ἡμᾶς

76 5032 178 5087 ἀεὶ
207 5025 616 5097 γινομένων.υύ
654 5026 760 5095 μὴν
789 5023 902 5075 ἀλλ’
942 5023 1000 5075 ἓν
1025 5039 1083 5090 γε
1116 5023 1195 5075 ἔτι
1236 5022 1480 5075 λείπεται
1513 5022 1666 5092 βέλος

74 5124 202 5182 τοῖς
257 5116 638 5187 ὑπερηφανίαν
691 5113 903 5166 νοσοῦσι
934 5129 947 5141 ·
997 5116 1089 5167 καὶ
1134 5113 1290 5165 τοῦτό
1322 5131 1383 5179 γε
1434 5113 1664 5165 ῦστατον

79 5215 191 5283 μὲν
237 5208 565 5279 (κεκένωται
588 5208 696 5277 γὰρ
725 5207 905 5267 αὐτοῖς
936 5206 969 5273 ἡ
1000 5204 1268 5274 φαρέτρα)
1299 5199 1410 5257 οἷον
1439 5204 1494 5256 δὲ
1525 5220 1667 5273 παρ-

75 5303 244 5369 έχειν
295 5296 556 5360 ἐλπίζειν,
589 5295 665 5357 ὡς
698 5294 806 5364 ἄρα
861 5292 1121 5363 τρώσειεν
1177 5294 1397 5362 ἀφεθέν.
1453 5295 1664 5347 Οὐκοῦν

72 5395 192 5446 κᾶν
250 5388 410 5441 τοῦτο
468 5390 578 5450 τοῖς
624 5386 980 5457 προλαϐοῦσιν
1050 5385 1453 5453 ἀκολουθῆσαν,
1502 5389 1665 5459 μηδὲν

79 5481 331 5551 ἰσχῦσαν
379 5480 543 5547 φανῇ,
593 5476 706 5530 ἀλλ’
756 5477 1035 5545 ἄπρακτον
1078 5476 1327 5547 ἐξενεχθῇ
1377 5482 1490 5541 τοῖς
1544 5480 1666 5532 καθ’

73 5571 257 5641 ἡμῶν
317 5570 572 5635 ἀφιεῖσιν,
612 5566 698 5637 εῐη
742 5566 808 5620 ἀν
845 5568 874 5620 ό
930 5568 1084 5635 λόγος
1132 5564 1287 5631 οὗτος
1320 5571 1501 5634 καλῶς
1531 5574 1666 5641 ἡμῖν

72 5660 652 5728 συμπεπερασμένος.
690 5659 798 5711 Kal
826 5658 891 5728 δὴ
917 5658 978 5710 τὸ
1002 5657 1152 5727 βέλος
1199 5661 1448 5724 ἐκείνοις,
1475 5662 1536 5714 τὸ
1566 5663 1666 5727 φά-

71 5767 248 5804 σκειν
293 5743 455 5818 οἶμαι
500 5749 696 5812 τοιάδε,
737 5748 816 5801 ὅτι
869 5751 937 5801 τὰ
987 5753 1085 5818 μὲν
1135 5751 1439 5821 ἀνθρώποις
1492 5754 1666 5823 ἐξειρ-

69 5842 369 5911 γασμένα,
404 5843 451 5893 εί
514 5841 613 5908 μιν
660 5840 929 5911 παραθείη
988 5858 1070 5905 τις
1118 5844 1235 5905 ταῖς
1279 5845 1384 5896 ἀπὸ
1411 5844 1503 5897 τοῦ
1530 5846 1664 5899 Θεοῦ

70 5934 337 6006 χάρισιν,
377 5929 524 5984 οὐδὲν
578 5929 703 5985 ὄντα
742 5931 981 6000 εὑρήσει.
1018 5930 1217 5994 Ἄλλως
1266 5932 1393 6001 γὰρ,
1444 5932 1541 5986 οὐκ
1600 5934 1664 5987 ἂν

1766 3379 1834 3430 ita
1861 3387 1965 3441 est,
1998 3394 2028 3431 o
2063 3379 2221 3431 hone.
2287 3377 2391 3431 Sed
2453 3379 2527 3431 πεί
2562 3380 2736 3442 habes,
2804 3381 2976 3449 inquit
3022 3382 3330 3449 Apostolus.

1763 3473 1899 3539 quod
1940 3488 2041 3523 non
2104 3472 2371 3539 accepisti.
2398 3470 2478 3523 Ea:
2518 3472 2619 3524 Deo
2644 3489 2865 3542 namque
2919 3476 3116 3527 omnia.
3194 3473 3327 3525 Deus

1762 3571 1858 3617 est.
1885 3564 1974 3629 qui
2003 3563 2149 3630 efﬁcit
2176 3563 2227 3613 in
2259 3564 2430 3626 nobis,
2458 3574 2505 3615 et
2535 3573 2591 3615 ut
2626 3563 2861 3625 velimus,
2920 3576 2965 3617 σι
2998 3574 3053 3618 ιιι
3096 3566 3336 3634 perﬁciu-

1764 3670 1899 3720 mtts,
1938 3671 2030 3721 pro
2060 3671 2156 3706 sua
2188 3656 2240 3706 in
2284 3672 2375 3707 nos
2404 3658 2768 3723 propensione.
2807 3656 2938 3709 Item
2977 3674 2989 3709 :
3030 3655 3093 3708 In
3137 3659 3248 3724 ipso
3287 3664 3334 3708 et

1764 3748 2002 3811 vivimus,
2064 3756 2109 3799 et
2148 3762 2430 3805 movemur,
2463 3756 2512 3798 et
2542 3763 2744 3800 sumus.
2796 3746 2873 3799 Ad
2912 3761 3178 3800 summam
3203 3786 3218 3809 ,
3284 3757 3338 3797 οι

1766 3842 2000 3901 animos,
2037 3848 2090 3892 et
2117 3853 2368 3904 corpora,
2403 3837 2841 3891 elactionesl)eo
2870 3846 3070 3904 gratas,
3100 3848 3149 3891 et
3171 3838 3334 3905 quid-

1766 3930 1895 3998 quid
1934 3931 2056 3984 boni
2080 3931 2350 3997 particeps
2381 3937 2485 3992 est,
2518 3944 2782 3997 nusquam
2819 3929 3037 3983 aliunde
3070 3931 3331 3983 mortales

1764 4023 1967 4076 habent
2027 4036 2185 4089 quam
2219 4035 2246 4073 a
2283 4021 2411 4073 Deo.
2453 4020 2797 4089 Quapropter
2845 4030 2897 4073 et
2929 4020 3073 4089 quod
3124 4036 3155 4075 a
3182 4022 3337 4076 nobis

1765 4116 2068 4178 confertur,
2104 4122 2159 4166 et
2194 4113 2307 4181 ipsa
2340 4112 2612 4180 cupiditas
2660 4112 3003 4179 conferendi,
3076 4115 3336 4168 divinitus

1766 4208 1922 4262 nobis
1953 4206 2290 4261 coitceditur.
2326 4204 2570 4270 Quorum
2623 4220 2755 4259 sane
2792 4221 2954 4259 causa
2985 4208 3337 4261 suuthaben-

1766 4301 1845 4352 dae
1879 4297 2086 4367 gratim,
2127 4312 2230 4349 non
2270 4296 2719 4364 superbiendum.
2757 4297 2821 4351 Et
2855 4299 2982 4367 quid
3014 4300 3127 4353 lucc
3159 4300 3338 4367 profe-

1767 4404 1827 4443 ro
1873 4390 1894 4442 ί
1921 4388 2135 4457 quando
2156 4388 2319 4440 etiam
2347 4388 2536 4449 mortis
2560 4388 2722 4441 obita:
2753 4388 2806 4441 in
2846 4390 3108 4458 martyrio
3169 4405 3333 4444 causa

1765 4483 1959 4537 referri
1983 4480 2049 4534 ad
2086 4481 2249 4533 Deum
2309 4479 2495 4543 debet,
2546 4480 2906 4548 maximasque
2958 4481 3032 4533 illi
3074 4481 3337 4536 habendae

1768 4583 2058 4644 propterea
2100 4555 2311 4641 gratiae,
2334 4572 2379 4625 si
2407 4572 2528 4639 quis
2566 4582 2821 4625 accurate
2845 4588 2955 4625 rem
2992 4574 3335 4641 consideret;

1773 4681 1873 4720 nec
1900 4665 2102 4719 idcirco
2140 4662 2462 4730 putandum,
2496 4671 2685 4715 nostro
2713 4662 2763 4713 in
2800 4676 2906 4716 tere
2963 4662 3133 4716 Deum
3188 4680 3332 4721 esse.

1770 4755 1903 4809 Nam
1935 4772 1966 4811 ε
2010 4756 2118 4808 Deo
2148 4753 2569 4822 proliciscuntur
2619 4754 2827 4817 omnia,
2873 4756 3329 4823 quemadmodum

1773 4850 2002 4901 antehac
2029 4847 2173 4901 clare
2195 4844 2565 4914 probavimus.
2593 4843 2802 4913 Quippe
2823 4849 2867 4899 si
2896 4847 3099 4900 oratori
3122 4852 3337 4905 videtur

1772 4954 1981 5001 eorum,
2018 4954 2133 5006 qua:
2157 4948 2285 4990 nata
2312 4937 2440 4995 sint.
2472 4936 2538 4989 ad
2593 4937 2741 4990 illum
2808 4940 3092 4995 referenda
3147 4958 3333 5009 causa,

1773 5030 1863 5097 qui
1895 5046 2076 5083 semen
2110 5030 2490 5097 suppeditarit,
2524 5030 2613 5081 ubi
2670 5030 2885 5097 quidem
2922 5048 3029 5085 non
3090 5034 3156 5088 de
3206 5037 3336 5103 Deo,

1773 5122 1864 5175 sed
1900 5121 2211 5175 hominibus
2243 5122 2476 5189 loquitur
2510 5140 2523 5173 :
2558 5136 2667 5189 quo
2723 5133 2881 5190 pacto
2938 5140 3042 5177 non
3088 5129 3336 5182 omnium

1773 5212 2037 5266 bonorum
2064 5213 2113 5263 in
2149 5213 2305 5265 nobis
2332 5213 2473 5265 Deus
2502 5223 2697 5265 auctor
2757 5212 3089 5268 habendus?
3141 5220 3230 5285 qui
3286 5229 3339 5271 et

1772 5302 1950 5372 opifex
2002 5316 2186 5357 noster
2224 5316 2335 5367 est,
2393 5314 2446 5357 et
2510 5320 2696 5357 curam
2752 5308 2921 5359 nostri
2989 5310 3152 5375 gerit,
3212 5326 3342 5379 sup«

1774 5394 1979 5463 peditat
2003 5406 2164 5461 atque
2196 5395 2426 5461 largitur
2453 5398 2658 5458 omnia,
2695 5413 3032 5466 quzecunque
3061 5413 3333 5469 perpetuo

1774 5486 1932 5541 nobis
1970 5485 2623 5540 obvenitittt.tEttimvero
2648 5488 2809 5540 telum
2846 5490 3022 5545 adhuc
3053 5507 3218 5546 unum
3254 5511 3339 5548 re-

1773 5583 1881 5629 stat
1947 5576 2212 5643 superbiae
2290 5578 2481 5629 morbo
2543 5576 2942 5643 laborantibus,
3015 5590 3070 5633 et
3129 5592 3340 5651 postre-

1774 5680 1922 5721 mum
1945 5666 2000 5719 id
2034 5665 2253 5734 quidem
2290 5668 2437 5736 (nam
2472 5668 2737 5721 exhausta
2776 5669 3017 5735 ipsorum
3061 5680 3141 5725 est
3206 5674 3342 5739 pha-

1776 5756 1967 5823 retra),
2004 5761 2146 5825 quod
2173 5767 2354 5811 tamen
2390 5773 2539 5826 spem
2577 5758 2823 5828 aliquam
2863 5763 3120 5829 praebeat,
3181 5767 3337 5833 quasi

1773 5849 1968 5903 vulnus
1992 5849 2064 5903 sit
2094 5851 2445 5915 indictorum,
2479 5851 2523 5904 si
2550 5853 2857 5909 emittatur.
2890 5854 3078 5924 itaque
3130 5857 3174 5910 si
3237 5859 3337 5913 hoc

1774 5939 1935 5994 etiam
1970 5950 2215 5995 secutum
2238 5942 2624 6011 praecedentia,
2686 5943 2857 5997 nullas
2898 5944 3152 6002 habuisse
3204 5949 3343 6003 vires
