4526 6514
150 576 260 640 553
1517 564 1798 627 ORATIO
1837 566 1912 625 VI
1926 566 1971 624 Ι.

165 690 272 759 μὴν
294 687 345 740 οἱ
369 684 711 754 σεσωσμένοι
755 683 850 735 καὶ
879 680 971 734 τὸν
997 680 1104 733 τῶν
1133 679 1350 746 ἄστρων
1384 677 1616 747 ἀριθμὸν
1640 677 1715 744 τῷ
1748 684 1794 737 Α
1823 691 1952 742 sttpp

1611 677 1715 744 ’τῷ
1748 684 1794 737 Α
1823 675 2145 742 supplicium
2208 685 2404 741 manet,
2447 677 2514 730 ab
2564 677 2716 732 initio
2768 678 2935 735 malos
2993 680 3224 747 scilicet,
3263 685 3398 737 alios

153 780 344 849 πλήθει
387 773 824 846 παρεληλύθασι.
882 767 993 826 Καὶ
1024 771 1089 824 σὺ
1149 769 1308 831 αὐτὸς
1359 768 1714 854 εἴρηκας,ὡς
1819 775 1940 820 aute

1637 768 1714 831 ὡς
1819 775 1995 820 autem
2030 763 2272 820 addictos
2328 766 2536 830 virtuti,
2566 771 2654 837 qui
2695 771 2884 825 deinde
2943 788 3000 826 se
3031 775 3229 829 virtute
3262 790 3398 844 prte-

151 869 280 930 τοὺς
319 868 420 936 μὲν
446 865 687 933 φαύλους
714 865 748 933 ὴ
773 862 1014 923 κόλασις,
1059 862 1186 922 τοὺς
1209 859 1255 911 δ’
1279 859 1307 911 ὁ
1353 859 1513 929 χορὸς
1569 857 1716 910 ἑκδὲ-
1819 857 1934 910 (lito

1614 857 1716 908 ιδὲ-
1819 857 1962 910 ditos
2006 860 2360 925 agnoverunt,
2393 862 2668 916 humiliter
2707 862 2773 916 de
2810 878 2866 916 se
2896 866 3098 920 sentire
3158 882 3263 920 non
3315 879 3401 921 cst

153 977 309 1030 χιται
335 959 446 1011 τῶν
488 956 776 1026 μακαρίων
822 952 1058 1024 ἀνδρῶν.
1120 952 1284 1004 Ὥστε
1329 967 1423 1003 σου
1464 951 1560 1002 καὶ
1597 951 1717 1012 ταῖς
1820 961 1940 1017 poss

1608 951 1717 1012 ταῖς
1820 948 2093 1017 possibile,
2124 957 2286 1020 atque
2345 956 2442 1004 hos
2476 968 2662 1008 rursus
2746 954 2887 1010 inter
2940 957 3111 1012 malos
3177 961 3395 1016 refers:

155 1053 338 1105 θέσεσι
363 1050 714 1119 διαμάχεται,
741 1042 823 1110 οἷς
847 1063 909 1113 γε
944 1046 1117 1106 δοκεῖς
1154 1041 1345 1106 αὐταῖς
1376 1042 1715 1111 ἐπαμύνειν,
1823 1055 1919 1094 ιιθο

1614 1058 1715 1104 ειν,
1823 1055 1919 1094 nec
1955 1041 2180 1095 inveniri
2207 1043 2480 1097 humilitas
2511 1046 2560 1097 in
2601 1047 2705 1100 vita
2764 1050 2980 1116 poterit,
3007 1066 3103 1104 ncc
3131 1053 3270 1104 inter
3301 1054 3401 1106 ho-

155 1147 248 1199 καὶ
294 1147 550 1213 γίγνεται
611 1139 881 1196 πάντοθεν
937 1137 1132 1206 σαφὲς,
1192 1136 1266 1198 ὼς
1318 1137 1466 1187 ἐστιν
1517 1135 1719 1204 ἀγαθὸν
1823 1133 1942 1185 ηιίηέ

1612 1135 1719 1188 ιθδν
1823 1133 1998 1185 mines
2027 1132 2115 1200 qui
2169 1133 2349 1187 salvus
2381 1135 2490 1189 fiat.
2528 1135 2840 1192 litnnilitate
2889 1157 3123 1210 namque
3171 1143 3399 1204 sublata.

157 1236 352 1298 ποιεῖν,
383 1234 480 1286 καὶ
512 1232 587 1300 μὴ
627 1229 1069 1298 εὐψηλοφρονεῖν.
1115 1225 1354 1280 Ἀτοπον
1387 1225 1494 1293 ἄρα
1530 1233 1611 1277 σοι
1660 1225 1721 1277 τὸ
1823 1233 1924 1277 nec

1660 1225 1721 1277 τὸ
1823 1233 1924 1277 nec
1959 1236 2095 1277 unus
2147 1225 2362 1293 quidem
2425 1228 2729 1281 mortalium
2792 1233 3227 1296 servat-«tumuti
3286 1249 3406 1301 rer-

159 1326 542 1394 σνμπέρασμα
582 1321 847 1374 καὶκατὰ
872 1318 1021 1371 τόνδε
1049 1317 1142 1369 τὸν
1181 1315 1361 1384 λόγον.
1396 1317 1456 1368 Et
1515 1317 1574 1368 δὲ
1630 1316 1723 1368 καὶ
1825 1315 1942 1382 spic

1630 1316 1723 1368 καὶ
1825 1315 2011 1382 spicne
2038 1317 2105 1371 de
2134 1319 2283 1384 prius
2333 1318 2583 1373 indicatis
2649 1337 2974 1389 cognoscere
3003 1324 3148 1378 licet.
3184 1327 3249 1377 At
3280 1341 3407 1378 vero

163 1419 389 1480 πολλοὺς
417 1417 485 1469 ἂν
513 1415 657 1485 ἔχοις
689 1416 816 1478 τοὺς
849 1410 1268 1480 συναιροῦντας,
1316 1409 1435 1462 ἀλλ’
1461 1409 1614 1462 οὐδέν
1641 1425 1724 1461 σοι

161 1509 301 1577 πρὸς
329 1507 585 1576 βοήθειαν
606 1508 638 1574 ἡ
665 1504 877 1558 τούτων
905 1501 1217 1571 συμμαχία.
1256 1501 1422 1554 Αὐτοὶ
1445 1502 1552 1570 γὰρ
1576 1493 1724 1552 οὗτοι

159 1600 527 1667 τυγχάνουσιν
557 1599 606 1649 οί
656 1592 1052 1664 ἑγκεδιλημένοι
1080 1592 1160 1661 τῷ
1209 1591 1329 1644 νυνλ⁵
1374 1591 1540 1660 λόγῳ.
1573 1582 1726 1643 Ὢστ*

160 1693 262 1743 οὐκ
297 1690 507 1754 ἔξεστιν
563 1689 809 1750 ἐκείνους
853 1686 1238 1756 συλλήπτορας
1278 1702 1360 1736 σοι
1399 1684 1506 1736 τῶν
1550 1682 1727 1748 λόγων

163 1779 327 1835 εἶναι.
353 1783 428 1834 Τὸ
460 1780 633 1842 πάθος
663 1782 870 1849 μέντοι,
915 1776 1146 1830 τοιαῦτα
1191 1776 1386 1843 λέγων,
1435 1775 1727 1844 κράτιστον

1827 1407 1918 1478 qni
1951 1417 2258 1474 servantur,
2283 1409 2446 1462 etiam
2479 1411 2714 1466 siderum
2744 1429 3026 1467 numerum
3065 1411 3410 1468 multitudine

1827 1513 1924 1555 sua
1960 1511 2238 1566 superant.
2286 1499 2348 1552 Et
2379 1501 2606 1570 ipsemet
2638 1504 2843 1565 dixisti,
2870 1505 3036 1558 malos
3065 1502 3407 1573 snppiiciutn,

1828 1591 1986 1646 saluti
2029 1591 2326 1646 deStinatos
2357 1593 2637 1645 beatOrum
2693 1594 2967 1646 hominum
3005 1602 3205 1649 emtum
3264 1599 3413 1650 exci-

1830 1697 1977 1753 pere.
2005 1681 2123 1747 Quo
2149 1683 2226 1743 lit,
2263 1694 2322 1735 ιιι
2362 1682 2577 1736 tuismet
2613 1698 2733 1736 cum
2777 1686 3018 1738 titesibus
3057 1702 3115 1739 ea
3147 1701 3409 1757 pugnent,

1831 1776 2032 1845 quibus
2076 1773 2193 1828 illas
2231 1774 2366 1827 tueri
2411 1785 2460 1828 te
2493 1785 2642 1843 putas
2687 1785 2779 1830 :et
2814 1779 3169 1847 undeqttaque
3205 1792 3412 1847 pareat,

169 1873 464 1941 ἀπέφηνας
489 1887 503 1902 °
539 1873 673 1940 πρὸς
697 1871 724 1922 ὅ
747 1888 808 1939 γε
843 1871 940 1922 καὶ
973 1869 1136 1930 αὑτός
1195 1884 1279 1920 σοι
1310 1869 1484 1921 ταῦτα
1513 1867 1691 1937 φρονῶ
1712 1880 1725 1896 ³
1834 1883 1956 1936 poss

1624 1867 1725 1919 νῶ·
1834 1882 1991 1936 posse
2034 1867 2268 1936 aliquem
2307 1865 2507 1932 facere,
2557 1868 2699 1936 quod
2743 1871 2938 1922 bonum
2981 1872 3074 1935 sit,
3125 1881 3178 1925 et
3234 1880 3411 1925 tamctt

171 1966 234 2016 ού
268 1966 374 2033 μὴν
401 1965 672 2032 ἀήττητον
703 1963 985 2024 παντελῶς
1013 1960 1156 2012 τοῦτ’
1188 1959 1252 2012 ἂν
1301 1959 1478 2026 ἔγωγε
1540 1959 1727 2026 φαίην,
1779 2024 1812 2033 _‘
1843 1973 1948 2012 non

1629 1959 1727 2026 ἷην,
1779 2024 1812 2033 _‘
1843 1973 1948 2012 non
2011 1972 2134 2012 esse
2187 1957 2366 2012 animo
2406 1959 2568 2012 elato.
2625 1958 2987 2023 Quamobrem
3049 1963 3148 2015 hac
3201 1981 3416 2032 quoque

175 2024 280 2109 ὅτε.
324 2024 470 2126 μηδ’.
506 2024 668 2117 αύτδς
695 2053 981 2117 ἀπέδειξας
1007 2071 1068 2120 γε
1100 2053 1230 2105 αὐτὸ
1262 2053 1468 2120 εὐλόγῳ
1511 2049 1744 2118 κρατοῦν
1779 2024 1818 2079 Β
1850 2050 1962 2102 ralit

1628 2024 1744 2102 τοῦν
1779 2024 1818 2079 Β
1850 2050 2060 2102 ratione
2090 2049 2322 2102 absurda
2360 2059 2444 2102 est
2500 2059 2589 2103 tua
2630 2053 2928 2106 conclusio.
2958 2053 3112 2119 Quod
3141 2056 3182 2107 si
3215 2024 3415 2110 multos

173 2148 408 2216 δυνάμει
429 2161 442 2175 ·
467 2147 567 2198 οὐκ
592 2146 679 2214 ᾇρ’
703 2144 824 2197 οὐδὲ
855 2145 982 2206 τοὺς
1018 2141 1109 2195 ὑπ’
1128 2139 1290 2196 αὐτοῦ
1305 2141 1735 2211 κρατουμένους.
1845 2141 1960 2194 habt

1593 2159 1735 2202 νους.
1845 2141 2034 2203 habes,
2072 2141 2162 2208 qui
2205 2151 2378 2194 tecum
2419 2142 2661 2196 iaciunt:
2724 2161 2827 2198 non
2863 2155 3041 2199 tamen
3097 2163 3287 2201 eorum
3321 2159 3380 2202 so

175 2238 388 2300 ἀθώους
423 2254 486 2306 γε
525 2237 684 2301 ὖντας
718 2237 817 2289 σὺν
845 2235 990 2308 δίκῃ.
1016 2230 1094 2288 *ιι
1120 2235 1228 2304 γὰρ
1254 2234 1318 2288 ἂν
1349 2235 1575 2305 ἐκράτει
1599 2233 1735 2286 πάν-
1814 2219 1962 2287 ciet:

1629 2233 1735 2286 ςάν-
1814 2219 2012 2287 εἱειειε
2041 2233 2134 2286 tibi
2168 2233 2418 2302 praesidio
2443 2243 2545 2288 est.
2585 2234 2715 2288 Nam
2758 2237 2830 2290 illi
2870 2237 2965 2305 ipsi
3014 2250 3162 2303 sunt,
3193 2241 3284 2308 qui
3316 2240 3416 2293 hac

173 2347 285 2382 των
307 2329 458 2398 ἑξῆς,
1841 2325 2087 2378 oratione
2123 2333 2475 2388 accusantur;
2527 2341 2694 2394 quare
2726 2327 2842 2381 fieri
2891 2331 3100 2398 nequit,
3140 2340 3199 2384 ut
3251 2332 3418 2384 dictis

174 2427 284 2481 tuis
307 2426 508 2496 aliquid
532 2425 653 2496 epis
692 2424 936 2480 afferant.
977 2422 1240 2478 Cazterum
1274 2421 1580 2490 hnjnsmodi
1614 2415 1919 2488 proferens,
1952 2420 2124 2488 ipsius
2195 2435 2326 2474 sane
2371 2420 2486 2473 vitii
2536 2422 2801 2475 maximas
2865 2423 3009 2478 vires
3078 2425 3420 2478 dmunnst'ra.

172 2521 244 2576 ιςιί
271 2537 284 2574 :
311 2534 415 2589 qua
453 2520 505 2574 in
534 2529 688 2589 parte
727 2518 822 2572 tibi
857 2529 910 2573 et
945 2519 1174 2587 ipsemet
1211 2519 1499 2570 assentior.
1535 2510 1650 2568 Non
1687 2506 1862 2567 tamen
1896 2513 2156 2567 invictum
2194 2527 2415 2581 prorsus
2475 2513 2526 2567 id
2589 2515 2834 2584 equidem
2906 2517 3133 2570 dixerim
3206 2519 3421 2586 quando

176 2628 278 2667 nec
308 2613 420 2681 ipse
447 2612 709 2680 probasti,
738 2610 878 2679 quod
921 2611 966 2662 vi
997 2611 1143 2678 justa
1185 2611 1400 2674 vincat;
1456 2617 1553 2662 nec
1597 2606 1739 2676 quod
1799 2607 1867 2660 ab
1923 2620 1988 2659 eo
2045 2604 2198 2670 victi,
2263 2605 2455 2659 merito
2509 2605 2678 2674 culpa:
2737 2607 2845 2662 sint
2883 2617 3155 2678 expertes.
3189 2609 3322 2664 Nam
3377 2612 3421 2663 sl

178 2724 271 2764 res
303 2707 374 2761 ita
431 2712 744 2774 comparata
804 2705 964 2770 foret,
1031 2718 1222 2758 onmes
1286 2703 1507 2757 omnino
1573 2703 1833 2756 vinceret.

253 2797 398 2855 Εἶεν.
432 2799 504 2852 Σὺ
538 2799 596 2850 δέ
623 2815 710 2865 γε,
731 2797 950 2850 πάντων
988 2798 1113 2865 ἐμοὶ
1159 2797 1406 2864 φίλτατε,
1436 2797 1484 2846 εί
1536 2795 1632 2863 μέν
1665 2794 1748 2855 τίς

1926 2790 2101 2856 Atque
2135 2789 2398 2843 hactenus
2435 2787 2569 2844 hazc.
2623 2779 2704 2844 Tu
2745 2806 2873 2846 vero
2923 2787 3080 2862 longe
3121 2795 3254 2848 mihi
3294 2797 3428 2850 cha-

182 2894 281 2947 σού
318 2908 446 2945 ποτε
490 2889 880 2958 τῶνάπλησίον,
914 2889 974 2940 τὸ
1003 2888 1080 2955 τῷ
1110 2888 1230 2956 Θεῷ
1271 2889 1426 2955 φίλον
1464 2889 1627 2951 ποιεῖ,
1665 2887 1748 2938 σοὶ
1855 2881 1969 2937 riss‘

1665 2887 1748 2938 σοὶ
1855 2881 2076 2937 rissime
2115 2882 2210 2948 fili,
2252 2882 2294 2936 si
2335 2883 2456 2949 quis
2492 2883 2784 2952 aliquando
2834 2887 3117 2953 proximus
3154 2896 3275 2942 tuus
3315 2906 3423 2943 rem

179 2987 242 3038 δὲ
276 2983 348 3051 μὴ
374 2981 532 3035 τοῦτο
571 2982 886 3049 πράττοιτο,
937 2978 1356 3047 ταπεινοφρόνει
1390 2979 1486 3030 καὶ
1526 2977 1746 3029 πένθει’

183 3077 269 3128 δεῖ
292 3075 401 3144 γὰρ
435 3075 629 3127 εἰδέναι
661 3074 788 3142 τῇδε
827 3072 1023 3124 σαυτὸν
1050 3071 1152 3124 οὐκ
1187 3071 1439 3124 ἐθέλοντα
1471 3069 1633 3121 καλὸν
1669 3067 1748 3121 εῖ-

186 3187 282 3221 ναι
300 3185 313 3199 ·
339 3168 404 3238 ἦν
430 3167 485 3220 δὲ
511 3167 822 3220 τούναντίον
845 3166 966 3237 δρᾷ,
1000 3165 1259 3235 ῥᾳθύμως
1293 3164 1400 3227 ζῶν
1425 3165 1519 3216 καὶ
1547 3162 1753 3232 ἠμελη-

192 3259 395 3328 μένως,
432 3256 525 3310 σοῦ
550 3266 614 3324 γε
643 3256 859 3324 τάγαθὰ
890 3256 1068 3309 πάντα
1100 3255 1453 3325 πράττοντος,
1499 3254 1575 3323 μὴ
1617 3253 1757 3331 ὑψη-

1857 2973 1969 3028 Deo
1995 2984 2202 3044 gratam
2244 2972 2393 3036 facit,
2431 2986 2478 3027 te
2510 2990 2616 3028 non
2670 2971 2918 3040 faciente,
2957 2978 3211 3032 humilem
3253 2989 3302 3034 te
3338 2998 3431 3045 ge-

1859 3081 1969 3124 ras.
2013 3080 2076 3118 ac
2099 3066 2306 3120 doleas.
2386 3064 2518 3120 Nam
2572 3068 2698 3122 hinc
2733 3074 3023 3138 agnoscere
3061 3073 3248 3135 debes,
3287 3076 3432 3129 nolle

1858 3167 1911 3211 te
1947 3157 2142 3211 bonum
2175 3172 2315 3212 esse.
2355 3154 2446 3212 Sin
2481 3159 2570 3213 ille
2593 3161 2925 3215 contrarium
2951 3160 3100 3229 facit,
3130 3165 3433 3220 socorditet'

1862 3259 1924 3302 ac
1957 3249 2282 3320 negligenter
2328 3251 2538 3314 vivens,
2595 3258 2647 3306 te
2701 3256 2882 3308 omnia
2939 3255 3075 3310 bona
3115 3266 3431 3325 peragentc,

194 3349 475 3417 λοφρόνει.
507 3349 582 3401 Οὐ
604 3349 719 3418 (γὰρ
746 3348 836 3400 διὰ
864 3348 962 3416 τὴν
997 3347 1207 3400 ἐκείνου
1242 3346 1442 3399 κακίαν
1479 3347 1761 3407 σπουδαῖος
1790 3368 1833 3424 c
1865 3349 1981 3396 c'avc

1647 3349 1761 3407 αϊος
1790 3368 1833 3424 c
1865 3349 1993 3396 cave
2043 3345 2223 3396 animo
2267 3343 2532 3398 efferat-is.
2572 3345 2684 3399 Non
2723 3347 2864 3401 enim
2920 3359 3139 3417 propter
3173 3350 3316 3404 illius
3350 3353 3434 3403 vi-

194 3442 363 3502 αὖτδς
412 3441 662 3508 γέγονας,
698 3440 813 3492 ἀλλ’
844 3440 1031 3502 ἁπλῶς
1083 3438 1172 3491 διὰ
1203 3438 1302 3500 τὰς
1351 3438 1605 3507 πράξεις.
1653 3437 1764 3488 Καὶ

194 3532 358 3585 τοῦτο
387 3532 546 3601 δῆλον
577 3532 828 3584 ἐντεῦθεν
851 3543 868 3566 ο
910 3533 971 3585 οὺ
1003 3531 1110 3602 γὰρ
1141 3531 1540 3598 στεφανοῦσθαι
1580 3531 1765 3597 γίγνε-

195 3641 292 3675 ται
320 3624 447 3687 τοὺς
486 3622 806 3692 ἀνθρώπους
836 3623 944 3675 ἀπὸ
984 3623 1083 3691 τῆς
1117 3624 1229 3675 τῶν
1269 3623 1437 3685 πέλας
1476 3620 1766 3683 καταπτώ-

201 3727 366 3773 σεως.
396 3709 511 3763 ἀλλ’
559 3711 622 3762 ἐκ
666 3710 773 3763 τῶν
811 3712 963 3765 ίδίων
1005 3713 1474 3783 κατορθωμάτων.
1511 3713 1768 3765 Φαίνεται

198 3805 383 3855 τοίνυν
420 3805 494 3871 μὴ
525 3795 638 3855 οἷόν
666 3804 714 3855 τ’
748 3799 887 3856 εῖναι
918 3803 1140 3867 τούτους
1171 3805 1306 3875 πρὸς
1336 3803 1600 3872 ἀλλήλους
1632 3821 1771 3872 παρέ

201 3894 580 3959 εξετάζεσθαι,
607 3897 722 3948 ὅσοι
748 3896 885 3966 πρὸς
917 3896 1016 3966 τὴν
1051 3897 1428 3965 ὑπερηφανίαν
1462 3895 1772 3950 ἀπεδύσανο

201 4005 292 4040 το.
323 3987 462 4050 Τοὺς
492 3987 602 4057 γὰρ
640 3986 875 4055 ἀθλητὰς
907 3987 1169 4052 ἐκείνους,
1218 3983 1299 4051 οἷς
1331 3989 1391 4039 τὸ
1420 3988 1590 4056 γέρας
1626 3990 1774 4040 κότι-

204 4095 322 4140 νος,
354 4079 446 4132 καὶ
475 4072 547 4132 ὧν
585 4079 619 4148 ὴ
645 4079 791 4146 πάλη
823 4079 961 4147 πρὸς
991 4077 1130 4148 αἷμα
1159 4079 1254 4132 καὶ
1292 4079 1494 4148 σάρκα,
1535 4074 1688 4131 εἷπεν
1710 4078 1776 4132 ἂν

205 4172 236 4221 6
262 4174 404 4234 θεῖος
439 4171 777 4235 Ἀπόττολος,
807 4172 953 4233 εἰκός
983 4172 1098 4224 ἔστι
1124 4172 1217 4223 καὶ
1235 4170 1655 4242 παραϐληθῆναι
1673 4188 1775 4223 κα-

1868 3435 2160 3487 tiositatem
2199 3437 2447 3505 egregius
2480 3436 2595 3504 ipse
2633 3437 2712 3490 vir
2759 3438 2934 3493 factus
2971 3450 3048 3505 es,
3103 3443 3194 3506 sed
3230 3442 3438 3510 simpli.

1867 3525 2005 3578 clter
2038 3525 2108 3578 ob
2142 3524 2281 3578 facta
2318 3535 2428 3578 tua.
2469 3529 2643 3596 Atque
2681 3528 2782 3582 hoc
2809 3528 2889 3583 vei
2927 3528 3052 3584 inde
3088 3533 3433 3601 perspicuum

1867 3624 1969 3670 est.
2012 3613 2144 3668 Nam
2179 3621 2380 3670 corona
2410 3633 2514 3670 non
2557 3619 2838 3688 patiuntur
2895 3617 3140 3676 homines
3187 3635 3250 3678 ex
3288 3626 3439 3694 lapsu

1867 3705 2123 3774 proximi,
2177 3709 2270 3760 sed
2309 3721 2373 3761 ex
2410 3709 2520 3762 suis
2574 3709 2805 3778 egregiis
2845 3709 3018 3765 factis.
3077 3713 3310 3780 Apparet
3345 3716 3442 3781 igi-

1870 3807 1977 3860 tur,
2014 3811 2118 3849 non
2157 3811 2315 3866 posse
2349 3799 2483 3862 fieri,
2525 3806 2585 3851 ut
2617 3799 2754 3854 inter
2802 3815 2860 3854 se
2894 3814 3301 3870 comparentur,
3347 3806 3438 3871 qui

1871 3879 2150 3944 certamen
2212 3891 2472 3945 adversus
2528 3895 2837 3963 superbiam
2921 3898 3246 3966 suscipiunt.
3317 3898 3444 3952 illos

1873 3982 2014 4035 enim
2067 3978 2319 4047 athletas,
2360 3978 2554 4052 quibus
2611 3985 2727 4039 olea
2766 3989 3067 4055 prtemiuiu,
3107 4000 3158 4044 et
3193 3993 3282 4060 qui
3321 4007 3442 4046 cum

1875 4075 2148 4140 sanguine
2180 4089 2456 4144 carneque
2493 4075 2873 4141 colluctantur,
2905 4088 2964 4132 ut
2999 4078 3288 4148 Apostolus
3318 4099 3448 4148 sane

1875 4160 2205 4232 loqueretur,
2241 4165 2514 4220 verismile
2529 4175 2610 4220 est
2631 4176 2773 4221 recte
2793 4169 2932 4222 inter
2948 4185 3007 4224 se
3027 4167 3283 4226 conferri.
3302 4175 3450 4240 Qua:-

208 4261 320 4320 λῶς
344 4260 612 4330 ἀλλήλοις.
645 4260 898 4313 Δείκνυσι
936 4260 1047 4330 γὰρ
1086 4261 1177 4312 τὸν
1207 4261 1610 4330 εὑδοκιμηκότα
1638 4261 1778 4329 ὑπὲρ
1878 4257 1995 4310 dam

1660 4262 1778 4329 ιῆὲρ
1878 4257 2000 4310 dam
2037 4256 2179 4310 enim
2213 4259 2363 4311 dotes
2403 4257 2722 4327 singulares,
2761 4263 3022 4329 expositae
3079 4277 3447 4333 spectatorum

207 4353 342 4413 eos;
397 4351 593 4415 ἄλλους
644 4348 1100 4419 πλεονεκτήματὰ
1153 4367 1311 4414 τινα,
1364 4352 1780 4421 ἐπιδεδειγμένα
1880 4348 1994 4401 ocul

1664 4352 1780 4404 ιένα
1880 4347 2076 4411 oculis,
2136 4359 2258 4401 eum
2300 4348 2695 4418 demonstrant,
2736 4355 2826 4421 qui
2882 4365 3045 4424 supra
3097 4365 3322 4412 caeteros
3364 4375 3451 4412 ex-

209 4444 331 4504 τοῖς
366 4441 667 4510 ὀφθαλμοῖς
692 4441 800 4494 τῶν
831 4441 1114 4507 ὁρώντων
1153 4439 1308 4513 ῥώμη
1340 4441 1590 4511 σώματος
1619 4444 1781 4512 φημὶ,
1882 4439 1996 4493 ceili

1664 4444 1781 4512 ημὶ,
1882 4439 2068 4493 cellit:
2113 4448 2170 4490 ttt
2198 4441 2442 4507 corporis
2472 4442 2658 4504 robur,
2689 4454 2742 4497 et
2795 4447 3237 4510 exercitationes,
3284 4459 3339 4503 et
3397 4451 3451 4503 iu

213 4533 314 4584 καὶ
349 4532 646 4598 γυμνάσια,
682 4529 776 4582 καὶ
817 4531 980 4597 πείρα
1025 4528 1135 4580 τῶν
1183 4544 1246 4595 γε
1295 4528 1552 4580 τοιούτων
1584 4530 1784 4594 ἀγωνι-
1883 4529 2000 4597 hnju

1664 4543 1784 4580 ωνι-
1883 4528 2190 4597 hujusmodl
2224 4531 2612 4584 certaminibus
2639 4536 2998 4603 experientia.
3025 4536 3178 4602 Quod
3210 4540 3255 4592 si
3287 4541 3451 4594 etiam

218 4621 470 4689 σμάτων.
514 4621 620 4671 Ἢν
650 4619 706 4671 δὲ
754 4619 939 4672 καὶτὸ
986 4618 1216 4688 expiet;
1259 4619 1332 4687 μὴ
1366 4618 1677 4670 παντάπασι
1715 4619 1781 4686 τῇ
1884 4637 1991 4676 non

1665 4619 1781 4686 ιτῇ
1884 4637 1991 4676 non
2057 4625 2278 4677 omnino
2316 4635 2570 4680 accurate
2631 4627 2738 4680 lata
2801 4630 3070 4682 sententia
3109 4631 3287 4695 fuerit,
3348 4648 3452 4685 non

213 4712 388 4780 ψήφῳ
422 4711 595 4780 παρῇ,
625 4711 688 4762 οὑ
729 4709 849 4761 λίαν
877 4709 1220 4763 ιπικίνδυνον
1252 4710 1313 4761 τδ
1344 4709 1681 4778 ἁμάρτημα·
1722 4709 1782 4759 οὐ
1820 4697 1862 4752 D
1895 4715 2000 4768 ad"

1670 4722 1681 4736 '
1722 4709 1782 4759 οὐ
1820 4697 1862 4752 Ῐ)
1895 4714 2181 4770 admodum
2217 4717 2558 4786 periculosus
2589 4719 2677 4773 hic
2702 4734 2856 4772 error
2888 4731 2989 4776 est.
3021 4714 3136 4777 Non
3167 4725 3307 4777 enim
3341 4727 3457 4779 atii-

218 4805 333 4870 γὰρ
369 4800 692 4869 λυμαίνεται
738 4800 859 4859 ταῖς
901 4798 1128 4868 ψυχαῖς,
1157 4798 1343 4866 ὀλίγην
1376 4798 1432 4849 δέ
1459 4813 1582 4851 τινα
1624 4798 1784 4862 δόξαν

221 4897 325 4946 καὶ
354 4892 720 4961 σϐεννυμένην
745 4890 944 4944 αὐτίκα.
975 4892 1008 4961 ἢ
1041 4892 1322 4960 χαρίζεται
1351 4891 1592 4952 τοίςούκ
1616 4890 1787 4954 ἀξίοις

225 4986 360 5044 ἴσως
389 4982 599 5045 λασεῐν,
635 4982 668 5051 ἢ
701 4982 993 5051 ὑποστερεῐ
1015 4984 1199 5050 τυχὸν,
1227 4975 1306 5042 οἷς
1339 4981 1629 5034 ἀποδοῦναι
1658 4980 1789 5033 sati—

221 5089 332 5138 την
364 5071 665 5139 προσῆκεν.
700 5069 886 5132 Ὄσοις
932 5069 978 5122 δ’
1024 5065 1092 5122 αὖ
1133 5070 1196 5122 τὸ
1227 5070 1488 5138 πολεμεῖν
1529 5070 1665 5139 πρὸς
1692 5070 1791 5130 τὰς

227 5162 407 5231 ἀρχάς
433 5163 572 5225 ιστι,
604 5161 699 5213 καὶ
726 5162 825 5222 τὰς
854 5161 1125 5227 ἐξουσίας,
1147 5161 1370 5221 τούτους
1390 5160 1447 5213 δὲ
1477 5160 1594 5223 πῶς
1623 5161 1688 5214 ἄν
1713 5169 1793 5223 τις

229 5256 371 5323 ἔχοι,
396 5253 488 5305 καὶ
519 5253 653 5322 πρδς
677 5252 830 5315 τίνας
851 5252 985 5316 ὅλως
1009 5253 1379 5324 παραϐαλείνς
1407 5253 1636 5323 πότερον
1660 5255 1796 5324 πρὸς

201 5332 364 5406 ποὺς
393 5344 837 5413 ἁποδυσαμένονς
865 5347 947 5407 εἰς
996 5344 1088 5396 τὸν
1127 5346 1293 5398 αὑτὸν
1317 5346 1504 5407 αὐτοῖς
1542 5342 1728 5409 ἆθλον,
1760 5347 1794 5417 ἢ

233 5436 377 5506 πρὸς
406 5436 637 5488 ταυτασὶ
683 5438 785 5498 τὰς
829 5435 952 5488 καθ’
986 5436 1144 5504 ήμῶν
1192 5438 1684 5507 παραταττομένας
1709 5437 1799 5490 δυ·

235 5529 478 5596 νὰμεις”;
527 5526 668 5580 Ἀλλ’
715 5529 905 5597 ἔμοιγε
952 5527 1099 5580 δοκεί
1147 5531 1270 5596 μηδ’
1316 5528 1620 5582 ὁπωστιοῦν
1661 5527 1798 5582 εἶναι

235 5621 351 5674 τῶν
384 5620 744 5688 γιγνομένων,
782 5619 1021 5684 ,δοξάσαι
1065 5620 1292 5689 θάτερον
1323 5622 1494 5674 τοῖνδε
1548 5621 1800 5689 γενέσθαι

236 5705 356 5760 οἷόν
381 5724 439 5760 τε
488 5691 646 5762 εἶναί.
680 5708 992 5774 Ἐχθίστονς
1024 5709 1125 5778 μὲν
1154 5712 1262 5781 γὰρ
1293 5711 1506 5772 ὲκείνας
1537 5713 1686 5781 ἡμῖν,
1709 5712 1804 5774 τὰς

240 5799 492 5869 πονηρὰς
513 5798 658 5867 λέγω
686 5800 964 5869 δυνάμεις,
996 5799 1214 5870 εὔλογον
1244 5806 1383 5855 νοεῖν
1402 5820 1459 5855 τε
1491 5805 1583 5858 καὶ
1607 5805 1803 5872 λέγειν’

238 5885 663 5958 ἀνταγωνιστῶν
689 5891 745 5945 δὲ
765 5893 926 5944 τόπον
947 5892 1166 5961 ἐπέχειν
1194 5895 1366 5958 αὑτὰς
1391 5895 1524 5961 πρὸς
1541 5897 1686 5964 ἡμᾶς
1718 5899 1810 5950 οὐ-

239 5982 461 6052 δαμῶς.
495 5983 631 6036 Οθτε
663 5983 772 6051 γὰρ
798 5983 954 6049 δόξης
1002 5985 1219 6050 ἐρῶσιν.
1269 5987 1391 6040 οὒτε
1433 5989 1512 6051 εἰς
1549 5990 1609 6040 τὸ
1639 5988 1803 6058 γέρας

562 6077 834 6140 Parum.
869 6078 988 6137 (in.
1035 6076 1216 6136 CLVI

1897 4809 1999 4862 mis
2025 4809 2245 4862 exitium
2271 4805 2448 4872 aﬂert,
2510 4811 2604 4864 sed
2637 4810 2883 4879 exiguam
2916 4814 3202 4878 quamdam
3232 4814 3457 4882 gloriam

1896 4908 2085 4968 etqute
2113 4901 2295 4954 statim
2316 4900 2701 4971 exstinguitur,
2736 4901 2817 4955 vel
2845 4900 3076 4971 indignis
3104 4902 3330 4959 fortasse
3365 4907 3461 4960 tri-

1899 4991 2052 5055 buit,
2113 4990 2194 5044 vel
2258 4990 2323 5044 iis
2392 4990 2602 5054 adimit,
2658 4987 2855 5059 quibus
2911 5003 3030 5046 erat
3089 4989 3460 5049 attribuenda.

1900 5080 2001 5146 Qui
2037 5096 2164 5134 vero
2220 5080 2415 5135 bellum
2448 5090 2638 5148 gerunt
2693 5083 2953 5137 adversus
3013 5082 3349 5154 principatus
3408 5098 3466 5141 et

1904 5182 2221 5244 potestates,
2257 5188 2355 5229 eos
2379 5188 2618 5242 quonam
2650 5181 2810 5242 pacto
2843 5175 2984 5240 quis,
3029 5185 3081 5230 et
3116 5191 3238 5230 cum
3269 5178 3465 5246 quibus

1905 5266 2132 5320 omnino
2156 5261 2538 5332 compararet?
2570 5274 2748 5318 utrum
2796 5281 2914 5318 cum
2950 5265 3076 5331 illis,
3115 5268 3205 5334 qui
3237 5282 3360 5321 cum
3387 5268 3469 5321 eis

1909 5359 2048 5411 idem
2091 5358 2144 5410 in
2193 5366 2464 5410 certamen
2502 5356 2858 5422 descendunt,
2907 5374 2974 5411 an
3011 5375 3133 5413 cum
3182 5361 3472 5428 pugnanti-

1908 5450 2007 5504 bus
2029 5448 2283 5502 adversus
2304 5460 2401 5502 nos
2433 5447 2838 5516 potestatibus?
2898 5449 3025 5502 Mihi
3077 5465 3208 5505 sane
3239 5450 3470 5513 videtur,

1910 5553 2258 5609 nequaquam
2321 5539 2634 5603 convenire,
2695 5550 2753 5593 ut
2812 5541 3204 5605 existimemus,
3268 5543 3473 5595 alteru-

1913 5639 2055 5685 trum
2086 5631 2280 5684 horum
2312 5629 2486 5685 locum
2513 5630 2714 5685 habere
2740 5646 2918 5699 posse.
2975 5629 3106 5686 Nam
3139 5632 3305 5686 malas
3352 5633 3472 5687 illas

1915 5728 2213 5790 potestates
2253 5733 2356 5772 non
2387 5720 2485 5775 abs
2515 5734 2573 5775 re
2617 5722 2771 5776 nobis
2825 5722 3041 5792 quidem
3093 5723 3478 5777 infestissimas

1916 5821 1969 5865 et
1992 5811 2230 5881 cogitare
2274 5825 2578 5880 possumus,
2604 5821 2657 5865 et
2689 5814 2907 5868 dicere:
2955 5815 3044 5868 sed
3095 5813 3271 5867 remuli
3303 5815 3475 5869 nostri

1920 5902 2066 5956 nullo
2092 5916 2214 5957 esse
2252 5901 2410 5957 modo
2463 5912 2707 5970 possunt.
2745 5902 2855 5960 Nec
2881 5906 3023 5960 enim
3061 5905 3282 5973 gloriam
3314 5922 3477 5974 expe‘

1922 6001 2061 6058 lunt,
2093 6006 2191 6049 nec
2252 5995 2531 6063 praemium
2590 6005 2834 6053 socctant
2871 6018 2879 6027 ο
2933 5995 3025 6050 sed
3066 5997 3344 6052 interitum
3377 6013 3476 6051 noo

2979 6091 3050 6149 18
