4526 6514
212 534 311 594 55.7

1622 522 2029 586 EPILDGUS.

3340 522 3445 584 558

208 644 448 712 ἀγαθοὺς
483 643 655 696 εἶναι·
726 642 788 697 ’0
838 644 946 713 γὰρ
988 644 1325 711 ἀνακρίνων
1353 657 1451 711 με,
1510 643 1692 710 φησιν,
1742 644 1776 695 o’
1802 643 1853 701 Λ
1881 642 1995 696 [incl

1655 660 1692 705 θ,
1742 644 1776 695 o'
1802 643 1853 701 Λ
1881 642 2039 696 finem
2077 640 2166 695 hic
2192 638 2400 694 dicendi
2437 637 2597 702 facio,
2630 638 2729 692 hcc
2760 652 2869 691 uno
2899 639 3157 693 duntaxat
3185 641 3399 709 adjecto
3431 661 3442 695 :

210 739 358 801 Θεός
400 737 607 789 ἐστιν·
645 736 703 797 ὃς
741 732 849 789 οἶδε
891 737 989 803 μὲν
1031 735 1101 786 τὰ
1134 735 1352 788 πάντων
1400 734 1660 802 ἀκριϐῶς,
1706 733 1769 784 ού

205 828 391 881 δίδωσι
420 826 476 878 δὲ
505 826 573 878 τὰ
604 826 762 895 γέρα,
810 829 860 879 εἰ
896 825 1239 895 παρελήλυθέ
1283 843 1368 887 τις
1412 827 1539 886 τοὺς
1579 825 1772 886 ἄλλους

204 919 454 988 τρέχων·
491 918 607 971 ἀλλ’
641 914 722 982 οἷς
765 936 829 987 γε
881 918 1161 985 ἐξεγένετο
1193 918 1523 970 καταλαδεῖν
1563 918 1774 969 ἐκεῖνον

205 1011 301 1062 τὸν
342 1010 539 1080 χῶρον,
648 1012 714 1062 τὰ
750 1007 983 1078 βραδεῖα
1016 1010 1235 1078 ἕστηκε,
1272 1012 1367 1062 καὶ
1419 1008 1511 1061 ἐπὶ
1544 1007 1636 1061 τοῦ
1675 1008 1774 1077 βα-

208 1101 410 1153 σιλείου
438 1102 627 1171 θρόνου
657 1102 963 1170 καθήμενος
993 1103 1019 1153 ὁ
1054 1102 1247 1170 Σωτὴρ
1276 1103 1408 1169 ἡμῖν
1441 1100 1772 1167 στεφοθέτην

209 1190 405 1244 ἑαυτὸν
437 1195 552 1255 τοῖς
574 1193 860 1261 ἀριστεῦσι
882 1194 1134 1261 παρέχει.
1169 1193 1337 1253 Αὐτός
1372 1209 1464 1244 σου
1487 1192 1585 1260 τὴν
1615 1190 1775 1257 φίλην

207 1283 472 1352 κεφαλὴν,
507 1278 552 1337 ὦ
589 1284 930 1354 συμϐασιλεῦ
983 1301 1044 1336 τε
1089 1285 1184 1337 καὶ
1227 1285 1349 1346 παῖ,
1389 1283 1450 1335 οὐ
1500 1282 1659 1350 μόνον
1690 1282 1775 1332 ὲνο

208 1374 401 1427 ταυθοῖ
444 1377 815 1445 στεφανῶσαι,
846 1376 983 1427 ἀλλὰ
1013 1376 1199 1439 κάκεῖ,
1242 1373 1318 1443 τῷ
1346 1373 1495 1442 καλῷ
1523 1373 1776 1441 στεφάνῳ

209 1464 317 1517 τῶν
356 1465 639 1535 μακαρίων
664 1483 677 1497 ·
705 1467 846 1535 ὑπὲρ
880 1458 941 1520 οὗ
977 1467 1069 1519 καὶ
1095 1467 1219 1529 τοὺς
1250 1465 1503 1530 πολλοὺς,
1526 1464 1629 1518 οὐκ
1657 1461 1775 1517 οῖδα

208 1556 256 1609 δ’
284 1560 331 1611 εί
363 1561 455 1612 καὶ
489 1560 711 1624 καλοὺς,
738 1558 953 1625 ἀγῶνας
982 1557 1203 1619 τούτους
1240 1557 1638 1625 ἐνεστησάμην.

1874 731 2110 786 Tametsi
2142 744 2332 796 magna
2368 727 2576 795 praediti
2610 728 2803 783 virtute
2841 729 2951 784 sint
2981 730 3228 785 homines
3255 733 3443 801 aliqui,

1877 839 1982 878 non
2010 831 2185 875 tanien
2221 819 2301 873 vel
2340 819 2473 871 alios
2504 819 2801 883 derideant,
2840 821 2920 875 vel
2968 824 3175 890 seipsos
3203 826 3447 892 egregios

1880 923 2091 984 putent.
2119 910 2276 977 Nam,
2305 922 2359 965 ut
2387 913 2473 966 ille
2507 912 2601 976 ait,
2644 913 2732 980 qui
2772 915 3067 981 mejudicat
3092 925 3144 970 et
3170 917 3448 973 examinat

1884 1006 2022 1059 Deus
2047 1014 2166 1069 est;
2198 1006 2287 1072 qni
2325 1014 2573 1059 accurate
2605 1004 2750 1058 novit
2778 1007 3016 1059 omnium
3057 1006 3217 1073 facta,
3255 1023 3359 1061 nec
3382 1011 3448 1063 iis

1885 1099 2103 1166 praemia
2144 1098 2351 1159 tribuit,
2382 1100 2471 1168 qui
2502 1100 2638 1152 alios
2671 1113 2834 1154 cursu
2870 1104 3233 1170 prmtergressi
3276 1113 3404 1158 sunt
3436 1121 3450 1157 ε

1881 1189 1973 1242 sed
2009 1190 2200 1256 quibus
2237 1189 2302 1241 ad
2334 1203 2457 1242 eum
2506 1189 2784 1257 pervenire
2830 1190 3005 1244 locum
3046 1191 3292 1257 contigit,
3335 1193 3451 1260 ipsa

1884 1278 1971 1331 ubi
2002 1279 2219 1345 praemia
2274 1278 2600 1341 consistunt,
2633 1287 2686 1332 et
2719 1279 2808 1332 ubi
2840 1278 3095 1333 Servator
3141 1281 3228 1335 ille
3272 1292 3454 1335 noster

1884 1371 1936 1423 in
1973 1371 2120 1439 regio
2148 1370 2438 1425 considens
2473 1369 2629 1433 solio,
2665 1372 2900 1437 seipsum
2936 1381 3310 1425 coronatorem
3372 1373 3457 1423 vi-

1885 1463 2127 1515 ctoribus
2149 1463 2390 1516 exhibet.
2418 1460 2464 1515 Is
2485 1461 2708 1514 charum
2729 1472 2889 1529 caput
2919 1473 3087 1527 tuum,
3108 1478 3140 1516 o
3159 1464 3302 1532 regni
3328 1479 3457 1518 con-

1884 1567 2005 1607 sors
2034 1563 2087 1607 et
2114 1552 2211 1618 fili,
2242 1569 2346 1607 non
2369 1554 2459 1607 hic
2511 1558 2880 1607 tantummodo
2906 1562 3148 1616 coronet,
3175 1557 3269 1608 sed
3293 1555 3454 1608 etiam

211 1650 267 1704 in
299 1652 466 1705 altera
499 1651 632 1717 vita,
680 1662 830 1707 serto
879 1653 969 1705 illo
1005 1651 1288 1707 beatorum
1336 1649 1554 1719 egregio
1589 1665 1603 1703 :
1642 1646 1793 1714 cujus
1831 1660 1961 1715 ergo
1982 1646 2287 1715 complures
2308 1646 2475 1703 hosce
2494 1646 2708 1716 quidem
2731 1648 2962 1713 labores,
3019 1650 3114 1704 sed
3150 1649 3292 1703 haud
3340 1650 3453 1704 scio

210 1761 275 1801 an
308 1746 491 1816 aliquo
516 1762 636 1800 cum
667 1761 845 1814 Operm
872 1748 1069 1815 pretio,
1096 1746 1332 1813 suscepi.

537 1886 868 1943 ΕΙῙΙΛΟΓΟΣ
900 1890 1458 1946 ΕΠΙΣΤΟᾹΙΜᾹΙΟΣ.

687 2020 717 2039 Ψ

282 2025 449 2078 Ταῦθ’
486 2027 637 2093 ἡμῖν,
682 2025 726 2079 ὧ
779 2025 1024 2093 φίλτατε,
1059 2028 1158 2097 σὴν
1200 2028 1363 2097 χάριν
1398 2028 1613 2097 εἴρηται
1656 2028 1772 2093 νῦν,
1812 2034 1853 2089 Β

209 2116 393 2169 καὶτὸ
419 2117 610 2167 πεῖσαν
643 2115 925 2183 εἰρηκέναι
978 2117 1202 2185 φίλτρον
1249 2118 1529 2185 ὑπερφυές
1555 2155 1571 2171 .
1610 2118 1674 2171 Εἰ
1710 2120 1785 2189 μὴ

211 2208 322 2274 γὰρ
354 2205 608 2259 τοσοῦτον
639 2203 728 2276 ἦν,
750 2208 849 2258 οὐκ
868 2208 935 2260 ἂν
964 2208 1104 2276 ὑπὲρ
1135 2209 1232 2277 τῆς
1262 2209 1526 2276 ὠφελείας
1557 2214 1654 2279 τῆς
1687 2212 1785 2281 σῆς

215 2296 353 2363 πρὸς
382 2298 590 2349 τουτονὶ
616 2297 707 2347 τὸν
747 2297 936 2362 ἀγῶνα
964 2298 1347 2366 ἀπεδυσάμην,
1393 2300 1503 2353 οὐδ’
1539 2302 1604 2353 ἂν
1628 2301 1785 2370 διήρ-

216 2388 348 2439 κεσέ
382 2405 474 2455 μοι
525 2388 585 2439 τὸ
636 2388 1041 2457 προθυμεῖσθαι
1102 2390 1242 2456 μετὰ
1285 2390 1554 2459 τοσαύτης
1601 2393 1786 2461 ἀκμῆς

209 2480 339 2550 ἇχρι
366 2479 587 2541 τέλουςο
642 2479 757 2532 ἀλλ’
790 2478 822 2547 ἢ
872 2480 971 2548 τὴν
1000 2480 1229 2549 πρώτην
1276 2481 1341 2534 ἂν
1378 2483 1539 2545 εὐθὺς
1572 2484 1788 2548 ἀπεπή-

208 2572 338 2631 δων.
359 2570 567 2640 συχνῶν
594 2588 682 2639 μοι
712 2571 821 2623 τῶν
858 2576 1301 2641 προσισταμένων
1333 2576 1720 2644 ἐπικειμένων,
1750 2577 1782 2646 ἢ

210 2666 438 2733 περὶτὰ
474 2664 611 2733 μέσα
661 2682 787 2732 που,
822 2666 1240 2735 ἁλλεπαλλήλων
1286 2669 1393 2719 τῶν
1431 2668 1623 2722 δεινῶν
1652 2685 1786 2738 φυο-

215 2758 429 2828 μένων’
463 2759 550 2827 εἴη
576 2758 630 2811 δέ
664 2776 753 2827 μοι
784 2759 873 2811 τὸν
918 2754 1081 2813 ἆθλον
1114 2761 1306 2812 τοῦτον
1339 2761 1471 2828 ἡδὺν
1504 2761 1782 2827 γενέσθαι,

215 2852 316 2905 καὶ
361 2850 469 2902 τῶν
512 2852 692 2904 πόνων
746 2852 925 2914 ἇξιοψ
978 2851 1006 2903 ὃ
1040 2851 1218 2914 καλῶς
1250 2852 1560 2921 ἐκϐήσεται,
1600 2854 1693 2905 σοῦ
1733 2851 1785 2920 γ’

214 2942 515 3004 ἐθέλοντος.
554 2943 613 2993 Et
654 2942 763 3012 γὰρ
793 2942 953 3005 αὐτὸς
1002 2944 1099 3005 τὰς
1152 2944 1503 3013 παραινέσεις
1548 2946 1783 3009 ὲκείνας,

216 3033 316 3085 καὶ
348 3031 449 3084 ὅσα
477 3033 539 3101 δὴ
574 3035 688 3094 τοῖς
717 3033 897 3098 λόγοις
920 3032 1127 3095 τούτοις
1155 3033 1617 3103 ἐμπεριείληπται
1650 3036 1784 3104 πρὸς

214 3123 319 3189 τὴν
349 3122 456 3173 τῶν
486 3121 632 3189 ἠθῶν
662 3139 755 3174 σου
800 3121 1181 3191 διακόσμησιν,
1213 3124 1313 3175 οὐκ
1354 3124 1625 3192 ἀτιμάσαι
1657 3124 1782 3193 βου-

217 3212 459 3277 λεύσαιο,
496 3214 630 3268 ἀλλὰ
670 3215 930 3284 τιμήσαις
953 3214 1075 3282 ιμὲν
1106 3216 1256 3283 ἡμᾶς
1301 3215 1428 3278 τοὺς
1458 3210 1783 3286 γεγεννηκό-

215 3321 341 3368 τας,
374 3306 469 3357 καὶ
493 3305 615 3368 τοὺς
643 3304 702 3369 ἐξ
729 3302 803 3359 ὦν
826 3308 983 3374 ἡμεῖς
1013 3307 1242 3375 ἔφυμεν,
1272 3308 1532 3377 τιμήσαις
1561 3309 1616 3360 δὲ
1644 3322 1779 3361 cau-

2225 1885 2573 1941 EPILOGUS
2620 1885 3096 1941 EPISTOLARIS.

1952 2023 2074 2077 Haec
2104 2022 2330 2084 anobis,
2351 2021 2677 2076 charissime
2703 2021 2798 2082 fili,
2822 2029 2910 2073 tua
2940 2036 3081 2075 nunc
3114 2037 3271 2076 causa
3310 2023 3452 2076 dicta

1886 2125 2014 2171 sunt
2054 2132 2069 2180 ;
2100 2114 2349 2183 quodque
2380 2128 2478 2166 nos
2506 2112 2573 2164 ad
2633 2112 2922 2164 dicendum
2956 2112 3195 2180 impulit,
3224 2114 3455 2166 eximius

1888 2210 1941 2262 in
1978 2217 2029 2262 te
2062 2217 2242 2261 uoster
2265 2221 2416 2259 amor
2442 2214 2543 2258 est.
2579 2204 2791 2273 Quippe
2820 2205 2872 2257 ni
2919 2213 3101 2259 tantus
3129 2217 3299 2270 esset,
3342 2222 3447 2260 ttott

1892 2314 1976 2354 tne
2002 2308 2218 2369 propter
2251 2296 2543 2351 utilitatem
2595 2304 2755 2347 tuam,
2791 2297 2856 2350 ad
2900 2297 3002 2350 hoc
3052 2309 3327 2351 certamen
3360 2314 3456 2351 ac.-

1891 2392 2203 2454 einxissem,
2226 2404 2322 2443 nec
2349 2390 2412 2442 ad
2436 2390 2595 2443 linem
2625 2404 2792 2456 usque
2815 2391 3164 2457 perdurasset
3184 2391 3330 2445 ἱειωο
3348 2391 3457 2444 ala-

1888 2483 2072 2545 critas,
2109 2491 2256 2534 tanto
2283 2496 2404 2534 cum
2444 2484 2628 2549 vigore
2660 2481 2950 2547 conjuncta
2989 2498 3003 2534 :
3038 2484 3133 2536 sed
3168 2482 3254 2538 vel
3298 2482 3452 2537 initio

1890 2576 2095 2638 statim,
2129 2574 2373 2643 pluribus
2398 2573 2698 2627 obstaculis
2723 2587 2811 2626 me
2856 2574 3174 2639 urgentibus
3200 2624 3213 2647 ,
3263 2574 3343 2628 vel
3376 2574 3456 2643 ip—

1892 2682 1953 2722 so
1985 2666 2237 2721 fortassis
2275 2666 2329 2719 itt
2364 2666 2564 2729 medio,
2598 2664 3003 2721 difficultatibus
3025 2682 3157 2721 sane
3179 2668 3457 2745 continuis

1890 2759 2319 2829 emergentibus,
2342 2758 2683 2811 resiliissctn.
2715 2756 2854 2826 Opto
2879 2768 3082 2821 autem,
3110 2770 3166 2811 ut
3194 2760 3296 2814 hoc
3325 2763 3455 2815 mihi

1887 2859 2162 2903 certamen
2199 2847 2591 2917 etjttcundum,
2614 2857 2670 2901 et
2698 2847 2986 2903 exantlatis
3036 2850 3259 2917 dignum
3304 2853 3456 2906 labo-

1894 2942 2040 2995 ribus
2069 2943 2322 3008 eXperiar
2345 2956 2360 3004 ;
2386 2941 2460 2993 uti
2489 2941 2704 3008 quidem
2737 2951 2963 2996 eventus
2997 2951 3141 2996 recte
3165 2948 3460 3012 responde-

1890 3030 1987 3094 bit,
2017 3031 2176 3085 modo
2200 3040 2257 3083 tu
2280 3030 2443 3085 velis.
2470 3029 2681 3098 Quippe
2714 3030 2759 3085 si
2782 3039 2837 3083 tu
2868 3033 3107 3086 menitus
3136 3044 3370 3098 nostros.
3404 3046 3458 3090 et

1890 3136 2227 3192 quaecunque
2255 3122 2644 3187 comprehensa
2670 3130 2801 3175 sunt
2856 3121 2972 3174 istis
3002 3125 3356 3191 orationibus,
3393 3128 3459 3181 ad

1888 3216 2191 3269 ornandum
2210 3228 2389 3267 mores
2409 3213 2846 3283 tuos,aspernari
2871 3231 2971 3268 non
2998 3218 3305 3271 decreveris
3329 3242 3342 3283 ,
3364 3218 3458 3273 sed

1893 3307 2175 3360 honest
2206 3314 2261 3360 et
2316 3306 2508 3367 nostri,
2546 3308 2636 3374 qui
2669 3314 2720 3359 te
2746 3308 3053 3372 genuimus,
3116 3319 3171 3363 ct
3198 3324 3387 3363 eorum
3429 3328 3459 3364 ιι

219 3397 314 3449 τὸν
355 3396 448 3448 καὶ
476 3398 596 3457 τοὺς
625 3397 916 3459 παιδευτὰς
948 3397 1212 3461 ἅπαντας,
1262 3398 1342 3451 ένί
1373 3416 1449 3467 τῳ
1482 3400 1657 3468 τούτῳ
1689 3401 1781 3453 καὶ
1816 3375 1858 3431 c
1890 3397 2006 3466 quit

1689 3401 1781 3453 καὶ
1816 3375 1858 3431 c
1890 3397 2085 3466 quibus
2115 3397 2212 3465 ipsi
2236 3397 2480 3466 prognati
2510 3412 2718 3460 sumus,
2742 3407 2795 3450 et
2828 3398 3017 3452 tuimet
3043 3399 3233 3466 ipsius,
3260 3414 3311 3453 et
3340 3418 3458 3455 ont-

223 3488 395 3558 μόνῳ,
447 3489 527 3557 τῷ
570 3489 644 3558 μὴ
699 3490 865 3559 χείρω
909 3490 1019 3541 τῶν
1049 3490 1279 3543 ἐλπίδων
1324 3492 1577 3559 φανῆναι,
1610 3491 1675 3555 ἃς
1718 3493 1781 3562 δὴ

216 3580 423 3640 πάντες
458 3581 685 3648 ἔτρεφον
720 3582 844 3647 περὶ
874 3581 967 3632 σοῦ
1004 3597 1067 3648 γε
1115 3582 1183 3634 τὰ
1221 3582 1413 3651 βελτίω
1450 3584 1785 3652 μαντευόμε-

218 3687 327 3733 νοι,
354 3660 441 3722 Et?
468 3671 534 3723 τὰ
562 3672 669 3723 τῶν
704 3672 910 3723 παίδων
959 3672 1252 3741 ἀθύροντος
1277 3686 1290 3700 °
1324 3673 1374 3725 εί
1402 3674 1580 3726 τοίνυν
1610 3674 1784 3729 ταῦτα

221 3769 434 3832 γένοιτο
466 3766 881 3834 ’συναιρομένου
924 3766 1079 3832 Θεοῦ,
1114 3767 1173 3818 τό
1200 3784 1259 3819 τε
1305 3767 1490 3821 λοιπὸν
1517 3769 1613 3838 τῆς
1648 3770 1785 3838 έμῆς

220 3859 373 3924 ζωῆς
400 3858 498 3925 ἡδὺ
535 3858 674 3925 (πῶς
704 3857 803 3908 οίει
824 3858 866 3922 ;)
898 3859 1347 3922 κατασκευάσεις,
1376 3861 1469 3912 καὶ
1498 3860 1787 3929 λαμπρούς

225 3966 320 4018 μοι
353 3949 475 4010 τοὺς
503 3949 727 4016 μισθοὺς
754 3950 1093 4015 ἀποδῶσεις;
1121 3951 1218 4019 οὐχ
1252 3952 1399 4014 ὅπως
1429 3955 1659 4004 τουτωνὶ
1680 3952 1786 4005 τῶν

222 4038 490 4107 ἱδρώτων,
521 4038 654 4090 ἀλλὰ
694 4039 786 4090 καὶ
829 4038 925 4090 τοῦ
958 4041 1088 4108 παρ’
1134 4043 1289 4110 ἡμῶν
1339 4041 1522 4109 φῦναι,
1560 4044 1653 4097 καὶ
1690 4042 1785 4094 τοῦ

222 4129 500 4196 τρασῆναι
534 4128 848 4194 βασιλικῶς,
903 4132 995 4182 καὶ
1041 4132 1459 4197 πεπαιδεῦσθαι,
1509 4136 1607 4186 καὶ
1649 4151 1788 4186 τετι-

225 4221 454 4288 μῆσθαι,
487 4221 581 4271 καὶ
606 4221 788 4281 ἁπλῶς
816 4221 923 4272 τῶν
954 4222 1093 4289 ὑπὲρ
1126 4225 1219 4274 σού
1258 4242 1349 4292 μοι
1379 4226 1789 4294 πεπραγμένων

222 4312 357 4378 ἑξῆς
389 4312 661 4377 ἁπάντων,
693 4313 791 4363 ούκ
845 4312 1041 4380 ὀλίγων
1082 4315 1209 4375 ἴσως
1255 4315 1445 4379 ὄντων,
1490 4318 1611 4369 οὐδὲ
1666 4335 1790 4385 σμι-

222 4405 396 4471 κρῶν.
422 4404 590 4456 Ταυτὶ
620 4404 717 4472 μὲν
750 4404 844 4456 οὖν
872 4399 1014 4477 ᾖπερ
1048 4406 1185 4473 ἔφην
1215 4408 1533 4477 ἐκϐήσεται,
1565 4410 1615 4461 εἰ
1650 4409 1789 4462 κατά

222 4494 325 4553 τὰς
356 4493 573 4554 ἐλπίδας
618 4496 748 4562 ἡμῖν
775 4494 1011 4564 όφθήσῃ.
1057 4495 1300 4568 Ὀφθήσῃ
1334 4498 1388 4549 δὲ
1443 4500 1683 4562 πάντως,
1736 4500 1786 4551 εί

222 4590 342 4646 τοῖς
394 4585 530 4654 ὑπὲρ
587 4586 679 4637 σοῦ
713 4586 1029 4654 λεγομένοις
1059 4589 1269 4650 τούτοις
1302 4592 1669 4660 ὑποτετάχθαι
1702 4592 1789 4643 θε-

1887 3489 2031 3543 niutn
2064 3487 2441 3556 magistrorum
2470 3489 2733 3542 rationem
2753 3489 3005 3543 habueris
3025 3492 3076 3544 in
3103 3491 3204 3545 hoc
3236 3509 3360 3554 uno,
3392 3508 3459 3547 ne

1887 3581 2083 3649 spebus
2106 3580 2208 3633 illis
2231 3580 2468 3634 deterior
2488 3581 2707 3644 evadas,
2731 3594 2864 3648 quas
2885 3584 2947 3636 de
2973 3594 3023 3638 te
3041 3585 3342 3653 puerilibus
3360 3588 3458 3639 ad-

1888 3673 1993 3725 huc
2018 3671 2235 3724 ludicris
2257 3674 2463 3725 intento
2483 3670 2734 3726 fovebant
2764 3687 2975 3740 omnes,
3001 3677 3202 3743 optima
3233 3693 3458 3745 qua-que

1888 3762 1990 3816 sibi
2032 3764 2384 3817 vaticinando
2408 3764 2763 3832 pollicentes:
2798 3766 2911 3820 haec
2938 3767 3118 3835 igitur,
3170 3770 3458 3837 adjuvante

1887 3858 2021 3919 Deo,
2046 3857 2090 3909 si
2122 3859 2492 3925 contigerint;
2532 3867 2586 3912 et
2613 3860 2756 3927 quod
2784 3859 2914 3913 mihi
2945 3860 3209 3929 reliquum
3233 3864 3458 3918 estvita:

1890 3964 2021 4005 sane
2037 3964 2199 4018 quam
2220 3949 2517 4017 jucundum
2534 3948 2750 4015 eﬂicies,
2767 3960 2820 4004 et
2836 3966 2943 4003 mer
2954 3953 3111 4006 cedes
3136 3954 3264 4007 mihi
3283 3955 3458 4024 Splen-

1890 4042 2049 4095 didas
2079 4041 2375 4107 persolves,
2409 4057 2515 4094 non
2541 4056 2637 4108 pro
2682 4041 2829 4095 hisee
2857 4043 2977 4095 dico
3004 4044 3287 4098 sudoribus
3312 4084 3326 4110 ,
3360 4049 3455 4099 sed

1892 4135 2056 4186 etiam
2107 4148 2203 4200 pro
2230 4148 2316 4196 eo,
2354 4134 2492 4199 quod
2522 4143 2681 4187 natus
2702 4148 2767 4187 ex
2798 4134 2953 4187 nobis
2983 4137 3075 4198 sis,
3110 4145 3159 4189 et
3181 4137 3382 4205 regium
3408 4137 3459 4190 in

1898 4243 2098 4281 morem
2118 4229 2399 4288 educatus,
2422 4238 2475 4280 et
2501 4227 2801 4292 institutus,
2825 4230 2953 4281 etin
2993 4228 3197 4281 honore
3221 4228 3455 4292 habitus,

1891 4328 1944 4371 et
1968 4317 2289 4385 simpliciter
2308 4317 2466 4380 adeo,
2487 4332 2583 4384 pro
2605 4318 2868 4371 universis
2898 4332 2926 4369 a
2969 4333 3052 4370 me
3082 4329 3168 4370 tua
3191 4334 3360 4371 causa
3380 4320 3425 4370 fa
3448 4351 3460 4360 -

1896 4413 2019 4473 etis,
2044 4427 2161 4479 quae
2185 4414 2417 4466 fortasse
2446 4427 2546 4466 nec
2566 4427 2736 4481 pauca
2768 4423 2911 4479 sunt,
2932 4429 3028 4468 nec
3056 4414 3189 4470 levis
3217 4432 3458 4468 momen-

1894 4506 1954 4557 ti.
1988 4504 2053 4556 Et
2074 4504 2290 4571 quidem
2315 4515 2439 4556 sunt
2470 4505 2613 4557 istzcc
2646 4505 2820 4569 illttm,
2847 4520 3009 4571 quem
3042 4505 3173 4570 dixi,
3208 4517 3455 4560 eventum

1898 4595 2167 4657 habitura,
2220 4596 2263 4648 si
2298 4596 2690 4661 exspectationi
2736 4607 2936 4649 nostra:
2968 4597 3322 4651 satisfeceris.
3361 4598 3461 4651 Sa-

224 4678 423 4744 >.ήσαις
480 4676 574 4728 καὶ
602 4675 802 4739 δείξαις
853 4675 1036 4744 ἔργοις
1073 4678 1255 4739 αὐτοῖς
1309 4680 1399 4729 τὸν
1452 4680 1526 4741 ὡς
1570 4681 1782 4749 ἀληθῶς
1814 4695 1865 4753 ι)
1895 4685 2011 4739 tisfa

1671 4682 1782 4746 ,θῶς
1814 4695 1865 4753 1)
1895 4685 2133 4740 tisfacies
2157 4695 2332 4739 autem
2356 4688 2601 4751 omnino,
2632 4688 2893 4755 siquidem
2922 4688 3004 4742 bis
3033 4699 3119 4740 tua
3147 4704 3307 4742 causa
3334 4706 3458 4757 pro-

227 4769 642 4821 ὐπακούσαντα.
690 4768 804 4818 Κᾶν
843 4766 1000 4819 τοῦτο
1052 4770 1264 4833 γένοιτο
1293 4770 1551 4835 τάγαθὸν,
1597 4773 1691 4823 καὶ
1720 4774 1786 4841 τῇ

228 4860 343 4909 τῶν
371 4858 587 4924 τρόπων
614 4858 782 4925 ἀρετῇ
832 4858 907 4924 μὴ
940 4858 1309 4929 καταισχύνῃς
1346 4876 1449 4927 μου
1479 4860 1577 4922 τὰς
1629 4860 1789 4929 εὐχὰς

228 4952 330 5002 καὶ
360 4951 456 5011 τὰς
486 4949 857 5017 παραινέσεις,
898 4944 954 5000 εὖ
1001 4945 1097 5000 οἷδ’
1130 4953 1210 5001 ὅτι
1261 4952 1355 5002 καὶ
1386 4952 1505 5020 Θεῴ
1551 4957 1646 5006 καὶ
1681 4956 1791 5017 τοῖς

228 5040 543 5108 ἀνθρώποις
572 5038 871 5108 προσφιλὴς
898 5039 1015 5110 ἔσῃ,
1051 5040 1143 5090 καὶ
1173 5039 1231 5092 τὸ
1261 5040 1565 5108 βασιλεύειν
1586 5043 1793 5113 ἀνθρώ-

228 5150 351 5183 πων
376 5130 646 5199 ἀνθρώπῳ
670 5130 804 5194 ὄντι,
838 5131 866 5181 ὃ
892 5129 955 5199 δὴ
985 5130 1245 5198 δυσχερὲς
1274 5133 1419 5183 ποιεῖ
1445 5130 1503 5184 τὸ
1532 5134 1791 5200 όμοφνὲς,

229 5224 409 5293 ῥᾷστα
440 5221 506 5274 ἄν
539 5239 619 5274 σοι
645 5222 857 5287 γένοιτο
884 5221 1139 5285 ,πάντως
1182 5224 1274 5273 καὶ
1321 5224 1457 5291 πρὸς
1503 5224 1663 5276 καλὸν
1699 5226 1794 5276 καὶ

226 5312 486 5365 εὔκλειαν
532 5311 892 5379 ἀποϐήσεται.
950 5310 1007 5363 '0
1040 5310 1148 5378 γὰρ
1198 5311 1418 5379 γονεῦσι
1471 5314 1794 5383 πειθόμενος

228 5402 480 5470 δηλονότι
511 5401 602 5454 καὶ
637 5400 775 5471 Θεῷ.
810 5402 901 5471 Τῷ
929 5402 985 5454 δὲ
1024 5402 1250 5470 τοιούτῳ
1298 5405 1519 5471 ἄρχοντι
1546 5405 1792 5469 δικαίως,

229 5497 304 5547 ἄν
332 5494 381 5545 οἱ
417 5492 506 5545 ὑπ’
533 5493 698 5545 αὐτὸν
748 5493 1038 5545 πείθοιντο.
1085 5493 1158 5545 Τὸ
1209 5494 1265 5546 δὲ
1316 5496 1537 5555 τούτους
1566 5497 1795 5563 ἄγεσθαι

235 5585 382 5637 κατὰ
416 5582 509 5635 τὸν
558 5582 770 5635 ἐκείνου
804 5585 1007 5635 σκοπὸν
1060 5586 1169 5636 πᾶν
1219 5584 1423 5651 ἀγαθὸν
1474 5588 1792 5655 ἐργάζεται·

232 5676 428 5742 ὥσπερ
489 5670 580 5727 οὖν
608 5676 703 5727 καὶ
737 5674 1048 5727 τούναντίον
1082 5676 1140 5727 τὸ
1174 5674 1247 5744 μὴ
1281 5676 1582 5730 πείθεσθαι.
1614 5679 1702 5746 Μὴ
1732 5680 1795 5747 δὴ

231 5765 520 5831 savium;
573 5766 720 5834 ἡμᾶς
773 5765 1081 5832 ἀποφήναις
1131 5769 1252 5826 τοὺς
1308 5767 1446 5835 ὑπὲρ
1475 5768 1568 5820 σοῦ
1606 5769 1794 5836 λόγους

230 5856 459 5916 τούτους
478 5857 841 5918 ἀναλωκότας,
867 5856 997 5924 μηδὲ
1024 5857 1177 5924 ζήτει
1202 5856 1346 5908 τοῦθ’
1369 5859 1546 5925 εὑρεῖν
1573 5863 1627 5910 ἐν
1652 5863 1793 5927 ἐμοὶ,

232 5948 298 5998 τὸ
327 5944 546 6015 ποιῆσαί
576 5947 631 5997 τέ
686 5963 825 6014 φημι
861 5948 951 5999 καὶ
998 5946 1222 6009 δ;δὰξαι.
1276 5946 1460 6016 Ἰσμεν
1498 5950 1603 6017 γὰρ
1650 5951 1795 6018 ἡμᾶς

1895 4779 2018 4832 latis
2047 4778 2424 4846 obtemperare
2452 4778 2712 4841 volneris,
2744 4790 2796 4831 et
2830 4779 2987 4833 factis
3027 4782 3157 4848 ipsis
3191 4796 3376 4849 reapse
3395 4793 3456 4835 te

1894 4884 2082 4938 parcre
2111 4868 2444 4938 probaveris.
2475 4869 2627 4934 Quod
2660 4884 2790 4922 sane
2823 4871 3018 4923 bonum
3077 4872 3121 4925 si
3159 4872 3288 4924 mihi
3319 4887 3455 4925 con-

1895 4961 2097 5029 tigerit,
2145 4974 2207 5012 ac
2243 4974 2451 5012 morum
2503 4962 2699 5012 virtute
2746 4971 2865 5013 vota
2918 4963 3265 5029 monitusque
3309 4980 3456 5017 meos

1896 5068 1997 5104 non
2026 5050 2338 5105 confttdi-ris
2370 5067 2383 5103 :
2410 5060 2517 5103 tam
2547 5051 2644 5118 ipsi
2670 5050 2795 5114 Deo,
2825 5062 2908 5105 sat
2934 5052 3067 5115 seio,
3099 5068 3255 5119 quam
3286 5054 3459 5108 homi-

1898 5144 2054 5196 nibus
2084 5143 2334 5198 amabilis
2356 5142 2463 5195 eris
2495 5162 2506 5205 ;
2536 5153 2589 5195 et
2626 5154 2796 5205 tuum,
2831 5144 2920 5209 qui
2954 5144 3112 5194 homo
3141 5157 3201 5196 es
3228 5186 3243 5207 ,
3278 5144 3328 5197 in
3355 5145 3454 5198 ho-

1897 5237 2070 5288 mines
2094 5232 2399 5299 imperium,
2425 5232 2565 5296 quod
2591 5231 2802 5297 generis
2826 5232 3074 5297 cognatio
3099 5232 3311 5285 difﬁcile
3335 5235 3455 5287 red-

1898 5324 1993 5382 dit,
2051 5320 2271 5374 omnino
2329 5320 2645 5374 facillimum
2706 5321 3045 5388 experieris,
3100 5329 3454 5389 praeterquam

1897 5413 2035 5482 quod
2096 5414 2275 5467 exitus
2324 5414 2486 5466 etiam
2539 5414 2710 5480 ipsius
2759 5412 3051 5477 ptmt-larus
3096 5425 3149 5466 et
3193 5414 3456 5481 gloriosus

1897 5504 2021 5557 erit.
2054 5501 2187 5555 Nam
2231 5504 2321 5571 qui
2357 5504 2696 5572 parentibus.
2737 5504 2881 5557 ident
2912 5513 2963 5556 et
2994 5504 3102 5557 Deo
3134 5515 3305 5571 paret.
3335 5504 3454 5557 Tali

1899 5610 2026 5647 vero
2066 5596 2293 5663 principi
2327 5610 2429 5647 non
2465 5596 2561 5649 abs
2604 5611 2664 5648 re
2694 5594 2895 5647 subditi
2924 5611 3139 5664 quoque
3170 5598 3454 5663 parebunt.

1902 5683 1965 5735 Et
2008 5686 2325 5750 obsequium
2361 5686 2719 5747 subditorum,
2770 5686 2940 5752 ipsius
2972 5687 3215 5738 instituto
3264 5702 3457 5753 paren-

1901 5776 2053 5836 tintn,
2087 5778 2285 5828 nullius
2333 5792 2434 5828 non
2463 5775 2613 5841 origo
2647 5778 2770 5829 boni
2806 5786 2889 5829 est
2922 5796 2934 5839 ;
2975 5780 3112 5831 sicut
3159 5788 3209 5828 et
3243 5788 3457 5829 contra-

1904 5864 2038 5914 riu:n
2066 5862 2282 5919 accidit.
2315 5862 2357 5914 si
2388 5878 2490 5913 non
2514 5863 2905 5930 obtemperent.
2933 5864 3071 5916 Cave
3102 5880 3283 5931 quasso
3309 5879 3454 5917 ('Otll-

1902 5952 2131 6019 miseris
2160 5962 2213 6005 ut
2240 5952 2441 6019 absque
2476 5951 2651 6006 fructu
2716 5955 2986 6007 orationes
3019 5958 3178 6011 hasce
3210 5956 3456 6009 confert“
