4526 6514
1137 412 1248 482 559

2250 414 2651 480 MANU‘ELIS
2689 412 3135 480 PALEOLOGI

4253 421 4364 486 560

1119 534 1298 584 rimus
1333 541 1476 582 :nec
1513 525 1564 584 lu
1596 539 1680 584 me
1702 525 2096 594 praestatiOnem
2126 539 2339 591 eorum,
2368 541 2490 596 quae
2525 524 2681 580 trado
2712 529 2755 585 Α
2785 526 2906 578 αὐτο

2572 524 2681 580 ado
2712 529 2755 585 Α
2785 526 2978 588 αὐτοὺς
3011 526 3110 578 οὐκ
3140 526 3298 588 ὄντας
3329 541 3392 594 γε
3429 524 3688 595 τοιαύτης
3717 525 4021 596 δυνάμεως.
4061 528 4279 593 Ἔξεστι
4303 533 4359 585 δέ

1125 630 1251 674 cum
1275 618 1496 673 docendi
1547 619 1756 674 ratione
1782 618 2152 688 coniunctam,
2188 618 2427 687 reperire
2455 619 2682 684 cogites.

1129 710 1264 764 Nam
1291 710 1494 764 scimus
1524 710 1652 778 ipsi,
1687 725 1786 764 nos
1819 725 1881 764 ea
1920 709 2178 765 facultate
2208 709 2448 764 destitui.
2475 707 2688 762 Nihilo-

1128 803 1307 857 minus
1339 801 1648 856 auctoritati
1700 815 1825 870 erga
1871 809 1923 856 te
1966 815 2098 854 mea:
2123 815 2442 856 concessum
2468 809 2570 866 est,
2607 799 2684 853 uti

1128 894 1196 948 de
1231 893 1393 948 rebus
1423 893 1527 948 illis
1558 894 1842 957 disseram,
1876 892 2116 959 adeoque
2138 891 2491 959 persuadeam
2517 907 2534 956 ;
2564 890 2686 960 qui-

1125 987 1228 1039 bus
1257 1001 1286 1039 a
1319 985 1478 1040 rebus
1527 983 1772 1052 equidem
1821 983 1976 1051 longe
2007 982 2222 1036 absum.
2267 979 2380 1036 Nec
2410 982 2552 1035 enim
2587 980 2682 1035 tibi

1126 1081 1208 1138 las
1234 1087 1339 1138 est.
1376 1078 1454 1138 ,iis
1489 1077 1626 1130 haud
1656 1076 2050 1143 obtemperare,
2077 1089 2197 1143 qua:
2238 1089 2268 1128 a
2301 1074 2456 1128 nobis
2487 1064 2681 1128 tradita

1127 1175 1273 1220 sunt.
1326 1163 1456 1219 Nam
1491 1165 1536 1220 si
1572 1175 1838 1233 praecepta
1890 1166 2189 1233 priscorum
2237 1166 2578 1219 sacerdotum
2619 1177 2683 1217 ac

1119 1246 1524 1311 l‘harismorum
1559 1256 1840 1323 aspernari
1875 1271 1980 1309 non
2022 1255 2239 1318 licebat,
2278 1256 2357 1308 uti
2397 1256 2486 1324 qui
2521 1255 2683 1308 Mosis

1122 1350 1176 1402 in
1206 1348 1457 1402 cathedra
1484 1348 1764 1410 sedebant,
1797 1360 2122 1416 quamquam
2157 1346 2287 1400 nihil
2319 1361 2528 1408 eorum,
2563 1354 2682 1414 qua

1122 1440 1408 1503 docebant,
1447 1438 1686 1493 facerent
1716 1454 1730 1491 :
1765 1437 1938 1492 multo
1983 1438 2154 1507 magis
2191 1437 2368 1501 decet,
2402 1435 2683 1506 obtempe-

1122 1536 1241 1585 rare
1275 1539 1326 1585 te
1355 1527 1508 1592 mihi,
1542 1527 1632 1598 qui
1689 1528 1830 1596 quod
1885 1529 2226 1600 profuturum
2263 1537 2347 1584 est
2377 1529 2470 1582 tibi
2504 1531 2681 1594 trado,

1120 1624 1244 1676 licet
1293 1620 1437 1675 idem
1473 1622 1588 1690 ipse
1629 1631 1732 1674 non
1771 1623 1917 1675 recte
1955 1615 2175 1675 iaciant.
2214 1620 2346 1673 Nam
2381 1631 2436 1673 et
2483 1619 2679 1688 ipsein

1121 1717 1321 1766 throno
1351 1715 1535 1776 sedeo,
1561 1721 1823 1781 praecepta
1861 1711 1954 1764 tibi
1985 1717 2143 1765 modo
2171 1725 2499 1780 proponens.
2530 1721 2680 1765 tanto

1119 1805 1312 1871 priscis
1334 1805 1437 1856 illis
1465 1804 1856 1871 przestantiora,
1889 1801 2072 1869 quanti
2103 1800 2247 1855 venit
2274 1800 2677 1862 aestimandum,

1121 1894 1263 1962 quod
1293 1893 1381 1946 illa
1424 1893 1640 1956 veteris,
1671 1895 1784 1945 haec
1809 1907 1960 1945 nova:
1989 1891 2095 1945 sint
2136 1890 2490 1960 Iegislatiouis
2519 1897 2682 1958 atque

1122 1987 1326 2054 gratiae.
1344 1981 1437 2036 Vel
1456 1983 1500 2038 si
1519 1984 1615 2036 hoc
1638 1983 1828 2045 mavis,
1849 1981 1938 2035 illa
1957 1980 2176 2048 legalem
2197 1980 2262 2032 ad
2283 1981 2549 2041 umbram,
2569 1980 2681 2032 haec

1122 2090 1303 2134 nostra
1335 2077 1580 2131 veritatis
1614 2075 1679 2128 ad
1716 2073 2153 2140 praedicationem
2169 2071 2679 2142 pertinent.itidem

1125 2171 1228 2221 hoc
1247 2167 1438 2221 solium
1470 2166 1520 2220 in
1552 2180 1657 2234 quo
1674 2180 1814 2218 nunc
1863 2165 1979 2234 ipse
2009 2163 2194 2230 sedeo,
2222 2164 2569 2233 przestantins
2598 2171 2682 2216 est

1123 2260 1215 2313 illo
1263 2259 1442 2329 prisco
1478 2256 1744 2325 longoque
1779 2254 2062 2309 intervallo
2081 2255 2130 2309 id
2150 2265 2392 2323 superat,
2417 2269 2536 2309 cum
2559 2254 2676 2307 solii

1118 2356 1284 2410 divini
1313 2355 1381 2424 (si
1415 2354 1629 2423 quidem
1661 2353 1763 2406 hoc
1797 2366 1901 2406 non
1946 2351 2109 2405 nimis
2159 2349 2414 2404 audacter
2456 2348 2675 2419 dicitur)

1118 2449 1468 2504 simulacrum
1491 2447 1581 2502 sit.
1628 2445 1762 2501 Nam
1784 2456 1838 2498 ut
1860 2446 1925 2500 de
1949 2445 2050 2499 alia
2074 2444 2306 2514 quadam
2327 2443 2674 2510 auctoritate,

1117 2553 1235 2606 qua:
1261 2539 1460 2607 aliquid
1491 2537 1799 2592 eminentia:
1829 2536 2043 2602 habeat,
2105 2535 2242 2590 nihil
2277 2535 2482 2599 dicam,
2521 2545 2676 2604 pater

1119 2634 1231 2687 lilio
1253 2633 1503 2701 princeps
1536 2638 1621 2684 est
1685 2637 1846 2698 atque
1883 2630 2154 2689 dominus.
2178 2643 2244 2682 ex
2281 2628 2394 2697 ipsa
2459 2637 2672 2683 natura.

1119 2727 1240 2781 Pari
1274 2723 1481 2780 ratione
1511 2724 1652 2778 Dens
1687 2736 1904 2792 quoque
1961 2721 2120 2774 nobis
2169 2731 2221 2775 et
2292 2720 2546 2790 princeps
2618 2727 2675 2773 et

1119 2819 1378 2873 Dominus
1406 2824 1512 2870 est.
1540 2814 1607 2868 At
1639 2814 1944 2867 declaretur
1966 2827 2094 2865 Sane
2115 2826 2199 2866 res
2247 2813 2522 2880 aliquanto
2558 2826 2674 2863 ma-

1123 2911 1389 2968 nifestius.
1415 2907 1552 2974 Quid
1584 2907 1742 2976 igitur
1774 2920 1900 2974 erga
1939 2921 2033 2959 nos
2068 2904 2207 2959 Deus
2231 2905 2254 2958 'l
2282 2921 2386 2957 non
2445 2905 2624 2972 opifex
2652 2902 2674 2956 τ

1121 3018 1223 3055 non
1253 2999 1439 3070 pater?
1464 3014 1566 3053 non
1609 3001 1748 3053 rex?
1780 3013 1888 3053 non
1941 2996 2234 3063 provisor?
2289 3011 2392 3048 non
2447 2995 2675 3050 doctor?

1124 3093 1246 3146 llaec
1274 3091 1478 3154 omnia,
1531 3099 1582 3143 te
1617 3104 1749 3143 sane
1806 3087 1946 3156 quod
1994 3088 2210 3152 attinet,
2273 3087 2404 3142 mihi
2460 3099 2674 3156 quoque

2795 632 2897 684 μου
2926 618 3004 685 τῷ
3035 616 3170 686 πρὸς
3205 618 3262 670 σι
3316 618 3560 686 σχήματι
3612 618 3791 690 τούτῳ
3832 623 3929 675 καὶ
3958 621 4088 691 περὶ
4133 624 4363 676 ἐκείνων

2789 707 2993 774 λέγειν,
3039 710 3131 762 καὶ
3169 709 3314 776 μάλα
3342 710 3573 773 πείθειν,
3608 704 3684 764 ὧν
3721 728 3781 777 γε
3815 714 3909 766 καὶ
3948 715 4166 782 μακρὰν
4205 715 4360 783 ἀφει-

2790 791 3036 868 στῆκειν.
3064 799 3196 852 Οὐδὲ
3229 803 3338 870 γὰρ
3368 800 3525 869 θέμις
3555 802 3803 854 ἀπειθεῖν
3847 818 3907 855 σε
3940 806 4053 866 τοῖς
4100 805 4360 872 δεδογμέ-

2787 904 2918 950 νοις.
2953 888 3014 943 El
3044 891 3152 958 γὰρ
3195 887 3305 953 τοῖς
3339 887 3504 946 πάλαι
3533 891 3744 963 ἱερεῦσι
3781 895 3878 948 καὶ
3906 896 4227 964 Φαρισαίοις
4256 899 4358 948 οὐκ

2786 978 3034 1031 ἀπειθεῖν
3063 979 3190 1044 ἔδει,
3236 982 3309 1043 ὡς
3338 982 3684 1035 καθεσθεῖσιν
3715 985 3809 1038 ἐπὶ
3837 986 3936 1053 τῆς
3964 988 4216 1050 Μωσέως
4261 1007 4358 1040 κα-

2787 1065 3002 1139 θέδρας,
3050 1057 3228 1127 καίῖοι
3282 1071 3452 1146 μηδὲν
3506 1077 3900 1147 ἐργαζομένοις
3965 1065 4152 1151 ὦνπερ
4186 1082 4357 1134 idibu-

2787 1180 2936 1228 σκον,
2989 1164 3166 1233 πολλῷ
3205 1182 3268 1234 γε
3313 1169 3513 1237 μᾶλλον
3543 1169 3751 1238 πρέπον
3783 1172 3949 1235 εστὶν,
3984 1174 4130 1240 έμο’·,
4171 1191 4254 1226 σοι
4296 1175 4357 1226 τὸ

2786 1259 3034 1308 συνοῖσον
3068 1256 3308 1323 λέγοντι,
3341 1259 3647 1322 πείθεσθαι,
3681 1261 3728 1312 si
3756 1260 3821 1328 δὴ
3850 1263 3942 1315 καὶ
3977 1262 4052 1332 μὴ
4079 1265 4234 1316 τοῦτο
4260 1283 4358 1318 κα-

2783 1346 2889 1409 λῶς
2927 1347 3248 1417 πράττοιμι.
3308 1350 3572 1420 Κάθημαι
3601 1351 3710 1423 γὰρ
3757 1353 3822 1422 δὴ
3872 1355 3966 1405 καὶ
4016 1355 4200 1417 αὐτὸς,
4243 1357 4356 1406 νυνί

2785 1451 2867 1494 σοι
2897 1442 3251 1509 παραινέσεις
3302 1444 3628 1512 προτείνων,
3679 1444 3940 1497 τοσοῦτόν
3995 1463 4056 1510 γε
4099 1447 4356 1513 ἀμείνους

2781 1534 2891 1591 τῶν
2918 1535 3061 1597 τότε,
3101 1537 3228 1589 ὅσον
3268 1537 3324 1589 ai
3359 1535 3459 1605 μὶν
3487 1537 3586 1604 τῆς
3615 1538 3877 1599 παλαιᾶς,
3909 1539 3962 1590 ai
4006 1539 4062 1592 δὲ
4094 1540 4197 1602 τῆς
4230 1540 4354 1601 νέας

2783 1620 2890 1679 eisi
2925 1627 3251 1697 νομοθεσίας
3275 1629 3368 1680 καὶ
3403 1629 3662 1696 χάριτοςο
3712 1631 3760 1681 εί
3786 1631 3840 1682 δὲ
3867 1629 4048 1698 βούλει
4077 1650 4162 1699 γε,
4200 1637 4356 1694 σκιᾶς

2782 1719 2990 1772 έκεῖναι
3023 1719 3122 1787 τῆς
3147 1720 3402 1787 νομικῆς,
3452 1719 3507 1774 αῖ
3529 1720 3584 1772 δὶ
3613 1721 3742 1789 παρ’
3769 1723 3925 1789 ἡμῶν
3949 1719 4107 1776 αὗται
4137 1723 4232 1776 τοῦ
4258 1726 4353 1793 τῆς

2782 1807 3043 1876 ἀληθείας
3088 1808 3452 1877 κηρύγματος
3503 1809 3738 1878 ἔχονται.
3782 1813 3844 1864 'H
3876 1813 3932 1866 δὲ
3977 1814 4039 1882 δὴ
4094 1816 4349 1882 καθέδρα,

2791 1903 2874 1972 ἐφ’
2897 1898 2965 1976 ἦς
2996 1904 3172 1970 ἔγωγε
3210 1903 3324 1968 νῦν,
3355 1906 3620 1974 κρείττων
3665 1907 3878 1975 ἐκείνης
3921 1907 4018 1976 τῆς
4049 1909 4349 1975 πρεσϐυτέ-

2787 2012 2908 2065 ρας,
2938 1995 3033 2047 καὶ⁵
3070 1992 3253 2066 πολλῷ
3286 1996 3364 2066 τῷ
3409 1997 3655 2065 περιόντι
3704 1997 3950 2061 νικῶσα,
4012 2001 4106 2052 ἇτε
4150 2001 4214 2066 δὴ
4259 2001 4351 2068 τὴν

2785 2087 2879 2139 τοῦ
2906 2081 3041 2138 Θεοῦ
3073 2087 3140 2156 (εί
3175 2089 3249 2157 μὴ
3281 2087 3555 2157 τολμηρὸν
3597 2090 3796 2159 εἰπεῖν)
3824 2090 4194 2153 εἰκονίζουσα.
4245 2092 4350 2140 Καὶ

2784 2178 2892 2246 γὰρ
2923 2178 3088 2246 χωρίς
3120 2193 3264 2239 τινος
3296 2177 3458 2232 ἀλλου
3512 2180 3788 2246 σχήματος
3833 2182 4109 2251 ὑπεροχὴν
4140 2182 4350 2248 ἔχοντκ

2785 2271 2968 2340 ἄρχων
2991 2272 3017 2323 ό
3043 2270 3225 2339 πατήρ
3261 2271 3376 2322 ἐστι
3406 2268 3483 2339 τῷ
3512 2269 3683 2334 παιδὶ,
3724 2275 3816 2325 καὶ
3837 2274 4126 2340 δεσπότης,
4170 2273 4228 2335 ἐξ
4258 2274 4351 2324 αὑ-

2783 2363 2882 2432 τῆς
2911 2363 3012 2426 τῆς
3049 2362 3281 2432 φύσεως.
3308 2361 3492 2416 Ταῦτα
3516 2364 3573 2416 δὲ
3594 2364 3724 2434 ἡμῖν
3759 2367 3785 2418 ό
3819 2365 3972 2428 Θεός.
4012 2362 4269 2434 Εἰρήσθω
4295 2366 4347 2416 δέ

2784 2471 2902 2516 πως
2930 2454 3024 2507 καὶ
3059 2453 3460 2524 φανερώτερον.
3493 2455 3559 2506 Τί
3598 2455 3690 2509 οὖν
3723 2455 3788 2525 δὴ
3817 2458 3884 2509 τά
3915 2451 4008 2509 τοῦ
4046 2453 4183 2508 Θεοῦ
4219 2456 4347 2521 πρὶς

2783 2546 2968 2614 ήμᾶςς
3013 2544 3074 2597 οῦ
3104 2544 3472 2612 δημιουργόςς
3503 2545 3564 2597 οὐ
3595 2546 3814 2614 πατήρς
3861 2547 3918 2597 οὐ
3958 2545 4250 2613 βασιλεύῃ
4290 2547 4346 2595 οὐ

2783 2635 3123 2705 προνοητήςς
3178 2635 3239 2686 οὐ
3274 2633 3625 2699 διδάσκαλος;
3665 2637 3838 2688 Ταυτὶ
3871 2637 3926 2688 δὲ
3970 2638 4152 2690 πάντα
4186 2637 4349 2704 κάμοὶ

2784 2728 3094 2797 πρόσεστιν,
3129 2727 3230 2779 ὅσα
3264 2726 3329 2778 τὰ
3352 2727 3489 2795 πρὸς
3513 2728 3596 2780 σέ.
3628 2727 3780 2780 Ἵλατ’
3809 2728 3918 2796 ἐγὼ
3954 2729 4078 2796 μὲν,
4109 2731 4247 2795 ὅπερ
4273 2723 4344 2780 εί-

2782 2835 2905 2882 πον,
2937 2818 3028 2871 ἐπὶ
3059 2817 3152 2870 τοῦ
3185 2812 3376 2886 θρόνου
3408 2817 3678 2887 κάθημαι,
3724 2819 3820 2871 τοῦ
3854 2819 3946 2872 τὸν
3984 2820 4119 2872 Θεὸν
4156 2820 4348 2871 εἰκονί-

2782 2910 2988 2973 ζοντος,
3037 2909 3087 2961 οῖ
3115 2909 3169 2961 δέ
3206 2910 3372 2978 ἱερεῖς
3413 2925 3472 2961 τε
3508 2909 3601 2962 καὶ
3633 2912 3919 2980 Φαρισαῖοι
3963 2913 4055 2964 ini
4091 2913 4190 2978 τῆς
4223 2912 4339 2964 Μω-

2783 3000 2919 3061 σέως
2942 2999 3231 3069 καθέδρας.
3263 3000 3409 3068 Δῦτη
3443 3000 3496 3053 δὲ
3521 3001 3619 3070 τῆς
3650 3003 3921 3073 ἡμετέρας
3951 3003 4208 3056 έλάττων.
4244 3003 4345 3054 Καί

2783 3107 2884 3159 μου
2917 3090 3103 3158 μηδεὶς
3144 3091 3480 3158 καταγνώτω
3508 3092 3736 3163 τόλμης,
3767 3095 3895 3164 μηδ’
3931 3096 4242 3154 αὐθαδείας.
4276 3095 4344 3147 Οὐ

1117 3191 1448 3249 competunt.
1481 3179 1844 3246 Quamobrem
1875 3191 1975 3246 ego
2034 3177 2253 3246 quidem
2303 3192 2400 3230 ccn
2463 3176 2667 3231 dictum
2700 3201 2743 3264 ο
2779 3179 2886 3250 γὰρ

2556 3187 2667 3229 tum
2700 3201 2743 3264 Ο
2779 3179 2886 3250 γὰρ
2916 3181 3150 3246 ὲμαυτδν
3203 3181 3341 3248 πρὸς
3384 3182 3473 3236 τὸν
3525 3183 3760 3254 θεόπτην
3791 3187 4086 3255 ξσυγκρίνω
4124 3185 4343 3252 (πόθεν;

1116 3287 1221 3340 est,
1256 3275 1308 3328 in
1333 3289 1396 3329 eo
1431 3274 1624 3326 throno
1672 3273 1857 3333 sedeo,
1901 3269 1990 3338 qui
2055 3269 2231 3322 throni
2296 3269 2461 3320 divini
2501 3269 2672 3322 simu-

1117 3366 1323 3420 lucrum
1353 3374 1434 3418 est
1466 3380 1480 3418 :
1517 3372 1572 3416 at
1605 3362 1692 3416 isti
1720 3361 2030 3416 sacerdotes
2059 3370 2222 3429 atque
2256 3355 2674 3419 Phariszei,hlo-

1115 3457 1192 3512 sis
1227 3457 1280 3510 in
1324 3455 1578 3509 cathedra
1624 3453 1903 3507 sedebant.
1956 3451 2031 3506 Ea
2077 3466 2210 3505 vero
2262 3451 2420 3519 longe
2484 3457 2674 3504 nostra

1119 3548 1342 3605 inferior
1378 3557 1480 3603 est.
1513 3545 1684 3601 Nolim
1711 3555 1888 3600 autem
1923 3559 2008 3599 me
2041 3545 2322 3612 quisquam
2356 3543 2676 3597 temeritatis

1131 3643 1374 3705 damnet,
1401 3639 1484 3693 vel
1513 3637 1855 3706 arrogantiae.
1899 3635 2011 3689 Non
2035 3635 2178 3690 enim
2227 3637 2489 3703 meipsum
2550 3649 2674 3687 eum

1115 3733 1283 3797 Ilnse,
1310 3734 1400 3802 qni
1428 3733 1597 3786 Deum
1659 3727 1930 3797 adspexit,
1992 3742 2298 3796 comparo:
2359 3729 2479 3796 (cur
2536 3725 2675 3779 istuc

1119 3823 1396 3881 facerent?
1437 3823 1580 3877 absit
1611 3838 1626 3876 :
1654 3821 1673 3892 )
1706 3823 1801 3876 sed
1838 3820 2154 3889 simpliciter
2190 3820 2335 3888 ipsas
2363 3819 2672 3873 cathedras.

1119 3919 1184 3972 Et
1205 3917 1615 3972 consideremus
1645 3929 1758 3967 rem
1809 3912 2087 3975 subtilius,
2121 3913 2164 3964 si
2218 3911 2417 3981 placet.
2468 3909 2675 3978 Quippe

1116 4009 1331 4064 tametsi
1363 4007 1626 4062 divinitus
1655 4005 1869 4074 utrique
1923 4004 2180 4057 traditum
2240 4003 2313 4058 sit
2363 4003 2672 4071 imperium,

1105 4099 1248 4152 mihi
1277 4097 1422 4159 dico,
1457 4105 1508 4150 et
1539 4094 1671 4149 Mosi
1702 4110 1718 4150 :
1751 4094 1899 4163 (nam
1931 4101 1982 4148 et
2040 4093 2128 4147 ille
2178 4092 2285 4146 dux
2343 4093 2468 4154 luit,
2512 4101 2674 4161 atque

1118 4189 1326 4240 doctor.
1358 4183 1426 4238 At
1458 4185 1607 4238 istmc
1624 4183 1849 4237 omnino
1878 4183 2203 4250 proveniunt
2233 4197 2263 4235 a
2321 4181 2450 4246 Deo,
2502 4198 2677 4249 quan-

1113 4275 1406 4344 doquidem
1428 4271 1495 4328 ab
1516 4271 1610 4326 illo
1639 4279 1878 4339 potestas
1905 4269 2101 4334 omnis,
2124 4270 2418 4323 secundum
2442 4271 2674 4336 Aposto-

1114 4369 1224 4420 lum
1242 4368 1282 4434 :)
1305 4379 1526 4432 regnum
1552 4373 1732 4417 tamen
1762 4361 1916 4416 ducis
1951 4362 2175 4430 imperio
2196 4361 2538 4428 prastantius
2564 4371 2671 4425 est,

1113 4467 1167 4510 et
1189 4457 1354 4523 hujus
1388 4453 1647 4525 temporis
1673 4453 1932 4506 doctrinm.
1955 4450 2151 4518 priscis
2177 4451 2283 4504 illis
2338 4451 2495 4519 longe
2545 4459 2672 4504 sunt

2777 3271 2999 3337 ἄπαγε).
3020 3273 3117 3334 τὰς
3139 3272 3194 3324 δὲ
3217 3273 3482 3341 καθέδρας
3504 3274 3710 3337 ἀπλῶς.
3739 3270 3848 3329 Καὶ
3873 3277 4170 3343 σκοπῶμεν
4193 3277 4347 3346 ἀκριο

2776 3361 3050 3432 σέστερον,
3085 3363 3132 3416 ιι
3163 3363 3328 3416 δοκεῖ.
3361 3365 3422 3416 Εἰ
3457 3366 3564 3434 γὰρ
3596 3366 3687 3418 καὶ
3714 3366 3894 3418 θεόθεν
3919 3367 4256 3434 ἀμφοτέροις
4282 3369 4344 3418 τὰ

2775 3451 2875 3521 τῆς
2911 3454 3105 3522 ἀρχῆς,
3161 3455 3282 3522 ἐμοί
3317 3470 3375 3507 τε
3410 3455 3552 3523 λέγω
3586 3458 3679 3509 καὶ
3727 3457 3807 3525 τῷ
3859 3457 4023 3527 Μωσῇ
4072 3460 4189 3526 (καὶ
4240 3460 4346 3526 γὰρ

2775 3546 3026 3607 κάκεῖνος
3061 3545 3288 3613 ἡγεμὼν
3323 3545 3413 3598 καὶ
3459 3547 3809 3610 διδάσκαλος·
3842 3548 4002 3601 ταυτὶ
4043 3551 4098 3600 δὲ
4130 3551 4344 3610 πάντως

2776 3637 2838 3688 ἐκ
2869 3637 2962 3687 τοῦ
2993 3635 3147 3700 Θεοῦ,
3182 3637 3303 3690 ἐπεὶ
3330 3638 3421 3689 καὶ
3447 3639 3594 3688 πᾶσα
3625 3638 3863 3702 ἐξουσία,
3896 3639 4033 3690 κατὰ
4057 3641 4150 3689 τὸν
4185 3640 4341 3691 Ἀπόο

2777 3726 2987 3793 στολον)
3009 3741 3024 3757 ’
3057 3727 3174 3779 ἀλλ’
3205 3730 3237 3796 ἡ
3269 3727 3518 3796 βασιλεία
3552 3729 3793 3796 ἀμείνων
3822 3731 4142 3798 ἡγεμονίας,
4181 3732 4245 3783 αῖ
4287 3749 4341 3782 τε

2775 3816 2891 3865 νυνὶ
2915 3815 3124 3885 διδαχαὶ
3155 3817 3262 3867 τῶν
3293 3818 3637 3884 παλαιτέρων
3669 3818 3849 3888 πολλῷ
3877 3819 4226 3889 τελεώτεραι,
4251 3822 4343 3874 ἅτε

2776 3905 2841 3975 δὴ
2870 3905 2972 3973 τῆς
3013 3906 3138 3968 νέας
3169 3905 3442 3974 Διαθήκης
3477 3907 3868 3976 ἐξηρτημέναι,
3900 3911 3997 3978 τῆς
4025 3911 4344 3982 τελειούςης

2775 3996 2866 4050 τὸν
2898 3996 3084 4065 νόμον.
3125 3997 3282 4047 Ὥστε
3311 3995 3372 4047 τὸ
3402 3996 3535 4062 πρὸς
3559 3997 3616 4048 σέ
3648 4015 3750 4066 μου
3782 3998 3965 4066 σχῆμα
3993 4000 4171 4068 πολλῷ
4205 4019 4340 4069 προ-

2775 4088 2887 4156 έχει
2914 4086 2974 4139 οῦ
3012 4088 3171 4155 μόνον
3198 4087 3289 4139 τοῦ
3316 4088 3425 4140 τῶν
3463 4090 3653 4157 ἱερέων
3695 4091 3790 4142 καὶ
3829 4091 4165 4158 Φαρισαίων,
4201 4095 4337 4162 πρὸς

2775 4179 2864 4230 τὸν
2891 4179 2996 4230 τῶν
3038 4179 3314 4232 Ἰουδαίων
3356 4180 3501 4240 λαὸν,
3531 4180 3667 4233 ἀλλά
3707 4182 3802 4233 καὶ
3841 4182 3939 4249 τῆς
3969 4182 4062 4234 τοῦ
4095 4184 4337 4246 Μωσέως

2775 4270 3051 4340 ὑπεροχῆς
3102 4272 3199 4338 τῆς
3247 4272 3384 4341 πρὸς
3412 4272 3657 4332 ἐκείνους
3704 4275 3970 4336 ἅπαντας.
4023 4275 4085 4326 Εἰ
4138 4276 4196 4325 δὲ
4246 4278 4337 4328 καὶ

2775 4362 3060 4429 προφήτης
3087 4357 3156 4430 ἦν
3177 4364 3203 4412 ὁ
3230 4362 3454 4428 Μωσῆς,
3488 4364 3644 4431 ἡμεῖς
3665 4362 3709 4414 δ’
3738 4364 3795 4414 ὲν
3819 4363 4009 4431 πλῆθει
4041 4365 4340 4433 παραπτω-

2779 4451 2965 4519 μάτων
2985 4468 2998 4480 ο
3023 4449 3138 4504 ἀλλ’
3167 4452 3200 4520 ὴ
3234 4453 3510 4520 πατρότης
3542 4453 3891 4521 βεϐαιότερόν
3919 4471 3970 4506 τι
4002 4454 4196 4524 χρῆμα
4230 4457 4339 4517 τοῖς

1113 4547 1492 4618 perfectiores,
1516 4545 1595 4598 uti
1630 4557 1748 4613 qua:
1776 4542 2008 4612 pendent
2031 4558 2060 4596 a
2088 4557 2228 4596 novo
2271 4541 2493 4605 ledere,
2527 4542 2668 4610 quod
2703 4552 2746 4607 ι)
2775 4558 2900 4594 κεκτ

2552 4542 2668 4610 ίιιοό
2703 4552 2746 4607 ι)
2775 4541 3198 4611 κεκτημένοιςῆ
3237 4543 3297 4594 τὸ
3349 4543 3716 4613 προφητεύειν
3769 4545 3882 4604 τοῖς
3928 4545 4135 4612 ἔχουσι.
4174 4544 4339 4598 Τοῦτο

1101 4641 1286 4710 iugem
1297 4637 1531 4708 perﬁcit.
1553 4633 1737 4703 anue
1756 4646 1976 4705 propter
1993 4634 2046 4688 in
2065 4643 2120 4689 te
2134 4632 2267 4687 mihi
2289 4649 2405 4703 quae
2426 4634 2670 4687 auctori-

1113 4743 1200 4784 tas
1221 4738 1326 4793 est,
1343 4742 1450 4781 non
1475 4727 1650 4780 solum
1677 4725 2061 4780 auctoritatem
2082 4725 2425 4778 sacerdotum
2446 4739 2509 4778 ac
2534 4725 2673 4778 Pha-

1115 4823 1397 4873 risaeorum
1438 4831 1565 4886 erga
1611 4817 1862 4886 p0pulum
1893 4813 2174 4872 Iudaicum
2205 4823 2449 4884 superat,
2482 4830 2669 4867 verum

1112 4910 1285 4979 ipsius
1312 4909 1476 4963 etiam
1494 4906 1658 4961 loais
1674 4921 1804 4976 erga
1833 4905 1955 4960 illos
1984 4906 2268 4960 universos
2296 4906 2667 4960 eminentiam.

1110 5002 1263 5066 Quod
1287 5000 1334 5054 si
1353 4999 1590 5053 maxime
1610 4998 1875 5060 dicamus,
1900 4994 2100 5050 Mosem
2132 4994 2299 5049 fuisse
2326 4997 2672 5065 prophetam,

1114 5108 1214 5147 nos
1241 5107 1374 5146 vero
1409 5089 1752 5149 multitudine
1769 5087 2086 5141 delictorum
2109 5086 2314 5141 obsitos
2341 5101 2355 5138 :
2381 5095 2556 5140 tamen
2580 5101 2672 5152 pa-

1112 5183 1342 5238 ternitas
1360 5179 1563 5236 certius
1580 5178 1834 5248 quiddam
1854 5185 1935 5230 est
1955 5178 2022 5231 iis
2038 5177 2130 5246 qui
2151 5185 2274 5232 sunt
2288 5186 2489 5244 patres,
2505 5191 2667 5244 quam

1110 5272 1436 5327 vaticinandi
1458 5271 1658 5324 donum
1683 5269 1810 5330 illis,
1829 5267 1919 5336 qui
1943 5283 2007 5320 eo
2027 5277 2152 5321 sunt
2173 5267 2400 5335 praditi.
2421 5267 2549 5319 Nam
2571 5268 2670 5320 hoc

1107 5364 1328 5434 quidem
1359 5379 1385 5415 a
1415 5362 1599 5415 multis
1633 5361 1779 5414 velut
1813 5359 2068 5418 avolavit,
2126 5359 2214 5413 illa
2255 5373 2381 5412 vero
2416 5358 2529 5412 ﬁeri
2579 5374 2672 5412 ne-

1106 5456 1226 5525 quit
1258 5455 1728 5521 utexstinguatur,
1763 5451 1990 5516 ideoque
2020 5447 2216 5512 Moses,
2242 5450 2315 5500 uti
2349 5451 2437 5517 qni
2473 5464 2578 5502 non
2602 5449 2667 5502 ad

1111 5548 1254 5600 lilios
1285 5545 1603 5608 dissereret,
1634 5542 1964 5610 persuadere
2002 5541 2133 5593 nihil
2173 5544 2368 5608 potuit,
2399 5556 2519 5596 cum
2545 5543 2668 5609 qui-

1107 5639 1229 5691 dem
1265 5647 1317 5689 et
1349 5635 1758 5696 vaticinaretur,
1788 5641 1839 5686 et
1873 5633 2115 5700 prodigia
2161 5634 2401 5698 qumdam
2443 5632 2662 5686 iaceret.

1106 5731 1174 5784 At
1199 5741 1324 5796 erga
1358 5737 1539 5793 patres
1590 5724 1954 5777 inobedientia
1994 5723 2260 5790 reperitur
2287 5724 2372 5775 illa
2425 5726 2665 5792 quidem,

1108 5821 1203 5880 scd
1228 5819 1428 5888 rarius,
1460 5827 1514 5876 et
1543 5817 1597 5874 in
1629 5816 1936 5872 hominibus
1972 5815 2216 5883 famosis,
2249 5833 2352 5871 non
2382 5819 2473 5887 qui
2519 5833 2665 5872 men-

2775 4632 2882 4701 γὰρ
2915 4633 3127 4685 πολλῶν
3175 4633 3416 4702 ἀπέπτη,
3453 4634 3667 4702 εκείνην
3707 4634 3763 4686 δὲ
3796 4637 3891 4702 οὐχ
3938 4630 4049 4687 οἷόν
4076 4653 4138 4687 τε
4178 4653 4340 4704 μετα-

2773 4726 3144 4779 πεπτωκέναι.
3203 4726 3300 4778 Διά
3351 4726 3415 4795 δὴ
3461 4725 3654 4789 ταῦτα,
3707 4726 3781 4787 ὡς
3818 4728 3891 4795 μὴ
3931 4726 4067 4792 πρὸς
4121 4729 4280 4789 υῖὲας
4315 4731 4340 4779 ὁ

2774 4819 2980 4886 Μωσῆς
3011 4818 3414 4885 διαλεγόμενος,
3451 4817 3603 4870 οὐδὲν
3634 4817 3839 4882 ἔπειθε,
3882 4819 3974 4869 καὶ
4002 4816 4177 4870 ταῦτα
4210 4834 4343 4887 προ-

2774 4908 3025 4978 φητεύων
3056 4912 3152 4962 καὶ
3197 4907 3658 4977 θαυματουργῶν.
3714 4906 3960 4977 Πατράαι
3992 4907 4048 4959 δὲ
4094 4908 4340 4959 ἀπειθεῖν

2772 4999 2850 5052 ἔνι
2887 5000 3007 5068 μὲν,
3042 5003 3266 5052 σπάνιον
3295 4999 3373 5061 δὲ,
3403 5000 3498 5051 καὶ
3536 4997 3882 5068 βεϐοημένων
3914 4996 4246 5066 ἀνθρώπων,
4280 4998 4338 5050 οὐ

2772 5090 2900 5143 νοῦν
2932 5091 3024 5142 καὶ
3055 5091 3293 5160 τρόπους
3317 5091 3558 5159 ἀγαθοὺς
3590 5089 3964 5157 κεκτημένων.
4013 5089 4178 5141 Ἀλλά
4207 5106 4337 5144 ταυ-

2770 5185 2892 5253 τηνὶ
2923 5183 3022 5252 τὴν
3071 5183 3372 5254 ὑπεροχὴνῖ
3392 5183 3488 5237 καὶ
3535 5183 3628 5236 τὸν
3677 5182 3864 5250 θρόνον
3907 5179 4065 5234 οῐοθα
4124 5182 4245 5248 μὲν,
4279 5181 4337 5234 τῦ

2771 5271 2907 5335 οἶδα,
2954 5275 3154 5336 καλῶς.
3192 5275 3472 5344 Νουνεχής
3515 5291 3571 5327 τε
3614 5274 3722 5342 γὰρ
3767 5274 3934 5341 ἀνὴρ,
3972 5273 4064 5324 καὶ
4098 5274 4209 5325 ἀπὸ
4243 5275 4336 5342 τῆς

2771 5364 3055 5425 εὐλαϐείας
3079 5364 3169 5415 καὶ
3207 5367 3438 5433 στοργῆς
3474 5364 3573 5432 τῆς
3611 5364 3743 5434 πρὸς
3774 5367 3897 5425 τοὺς
3932 5368 4335 5435 γεγεννηκότας

2770 5457 2934 5523 ἡμᾶς,
2975 5455 3292 5520 λογίσασθαί
3324 5473 3381 5507 σε
3415 5456 3473 5509 τὸ
3504 5457 3674 5517 είκδς,
3708 5457 3930 5524 εὐχερές
3956 5457 4127 5519 έστιν,
4157 5455 4330 5524 οῐμαι.

2780 5548 3090 5614 ’Λμήχανον
3116 5547 3158 5598 δ’
3190 5546 3278 5597 οὖν
3313 5547 3556 5616 ἀκριϐῶς
3586 5549 3804 5608 εἰδέναι,
3839 5549 3961 5598 ὅσον
4057 5551 4329 5617 πατρὸτης

2767 5639 2913 5688 ἐστὶν
2944 5640 3106 5700 υἱέσι,
3155 5639 3243 5690 τὸν
3291 5639 3514 5707 μηδέπω
3545 5639 3802 5706 γεγονότα
3837 5639 4068 5703 πατέρα.
4105 5637 4195 5704 Τῷ
4225 5639 4326 5705 γὰρ

2766 5729 2872 5780 τῶν
2910 5729 3252 5797 πραγμάτιον
3286 5729 3578 5796 γεγεῦσθαι
3611 5730 3818 5798 βέλτιον
3857 5731 4038 5780 ἐκεῖνα
4067 5730 4317 5794 γινώακς·

2772 5838 2870 5888 μεν
2903 5821 3035 5890 ἢτῷ
3069 5823 3352 5892 λογισμοῖς
3386 5823 3682 5887 ἐξετάζειν.
3725 5820 3852 5890 Δοίη
3883 5837 3962 5872 σοι
3993 5819 4048 5872 δὲ
4078 5819 4206 5881 Θεὸς
4235 5819 4317 5868 καί
