4526 6514
212 541 310 604 561

1352 537 1640 598 ORATIO
1681 536 1784 598 AD
1826 533 2221 596 SUBDITOS.

3340 524 3445 586 562

211 651 395 711 αὐτοῖς
429 650 539 710 τοῖς
578 649 899 717 πράγμασιν
945 647 1018 709 ὠς
1076 646 1304 714 τάχιστα
1350 647 1672 716 ἐπιγνῶναι,
1719 645 1772 698 τί
1802 651 1843 708 Α
1878 658 1929 700 te
1957 646 1998 698 lu

1657 685 1672 716 ,
1719 645 1772 698 τί
1802 651 1843 708 Α
1878 658 1929 700 te
1957 645 2220 710 bonisque
2247 641 2490 695 moribus
2529 638 2740 710 praediti
2785 649 2930 696 ευιη.
2998 636 3100 691 Sed
3157 637 3304 690 enim
3355 644 3438 687 sat

213 757 346 792 ποτε
380 742 559 808 πατὴρ
577 741 690 791 ἐστι
722 739 856 807 πρὸς
871 739 996 801 τοὺς
1015 739 1212 799 παῖδας
1234 753 1246 767 ·
1264 737 1291 791 δ
1312 738 1406 790 καὶ
1424 736 1658 799 ἐλπίζω,
1685 736 1781 787 καὶ
1886 737 2000 790 scio

1657 783 1658 792 χ
1685 736 1781 787 καὶ
1886 737 2020 796 scio,
2055 735 2191 788 bene
2219 732 2312 786 tibi
2348 740 2531 785 notam
2558 745 2682 784 esse
2706 728 2973 782 rationem
3006 725 3170 792 hujus
3199 722 3444 778 eminen-

213 830 465 901 εὔχομαι,
511 830 609 883 καὶ
634 833 749 893 ταῖς
779 829 994 882 ἐλπίσιν
1036 830 1427 898 εύφραίνομαι,
1457 828 1551 881 καὶ
1579 827 1674 880 σοῦ
1716 845 1780 895 γε
1888 826 1976 880 tia:

1657 828 1674 879 i
1716 845 1780 895 γε
1888 826 1976 880 tia:
2001 833 2160 893 atque
2185 822 2387 877 throni.
2449 820 2658 890 Quippe
2707 819 2791 873 vir
2850 818 3089 886 prudens
3139 830 3220 878 es,
3269 817 3444 882 deque

213 923 533 992 μᾶλλον,ὠς
567 917 743 991 οἶμαι.
781 920 879 983 Δὸς
914 921 978 988 δὴ
1007 922 1235 985 πάντας,
1259 914 1304 973 ὦ
1338 921 1582 989 φίλτατε,
1609 919 1788 972 εὐδαί-

214 1015 355 1083 μονά
371 1031 437 1085 με
465 1013 730 1083 νομίζειν,
759 1011 906 1066 ὥσπε
915 1031 946 1082 ρ
968 1013 1046 1082 τῷ
1062 1012 1417 1081 καλδνζφῦσαι
1443 1011 1538 1066 καὶ
1558 1011 1784 1079 ἀγαθὸν,

211 1104 356 1157 οὕτω
399 1105 455 1157 δέ
495 1107 589 1157 καὶ
621 1104 698 1173 τῷ
739 1103 1054 1168 παιδεῦσαι,
1094 1106 1187 1157 καὶ
1238 1103 1477 1157 τοιοῦτον
1509 1102 1789 1170 ἀποφῆναι

214 1193 449 1259 βασιλέα
481 1193 573 1247 τὸν
595 1193 734 1258 υίδν,
760 1188 870 1246 οἷον
895 1194 965 1247 ἂν
995 1194 1048 1248 οῖ
1077 1195 1345 1265 νουνεχεῖς
1373 1194 1480 1247 τῶν
1509 1193 1599 1246 ὑπ’
1629 1191 1790 1246 αύτίν

215 1282 497 1347 εὔξαιντο.

1888 916 2086 986 pietate
2107 929 2171 970 ac
2204 901 2513 967 amore'tuo
2537 928 2664 981 erga
2720 925 2843 973 nos.
2889 909 2980 978 qui
3023 919 3073 962 te
3129 907 3444 976 genuimns.

1893 1005 2048 1061 facile
2079 1014 2130 1059 te
2158 1002 2299 1073 quod
2331 1017 2541 1072 :eqnum
2576 1008 2679 1064 cst,
2702 999 2972 1054 azstimare
3021 995 3277 1049 arbitror.
3302 991 3445 1045 Fieri

1893 1107 2072 1150 tamen
2102 1093 2310 1164 nequit,
2342 1093 2418 1146 uti
2466 1098 2666 1156 quanta
2719 1105 2806 1144 res
2835 1091 2909 1144 sit
2967 1087 3267 1157 paternitas
3317 1097 3446 1150 erga

1894 1187 2118 1253 liberos,
2146 1198 2398 1240 accurate
2430 1183 2594 1247 norit,
2612 1183 2704 1251 qui
2733 1181 2962 1235 necdum
2984 1179 3157 1232 factus
3175 1185 3258 1230 est
3273 1185 3449 1244 pater.

1893 1277 2024 1332 Nam
2044 1277 2110 1332 de
2134 1289 2312 1331 rerum
2333 1282 2494 1345 gustu
2531 1272 2732 1327 rectius
2754 1284 2848 1325 eas
2867 1267 3270 1337 cognoscimus,
3289 1278 3448 1332 quant

216 1373 562 1443 indagatione
585 1373 1001 1443 cogitationum.
1037 1373 1266 1428 Tribuat
1291 1381 1472 1427 autem
1511 1370 1606 1425 tibi
1633 1370 1774 1424 Deus
1816 1377 1874 1423 ut
1904 1382 2020 1436 Ipsa
2051 1382 2110 1422 re
2141 1364 2539 1437 quamprimum
2606 1360 2896 1428 intelligas,
2949 1355 3083 1426 quid
3146 1355 3220 1408 sit
3312 1364 3442 1418 erga

217 1468 417 1522 liberos
445 1483 565 1522 esse
593 1475 802 1536 patrem
833 1484 847 1522 :
875 1467 1019 1538 quod
1071 1475 1126 1522 et
1169 1467 1409 1519 futurum
1460 1478 1644 1534 spero,
1704 1473 1754 1518 et
1788 1470 1937 1530 opto,
2001 1470 2056 1514 et
2123 1460 2238 1529 ipsa
2293 1457 2359 1513 de
2393 1471 2490 1526 spe
2509 1455 2865 1523 voluptatem,
2893 1449 3152 1518 majorem
3182 1446 3265 1514 (ut
3323 1443 3440 1538 opi-

218 1571 340 1633 nor)
374 1578 533 1632 quam
586 1573 663 1626 tu,
728 1565 989 1633 percipio.
1044 1561 1173 1629 Fac,
1217 1560 1543 1617 charissime
1568 1559 1666 1622 ﬁli,
1720 1565 1780 1612 ut
1811 1571 2001 1612 omnes
2023 1571 2107 1611 me
2131 1555 2350 1610 beatum
2414 1551 2748 1616 existiment,
2786 1561 2908 1600 cum
2963 1542 3107 1614 quod
3177 1537 3451 1608 egregium

221 1669 272 1712 te
299 1661 724 1729 procrearerim,
771 1668 887 1714 tum
911 1661 1100 1726 etiam,
1131 1659 1273 1730 quod
1341 1655 1714 1721 educarerim,
1781 1653 2062 1732 liliumque
2106 1651 2264 1710 talem
2316 1649 2702 1720 imperatorem
2765 1641 3011 1707 fecerim,
3059 1638 3277 1708 qualem
3325 1647 3450 1688 cor-

217 1753 331 1806 dati
363 1753 568 1808 subditi
614 1753 939 1823 Optaverim.

1212 1943 3400 1979 Μ

251 1959 3434 2004 W

980 2148 1119 2235 ΩΣ
1179 2139 1324 2234 ΕΞ
1403 2139 2005 2232 ΕΥΜΕΝΟΥΣ
2064 2135 2651 2226 ΑΡΧΟΝΤΟΣ

1098 2323 1274 2379 ΠΡΟΣ
1309 2323 1583 2379 ΕΥΝΟΥΣ
1604 2318 1983 2376 ΥΠΗΚΟΟΥΣ
2011 2317 2192 2373 ΤΟΥΣ
2225 2316 2311 2369 ΕΝ
2353 2316 2576 2373 ΑΚΜΗ.

918 2655 1374 2751 ORATIO
1500 2652 2050 2746 PBOPITII
2157 2654 2771 2744 PRINCIPIS

699 2855 802 2915 AD
849 2852 1321 2917 BENEVOLOS
1364 2847 1745 2913 SUBDITOS
1783 2846 1921 2921 QUI
1968 2847 2276 2910 JETATIS
2301 2849 2377 2908 ΙΝ
2445 2848 2706 2910 FLORE
2755 2848 2977 2908 SUNT.

299 3178 378 3232 τδ
408 3176 534 3244 ὑμῖν
583 3175 826 3226 συνοῖσον
874 3171 1171 3240 εὐχόμενός
1221 3189 1280 3224 τι
1337 3172 1624 3239 διατελῶν,
1687 3175 1782 3228 καὶ
1815 3176 1858 3235 Β
1959 3172 2060 3239 Qui

1687 3175 1782 3228 καὶ
1815 3176 1858 3235 Β
1959 3172 2060 3239 Qui
2113 3189 2326 3244 semper
2357 3187 2387 3227 e
2416 3184 2600 3229 vestro
2646 3174 2787 3242 quod
2827 3175 3109 3229 commodo
3149 3177 3238 3242 sit,
3270 3186 3462 3245 Optare

229 3271 415 3340 ζητῶν
469 3268 640 3323 ᾇπασι
699 3265 946 3333 τρόποις,
1002 3267 1112 3317 δεῖν
1167 3262 1356 3334 ᾠήθην
1404 3264 1492 3317 διὰ
1548 3266 1797 3336 βραχέων

232 3364 430 3430 ὥσπερ
459 3377 511 3412 τι
546 3359 719 3427 δῶρον
744 3357 978 3410 ταυτασὶ
1023 3357 1125 3419 τὰς
1190 3356 1543 3426 παραινέσεις
1595 3362 1798 3417 εἰπεῖν.

245 3451 470 3519 Ἐπειδὴ
499 3448 688 3501 τοίνυν
727 3445 917 3515 ῶσπερ
953 3445 1241 3514 ἐμπέφυκε
1268 3449 1382 3508 τοῖς
1408 3448 1718 3518 ἀνθρώποις
1740 3452 1800 3505 τὸ

235 3543 332 3596 καὶ
358 3543 469 3601 τοῖς
507 3538 743 3605 θύραθεν
779 3535 1075 3590 ἐπιδιδόναι
1106 3537 1309 3606 ζητεῖν·
1343 3537 1440 3600 τὰς
1482 3539 1631 3592 ἔνδον
1678 3542 1799 3594 ἐπι.

234 3635 416 3695 δόσεις
449 3629 726 3701 προύργου
754 3627 1002 3680 τίθεσθαι
1029 3629 1160 3698 χρή.
1189 3627 1431 3690 Ταύταις
1464 3630 1571 3697 γὰρ
1595 3632 1800 3684 ἐκεῖναι

238 3725 603 3792 παρέπονται.
641 3721 703 3773 Ei
742 3718 867 3786 γοῦν
905 3715 1110 3784 ἀγαθός
1142 3734 1226 3780 τις
1258 3715 1328 3784 εί,
1361 3721 1454 3771 καὶ
1507 3719 1800 3789 παρελθεῖν

237 3818 444 3877 ἐθέλεις
479 3816 604 3874 τοὺς
641 3813 835 3882 ἥλικας
878 3808 935 3863 ἐν
962 3827 1022 3863 τε
1071 3810 1363 3880 δημοσίαις
1401 3815 1612 3879 τιμαῖς,
1650 3812 1708 3865 ἐν
1742 3829 1801 3864 τε

237 3909 430 3970 πᾶσιν,
461 3903 541 3966 οῖς
572 3903 810 3974 ζηλωτὸς
847 3902 913 3956 ἂν
936 3902 1116 3969 γένοιο
1148 3917 1162 3931 ·
1208 3901 1406 3971 θήρευε
1437 3903 1606 3955 ταῦτα
1634 3920 1802 3956 σπου-

236 3995 407 4057 δαίοις
445 3993 650 4064 ἔργοις,
677 3993 734 4044 ἐν
770 3991 942 4044 ἆπασι
965 3989 1220 4059 παρέχων
1257 3990 1455 4043 σαυτὸν
1507 3991 1604 4059 ούχ
1637 3986 1800 4059 ἦττον

237 4089 525 4160 πρόθυμον
553 4086 585 4154 ἦ
612 4085 823 4137 πιστόν.
850 4082 1021 4150 Φεῦγε
1069 4082 1169 4150 μὲν
1203 4082 1459 4147 νωθείαν,
1491 4084 1585 4136 καὶ
1636 4083 1803 4154 ρᾳθυ-

244 4182 400 4251 μίαν,
431 4177 613 4230 καὶτὸ
637 4174 920 4230 καθεύδειν
968 4173 1160 4236 ὕπτιος
1200 4174 1290 4228 ἐπὶ
1342 4173 1602 4243 μαλακῶν
1630 4191 1804 4246 στρω-

244 4271 453 4340 μάτων,
488 4266 659 4320 θέλων
693 4265 1055 4333 εὐδαιμονεῖν.
1083 4264 1158 4317 Ού
1188 4265 1296 4334 γὰρ
1327 4265 1497 4328 ἐστιν,
1522 4266 1622 4318 ούκ
1656 4267 1803 4320 ἐστιν

242 4357 304 4415 εὖ
359 4359 623 4425 πράττειν
682 4356 970 4425 ἄνθρωπον
1027 4355 1394 4425 ῥᾳθυμοῦντα,
1464 4356 1556 4410 καὶ
1599 4357 1803 4410 ἀναπε-

246 4449 532 4518 πτωκότα,
560 4447 655 4499 καὶ
685 4446 1078 4515 θρυπτόμενον.
1111 4445 1281 4498 Δίωκε
1307 4447 1364 4498 δὲ
1388 4447 1588 4509 ἐκεῖνα,
1612 4447 1648 4500 ἃ.
1675 4449 1803 4500 πολ-

243 4537 373 4600 λοὺς
400 4539 463 4590 ἐκ
498 4534 710 4603 φαύλης
741 4535 911 4603 τύχης
936 4529 1075 4586 οἶδεν
1104 4535 1326 4602 ἀνάγειν
1378 4537 1472 4588 ἐπὶ
1518 4535 1801 4604 λαμπράν.

242 4629 413 4684 Μίσει
449 4628 544 4680 καὶ
575 4626 634 4680 τὺ
659 4625 835 4678 θέλειν
858 4625 1056 4679 ἐσθίειν
1080 4626 1248 4693 ἀργός
1279 4643 1344 4694 γε
1398 4626 1493 4692 ὣν,
1524 4628 1679 4690 εἰδὼς
1730 4628 1805 4691 ὡς

241 4724 408 4789 ἔργον
436 4717 593 4771 τοῦτο
627 4719 912 4787 κηφήνων,
934 4718 1028 4779 οὓς
1055 4716 1152 4784 οὐχ
1176 4717 1325 4778 ὅπως
1349 4711 1407 4770 εὖ
1433 4719 1630 4783 ποιεῖν,
1666 4717 1807 4770 ἀλλὰ

240 4813 339 4866 καὶ
368 4810 602 4864 κτείνειν
631 4809 848 4878 φύσεως
879 4808 1044 4876 νόμος
1081 4811 1193 4871 τοῖς
1219 4807 1330 4860 τῶν
1360 4808 1635 4878 μελισσῶν
1667 4809 1807 4880 σμή-

242 4917 412 4955 νεσιν.
448 4897 659 4953 Οὔκουν
688 4914 752 4966 γε
765 4897 1070 4966 λαμϐάνειν
1084 4898 1348 4968 ἁρμόττει
1377 4900 1490 4960 τοῖς
1514 4899 1667 4968 παρὰ
1686 4900 1810 4967 σφί-

247 5011 338 5047 σιν
371 4991 554 5065 αύτοῖς
587 4991 696 5043 αῖεὶ
725 4989 827 5052 τὰς
869 4992 1058 5059 χεῖρας
1117 4989 1434 5060 κατέχουσι.
1475 4989 1647 5043 Τοῦτο
1698 4992 1809 5060 γὰρ

241 5080 653 5150 λελωδημένοις
687 5079 1001 5149 ἀνθρώποις
1067 5081 1162 5134 καὶ
1210 5080 1563 5150 παρειμένοις
1596 5082 1809 5152 προσή-

244 5192 367 5228 κειν
392 5171 597 5225 ἔοικεν’
624 5166 709 5234 οἷς
745 5171 801 5224 δὲ
835 5171 930 5225 καὶ
960 5173 1118 5242 ῥώμη
1156 5171 1429 5240 σώματος,
1470 5173 1567 5224 καὶ
1595 5172 1806 5238 νεότης,

244 5266 345 5318 καὶ
379 5262 579 5331 ὑγίεια,
636 5264 731 5317 καὶ
782 5261 844 5321 τδ
893 5261 1077 5327 άξιοῦν
1129 5262 1363 5316 κτᾶσθαι
1417 5261 1655 5331 μεγάλα,
1713 5263 1810 5315 καὶ

249 5355 434 5409 σοόεῖν
462 5353 1011 5425 παραπεμπομένους
1046 5353 1152 5407 ύπδ
1202 5353 1435 5417 πολλῶν,
1480 5354 1702 5417 τούτους
1753 5354 1812 5407 δέ

246 5445 539 5514 γενναίους
567 5445 770 5514 ἄνδρας
812 5445 1012 5507 αὐτοὺς
1069 5444 1342 5497 δεικνύναι
1400 5446 1541 5515 ὑπὲρ
1593 5446 1809 5513 γένους,

245 5538 392 5605 ὑπὲρ
421 5535 708 5605 πατρίδος,
755 5534 893 5608 ύπέρ
928 5535 1020 5588 τοῦ
1061 5535 1393 5605 κρατοῦντος
1431 5536 1621 5590 αὑτοῦ.
1654 5537 1811 5591 Οὕτω

245 5645 313 5697 γε
337 5627 598 5697 δρῶντες,
626 5622 670 5681 ὦ
695 5628 954 5696 φίλτατον
978 5630 1101 5698 ἐμοὶ
1151 5632 1362 5700 χρῆμα,
1398 5628 1493 5682 τοῦ
1535 5628 1809 5698 ζητουμέ-

247 5735 347 5769 νου
399 5716 595 5786 ῥᾳδίως
652 5719 933 5788 ἐπιτυχεῖς
994 5719 1202 5784 ἔσεσθε,
1246 5717 1382 5771 Θεοῦ
1437 5719 1808 5788 συλλήπτορας

247 5806 556 5875 γεγονότος.
591 5808 710 5862 Κᾶν
763 5807 838 5879 μὴ
889 5809 1058 5881 λάϐῃς
1113 5810 1298 5874 εὐθὺς,
1363 5812 1617 5879 αἰτήσας,
1682 5810 1806 5878 μήτ’

251 5901 596 5968 ἀγανακτεῖν
633 5900 998 5972 (μικρόψυχον
1029 5903 1179 5973 γὰρ),
1202 5902 1335 5971 μήτε
1373 5901 1803 5971 καθυφεῖναιτοῦ

1899 3279 2006 3319 non
2033 3265 2239 3330 desino,
2269 3275 2319 3320 et
2347 3266 2598 3320 omnibus
2642 3264 2782 3318 idem
2833 3264 3007 3321 modis
3034 3281 3296 3334 qumrere,
3344 3283 3470 3335 pro-

1897 3357 2148 3412 iercndas
2180 3358 2370 3426 paucis
2417 3355 2810 3413 admonitiones
2863 3355 3048 3417 hasce.
3080 3356 3358 3423 cujusdam
3385 3359 3469 3409 in-

1898 3455 2014 3501 star
2064 3448 2326 3513 muneris,
2359 3447 2570 3516 putavi.
2606 3445 2740 3500 Cum
2772 3460 2900 3515 ergo
2953 3446 3108 3514 quasi
3152 3448 3470 3504 Inurlnlilms

1901 3535 2145 3592 innatum
2177 3540 2271 3603 sit,
2305 3548 2360 3593 ut
2407 3540 2572 3593 etiam
2604 3541 2865 3593 bonorum
2894 3549 3242 3594 externorum
3296 3541 3472 3594 incre-

1901 3643 2081 3685 menta
2107 3631 2448 3686 desiderent:
2480 3645 2586 3698 quo
2615 3641 2917 3701 augeantur
2946 3631 3177 3694 interna,
3206 3633 3471 3699 prmcipua

1901 3722 2076 3776 danda
2104 3730 2186 3776 est
2218 3735 2412 3790 opera;
2448 3737 2571 3774 nam
2610 3722 2725 3776 haec
2768 3722 2858 3774 illa
2893 3722 3241 3778 comitantur.
3285 3721 3473 3791 Itaque

1901 3815 1945 3870 si
1979 3815 2149 3869 bonus
2179 3829 2258 3877 es,
2293 3825 2347 3868 et
2378 3815 2615 3881 aequales
2648 3828 2904 3881 superare
2969 3815 3147 3884 alpis,
3206 3828 3325 3867 cum
3374 3831 3474 3882 pu—

1900 3906 2058 3960 blicis
2089 3905 2139 3957 in
2195 3903 2510 3967 honoribus,
2559 3902 2751 3955 tumin
2786 3902 3056 3964 omnibus,
3093 3901 3288 3969 quibus
3330 3901 3471 3956 επὶιοὶ

1901 3997 2120 4066 poterit,
2157 4005 2215 4049 ut
2251 3995 2432 4063 aliquo
2485 3995 2562 4048 sis
2597 3994 2647 4046 in
2681 3995 2855 4060 pretio
2883 4011 2898 4046 :
2922 3993 3177 4048 studiosis
3215 3993 3329 4050 lucc
3381 3992 3469 4046 fa-

1904 4087 1972 4141 tis
2003 4087 2232 4150 enitere,
2256 4095 2410 4154 teque
2442 4099 2547 4140 nun
2594 4085 2770 4139 minus
2802 4084 3056 4146 alacrem,
3107 4099 3270 4155 quam
3304 4082 3474 4140 (idum

1903 4177 1957 4234 in
2021 4176 2269 4232 omnibus
2312 4176 2502 4245 gerito.
2534 4175 2640 4233 Fac
2673 4176 2956 4245 segnitiem
2997 4175 3363 4244 desidiamque
3387 4176 3474 4228 l'u-

1903 4269 2040 4337 gias,
2071 4277 2124 4320 et
2157 4265 2406 4321 mollibus
2440 4266 2491 4319 in
2521 4266 2778 4336 stragulis
2805 4267 3055 4336 supinam
3101 4266 3468 4332 cubationem,

1903 4359 1949 4414 si
1983 4359 2292 4413 beatitatem
2342 4359 2566 4426 adipisci
2600 4359 2827 4427 cogitas.
2891 4357 3087 4427 Neqnit
3119 4360 3264 4413 enim
3297 4369 3468 4424 certe,

1906 4451 2095 4521 nequit
2141 4451 2280 4513 ﬁeri,
2308 4451 2560 4506 secundis
2592 4459 2649 4504 ut
2686 4450 2844 4505 rebus
2878 4457 3059 4505 utatur
3086 4449 3246 4512 homo
3276 4451 3477 4504 desidis

1907 4544 2130 4613 ingenii,
2185 4542 2434 4610 supinus,
2470 4541 2699 4596 delicate
2746 4541 2952 4596 vivens.
2995 4541 3087 4596 Illa
3121 4556 3249 4596 vero
3298 4551 3479 4608 proso-

1905 4650 2094 4705 quere,
2122 4649 2245 4703 qua:
2270 4635 2334 4688 de
2365 4633 2578 4688 fortuna
2612 4634 2757 4688 tenui
2809 4634 3006 4695 multos
3040 4635 3108 4688 ad
3142 4634 3475 4705 splendidam

1907 4726 2203 4796 perducere
2253 4725 2451 4780 solent.
2489 4725 2573 4780 Sit
2602 4726 2763 4780 etiam
2798 4726 2922 4780 odio
2969 4725 3090 4790 tibi,
3146 4726 3475 4779 manducare

1909 4819 2185 4879 otiosum;
2223 4817 2368 4889 quod
2424 4816 2598 4886 ipsum
2656 4830 2788 4871 sane
2837 4816 3086 4871 fucorum
3142 4831 3262 4871 esse
3300 4816 3470 4883 noris,

1909 4926 2044 4982 quos
2072 4925 2177 4964 non
2218 4909 2436 4964 afﬁcere
2488 4909 2796 4974 beneﬁciis,
2834 4909 2925 4966 sed
2986 4909 3258 4975 occidere,
3307 4910 3471 4963 ductu

1911 5011 2117 5054 natura:
2148 4998 2406 5067 quodam.
2435 5013 2593 5066 apum
2633 4997 2883 5053 examina
2907 5009 3330 5053 consueverunt.
3368 5000 3477 5050 Ac.

1910 5095 2089 5155 cipere
2117 5089 2334 5157 quidem
2391 5097 2539 5142 certe
2574 5101 2678 5141 non
2728 5096 2812 5142 est
2843 5103 2939 5157 par
2967 5089 3107 5148 illus.
3147 5089 3235 5158 qui
3286 5103 3479 5141 manus

1909 5177 1961 5230 in
1990 5176 2111 5229 sinu
2170 5189 2386 5244 semper
2434 5175 2686 5240 retinent.
2728 5175 2839 5230 Hoc
2877 5177 3018 5231 enim
3082 5176 3342 5238 mutilatis
3381 5178 3478 5228 bo-

1909 5267 2143 5321 minibus
2199 5276 2255 5320 et
2301 5264 2621 5319 eﬂ'eminatis
2677 5266 2965 5321 convenire
2991 5266 3222 5320 videtur.
3253 5269 3321 5319 At
3349 5267 3473 5336 qui-

1912 5361 2011 5414 bus
2057 5369 2110 5412 et
2151 5358 2392 5425 corporis
2433 5358 2596 5410 robur
2635 5356 2807 5420 adest,
2836 5367 2889 5412 et
2929 5356 3180 5424 juvenilis
3237 5369 3368 5412 aetas
3424 5367 3479 5412 et

1913 5448 2188 5510 valetudo,
2239 5456 2293 5501 et
2348 5460 2664 5514 magnorum
2738 5447 3208 5514 acquirendarum,
3239 5462 3473 5514 cumque

1913 5537 2147 5606 plurium
2177 5537 2433 5590 comitatu
2469 5535 2746 5590 incedendi
2775 5536 3042 5606 cupiditas
3092 5551 3230 5602 :veos
3272 5553 3366 5605 par
3393 5545 3478 5592 est

1911 5631 2140 5699 probare
2159 5643 2218 5682 se
2265 5629 2409 5681 viros
2439 5637 2691 5683 strenuos
2733 5637 2894 5696 atque
2925 5629 3111 5690 fortes,
3137 5643 3233 5694 pro
3258 5629 3476 5683 natione

1912 5735 2032 5784 sua,
2066 5735 2162 5788 pro
2186 5721 2378 5788 patria,
2419 5735 2514 5788 pro
2548 5720 2664 5788 ipso
2704 5720 3048 5788 imperatore.
3081 5719 3136 5774 Si
3169 5721 3271 5774 hoc
3306 5720 3474 5775 facie.

1917 5811 2006 5874 tis,
2033 5810 2331 5865 cbarissimi
2363 5810 2586 5875 subditi,
2617 5809 2771 5865 facile
2823 5809 2929 5865 Deo
2949 5809 3171 5879 juvanle
3195 5809 3301 5863 voti
3328 5824 3478 5864 com-

1911 5913 2067 5976 potes
2104 5902 2276 5958 eritis.
2306 5902 2456 5974 Quod
2492 5901 2536 5959 si
2574 5917 2678 5957 non
2707 5901 2886 5958 statim
2916 5901 3187 5972 acceperis
3223 5901 3295 5968 id,
3327 5903 3470 5971 quod
