  <div class='ocr_page' id='page_1' title='image "/cluster/home/n/w/nwhite01/storage/ocr_20150623/156/nnc1.0046980911/284.png"; bbox 0 0 4526 6514; ppageno 0'>
   <div class='ocr_carea' id='block_1_1' title="bbox 219 528 324 587">
    <p class='ocr_par' dir='ltr' id='par_1_1' title="bbox 219 528 324 587">
     <span class='ocr_line' id='line_1_1' title="bbox 219 528 324 587; baseline -0.01 0"><span class='ocrx_word' id='word_1_1' title='bbox 219 528 324 587; x_wconf 79' lang='grc' dir='ltr'><strong>5εῐ5</strong></span> 
     </span>
    </p>
   </div>
   <div class='ocr_carea' id='block_1_2' title="bbox 1419 532 2170 598">
    <p class='ocr_par' dir='ltr' id='par_1_2' title="bbox 1419 532 2170 598">
     <span class='ocr_line' id='line_1_2' title="bbox 1419 532 2170 598; baseline 0.004 -4"><span class='ocrx_word' id='word_1_2' title='bbox 1419 532 1709 594; x_wconf 82' lang='lat' dir='ltr'><strong>PRECES</strong></span> <span class='ocrx_word' id='word_1_3' title='bbox 1737 534 2170 598; x_wconf 67' lang='lat' dir='ltr'><strong>MATUI‘IN/E.</strong></span> 
     </span>
    </p>
   </div>
   <div class='ocr_carea' id='block_1_3' title="bbox 3348 540 3449 602">
    <p class='ocr_par' dir='ltr' id='par_1_3' title="bbox 3348 540 3449 602">
     <span class='ocr_line' id='line_1_3' title="bbox 3348 540 3449 602; baseline 0.03 -3"><span class='ocrx_word' id='word_1_4' title='bbox 3348 540 3449 602; x_wconf 72' lang='grc'><strong>566</strong></span> 
     </span>
    </p>
   </div>
   <div class='ocr_carea' id='block_1_4' title="bbox 213 640 2000 722">
    <p class='ocr_par' dir='ltr' id='par_1_4' title="bbox 213 640 2000 710">
     <span class='ocr_line' id='line_1_4' title="bbox 213 640 2000 710; baseline 0.001 -17"><span class='ocrx_word' id='word_1_5' title='bbox 213 641 420 702; x_wconf 68' lang='grc' dir='ltr'>καὶτὰς</span> <span class='ocrx_word' id='word_1_6' title='bbox 437 641 663 702; x_wconf 75' lang='grc' dir='ltr'>πλοκὰς,</span> <span class='ocrx_word' id='word_1_7' title='bbox 689 641 781 691; x_wconf 81' lang='grc' dir='ltr'><strong>καὶ</strong></span> <span class='ocrx_word' id='word_1_8' title='bbox 808 640 900 702; x_wconf 73' lang='grc' dir='ltr'>τὰς</span> <span class='ocrx_word' id='word_1_9' title='bbox 924 641 1194 702; x_wconf 78' lang='grc' dir='ltr'>ποικιλίας</span> <span class='ocrx_word' id='word_1_10' title='bbox 1220 642 1470 707; x_wconf 78' lang='grc' dir='ltr'>ἐλέγξαις</span> <span class='ocrx_word' id='word_1_11' title='bbox 1497 643 1777 710; x_wconf 80' lang='grc' dir='ltr'>τηνάλλως</span> <span class='ocrx_word' id='word_1_12' title='bbox 1805 644 1855 702; x_wconf 75' lang='grc' dir='ltr'>Α</span> <span class='ocrx_word' id='word_1_13' title='bbox 1883 651 1937 694; x_wconf 89' lang='lat' dir='ltr'><strong>ct</strong></span> <span class='ocrx_word' id='word_1_14' title='bbox 1971 659 2000 693; x_wconf 89' lang='lat' dir='ltr'><strong>v</strong></span> 
     </span>
    </p>
   </div>
   <div class='ocr_carea' id='block_1_5' title="bbox 1662 640 3449 722">
    <p class='ocr_par' dir='ltr' id='par_1_5' title="bbox 1662 642 3449 722">
     <span class='ocr_line' id='line_1_5' title="bbox 1662 642 3449 722; baseline 0.005 -29"><span class='ocrx_word' id='word_1_15' title='bbox 1662 643 1777 705; x_wconf 76' lang='grc' dir='ltr'>,λως</span> <span class='ocrx_word' id='word_1_16' title='bbox 1805 644 1855 702; x_wconf 76' lang='grc' dir='ltr'>Α</span> <span class='ocrx_word' id='word_1_17' title='bbox 1883 651 1937 694; x_wconf 89' lang='lat' dir='ltr'><strong>ct</strong></span> <span class='ocrx_word' id='word_1_18' title='bbox 1971 643 2243 697; x_wconf 85' lang='lat' dir='ltr'><strong>versutias</strong></span> <span class='ocrx_word' id='word_1_19' title='bbox 2296 642 2363 696; x_wconf 75' lang='lat' dir='ltr'><strong>ab</strong></span> <span class='ocrx_word' id='word_1_20' title='bbox 2401 643 2487 696; x_wconf 87' lang='lat' dir='ltr'><strong>illa</strong></span> <span class='ocrx_word' id='word_1_21' title='bbox 2549 644 2747 697; x_wconf 79' lang='lat' dir='ltr'><strong>frustra</strong></span> <span class='ocrx_word' id='word_1_22' title='bbox 2790 650 3031 712; x_wconf 69' lang='lat' dir='ltr'><strong>repertas</strong></span> <span class='ocrx_word' id='word_1_23' title='bbox 3058 648 3293 712; x_wconf 81' lang='lat' dir='ltr'><strong>argnito.</strong></span> <span class='ocrx_word' id='word_1_24' title='bbox 3329 663 3449 722; x_wconf 65' lang='lat' dir='ltr'><strong>qua:</strong></span> 
     </span>
    </p>
   </div>
   <div class='ocr_carea' id='block_1_6' title="bbox 214 733 1776 802">
    <p class='ocr_par' dir='ltr' id='par_1_6' title="bbox 214 733 1776 802">
     <span class='ocr_line' id='line_1_6' title="bbox 214 733 1776 802; baseline 0.003 -20"><span class='ocrx_word' id='word_1_25' title='bbox 214 750 279 796; x_wconf 89' lang='grc' dir='ltr'><strong>γε</strong></span> <span class='ocrx_word' id='word_1_26' title='bbox 308 733 677 802; x_wconf 81' lang='grc' dir='ltr'>ὲξευρημὲνας</span> <span class='ocrx_word' id='word_1_27' title='bbox 704 733 782 798; x_wconf 84' lang='grc' dir='ltr'>τῷ</span> <span class='ocrx_word' id='word_1_28' title='bbox 826 733 1152 800; x_wconf 78' lang='grc' dir='ltr'><strong>πειρωμένῳ</strong></span> <span class='ocrx_word' id='word_1_29' title='bbox 1195 734 1331 800; x_wconf 67' lang='grc' dir='ltr'>πρὸς</span> <span class='ocrx_word' id='word_1_30' title='bbox 1368 735 1426 787; x_wconf 80' lang='grc' dir='ltr'>σὲ</span> <span class='ocrx_word' id='word_1_31' title='bbox 1458 735 1776 799; x_wconf 79' lang='grc' dir='ltr'><strong>σοφίζεσθαι</strong></span> 
     </span>
    </p>
   </div>
   <div class='ocr_carea' id='block_1_7' title="bbox 212 821 1776 895">
    <p class='ocr_par' dir='ltr' id='par_1_7' title="bbox 212 821 1776 895">
     <span class='ocr_line' id='line_1_7' title="bbox 212 821 1776 895; baseline 0.004 -21"><span class='ocrx_word' id='word_1_32' title='bbox 212 825 308 877; x_wconf 77' lang='grc' dir='ltr'>καὶ</span> <span class='ocrx_word' id='word_1_33' title='bbox 334 826 731 892; x_wconf 78' lang='grc' dir='ltr'><strong>ἀναισχυντεῖν.</strong></span> <span class='ocrx_word' id='word_1_34' title='bbox 790 821 916 878; x_wconf 75' lang='grc' dir='ltr'>Εἶεν</span> <span class='ocrx_word' id='word_1_35' title='bbox 937 827 1135 891; x_wconf 83' lang='grc' dir='ltr'>ταῦτα,</span> <span class='ocrx_word' id='word_1_36' title='bbox 1174 827 1265 879; x_wconf 83' lang='grc' dir='ltr'>καὶ</span> <span class='ocrx_word' id='word_1_37' title='bbox 1302 827 1523 880; x_wconf 70' lang='grc' dir='ltr'>ἔσεσθαί</span> <span class='ocrx_word' id='word_1_38' title='bbox 1571 845 1634 895; x_wconf 85' lang='grc' dir='ltr'><strong>γε</strong></span> <span class='ocrx_word' id='word_1_39' title='bbox 1685 845 1776 880; x_wconf 69' lang='lat' dir='ltr'><strong>ut.-</strong></span> 
     </span>
    </p>
   </div>
   <div class='ocr_carea' id='block_1_8' title="bbox 213 917 708 984">
    <p class='ocr_par' dir='ltr' id='par_1_8' title="bbox 213 917 708 984">
     <span class='ocr_line' id='line_1_8' title="bbox 213 917 708 984; baseline 0.004 -16"><span class='ocrx_word' id='word_1_40' title='bbox 213 917 435 968; x_wconf 84' lang='grc' dir='ltr'>στεύειν</span> <span class='ocrx_word' id='word_1_41' title='bbox 464 918 708 984; x_wconf 75' lang='grc' dir='ltr'>ἄμεινον.</span> 
     </span>
    </p>
   </div>
   <div class='ocr_carea' id='block_1_9' title="bbox 285 1007 1775 1080">
    <p class='ocr_par' dir='ltr' id='par_1_9' title="bbox 285 1007 1775 1080">
     <span class='ocr_line' id='line_1_9' title="bbox 285 1007 1775 1080; baseline 0.004 -22"><span class='ocrx_word' id='word_1_42' title='bbox 285 1007 429 1076; x_wconf 70' lang='grc' dir='ltr'>Πλὴν</span> <span class='ocrx_word' id='word_1_43' title='bbox 451 1007 637 1077; x_wconf 82' lang='grc' dir='ltr'>ᾠήθην</span> <span class='ocrx_word' id='word_1_44' title='bbox 677 1009 790 1061; x_wconf 86' lang='grc' dir='ltr'>δεῖν</span> <span class='ocrx_word' id='word_1_45' title='bbox 822 1009 1058 1065; x_wconf 79' lang='grc' dir='ltr'><strong>ἀνοίσειν</strong></span> <span class='ocrx_word' id='word_1_46' title='bbox 1093 1011 1232 1078; x_wconf 74' lang='grc' dir='ltr'>ὑπὲρ</span> <span class='ocrx_word' id='word_1_47' title='bbox 1260 1011 1498 1080; x_wconf 71' lang='grc' dir='ltr'>ἐμαυτοῦ</span> <span class='ocrx_word' id='word_1_48' title='bbox 1532 1029 1584 1064; x_wconf 88' lang='grc' dir='ltr'><strong>τι</strong></span> <span class='ocrx_word' id='word_1_49' title='bbox 1613 1011 1775 1065; x_wconf 80' lang='grc' dir='ltr'>πλέον</span> 
     </span>
    </p>
   </div>
   <div class='ocr_carea' id='block_1_10' title="bbox 208 1099 1774 1171">
    <p class='ocr_par' dir='ltr' id='par_1_10' title="bbox 208 1099 1774 1171">
     <span class='ocr_line' id='line_1_10' title="bbox 208 1099 1774 1171; baseline 0.006 -23"><span class='ocrx_word' id='word_1_50' title='bbox 208 1099 305 1149; x_wconf 83' lang='grc' dir='ltr'><strong>τοῦ</strong></span> <span class='ocrx_word' id='word_1_51' title='bbox 329 1102 449 1160; x_wconf 84' lang='grc' dir='ltr'>ταῖς</span> <span class='ocrx_word' id='word_1_52' title='bbox 484 1100 779 1168; x_wconf 73' lang='grc' dir='ltr'><strong>ἁμαρτίαις</strong></span> <span class='ocrx_word' id='word_1_53' title='bbox 812 1100 1018 1171; x_wconf 78' lang='grc' dir='ltr'>βεϐαρη</span> <span class='ocrx_word' id='word_1_54' title='bbox 1033 1101 1194 1168; x_wconf 84' lang='grc' dir='ltr'>μένου</span> <span class='ocrx_word' id='word_1_55' title='bbox 1225 1103 1300 1171; x_wconf 80' lang='grc' dir='ltr'>τῷ</span> <span class='ocrx_word' id='word_1_56' title='bbox 1330 1105 1456 1165; x_wconf 82' lang='grc' dir='ltr'>τοὺς</span> <span class='ocrx_word' id='word_1_57' title='bbox 1497 1104 1774 1167; x_wconf 79' lang='grc' dir='ltr'><strong>τοιούτους</strong></span> 
     </span>
    </p>
   </div>
   <div class='ocr_carea' id='block_1_11' title="bbox 210 1190 1774 1266">
    <p class='ocr_par' dir='ltr' id='par_1_11' title="bbox 210 1190 1774 1266">
     <span class='ocr_line' id='line_1_11' title="bbox 210 1190 1774 1266; baseline 0.005 -27"><span class='ocrx_word' id='word_1_58' title='bbox 210 1190 293 1252; x_wconf 86' lang='grc' dir='ltr'><strong>είς</strong></span> <span class='ocrx_word' id='word_1_59' title='bbox 317 1191 629 1244; x_wconf 75' lang='grc' dir='ltr'>ἀνάπαυσιν</span> <span class='ocrx_word' id='word_1_60' title='bbox 657 1193 971 1261; x_wconf 77' lang='grc' dir='ltr'><strong>κεκληκότι.</strong></span> <span class='ocrx_word' id='word_1_61' title='bbox 1013 1193 1076 1246; x_wconf 83' lang='grc' dir='ltr'><strong>Ὀ</strong></span> <span class='ocrx_word' id='word_1_62' title='bbox 1109 1195 1288 1247; x_wconf 90' lang='grc' dir='ltr'>τοίνυν</span> <span class='ocrx_word' id='word_1_63' title='bbox 1312 1194 1404 1248; x_wconf 71' lang='grc' dir='ltr'><strong>ἐπὶ</strong></span> <span class='ocrx_word' id='word_1_64' title='bbox 1459 1197 1571 1256; x_wconf 87' lang='grc' dir='ltr'>τοῖς</span> <span class='ocrx_word' id='word_1_65' title='bbox 1619 1197 1774 1266; x_wconf 69' lang='grc' dir='ltr'>έμοῖς</span> 
     </span>
    </p>
   </div>
   <div class='ocr_carea' id='block_1_12' title="bbox 213 1280 1772 1354">
    <p class='ocr_par' dir='ltr' id='par_1_12' title="bbox 213 1280 1772 1354">
     <span class='ocr_line' id='line_1_12' title="bbox 213 1280 1772 1354; baseline 0.005 -24"><span class='ocrx_word' id='word_1_66' title='bbox 213 1280 590 1349; x_wconf 76' lang='grc' dir='ltr'><strong>μακροθυμῶν</strong></span> <span class='ocrx_word' id='word_1_67' title='bbox 635 1281 1100 1351; x_wconf 85' lang='grc' dir='ltr'>πλημμελήμασι,</span> <span class='ocrx_word' id='word_1_68' title='bbox 1135 1285 1235 1352; x_wconf 81' lang='grc' dir='ltr'>τὴν</span> <span class='ocrx_word' id='word_1_69' title='bbox 1285 1286 1425 1354; x_wconf 64' lang='grc' dir='ltr'>ἐμὴν</span> <span class='ocrx_word' id='word_1_70' title='bbox 1458 1287 1772 1354; x_wconf 72' lang='grc' dir='ltr'>περιμένων</span> 
     </span>
    </p>
   </div>
   <div class='ocr_carea' id='block_1_13' title="bbox 210 1368 1771 1441">
    <p class='ocr_par' dir='ltr' id='par_1_13' title="bbox 210 1368 1771 1441">
     <span class='ocr_line' id='line_1_13' title="bbox 210 1368 1771 1441; baseline 0.003 -22"><span class='ocrx_word' id='word_1_71' title='bbox 210 1370 572 1439; x_wconf 77' lang='grc' dir='ltr'>ἐπιστροφὴν,</span> <span class='ocrx_word' id='word_1_72' title='bbox 607 1368 729 1424; x_wconf 82' lang='grc' dir='ltr'>εἶτα</span> <span class='ocrx_word' id='word_1_73' title='bbox 748 1373 861 1432; x_wconf 84' lang='grc' dir='ltr'>τοῖς</span> <span class='ocrx_word' id='word_1_74' title='bbox 895 1371 1188 1440; x_wconf 81' lang='grc' dir='ltr'>προτέροις</span> <span class='ocrx_word' id='word_1_75' title='bbox 1222 1371 1535 1440; x_wconf 83' lang='grc' dir='ltr'>ὲμμένοντι,</span> <span class='ocrx_word' id='word_1_76' title='bbox 1569 1372 1645 1441; x_wconf 85' lang='grc' dir='ltr'>τῷ</span> <span class='ocrx_word' id='word_1_77' title='bbox 1661 1372 1771 1425; x_wconf 89' lang='grc' dir='ltr'><strong>τῶν</strong></span> 
     </span>
    </p>
   </div>
   <div class='ocr_carea' id='block_1_14' title="bbox 206 1464 1769 1534">
    <p class='ocr_par' dir='ltr' id='par_1_14' title="bbox 206 1464 1769 1534">
     <span class='ocr_line' id='line_1_14' title="bbox 206 1464 1769 1534; baseline 0.003 -20"><span class='ocrx_word' id='word_1_78' title='bbox 206 1464 396 1516; x_wconf 71' lang='grc' dir='ltr'>κακῶν</span> <span class='ocrx_word' id='word_1_79' title='bbox 416 1466 474 1516; x_wconf 75' lang='grc' dir='ltr'>ὲν</span> <span class='ocrx_word' id='word_1_80' title='bbox 505 1465 616 1527; x_wconf 72' lang='grc' dir='ltr'>ἕξει</span> <span class='ocrx_word' id='word_1_81' title='bbox 654 1483 720 1534; x_wconf 88' lang='grc' dir='ltr'><strong>με</strong></span> <span class='ocrx_word' id='word_1_82' title='bbox 744 1467 1052 1533; x_wconf 78' lang='grc' dir='ltr'>γεγονέναι,</span> <span class='ocrx_word' id='word_1_83' title='bbox 1083 1466 1320 1533; x_wconf 78' lang='grc' dir='ltr'><strong>τρόπους</strong></span> <span class='ocrx_word' id='word_1_84' title='bbox 1361 1483 1454 1533; x_wconf 91' lang='grc' dir='ltr'><strong>μοι</strong></span> <span class='ocrx_word' id='word_1_85' title='bbox 1499 1466 1769 1522; x_wconf 79' lang='grc' dir='ltr'>παντοδα-</span> 
     </span>
    </p>
   </div>
   <div class='ocr_carea' id='block_1_15' title="bbox 205 1557 1770 1626">
    <p class='ocr_par' dir='ltr' id='par_1_15' title="bbox 205 1557 1770 1626">
     <span class='ocr_line' id='line_1_15' title="bbox 205 1557 1770 1626; baseline 0.003 -20"><span class='ocrx_word' id='word_1_86' title='bbox 205 1557 343 1616; x_wconf 80' lang='grc' dir='ltr'>ποὺς</span> <span class='ocrx_word' id='word_1_87' title='bbox 376 1557 730 1623; x_wconf 78' lang='grc' dir='ltr'>ἐπιγνώσεως</span> <span class='ocrx_word' id='word_1_88' title='bbox 754 1561 1068 1626; x_wconf 73' lang='grc' dir='ltr'><strong>ὑπανοίγων</strong></span> <span class='ocrx_word' id='word_1_89' title='bbox 1093 1576 1107 1591; x_wconf 79' lang='grc' dir='ltr'><strong>ο</strong></span> <span class='ocrx_word' id='word_1_90' title='bbox 1142 1562 1235 1613; x_wconf 72' lang='grc' dir='ltr'>καὶ</span> <span class='ocrx_word' id='word_1_91' title='bbox 1271 1560 1360 1613; x_wconf 83' lang='grc' dir='ltr'>διὰ</span> <span class='ocrx_word' id='word_1_92' title='bbox 1394 1561 1614 1613; x_wconf 89' lang='grc' dir='ltr'>πάντων</span> <span class='ocrx_word' id='word_1_93' title='bbox 1644 1560 1770 1612; x_wconf 80' lang='grc' dir='ltr'>ἐνά-</span> 
     </span>
    </p>
   </div>
   <div class='ocr_carea' id='block_1_16' title="bbox 204 1650 1768 1720">
    <p class='ocr_par' dir='ltr' id='par_1_16' title="bbox 204 1650 1768 1720">
     <span class='ocr_line' id='line_1_16' title="bbox 204 1650 1768 1720; baseline 0.003 -21"><span class='ocrx_word' id='word_1_94' title='bbox 204 1663 340 1712; x_wconf 91' lang='grc' dir='ltr'>γων,</span> <span class='ocrx_word' id='word_1_95' title='bbox 374 1650 496 1702; x_wconf 78' lang='grc' dir='ltr'>ὅθεν</span> <span class='ocrx_word' id='word_1_96' title='bbox 518 1651 618 1719; x_wconf 77' lang='grc' dir='ltr'>τὴν</span> <span class='ocrx_word' id='word_1_97' title='bbox 645 1650 821 1720; x_wconf 82' lang='grc' dir='ltr'>ἀρχὴν</span> <span class='ocrx_word' id='word_1_98' title='bbox 865 1652 1243 1704; x_wconf 81' lang='grc' dir='ltr'>ὲκπεπτώκειν</span> <span class='ocrx_word' id='word_1_99' title='bbox 1295 1652 1390 1703; x_wconf 90' lang='grc' dir='ltr'><strong>σοῦ</strong></span> <span class='ocrx_word' id='word_1_100' title='bbox 1422 1668 1484 1703; x_wconf 93' lang='grc' dir='ltr'><strong>τε</strong></span> <span class='ocrx_word' id='word_1_101' title='bbox 1541 1653 1636 1704; x_wconf 77' lang='grc' dir='ltr'>καὶ</span> <span class='ocrx_word' id='word_1_102' title='bbox 1671 1650 1768 1718; x_wconf 72' lang='grc' dir='ltr'>τῆς</span> 
     </span>
    </p>
   </div>
   <div class='ocr_carea' id='block_1_17' title="bbox 205 1739 1769 1813">
    <p class='ocr_par' dir='ltr' id='par_1_17' title="bbox 205 1739 1769 1813">
     <span class='ocr_line' id='line_1_17' title="bbox 205 1739 1769 1813; baseline 0.002 -23"><span class='ocrx_word' id='word_1_103' title='bbox 205 1739 306 1806; x_wconf 80' lang='grc' dir='ltr'>σῆς</span> <span class='ocrx_word' id='word_1_104' title='bbox 339 1739 616 1808; x_wconf 76' lang='grc' dir='ltr'>βασιλείας</span> <span class='ocrx_word' id='word_1_105' title='bbox 635 1758 650 1773; x_wconf 89' lang='grc'><strong>·</strong></span> <span class='ocrx_word' id='word_1_106' title='bbox 682 1745 710 1796; x_wconf 86' lang='grc' dir='ltr'>ὁ</span> <span class='ocrx_word' id='word_1_107' title='bbox 733 1743 828 1796; x_wconf 78' lang='grc' dir='ltr'>καὶ</span> <span class='ocrx_word' id='word_1_108' title='bbox 855 1744 954 1813; x_wconf 81' lang='grc' dir='ltr'>τὴν</span> <span class='ocrx_word' id='word_1_109' title='bbox 986 1744 1230 1812; x_wconf 79' lang='grc' dir='ltr'>σήμερον</span> <span class='ocrx_word' id='word_1_110' title='bbox 1247 1743 1372 1810; x_wconf 64' lang='grc' dir='ltr'><strong>ἐμοὶ</strong></span> <span class='ocrx_word' id='word_1_111' title='bbox 1397 1742 1769 1811; x_wconf 76' lang='grc' dir='ltr'>χαρισάμενος</span> 
     </span>
    </p>
   </div>
   <div class='ocr_carea' id='block_1_18' title="bbox 205 1832 1766 1905">
    <p class='ocr_par' dir='ltr' id='par_1_18' title="bbox 205 1832 1766 1905">
     <span class='ocr_line' id='line_1_18' title="bbox 205 1832 1766 1905; baseline 0.002 -22"><span class='ocrx_word' id='word_1_112' title='bbox 205 1832 498 1898; x_wconf 83' lang='grc' dir='ltr'>μετανοίας</span> <span class='ocrx_word' id='word_1_113' title='bbox 529 1834 808 1904; x_wconf 77' lang='grc' dir='ltr'>ἀφορμὴν,</span> <span class='ocrx_word' id='word_1_114' title='bbox 832 1836 894 1887; x_wconf 83' lang='grc' dir='ltr'><strong>τὺ</strong></span> <span class='ocrx_word' id='word_1_115' title='bbox 922 1835 1205 1905; x_wconf 73' lang='grc' dir='ltr'>καταρχὰς</span> <span class='ocrx_word' id='word_1_116' title='bbox 1237 1851 1323 1886; x_wconf 91' lang='grc' dir='ltr'><strong>σοι</strong></span> <span class='ocrx_word' id='word_1_117' title='bbox 1351 1835 1603 1905; x_wconf 84' lang='grc' dir='ltr'>κύρωσον</span> <span class='ocrx_word' id='word_1_118' title='bbox 1638 1833 1766 1902; x_wconf 85' lang='grc' dir='ltr'>βού-</span> 
     </span>
    </p>
   </div>
   <div class='ocr_carea' id='block_1_19' title="bbox 203 1906 1765 1997">
    <p class='ocr_par' dir='ltr' id='par_1_19' title="bbox 203 1906 1765 1997">
     <span class='ocr_line' id='line_1_19' title="bbox 203 1906 1765 1997; baseline 0.002 -23"><span class='ocrx_word' id='word_1_119' title='bbox 203 1927 374 1992; x_wconf 82' lang='grc' dir='ltr'>λημα,</span> <span class='ocrx_word' id='word_1_120' title='bbox 410 1906 783 1995; x_wconf 54' lang='grc' dir='ltr'>καῖ’καθαρὰν</span> <span class='ocrx_word' id='word_1_121' title='bbox 810 1929 1151 1996; x_wconf 72' lang='grc' dir='ltr'>ἐπιστροφήν</span> <span class='ocrx_word' id='word_1_122' title='bbox 1181 1945 1274 1994; x_wconf 91' lang='grc' dir='ltr'><strong>μοι</strong></span> <span class='ocrx_word' id='word_1_123' title='bbox 1299 1928 1635 1997; x_wconf 83' lang='grc' dir='ltr'>χορήγησον,</span> <span class='ocrx_word' id='word_1_124' title='bbox 1670 1927 1765 1978; x_wconf 84' lang='grc' dir='ltr'>καὶ</span> 
     </span>
    </p>
   </div>
   <div class='ocr_carea' id='block_1_20' title="bbox 1882 734 3450 801">
    <p class='ocr_par' dir='ltr' id='par_1_20' title="bbox 1882 734 3450 801">
     <span class='ocr_line' id='line_1_20' title="bbox 1882 734 3450 801; baseline 0.004 -15"><span class='ocrx_word' id='word_1_125' title='bbox 1882 744 1937 786; x_wconf 87' lang='lat' dir='ltr'><strong>et</strong></span> <span class='ocrx_word' id='word_1_126' title='bbox 1973 734 2283 801; x_wconf 70' lang='lat' dir='ltr'><strong>impnsturis</strong></span> <span class='ocrx_word' id='word_1_127' title='bbox 2337 734 2437 797; x_wconf 90' lang='lat' dir='ltr'><strong>uti,</strong></span> <span class='ocrx_word' id='word_1_128' title='bbox 2483 745 2537 788; x_wconf 86' lang='lat' dir='ltr'><strong>et</strong></span> <span class='ocrx_word' id='word_1_129' title='bbox 2573 734 2915 801; x_wconf 77' lang='lat' dir='ltr'><strong>impudenter</strong></span> <span class='ocrx_word' id='word_1_130' title='bbox 2950 736 3000 787; x_wconf 91' lang='lat' dir='ltr'><strong>in</strong></span> <span class='ocrx_word' id='word_1_131' title='bbox 3035 744 3085 787; x_wconf 88' lang='lat' dir='ltr'><strong>le</strong></span> <span class='ocrx_word' id='word_1_132' title='bbox 3129 735 3450 792; x_wconf 65' lang='lat' dir='ltr'><strong>dcbaci-liari</strong></span> 
     </span>
    </p>
   </div>
   <div class='ocr_carea' id='block_1_21' title="bbox 1880 822 3455 891">
    <p class='ocr_par' dir='ltr' id='par_1_21' title="bbox 1880 822 3455 891">
     <span class='ocr_line' id='line_1_21' title="bbox 1880 822 3455 891; baseline 0.001 -13"><span class='ocrx_word' id='word_1_133' title='bbox 1880 836 2129 880; x_wconf 87' lang='lat' dir='ltr'><strong>conatur.</strong></span> <span class='ocrx_word' id='word_1_134' title='bbox 2165 822 2269 880; x_wconf 82' lang='lat' dir='ltr'><strong>Fac</strong></span> <span class='ocrx_word' id='word_1_135' title='bbox 2297 826 2397 881; x_wconf 84' lang='lat' dir='ltr'><strong>ista</strong></span> <span class='ocrx_word' id='word_1_136' title='bbox 2426 826 2505 880; x_wconf 90' lang='lat' dir='ltr'><strong>sic</strong></span> <span class='ocrx_word' id='word_1_137' title='bbox 2540 826 2816 891; x_wconf 86' lang='lat' dir='ltr'><strong>eveniant,</strong></span> <span class='ocrx_word' id='word_1_138' title='bbox 2853 835 2906 880; x_wconf 86' lang='lat' dir='ltr'><strong>et</strong></span> <span class='ocrx_word' id='word_1_139' title='bbox 2929 827 3153 880; x_wconf 86' lang='lat' dir='ltr'><strong>credere</strong></span> <span class='ocrx_word' id='word_1_140' title='bbox 3181 829 3260 881; x_wconf 87' lang='lat' dir='ltr'><strong>sic</strong></span> <span class='ocrx_word' id='word_1_141' title='bbox 3289 844 3455 882; x_wconf 85' lang='lat' dir='ltr'><strong>even-</strong></span> 
     </span>
    </p>
   </div>
   <div class='ocr_carea' id='block_1_22' title="bbox 1881 924 2285 984">
    <p class='ocr_par' dir='ltr' id='par_1_22' title="bbox 1881 924 2285 984">
     <span class='ocr_line' id='line_1_22' title="bbox 1881 924 2285 984; baseline 0.007 -16"><span class='ocrx_word' id='word_1_142' title='bbox 1881 924 2020 978; x_wconf 96' lang='lat' dir='ltr'><strong>tura,</strong></span> <span class='ocrx_word' id='word_1_143' title='bbox 2048 927 2285 984; x_wconf 61' lang='lat' dir='ltr'><strong>praestat.</strong></span> 
     </span>
    </p>
   </div>
   <div class='ocr_carea' id='block_1_23' title="bbox 1946 1005 3448 1079">
    <p class='ocr_par' dir='ltr' id='par_1_23' title="bbox 1946 1005 3448 1079">
     <span class='ocr_line' id='line_1_23' title="bbox 1946 1005 3448 1079; baseline 0.005 -18"><span class='ocrx_word' id='word_1_144' title='bbox 1946 1005 2309 1064; x_wconf 77' lang='lat' dir='ltr'><strong>Nihilominus</strong></span> <span class='ocrx_word' id='word_1_145' title='bbox 2357 1023 2476 1062; x_wconf 89' lang='lat' dir='ltr'><strong>mea</strong></span> <span class='ocrx_word' id='word_1_146' title='bbox 2507 1024 2669 1063; x_wconf 82' lang='lat' dir='ltr'><strong>causa</strong></span> <span class='ocrx_word' id='word_1_147' title='bbox 2726 1008 2981 1079; x_wconf 81' lang='lat' dir='ltr'><strong>quiddam</strong></span> <span class='ocrx_word' id='word_1_148' title='bbox 3015 1011 3246 1078; x_wconf 77' lang='lat' dir='ltr'><strong>amplius</strong></span> <span class='ocrx_word' id='word_1_149' title='bbox 3295 1015 3360 1064; x_wconf 87' lang='lat' dir='ltr'><strong>ad</strong></span> <span class='ocrx_word' id='word_1_150' title='bbox 3398 1025 3448 1068; x_wconf 78' lang='lat' dir='ltr'><strong>te</strong></span> 
     </span>
    </p>
   </div>
   <div class='ocr_carea' id='block_1_24' title="bbox 1878 1096 3446 1169">
    <p class='ocr_par' dir='ltr' id='par_1_24' title="bbox 1878 1096 3446 1169">
     <span class='ocr_line' id='line_1_24' title="bbox 1878 1096 3446 1169; baseline 0.003 -19"><span class='ocrx_word' id='word_1_151' title='bbox 1878 1096 2220 1152; x_wconf 80' lang='lat' dir='ltr'><strong>referendum</strong></span> <span class='ocrx_word' id='word_1_152' title='bbox 2268 1098 2476 1166; x_wconf 84' lang='lat' dir='ltr'><strong>putavi,</strong></span> <span class='ocrx_word' id='word_1_153' title='bbox 2537 1101 2629 1167; x_wconf 87' lang='lat' dir='ltr'><strong>qui</strong></span> <span class='ocrx_word' id='word_1_154' title='bbox 2683 1101 2920 1169; x_wconf 72' lang='lat' dir='ltr'><strong>peccatis</strong></span> <span class='ocrx_word' id='word_1_155' title='bbox 2977 1112 3233 1168; x_wconf 75' lang='lat' dir='ltr'><strong>gravatus</strong></span> <span class='ocrx_word' id='word_1_156' title='bbox 3301 1119 3446 1164; x_wconf 74' lang='lat' dir='ltr'><strong>sum,</strong></span> 
     </span>
    </p>
   </div>
   <div class='ocr_carea' id='block_1_25' title="bbox 1873 1191 3446 1262">
    <p class='ocr_par' dir='ltr' id='par_1_25' title="bbox 1873 1191 3446 1262">
     <span class='ocr_line' id='line_1_25' title="bbox 1873 1191 3446 1262; baseline 0.003 -19"><span class='ocrx_word' id='word_1_157' title='bbox 1873 1191 2174 1259; x_wconf 85' lang='lat' dir='ltr'><strong>cujusmodi</strong></span> <span class='ocrx_word' id='word_1_158' title='bbox 2255 1201 2311 1245; x_wconf 93' lang='lat' dir='ltr'><strong>tu</strong></span> <span class='ocrx_word' id='word_1_159' title='bbox 2368 1192 2627 1246; x_wconf 73' lang='lat' dir='ltr'><strong>mortales</strong></span> <span class='ocrx_word' id='word_1_160' title='bbox 2682 1195 2749 1247; x_wconf 88' lang='lat' dir='ltr'><strong>ad</strong></span> <span class='ocrx_word' id='word_1_161' title='bbox 2828 1195 3123 1262; x_wconf 82' lang='lat' dir='ltr'><strong>requietem</strong></span> <span class='ocrx_word' id='word_1_162' title='bbox 3185 1194 3446 1255; x_wconf 65' lang='lat' dir='ltr'><strong>invitasti.</strong></span> 
     </span>
    </p>
   </div>
   <div class='ocr_carea' id='block_1_26' title="bbox 1872 1279 3445 1349">
    <p class='ocr_par' dir='ltr' id='par_1_26' title="bbox 1872 1279 3445 1349">
     <span class='ocr_line' id='line_1_26' title="bbox 1872 1279 3445 1349; baseline 0.004 -18"><span class='ocrx_word' id='word_1_163' title='bbox 1872 1279 1973 1345; x_wconf 83' lang='lat' dir='ltr'><strong>Qui</strong></span> <span class='ocrx_word' id='word_1_164' title='bbox 2003 1293 2131 1349; x_wconf 78' lang='lat' dir='ltr'><strong>ergo</strong></span> <span class='ocrx_word' id='word_1_165' title='bbox 2161 1280 2413 1335; x_wconf 82' lang='lat' dir='ltr'><strong>diuturna</strong></span> <span class='ocrx_word' id='word_1_166' title='bbox 2450 1282 2710 1349; x_wconf 72' lang='lat' dir='ltr'><strong>patientia</strong></span> <span class='ocrx_word' id='word_1_167' title='bbox 2739 1284 2871 1337; x_wconf 77' lang='lat' dir='ltr'><strong>meis</strong></span> <span class='ocrx_word' id='word_1_168' title='bbox 2908 1286 2960 1338; x_wconf 90' lang='lat' dir='ltr'><strong>in</strong></span> <span class='ocrx_word' id='word_1_169' title='bbox 3011 1286 3220 1340; x_wconf 79' lang='lat' dir='ltr'><strong>delictis</strong></span> <span class='ocrx_word' id='word_1_170' title='bbox 3255 1288 3445 1349; x_wconf 80' lang='lat' dir='ltr'><strong>uteris,</strong></span> 
     </span>
    </p>
   </div>
   <div class='ocr_carea' id='block_1_27' title="bbox 1871 1371 3446 1444">
    <p class='ocr_par' dir='ltr' id='par_1_27' title="bbox 1871 1371 3446 1444">
     <span class='ocr_line' id='line_1_27' title="bbox 1871 1371 3446 1444; baseline 0.004 -20"><span class='ocrx_word' id='word_1_171' title='bbox 1871 1371 1996 1424; x_wconf 90' lang='lat' dir='ltr'><strong>dum</strong></span> <span class='ocrx_word' id='word_1_172' title='bbox 2026 1373 2433 1427; x_wconf 82' lang='lat' dir='ltr'><strong>conversionem</strong></span> <span class='ocrx_word' id='word_1_173' title='bbox 2462 1389 2634 1427; x_wconf 86' lang='lat' dir='ltr'><strong>meam</strong></span> <span class='ocrx_word' id='word_1_174' title='bbox 2653 1386 2958 1444; x_wconf 78' lang='lat' dir='ltr'><strong>exspectas,</strong></span> <span class='ocrx_word' id='word_1_175' title='bbox 2996 1392 3058 1429; x_wconf 88' lang='lat' dir='ltr'><strong>ac</strong></span> <span class='ocrx_word' id='word_1_176' title='bbox 3089 1379 3138 1430; x_wconf 91' lang='lat' dir='ltr'><strong>in</strong></span> <span class='ocrx_word' id='word_1_177' title='bbox 3175 1379 3446 1444; x_wconf 85' lang='lat' dir='ltr'><strong>prioribus</strong></span> 
     </span>
    </p>
   </div>
   <div class='ocr_carea' id='block_1_28' title="bbox 1873 1465 3434 1536">
    <p class='ocr_par' dir='ltr' id='par_1_28' title="bbox 1873 1465 3434 1536">
     <span class='ocr_line' id='line_1_28' title="bbox 1873 1465 3434 1536; baseline 0.001 -20"><span class='ocrx_word' id='word_1_178' title='bbox 1873 1465 2064 1518; x_wconf 89' lang='lat' dir='ltr'><strong>deinde</strong></span> <span class='ocrx_word' id='word_1_179' title='bbox 2095 1466 2458 1532; x_wconf 87' lang='lat' dir='ltr'><strong>perseveranti</strong></span> <span class='ocrx_word' id='word_1_180' title='bbox 2485 1475 2790 1534; x_wconf 86' lang='lat' dir='ltr'><strong>propterea,</strong></span> <span class='ocrx_word' id='word_1_181' title='bbox 2815 1469 2956 1536; x_wconf 88' lang='lat' dir='ltr'><strong>quod</strong></span> <span class='ocrx_word' id='word_1_182' title='bbox 2988 1467 3230 1520; x_wconf 79' lang='lat' dir='ltr'><strong>habitum</strong></span> <span class='ocrx_word' id='word_1_183' title='bbox 3266 1469 3434 1521; x_wconf 80' lang='lat' dir='ltr'><strong>malu-</strong></span> 
     </span>
    </p>
   </div>
   <div class='ocr_carea' id='block_1_29' title="bbox 1874 1557 3445 1624">
    <p class='ocr_par' dir='ltr' id='par_1_29' title="bbox 1874 1557 3445 1624">
     <span class='ocr_line' id='line_1_29' title="bbox 1874 1557 3445 1624; baseline 0.002 -16"><span class='ocrx_word' id='word_1_184' title='bbox 1874 1570 1989 1608; x_wconf 92' lang='lat' dir='ltr'><strong>rum</strong></span> <span class='ocrx_word' id='word_1_185' title='bbox 2024 1557 2126 1611; x_wconf 90' lang='lat' dir='ltr'><strong>sim</strong></span> <span class='ocrx_word' id='word_1_186' title='bbox 2152 1566 2496 1621; x_wconf 79' lang='lat' dir='ltr'><strong>consecutus,</strong></span> <span class='ocrx_word' id='word_1_187' title='bbox 2525 1560 2709 1612; x_wconf 85' lang='lat' dir='ltr'><strong>varios</strong></span> <span class='ocrx_word' id='word_1_188' title='bbox 2757 1573 2888 1613; x_wconf 83' lang='lat' dir='ltr'><strong>sane</strong></span> <span class='ocrx_word' id='word_1_189' title='bbox 2932 1559 3120 1612; x_wconf 82' lang='lat' dir='ltr'><strong>modos</strong></span> <span class='ocrx_word' id='word_1_190' title='bbox 3152 1561 3445 1624; x_wconf 74' lang='lat' dir='ltr'><strong>agnitionis</strong></span> 
     </span>
    </p>
   </div>
   <div class='ocr_carea' id='block_1_30' title="bbox 1870 1647 3439 1719">
    <p class='ocr_par' dir='ltr' id='par_1_30' title="bbox 1870 1647 3439 1719">
     <span class='ocr_line' id='line_1_30' title="bbox 1870 1647 3439 1719; baseline 0.001 -20"><span class='ocrx_word' id='word_1_191' title='bbox 1870 1647 2094 1712; x_wconf 84' lang='lat' dir='ltr'><strong>aperis,‘</strong></span> <span class='ocrx_word' id='word_1_192' title='bbox 2127 1649 2194 1701; x_wconf 88' lang='lat' dir='ltr'><strong>ad</strong></span> <span class='ocrx_word' id='word_1_193' title='bbox 2228 1662 2400 1715; x_wconf 83' lang='lat' dir='ltr'><strong>eaque</strong></span> <span class='ocrx_word' id='word_1_194' title='bbox 2423 1663 2516 1717; x_wconf 88' lang='lat' dir='ltr'><strong>per</strong></span> <span class='ocrx_word' id='word_1_195' title='bbox 2543 1650 2725 1704; x_wconf 84' lang='lat' dir='ltr'><strong>omnia</strong></span> <span class='ocrx_word' id='word_1_196' title='bbox 2761 1651 2994 1711; x_wconf 84' lang='lat' dir='ltr'><strong>reducis,</strong></span> <span class='ocrx_word' id='word_1_197' title='bbox 3032 1666 3153 1719; x_wconf 70' lang='lat' dir='ltr'><strong>qua:</strong></span> <span class='ocrx_word' id='word_1_198' title='bbox 3187 1652 3255 1704; x_wconf 85' lang='lat' dir='ltr'><strong>ab</strong></span> <span class='ocrx_word' id='word_1_199' title='bbox 3285 1650 3439 1702; x_wconf 89' lang='lat' dir='ltr'><strong>initio</strong></span> 
     </span>
    </p>
   </div>
   <div class='ocr_carea' id='block_1_31' title="bbox 1868 1739 3448 1812">
    <p class='ocr_par' dir='ltr' id='par_1_31' title="bbox 1868 1739 3448 1812">
     <span class='ocr_line' id='line_1_31' title="bbox 1868 1739 3448 1812; baseline 0.004 -21"><span class='ocrx_word' id='word_1_200' title='bbox 1868 1739 2063 1803; x_wconf 87' lang='lat' dir='ltr'><strong>amisi,</strong></span> <span class='ocrx_word' id='word_1_201' title='bbox 2131 1747 2181 1797; x_wconf 81' lang='lat' dir='ltr'><strong>te</strong></span> <span class='ocrx_word' id='word_1_202' title='bbox 2235 1741 2521 1804; x_wconf 83' lang='lat' dir='ltr'><strong>videlicet,</strong></span> <span class='ocrx_word' id='word_1_203' title='bbox 2577 1757 2907 1810; x_wconf 82' lang='lat' dir='ltr'><strong>regnumque</strong></span> <span class='ocrx_word' id='word_1_204' title='bbox 2978 1752 3156 1806; x_wconf 88' lang='lat' dir='ltr'><strong>tuum,</strong></span> <span class='ocrx_word' id='word_1_205' title='bbox 3244 1745 3448 1812; x_wconf 86' lang='lat' dir='ltr'><strong>quiquo</strong></span> 
     </span>
    </p>
   </div>
   <div class='ocr_carea' id='block_1_32' title="bbox 1867 1828 3440 1900">
    <p class='ocr_par' dir='ltr' id='par_1_32' title="bbox 1867 1828 3440 1900">
     <span class='ocr_line' id='line_1_32' title="bbox 1867 1828 3440 1900; baseline 0.004 -20"><span class='ocrx_word' id='word_1_206' title='bbox 1867 1828 2013 1881; x_wconf 89' lang='lat' dir='ltr'><strong>diem</strong></span> <span class='ocrx_word' id='word_1_207' title='bbox 2082 1829 2402 1884; x_wconf 89' lang='lat' dir='ltr'><strong>hodiernum</strong></span> <span class='ocrx_word' id='word_1_208' title='bbox 2462 1832 2595 1884; x_wconf 83' lang='lat' dir='ltr'><strong>mihi</strong></span> <span class='ocrx_word' id='word_1_209' title='bbox 2669 1833 2899 1900; x_wconf 78' lang='lat' dir='ltr'><strong>largitus</strong></span> <span class='ocrx_word' id='word_1_210' title='bbox 2953 1849 3032 1894; x_wconf 85' lang='lat' dir='ltr'><strong>es,</strong></span> <span class='ocrx_word' id='word_1_211' title='bbox 3092 1835 3440 1887; x_wconf 74' lang='lat' dir='ltr'><strong>Occasionem</strong></span> 
     </span>
    </p>
   </div>
   <div class='ocr_carea' id='block_1_33' title="bbox 1880 1921 3438 1992">
    <p class='ocr_par' dir='ltr' id='par_1_33' title="bbox 1880 1921 3438 1992">
     <span class='ocr_line' id='line_1_33' title="bbox 1880 1921 3438 1992; baseline 0.005 -22"><span class='ocrx_word' id='word_1_212' title='bbox 1880 1921 2270 1986; x_wconf 87' lang='lat' dir='ltr'><strong>resipiscendi,</strong></span> <span class='ocrx_word' id='word_1_213' title='bbox 2325 1923 2410 1975; x_wconf 76' lang='lat' dir='ltr'><strong>fac</strong></span> <span class='ocrx_word' id='word_1_214' title='bbox 2442 1925 2675 1990; x_wconf 89' lang='lat' dir='ltr'><strong>primum</strong></span> <span class='ocrx_word' id='word_1_215' title='bbox 2717 1925 2871 1978; x_wconf 64' lang='lat' dir='ltr'><strong>illud.</strong></span> <span class='ocrx_word' id='word_1_216' title='bbox 2910 1926 3252 1992; x_wconf 80' lang='lat' dir='ltr'><strong>propositum</strong></span> <span class='ocrx_word' id='word_1_217' title='bbox 3290 1931 3438 1978; x_wconf 84' lang='lat' dir='ltr'><strong>tuum</strong></span> 
     </span>
    </p>
   </div>
   <div class='ocr_carea' id='block_1_34' title="bbox 204 1987 1991 2089">
    <p class='ocr_par' dir='ltr' id='par_1_34' title="bbox 204 1987 1991 2089">
     <span class='ocr_line' id='line_1_34' title="bbox 204 1987 1991 2089; baseline 0.002 -23"><span class='ocrx_word' id='word_1_218' title='bbox 204 1987 450 2083; x_wconf 63' lang='grc' dir='ltr'>ἰατρείαν</span> <span class='ocrx_word' id='word_1_219' title='bbox 477 1987 748 2087; x_wconf 78' lang='grc' dir='ltr'>τοσαύτην</span> <span class='ocrx_word' id='word_1_220' title='bbox 775 1987 1068 2082; x_wconf 64' lang='grc' dir='ltr'>ἐπίδειξον,</span> <span class='ocrx_word' id='word_1_221' title='bbox 1105 1987 1280 2089; x_wconf 70' lang='grc' dir='ltr'>δπόση</span> <span class='ocrx_word' id='word_1_222' title='bbox 1602 1987 1767 2088; x_wconf 76' lang='grc' dir='ltr'>τραύ-</span> <span class='ocrx_word' id='word_1_223' title='bbox 1795 1987 1840 2048; x_wconf 81' lang='grc' dir='ltr'><strong>Β</strong></span> <span class='ocrx_word' id='word_1_224' title='bbox 1870 2011 1991 2064; x_wconf 74' lang='lat' dir='ltr'><strong>l&#39;ﬂbll</strong></span> 
     </span>
    </p>
   </div>
   <div class='ocr_carea' id='block_1_35' title="bbox 1646 1987 3433 2089">
    <p class='ocr_par' dir='ltr' id='par_1_35' title="bbox 1646 1987 3433 2088">
     <span class='ocr_line' id='line_1_35' title="bbox 1646 1987 3433 2088; baseline 0.003 -25"><span class='ocrx_word' id='word_1_225' title='bbox 1646 2018 1767 2088; x_wconf 72' lang='grc' dir='ltr'>ραύ.</span> <span class='ocrx_word' id='word_1_226' title='bbox 1795 1987 1840 2048; x_wconf 82' lang='grc' dir='ltr'><strong>Β</strong></span> <span class='ocrx_word' id='word_1_227' title='bbox 1870 2011 2034 2064; x_wconf 84' lang='lat' dir='ltr'><strong>robur</strong></span> <span class='ocrx_word' id='word_1_228' title='bbox 2063 2013 2274 2078; x_wconf 82' lang='lat' dir='ltr'><strong>habeat,</strong></span> <span class='ocrx_word' id='word_1_229' title='bbox 2312 2023 2366 2068; x_wconf 89' lang='lat' dir='ltr'><strong>et</strong></span> <span class='ocrx_word' id='word_1_230' title='bbox 2396 2030 2585 2082; x_wconf 86' lang='lat' dir='ltr'><strong>puram</strong></span> <span class='ocrx_word' id='word_1_231' title='bbox 2621 2016 2747 2068; x_wconf 89' lang='lat' dir='ltr'><strong>mihi</strong></span> <span class='ocrx_word' id='word_1_232' title='bbox 2780 2017 3189 2068; x_wconf 76' lang='lat' dir='ltr'><strong>coaversionem</strong></span> <span class='ocrx_word' id='word_1_233' title='bbox 3245 2032 3433 2084; x_wconf 73' lang='lat' dir='ltr'><strong>Suppe-</strong></span> 
     </span>
    </p>
   </div>
   <div class='ocr_carea' id='block_1_36' title="bbox 201 2113 1276 2185">
    <p class='ocr_par' dir='ltr' id='par_1_36' title="bbox 201 2113 1276 2185">
     <span class='ocr_line' id='line_1_36' title="bbox 201 2113 1276 2185; baseline 0.005 -22"><span class='ocrx_word' id='word_1_234' title='bbox 201 2129 356 2179; x_wconf 75' lang='grc' dir='ltr'>ματι,</span> <span class='ocrx_word' id='word_1_235' title='bbox 387 2113 624 2183; x_wconf 79' lang='grc' dir='ltr'>όργῶντί</span> <span class='ocrx_word' id='word_1_236' title='bbox 650 2131 708 2166; x_wconf 87' lang='grc' dir='ltr'><strong>τε</strong></span> <span class='ocrx_word' id='word_1_237' title='bbox 738 2115 832 2168; x_wconf 78' lang='grc' dir='ltr'>καὶ</span> <span class='ocrx_word' id='word_1_238' title='bbox 859 2114 1276 2185; x_wconf 78' lang='grc' dir='ltr'>φλεγμαίνοντι.</span> 
     </span>
    </p>
   </div>
   <div class='ocr_carea' id='block_1_37' title="bbox 281 2292 1764 2364">
    <p class='ocr_par' dir='ltr' id='par_1_37' title="bbox 281 2292 1764 2364">
     <span class='ocr_line' id='line_1_37' title="bbox 281 2292 1764 2364; baseline 0.003 -19"><span class='ocrx_word' id='word_1_239' title='bbox 281 2292 475 2346; x_wconf 84' lang='grc' dir='ltr'>Ῥῦσαί</span> <span class='ocrx_word' id='word_1_240' title='bbox 518 2311 585 2362; x_wconf 90' lang='grc' dir='ltr'><strong>με</strong></span> <span class='ocrx_word' id='word_1_241' title='bbox 607 2296 707 2364; x_wconf 81' lang='grc' dir='ltr'>τῆς</span> <span class='ocrx_word' id='word_1_242' title='bbox 742 2294 1002 2357; x_wconf 88' lang='grc' dir='ltr'>είωθυίας</span> <span class='ocrx_word' id='word_1_243' title='bbox 1034 2294 1236 2356; x_wconf 78' lang='grc' dir='ltr'>κακίας</span> <span class='ocrx_word' id='word_1_244' title='bbox 1265 2293 1484 2363; x_wconf 78' lang='grc' dir='ltr'>(ἡλίκης</span> <span class='ocrx_word' id='word_1_245' title='bbox 1526 2294 1696 2362; x_wconf 72' lang='grc' dir='ltr'>οὔσης</span> <span class='ocrx_word' id='word_1_246' title='bbox 1723 2295 1764 2363; x_wconf 74' lang='lat' dir='ltr'><strong>l)</strong></span> 
     </span>
    </p>
   </div>
   <div class='ocr_carea' id='block_1_38' title="bbox 198 2383 1768 2454">
    <p class='ocr_par' dir='ltr' id='par_1_38' title="bbox 198 2383 1768 2454">
     <span class='ocr_line' id='line_1_38' title="bbox 198 2383 1768 2454; baseline 0.003 -18"><span class='ocrx_word' id='word_1_247' title='bbox 198 2383 423 2453; x_wconf 75' lang='grc' dir='ltr'>καὶτῆς</span> <span class='ocrx_word' id='word_1_248' title='bbox 485 2387 789 2454; x_wconf 83' lang='grc' dir='ltr'>συντρόφου</span> <span class='ocrx_word' id='word_1_249' title='bbox 836 2388 932 2438; x_wconf 74' lang='grc' dir='ltr'>καὶ</span> <span class='ocrx_word' id='word_1_250' title='bbox 993 2386 1174 2454; x_wconf 79' lang='grc' dir='ltr'>δεινῆς</span> <span class='ocrx_word' id='word_1_251' title='bbox 1217 2385 1528 2449; x_wconf 81' lang='grc' dir='ltr'>αὐθαδείας,</span> <span class='ocrx_word' id='word_1_252' title='bbox 1581 2387 1768 2441; x_wconf 78' lang='grc' dir='ltr'>ὀλέσαι</span> 
     </span>
    </p>
   </div>
   <div class='ocr_carea' id='block_1_39' title="bbox 199 2475 1766 2546">
    <p class='ocr_par' dir='ltr' id='par_1_39' title="bbox 199 2475 1766 2546">
     <span class='ocr_line' id='line_1_39' title="bbox 199 2475 1766 2546; baseline 0.003 -21"><span class='ocrx_word' id='word_1_253' title='bbox 199 2476 372 2542; x_wconf 81' lang='grc' dir='ltr'>μόνης</span> <span class='ocrx_word' id='word_1_254' title='bbox 406 2475 713 2546; x_wconf 82' lang='grc' dir='ltr'>ἀρκούσης,</span> <span class='ocrx_word' id='word_1_255' title='bbox 757 2479 854 2532; x_wconf 74' lang='grc' dir='ltr'>καὶ</span> <span class='ocrx_word' id='word_1_256' title='bbox 897 2477 1128 2546; x_wconf 83' lang='grc' dir='ltr'>προσέτι</span> <span class='ocrx_word' id='word_1_257' title='bbox 1188 2476 1285 2530; x_wconf 92' lang='grc' dir='ltr'><strong>τοῦ</strong></span> <span class='ocrx_word' id='word_1_258' title='bbox 1337 2477 1603 2546; x_wconf 77' lang='grc' dir='ltr'>βορϐόρου</span> <span class='ocrx_word' id='word_1_259' title='bbox 1656 2479 1766 2530; x_wconf 80' lang='grc' dir='ltr'><strong>τῶν</strong></span> 
     </span>
    </p>
   </div>
   <div class='ocr_carea' id='block_1_40' title="bbox 193 2567 1767 2639">
    <p class='ocr_par' dir='ltr' id='par_1_40' title="bbox 193 2567 1767 2639">
     <span class='ocr_line' id='line_1_40' title="bbox 193 2567 1767 2639; baseline 0.001 -18"><span class='ocrx_word' id='word_1_260' title='bbox 193 2569 323 2636; x_wconf 58' lang='lat' dir='ltr'><strong>tuo!</strong></span> <span class='ocrx_word' id='word_1_261' title='bbox 349 2569 932 2639; x_wconf 84' lang='grc' dir='ltr'>πεπλημμελημένων,</span> <span class='ocrx_word' id='word_1_262' title='bbox 983 2569 1063 2630; x_wconf 88' lang='grc' dir='ltr'><strong>είς</strong></span> <span class='ocrx_word' id='word_1_263' title='bbox 1100 2567 1160 2621; x_wconf 79' lang='grc' dir='ltr'>ὃν</span> <span class='ocrx_word' id='word_1_264' title='bbox 1210 2569 1300 2621; x_wconf 82' lang='grc' dir='ltr'>ἀεὶ</span> <span class='ocrx_word' id='word_1_265' title='bbox 1344 2569 1767 2638; x_wconf 86' lang='grc' dir='ltr'>καλινδούμενος</span> 
     </span>
    </p>
   </div>
   <div class='ocr_carea' id='block_1_41' title="bbox 193 2660 1766 2732">
    <p class='ocr_par' dir='ltr' id='par_1_41' title="bbox 193 2660 1766 2732">
     <span class='ocr_line' id='line_1_41' title="bbox 193 2660 1766 2732; baseline -0.001 -16"><span class='ocrx_word' id='word_1_266' title='bbox 193 2663 317 2716; x_wconf 71' lang='grc' dir='ltr'>οὐδὲ</span> <span class='ocrx_word' id='word_1_267' title='bbox 347 2661 768 2732; x_wconf 62' lang='grc' dir='ltr'>ἐπαισχύνομαι,</span> <span class='ocrx_word' id='word_1_268' title='bbox 824 2661 970 2715; x_wconf 83' lang='grc' dir='ltr'>κατὰ.</span> <span class='ocrx_word' id='word_1_269' title='bbox 1002 2660 1130 2721; x_wconf 77' lang='grc' dir='ltr'>τοὺς</span> <span class='ocrx_word' id='word_1_270' title='bbox 1175 2660 1274 2727; x_wconf 78' lang='grc' dir='ltr'>τὰς</span> <span class='ocrx_word' id='word_1_271' title='bbox 1317 2661 1526 2730; x_wconf 80' lang='grc' dir='ltr'>φρένας</span> <span class='ocrx_word' id='word_1_272' title='bbox 1583 2678 1766 2732; x_wconf 85' lang='grc' dir='ltr'>παρα-</span> 
     </span>
    </p>
   </div>
   <div class='ocr_carea' id='block_1_42' title="bbox 194 2755 922 2827">
    <p class='ocr_par' dir='ltr' id='par_1_42' title="bbox 194 2755 922 2827">
     <span class='ocr_line' id='line_1_42' title="bbox 194 2755 922 2827; baseline 0.003 -21"><span class='ocrx_word' id='word_1_273' title='bbox 194 2756 511 2827; x_wconf 78' lang='grc' dir='ltr'>τραπὲντας</span> <span class='ocrx_word' id='word_1_274' title='bbox 536 2755 664 2826; x_wconf 82' lang='grc' dir='ltr'>οἴνῳ</span> <span class='ocrx_word' id='word_1_275' title='bbox 702 2755 736 2825; x_wconf 69' lang='grc' dir='ltr'>ἢ</span> <span class='ocrx_word' id='word_1_276' title='bbox 756 2758 922 2823; x_wconf 84' lang='grc' dir='ltr'>νόσῳ.</span> 
     </span>
    </p>
   </div>
   <div class='ocr_carea' id='block_1_43' title="bbox 269 2842 1761 2915">
    <p class='ocr_par' dir='ltr' id='par_1_43' title="bbox 269 2842 1761 2915">
     <span class='ocr_line' id='line_1_43' title="bbox 269 2842 1761 2915; baseline -0.001 -17"><span class='ocrx_word' id='word_1_277' title='bbox 269 2846 421 2898; x_wconf 82' lang='grc' dir='ltr'>Δίδου</span> <span class='ocrx_word' id='word_1_278' title='bbox 454 2862 547 2912; x_wconf 90' lang='grc' dir='ltr'><strong>μοι</strong></span> <span class='ocrx_word' id='word_1_279' title='bbox 587 2849 745 2914; x_wconf 87' lang='grc' dir='ltr'>χεῖρα</span> <span class='ocrx_word' id='word_1_280' title='bbox 770 2846 948 2915; x_wconf 71' lang='grc' dir='ltr'>χαμαὶ</span> <span class='ocrx_word' id='word_1_281' title='bbox 977 2844 1237 2914; x_wconf 78' lang='grc' dir='ltr'>κειμένῳ,</span> <span class='ocrx_word' id='word_1_282' title='bbox 1279 2844 1377 2896; x_wconf 71' lang='grc' dir='ltr'>καὶ</span> <span class='ocrx_word' id='word_1_283' title='bbox 1427 2842 1606 2914; x_wconf 85' lang='grc' dir='ltr'>δεσμά</span> <span class='ocrx_word' id='word_1_284' title='bbox 1669 2861 1761 2912; x_wconf 91' lang='grc' dir='ltr'><strong>μοι</strong></span> 
     </span>
    </p>
   </div>
   <div class='ocr_carea' id='block_1_44' title="bbox 195 2934 1765 3006">
    <p class='ocr_par' dir='ltr' id='par_1_44' title="bbox 195 2934 1765 3006">
     <span class='ocr_line' id='line_1_44' title="bbox 195 2934 1765 3006; baseline 0.003 -20"><span class='ocrx_word' id='word_1_285' title='bbox 195 2934 291 2987; x_wconf 85' lang='grc' dir='ltr'><strong>λύε</strong></span> <span class='ocrx_word' id='word_1_286' title='bbox 320 2936 825 3006; x_wconf 53' lang='grc' dir='ltr'>κακουργημάτων,</span> <span class='ocrx_word' id='word_1_287' title='bbox 868 2936 1005 3005; x_wconf 63' lang='grc' dir='ltr'>μηδὲ</span> <span class='ocrx_word' id='word_1_288' title='bbox 1056 2936 1190 3004; x_wconf 88' lang='grc' dir='ltr'>γοῦν</span> <span class='ocrx_word' id='word_1_289' title='bbox 1229 2937 1309 3000; x_wconf 73' lang='grc' dir='ltr'>εἰς</span> <span class='ocrx_word' id='word_1_290' title='bbox 1362 2935 1488 2990; x_wconf 91' lang='grc' dir='ltr'>νοῦν</span> <span class='ocrx_word' id='word_1_291' title='bbox 1517 2934 1765 3006; x_wconf 84' lang='grc' dir='ltr'>ειληφότι</span> 
     </span>
    </p>
   </div>
   <div class='ocr_carea' id='block_1_45' title="bbox 191 3025 1764 3099">
    <p class='ocr_par' dir='ltr' id='par_1_45' title="bbox 191 3025 1764 3099">
     <span class='ocr_line' id='line_1_45' title="bbox 191 3025 1764 3099; baseline 0.003 -20"><span class='ocrx_word' id='word_1_292' title='bbox 191 3025 468 3080; x_wconf 83' lang='grc' dir='ltr'>τοσούτων</span> <span class='ocrx_word' id='word_1_293' title='bbox 499 3027 656 3088; x_wconf 64' lang='grc' dir='ltr'>ἑτῶν,</span> <span class='ocrx_word' id='word_1_294' title='bbox 687 3028 792 3081; x_wconf 86' lang='grc' dir='ltr'>ποῦ</span> <span class='ocrx_word' id='word_1_295' title='bbox 842 3045 977 3082; x_wconf 85' lang='grc' dir='ltr'>ποτε</span> <span class='ocrx_word' id='word_1_296' title='bbox 1026 3029 1436 3099; x_wconf 86' lang='grc' dir='ltr'>κατενήνεγμαι</span> <span class='ocrx_word' id='word_1_297' title='bbox 1482 3031 1598 3082; x_wconf 76' lang='grc' dir='ltr'><strong>τῶν</strong></span> <span class='ocrx_word' id='word_1_298' title='bbox 1649 3031 1764 3082; x_wconf 82' lang='grc' dir='ltr'>δει-</span> 
     </span>
    </p>
   </div>
   <div class='ocr_carea' id='block_1_46' title="bbox 193 3116 1766 3190">
    <p class='ocr_par' dir='ltr' id='par_1_46' title="bbox 193 3116 1766 3190">
     <span class='ocr_line' id='line_1_46' title="bbox 193 3116 1766 3190; baseline 0.002 -21"><span class='ocrx_word' id='word_1_299' title='bbox 193 3116 329 3179; x_wconf 88' lang='grc' dir='ltr'>νῶν,</span> <span class='ocrx_word' id='word_1_300' title='bbox 361 3116 459 3169; x_wconf 82' lang='grc' dir='ltr'><strong>ὑπ’</strong></span> <span class='ocrx_word' id='word_1_301' title='bbox 485 3117 851 3186; x_wconf 74' lang='grc' dir='ltr'>ἀναισθησίας</span> <span class='ocrx_word' id='word_1_302' title='bbox 882 3118 1156 3189; x_wconf 61' lang='grc' dir='ltr'>ἐσχάτηςο</span> <span class='ocrx_word' id='word_1_303' title='bbox 1193 3120 1331 3188; x_wconf 67' lang='grc' dir='ltr'>μηδι</span> <span class='ocrx_word' id='word_1_304' title='bbox 1367 3119 1647 3190; x_wconf 83' lang='grc' dir='ltr'>δυνηθέντι</span> <span class='ocrx_word' id='word_1_305' title='bbox 1679 3137 1766 3173; x_wconf 81' lang='grc' dir='ltr'>κι-</span> 
     </span>
    </p>
   </div>
   <div class='ocr_carea' id='block_1_47' title="bbox 191 3202 1762 3280">
    <p class='ocr_par' dir='ltr' id='par_1_47' title="bbox 191 3202 1762 3280">
     <span class='ocr_line' id='line_1_47' title="bbox 191 3202 1762 3280; baseline 0.006 -27"><span class='ocrx_word' id='word_1_306' title='bbox 191 3202 432 3271; x_wconf 79' lang='grc' dir='ltr'>νηθῆναι</span> <span class='ocrx_word' id='word_1_307' title='bbox 467 3203 601 3272; x_wconf 71' lang='grc' dir='ltr'>πρὸς</span> <span class='ocrx_word' id='word_1_308' title='bbox 630 3205 690 3257; x_wconf 69' lang='grc' dir='ltr'><strong>σε</strong></span> <span class='ocrx_word' id='word_1_309' title='bbox 724 3205 1034 3274; x_wconf 84' lang='grc' dir='ltr'>τοσύνολον,</span> <span class='ocrx_word' id='word_1_310' title='bbox 1073 3207 1255 3278; x_wconf 78' lang='grc' dir='ltr'>νάρκῃ</span> <span class='ocrx_word' id='word_1_311' title='bbox 1285 3209 1518 3278; x_wconf 84' lang='grc' dir='ltr'>χρονίων</span> <span class='ocrx_word' id='word_1_312' title='bbox 1576 3208 1762 3280; x_wconf 67' lang='grc' dir='ltr'>πλημσυ</span> 
     </span>
    </p>
   </div>
   <div class='ocr_carea' id='block_1_48' title="bbox 199 3292 558 3362">
    <p class='ocr_par' dir='ltr' id='par_1_48' title="bbox 199 3292 558 3362">
     <span class='ocr_line' id='line_1_48' title="bbox 199 3292 558 3362; baseline 0.017 -19"><span class='ocrx_word' id='word_1_313' title='bbox 199 3293 340 3361; x_wconf 83' lang='grc' dir='ltr'>μελη</span> <span class='ocrx_word' id='word_1_314' title='bbox 350 3292 454 3362; x_wconf 84' lang='grc' dir='ltr'><strong>μάτ</strong></span> <span class='ocrx_word' id='word_1_315' title='bbox 461 3311 558 3349; x_wconf 90' lang='grc' dir='ltr'><strong>ων.</strong></span> 
     </span>
    </p>
   </div>
   <div class='ocr_carea' id='block_1_49' title="bbox 268 3385 1767 3462">
    <p class='ocr_par' dir='ltr' id='par_1_49' title="bbox 268 3385 1767 3462">
     <span class='ocr_line' id='line_1_49' title="bbox 268 3385 1767 3462; baseline 0.007 -25"><span class='ocrx_word' id='word_1_316' title='bbox 268 3385 510 3440; x_wconf 83' lang='grc' dir='ltr'>Σπεῦσον</span> <span class='ocrx_word' id='word_1_317' title='bbox 547 3389 634 3459; x_wconf 78' lang='grc' dir='ltr'>δὴ,</span> <span class='ocrx_word' id='word_1_318' title='bbox 667 3391 760 3442; x_wconf 68' lang='grc' dir='ltr'><strong>καὶ</strong></span> <span class='ocrx_word' id='word_1_319' title='bbox 800 3389 980 3443; x_wconf 86' lang='grc' dir='ltr'>σῶσον</span> <span class='ocrx_word' id='word_1_320' title='bbox 1023 3389 1281 3461; x_wconf 83' lang='grc' dir='ltr'>θελήσας.</span> <span class='ocrx_word' id='word_1_321' title='bbox 1318 3393 1505 3460; x_wconf 82' lang='grc' dir='ltr'>Ἔχεις</span> <span class='ocrx_word' id='word_1_322' title='bbox 1564 3391 1675 3462; x_wconf 78' lang='grc' dir='ltr'><strong>γὰρ</strong></span> <span class='ocrx_word' id='word_1_323' title='bbox 1704 3393 1767 3448; x_wconf 72' lang='grc' dir='ltr'><strong>τὸ</strong></span> 
     </span>
    </p>
   </div>
   <div class='ocr_carea' id='block_1_50' title="bbox 192 3477 1767 3553">
    <p class='ocr_par' dir='ltr' id='par_1_50' title="bbox 192 3477 1767 3553">
     <span class='ocr_line' id='line_1_50' title="bbox 192 3477 1767 3553; baseline 0.006 -23"><span class='ocrx_word' id='word_1_324' title='bbox 192 3477 461 3533; x_wconf 74' lang='grc' dir='ltr'>δύνασθαι</span> <span class='ocrx_word' id='word_1_325' title='bbox 496 3480 654 3532; x_wconf 78' lang='grc' dir='ltr'>συνὸν</span> <span class='ocrx_word' id='word_1_326' title='bbox 676 3483 763 3536; x_wconf 76' lang='grc' dir='ltr'>ἀεὶ</span> <span class='ocrx_word' id='word_1_327' title='bbox 793 3485 858 3553; x_wconf 76' lang='grc' dir='ltr'>τῇ</span> <span class='ocrx_word' id='word_1_328' title='bbox 889 3481 1135 3553; x_wconf 84' lang='grc' dir='ltr'>θελήσει.</span> <span class='ocrx_word' id='word_1_329' title='bbox 1178 3481 1429 3552; x_wconf 84' lang='grc' dir='ltr'>Τάχυνον</span> <span class='ocrx_word' id='word_1_330' title='bbox 1455 3483 1550 3537; x_wconf 86' lang='grc' dir='ltr'><strong>τοῦ</strong></span> <span class='ocrx_word' id='word_1_331' title='bbox 1589 3485 1767 3550; x_wconf 63' lang='grc' dir='ltr'>ἐξελέ-</span> 
     </span>
    </p>
   </div>
   <div class='ocr_carea' id='block_1_51' title="bbox 199 3569 1766 3646">
    <p class='ocr_par' dir='ltr' id='par_1_51' title="bbox 199 3569 1766 3646">
     <span class='ocr_line' id='line_1_51' title="bbox 199 3569 1766 3646; baseline 0.006 -26"><span class='ocrx_word' id='word_1_332' title='bbox 199 3569 331 3621; x_wconf 86' lang='grc' dir='ltr'>σθαι</span> <span class='ocrx_word' id='word_1_333' title='bbox 367 3587 458 3637; x_wconf 86' lang='grc' dir='ltr'><strong>με.</strong></span> <span class='ocrx_word' id='word_1_334' title='bbox 490 3573 518 3622; x_wconf 86' lang='grc' dir='ltr'><strong>ό</strong></span> <span class='ocrx_word' id='word_1_335' title='bbox 570 3570 705 3634; x_wconf 82' lang='grc' dir='ltr'>Θεός</span> <span class='ocrx_word' id='word_1_336' title='bbox 746 3589 872 3641; x_wconf 89' lang='grc' dir='ltr'>μου,</span> <span class='ocrx_word' id='word_1_337' title='bbox 929 3573 990 3637; x_wconf 78' lang='grc' dir='ltr'>ιξ</span> <span class='ocrx_word' id='word_1_338' title='bbox 1046 3572 1181 3641; x_wconf 76' lang='grc' dir='ltr'>ὕλης</span> <span class='ocrx_word' id='word_1_339' title='bbox 1243 3573 1409 3642; x_wconf 86' lang='grc' dir='ltr'>βυθοῦ</span> <span class='ocrx_word' id='word_1_340' title='bbox 1449 3576 1561 3628; x_wconf 89' lang='grc' dir='ltr'><strong>τῶν</strong></span> <span class='ocrx_word' id='word_1_341' title='bbox 1619 3576 1766 3646; x_wconf 65' lang='grc' dir='ltr'>ἐμῶν</span> 
     </span>
    </p>
   </div>
   <div class='ocr_carea' id='block_1_52' title="bbox 193 3659 1765 3737">
    <p class='ocr_par' dir='ltr' id='par_1_52' title="bbox 193 3659 1765 3737">
     <span class='ocr_line' id='line_1_52' title="bbox 193 3659 1765 3737; baseline 0.005 -25"><span class='ocrx_word' id='word_1_342' title='bbox 193 3659 479 3730; x_wconf 80' lang='grc' dir='ltr'>ἀθεμίτων</span> <span class='ocrx_word' id='word_1_343' title='bbox 509 3661 789 3733; x_wconf 81' lang='grc' dir='ltr'>πράξεων,</span> <span class='ocrx_word' id='word_1_344' title='bbox 825 3665 906 3729; x_wconf 91' lang='grc' dir='ltr'><strong>είς</strong></span> <span class='ocrx_word' id='word_1_345' title='bbox 943 3667 1010 3735; x_wconf 72' lang='grc' dir='ltr'>ἢν</span> <span class='ocrx_word' id='word_1_346' title='bbox 1039 3665 1182 3718; x_wconf 76' lang='grc' dir='ltr'>έκὼν</span> <span class='ocrx_word' id='word_1_347' title='bbox 1212 3666 1513 3737; x_wconf 74' lang='grc' dir='ltr'>ένεπάγην,</span> <span class='ocrx_word' id='word_1_348' title='bbox 1548 3668 1641 3721; x_wconf 74' lang='grc' dir='ltr'>καὶ</span> <span class='ocrx_word' id='word_1_349' title='bbox 1664 3667 1765 3722; x_wconf 76' lang='grc' dir='ltr'><strong>οὐκ</strong></span> 
     </span>
    </p>
   </div>
   <div class='ocr_carea' id='block_1_53' title="bbox 195 3753 1761 3826">
    <p class='ocr_par' dir='ltr' id='par_1_53' title="bbox 195 3753 1761 3826">
     <span class='ocr_line' id='line_1_53' title="bbox 195 3753 1761 3826; baseline 0.004 -20"><span class='ocrx_word' id='word_1_350' title='bbox 195 3755 348 3806; x_wconf 76' lang='grc' dir='ltr'>εστιν</span> <span class='ocrx_word' id='word_1_351' title='bbox 386 3753 714 3818; x_wconf 77' lang='grc' dir='ltr'>ὕπόστασις,</span> <span class='ocrx_word' id='word_1_352' title='bbox 747 3757 892 3810; x_wconf 85' lang='grc' dir='ltr'><strong>κατά</strong></span> <span class='ocrx_word' id='word_1_353' title='bbox 923 3757 1019 3810; x_wconf 67' lang='grc' dir='ltr'><strong>τὸν</strong></span> <span class='ocrx_word' id='word_1_354' title='bbox 1055 3757 1147 3810; x_wconf 76' lang='grc' dir='ltr'>σὸν</span> <span class='ocrx_word' id='word_1_355' title='bbox 1178 3760 1476 3826; x_wconf 83' lang='grc' dir='ltr'>προφήτην</span> <span class='ocrx_word' id='word_1_356' title='bbox 1538 3760 1714 3812; x_wconf 84' lang='grc' dir='ltr'>είπεῖν</span> <span class='ocrx_word' id='word_1_357' title='bbox 1745 3774 1761 3790; x_wconf 90' lang='grc'><strong>·</strong></span> 
     </span>
    </p>
   </div>
   <div class='ocr_carea' id='block_1_54' title="bbox 199 3843 1762 3918">
    <p class='ocr_par' dir='ltr' id='par_1_54' title="bbox 199 3843 1762 3918">
     <span class='ocr_line' id='line_1_54' title="bbox 199 3843 1762 3918; baseline 0.002 -19"><span class='ocrx_word' id='word_1_358' title='bbox 199 3846 404 3914; x_wconf 79' lang='grc' dir='ltr'>μᾶλλον</span> <span class='ocrx_word' id='word_1_359' title='bbox 424 3845 483 3899; x_wconf 73' lang='grc' dir='ltr'>δι</span> <span class='ocrx_word' id='word_1_360' title='bbox 515 3847 609 3900; x_wconf 67' lang='grc' dir='ltr'><strong>καὶ</strong></span> <span class='ocrx_word' id='word_1_361' title='bbox 629 3846 795 3915; x_wconf 76' lang='grc' dir='ltr'>ἔτερα</span> <span class='ocrx_word' id='word_1_362' title='bbox 815 3846 1148 3918; x_wconf 80' lang='grc' dir='ltr'>προσθῶμεν</span> <span class='ocrx_word' id='word_1_363' title='bbox 1177 3850 1295 3910; x_wconf 87' lang='grc' dir='ltr'>τοῖς</span> <span class='ocrx_word' id='word_1_364' title='bbox 1319 3848 1658 3918; x_wconf 84' lang='grc' dir='ltr'>είρημένοις.</span> <span class='ocrx_word' id='word_1_365' title='bbox 1700 3843 1762 3902; x_wconf 78' lang='grc' dir='ltr'><strong>οῦ</strong></span> 
     </span>
    </p>
   </div>
   <div class='ocr_carea' id='block_1_55' title="bbox 195 3938 1765 4010">
    <p class='ocr_par' dir='ltr' id='par_1_55' title="bbox 195 3938 1765 4010">
     <span class='ocr_line' id='line_1_55' title="bbox 195 3938 1765 4010; baseline 0.003 -21"><span class='ocrx_word' id='word_1_366' title='bbox 195 3939 292 3990; x_wconf 69' lang='lat' dir='ltr'><strong>aut</strong></span> <span class='ocrx_word' id='word_1_367' title='bbox 319 3939 379 3990; x_wconf 79' lang='grc' dir='ltr'>τὸ</span> <span class='ocrx_word' id='word_1_368' title='bbox 416 3938 731 4007; x_wconf 80' lang='grc' dir='ltr'>μεμνῆσθαι</span> <span class='ocrx_word' id='word_1_369' title='bbox 759 3939 944 4007; x_wconf 87' lang='grc' dir='ltr'>μόνον,</span> <span class='ocrx_word' id='word_1_370' title='bbox 975 3939 1169 4006; x_wconf 83' lang='grc' dir='ltr'>κέρδος</span> <span class='ocrx_word' id='word_1_371' title='bbox 1194 3939 1262 3992; x_wconf 77' lang='grc' dir='ltr'>ἂν</span> <span class='ocrx_word' id='word_1_372' title='bbox 1288 3941 1490 4009; x_wconf 77' lang='grc' dir='ltr'>ἧνεγκε</span> <span class='ocrx_word' id='word_1_373' title='bbox 1525 3944 1641 4004; x_wconf 83' lang='grc' dir='ltr'>ταῖς</span> <span class='ocrx_word' id='word_1_374' title='bbox 1662 3941 1765 4010; x_wconf 80' lang='grc' dir='ltr'>ψυ-</span> 
     </span>
    </p>
   </div>
   <div class='ocr_carea' id='block_1_56' title="bbox 193 4031 344 4099">
    <p class='ocr_par' dir='ltr' id='par_1_56' title="bbox 193 4031 344 4099">
     <span class='ocr_line' id='line_1_56' title="bbox 193 4031 344 4099; baseline 0.02 -19"><span class='ocrx_word' id='word_1_375' title='bbox 193 4031 344 4099; x_wconf 79' lang='grc' dir='ltr'>χαῐς.</span> 
     </span>
    </p>
   </div>
   <div class='ocr_carea' id='block_1_57' title="bbox 279 4117 1762 4193">
    <p class='ocr_par' dir='ltr' id='par_1_57' title="bbox 279 4117 1762 4193">
     <span class='ocr_line' id='line_1_57' title="bbox 279 4117 1762 4193; baseline 0.001 -19"><span class='ocrx_word' id='word_1_376' title='bbox 279 4117 659 4188; x_wconf 80' lang='grc' dir='ltr'>Ἐπαλαιώθην</span> <span class='ocrx_word' id='word_1_377' title='bbox 688 4121 745 4172; x_wconf 77' lang='grc' dir='ltr'>ὲν</span> <span class='ocrx_word' id='word_1_378' title='bbox 770 4121 905 4174; x_wconf 76' lang='grc' dir='ltr'>πᾶσι</span> <span class='ocrx_word' id='word_1_379' title='bbox 937 4122 1050 4183; x_wconf 87' lang='grc' dir='ltr'>τοῖς</span> <span class='ocrx_word' id='word_1_380' title='bbox 1075 4119 1295 4188; x_wconf 75' lang='grc' dir='ltr'>έχθροῖς</span> <span class='ocrx_word' id='word_1_381' title='bbox 1326 4135 1454 4188; x_wconf 85' lang='grc' dir='ltr'>μου·</span> <span class='ocrx_word' id='word_1_382' title='bbox 1489 4122 1762 4193; x_wconf 74' lang='grc' dir='ltr'>ἐγενόμην</span> 
     </span>
    </p>
   </div>
   <div class='ocr_carea' id='block_1_58' title="bbox 191 4211 1761 4280">
    <p class='ocr_par' dir='ltr' id='par_1_58' title="bbox 191 4211 1761 4280">
     <span class='ocr_line' id='line_1_58' title="bbox 191 4211 1761 4280; baseline 0.001 -15"><span class='ocrx_word' id='word_1_383' title='bbox 191 4212 384 4274; x_wconf 82' lang='grc' dir='ltr'>αὐτοῖς</span> <span class='ocrx_word' id='word_1_384' title='bbox 412 4211 494 4273; x_wconf 82' lang='grc' dir='ltr'><strong>είς</strong></span> <span class='ocrx_word' id='word_1_385' title='bbox 528 4211 936 4280; x_wconf 76' lang='grc' dir='ltr'>μυκτηρισμδν,</span> <span class='ocrx_word' id='word_1_386' title='bbox 962 4212 1059 4266; x_wconf 81' lang='grc' dir='ltr'><strong>καὶ</strong></span> <span class='ocrx_word' id='word_1_387' title='bbox 1089 4215 1202 4276; x_wconf 78' lang='grc' dir='ltr'>τοῖς</span> <span class='ocrx_word' id='word_1_388' title='bbox 1247 4214 1408 4266; x_wconf 78' lang='grc' dir='ltr'>ποσὶν</span> <span class='ocrx_word' id='word_1_389' title='bbox 1437 4213 1620 4268; x_wconf 79' lang='grc' dir='ltr'>αὐτῶν</span> <span class='ocrx_word' id='word_1_390' title='bbox 1657 4231 1761 4266; x_wconf 79' lang='grc' dir='ltr'>κα-</span> 
     </span>
    </p>
   </div>
   <div class='ocr_carea' id='block_1_59' title="bbox 190 4300 1762 4370">
    <p class='ocr_par' dir='ltr' id='par_1_59' title="bbox 190 4300 1762 4370">
     <span class='ocr_line' id='line_1_59' title="bbox 190 4300 1762 4370; baseline 0.002 -18"><span class='ocrx_word' id='word_1_391' title='bbox 190 4300 523 4368; x_wconf 84' lang='grc' dir='ltr'>ταπάτημα.</span> <span class='ocrx_word' id='word_1_392' title='bbox 565 4301 674 4354; x_wconf 73' lang='grc' dir='ltr'><strong>Καὶ</strong></span> <span class='ocrx_word' id='word_1_393' title='bbox 699 4300 792 4352; x_wconf 87' lang='grc' dir='ltr'><strong>νῦν</strong></span> <span class='ocrx_word' id='word_1_394' title='bbox 810 4316 872 4367; x_wconf 86' lang='grc' dir='ltr'><strong>γε</strong></span> <span class='ocrx_word' id='word_1_395' title='bbox 904 4300 1106 4370; x_wconf 87' lang='grc' dir='ltr'>κέχηνε</span> <span class='ocrx_word' id='word_1_396' title='bbox 1138 4301 1312 4369; x_wconf 87' lang='grc' dir='ltr'>στόμα</span> <span class='ocrx_word' id='word_1_397' title='bbox 1352 4300 1529 4355; x_wconf 77' lang='grc' dir='ltr'>δεινὸν</span> <span class='ocrx_word' id='word_1_398' title='bbox 1574 4303 1762 4364; x_wconf 79' lang='grc' dir='ltr'>αὐτοῖς</span> 
     </span>
    </p>
   </div>
   <div class='ocr_carea' id='block_1_60' title="bbox 194 4392 1760 4463">
    <p class='ocr_par' dir='ltr' id='par_1_60' title="bbox 194 4392 1760 4463">
     <span class='ocr_line' id='line_1_60' title="bbox 194 4392 1760 4463; baseline 0.002 -18"><span class='ocrx_word' id='word_1_399' title='bbox 194 4393 299 4460; x_wconf 75' lang='grc' dir='ltr'><strong>ὲμὶ</strong></span> <span class='ocrx_word' id='word_1_400' title='bbox 365 4393 657 4445; x_wconf 76' lang='grc' dir='ltr'>καταπιεῖν</span> <span class='ocrx_word' id='word_1_401' title='bbox 700 4392 1082 4461; x_wconf 73' lang='grc' dir='ltr'>ἐπειγόμενον.</span> <span class='ocrx_word' id='word_1_402' title='bbox 1117 4392 1384 4446; x_wconf 78' lang='grc' dir='ltr'>Φθασάτω</span> <span class='ocrx_word' id='word_1_403' title='bbox 1417 4395 1450 4463; x_wconf 74' lang='grc' dir='ltr'><strong>ἡ</strong></span> <span class='ocrx_word' id='word_1_404' title='bbox 1492 4395 1613 4463; x_wconf 84' lang='grc' dir='ltr'>χείρ</span> <span class='ocrx_word' id='word_1_405' title='bbox 1666 4410 1760 4449; x_wconf 84' lang='grc' dir='ltr'><strong>σου</strong></span> 
     </span>
    </p>
   </div>
   <div class='ocr_carea' id='block_1_61' title="bbox 193 4481 1762 4554">
    <p class='ocr_par' dir='ltr' id='par_1_61' title="bbox 193 4481 1762 4554">
     <span class='ocr_line' id='line_1_61' title="bbox 193 4481 1762 4554; baseline 0.001 -20"><span class='ocrx_word' id='word_1_406' title='bbox 193 4484 291 4535; x_wconf 85' lang='grc' dir='ltr'><strong>τοῦ</strong></span> <span class='ocrx_word' id='word_1_407' title='bbox 326 4481 498 4537; x_wconf 88' lang='grc' dir='ltr'>σῶσαί</span> <span class='ocrx_word' id='word_1_408' title='bbox 534 4500 620 4552; x_wconf 84' lang='grc' dir='ltr'><strong>με,</strong></span> <span class='ocrx_word' id='word_1_409' title='bbox 650 4484 725 4552; x_wconf 82' lang='grc' dir='ltr'>μή</span> <span class='ocrx_word' id='word_1_410' title='bbox 759 4500 891 4536; x_wconf 85' lang='grc' dir='ltr'>ποτε</span> <span class='ocrx_word' id='word_1_411' title='bbox 925 4483 1000 4545; x_wconf 81' lang='grc' dir='ltr'>ὡς</span> <span class='ocrx_word' id='word_1_412' title='bbox 1025 4482 1160 4536; x_wconf 77' lang='grc' dir='ltr'>λέων</span> <span class='ocrx_word' id='word_1_413' title='bbox 1190 4483 1419 4553; x_wconf 77' lang='grc' dir='ltr'>ἁρπάσῃ</span> <span class='ocrx_word' id='word_1_414' title='bbox 1442 4483 1541 4554; x_wconf 85' lang='grc' dir='ltr'>τὴν</span> <span class='ocrx_word' id='word_1_415' title='bbox 1577 4483 1762 4554; x_wconf 83' lang='grc' dir='ltr'>ψυχήν</span> 
     </span>
    </p>
   </div>
   <div class='ocr_carea' id='block_1_62' title="bbox 198 4575 1762 4646">
    <p class='ocr_par' dir='ltr' id='par_1_62' title="bbox 198 4575 1762 4646">
     <span class='ocr_line' id='line_1_62' title="bbox 198 4575 1762 4646; baseline 0 -16"><span class='ocrx_word' id='word_1_416' title='bbox 198 4595 334 4645; x_wconf 90' lang='grc' dir='ltr'>μου,</span> <span class='ocrx_word' id='word_1_417' title='bbox 370 4577 447 4646; x_wconf 76' lang='grc' dir='ltr'>μὴ</span> <span class='ocrx_word' id='word_1_418' title='bbox 469 4576 624 4639; x_wconf 73' lang='grc' dir='ltr'>ὄντος</span> <span class='ocrx_word' id='word_1_419' title='bbox 655 4575 1048 4646; x_wconf 74' lang='grc' dir='ltr'>λυτρουμένου,</span> <span class='ocrx_word' id='word_1_420' title='bbox 1085 4575 1219 4645; x_wconf 67' lang='grc' dir='ltr'>μηδὲ</span> <span class='ocrx_word' id='word_1_421' title='bbox 1278 4575 1566 4638; x_wconf 80' lang='grc' dir='ltr'>σώζοντος.</span> <span class='ocrx_word' id='word_1_422' title='bbox 1589 4577 1762 4639; x_wconf 81' lang='grc' dir='ltr'>Ἴασις</span> 
     </span>
    </p>
   </div>
   <div class='ocr_carea' id='block_1_63' title="bbox 1866 2103 3446 2175">
    <p class='ocr_par' dir='ltr' id='par_1_63' title="bbox 1866 2103 3446 2175">
     <span class='ocr_line' id='line_1_63' title="bbox 1866 2103 3446 2175; baseline 0.005 -20"><span class='ocrx_word' id='word_1_423' title='bbox 1866 2103 2000 2164; x_wconf 89' lang='lat' dir='ltr'><strong>dita,</strong></span> <span class='ocrx_word' id='word_1_424' title='bbox 2029 2106 2355 2172; x_wconf 80' lang='lat' dir='ltr'><strong>reme-diique</strong></span> <span class='ocrx_word' id='word_1_425' title='bbox 2384 2117 2589 2158; x_wconf 81' lang='lat' dir='ltr'><strong>tantum</strong></span> <span class='ocrx_word' id='word_1_426' title='bbox 2624 2107 2894 2169; x_wconf 80' lang='lat' dir='ltr'><strong>exliibeto,</strong></span> <span class='ocrx_word' id='word_1_427' title='bbox 2949 2119 3149 2173; x_wconf 82' lang='lat' dir='ltr'><strong>quanto</strong></span> <span class='ocrx_word' id='word_1_428' title='bbox 3185 2108 3285 2175; x_wconf 79' lang='lat' dir='ltr'><strong>ipsi</strong></span> <span class='ocrx_word' id='word_1_429' title='bbox 3327 2110 3446 2163; x_wconf 76' lang='lat' dir='ltr'><strong>vul—</strong></span> 
     </span>
    </p>
   </div>
   <div class='ocr_carea' id='block_1_64' title="bbox 1870 2196 3016 2263">
    <p class='ocr_par' dir='ltr' id='par_1_64' title="bbox 1870 2196 3016 2263">
     <span class='ocr_line' id='line_1_64' title="bbox 1870 2196 3016 2263; baseline 0.004 -16"><span class='ocrx_word' id='word_1_430' title='bbox 1870 2196 1984 2248; x_wconf 79' lang='lat' dir='ltr'><strong>neri</strong></span> <span class='ocrx_word' id='word_1_431' title='bbox 2022 2210 2158 2263; x_wconf 88' lang='lat' dir='ltr'><strong>opus</strong></span> <span class='ocrx_word' id='word_1_432' title='bbox 2193 2207 2279 2251; x_wconf 90' lang='lat' dir='ltr'><strong>est</strong></span> <span class='ocrx_word' id='word_1_433' title='bbox 2327 2199 2555 2251; x_wconf 87' lang='lat' dir='ltr'><strong>tumenti</strong></span> <span class='ocrx_word' id='word_1_434' title='bbox 2590 2209 2645 2250; x_wconf 74' lang='lat' dir='ltr'><strong>et</strong></span> <span class='ocrx_word' id='word_1_435' title='bbox 2675 2201 3016 2253; x_wconf 75' lang='lat' dir='ltr'><strong>exa&#39;stuuuti.</strong></span> 
     </span>
    </p>
   </div>
   <div class='ocr_carea' id='block_1_65' title="bbox 1938 2288 3442 2361">
    <p class='ocr_par' dir='ltr' id='par_1_65' title="bbox 1938 2288 3442 2361">
     <span class='ocr_line' id='line_1_65' title="bbox 1938 2288 3442 2361; baseline 0.006 -21"><span class='ocrx_word' id='word_1_436' title='bbox 1938 2288 2128 2343; x_wconf 84' lang='lat' dir='ltr'><strong>Libera</strong></span> <span class='ocrx_word' id='word_1_437' title='bbox 2161 2304 2243 2341; x_wconf 89' lang='lat' dir='ltr'><strong>me</strong></span> <span class='ocrx_word' id='word_1_438' title='bbox 2293 2305 2321 2340; x_wconf 89' lang='lat' dir='ltr'><strong>a</strong></span> <span class='ocrx_word' id='word_1_439' title='bbox 2351 2300 2608 2343; x_wconf 79' lang='lat' dir='ltr'><strong>consueta</strong></span> <span class='ocrx_word' id='word_1_440' title='bbox 2657 2290 2966 2353; x_wconf 78' lang='lat' dir='ltr'><strong>vitiositate,</strong></span> <span class='ocrx_word' id='word_1_441' title='bbox 3001 2295 3156 2360; x_wconf 82' lang='lat' dir='ltr'><strong>(proli</strong></span> <span class='ocrx_word' id='word_1_442' title='bbox 3186 2295 3200 2345; x_wconf 87' lang='lat' dir='ltr'><strong>l</strong></span> <span class='ocrx_word' id='word_1_443' title='bbox 3240 2307 3442 2361; x_wconf 80' lang='lat' dir='ltr'><strong>quan&#39;a</strong></span> 
     </span>
    </p>
   </div>
   <div class='ocr_carea' id='block_1_66' title="bbox 1867 2380 3443 2451">
    <p class='ocr_par' dir='ltr' id='par_1_66' title="bbox 1867 2380 3443 2451">
     <span class='ocr_line' id='line_1_66' title="bbox 1867 2380 3443 2451; baseline 0.004 -17"><span class='ocrx_word' id='word_1_444' title='bbox 1867 2380 2014 2434; x_wconf 69' lang='lat' dir='ltr'><strong>istaec</strong></span> <span class='ocrx_word' id='word_1_445' title='bbox 2041 2382 2207 2449; x_wconf 83' lang='lat' dir='ltr'><strong>est!)</strong></span> <span class='ocrx_word' id='word_1_446' title='bbox 2298 2392 2354 2437; x_wconf 87' lang='lat' dir='ltr'><strong>et</strong></span> <span class='ocrx_word' id='word_1_447' title='bbox 2403 2385 2734 2439; x_wconf 73' lang='lat' dir='ltr'><strong>collaetauea</strong></span> <span class='ocrx_word' id='word_1_448' title='bbox 2794 2385 3020 2450; x_wconf 85' lang='lat' dir='ltr'><strong>diraque</strong></span> <span class='ocrx_word' id='word_1_449' title='bbox 3077 2388 3443 2451; x_wconf 74' lang='lat' dir='ltr'><strong>contumacia,</strong></span> 
     </span>
    </p>
   </div>
   <div class='ocr_carea' id='block_1_67' title="bbox 1866 2473 3442 2545">
    <p class='ocr_par' dir='ltr' id='par_1_67' title="bbox 1866 2473 3442 2545">
     <span class='ocr_line' id='line_1_67' title="bbox 1866 2473 3442 2545; baseline 0.003 -20"><span class='ocrx_word' id='word_1_450' title='bbox 1866 2487 1986 2539; x_wconf 72' lang='lat' dir='ltr'><strong>qua:</strong></span> <span class='ocrx_word' id='word_1_451' title='bbox 2045 2473 2112 2526; x_wconf 86' lang='lat' dir='ltr'><strong>ad</strong></span> <span class='ocrx_word' id='word_1_452' title='bbox 2171 2474 2505 2540; x_wconf 82' lang='lat' dir='ltr'><strong>perdendum</strong></span> <span class='ocrx_word' id='word_1_453' title='bbox 2544 2477 2626 2528; x_wconf 96' lang='lat' dir='ltr'><strong>vcl</strong></span> <span class='ocrx_word' id='word_1_454' title='bbox 2661 2477 2775 2529; x_wconf 84' lang='lat' dir='ltr'><strong>sola</strong></span> <span class='ocrx_word' id='word_1_455' title='bbox 2819 2477 3037 2535; x_wconf 75' lang='lat' dir='ltr'><strong>suﬂicit,</strong></span> <span class='ocrx_word' id='word_1_456' title='bbox 3088 2493 3149 2530; x_wconf 84' lang='lat' dir='ltr'><strong>ac</strong></span> <span class='ocrx_word' id='word_1_457' title='bbox 3185 2491 3442 2545; x_wconf 54' lang='grc' dir='ltr'>ιιι-τριετῆ</span> 
     </span>
    </p>
   </div>
   <div class='ocr_carea' id='block_1_68' title="bbox 1864 2565 3442 2638">
    <p class='ocr_par' dir='ltr' id='par_1_68' title="bbox 1864 2565 3442 2638">
     <span class='ocr_line' id='line_1_68' title="bbox 1864 2565 3442 2638; baseline 0.003 -20"><span class='ocrx_word' id='word_1_458' title='bbox 1864 2579 1895 2618; x_wconf 84' lang='lat' dir='ltr'><strong>a</strong></span> <span class='ocrx_word' id='word_1_459' title='bbox 1956 2579 2114 2619; x_wconf 78' lang='lat' dir='ltr'><strong>como</strong></span> <span class='ocrx_word' id='word_1_460' title='bbox 2140 2565 2464 2620; x_wconf 88' lang='lat' dir='ltr'><strong>delictorum</strong></span> <span class='ocrx_word' id='word_1_461' title='bbox 2502 2582 2764 2632; x_wconf 88' lang='lat' dir='ltr'><strong>meorum,</strong></span> <span class='ocrx_word' id='word_1_462' title='bbox 2813 2569 2864 2622; x_wconf 90' lang='lat' dir='ltr'><strong>in</strong></span> <span class='ocrx_word' id='word_1_463' title='bbox 2925 2585 3032 2637; x_wconf 85' lang='lat' dir='ltr'><strong>quo</strong></span> <span class='ocrx_word' id='word_1_464' title='bbox 3082 2585 3168 2622; x_wconf 87' lang='lat' dir='ltr'><strong>me</strong></span> <span class='ocrx_word' id='word_1_465' title='bbox 3233 2585 3442 2638; x_wconf 82' lang='lat' dir='ltr'><strong>semper</strong></span> 
     </span>
    </p>
   </div>
   <div class='ocr_carea' id='block_1_69' title="bbox 1863 2657 3444 2730">
    <p class='ocr_par' dir='ltr' id='par_1_69' title="bbox 1863 2657 3444 2730">
     <span class='ocr_line' id='line_1_69' title="bbox 1863 2657 3444 2730; baseline 0.001 -21"><span class='ocrx_word' id='word_1_466' title='bbox 1863 2657 2096 2712; x_wconf 79' lang='lat' dir='ltr'><strong>volutari</strong></span> <span class='ocrx_word' id='word_1_467' title='bbox 2129 2673 2196 2711; x_wconf 91' lang='lat' dir='ltr'><strong>ne</strong></span> <span class='ocrx_word' id='word_1_468' title='bbox 2251 2660 2407 2727; x_wconf 84' lang='lat' dir='ltr'><strong>pudet</strong></span> <span class='ocrx_word' id='word_1_469' title='bbox 2443 2660 2681 2727; x_wconf 84' lang='lat' dir='ltr'><strong>quidem,</strong></span> <span class='ocrx_word' id='word_1_470' title='bbox 2717 2675 2906 2713; x_wconf 89' lang='lat' dir='ltr'><strong>eorum</strong></span> <span class='ocrx_word' id='word_1_471' title='bbox 2971 2661 3022 2714; x_wconf 89' lang='lat' dir='ltr'><strong>in</strong></span> <span class='ocrx_word' id='word_1_472' title='bbox 3065 2678 3295 2722; x_wconf 73' lang='lat' dir='ltr'><strong>&quot;mrem,</strong></span> <span class='ocrx_word' id='word_1_473' title='bbox 3353 2663 3444 2730; x_wconf 85' lang='lat' dir='ltr'><strong>qui</strong></span> 
     </span>
    </p>
   </div>
   <div class='ocr_carea' id='block_1_70' title="bbox 1863 2749 3442 2820">
    <p class='ocr_par' dir='ltr' id='par_1_70' title="bbox 1863 2749 3442 2820">
     <span class='ocr_line' id='line_1_70' title="bbox 1863 2749 3442 2820; baseline 0.003 -18"><span class='ocrx_word' id='word_1_474' title='bbox 1863 2762 1929 2802; x_wconf 80' lang='lat' dir='ltr'><strong>ex</strong></span> <span class='ocrx_word' id='word_1_475' title='bbox 1979 2749 2127 2812; x_wconf 89' lang='lat' dir='ltr'><strong>vino,</strong></span> <span class='ocrx_word' id='word_1_476' title='bbox 2169 2751 2249 2803; x_wconf 86' lang='lat' dir='ltr'><strong>vel</strong></span> <span class='ocrx_word' id='word_1_477' title='bbox 2290 2754 2477 2804; x_wconf 84' lang='lat' dir='ltr'><strong>morbo</strong></span> <span class='ocrx_word' id='word_1_478' title='bbox 2504 2753 2764 2820; x_wconf 87' lang='lat' dir='ltr'><strong>quodam,</strong></span> <span class='ocrx_word' id='word_1_479' title='bbox 2792 2766 2822 2805; x_wconf 89' lang='lat' dir='ltr'><strong>e</strong></span> <span class='ocrx_word' id='word_1_480' title='bbox 2853 2761 3118 2820; x_wconf 84' lang='lat' dir='ltr'><strong>potestate</strong></span> <span class='ocrx_word' id='word_1_481' title='bbox 3138 2754 3442 2807; x_wconf 80' lang='lat' dir='ltr'><strong>exiverunt.</strong></span> 
     </span>
    </p>
   </div>
   <div class='ocr_carea' id='block_1_71' title="bbox 1933 2839 3444 2913">
    <p class='ocr_par' dir='ltr' id='par_1_71' title="bbox 1933 2839 3444 2913">
     <span class='ocr_line' id='line_1_71' title="bbox 1933 2839 3444 2913; baseline 0.007 -21"><span class='ocrx_word' id='word_1_482' title='bbox 1933 2839 2159 2904; x_wconf 73' lang='lat' dir='ltr'><strong>Porrige</strong></span> <span class='ocrx_word' id='word_1_483' title='bbox 2202 2843 2336 2897; x_wconf 89' lang='lat' dir='ltr'><strong>mibi</strong></span> <span class='ocrx_word' id='word_1_484' title='bbox 2396 2858 2613 2898; x_wconf 85' lang='lat' dir='ltr'><strong>manum</strong></span> <span class='ocrx_word' id='word_1_485' title='bbox 2669 2844 2820 2898; x_wconf 86' lang='lat' dir='ltr'><strong>humi</strong></span> <span class='ocrx_word' id='word_1_486' title='bbox 2848 2845 3074 2911; x_wconf 87' lang='lat' dir='ltr'><strong>jacenti,</strong></span> <span class='ocrx_word' id='word_1_487' title='bbox 3127 2845 3444 2913; x_wconf 79' lang='lat' dir='ltr'><strong>\‘iuculaque</strong></span> 
     </span>
    </p>
   </div>
   <div class='ocr_carea' id='block_1_72' title="bbox 1862 2931 3442 3006">
    <p class='ocr_par' dir='ltr' id='par_1_72' title="bbox 1862 2931 3442 3006">
     <span class='ocr_line' id='line_1_72' title="bbox 1862 2931 3442 3006; baseline 0.003 -20"><span class='ocrx_word' id='word_1_488' title='bbox 1862 2931 2127 2986; x_wconf 89' lang='lat' dir='ltr'><strong>scelerum</strong></span> <span class='ocrx_word' id='word_1_489' title='bbox 2161 2933 2289 2988; x_wconf 92' lang='lat' dir='ltr'><strong>mihi</strong></span> <span class='ocrx_word' id='word_1_490' title='bbox 2323 2935 2524 2999; x_wconf 77' lang='lat' dir='ltr'><strong>laxato,</strong></span> <span class='ocrx_word' id='word_1_491' title='bbox 2553 2936 2643 3006; x_wconf 89' lang='lat' dir='ltr'><strong>qui</strong></span> <span class='ocrx_word' id='word_1_492' title='bbox 2682 2945 2758 2991; x_wconf 91' lang='lat' dir='ltr'><strong>tot</strong></span> <span class='ocrx_word' id='word_1_493' title='bbox 2808 2937 2876 2990; x_wconf 85' lang='lat' dir='ltr'><strong>ab</strong></span> <span class='ocrx_word' id='word_1_494' title='bbox 2907 2937 3067 2991; x_wconf 82' lang='lat' dir='ltr'><strong>annis</strong></span> <span class='ocrx_word' id='word_1_495' title='bbox 3113 2951 3184 2990; x_wconf 89' lang='lat' dir='ltr'><strong>ne</strong></span> <span class='ocrx_word' id='word_1_496' title='bbox 3227 2936 3442 3006; x_wconf 87' lang='lat' dir='ltr'><strong>quidem</strong></span> 
     </span>
    </p>
   </div>
   <div class='ocr_carea' id='block_1_73' title="bbox 1863 3024 3443 3098">
    <p class='ocr_par' dir='ltr' id='par_1_73' title="bbox 1863 3024 3443 3098">
     <span class='ocr_line' id='line_1_73' title="bbox 1863 3024 3443 3098; baseline 0.001 -20"><span class='ocrx_word' id='word_1_497' title='bbox 1863 3026 1930 3078; x_wconf 88' lang='lat' dir='ltr'><strong>ad</strong></span> <span class='ocrx_word' id='word_1_498' title='bbox 1984 3024 2224 3081; x_wconf 85' lang='lat' dir='ltr'><strong>animum</strong></span> <span class='ocrx_word' id='word_1_499' title='bbox 2278 3029 2548 3092; x_wconf 86' lang='lat' dir='ltr'><strong>revocavi,</strong></span> <span class='ocrx_word' id='word_1_500' title='bbox 2605 3043 2714 3098; x_wconf 86' lang='lat' dir='ltr'><strong>quo</strong></span> <span class='ocrx_word' id='word_1_501' title='bbox 2748 3029 3012 3082; x_wconf 87' lang='lat' dir='ltr'><strong>malorum</strong></span> <span class='ocrx_word' id='word_1_502' title='bbox 3074 3029 3285 3083; x_wconf 82' lang='lat' dir='ltr'><strong>delatus</strong></span> <span class='ocrx_word' id='word_1_503' title='bbox 3317 3029 3443 3084; x_wconf 71' lang='lat' dir='ltr'><strong>sim.</strong></span> 
     </span>
    </p>
   </div>
   <div class='ocr_carea' id='block_1_74' title="bbox 1863 3119 3439 3187">
    <p class='ocr_par' dir='ltr' id='par_1_74' title="bbox 1863 3119 3439 3187">
     <span class='ocr_line' id='line_1_74' title="bbox 1863 3119 3439 3187; baseline 0.001 -16"><span class='ocrx_word' id='word_1_504' title='bbox 1863 3126 2086 3187; x_wconf 81' lang='lat' dir='ltr'><strong>stupore</strong></span> <span class='ocrx_word' id='word_1_505' title='bbox 2117 3119 2354 3187; x_wconf 82' lang='lat' dir='ltr'><strong>quodam</strong></span> <span class='ocrx_word' id='word_1_506' title='bbox 2403 3129 2686 3184; x_wconf 77' lang='lat' dir='ltr'><strong>extremo,</strong></span> <span class='ocrx_word' id='word_1_507' title='bbox 2719 3135 2821 3175; x_wconf 87' lang='lat' dir='ltr'><strong>nec</strong></span> <span class='ocrx_word' id='word_1_508' title='bbox 2868 3120 3089 3175; x_wconf 90' lang='lat' dir='ltr'><strong>omnino</strong></span> <span class='ocrx_word' id='word_1_509' title='bbox 3139 3119 3343 3174; x_wconf 84' lang='lat' dir='ltr'><strong>moveri</strong></span> <span class='ocrx_word' id='word_1_510' title='bbox 3370 3121 3439 3173; x_wconf 88' lang='lat' dir='ltr'><strong>ad</strong></span> 
     </span>
    </p>
   </div>
   <div class='ocr_carea' id='block_1_75' title="bbox 1863 3210 3438 3283">
    <p class='ocr_par' dir='ltr' id='par_1_75' title="bbox 1863 3210 3438 3283">
     <span class='ocr_line' id='line_1_75' title="bbox 1863 3210 3438 3283; baseline 0.004 -22"><span class='ocrx_word' id='word_1_511' title='bbox 1863 3216 1918 3262; x_wconf 88' lang='lat' dir='ltr'><strong>te</strong></span> <span class='ocrx_word' id='word_1_512' title='bbox 1955 3210 2128 3277; x_wconf 89' lang='lat' dir='ltr'><strong>potui,</strong></span> <span class='ocrx_word' id='word_1_513' title='bbox 2162 3213 2233 3265; x_wconf 88' lang='lat' dir='ltr'><strong>ob</strong></span> <span class='ocrx_word' id='word_1_514' title='bbox 2261 3211 2554 3281; x_wconf 76' lang='lat' dir='ltr'><strong>proiectam</strong></span> <span class='ocrx_word' id='word_1_515' title='bbox 2577 3226 2647 3268; x_wconf 79' lang='lat' dir='ltr'><strong>ex</strong></span> <span class='ocrx_word' id='word_1_516' title='bbox 2675 3212 2947 3268; x_wconf 82' lang='lat' dir='ltr'><strong>diuturnis</strong></span> <span class='ocrx_word' id='word_1_517' title='bbox 2975 3213 3216 3283; x_wconf 79' lang='lat' dir='ltr'><strong>peccatis</strong></span> <span class='ocrx_word' id='word_1_518' title='bbox 3250 3221 3438 3282; x_wconf 80' lang='lat' dir='ltr'><strong>torpe-</strong></span> 
     </span>
    </p>
   </div>
   <div class='ocr_carea' id='block_1_76' title="bbox 1790 3299 2071 3388">
    <p class='ocr_par' dir='ltr' id='par_1_76' title="bbox 1790 3299 2071 3388">
     <span class='ocr_line' id='line_1_76' title="bbox 1790 3299 2071 3388; baseline 0.018 -36"><span class='ocrx_word' id='word_1_519' title='bbox 1790 3328 1834 3388; x_wconf 61' lang='grc' dir='ltr'><strong>ϐ</strong></span> <span class='ocrx_word' id='word_1_520' title='bbox 1867 3299 2071 3388; x_wconf 57' lang='lat' dir='ltr'><strong>dinem.</strong></span> 
     </span>
    </p>
   </div>
   <div class='ocr_carea' id='block_1_77' title="bbox 1943 3386 3440 3462">
    <p class='ocr_par' dir='ltr' id='par_1_77' title="bbox 1943 3386 3440 3462">
     <span class='ocr_line' id='line_1_77' title="bbox 1943 3386 3440 3462; baseline 0.006 -22"><span class='ocrx_word' id='word_1_521' title='bbox 1943 3386 2182 3456; x_wconf 77' lang='lat' dir='ltr'><strong>Festina,</strong></span> <span class='ocrx_word' id='word_1_522' title='bbox 2207 3405 2414 3459; x_wconf 63' lang='lat' dir='ltr'><strong>quaeso,</strong></span> <span class='ocrx_word' id='word_1_523' title='bbox 2450 3406 2644 3462; x_wconf 87' lang='lat' dir='ltr'><strong>meque</strong></span> <span class='ocrx_word' id='word_1_524' title='bbox 2669 3392 2847 3448; x_wconf 87' lang='lat' dir='ltr'><strong>libens</strong></span> <span class='ocrx_word' id='word_1_525' title='bbox 2875 3407 3055 3448; x_wconf 84' lang='lat' dir='ltr'><strong>serva.</strong></span> <span class='ocrx_word' id='word_1_526' title='bbox 3091 3393 3268 3450; x_wconf 79' lang='lat' dir='ltr'><strong>Habes</strong></span> <span class='ocrx_word' id='word_1_527' title='bbox 3294 3395 3440 3449; x_wconf 87' lang='lat' dir='ltr'><strong>enim</strong></span> 
     </span>
    </p>
   </div>
   <div class='ocr_carea' id='block_1_78' title="bbox 1869 3483 3432 3554">
    <p class='ocr_par' dir='ltr' id='par_1_78' title="bbox 1869 3483 3432 3554">
     <span class='ocr_line' id='line_1_78' title="bbox 1869 3483 3432 3554; baseline 0.004 -22"><span class='ocrx_word' id='word_1_528' title='bbox 1869 3488 2191 3546; x_wconf 83' lang='lat' dir='ltr'><strong>potestatem</strong></span> <span class='ocrx_word' id='word_1_529' title='bbox 2215 3495 2337 3536; x_wconf 91' lang='lat' dir='ltr'><strong>cum</strong></span> <span class='ocrx_word' id='word_1_530' title='bbox 2363 3483 2644 3539; x_wconf 88' lang='lat' dir='ltr'><strong>voluntate</strong></span> <span class='ocrx_word' id='word_1_531' title='bbox 2675 3498 2894 3554; x_wconf 86' lang='lat' dir='ltr'><strong>semper</strong></span> <span class='ocrx_word' id='word_1_532' title='bbox 2922 3485 3292 3552; x_wconf 87' lang='lat' dir='ltr'><strong>conjunctam.</strong></span> <span class='ocrx_word' id='word_1_533' title='bbox 3327 3487 3432 3539; x_wconf 81' lang='lat' dir='ltr'><strong>Ac.-</strong></span> 
     </span>
    </p>
   </div>
   <div class='ocr_carea' id='block_1_79' title="bbox 1867 3571 3441 3646">
    <p class='ocr_par' dir='ltr' id='par_1_79' title="bbox 1867 3571 3441 3646">
     <span class='ocr_line' id='line_1_79' title="bbox 1867 3571 3441 3646; baseline 0.004 -22"><span class='ocrx_word' id='word_1_534' title='bbox 1867 3571 2067 3638; x_wconf 81' lang='lat' dir='ltr'><strong>celera,</strong></span> <span class='ocrx_word' id='word_1_535' title='bbox 2093 3575 2164 3627; x_wconf 93' lang='lat' dir='ltr'><strong>mi</strong></span> <span class='ocrx_word' id='word_1_536' title='bbox 2196 3572 2356 3641; x_wconf 83' lang='lat' dir='ltr'><strong>Deus,</strong></span> <span class='ocrx_word' id='word_1_537' title='bbox 2390 3585 2447 3628; x_wconf 93' lang='lat' dir='ltr'><strong>ut</strong></span> <span class='ocrx_word' id='word_1_538' title='bbox 2467 3577 2667 3644; x_wconf 84' lang='lat' dir='ltr'><strong>eripias</strong></span> <span class='ocrx_word' id='word_1_539' title='bbox 2700 3592 2785 3631; x_wconf 88' lang='lat' dir='ltr'><strong>me</strong></span> <span class='ocrx_word' id='word_1_540' title='bbox 2816 3579 2882 3631; x_wconf 83' lang='lat' dir='ltr'><strong>de</strong></span> <span class='ocrx_word' id='word_1_541' title='bbox 2915 3577 3057 3630; x_wconf 90' lang='lat' dir='ltr'><strong>mole</strong></span> <span class='ocrx_word' id='word_1_542' title='bbox 3085 3577 3312 3646; x_wconf 73' lang='lat' dir='ltr'><strong>gurgitis</strong></span> <span class='ocrx_word' id='word_1_543' title='bbox 3342 3592 3441 3631; x_wconf 90' lang='lat' dir='ltr'><strong>ne-</strong></span> 
     </span>
    </p>
   </div>
   <div class='ocr_carea' id='block_1_80' title="bbox 1865 3661 3435 3738">
    <p class='ocr_par' dir='ltr' id='par_1_80' title="bbox 1865 3661 3435 3738">
     <span class='ocr_line' id='line_1_80' title="bbox 1865 3661 3435 3738; baseline 0.005 -22"><span class='ocrx_word' id='word_1_544' title='bbox 1865 3661 2125 3718; x_wconf 73' lang='lat' dir='ltr'><strong>fariorum</strong></span> <span class='ocrx_word' id='word_1_545' title='bbox 2154 3663 2453 3721; x_wconf 76' lang='lat' dir='ltr'><strong>facinorum</strong></span> <span class='ocrx_word' id='word_1_546' title='bbox 2485 3682 2755 3726; x_wconf 89' lang='lat' dir='ltr'><strong>meorum.</strong></span> <span class='ocrx_word' id='word_1_547' title='bbox 2780 3670 2959 3738; x_wconf 80' lang='lat' dir='ltr'><strong>inqua</strong></span> <span class='ocrx_word' id='word_1_548' title='bbox 2986 3678 3180 3736; x_wconf 90' lang='lat' dir='ltr'><strong>sponte</strong></span> <span class='ocrx_word' id='word_1_549' title='bbox 3227 3669 3435 3724; x_wconf 77' lang='lat' dir='ltr'><strong>deﬁxus</strong></span> 
     </span>
    </p>
   </div>
   <div class='ocr_carea' id='block_1_81' title="bbox 1867 3755 3434 3827">
    <p class='ocr_par' dir='ltr' id='par_1_81' title="bbox 1867 3755 3434 3827">
     <span class='ocr_line' id='line_1_81' title="bbox 1867 3755 3434 3827; baseline 0.004 -20"><span class='ocrx_word' id='word_1_550' title='bbox 1867 3755 2071 3819; x_wconf 73' lang='lat' dir='ltr'><strong>haereo,</strong></span> <span class='ocrx_word' id='word_1_551' title='bbox 2096 3772 2196 3812; x_wconf 83' lang='lat' dir='ltr'><strong>nec</strong></span> <span class='ocrx_word' id='word_1_552' title='bbox 2224 3758 2524 3813; x_wconf 85' lang='lat' dir='ltr'><strong>consistere</strong></span> <span class='ocrx_word' id='word_1_553' title='bbox 2554 3758 2704 3823; x_wconf 90' lang='lat' dir='ltr'><strong>licet,</strong></span> <span class='ocrx_word' id='word_1_554' title='bbox 2731 3769 2791 3814; x_wconf 93' lang='lat' dir='ltr'><strong>ut</strong></span> <span class='ocrx_word' id='word_1_555' title='bbox 2822 3770 2914 3814; x_wconf 91' lang='lat' dir='ltr'><strong>tuo</strong></span> <span class='ocrx_word' id='word_1_556' title='bbox 2936 3775 3060 3812; x_wconf 91' lang='lat' dir='ltr'><strong>cum</strong></span> <span class='ocrx_word' id='word_1_557' title='bbox 3081 3770 3202 3812; x_wconf 82' lang='lat' dir='ltr'><strong>vste</strong></span> <span class='ocrx_word' id='word_1_558' title='bbox 3223 3758 3434 3827; x_wconf 83' lang='lat' dir='ltr'><strong>loquar.</strong></span> 
     </span>
    </p>
   </div>
   <div class='ocr_carea' id='block_1_82' title="bbox 1865 3849 3433 3920">
    <p class='ocr_par' dir='ltr' id='par_1_82' title="bbox 1865 3849 3433 3920">
     <span class='ocr_line' id='line_1_82' title="bbox 1865 3849 3433 3920; baseline 0.001 -17"><span class='ocrx_word' id='word_1_559' title='bbox 1865 3849 1959 3903; x_wconf 81' lang='lat' dir='ltr'><strong>Vel</strong></span> <span class='ocrx_word' id='word_1_560' title='bbox 1989 3850 2166 3917; x_wconf 86' lang='lat' dir='ltr'><strong>potius</strong></span> <span class='ocrx_word' id='word_1_561' title='bbox 2195 3857 2249 3902; x_wconf 90' lang='lat' dir='ltr'><strong>et</strong></span> <span class='ocrx_word' id='word_1_562' title='bbox 2293 3850 2398 3904; x_wconf 84' lang='lat' dir='ltr'><strong>alia</strong></span> <span class='ocrx_word' id='word_1_563' title='bbox 2441 3866 2584 3905; x_wconf 89' lang='lat' dir='ltr'><strong>nunc</strong></span> <span class='ocrx_word' id='word_1_564' title='bbox 2613 3852 2776 3908; x_wconf 84' lang='lat' dir='ltr'><strong>dictis</strong></span> <span class='ocrx_word' id='word_1_565' title='bbox 2826 3851 3169 3919; x_wconf 82' lang='lat' dir='ltr'><strong>adjiciamus,</strong></span> <span class='ocrx_word' id='word_1_566' title='bbox 3201 3867 3433 3920; x_wconf 88' lang='lat' dir='ltr'><strong>quorum</strong></span> 
     </span>
    </p>
   </div>
   <div class='ocr_carea' id='block_1_83' title="bbox 1865 3941 3428 4005">
    <p class='ocr_par' dir='ltr' id='par_1_83' title="bbox 1865 3941 3428 4005">
     <span class='ocr_line' id='line_1_83' title="bbox 1865 3941 3428 4005; baseline 0.004 -12"><span class='ocrx_word' id='word_1_567' title='bbox 1865 3941 1949 3994; x_wconf 79' lang='lat' dir='ltr'><strong>\el</strong></span> <span class='ocrx_word' id='word_1_568' title='bbox 2009 3942 2318 3995; x_wconf 55' lang='lat' dir='ltr'><strong>meminisse</strong></span> <span class='ocrx_word' id='word_1_569' title='bbox 2352 3943 2634 4005; x_wconf 76' lang='lat' dir='ltr'><strong>duntaxat,</strong></span> <span class='ocrx_word' id='word_1_570' title='bbox 2661 3944 2857 3998; x_wconf 88' lang='lat' dir='ltr'><strong>animis</strong></span> <span class='ocrx_word' id='word_1_571' title='bbox 2889 3945 3099 3998; x_wconf 81' lang='lat' dir='ltr'><strong>lucrum</strong></span> <span class='ocrx_word' id='word_1_572' title='bbox 3161 3945 3428 4000; x_wconf 86' lang='lat' dir='ltr'><strong>attulerit.</strong></span> 
     </span>
    </p>
   </div>
   <div class='ocr_carea' id='block_1_84' title="bbox 1937 4118 3434 4180">
    <p class='ocr_par' dir='ltr' id='par_1_84' title="bbox 1937 4118 3434 4180">
     <span class='ocr_line' id='line_1_84' title="bbox 1937 4118 3434 4180; baseline 0.003 -9"><span class='ocrx_word' id='word_1_573' title='bbox 1937 4118 2079 4172; x_wconf 86' lang='lat' dir='ltr'><strong>Inter</strong></span> <span class='ocrx_word' id='word_1_574' title='bbox 2112 4118 2358 4172; x_wconf 85' lang='lat' dir='ltr'><strong>inimicos</strong></span> <span class='ocrx_word' id='word_1_575' title='bbox 2391 4133 2540 4173; x_wconf 87' lang='lat' dir='ltr'><strong>meos</strong></span> <span class='ocrx_word' id='word_1_576' title='bbox 2595 4118 2877 4174; x_wconf 86' lang='lat' dir='ltr'><strong>universos</strong></span> <span class='ocrx_word' id='word_1_577' title='bbox 2910 4121 3201 4176; x_wconf 88' lang='lat' dir='ltr'><strong>consenui.</strong></span> <span class='ocrx_word' id='word_1_578' title='bbox 3233 4118 3434 4180; x_wconf 75' lang='lat' dir='ltr'><strong>Factus</strong></span> 
     </span>
    </p>
   </div>
   <div class='ocr_carea' id='block_1_85' title="bbox 1864 4206 3433 4278">
    <p class='ocr_par' dir='ltr' id='par_1_85' title="bbox 1864 4206 3433 4278">
     <span class='ocr_line' id='line_1_85' title="bbox 1864 4206 3433 4278; baseline 0.003 -18"><span class='ocrx_word' id='word_1_579' title='bbox 1864 4221 1983 4260; x_wconf 87' lang='lat' dir='ltr'><strong>sum</strong></span> <span class='ocrx_word' id='word_1_580' title='bbox 2004 4207 2085 4260; x_wconf 87' lang='lat' dir='ltr'><strong>eis</strong></span> <span class='ocrx_word' id='word_1_581' title='bbox 2114 4206 2424 4272; x_wconf 87' lang='lat' dir='ltr'><strong>ludibrium,</strong></span> <span class='ocrx_word' id='word_1_582' title='bbox 2451 4219 2503 4260; x_wconf 91' lang='lat' dir='ltr'><strong>et</strong></span> <span class='ocrx_word' id='word_1_583' title='bbox 2529 4209 2756 4275; x_wconf 77' lang='lat' dir='ltr'><strong>pedibus</strong></span> <span class='ocrx_word' id='word_1_584' title='bbox 2777 4222 2962 4263; x_wconf 88' lang='lat' dir='ltr'><strong>eorum</strong></span> <span class='ocrx_word' id='word_1_585' title='bbox 2992 4213 3433 4278; x_wconf 63' lang='lat' dir='ltr'><strong>proteronadeoo</strong></span> 
     </span>
    </p>
   </div>
   <div class='ocr_carea' id='block_1_86' title="bbox 1862 4298 3430 4369">
    <p class='ocr_par' dir='ltr' id='par_1_86' title="bbox 1862 4298 3430 4369">
     <span class='ocr_line' id='line_1_86' title="bbox 1862 4298 3430 4369; baseline 0.006 -22"><span class='ocrx_word' id='word_1_586' title='bbox 1862 4311 1967 4366; x_wconf 90' lang='lat' dir='ltr'><strong>que</strong></span> <span class='ocrx_word' id='word_1_587' title='bbox 1999 4298 2175 4351; x_wconf 88' lang='lat' dir='ltr'><strong>dirum</strong></span> <span class='ocrx_word' id='word_1_588' title='bbox 2230 4311 2376 4353; x_wconf 90' lang='lat' dir='ltr'><strong>nunc</strong></span> <span class='ocrx_word' id='word_1_589' title='bbox 2413 4313 2474 4351; x_wconf 87' lang='lat' dir='ltr'><strong>os</strong></span> <span class='ocrx_word' id='word_1_590' title='bbox 2529 4299 2659 4365; x_wconf 80' lang='lat' dir='ltr'><strong>ipsis</strong></span> <span class='ocrx_word' id='word_1_591' title='bbox 2708 4299 2985 4355; x_wconf 84' lang='lat' dir='ltr'><strong>diductum</strong></span> <span class='ocrx_word' id='word_1_592' title='bbox 3023 4309 3126 4365; x_wconf 70' lang='lat' dir='ltr'><strong>eat,</strong></span> <span class='ocrx_word' id='word_1_593' title='bbox 3159 4301 3300 4369; x_wconf 88' lang='lat' dir='ltr'><strong>quod</strong></span> <span class='ocrx_word' id='word_1_594' title='bbox 3331 4303 3430 4356; x_wconf 76' lang='lat' dir='ltr'><strong>ab-</strong></span> 
     </span>
    </p>
   </div>
   <div class='ocr_carea' id='block_1_87' title="bbox 1863 4390 3427 4460">
    <p class='ocr_par' dir='ltr' id='par_1_87' title="bbox 1863 4390 3427 4460">
     <span class='ocr_line' id='line_1_87' title="bbox 1863 4390 3427 4460; baseline 0.004 -17"><span class='ocrx_word' id='word_1_595' title='bbox 1863 4390 2085 4444; x_wconf 88' lang='lat' dir='ltr'><strong>sorbere</strong></span> <span class='ocrx_word' id='word_1_596' title='bbox 2140 4403 2224 4442; x_wconf 91' lang='lat' dir='ltr'><strong>me</strong></span> <span class='ocrx_word' id='word_1_597' title='bbox 2280 4400 2558 4458; x_wconf 81' lang='lat' dir='ltr'><strong>properat.</strong></span> <span class='ocrx_word' id='word_1_598' title='bbox 2613 4390 2912 4460; x_wconf 84' lang='lat' dir='ltr'><strong>Auticipet,</strong></span> <span class='ocrx_word' id='word_1_599' title='bbox 2972 4406 3180 4460; x_wconf 67' lang='lat' dir='ltr'><strong>quaeso,</strong></span> <span class='ocrx_word' id='word_1_600' title='bbox 3236 4406 3427 4448; x_wconf 81' lang='lat' dir='ltr'><strong>manus</strong></span> 
     </span>
    </p>
   </div>
   <div class='ocr_carea' id='block_1_88' title="bbox 1867 4482 3427 4552">
    <p class='ocr_par' dir='ltr' id='par_1_88' title="bbox 1867 4482 3427 4552">
     <span class='ocr_line' id='line_1_88' title="bbox 1867 4482 3427 4552; baseline 0.003 -17"><span class='ocrx_word' id='word_1_601' title='bbox 1867 4491 1973 4542; x_wconf 89' lang='lat' dir='ltr'><strong>tua,</strong></span> <span class='ocrx_word' id='word_1_602' title='bbox 2000 4496 2106 4549; x_wconf 91' lang='lat' dir='ltr'><strong>quo</strong></span> <span class='ocrx_word' id='word_1_603' title='bbox 2138 4496 2224 4536; x_wconf 90' lang='lat' dir='ltr'><strong>me</strong></span> <span class='ocrx_word' id='word_1_604' title='bbox 2252 4491 2452 4547; x_wconf 87' lang='lat' dir='ltr'><strong>servet,</strong></span> <span class='ocrx_word' id='word_1_605' title='bbox 2489 4496 2555 4535; x_wconf 89' lang='lat' dir='ltr'><strong>ne</strong></span> <span class='ocrx_word' id='word_1_606' title='bbox 2582 4482 2757 4537; x_wconf 88' lang='lat' dir='ltr'><strong>leonis</strong></span> <span class='ocrx_word' id='word_1_607' title='bbox 2787 4483 2961 4536; x_wconf 81' lang='lat' dir='ltr'><strong>instar</strong></span> <span class='ocrx_word' id='word_1_608' title='bbox 2986 4484 3160 4552; x_wconf 82' lang='lat' dir='ltr'><strong>rapiat</strong></span> <span class='ocrx_word' id='word_1_609' title='bbox 3190 4486 3427 4540; x_wconf 84' lang='lat' dir='ltr'><strong>animam</strong></span> 
     </span>
    </p>
   </div>
   <div class='ocr_carea' id='block_1_89' title="bbox 1863 4574 3430 4643">
    <p class='ocr_par' dir='ltr' id='par_1_89' title="bbox 1863 4574 3430 4643">
     <span class='ocr_line' id='line_1_89' title="bbox 1863 4574 3430 4643; baseline -0.002 -13"><span class='ocrx_word' id='word_1_610' title='bbox 1863 4589 2060 4640; x_wconf 84' lang='lat' dir='ltr'><strong>meam,</strong></span> <span class='ocrx_word' id='word_1_611' title='bbox 2095 4589 2359 4642; x_wconf 82' lang='lat' dir='ltr'><strong>nusquam</strong></span> <span class='ocrx_word' id='word_1_612' title='bbox 2388 4577 2700 4640; x_wconf 74' lang='lat' dir='ltr'><strong>exsistente,</strong></span> <span class='ocrx_word' id='word_1_613' title='bbox 2747 4575 2837 4642; x_wconf 87' lang='lat' dir='ltr'><strong>qui</strong></span> <span class='ocrx_word' id='word_1_614' title='bbox 2896 4574 3105 4636; x_wconf 75' lang='lat' dir='ltr'><strong>Lberct,</strong></span> <span class='ocrx_word' id='word_1_615' title='bbox 3129 4575 3287 4643; x_wconf 79' lang='lat' dir='ltr'><strong>quive</strong></span> <span class='ocrx_word' id='word_1_616' title='bbox 3317 4591 3430 4628; x_wconf 82' lang='lat' dir='ltr'><strong>scr-</strong></span> 
     </span>
    </p>
   </div>
   <div class='ocr_carea' id='block_1_90' title="bbox 193 4663 1980 4739">
    <p class='ocr_par' dir='ltr' id='par_1_90' title="bbox 193 4664 1974 4739">
     <span class='ocr_line' id='line_1_90' title="bbox 193 4664 1974 4739; baseline -0.001 -18"><span class='ocrx_word' id='word_1_617' title='bbox 193 4671 304 4725; x_wconf 84' lang='grc' dir='ltr'><strong>οὑκ</strong></span> <span class='ocrx_word' id='word_1_618' title='bbox 342 4669 490 4722; x_wconf 74' lang='grc' dir='ltr'>εστιν</span> <span class='ocrx_word' id='word_1_619' title='bbox 517 4669 576 4722; x_wconf 76' lang='grc' dir='ltr'><strong>ιν</strong></span> <span class='ocrx_word' id='word_1_620' title='bbox 598 4671 665 4739; x_wconf 77' lang='grc' dir='ltr'><strong>τῇ</strong></span> <span class='ocrx_word' id='word_1_621' title='bbox 693 4669 857 4738; x_wconf 84' lang='grc' dir='ltr'>σαρκί</span> <span class='ocrx_word' id='word_1_622' title='bbox 897 4683 1031 4735; x_wconf 77' lang='grc' dir='ltr'>μουο</span> <span class='ocrx_word' id='word_1_623' title='bbox 1064 4667 1259 4737; x_wconf 74' lang='grc' dir='ltr'>εἰρήνη</span> <span class='ocrx_word' id='word_1_624' title='bbox 1281 4667 1392 4722; x_wconf 87' lang='grc' dir='ltr'><strong>τῶν</strong></span> <span class='ocrx_word' id='word_1_625' title='bbox 1417 4666 1621 4720; x_wconf 85' lang='grc' dir='ltr'>ὀστέων</span> <span class='ocrx_word' id='word_1_626' title='bbox 1655 4682 1759 4738; x_wconf 90' lang='grc' dir='ltr'><strong>μου</strong></span> <span class='ocrx_word' id='word_1_627' title='bbox 1791 4664 1839 4724; x_wconf 86' lang='lat' dir='ltr'><strong>D</strong></span> <span class='ocrx_word' id='word_1_628' title='bbox 1865 4676 1974 4721; x_wconf 87' lang='lat' dir='ltr'><strong>vet.</strong></span> 
     </span>
    </p>
   </div>
   <div class='ocr_carea' id='block_1_91' title="bbox 1638 4663 3425 4739">
    <p class='ocr_par' dir='ltr' id='par_1_91' title="bbox 1655 4663 3425 4738">
     <span class='ocr_line' id='line_1_91' title="bbox 1655 4663 3425 4738; baseline -0.001 -19"><span class='ocrx_word' id='word_1_629' title='bbox 1655 4682 1759 4738; x_wconf 91' lang='grc' dir='ltr'><strong>μου</strong></span> <span class='ocrx_word' id='word_1_630' title='bbox 1791 4664 1839 4724; x_wconf 88' lang='lat' dir='ltr'><strong>D</strong></span> <span class='ocrx_word' id='word_1_631' title='bbox 1865 4676 1974 4721; x_wconf 88' lang='lat' dir='ltr'><strong>vet.</strong></span> <span class='ocrx_word' id='word_1_632' title='bbox 2004 4665 2118 4723; x_wconf 81' lang='lat' dir='ltr'><strong>Non</strong></span> <span class='ocrx_word' id='word_1_633' title='bbox 2152 4665 2259 4722; x_wconf 84' lang='lat' dir='ltr'><strong>ulla</strong></span> <span class='ocrx_word' id='word_1_634' title='bbox 2284 4675 2366 4721; x_wconf 89' lang='lat' dir='ltr'><strong>est</strong></span> <span class='ocrx_word' id='word_1_635' title='bbox 2395 4667 2448 4719; x_wconf 91' lang='lat' dir='ltr'><strong>in</strong></span> <span class='ocrx_word' id='word_1_636' title='bbox 2481 4680 2644 4719; x_wconf 89' lang='lat' dir='ltr'><strong>carne</strong></span> <span class='ocrx_word' id='word_1_637' title='bbox 2672 4679 2790 4719; x_wconf 71' lang='lat' dir='ltr'><strong>mea</strong></span> <span class='ocrx_word' id='word_1_638' title='bbox 2825 4665 3049 4719; x_wconf 85' lang='lat' dir='ltr'><strong>sanitas.</strong></span> <span class='ocrx_word' id='word_1_639' title='bbox 3077 4663 3185 4719; x_wconf 79' lang='lat' dir='ltr'><strong>Pax</strong></span> <span class='ocrx_word' id='word_1_640' title='bbox 3215 4665 3425 4720; x_wconf 82' lang='lat' dir='ltr'><strong>ossibus</strong></span> 
     </span>
    </p>
   </div>
   <div class='ocr_carea' id='block_1_92' title="bbox 201 4756 1761 4830">
    <p class='ocr_par' dir='ltr' id='par_1_92' title="bbox 201 4756 1761 4830">
     <span class='ocr_line' id='line_1_92' title="bbox 201 4756 1761 4830; baseline -0.001 -16"><span class='ocrx_word' id='word_1_641' title='bbox 201 4762 445 4830; x_wconf 74' lang='grc' dir='ltr'>μακρὰν,</span> <span class='ocrx_word' id='word_1_642' title='bbox 479 4761 574 4815; x_wconf 78' lang='grc' dir='ltr'>καὶ</span> <span class='ocrx_word' id='word_1_643' title='bbox 599 4762 709 4814; x_wconf 87' lang='grc' dir='ltr'><strong>τῶν</strong></span> <span class='ocrx_word' id='word_1_644' title='bbox 739 4759 951 4830; x_wconf 86' lang='grc' dir='ltr'>μυελῶν</span> <span class='ocrx_word' id='word_1_645' title='bbox 970 4759 1153 4812; x_wconf 83' lang='grc' dir='ltr'>αὐτῶν</span> <span class='ocrx_word' id='word_1_646' title='bbox 1181 4757 1382 4811; x_wconf 72' lang='grc' dir='ltr'>ἄπεστι</span> <span class='ocrx_word' id='word_1_647' title='bbox 1414 4756 1477 4811; x_wconf 79' lang='grc' dir='ltr'><strong>τὺ</strong></span> <span class='ocrx_word' id='word_1_648' title='bbox 1503 4759 1761 4828; x_wconf 69' lang='grc' dir='ltr'>ἠρεμεῖν.</span> 
     </span>
    </p>
   </div>
   <div class='ocr_carea' id='block_1_93' title="bbox 199 4848 1767 4922">
    <p class='ocr_par' dir='ltr' id='par_1_93' title="bbox 199 4848 1767 4922">
     <span class='ocr_line' id='line_1_93' title="bbox 199 4848 1767 4922; baseline -0.004 -15"><span class='ocrx_word' id='word_1_649' title='bbox 199 4854 390 4907; x_wconf 81' lang='grc' dir='ltr'>Πάντα</span> <span class='ocrx_word' id='word_1_650' title='bbox 424 4853 482 4905; x_wconf 78' lang='grc' dir='ltr'>δὲ</span> <span class='ocrx_word' id='word_1_651' title='bbox 505 4852 654 4922; x_wconf 87' lang='grc' dir='ltr'><strong>τάμά</strong></span> <span class='ocrx_word' id='word_1_652' title='bbox 707 4851 950 4921; x_wconf 83' lang='grc' dir='ltr'>ταραχή.</span> <span class='ocrx_word' id='word_1_653' title='bbox 997 4849 1185 4902; x_wconf 82' lang='grc' dir='ltr'>Πάντα</span> <span class='ocrx_word' id='word_1_654' title='bbox 1236 4848 1418 4910; x_wconf 74' lang='grc' dir='ltr'>νόσοςο</span> <span class='ocrx_word' id='word_1_655' title='bbox 1457 4848 1556 4901; x_wconf 73' lang='grc' dir='ltr'>καὶ</span> <span class='ocrx_word' id='word_1_656' title='bbox 1599 4850 1632 4917; x_wconf 84' lang='grc' dir='ltr'><strong>ή</strong></span> <span class='ocrx_word' id='word_1_657' title='bbox 1678 4848 1767 4900; x_wconf 78' lang='grc' dir='ltr'>ιλ-</span> 
     </span>
    </p>
   </div>
   <div class='ocr_carea' id='block_1_94' title="bbox 195 4941 1768 5014">
    <p class='ocr_par' dir='ltr' id='par_1_94' title="bbox 195 4941 1768 5014">
     <span class='ocr_line' id='line_1_94' title="bbox 195 4941 1768 5014; baseline -0.004 -16"><span class='ocrx_word' id='word_1_658' title='bbox 195 4948 320 5008; x_wconf 79' lang='grc' dir='ltr'>πὶς,</span> <span class='ocrx_word' id='word_1_659' title='bbox 353 4945 413 4998; x_wconf 78' lang='grc' dir='ltr'>τὸ</span> <span class='ocrx_word' id='word_1_660' title='bbox 469 4945 816 5014; x_wconf 71' lang='grc' dir='ltr'>παραμύθιον</span> <span class='ocrx_word' id='word_1_661' title='bbox 867 4943 977 4998; x_wconf 87' lang='grc' dir='ltr'><strong>τῶν</strong></span> <span class='ocrx_word' id='word_1_662' title='bbox 1020 4942 1236 5005; x_wconf 82' lang='grc' dir='ltr'>δεινῶν,</span> <span class='ocrx_word' id='word_1_663' title='bbox 1273 4943 1471 5011; x_wconf 83' lang='grc' dir='ltr'>μικροῦ</span> <span class='ocrx_word' id='word_1_664' title='bbox 1517 4941 1629 4994; x_wconf 82' lang='grc' dir='ltr'>δεῖν</span> <span class='ocrx_word' id='word_1_665' title='bbox 1675 4957 1768 4993; x_wconf 85' lang='grc' dir='ltr'>πε-</span> 
     </span>
    </p>
   </div>
   <div class='ocr_carea' id='block_1_95' title="bbox 204 5031 1768 5107">
    <p class='ocr_par' dir='ltr' id='par_1_95' title="bbox 204 5031 1768 5107">
     <span class='ocr_line' id='line_1_95' title="bbox 204 5031 1768 5107; baseline -0.003 -18"><span class='ocrx_word' id='word_1_666' title='bbox 204 5035 464 5107; x_wconf 81' lang='grc' dir='ltr'>ριῄρηται</span> <span class='ocrx_word' id='word_1_667' title='bbox 499 5037 594 5089; x_wconf 56' lang='grc' dir='ltr'><strong>καὶ⁸</strong></span> <span class='ocrx_word' id='word_1_668' title='bbox 621 5033 934 5094; x_wconf 84' lang='grc' dir='ltr'>ἀπόλωλεν.</span> <span class='ocrx_word' id='word_1_669' title='bbox 985 5032 1120 5102; x_wconf 67' lang='grc' dir='ltr'>ἐμοῦ</span> <span class='ocrx_word' id='word_1_670' title='bbox 1184 5032 1634 5101; x_wconf 67' lang='grc' dir='ltr'>προκαλουμένου</span> <span class='ocrx_word' id='word_1_671' title='bbox 1695 5031 1768 5085; x_wconf 87' lang='grc' dir='ltr'><strong>τά</strong></span> 
     </span>
    </p>
   </div>
   <div class='ocr_carea' id='block_1_96' title="bbox 196 5121 1768 5193">
    <p class='ocr_par' dir='ltr' id='par_1_96' title="bbox 196 5121 1768 5193">
     <span class='ocr_line' id='line_1_96' title="bbox 196 5121 1768 5193; baseline -0.005 -12"><span class='ocrx_word' id='word_1_672' title='bbox 196 5129 315 5181; x_wconf 84' lang='grc' dir='ltr'><strong>τῶν</strong></span> <span class='ocrx_word' id='word_1_673' title='bbox 344 5126 530 5180; x_wconf 74' lang='grc' dir='ltr'>κακῶν</span> <span class='ocrx_word' id='word_1_674' title='bbox 565 5125 740 5180; x_wconf 68' lang='grc' dir='ltr'>αἴτια.</span> <span class='ocrx_word' id='word_1_675' title='bbox 800 5123 1040 5193; x_wconf 81' lang='grc' dir='ltr'>Ἀληθῶς</span> <span class='ocrx_word' id='word_1_676' title='bbox 1071 5123 1180 5192; x_wconf 84' lang='grc' dir='ltr'>γὰρ</span> <span class='ocrx_word' id='word_1_677' title='bbox 1239 5123 1486 5192; x_wconf 84' lang='grc' dir='ltr'>ὑπερῆρε</span> <span class='ocrx_word' id='word_1_678' title='bbox 1529 5121 1628 5190; x_wconf 82' lang='grc' dir='ltr'>τὴν</span> <span class='ocrx_word' id='word_1_679' title='bbox 1677 5139 1768 5173; x_wconf 85' lang='grc' dir='ltr'><strong>κε-</strong></span> 
     </span>
    </p>
   </div>
   <div class='ocr_carea' id='block_1_97' title="bbox 199 5212 1765 5288">
    <p class='ocr_par' dir='ltr' id='par_1_97' title="bbox 199 5212 1765 5288">
     <span class='ocr_line' id='line_1_97' title="bbox 199 5212 1765 5288; baseline -0.003 -16"><span class='ocrx_word' id='word_1_680' title='bbox 199 5219 385 5288; x_wconf 81' lang='grc' dir='ltr'>φαλήν</span> <span class='ocrx_word' id='word_1_681' title='bbox 411 5235 510 5286; x_wconf 78' lang='grc' dir='ltr'><strong>μου</strong></span> <span class='ocrx_word' id='word_1_682' title='bbox 539 5217 609 5269; x_wconf 76' lang='grc' dir='ltr'>τὰ.</span> <span class='ocrx_word' id='word_1_683' title='bbox 631 5219 690 5269; x_wconf 79' lang='grc' dir='ltr'>ὲν</span> <span class='ocrx_word' id='word_1_684' title='bbox 720 5217 935 5284; x_wconf 75' lang='grc' dir='ltr'>ἀγνοίᾳ,</span> <span class='ocrx_word' id='word_1_685' title='bbox 965 5214 1058 5266; x_wconf 78' lang='grc' dir='ltr'><strong>καὶ</strong></span> <span class='ocrx_word' id='word_1_686' title='bbox 1088 5213 1354 5284; x_wconf 60' lang='grc' dir='ltr'>ῥαθυμίᾳ,</span> <span class='ocrx_word' id='word_1_687' title='bbox 1401 5212 1498 5268; x_wconf 76' lang='grc' dir='ltr'>καὶ</span> <span class='ocrx_word' id='word_1_688' title='bbox 1539 5213 1765 5283; x_wconf 78' lang='grc' dir='ltr'>καιρικῇ</span> 
     </span>
    </p>
   </div>
   <div class='ocr_carea' id='block_1_98' title="bbox 201 5304 1768 5378">
    <p class='ocr_par' dir='ltr' id='par_1_98' title="bbox 201 5304 1768 5378">
     <span class='ocr_line' id='line_1_98' title="bbox 201 5304 1768 5378; baseline -0.006 -13"><span class='ocrx_word' id='word_1_689' title='bbox 201 5309 495 5378; x_wconf 74' lang='grc' dir='ltr'>συντυχίᾳ,</span> <span class='ocrx_word' id='word_1_690' title='bbox 550 5309 644 5362; x_wconf 61' lang='grc' dir='ltr'><strong>καλ⁵</strong></span> <span class='ocrx_word' id='word_1_691' title='bbox 691 5306 772 5360; x_wconf 75' lang='lat' dir='ltr'><strong>In</strong></span> <span class='ocrx_word' id='word_1_692' title='bbox 820 5304 1041 5374; x_wconf 85' lang='grc' dir='ltr'>γνώσει,</span> <span class='ocrx_word' id='word_1_693' title='bbox 1075 5307 1170 5358; x_wconf 76' lang='grc' dir='ltr'>καὶ</span> <span class='ocrx_word' id='word_1_694' title='bbox 1224 5305 1454 5374; x_wconf 82' lang='grc' dir='ltr'>σπουδῇ,</span> <span class='ocrx_word' id='word_1_695' title='bbox 1486 5305 1581 5358; x_wconf 74' lang='grc' dir='ltr'>καὶ</span> <span class='ocrx_word' id='word_1_696' title='bbox 1618 5305 1768 5357; x_wconf 84' lang='grc' dir='ltr'>θέσει</span> 
     </span>
    </p>
   </div>
   <div class='ocr_carea' id='block_1_99' title="bbox 198 5395 1768 5472">
    <p class='ocr_par' dir='ltr' id='par_1_99' title="bbox 198 5395 1768 5472">
     <span class='ocr_line' id='line_1_99' title="bbox 198 5395 1768 5472; baseline -0.006 -16"><span class='ocrx_word' id='word_1_697' title='bbox 198 5401 573 5472; x_wconf 74' lang='grc' dir='ltr'>ἡμαρτημένα</span> <span class='ocrx_word' id='word_1_698' title='bbox 603 5415 734 5470; x_wconf 87' lang='grc' dir='ltr'>μοι·</span> <span class='ocrx_word' id='word_1_699' title='bbox 761 5399 857 5452; x_wconf 77' lang='grc' dir='ltr'>καὶ</span> <span class='ocrx_word' id='word_1_700' title='bbox 884 5396 1044 5451; x_wconf 82' lang='grc' dir='ltr'>τοῦτό</span> <span class='ocrx_word' id='word_1_701' title='bbox 1095 5414 1188 5466; x_wconf 85' lang='grc' dir='ltr'><strong>μοι</strong></span> <span class='ocrx_word' id='word_1_702' title='bbox 1247 5399 1439 5465; x_wconf 84' lang='grc' dir='ltr'>γέγονε</span> <span class='ocrx_word' id='word_1_703' title='bbox 1487 5397 1549 5448; x_wconf 85' lang='grc' dir='ltr'>τὸ</span> <span class='ocrx_word' id='word_1_704' title='bbox 1594 5395 1768 5450; x_wconf 83' lang='grc' dir='ltr'>δεινὸν</span> 
     </span>
    </p>
   </div>
   <div class='ocr_carea' id='block_1_100' title="bbox 201 5485 1769 5560">
    <p class='ocr_par' dir='ltr' id='par_1_100' title="bbox 201 5485 1769 5560">
     <span class='ocr_line' id='line_1_100' title="bbox 201 5485 1769 5560; baseline -0.005 -14"><span class='ocrx_word' id='word_1_705' title='bbox 201 5491 319 5546; x_wconf 76' lang='grc' dir='ltr'><strong>ἀπὸ</strong></span> <span class='ocrx_word' id='word_1_706' title='bbox 346 5489 639 5560; x_wconf 82' lang='grc' dir='ltr'>προσώπου</span> <span class='ocrx_word' id='word_1_707' title='bbox 669 5489 769 5557; x_wconf 83' lang='grc' dir='ltr'>τῆς</span> <span class='ocrx_word' id='word_1_708' title='bbox 798 5488 988 5558; x_wconf 85' lang='grc' dir='ltr'>ὀργῆς,</span> <span class='ocrx_word' id='word_1_709' title='bbox 1024 5489 1120 5540; x_wconf 72' lang='grc' dir='ltr'>καὶ</span> <span class='ocrx_word' id='word_1_710' title='bbox 1161 5485 1627 5555; x_wconf 78' lang='grc' dir='ltr'>ὲγκαταλείψεως,</span> <span class='ocrx_word' id='word_1_711' title='bbox 1675 5487 1769 5538; x_wconf 75' lang='grc' dir='ltr'>καὶ</span> 
     </span>
    </p>
   </div>
   <div class='ocr_carea' id='block_1_101' title="bbox 201 5579 1770 5652">
    <p class='ocr_par' dir='ltr' id='par_1_101' title="bbox 201 5579 1770 5652">
     <span class='ocr_line' id='line_1_101' title="bbox 201 5579 1770 5652; baseline -0.006 -14"><span class='ocrx_word' id='word_1_712' title='bbox 201 5585 564 5652; x_wconf 69' lang='grc' dir='ltr'>ἀποστροφῆς</span> <span class='ocrx_word' id='word_1_713' title='bbox 617 5599 736 5647; x_wconf 91' lang='grc' dir='ltr'>σου,</span> <span class='ocrx_word' id='word_1_714' title='bbox 790 5580 900 5635; x_wconf 80' lang='grc' dir='ltr'><strong>ἀπὸ</strong></span> <span class='ocrx_word' id='word_1_715' title='bbox 952 5580 1243 5648; x_wconf 82' lang='grc' dir='ltr'>προσώπου</span> <span class='ocrx_word' id='word_1_716' title='bbox 1297 5581 1396 5649; x_wconf 80' lang='grc' dir='ltr'>τῆς</span> <span class='ocrx_word' id='word_1_717' title='bbox 1453 5579 1770 5648; x_wconf 82' lang='grc' dir='ltr'>ἀφροσύνης</span> 
     </span>
    </p>
   </div>
   <div class='ocr_carea' id='block_1_102' title="bbox 207 5672 1770 5746">
    <p class='ocr_par' dir='ltr' id='par_1_102' title="bbox 207 5672 1770 5746">
     <span class='ocr_line' id='line_1_102' title="bbox 207 5672 1770 5746; baseline -0.003 -18"><span class='ocrx_word' id='word_1_718' title='bbox 207 5694 336 5745; x_wconf 85' lang='grc' dir='ltr'>μου,</span> <span class='ocrx_word' id='word_1_719' title='bbox 387 5679 457 5732; x_wconf 77' lang='grc' dir='ltr'>δι’</span> <span class='ocrx_word' id='word_1_720' title='bbox 522 5676 589 5746; x_wconf 75' lang='grc' dir='ltr'>ἣν</span> <span class='ocrx_word' id='word_1_721' title='bbox 661 5693 755 5744; x_wconf 85' lang='grc' dir='ltr'><strong>μοι</strong></span> <span class='ocrx_word' id='word_1_722' title='bbox 813 5674 911 5727; x_wconf 80' lang='grc' dir='ltr'>καὶ</span> <span class='ocrx_word' id='word_1_723' title='bbox 965 5677 1014 5727; x_wconf 81' lang='lat' dir='ltr'><strong>oi</strong></span> <span class='ocrx_word' id='word_1_724' title='bbox 1080 5674 1346 5743; x_wconf 78' lang='grc' dir='ltr'>μώλωπες</span> <span class='ocrx_word' id='word_1_725' title='bbox 1411 5672 1770 5742; x_wconf 76' lang='grc' dir='ltr'>προσώζεσαν</span> 
     </span>
    </p>
   </div>
   <div class='ocr_carea' id='block_1_103' title="bbox 205 5765 1500 5839">
    <p class='ocr_par' dir='ltr' id='par_1_103' title="bbox 205 5765 1500 5839">
     <span class='ocr_line' id='line_1_103' title="bbox 205 5765 1500 5839; baseline -0.001 -18"><span class='ocrx_word' id='word_1_726' title='bbox 205 5770 336 5839; x_wconf 61' lang='grc' dir='ltr'>ἥδη,</span> <span class='ocrx_word' id='word_1_727' title='bbox 363 5771 458 5820; x_wconf 72' lang='grc' dir='ltr'>καὶ</span> <span class='ocrx_word' id='word_1_728' title='bbox 514 5770 716 5836; x_wconf 81' lang='grc' dir='ltr'>σέσηπε</span> <span class='ocrx_word' id='word_1_729' title='bbox 747 5767 814 5819; x_wconf 84' lang='grc' dir='ltr'>τὰ</span> <span class='ocrx_word' id='word_1_730' title='bbox 851 5766 1140 5836; x_wconf 87' lang='grc' dir='ltr'>τραύματα</span> <span class='ocrx_word' id='word_1_731' title='bbox 1171 5767 1270 5832; x_wconf 82' lang='grc' dir='ltr'>τῆς</span> <span class='ocrx_word' id='word_1_732' title='bbox 1302 5765 1500 5835; x_wconf 74' lang='grc' dir='ltr'>ψυχῆς.</span> 
     </span>
    </p>
   </div>
   <div class='ocr_carea' id='block_1_104' title="bbox 279 5856 1770 5927">
    <p class='ocr_par' dir='ltr' id='par_1_104' title="bbox 279 5856 1770 5927">
     <span class='ocr_line' id='line_1_104' title="bbox 279 5856 1770 5927; baseline 0 -16"><span class='ocrx_word' id='word_1_733' title='bbox 279 5858 387 5911; x_wconf 76' lang='grc' dir='ltr'><strong>Φεῦ</strong></span> <span class='ocrx_word' id='word_1_734' title='bbox 417 5862 536 5926; x_wconf 61' lang='lat' dir='ltr'><strong>per!</strong></span> <span class='ocrx_word' id='word_1_735' title='bbox 569 5859 734 5918; x_wconf 81' lang='grc' dir='ltr'>τάλας</span> <span class='ocrx_word' id='word_1_736' title='bbox 761 5857 891 5923; x_wconf 72' lang='grc' dir='ltr'>ἐγὼ,</span> <span class='ocrx_word' id='word_1_737' title='bbox 924 5859 1005 5910; x_wconf 84' lang='grc' dir='ltr'>ὅτι</span> <span class='ocrx_word' id='word_1_738' title='bbox 1032 5857 1125 5910; x_wconf 91' lang='grc' dir='ltr'><strong>σοῦ</strong></span> <span class='ocrx_word' id='word_1_739' title='bbox 1163 5857 1258 5910; x_wconf 89' lang='grc' dir='ltr'><strong>τοῦ</strong></span> <span class='ocrx_word' id='word_1_740' title='bbox 1291 5858 1498 5919; x_wconf 86' lang='grc' dir='ltr'>ἀγαθοῦ</span> <span class='ocrx_word' id='word_1_741' title='bbox 1538 5856 1770 5927; x_wconf 76' lang='grc' dir='ltr'>ἠλλαξά-</span> 
     </span>
    </p>
   </div>
   <div class='ocr_carea' id='block_1_105' title="bbox 209 5944 1769 6023">
    <p class='ocr_par' dir='ltr' id='par_1_105' title="bbox 209 5944 1769 6023">
     <span class='ocr_line' id='line_1_105' title="bbox 209 5944 1769 6023; baseline -0.001 -22"><span class='ocrx_word' id='word_1_742' title='bbox 209 5969 324 6023; x_wconf 78' lang='grc' dir='ltr'><strong>μην</strong></span> <span class='ocrx_word' id='word_1_743' title='bbox 356 5951 592 6005; x_wconf 75' lang='grc' dir='ltr'>κάκιστα</span> <span class='ocrx_word' id='word_1_744' title='bbox 618 5951 777 6022; x_wconf 73' lang='grc' dir='ltr'>ἔργα,</span> <span class='ocrx_word' id='word_1_745' title='bbox 808 5944 880 6005; x_wconf 82' lang='grc' dir='ltr'>ὧν</span> <span class='ocrx_word' id='word_1_746' title='bbox 910 5952 1033 6023; x_wconf 68' lang='grc' dir='ltr'><strong>ἐμοὶ</strong></span> <span class='ocrx_word' id='word_1_747' title='bbox 1088 5951 1567 6022; x_wconf 54' lang='grc' dir='ltr'>προπτςιὸομένων</span> <span class='ocrx_word' id='word_1_748' title='bbox 1601 5967 1769 6020; x_wconf 76' lang='grc' dir='ltr'>κατῃ-</span> 
     </span>
    </p>
   </div>
   <div class='ocr_carea' id='block_1_106' title="bbox 1865 4755 3418 4824">
    <p class='ocr_par' dir='ltr' id='par_1_106' title="bbox 1865 4755 3418 4824">
     <span class='ocr_line' id='line_1_106' title="bbox 1865 4755 3418 4824; baseline -0.003 -12"><span class='ocrx_word' id='word_1_749' title='bbox 1865 4758 2000 4813; x_wconf 86' lang='lat' dir='ltr'><strong>meis</strong></span> <span class='ocrx_word' id='word_1_750' title='bbox 2035 4757 2220 4821; x_wconf 86' lang='lat' dir='ltr'><strong>procul</strong></span> <span class='ocrx_word' id='word_1_751' title='bbox 2269 4758 2442 4822; x_wconf 87' lang='lat' dir='ltr'><strong>abest,</strong></span> <span class='ocrx_word' id='word_1_752' title='bbox 2479 4765 2533 4810; x_wconf 91' lang='lat' dir='ltr'><strong>et</strong></span> <span class='ocrx_word' id='word_1_753' title='bbox 2589 4756 2720 4824; x_wconf 61' lang='lat' dir='ltr'><strong>ipsa:</strong></span> <span class='ocrx_word' id='word_1_754' title='bbox 2777 4757 3021 4810; x_wconf 64' lang='lat' dir='ltr'><strong>medullae</strong></span> <span class='ocrx_word' id='word_1_755' title='bbox 3051 4755 3289 4821; x_wconf 89' lang='lat' dir='ltr'><strong>requiete</strong></span> <span class='ocrx_word' id='word_1_756' title='bbox 3332 4773 3418 4810; x_wconf 62' lang='lat' dir='ltr'><strong>cae</strong></span> 
     </span>
    </p>
   </div>
   <div class='ocr_carea' id='block_1_107' title="bbox 1864 4846 3428 4918">
    <p class='ocr_par' dir='ltr' id='par_1_107' title="bbox 1864 4846 3428 4918">
     <span class='ocr_line' id='line_1_107' title="bbox 1864 4846 3428 4918; baseline -0.001 -15"><span class='ocrx_word' id='word_1_757' title='bbox 1864 4859 2006 4904; x_wconf 84' lang='lat' dir='ltr'><strong>rent.</strong></span> <span class='ocrx_word' id='word_1_758' title='bbox 2035 4847 2230 4904; x_wconf 83' lang='lat' dir='ltr'><strong>Omnia</strong></span> <span class='ocrx_word' id='word_1_759' title='bbox 2250 4862 2366 4902; x_wconf 90' lang='lat' dir='ltr'><strong>mea</strong></span> <span class='ocrx_word' id='word_1_760' title='bbox 2390 4847 2604 4902; x_wconf 84' lang='lat' dir='ltr'><strong>nonnisi</strong></span> <span class='ocrx_word' id='word_1_761' title='bbox 2636 4846 2990 4918; x_wconf 82' lang='lat' dir='ltr'><strong>perturbatio,</strong></span> <span class='ocrx_word' id='word_1_762' title='bbox 3043 4848 3256 4901; x_wconf 84' lang='lat' dir='ltr'><strong>nonnisi</strong></span> <span class='ocrx_word' id='word_1_763' title='bbox 3285 4863 3428 4901; x_wconf 41' lang='lat' dir='ltr'><strong>mor;</strong></span> 
     </span>
    </p>
   </div>
   <div class='ocr_carea' id='block_1_108' title="bbox 1864 4939 3426 5007">
    <p class='ocr_par' dir='ltr' id='par_1_108' title="bbox 1864 4939 3426 5007">
     <span class='ocr_line' id='line_1_108' title="bbox 1864 4939 3426 5007; baseline -0.003 -11"><span class='ocrx_word' id='word_1_764' title='bbox 1864 4941 2001 4996; x_wconf 85' lang='lat' dir='ltr'><strong>bus:</strong></span> <span class='ocrx_word' id='word_1_765' title='bbox 2036 4949 2090 4996; x_wconf 92' lang='lat' dir='ltr'><strong>et</strong></span> <span class='ocrx_word' id='word_1_766' title='bbox 2141 4954 2291 5007; x_wconf 86' lang='lat' dir='ltr'><strong>spes,</strong></span> <span class='ocrx_word' id='word_1_767' title='bbox 2344 4939 2607 4994; x_wconf 86' lang='lat' dir='ltr'><strong>malorum</strong></span> <span class='ocrx_word' id='word_1_768' title='bbox 2663 4939 2984 5001; x_wconf 83' lang='lat' dir='ltr'><strong>remedium,</strong></span> <span class='ocrx_word' id='word_1_769' title='bbox 3037 4939 3426 5007; x_wconf 87' lang='lat' dir='ltr'><strong>propemodum</strong></span> 
     </span>
    </p>
   </div>
   <div class='ocr_carea' id='block_1_109' title="bbox 1865 5027 3426 5099">
    <p class='ocr_par' dir='ltr' id='par_1_109' title="bbox 1865 5027 3426 5099">
     <span class='ocr_line' id='line_1_109' title="bbox 1865 5027 3426 5099; baseline -0.004 -13"><span class='ocrx_word' id='word_1_770' title='bbox 1865 5031 2042 5086; x_wconf 77' lang='lat' dir='ltr'><strong>ablata</strong></span> <span class='ocrx_word' id='word_1_771' title='bbox 2070 5031 2199 5084; x_wconf 86' lang='lat' dir='ltr'><strong>mihi</strong></span> <span class='ocrx_word' id='word_1_772' title='bbox 2251 5031 2443 5099; x_wconf 84' lang='lat' dir='ltr'><strong>periit,</strong></span> <span class='ocrx_word' id='word_1_773' title='bbox 2477 5031 2604 5084; x_wconf 92' lang='lat' dir='ltr'><strong>dum</strong></span> <span class='ocrx_word' id='word_1_774' title='bbox 2645 5029 2756 5096; x_wconf 85' lang='lat' dir='ltr'><strong>ipse</strong></span> <span class='ocrx_word' id='word_1_775' title='bbox 2790 5027 3055 5081; x_wconf 78' lang='lat' dir='ltr'><strong>malorum</strong></span> <span class='ocrx_word' id='word_1_776' title='bbox 3100 5043 3296 5082; x_wconf 85' lang='lat' dir='ltr'><strong>causas</strong></span> <span class='ocrx_word' id='word_1_777' title='bbox 3337 5044 3426 5080; x_wconf 87' lang='lat' dir='ltr'><strong>ar—</strong></span> 
     </span>
    </p>
   </div>
   <div class='ocr_carea' id='block_1_110' title="bbox 1867 5117 3431 5186">
    <p class='ocr_par' dir='ltr' id='par_1_110' title="bbox 1867 5117 3431 5186">
     <span class='ocr_line' id='line_1_110' title="bbox 1867 5117 3431 5186; baseline -0.002 -13"><span class='ocrx_word' id='word_1_778' title='bbox 1867 5135 2045 5174; x_wconf 87' lang='lat' dir='ltr'><strong>cesso.</strong></span> <span class='ocrx_word' id='word_1_779' title='bbox 2077 5118 2208 5172; x_wconf 72' lang='lat' dir='ltr'><strong>Natn</strong></span> <span class='ocrx_word' id='word_1_780' title='bbox 2233 5133 2360 5173; x_wconf 89' lang='lat' dir='ltr'><strong>vere</strong></span> <span class='ocrx_word' id='word_1_781' title='bbox 2400 5117 2852 5172; x_wconf 84' lang='lat' dir='ltr'><strong>transcenderunt</strong></span> <span class='ocrx_word' id='word_1_782' title='bbox 2877 5128 3039 5184; x_wconf 88' lang='lat' dir='ltr'><strong>caput</strong></span> <span class='ocrx_word' id='word_1_783' title='bbox 3075 5133 3273 5180; x_wconf 86' lang='lat' dir='ltr'><strong>meum,</strong></span> <span class='ocrx_word' id='word_1_784' title='bbox 3311 5133 3431 5186; x_wconf 55' lang='lat' dir='ltr'><strong>quin</strong></span> 
     </span>
    </p>
   </div>
   <div class='ocr_carea' id='block_1_111' title="bbox 1867 5207 3428 5281">
    <p class='ocr_par' dir='ltr' id='par_1_111' title="bbox 1867 5207 3428 5281">
     <span class='ocr_line' id='line_1_111' title="bbox 1867 5207 3428 5281; baseline -0.002 -16"><span class='ocrx_word' id='word_1_785' title='bbox 1867 5227 1965 5281; x_wconf 83' lang='lat' dir='ltr'><strong>per</strong></span> <span class='ocrx_word' id='word_1_786' title='bbox 2020 5211 2433 5279; x_wconf 85' lang='lat' dir='ltr'><strong>ignorationem,</strong></span> <span class='ocrx_word' id='word_1_787' title='bbox 2462 5217 2518 5264; x_wconf 92' lang='lat' dir='ltr'><strong>et</strong></span> <span class='ocrx_word' id='word_1_788' title='bbox 2570 5207 2897 5270; x_wconf 84' lang='lat' dir='ltr'><strong>socordiam,</strong></span> <span class='ocrx_word' id='word_1_789' title='bbox 2939 5219 2993 5262; x_wconf 88' lang='lat' dir='ltr'><strong>et</strong></span> <span class='ocrx_word' id='word_1_790' title='bbox 3031 5212 3189 5261; x_wconf 82' lang='lat' dir='ltr'><strong>rebus</strong></span> <span class='ocrx_word' id='word_1_791' title='bbox 3237 5211 3307 5261; x_wconf 85' lang='lat' dir='ltr'><strong>ita</strong></span> <span class='ocrx_word' id='word_1_792' title='bbox 3347 5209 3428 5262; x_wconf 81' lang='lat' dir='ltr'><strong>ie-</strong></span> 
     </span>
    </p>
   </div>
   <div class='ocr_carea' id='block_1_112' title="bbox 1870 5300 3439 5371">
    <p class='ocr_par' dir='ltr' id='par_1_112' title="bbox 1870 5300 3439 5371">
     <span class='ocr_line' id='line_1_112' title="bbox 1870 5300 3439 5371; baseline -0.002 -15"><span class='ocrx_word' id='word_1_793' title='bbox 1870 5303 2138 5366; x_wconf 85' lang='lat' dir='ltr'><strong>rcntibus,</strong></span> <span class='ocrx_word' id='word_1_794' title='bbox 2177 5310 2339 5371; x_wconf 89' lang='lat' dir='ltr'><strong>atque</strong></span> <span class='ocrx_word' id='word_1_795' title='bbox 2363 5303 2524 5356; x_wconf 86' lang='lat' dir='ltr'><strong>etiam</strong></span> <span class='ocrx_word' id='word_1_796' title='bbox 2549 5315 2615 5355; x_wconf 79' lang='lat' dir='ltr'><strong>ex</strong></span> <span class='ocrx_word' id='word_1_797' title='bbox 2645 5300 2810 5352; x_wconf 91' lang='lat' dir='ltr'><strong>animi</strong></span> <span class='ocrx_word' id='word_1_798' title='bbox 2840 5300 3092 5364; x_wconf 80' lang='lat' dir='ltr'><strong>scientia,</strong></span> <span class='ocrx_word' id='word_1_799' title='bbox 3143 5301 3326 5352; x_wconf 84' lang='lat' dir='ltr'><strong>s:udio</strong></span> <span class='ocrx_word' id='word_1_800' title='bbox 3376 5309 3439 5354; x_wconf 89' lang='lat' dir='ltr'><strong>ct-</strong></span> 
     </span>
    </p>
   </div>
   <div class='ocr_carea' id='block_1_113' title="bbox 1868 5392 3435 5464">
    <p class='ocr_par' dir='ltr' id='par_1_113' title="bbox 1868 5392 3435 5464">
     <span class='ocr_line' id='line_1_113' title="bbox 1868 5392 3435 5464; baseline -0.002 -18"><span class='ocrx_word' id='word_1_801' title='bbox 1868 5394 2144 5464; x_wconf 81' lang='lat' dir='ltr'><strong>proposito</strong></span> <span class='ocrx_word' id='word_1_802' title='bbox 2169 5392 2458 5448; x_wconf 88' lang='lat' dir='ltr'><strong>commissa</strong></span> <span class='ocrx_word' id='word_1_803' title='bbox 2484 5401 2607 5446; x_wconf 90' lang='lat' dir='ltr'><strong>sunt</strong></span> <span class='ocrx_word' id='word_1_804' title='bbox 2632 5410 2646 5445; x_wconf 89' lang='lat'><strong>:</strong></span> <span class='ocrx_word' id='word_1_805' title='bbox 2679 5399 2958 5460; x_wconf 88' lang='lat' dir='ltr'><strong>totumque</strong></span> <span class='ocrx_word' id='word_1_806' title='bbox 2984 5393 3184 5445; x_wconf 90' lang='lat' dir='ltr'><strong>malum</strong></span> <span class='ocrx_word' id='word_1_807' title='bbox 3219 5395 3317 5446; x_wconf 89' lang='lat' dir='ltr'><strong>hoc</strong></span> <span class='ocrx_word' id='word_1_808' title='bbox 3343 5407 3435 5446; x_wconf 81' lang='lat' dir='ltr'><strong>ac-</strong></span> 
     </span>
    </p>
   </div>
   <div class='ocr_carea' id='block_1_114' title="bbox 1870 5482 3434 5545">
    <p class='ocr_par' dir='ltr' id='par_1_114' title="bbox 1870 5482 3434 5545">
     <span class='ocr_line' id='line_1_114' title="bbox 1870 5482 3434 5545; baseline -0.004 -6"><span class='ocrx_word' id='word_1_809' title='bbox 1870 5487 2002 5539; x_wconf 86' lang='lat' dir='ltr'><strong>cidit</strong></span> <span class='ocrx_word' id='word_1_810' title='bbox 2028 5485 2156 5537; x_wconf 80' lang='lat' dir='ltr'><strong>milii</strong></span> <span class='ocrx_word' id='word_1_811' title='bbox 2190 5482 2384 5537; x_wconf 78' lang='lat' dir='ltr'><strong>aiacie</strong></span> <span class='ocrx_word' id='word_1_812' title='bbox 2419 5483 2511 5535; x_wconf 75' lang='lat' dir='ltr'><strong>ira:</strong></span> <span class='ocrx_word' id='word_1_813' title='bbox 2548 5493 2674 5545; x_wconf 70' lang='lat' dir='ltr'><strong>tute,</strong></span> <span class='ocrx_word' id='word_1_814' title='bbox 2708 5497 2774 5535; x_wconf 90' lang='lat' dir='ltr'><strong>ac</strong></span> <span class='ocrx_word' id='word_1_815' title='bbox 2807 5483 3162 5545; x_wconf 85' lang='lat' dir='ltr'><strong>desertiouis,</strong></span> <span class='ocrx_word' id='word_1_816' title='bbox 3199 5493 3253 5536; x_wconf 91' lang='lat' dir='ltr'><strong>et</strong></span> <span class='ocrx_word' id='word_1_817' title='bbox 3279 5497 3434 5535; x_wconf 87' lang='lat' dir='ltr'><strong>aver-</strong></span> 
     </span>
    </p>
   </div>
   <div class='ocr_carea' id='block_1_115' title="bbox 1871 5575 3433 5644">
    <p class='ocr_par' dir='ltr' id='par_1_115' title="bbox 1871 5575 3433 5644">
     <span class='ocr_line' id='line_1_115' title="bbox 1871 5575 3433 5644; baseline -0.004 -10"><span class='ocrx_word' id='word_1_818' title='bbox 1871 5579 2077 5643; x_wconf 85' lang='lat' dir='ltr'><strong>sionis;</strong></span> <span class='ocrx_word' id='word_1_819' title='bbox 2130 5578 2424 5644; x_wconf 88' lang='lat' dir='ltr'><strong>itidemque</strong></span> <span class='ocrx_word' id='word_1_820' title='bbox 2463 5589 2494 5628; x_wconf 87' lang='lat' dir='ltr'><strong>a</strong></span> <span class='ocrx_word' id='word_1_821' title='bbox 2531 5575 2670 5629; x_wconf 79' lang='lat' dir='ltr'><strong>facie</strong></span> <span class='ocrx_word' id='word_1_822' title='bbox 2722 5575 2960 5629; x_wconf 67' lang='lat' dir='ltr'><strong>stultitia:</strong></span> <span class='ocrx_word' id='word_1_823' title='bbox 3006 5590 3158 5640; x_wconf 65' lang='lat' dir='ltr'><strong>utere,</strong></span> <span class='ocrx_word' id='word_1_824' title='bbox 3215 5583 3433 5643; x_wconf 83' lang='lat' dir='ltr'><strong>propter</strong></span> 
     </span>
    </p>
   </div>
   <div class='ocr_carea' id='block_1_116' title="bbox 1873 5665 3428 5740">
    <p class='ocr_par' dir='ltr' id='par_1_116' title="bbox 1873 5665 3428 5740">
     <span class='ocr_line' id='line_1_116' title="bbox 1873 5665 3428 5740; baseline -0.001 -18"><span class='ocrx_word' id='word_1_825' title='bbox 1873 5687 2032 5740; x_wconf 84' lang='lat' dir='ltr'><strong>quam</strong></span> <span class='ocrx_word' id='word_1_826' title='bbox 2066 5680 2119 5723; x_wconf 90' lang='lat' dir='ltr'><strong>et</strong></span> <span class='ocrx_word' id='word_1_827' title='bbox 2146 5671 2429 5722; x_wconf 78' lang='lat' dir='ltr'><strong>cicatrices</strong></span> <span class='ocrx_word' id='word_1_828' title='bbox 2454 5682 2583 5720; x_wconf 74' lang='lat' dir='ltr'><strong>mea:</strong></span> <span class='ocrx_word' id='word_1_829' title='bbox 2615 5665 2822 5732; x_wconf 70' lang='lat' dir='ltr'><strong>fustem,</strong></span> <span class='ocrx_word' id='word_1_830' title='bbox 2855 5677 2909 5721; x_wconf 88' lang='lat' dir='ltr'><strong>et</strong></span> <span class='ocrx_word' id='word_1_831' title='bbox 2954 5669 3119 5720; x_wconf 84' lang='lat' dir='ltr'><strong>animi</strong></span> <span class='ocrx_word' id='word_1_832' title='bbox 3180 5669 3282 5721; x_wconf 87' lang='lat' dir='ltr'><strong>mei</strong></span> <span class='ocrx_word' id='word_1_833' title='bbox 3313 5668 3428 5721; x_wconf 89' lang='lat' dir='ltr'><strong>vul-</strong></span> 
     </span>
    </p>
   </div>
   <div class='ocr_carea' id='block_1_117' title="bbox 1875 5767 2369 5827">
    <p class='ocr_par' dir='ltr' id='par_1_117' title="bbox 1875 5767 2369 5827">
     <span class='ocr_line' id='line_1_117' title="bbox 1875 5767 2369 5827; baseline -0.01 -11"><span class='ocrx_word' id='word_1_834' title='bbox 1875 5777 2001 5816; x_wconf 87' lang='lat' dir='ltr'><strong>nera</strong></span> <span class='ocrx_word' id='word_1_835' title='bbox 2033 5767 2369 5827; x_wconf 78' lang='lat' dir='ltr'><strong>putrucrunt.</strong></span> 
     </span>
    </p>
   </div>
   <div class='ocr_carea' id='block_1_118' title="bbox 1946 5850 3426 5918">
    <p class='ocr_par' dir='ltr' id='par_1_118' title="bbox 1946 5850 3426 5918">
     <span class='ocr_line' id='line_1_118' title="bbox 1946 5850 3426 5918; baseline -0.002 -14"><span class='ocrx_word' id='word_1_836' title='bbox 1946 5851 2042 5906; x_wconf 86' lang='lat' dir='ltr'><strong>Hci</strong></span> <span class='ocrx_word' id='word_1_837' title='bbox 2069 5853 2201 5906; x_wconf 86' lang='lat' dir='ltr'><strong>mibi</strong></span> <span class='ocrx_word' id='word_1_838' title='bbox 2231 5852 2447 5915; x_wconf 85' lang='lat' dir='ltr'><strong>misero,</strong></span> <span class='ocrx_word' id='word_1_839' title='bbox 2477 5850 2621 5918; x_wconf 92' lang='lat' dir='ltr'><strong>quod</strong></span> <span class='ocrx_word' id='word_1_840' title='bbox 2649 5860 2850 5912; x_wconf 87' lang='lat' dir='ltr'><strong>tecum,</strong></span> <span class='ocrx_word' id='word_1_841' title='bbox 2879 5850 2966 5917; x_wconf 86' lang='lat' dir='ltr'><strong>qui</strong></span> <span class='ocrx_word' id='word_1_842' title='bbox 2997 5850 3170 5904; x_wconf 91' lang='lat' dir='ltr'><strong>bonus</strong></span> <span class='ocrx_word' id='word_1_843' title='bbox 3199 5864 3277 5909; x_wconf 89' lang='lat' dir='ltr'><strong>es,</strong></span> <span class='ocrx_word' id='word_1_844' title='bbox 3309 5863 3426 5914; x_wconf 69' lang='lat' dir='ltr'><strong>pes-</strong></span> 
     </span>
    </p>
   </div>
   <div class='ocr_carea' id='block_1_119' title="bbox 1874 5943 3433 6013">
    <p class='ocr_par' dir='ltr' id='par_1_119' title="bbox 1874 5943 3433 6013">
     <span class='ocr_line' id='line_1_119' title="bbox 1874 5943 3433 6013; baseline -0.004 -11"><span class='ocrx_word' id='word_1_845' title='bbox 1874 5947 2008 6002; x_wconf 70' lang='lat' dir='ltr'><strong>sima</strong></span> <span class='ocrx_word' id='word_1_846' title='bbox 2053 5945 2286 6002; x_wconf 80' lang='lat' dir='ltr'><strong>facinora</strong></span> <span class='ocrx_word' id='word_1_847' title='bbox 2333 5945 2662 5999; x_wconf 81' lang='lat' dir='ltr'><strong>commutavi</strong></span> <span class='ocrx_word' id='word_1_848' title='bbox 2706 5962 2719 6000; x_wconf 88' lang='lat'><strong>:</strong></span> <span class='ocrx_word' id='word_1_849' title='bbox 2763 5960 2881 6013; x_wconf 75' lang='lat' dir='ltr'><strong>qua:</strong></span> <span class='ocrx_word' id='word_1_850' title='bbox 2949 5943 3076 5996; x_wconf 84' lang='lat' dir='ltr'><strong>mihi</strong></span> <span class='ocrx_word' id='word_1_851' title='bbox 3150 5943 3433 6010; x_wconf 82' lang='lat' dir='ltr'><strong>deturpato</strong></span> 
     </span>
    </p>
   </div>
  </div>
