4526 6514
245 457 354 521 ἶ69

1442 474 1731 538 PRECES
1764 481 2196 552 MATUTINE.

3370 499 3475 563 570

251 577 437 643 πάσης
465 577 689 644 λογικῆς
728 580 986 652 φύσεως),
1038 585 1147 638 τῶν
1206 593 1591 662 χρηστοτέρων
1655 599 1807 650 ὲλπβ
1836 601 1882 659 Α
1913 615 2037 656 nattt

1689 599 1807 650 λπβ
1836 601 1882 659 Α
1913 615 2100 659 natura
2132 608 2356 663 rationis
2386 612 2658 682 particeps
2686 616 2899 684 assequi
2923 615 3129 686 nequit.
3153 618 3332 671 animo
3353 636 3476 685 spes

244 672 358 722 οων
391 673 489 741 τὴν
523 674 699 745 ψυχὴν
737 677 1121 748 ἐμπεπλῆσθαι
1154 681 1248 734 καὶ
1305 685 1391 738 διὰ
1444 687 1542 755 μὲν
1583 689 1811 760 θάτερον

246 762 566 829 ὀδυνᾶσθαι,
598 766 813 838 θατέρῳ
833 769 888 823 ὁὶ
919 769 1183 837 ἐλπίζειν,
1212 775 1306 828 καὶ
1341 778 1460 840 ταῖς
1488 779 1700 835 ἐλπίσιν
1723 784 1810 836 εὐ-

244 856 603 920 φραίνεσθαι.

323 946 396 1000 Σὺ
421 948 529 1016 γάρ
551 951 578 1002 ό
606 951 812 1022 ποιμὴν
839 953 869 1005 ό
901 955 1083 1020 καλὸς,
1115 957 1144 1010 ὁ
1171 957 1272 1029 τὴν
1328 959 1511 1032 ψυχήν
1565 979 1658 1018 σου
1695 963 1812 1028 θεὶς

247 1036 399 1108 ῥπὶρ
421 1039 528 1091 τῶν
561 1043 920 1110 προδάτων,ό
947 1047 1023 1117 μὴ
1065 1048 1235 1102 θέλων
1284 1051 1376 1104 τὸν
1431 1051 1662 1106 θάνατον
1711 1057 1807 1109 τοῦ

249 1128 598 1197 ἀμαρτωλοῦ,
663 1134 693 1187 ό
751 1135 941 1198 είπὼν,
998 1141 1246 1203 Αἰτεῖτε,
1327 1144 1428 1197 καὶ
1479 1144 1800 1212 δοθήσεται

248 1220 419 1286 ὑμῖν,
458 1223 566 1276 Καὶ
606 1222 679 1294 μῆ
716 1244 828 1295 μοι,
859 1229 984 1298 μόνε
1013 1232 1385 1302 φιλάνθρωπε,
1414 1237 1561 1308 μόνῳ
1589 1256 1652 1307 γε
1701 1239 1812 1293 τῶν

254 1310 478 1364 πάντων
503 1315 828 1384 ἀνθρώπων,
865 1321 922 1374 ἐν
972 1324 1039 1392 τῇ
1072 1324 1209 1394 ὀργῇ
1266 1341 1360 1379 σου
1408 1329 1634 1400 συνέξῃς
1684 1332 1811 1396 τοὺς

248 1402 576 1472 οῖκτιρμούς
636 1422 753 1474 σου,
811 1409 871 1474 ὃς
924 1411 990 1482 δὴ
1039 1416 1291 1485 φανερῶς
1373 1418 1654 1489 Ισχυρίζου
1720 1423 1812 1487 διὰ

263 1492 492 1548 Ἡσαΐου
525 1497 618 1550 τοῦ
647 1499 962 1569 θαυμαστοῦ
990 1521 1085 1558 σου
1118 1509 1398 1576 προφήτου
1458 1514 1552 1565 καὶ
1590 1514 1720 1568 αὐτὸ
1750 1515 1812 1568 τὸ

254 1585 529 1652 μητρικὸν
545 1588 868 1660 ἀποκρύψαι
895 1593 1214 1664 σπλάγχνον
1245 1599 1313 1668 τῇ
1363 1600 1504 1668 πρὸς
1545 1602 1673 1666 τοὺς
1723 1604 1810 1656 ἀεὶ

249 1674 530 1742 σκληροὺς
557 1679 652 1733 καὶ
674 1681 1043 1747 ἀπειθοῦντας
1075 1685 1303 1760 ἀγάπῃο
1330 1687 1447 1741 ἀλλ’
1479 1691 1560 1754 είς
1591 1692 1817 1759 σεαυτὸν

253 1763 404 1829 ιδὼν,
436 1769 529 1820 καὶ
585 1770 678 1822 τὸν
723 1771 1034 1843 ἀπόρρητον
1080 1776 1260 1843 Ιρωτά
1290 1795 1385 1832 σου
1434 1781 1528 1834 τὸν
1551 1782 1634 1845 είς
1684 1783 1812 1851 εμὲ,

251 1856 429 1926 αὐτὴν
458 1858 680 1929 ὲκείνην
726 1863 835 1917 τῶν
873 1865 1317 1938 ἀνεξερευνήτων
1370 1871 1660 1941 κριμάτων
1715 1890 1810 1926 σου

248 1947 354 2017 τὴν
378 1951 744 2022 χρηστότητα,
774 1955 810 2025 ἦ
843 1971 903 2008 σε
940 1958 1265 2026 κατήγαγεν
1297 1961 1361 2014 tu
1408 1959 1517 2015 τῶν
1571 1963 1816 2034 οὐρανῶν

249 2035 618 2103 ἀμετασάτως
651 2042 743 2094 ἀπὶ
786 2044 889 2114 τὴν
938 2045 1044 2115 γῆν
1077 2047 1220 2120 ὑπὲρ
1270 2051 1544 2123 σωτηρίας
1594 2054 1816 2108 πάντων

253 2126 565 2196 ἀνθρώπιον
625 2135 912 2206 μονονουχί
970 2154 1030 2192 σε
1105 2140 1450 2209 μισούντων,
1509 2144 1662 2210 δέξαι
1715 2146 1816 2216 τὴν

251 2220 450 2273 ἀθλίαν
494 2224 671 2295 ψυχήν
713 2244 838 2294 μου,
881 2228 1209 2299 αὐχμῶσαν,
1254 2233 1539 2304 ρυπῶσαν,
1582 2236 1818 2292 ἐσπιλω-

253 2313 451 2383 μένην,
516 2317 954 2392 μεμολυσμίνην,
1011 2324 1092 2385 είς
1140 2325 1202 2377 τὸ
1256 2326 1494 2395 πέλαγος
1538 2327 1648 2381 τῶν
1703 2329 1816 2384 σῶν

249 2409 554 2476 οἰκτιρμῶν
646 2409 846 2482 ἑαυτὴν
939 2411 1081 2485 ὑπὲρ
1193 2417 1520 2491 καθάρσεως
1604 2421 1818 2496 impii!-

251 2499 392 2560 ⁸τιὶου
402 2516 518 2554 σαν.

325 2593 416 2660 Μὴ
445 2593 576 2661 γοῦν
613 2595 971 2669 ἀποστρέψῃς
1003 2597 1067 2652 τὸ
1114 2600 1411 2670 πρόσωπόν
1444 2621 1538 2658 σου
1574 2605 1685 2661 ἀπὸ
1716 2606 1812 2661 τοῦ

248 2683 441 2745 παιδός
466 2700 586 2751 σου,
619 2686 753 2755 μηδὲ
785 2689 982 2762 ἀπὼσῃ
1021 2690 1080 2744 es
1115 2691 1208 2744 σὸν
1257 2694 1504 2764 πλάσμα,
1548 2697 1684 2767 μηδι
1713 2716 1814 2752 κα-

247 2774 450 2847 ταδέξῃ
479 2777 733 2844 γενέσθαι
763 2779 867 2850 τὴν
897 2782 999 2852 σὴν
1025 2783 1214 2838 είκόνα
1245 2785 1498 2853 παίγνιον
1556 2789 1639 2842 ἔτι
1694 2791 1812 2844 δαι-

253 2866 454 2954 μόνων,
496 2869 619 2939 εἰκῆ
672 2869 1040 2938 φθονούντων,
1072 2875 1211 2945 ἔχων
1262 2893 1324 2944 γε
1371 2883 1814 2954 παραιτουμένην

251 2952 398 3024 ὑπὲρ
453 2954 586 3023 ιμοῦ
647 2959 745 3028 τὴν
796 2959 1199 3031 ἀνεξιχνίαστόν
1253 2982 1346 3020 σου
1406 2952 1812 3043 μακροθυμίαν.

250 3045 529 3116 ὑπερφυεῖ
575 3049 871 3121 ἀγαθότητι
923 3055 1289 3126 ἑκτεταμένην
1320 3061 1400 3122 είς
1451 3063 1711 3130 ἄπειρον·
1744 3065 1812 3119 δι’

250 3137 322 3203 ἢν
351 3138 412 3188 οὑ
442 3139 651 3210 διιστᾷς
692 3159 782 3211 μοι
809 3143 912 3212 τὴν
941 3146 1068 3215 γῆν,
1131 3148 1252 3202 οὐδὲ
1287 3155 1590 3222 κεραυνοὺς
1644 3174 1816 3210 καταο

1916 696 2166 754 tneliores
2196 701 2499 771 concipiam
2540 714 2763 773 :utque,
2824 717 3047 776 propter
3078 707 3208 761 illud
3243 708 3474 763 alterum

1913 786 2149 853 doleam,
2212 790 2375 860 hujus
2400 807 2531 847 vero
2587 810 2750 850 causa
2794 811 3033 867 sperem,
3093 797 3320 866 ipsaque
3379 815 3475 867 spe

1913 879 2174 948 meipsum
2210 883 2386 938 exhila
2397 899 2533 942 rem.

1988 969 2072 1027 Tu
2105 973 2248 1028 enim
2283 985 2469 1044 pastor
2500 978 2588 1033 ille
2615 977 2789 1033 bonus
2811 995 2892 1045 es,
2924 981 3016 1051 qui
3042 980 3280 1035 animam
3329 989 3476 1033 tuam

1912 1081 2011 1133 pro
2039 1069 2230 1123 ovibus
2263 1070 2443 1138 ponis,
2478 1071 2570 1140 qui
2601 1086 2705 1124 non
2732 1073 2812 1127 vis
2868 1085 3095 1126 mortem
3149 1072 3475 1141 peccatoris,

1915 1157 2004 1224 qui
2061 1157 2243 1212 dixisti
2271 1176 2287 1214 :
2317 1158 2509 1225 Petite,
2542 1177 2606 1214 ac
2638 1161 2852 1215 dabitur
2885 1161 3046 1215 vobis.
3099 1160 3238 1225 Noli,
3271 1176 3475 1230 qumso,

1913 1241 2001 1311 qui
2038 1244 2186 1300 solus
2233 1244 2473 1301 clemens
2501 1263 2585 1313 es,
2621 1263 2747 1318 erga
2793 1262 2879 1303 me
2924 1247 3098 1302 solum
3158 1249 3297 1302 inter
3361 1263 3478 1300 οιιι-

1915 1348 2010 1389 nes
2058 1335 2328 1402 homines,
2381 1339 2434 1393 in
2464 1339 2541 1392 ira
2595 1349 2696 1393 tua
2727 1340 3109 1396 miserationes
3156 1349 3281 1395 tuas
3328 1340 3480 1393 clau-

1913 1423 2042 1478 dere
2079 1443 2095 1480 :
2127 1441 2248 1480 cum
2300 1442 2396 1494 per
2437 1430 2813 1484 admirabilem
2864 1433 3010 1486 illum
3071 1440 3252 1485 vatem
3325 1442 3476 1485 tuum

1914 1512 2106 1568 Isaiam
2139 1515 2426 1572 manifesto
2462 1517 2725 1583 afﬁrmes,
2752 1528 2994 1574 materna
3027 1536 3242 1590 quoque
3265 1520 3476 1576 viscera

1912 1603 2075 1673 longe
2102 1605 2343 1673 superari
2377 1606 2446 1661 ab
2473 1620 2660 1662 amore
2689 1618 2782 1662 tuo
2823 1623 2951 1679 erga
3003 1620 3264 1680 perpetuo
3316 1611 3481 1666 duros

1912 1704 1968 1748 et
2001 1694 2534 1752 inobedientesued
2578 1699 2754 1754 oculis
2808 1701 2861 1754 in
2912 1701 3143 1771 teipsum
3184 1700 3398 1765 deﬁxis,
3425 1711 3481 1755 et

1916 1788 1970 1844 in
2030 1803 2267 1843 amorem
2321 1805 2451 1860 erga
2484 1805 2569 1846 me
2615 1801 2766 1847 tuum
2817 1791 3166 1859 ineil'abilem,
3201 1793 3481 1862 ipsamque

1911 1879 2246 1950 iudiciorum
2317 1889 2533 1936 tuorum
2568 1899 2673 1937 non
2718 1885 3191 1953 perscrutabilium
3231 1885 3478 1956 benigni-

1918 1981 2104 2035 tatem,
2145 1987 2265 2041 qua:
2292 1981 2343 2028 te
2369 1973 2437 2029 de
2486 1974 2642 2031 caelis
2674 1974 2726 2030 in
2761 1988 2963 2031 terram
3006 1977 3144 2032 citra
3177 1986 3479 2032 commuta-

1917 2061 2121 2114 tionem
2179 2058 2342 2113 ullam
2406 2060 2656 2116 locorum
2711 2062 2956 2127 deduxit,
2989 2073 3212 2133 propter
3248 2062 3477 2117 salutem

1914 2151 2158 2206 omnium
2186 2151 2484 2219 hominum,
2531 2153 2690 2208 modo
2734 2169 2839 2210 non
2880 2154 3004 2210 odio
3045 2166 3097 2210 te
3143 2168 3479 2223 prosequen-

1915 2249 2070 2311 tium,
2105 2248 2282 2316 recipe
2309 2246 2564 2300 miseram
2592 2245 2831 2299 animam
2873 2259 3070 2309 meam,
3095 2244 3478 2314 squallentem,

1914 2339 2269 2404 sordidatam,
2306 2338 2654 2403 maculatam,
2705 2336 3067 2404 inquinatam,
3109 2336 3342 2404 seipsam
3394 2334 3479 2388 lu-

1911 2433 2192 2488 strationis
2217 2429 2618 2498 consequentia:
2661 2443 2825 2484 causa
2854 2429 2908 2483 in
2925 2428 3330 2484 miserationum
3357 2435 3478 2481 tua-

1912 2540 2031 2580 rum
2059 2523 2275 2592 pelagus
2314 2521 2677 2591 abjicientem.

1987 2614 2065 2668 Ne
2103 2613 2294 2666 faciem
2360 2620 2503 2665 tuam
2557 2619 2770 2664 avertas
2827 2624 2856 2663 a
2915 2607 3117 2662 famulo
3173 2615 3286 2672 tuo,
3340 2621 3478 2662 neve

1912 2700 2222 2771 figmeumm
2258 2711 2409 2754 tuum
2443 2698 2716 2767 rejecerls,
2779 2713 2880 2752 nec
2935 2698 3248 2766 permiseris
3282 2697 3476 2765 imagi-

1912 2808 2033 2848 nem
2065 2803 2207 2847 tuam
2244 2793 2358 2846 ﬁeri
2380 2793 2614 2862 amplius
2642 2790 2934 2845 ludibrium
2994 2789 3256 2843 malorum
3287 2789 3476 2856 genio-

1912 2901 2055 2950 rum,
2085 2886 2289 2955 absque
2339 2898 2506 2940 causa
2541 2882 2896 2937 invidentimn
2930 2897 2946 2948 ;
2987 2896 3108 2935 cum
3144 2880 3344 2935 habeas
3373 2880 3472 2934 de-

1910 2988 2221 3046 precantem
2250 2990 2349 3044 pro
2381 2988 2468 3029 me
2497 2972 2968 3043 longanimitatem
3009 2979 3153 3026 tuam
3200 2987 3306 3026 non
3347 2987 3475 3040 per-

1911 3068 2576 3139 vestigabilem,immensa
2603 3066 2851 3120 bonitate
2899 3073 3205 3136 porrectam
3238 3065 3290 3118 in
3348 3065 3474 3119 inii-

1909 3162 2082 3217 nitum
2109 3179 2122 3216 :
2154 3170 2378 3232 prepter
2440 3173 2605 3227 quam
2626 3157 2757 3212 mihi
2808 3168 3008 3212 terram
3041 3173 3146 3212 non
3199 3159 3283 3212 vis
3321 3157 3474 3211 debi-

249 3228 517 3296 πέμπεις,
541 3231 750 3287 δίκαιον
770 3233 848 3299 δν,
879 3236 954 3302 ὡς
988 3237 1201 3304 πάντας
1240 3242 1365 3307 τοὺς
1418 3246 1475 3298 ἑν
1508 3247 1808 3319 ἁμαρτίαις
1836 3246 1878 3304 C
1911 3268 2036 3308 scer

1680 3250 1808 3314 ιίαις
1836 3246 1878 3304 C
1911 3268 2088 3318 scere,
2119 3228 2216 3307 nec
2247 3228 2301 3306 in
2339 3263 2424 3305 me
2453 3249 2678 3303 fulmina
2728 3260 2966 3318 torques,
3019 3248 3093 3300 uti
3137 3246 3314 3303 facere
3345 3246 3467 3315 jure

248 3319 615 3392 βεσοημὲνους
645 3326 1072 3396 ὑπερελάσαντι.

321 3504 538 3572 Ταύτης
611 3505 674 3576 δή
737 3525 796 3561 σε
872 3511 1246 3584 δυσωπούσης,
1311 3517 1620 3588 οίκτίρμον,
1706 3523 1807 3590 τῆς

244 3597 647 3665 ἀνεξαγγέλτου
707 3602 1113 3674 μακροθυμίας,
1173 3607 1396 3676 ἐλέησόν
1455 3627 1544 3679 με,
1593 3614 1622 3666 δ
1669 3616 1808 3682 μᾶλ-

242 3693 338 3745 λον
401 3693 608 3763 χαίρων
678 3693 838 3748 τοῦτο
914 3698 1084 3752 ποιῶν
1148 3700 1258 3753 τῶν
1325 3702 1636 3777 δεχομένων
1714 3710 1807 3761 τὸν

244 3782 423 3838 ἔλεον.

320 3876 429 3928 Καί
456 3893 545 3945 μοι
572 3876 789 3930 κάκεῖνο
821 3879 1148 3950 χορήγησον,
1173 3882 1232 3934 τὺ
1258 3885 1342 3937 σοὶ
1373 3884 1472 3955 μὲν
1505 3887 1806 3957 βουλεύσα-

246 3970 469 4032 σασθαι.
501 3971 624 4039 ἐμοὶ
657 3972 711 4024 δὶ
761 3973 974 4042 πρέπον
1016 3976 1379 4046 ἐργάσασθαι,
1433 3981 1676 4047 δυνατῶς
1707 3986 1805 4044 οὐκ

242 4063 424 4132 ἔχοντι
458 4064 590 4133 πρὸς
619 4064 932 4133 οὐδέτερον·
967 4069 1047 4120 ὅτι
1083 4086 1171 4136 μοι
1207 4071 1302 4122 καὶ
1331 4070 1455 4133 νοῦς
1514 4074 1805 4134 ικλέλυται

240 4156 554 4218 adiuuant
575 4155 826 4208 διόλωλεν
885 4158 1040 4226 ἰσχὺς
1084 4159 1414 4230 πνεύματος,
1471 4163 1805 4235 εὐεκτούσης

239 4247 343 4314 τῆς
381 4247 602 4315 σαρκὸς,
644 4248 736 4300 καὶ
766 4247 1110 4316 βαρυνούσης
1140 4251 1444 4320 ἀμφότερα.
1484 4253 1582 4317 Δὸς
1601 4254 1664 4326 δὴ
1685 4255 1803 4313 διάα

1909 3353 2148 3412 poteras,
2185 3356 2306 3395 cum
2335 3353 2524 3395 omnes
2573 3339 2627 3392 in
2675 3337 2914 3407 peccatis
2961 3336 3201 3391 famosos
3249 3347 3476 3405 praster-

1907 3449 2126 3504 gressus
2157 3435 2282 3490 sim.

1978 3527 2088 3582 Hac
2112 3529 2273 3598 igitur
2300 3534 2561 3582 exoraute
2593 3535 2666 3590 te,
2693 3539 2726 3579 ο
2758 3522 3092 3586 misericors,
3113 3517 3466 3574 inenarrabili

1907 3619 2332 3688 lnugaminitate.
2379 3618 2639 3672 miserere
2693 3616 2821 3680 mei,
2857 3615 2949 3684 qui
2981 3614 3235 3683 gaudium
3299 3610 3476 3680 maius

1906 3708 2266 3779 impertiendo
2296 3708 2727 3764 misericordiam
2766 3706 3022 3777 percipis,
3061 3720 3222 3776 quam
3250 3703 3323 3758 illi
3348 3703 3474 3773 ipsi,

1906 3801 1996 3869 qui
2030 3801 2453 3856 misericordiam
2487 3811 2914 3869 consequuntur.

1976 3891 2090 3947 lloc
2117 3891 2280 3946 etiam
2311 3891 2443 3946 mibi
2477 3892 2726 3962 largitor,
2744 3901 2800 3946 ut
2833 3891 2928 3947 tibi
2961 3900 3112 3960 grata
3139 3887 3461 3955 deliberem,

1904 3992 1959 4038 et
1982 3983 2318 4038 ntedecentia
2350 3997 2632 4052 peragam,
2652 3998 2773 4037 cum
2804 3983 2918 4052 ipse
2939 3993 3187 4037 neutrum
3217 3990 3474 4051 praestare

1905 4074 2130 4145 possim.
2192 4073 2325 4128 Nam
2376 4084 2430 4129 et
2485 4089 2638 4129 mens
2674 4089 2792 4127 mea
2843 4073 3159 4143 jamdudum
3209 4073 3471 4140 elanguit,

1904 4178 1960 4222 et
1986 4168 2068 4223 vis
2090 4168 2312 4235 spiritus
2342 4167 2523 4236 periit,
2565 4167 2693 4221 dum
2722 4182 2848 4221 caro
2879 4165 3046 4219 nitide
3084 4173 3275 4219 curata
3309 4164 3466 4217 luxu-

1905 4259 2029 4324 riat,
2074 4267 2128 4313 et
2171 4261 2331 4313 ambo
2361 4259 2634 4328 deprimit.
2692 4258 2764 4312 Da
2800 4273 2984 4312 veram
3035 4256 3470 4326 intelligentiam,

241 4358 399 4392 νοιαν
427 4339 623 4408 ἀληθῆ,
652 4339 739 4403 δὸς
760 4339 824 4409 δὴ
853 4340 1126 4408 βούλησιν,
1154 4343 1269 4406 δὸς,
1294 4345 1403 4397 πᾶν
1447 4344 1475 4397 ὅ
1517 4361 1569 4398 τι
1618 4346 1802 4413 μέλλει
1903 4351 1970 4404 tia
2003 4366 2028 4404 v

1681 4346 1802 4399 λλλει
1903 4351 1970 4404 da
2003 4351 2350 4414 voluntatem,
2382 4349 2448 4404 da
2477 4350 2737 4420 quidquid
2788 4349 3079 4403 allaturum
3115 4356 3196 4402 est
3251 4347 3468 4414 aliquod

239 4431 357 4499 φῶς
394 4430 613 4482 ἔσεσθαι
648 4429 948 4497 λογισμοῖς,
975 4429 1352 4496 τυφλώττουσι
1370 4432 1601 4487 πάθεσιν
1622 4451 1636 4465 ο
1659 4435 1800 4488 ὥστε
1904 4439 2026 4493 quit

1680 4435 1800 4488 ὖστε
1904 4439 2086 4494 lumen
2117 4438 2556 4509 cogitationibus,
2586 4451 2706 4508 quae
2738 4446 2963 4506 propter
3015 4436 3242 4490 allectus
3294 4449 3467 4491 emcn-

238 4523 376 4591 πρὶν
413 4522 491 4583 είς
517 4521 624 4591 γῆν
655 4522 1000 4589 ἀποστρέψαι
1029 4521 1261 4592 θανάτῳ,
1294 4522 1353 4586 ὃς
1375 4524 1543 4591 ἐγγύς
1576 4543 1678 4578 που
1705 4526 1798 4579 νῦν
1829 4569 1873 4624 D
1905 4530 2015 4584 tiun

1705 4526 1798 4579 νῦν
1829 4569 1873 4624 D
1905 4530 2042 4584 tiunt
2071 4545 2086 4583 :
2115 4538 2171 4582 ut
2202 4532 2371 4598 prius,
2395 4544 2556 4598 quam
2587 4529 2641 4582 in
2705 4540 2904 4582 terram
2962 4537 3137 4581 morte
3200 4533 3466 4588 revertar,

238 4616 390 4664 ἐστιν
421 4612 570 4673 ἴσως,
595 4610 816 4681 ἀλήκτῳ
845 4610 1024 4680 δρόμῳ
1057 4614 1524 4682 παραγινόμενος,
1566 4616 1701 4686 πρδς
1737 4617 1797 4672 σι
1833 4610 1870 4624 ”
1903 4635 2021 4689 qua

1682 4635 1701 4678 ς
1737 4617 1797 4672 σε
1833 4610 1870 4624 ’⁷
1903 4635 2021 4689 quae
2051 4629 2309 4688 perpetuo
2347 4635 2506 4675 cursu
2529 4619 2794 4674 accedens
2827 4633 2993 4688 prope
3053 4632 3195 4674 nunc
3224 4617 3469 4670 fortassis

236 4704 338 4770 τὴν
372 4703 514 4771 ζωὴν
563 4702 890 4771 επιστριψαι
923 4705 981 4756 ὲν
1043 4704 1346 4772 ἐπιγνώσει
1375 4705 1470 4759 τοῦ
1509 4706 1796 4778 βελτίονος.
1904 4710 2023 4764 abes

1679 4726 1796 4771 »νος.
1904 4710 2078 4774 abest,
2112 4709 2168 4770 in
2197 4709 2314 4783 ejus
2344 4710 2642 4780 agnitione,
2686 4710 2831 4780 quod
2881 4709 3080 4764 melius
3125 4716 3231 4769 est.
3280 4708 3348 4760 ad
3392 4717 3466 4773 te,

249 4794 498 4863 Ἀγγὲλῳ
541 4793 742 4865 πιστῷ,
780 4793 1005 4864 φύλακι,
1066 4795 1168 4864 τὴν
1218 4797 1358 4867 ἐμὴν
1407 4791 1798 4865 παρακατ”ἀθου
1898 4797 2036 4866 quit

1685 4799 1798 4854 i00u
1898 4797 1991 4866 qui
2023 4813 2080 4850 es
2117 4797 2232 4866 ipsa
2253 4801 2381 4862 vita,
2408 4811 2493 4850 me
2516 4810 2849 4852 cmvemm.
2875 4795 3084 4866 Augelo
3113 4791 3256 4849 iideli
3291 4804 3472 4849 custo-

235 4888 439 4956 drvxitv-

310 4976 550 5042 Χάρισαί
580 4992 692 5046 μοι,
724 4975 950 5045 βασιλεῦ
992 4993 1096 5045 μου
1112 4979 1205 5031 καὶ
1234 4977 1424 5049 Κύριε,
1459 4980 1641 5034 πᾶσαν
1660 4980 1796 5035 ταύο

233 5081 338 5134 την
362 5065 458 5134 τὴν
492 5067 727 5134 ἡμέραν,
754 5066 846 5119 καὶ
879 5066 941 5118 τὸ
978 5066 1172 5119 λοιπὸν
1198 5069 1299 5137 τῆς
1351 5070 1501 5138 ζωῆς
1548 5089 1674 5141 μου,
1736 5073 1795 5125 ὲν

234 5158 687 5226 ἀγραιφνεστάτῃ
710 5157 912 5221 πίστει,
955 5158 1047 5210 καὶ
1088 5158 1305 5225 γνώσει,
1359 5164 1456 5213 καὶ
1507 5166 1788 5237 μετανοὲᾳ,

235 5249 428 5317 εἰρήνῃ
451 5264 509 5299 τε
547 5249 612 5317 τῇ
647 5249 735 5316 σῇ,
771 5248 865 5300 καὶ
904 5246 1230 5317 εὐχαριστίᾳ
1261 5249 1514 5318 διελθεῖν,
1550 5255 1791 5322 χρῆσθαί

227 5356 291 5392 τε
342 5339 658 5413 δικαιοσύνῃ
713 5339 805 5393 καὶ
862 5340 1091 5412 ἀληθείᾳ
1141 5341 1439 5411 λογισμῶν,
1514 5346 1784 5415 πράξεων,

230 5431 497 5499 γλώττης,
530 5430 628 5482 σὺν
682 5430 1035 5501 αύτομεμψίᾳ
1070 5431 1168 5484 καὶ
1224 5434 1564 5504 μετριότητι.
1603 5439 1786 5501 Ἀνες,

229 5522 388 5588 ἄφες,
428 5522 804 5590 συγχώρησον,
851 5523 880 5573 ό
917 5527 1078 5591 μόνος
1117 5523 1278 5577 τοῦτο
1323 5526 1641 5596 δυνάμενος,
1687 5530 1786 5582 ὅσα

231 5629 293 5664 σε
348 5613 788 5682 παρώργισακαὶ
849 5615 1252 5686 παρεπίκρανα,
1315 5615 1510 5688 Κύριε.
1566 5621 1665 5672 ὅσα
1703 5636 1785 5674 σοι

229 5703 628 5773 προσέκρουσα,
658 5707 745 5758 καὶ
776 5705 916 5759 ἑκὼν
948 5707 980 5777 ἢ
1011 5707 1158 5761 ἀκων
1181 5709 1488 5780 ἐξήμαρτον
1519 5712 1624 5764 ἀπὸ
1651 5729 1781 5766 παι-

1895 4890 2062 4956 dique
2089 4890 2369 4954 committe
2401 4891 2637 4945 animam
2665 4904 2864 4944 meam.

1965 4980 2191 5052 Largire
2243 4982 2395 5046 mihi,
2435 4983 2506 5036 mi
2536 4996 2626 5036 rex
2669 4993 2833 5052 atque
2879 4982 3125 5051 Domine,
3187 4993 3361 5040 totum
3413 4995 3471 5042 ut

1898 5072 2046 5130 hunc
2095 5073 2260 5137 diem,
2311 5074 2566 5141 quodque
2615 5071 2748 5126 mihi
2793 5073 2916 5128 vita
2943 5073 3209 5144 reliquum
3253 5085 3357 5141 est,
3412 5074 3468 5129 in

1895 5164 2265 5220 sincerissima
2309 5164 2436 5230 llde,
2497 5172 2551 5218 et
2604 5165 2904 5234 agnitione,
2967 5175 3023 5221 et
3072 5167 3465 5236 resipisceutia,

1894 5269 2136 5324 paceque
2165 5264 2279 5320 tua,
2312 5263 2366 5311 et
2389 5255 2686 5324 gratiaran
2718 5256 2934 5311 actione
2985 5254 3202 5324 exigam
3233 5270 3248 5308 :
3305 5267 3472 5323 utque

1894 5348 2106 5418 justitia
2137 5358 2190 5403 et
2223 5350 2452 5402 veritate
2505 5357 2630 5401 utar
2682 5346 2735 5401 in
2784 5347 3234 5416 cogitationibus,
3285 5346 3465 5412 lactis,

1897 5441 2096 5510 lingua,
2136 5455 2260 5494 cum
2295 5440 2714 5508 reprehensione
2743 5438 2847 5493 mei
2891 5439 3058 5507 ipsius
3095 5447 3146 5492 et
3173 5439 3463 5494 modestia.

1898 5531 2144 5596 Dimitte,
2177 5533 2416 5597 remitte,
2448 5531 2718 5596 continua,
2772 5529 2865 5599 qui
2932 5531 3081 5584 solus
3131 5531 3232 5584 hoc
3285 5530 3467 5587 facere

1896 5634 2070 5693 potes,
2101 5621 2360 5694 quidquid
2387 5638 2416 5674 a
2447 5636 2531 5676 me
2562 5619 2893 5688 proiectum,
2943 5629 2994 5673 te
3025 5621 3336 5688 provocavit
3394 5622 3467 5676 ad

1897 5715 2032 5769 iram
2057 5724 2109 5767 et
2150 5712 2516 5774 exacerbavit,
2539 5710 2760 5765 Domine
2787 5729 2802 5766 :
2825 5724 3150 5780 quocunque
3175 5720 3224 5764 te
3237 5711 3461 5777 ofendi,

226 5797 314 5859 δὶς
338 5795 592 5864 ἀχρινῦν
633 5799 691 5849 ἰν
753 5797 920 5868 ἔργῳ,
967 5802 1026 5851 ὲν
1079 5801 1242 5869 λόγῳ,
1288 5805 1346 5854 ἐν
1401 5804 1630 5874 διανοὲᾳ,
1687 5809 1782 5859 καὶ
1880 5809 2008 5876 quid

1687 5809 1782 5859 καὶ
1880 5806 2140 5877 quidquid
2172 5822 2199 5858 a
2235 5820 2319 5858 me
2342 5813 2555 5870 sponte,
2588 5804 2672 5857 vel
2701 5818 2805 5857 non
2847 5811 3040 5870 sponte
3065 5813 3341 5871 peccatum
3378 5815 3461 5855 est

227 5887 379 5966 πάσῃ,
405 5905 509 5958 μου
548 5891 612 5962 τῇ
649 5892 919 5963 αἰσθήσει,
953 5895 1109 5949 παντὶ
1154 5897 1328 5965 καιρῷ
1390 5914 1442 5951 τε
1493 5898 1592 5951 ικαὶ
1626 5897 1771 5970 πάσῃ
1882 5914 2014 5972 aput

1674 5897 1771 5970 ἀσῃ
1882 5915 1907 5952 2
1930 5913 2094 5972 puero
2112 5898 2164 5954 in
2187 5898 2324 5952 hunc
2343 5898 2504 5964 diem,
2525 5896 2688 5962 laeto,
2710 5896 2877 5960 dicto,
2897 5892 3242 5964 c0gitatione,
3267 5897 3461 5963 quovis
