4526 6514
903 463 1002 530 591

2100 458 2419 521 JOANNIS
2458 460 2927 525 ANAGNOSTAE

4034 472 4148 532 192

900 586 958 628 ttt
982 586 1032 627 tn
1066 580 1184 625 cato
1210 572 1372 635 nosd,
1418 580 1623 625 tantum
1672 569 1933 623 malorum
1965 579 2258 624 sustineret
2300 582 2354 625 ct
2379 573 2460 624 di-
2492 589 2531 640 Α
2565 576 2640 636 ὡς
2669 592 2687 626 c

2379 573 2460 624 ίιί·
2492 589 2531 640 Α
2565 576 2640 636 ὡς
2669 572 2836 638 οἶδας,
2864 576 2957 627 καὶ
2990 576 3260 645 ὁσημέραι
3293 576 3503 645 θλὶᾦεις
3534 579 3664 646 ἡμῖν
3696 578 3966 645 ἐπήγοντο
4008 592 4140 627 παν-

899 669 975 719 ris
1006 667 1247 734 quotidie
1290 664 1473 718 exiliis
1510 664 1745 732 undique
1784 662 2042 715 confertis
2080 662 2457 728 aﬂlietaretur,

897 769 952 810 et
1004 771 1284 810 sermones
1340 755 1491 808 multi
1524 755 1906 809 conferrentur
1929 768 2160 821 quonam
2196 766 2352 822 pacto
2395 771 2459 809 ex

902 859 982 901 tut
1041 848 1192 901 malis
1247 861 1526 913 etncrgere
1576 859 1880 914 possemus,
1928 844 2131 897 nullum
2166 846 2461 898 remedium

900 941 1247 999 occurrebat,
1301 953 1399 992 nec
1444 938 1628 991 aderat
1668 939 2032 989 Averrnncus.
2093 935 2277 1003 Neque
2315 937 2459 989 enim

903 1031 1091 1084 Tui-cae
1109 1046 1230 1084 cum
1246 1028 1449 1084 Latinis
1465 1028 1641 1082 foedus
1658 1029 1845 1090 iniere,
1873 1028 1999 1082 licet
2019 1028 2213 1095 smpius
2235 1027 2433 1095 legatio
2448 1056 2464 1067 -

907 1142 972 1178 ne
997 1126 1161 1178 missa
1187 1123 1238 1177 id
1258 1132 1673 1191 pcrtrntasscnt,
1692 1121 2072 1190 supplicesque
2088 1122 2251 1175 etiam
2280 1136 2472 1194 rogas:

906 1226 1259 1286 scnt;neque
1286 1215 1482 1277 eratin
1519 1223 1701 1267 nostra
1733 1222 2022 1282 potestate,
2051 1213 2221 1280 copiis
2258 1213 2465 1266 nostris

907 1309 961 1359 in
998 1315 1287 1377 angustum
1320 1304 1516 1372 oppido
1546 1304 1747 1356 coactis
1769 1310 1821 1355 et
1856 1302 2292 1357 discordantibus
2323 1306 2466 1356 vctis

906 1397 974 1448 ab
1008 1394 1249 1449 unanimi
1300 1393 1569 1447 sententia
1602 1390 1897 1454 convulsis,
1949 1391 2148 1458 aliquid
2180 1406 2366 1459 agerc,
2407 1400 2467 1445 ut

912 1497 1023 1540 tute
1058 1487 1219 1542 etiam
1246 1484 1411 1548 nosti,
1435 1485 1523 1551 qui
1560 1498 1663 1537 una
1698 1480 1979 1536 nobiscum
2024 1495 2170 1544 cras.
2196 1483 2463 1537 malorum

909 1579 1134 1645 perinde
1175 1586 1339 1642 atque
1371 1576 1458 1629 alii
1491 1582 1766 1641 expertus.

978 1672 1029 1721 3.
1062 1668 1194 1722 Cum
1221 1668 1401 1734 itaque
1435 1680 1517 1719 res
1540 1675 1743 1719 nostra:
1780 1665 1849 1718 ita
1876 1679 1935 1719 se
1971 1665 2249 1730 haberent,
2279 1677 2333 1720 et
2359 1666 2471 1720 sin-

908 1759 1027 1825 gula
1076 1764 1347 1810 momenta
1391 1756 1707 1810 innumeras
1752 1769 1921 1825 prope
1971 1769 2141 1810 noxas
2179 1755 2468 1821 inferrent,

908 1854 1082 1919 deque
1111 1850 1281 1905 salute
1332 1849 1759 1916 desperaremus,
1817 1846 2015 1901 malum
2050 1848 2194 1902 aliud
2248 1858 2471 1917 repente

2562 667 2811 734 ταχόθεν,
2865 668 2956 719 καὶ
3005 668 3177 731 λόγων
3207 668 3417 721 πολλῶν
3473 671 3604 735 παρ’
3644 668 3896 730 ἑκάστοις
3931 668 4050 728 πῶς
4094 672 4145 711 ;.,

2565 758 2901 827 ἀναθείημεν
2948 760 3291 827 γιγνομένων
3326 760 3526 827 τρόπος
3556 756 3624 829 ἦν
3671 760 3780 812 οὐδ’
3829 759 4088 811 ὁστισοῦν
4122 764 4145 807 ὅ

2562 849 2764 901 τούτων
2790 852 2936 918 ἡμᾶς
2967 851 3076 902 τῶν
3121 851 3312 904 δεινῶν
3348 851 3691 915 ἀπαλλάξων.
3749 850 3886 904 Οὔτε
3940 855 4051 918 γὰρ
4098 853 4143 899 ei

2564 938 2794 1007 Τοῦρκοι
2823 944 2931 1003 τοῖς
2960 941 3208 1003 Λατίνοις
3258 938 3543 1007 ἐϐούλοντο
3586 941 3917 992 σπείσασθαι
3948 941 4143 992 πολλᾶ-

2567 1047 2651 1091 κις
2683 1031 3186 1101 πρεσῦευσαμένοις
3212 1032 3341 1099 περὶ
3370 1033 3564 1085 τούτου
3587 1033 3680 1085 καὶ
3702 1032 4000 1101 δεηθεῖσιν,
4033 1029 4143 1082 οὖν

2565 1124 2697 1190 ἡμῖν
2722 1122 2847 1187 ἐξῆν
2885 1123 3085 1191 πρᾶξαι
3114 1125 3174 1176 τὸ
3200 1125 3337 1177 κατὰ
3378 1124 3628 1193 γνώμην,
3659 1123 3858 1187 ὀλίγοις
3881 1123 4027 1186 ἄταν
4057 1140 4123 1173 κα

2569 1212 2855 1282 θεστηκόσι
2898 1217 2989 1266 καὶ
3031 1216 3313 1283 άνισότητι
3360 1213 3589 1284 γνώμης
3625 1215 4035 1279 ἀποϐεϐληκόσι
4090 1216 4148 1267 to

2568 1305 2832 1371 ὁμονοεῖν,
2868 1305 2945 1367 ὡς
2987 1306 3095 1373 ἄρα
3128 1307 3220 1359 καὶ
3253 1308 3336 1358 σοὶ
3361 1305 3640 1375 γνώριμον
3672 1307 3831 1359 τοῦτο
3862 1307 3963 1358 σὺν
4017 1308 4144 1374 ἡμῖν

2567 1412 2631 1462 γε
2662 1395 2774 1447 ὄντι
2792 1397 2883 1449 καλ⁸
2911 1396 3019 1449 τῶν
3047 1397 3237 1451 δεινῶν
3256 1399 3482 1452 ἐκείνων
3511 1400 3623 1460 τοῖς
3649 1398 3831 1459 ἄλλοις
3862 1400 4151 1468 παραπλη-

2571 1486 2701 1551 σίως
2735 1489 2977 1557 εἰληφότι
3007 1488 3106 1558 τὴν
3134 1493 3343 1559 πεῖραν.

2643 1664 2711 1733 γ’.
2750 1666 2936 1728 Οὕτως
2969 1661 3063 1721 οὖν
3095 1668 3229 1736 ἡμῖν
3259 1667 3498 1737 ἔχουσιν,
3534 1669 3657 1721 ὅσαι
3688 1685 3748 1721 τε
3781 1662 3926 1739 ὧραι
3982 1670 4152 1737 μυρία

2571 1759 2640 1812 τὰ
2691 1758 2906 1828 χαλεπὰ
2942 1760 3166 1829 φέρουσι
3204 1762 3297 1813 καὶ
3332 1761 3432 1831 τὴν
3460 1764 3737 1832 σωτηρίαν
3766 1763 4152 1829 ἀπαγορεύου-

2574 1869 2679 1912 σιν.
2714 1852 2880 1906 κακὸν
2912 1854 3173 1924 ἐξαίφνης
3197 1853 3429 1923 ἐπῆλθεν
3447 1855 3633 1924 ἕτερον
3655 1854 3751 1908 καὶ
3784 1858 4152 1924 στερροτέραν

910 1944 1125 2010 irrupit,
1149 1950 1202 1995 et
1226 1939 1538 1993 validiorem
1565 1939 1854 1992 adamante
1884 1939 2126 1993 animum
2171 1938 2472 2009 disjiciens,
2506 1939 2551 1999 Β
2579 1946 2697 1999 εἰπε

2367 1954 2472 2003 BIIS.
2506 1939 2551 1999 Β
2579 1946 2756 2001 εἰπεῖν
2776 1945 3086 2014 ἀδάμαντος
3114 1944 3325 2009 «metu
3352 1945 3553 2016 ψυχήν.
3593 1947 3667 1998 Τὸ
3684 1947 3731 1998 δ’
3769 1941 3838 2015 ἦν
3866 1948 3899 2012 ἡ
3936 1946 4031 1999 τοῦ
4064 1966 4154 1997 κι-

911 2035 1035 2087 boni
1095 2032 1302 2086 scilicet
1366 2030 1601 2098 pastoris
1630 2038 1704 2092 et,
1753 2044 1904 2100 aeque
1936 2043 1999 2085 ac
2023 2030 2228 2099 primus
2260 2042 2464 2099 pastor,

909 2129 1152 2196 quotidie
1177 2127 1394 2196 profuse
1425 2127 1659 2179 animam
1694 2125 1969 2194 ponentis,
2004 2125 2186 2179 divino
2232 2126 2465 2183 consilio

908 2220 1109 2281 obitus,
1141 2218 1216 2271 illi
1242 2217 1454 2284 quidem
1485 2216 1755 2270 fortunate
1789 2214 2110 2282 succedens,
2145 2217 2303 2272 nobis
2331 2233 2462 2272 vero

910 2314 1128 2375 damna,
1186 2326 1358 2378 eaque
1413 2309 1678 2377 ingentia,
1723 2308 2046 2375 concilians,
2088 2309 2180 2379 qui
2231 2310 2376 2365 illius
2404 2312 2469 2365 ad

914 2404 1081 2460 Deum
1111 2403 1385 2471 precibus,
1424 2401 1619 2470 quibus
1638 2400 1800 2454 saluti
1823 2409 2024 2455 nostra:
2058 2402 2469 2469 providebatur,

915 2497 1211 2563 privamur.
1246 2493 1310 2545 Et
1339 2494 1523 2548 divino
1548 2492 1783 2547 consilio
1819 2494 1969 2547 illum
2008 2494 2310 2562 contigisse
2341 2510 2473 2549 con-

912 2589 1071 2656 jieics
1112 2602 1175 2639 ex
1208 2586 1317 2639 illis
1352 2601 1469 2653 qua:
1516 2584 1591 2639 illi
1622 2585 1798 2639 adhuc
1844 2587 2124 2654 superstiti
2159 2588 2301 2641 inter
2330 2603 2474 2642 som-

916 2679 1168 2734 niandum
1196 2687 1510 2731 evenerant.
1564 2678 1722 2733 Visus
1749 2685 1832 2732 est
1858 2677 1982 2742 sibi,
2021 2689 2313 2747 antequam
2346 2682 2474 2735 urbs

914 2769 1055 2823 bello
1086 2770 1414 2830 concideret,
1448 2768 1667 2822 demum
1724 2769 2042 2838 praeclaram
2077 2780 2131 2823 et
2182 2773 2472 2825 maximam

919 2862 1183 2928 ingresso.
1228 2861 1466 2929 singulas
1497 2860 1643 2913 illius
1669 2869 1852 2929 partes
1888 2860 2163 2927 inspicere
2196 2872 2250 2915 et
2278 2863 2473 2916 decora

919 2970 983 3008 ac
1009 2953 1430 3023 magnitudinem
1448 2967 1770 3023 magnopere
1784 2952 2037 3006 demirari
2061 2971 2075 3017 ;
2107 2954 2191 3008 his
2211 2955 2475 3009 intentum

918 3061 1128 3107 vocem,
1152 3044 1351 3099 deforis
1369 3045 1740 3098 advenientem
1759 3045 2064 3100 inaudisse:
2097 3044 2325 3099 «Domus
2343 3048 2476 3120 haec,

917 3137 1076 3205 cujus
1106 3146 1288 3205 partes
1318 3136 1559 3204 singulas
1599 3137 1838 3192 illustres
1866 3147 2027 3204 atque
2056 3149 2310 3192 venustas
2339 3154 2477 3192 con-

924 3228 1171 3282 siderans
1202 3227 1511 3290 admiraris,
1540 3234 1783 3279 actutum
1813 3226 2062 3279 concidet
2088 3243 2102 3290 ;
2134 3238 2187 3280 et
2214 3241 2279 3280 ne
2316 3235 2367 3280 te
2383 3242 2477 3281 sua

2569 2036 2663 2090 λοῦ
2695 2037 2954 2106 ποιμένος
2993 2039 3088 2092 καὶ
3113 2038 3255 2091 κατὰ
3287 2041 3378 2091 τὸν
3396 2038 3625 2107 πρῶτον
3646 2041 3882 2109 ποιμένα
3922 2044 4021 2109 τὴν
4050 2041 4151 2107 do-

2571 2130 2671 2199 χὴν
2699 2131 2783 2199 ἐφ’
2813 2130 3049 2200 ἑκάστης
3073 2131 3308 2198 ἀφειδῶς
3335 2132 3476 2201 ὑπὲρ
3509 2132 3605 2185 τοῦ
3632 2134 3888 2201 ποιμνίου
3912 2132 4151 2193 τιθέντος

2571 2221 2714 2274 κατὰ
2745 2220 2887 2274 θεῖον
2916 2221 3165 2292 βούλημα
3187 2222 3435 2290 τελευτὴ,
3461 2224 3519 2276 ἐν
3542 2224 3693 2293 καλῷ
3720 2224 3820 2291 μὲν
3851 2225 4153 2293 ἐκεί-ιῳγε-

2575 2311 2873 2381 γενημένη,
2930 2312 3127 2381 βλάϐος
3166 2312 3210 2364 δ’
3245 2314 3376 2382 ἡμῖν
3404 2313 3781 2378 ἐπενεγκοῦσα
3830 2313 3992 2375 πολὺ,
4046 2314 4155 2363 τῶν

2575 2401 2785 2453 ἐκείνου
2808 2402 2972 2455 λιτῶν
3006 2404 3144 2474 πρὸς
3185 2403 3307 2456 θεὸν
3347 2405 3715 2474 στερηθεῖσιν,
3748 2400 3838 2466 αῖς
3874 2405 4155 2473 ἐσωζόμε-

2575 2490 2657 2545 θα.
2698 2493 2823 2546 Ὀτι
2848 2494 2905 2547 δέ
2940 2494 3079 2548 κατὰ
3104 2495 3255 2549 θείαν
3286 2494 3427 2565 αὕτη
3458 2496 3716 2567 βούλησιν
3744 2493 3834 2567 ἦν,
3858 2497 4031 2550 ἄκουε
4063 2498 4155 2549 τοῦ

2577 2583 2838 2651 φανέντος
2875 2583 2955 2652 τῷ
2991 2584 3254 2654 μακαρίῳ
3288 2586 3535 2655 περιόντι
3588 2588 3713 2638 κατ’
3742 2586 3876 2652 δναρ
3936 2586 4154 2653 ἐκείνῳ.

2580 2672 2765 2738 Ἔδοξε
2800 2673 2905 2743 πρὸ
2934 2673 3027 2727 τοῦ
3048 2674 3147 2744 τὴν
3178 2675 3331 2727 πόλιν
3356 2676 3432 2744 τῷ
3460 2676 3686 2743 πολέμῳ
3709 2675 3983 2745 ληφθῆναι
4012 2673 4155 2728 οἷκίν

2548 2780 2701 2841 ,τινα
2731 2764 2988 2835 λαμπρὸν
3019 2766 3249 2819 εἰσιέναι
3283 2767 3375 2819 καὶ
3408 2767 3764 2835 παμμεγέθη,
3796 2770 4158 2836 περισκοπεῖν

2579 2872 2637 2908 τε
2671 2856 2832 2909 αὑτὸν
2854 2857 2997 2908 κατὰ
3018 2856 3180 2927 μέρος
3206 2860 3301 2911 καὶ
3329 2858 3634 2927 θαυμάζειν
3660 2861 3826 2912 αὐτο]
3847 2861 3907 2911 τό
3933 2878 3993 2911 τε
4018 2862 4157 2911 xiii-

2579 2947 2671 3009 λος
2717 2948 2811 3001 καὶ
2844 2949 3094 3017 μέγεθος,
3151 2951 3208 3002 ἐν
3262 2950 3438 3020 τούτῳ
3492 2951 3535 3002 δ’
3569 2951 3679 3003 ὄντι
3723 2951 3910 3020 φωνὴν
3960 2952 4161 3016 ἔξωθεν

2580 3040 2866 3111 ἐνεχθῆναι
2895 3041 3161 3108 λέγουσαν
3206 3061 3224 3093 ι
3271 3044 3332 3095 'O
3367 3045 3465 3113 μέν
3489 3040 3632 3105 οῗκος
3661 3044 3836 3108 οὗτος,
3864 3041 3925 3098 οὗ
3949 3048 4020 3097 τὰ
4041 3044 4160 3097 καθ’

2582 3133 2830 3195 ἕκαστον,
2863 3126 2908 3187 ὦ
2945 3135 3203 3201 δέσποτα,
3257 3137 3331 3197 ὡς
3383 3136 3504 3188 λίαν
3550 3137 3778 3205 λαμπρ-ἱ
3835 3136 3933 3189 καὶ
3988 3139 4163 3207 ὡραῖα

2586 3223 2885 3293 θαυμάζεις
2916 3226 3252 3295 περιαθρῶν,
3290 3226 3480 3278 πίπτει
3513 3228 3570 3278 τὸ
3610 3229 3793 3292 τάχος,
3836 3227 3933 3278 καὶ
3965 3228 4051 3279 ἵνα
4087 3228 4159 3295 μή

922 3321 1078 3373 ruina
1097 3321 1382 3387 opprimat,
1419 3334 1579 3388 quam
1618 3318 1727 3372 cito
1764 3317 1910 3371 foras
1954 3318 2103 3383 eripe
2145 3327 2250 3372 te.)
2290 3318 2477 3373 Visum
2507 3281 2553 3345 ϐ
2588 3281 2706 3364 σε)ἑ

2376 3334 2477 3372 mm
2507 3281 2553 3345 ϐ
2588 3328 2647 3364 σε
2674 3311 2892 3383 καλύψῃ
2929 3312 3131 3376 πεσὼν,
3163 3312 3299 3377 ἔξιθι
3323 3315 3512 3366 τούτου
3546 3316 3775 3383 ταχέως.
3809 3336 3826 3366 ι
3864 3317 4056 3378 Οὕτως
4092 3314 4163 3367 εἶ-

925 3416 1029 3467 Itoc
1052 3412 1245 3467 etTectu
1276 3428 1381 3466 non
1440 3411 1612 3465 multo
1648 3418 1771 3480 post
1805 3412 2211 3481 comprobatum
2251 3420 2355 3465 est.
2392 3412 2485 3466 Ille

922 3507 1120 3560 etenim
1148 3516 1203 3559 ιιι
1221 3505 1401 3573 justus
1420 3514 1701 3573 appareret
1728 3513 1781 3557 et
1813 3504 2029 3558 virtutis
2054 3520 2164 3557 suae
2192 3505 2482 3558 multorum

924 3599 1173 3653 laborum
1211 3596 1435 3666 praemia
1466 3595 1715 3661 referret,
1742 3596 1936 3658 sic,uti
1971 3611 2067 3663 par
2106 3608 2243 3661 erat,
2275 3607 2328 3650 et
2364 3605 2486 3651 ante

924 3707 1215 3748 commune
1266 3689 1653 3752 infortunium,
1686 3690 1752 3743 ad
1779 3689 1977 3748 Deum,
2011 3703 2170 3757 quem
2198 3698 2485 3756 tantopere

924 3786 1326 3853 concupiverat,
1388 3782 1657 3853 migravit.
1687 3783 1872 3851 Neque
1927 3783 2067 3835 enim
2103 3783 2310 3850 justum
2347 3782 2485 3846 apud

926 3879 1093 3932 Deum
1131 3876 1487 3945 repntabatur
1536 3876 1795 3928 similium
1826 3873 2087 3927 malorum
2117 3887 2238 3927 eum
2271 3872 2489 3940 partici-

929 3984 1047 4035 pem
1081 3968 1218 4030 fieri,
1244 3967 1352 4020 vita
1378 3966 1642 4034 siquidem
1671 3965 1815 4019 illius
1844 3980 1949 4017 non
1978 3973 2097 4018 erat
2124 3964 2319 4018 similis
2339 3964 2485 4025 aliis,

928 4067 983 4112 ιιι
1004 4061 1209 4115 semita:
1240 4059 1556 4121 immutata),
1593 4066 1785 4109 tttcum
1815 4055 2105 4109 Salomone
2134 4054 2344 4121 loquar.
2371 4053 2479 4108 Nos

930 4167 1060 4202 vero
1128 4149 1475 4216 improbitate
1523 4149 1677 4214 plane
1706 4146 1917 4213 repleti,
1951 4160 2005 4198 et
2055 4145 2108 4198 ia
2141 4145 2491 4212 cogitationi-

933 4245 1033 4295 bus
1057 4240 1240 4295 cordis
1272 4240 1443 4293 nostri
1479 4240 1698 4305 pessimi
1728 4236 2086 4300 ambulantes,
2130 4246 2185 4288 ut
2221 4235 2490 4291 Jeremias

933 4334 1128 4401 inquit,
1170 4343 1225 4385 et
1281 4330 1506 4397 perinde
1556 4340 1721 4398 atque
1778 4327 2215 4396 antiquuslsrael
2255 4343 2493 4379 murmu-

935 4433 1143 4484 rantes,
1171 4431 1228 4474 ut
1263 4421 1418 4474 nobis
1449 4420 1749 4482 allubescit,
1791 4420 1953 4471 rebus
2011 4434 2117 4469 non
2152 4418 2495 4470 succedenti-

938 4516 1061 4575 bus,
1087 4512 1210 4579 jure
1247 4513 1437 4565 merito
1461 4510 1603 4563 mala
1632 4526 1694 4564 ac
1728 4511 1897 4563 solida
1948 4509 2255 4562 calamitate
2290 4517 2493 4562 macta-

2588 3418 2681 3470 χεν
2730 3402 2938 3471 ἠδψις,
2986 3406 3079 3457 καὶ
3117 3407 3198 3467 είς
3228 3406 3388 3473 ἔργον
3441 3400 3579 3476 ἧκεν
3626 3408 3724 3459 οὐκ
3778 3410 3859 3469 εἰς
3920 3410 4159 3477 μακράν.

2600 3491 2835 3555 Ἐκεῖνος
2893 3495 3150 3563 μὲνγὰρ,
3193 3496 3279 3548 ἵνα
3330 3498 3580 3570 ἀναφανῇ
3642 3500 3854 3562 δίκαιος
3910 3506 4006 3553 καὶ
4050 3505 4163 3554 τῶν

2590 3582 2801 3634 πολλῶν
2825 3587 2924 3651 τῆς
2959 3586 3159 3655 ἀρετῆς
3185 3588 3397 3640 ἐκείνου
3431 3590 3693 3656 καμάτων
3720 3589 3861 3661 λάϐῃ
3888 3593 3987 3653 τὰς
4018 3594 4164 3645 ἀντι-

2589 3673 2783 3736 δόσεις,
2810 3675 3035 3737 εἰκότως
3062 3676 3205 3729 οὖτω
3235 3679 3329 3731 καὶ
3363 3680 3467 3748 πρὸ
3492 3681 3591 3749 τῆς
3630 3682 3813 3751 κοινῆς
3846 3688 4163 3753 συμφορᾶς,

2590 3765 2725 3832 πρὸς
2750 3764 2808 3817 δν
2839 3767 3021 3820 ἐπόθει
3060 3769 3268 3838 Κύριον
3299 3771 3657 3841 ἐξεδήμησεν.
3690 3775 3765 3826 Ού
3811 3774 3918 3842 γὰρ
3953 3776 4167 3827 δὶκαιον

2589 3854 2749 3907 τοῦτο
2789 3858 2939 3926 παρὰ
2970 3860 3088 3930 Θεῷ
3118 3861 3361 3931 κέκριτο,
3396 3864 3652 3916 τοιούτων
3685 3864 3776 3917 ἴνα
3808 3867 4003 3918 κακῶν
4050 3872 4169 3919 1:5?-

2596 3962 2694 4013 ραν
2718 3950 2818 4016 σχῇ
2839 3952 2933 4002 καὶ
2964 3953 3273 4023 κοινωνήσῃ
3300 3953 3407 4005 τῶν
3434 3955 3567 4006 ῑσων
3589 3956 3717 4022 ἡμῖν
3734 3972 3748 3985 ·
3770 3958 4032 4026 ἀνόμοιος
4061 3960 4168 4027 γὰρ

2591 4030 2660 4105 ἦν
2689 4038 2797 4097 τοῖς
2832 4038 3011 4101 ἄλλοις
3050 4042 3077 4092 ὸ
3126 4042 3240 4109 βίος
3274 4045 3485 4098 ἐκείνου
3523 4048 3616 4098 καὶ
3661 4046 4075 4117 ἐξηλλαγμέναι
4112 4053 4166 4102 αἱ

2593 4127 2792 4194 τρίὸοι,
2823 4129 2884 4180 τὸ
2914 4132 3261 4198 Σολομῶντος
3292 4137 3487 4189 εἰπεῖν.
3528 4137 3716 4204 Ἡμεῖς
3746 4138 3802 4189 δὲ
3835 4140 4037 4203 κακίας
4071 4145 4168 4205 γέ-

2599 4233 2788 4285 μοντες
2820 4220 2976 4282 ὅλως,
3006 4223 3101 4274 καὶ
3132 4224 3310 4276 ὀπίσω
3338 4226 3447 4277 τῶν
3475 4227 3880 4295 ἐνθυμημάτων
3910 4231 4014 4295 τῆς
4037 4249 4169 4296 καρ-

2593 4316 2705 4378 δίας
2730 4318 2885 4387 ἡμῶν
2915 4318 3010 4385 τῆς
3038 4319 3304 4385 πονηρᾶς,
3353 4317 3514 4370 τοῦτο
3555 4319 3618 4389 δὴ
3646 4322 3707 4371 τὸ
3742 4320 3837 4371 τοῦ
3877 4322 4169 4390 Ἱερεμίαιυ,

2596 4408 2975 4476 πορευόμενοι,
3012 4408 3105 4461 καὶ
3134 4409 3276 4459 κατὰ
3300 4409 3391 4459 τὸν
3418 4410 3584 4461 πάλαι
3627 4412 3941 4477 γογγυσταὶ
3971 4416 4173 4479 τυτχέ-

2597 4516 2778 4561 νοντες
2823 4498 3068 4569 Ἰσραὴλ,
3104 4499 3241 4551 κατὰ
3281 4504 3378 4566 τὴν
3406 4501 3684 4568 ἡμετέραν
3709 4502 4019 4570 ἐπιθυμίαν
4045 4508 4120 4555 ἀπ
4151 4533 4173 4541 -

938 4620 1082 4668 mur,
1137 4613 1190 4659 et
1218 4602 1309 4655 tali
1365 4602 1485 4655 viro
1514 4600 1771 4654 orbamur
1803 4600 1894 4667 qui
1946 4599 2095 4653 solus
2126 4598 2496 4652 amictissimis
2533 4607 2574 4661 ο
2608 4591 2725 4643 λαύι

2383 4600 2496 4652 imis
2533 4607 2574 4661 ο
2608 4591 2794 4643 λαύειν
2824 4591 2973 4652 ὅπως
3002 4591 3100 4643 οὐκ
3134 4589 3348 4660 ἔχωμεν
3376 4594 3483 4642 τῶν
3530 4594 3897 4660 πραγμάτων,
3944 4596 4170 4656 δικαίως

938 4699 1090 4750 hisce
1117 4694 1454 4763 temporibus
1485 4692 1536 4744 in
1567 4691 1729 4743 tantis
1755 4706 1932 4742 rerum
1970 4689 2379 4742 discriminibus
2410 4704 2498 4743 so—

938 4787 1124 4839 latium
1172 4792 1528 4844 remanserat,
1561 4796 1748 4833 ontncs
1801 4780 2065 4845 siquidem
2097 4794 2220 4831 eum
2250 4779 2324 4831 uti
2353 4780 2494 4830 vita-

938 4879 1043 4929 lem
1082 4877 1134 4929 in
1188 4873 1353 4929 nobis
1402 4871 1719 4925 facultatem
1777 4870 2166 4938 reputabamus
2197 4909 2211 4932 ,
2243 4870 2497 4937 illiusque

947 4980 1173 5022 mortem
1261 4964 1638 5019 tanttttutttodu
1693 4962 2333 5015 ducebamusadversus
2401 4976 2498 5014 nos

940 5060 1257 5129 justissima
1290 5058 1521 5110 numinis
1553 5056 1854 5124 punitionis
1893 5053 2204 5107 exordium.
2245 5051 2356 5106 Hoc
2406 5066 2498 5106 eos

948 5151 1219 5221 redarguit
1242 5150 1587 5217 apertissime
1622 5147 1709 5213 qui
1753 5146 1966 5215 indigna
1997 5145 2142 5198 dicta
2175 5146 2226 5197 in
2262 5160 2383 5198 eum
2420 5146 2499 5197 in-

940 5254 1136 5313 gerunt
1166 5252 1221 5295 et
1261 5240 1485 5295 infantia
1524 5246 1780 5299 onerant,
1805 5237 1948 5306 quod
1984 5236 2350 5305 proditionem
2390 5253 2493 5289 non

938 5333 1198 5393 suaserit,
1230 5340 1282 5384 et
1305 5332 1446 5398 quod
1474 5343 1569 5381 eos
1599 5326 1833 5395 propriis
1866 5325 2131 5388 consiliis,
2159 5325 2319 5377 altius
2346 5326 2501 5392 quid-

940 5426 1083 5493 piam
1115 5424 1429 5480 nteditatus,
1459 5419 1580 5485 jure
1641 5416 1978 5485 represserit.
2008 5415 2214 5484 Opinor
2247 5416 2497 5484 equidem

942 5529 1061 5582 ego,
1084 5527 1208 5566 cum
1246 5510 1404 5565 vellet
1438 5508 1580 5562 Deus
1608 5517 1663 5559 ut
1694 5507 1946 5559 omnibus
1980 5507 2341 5559 ittnotesccret
2378 5508 2500 5573 quis

951 5604 1140 5658 vir-ille
1160 5617 1315 5656 sacer
1341 5611 1484 5653 esset
1518 5610 1568 5653 et
1603 5613 1830 5667 quorum
1860 5596 2073 5665 dignus,
2107 5599 2197 5663 qui
2239 5612 2365 5648 vero
2400 5612 2500 5647 nos

941 5707 995 5748 et
1047 5694 1245 5761 quibus
1296 5692 1474 5761 pmnis
1519 5688 1762 5750 obnoxii,
1843 5689 2042 5753 quibus
2084 5689 2316 5739 miseriis
2355 5688 2501 5753 juste

942 5784 1317 5841 excruciandi,
1362 5783 1414 5834 id
1465 5788 1680 5848 propter
1716 5796 1800 5833 res
1826 5780 2111 5847 utriusth
2138 5779 2186 5831 in
2215 5792 2331 5832 rem
2364 5778 2503 5831 utri-

943 5892 1048 5945 que
1070 5876 1421 5942 disposuisse.

2601 4682 2743 4735 οὕτω
2764 4684 3127 4751 πεπράγαμεν
3151 4682 3583 4750 δυστυχέστατα,
3608 4685 3702 4735 καὶ
3728 4685 3922 4738 τούτου
3946 4690 4171 4755 τὰνδςθς

2603 4774 2967 4843 ἐστερήμεθα,
3003 4774 3163 4841 μόνου
3201 4774 3641 4841 περιλειφθέντος
3668 4778 3725 4828 ἐν
3746 4778 4021 4841 τοιούτοις
4054 4798 4174 4831 και-

2609 4866 2718 4933 ροῖς
2754 4866 2845 4917 καὶ
2868 4863 3145 4925 τοσούτοις
3173 4866 3415 4933 ἀνιαροῖς
3447 4867 3525 4928 είς
3556 4867 3933 4935 παραμύθιον.
3975 4873 4173 4927 Πάντες

2606 4956 2711 5022 γὰρ
2742 4955 2926 5025 ῶσπερ
2962 4957 3081 5007 τινὰ
3106 4956 3335 5025 δύναμιν
3372 4956 3610 5027 ζωτικὴν
3658 4961 3715 5011 ἐν
3751 4961 3882 5028 ἡμῖν
3922 4965 4172 5029 ὲνομῖἷο-

2608 5064 2707 5115 μιν
2744 5046 2957 5111 τοῦτον,
3010 5050 3101 5099 καὶ
3138 5050 3238 5118 τὴν
3279 5050 3531 5117 τελευτὴν
3575 5052 3787 5103 ἐκείνου
3840 5057 4015 5120 μηδὲν
4054 5058 4175 5108 am

2604 5137 2845 5206 νομίζειν
2876 5139 3095 5208 εἴχομεν
3126 5140 3279 5206 ἢτῆς
3315 5142 3396 5208 ἐφ’
3428 5144 3573 5210 ἡμᾶς
3606 5142 3698 5195 τοῦ
3729 5143 3867 5197 Θεοῦ
3901 5147 4173 5200 δικαιοτάο

2604 5246 2705 5297 της
2734 5222 2982 5291 παιδείας
3017 5224 3136 5304 ,οἷον
3178 5234 3484 5302 προοίμιον.
3534 5233 3703 5286 Τοῦτο
3749 5236 3860 5288 τῶν
3893 5244 4173 5291 κατειπεῖν

2608 5321 2897 5391 ᾑρημένων
2920 5322 3129 5372 ἐκείνου
3157 5324 3491 5388 σαφέστατος
3516 5323 3755 5394 ἔλεγχος,
3788 5329 3886 5379 καὶ
3913 5331 4046 5390 τοὺς
4073 5332 4167 5381 ἐξι.

2606 5412 2725 5462 κίαν
2750 5411 2870 5463 κατ’
2895 5412 3100 5463 ἐκείνου
3130 5412 3426 5471 λαλοῦντας
3466 5414 3548 5466 ὅτι
3589 5417 3662 5484 μὴ
3694 5418 4001 5484 προδοσίαν
4030 5424 4159 5472 ἐςχὲς

2570 5512 2575 5521 '
2603 5502 2764 5571 ψιτο,
2804 5504 2937 5572 μηδὲ
2962 5503 3069 5555 τῶν
3101 5504 3250 5579 σφίσι
3283 5505 3581 5557 δοκούντων
3613 5509 3895 5570 συνιέντας
3953 5511 4159 5578 βαῦι-ε-

2610 5612 2722 5661 ρον.
2774 5594 2995 5655 ἐνδίκως
3039 5595 3405 5663 ἐπιστομίζει.
3460 5594 3630 5663 Οἶμαι
3667 5598 3774 5667 γὰρ
3827 5600 3963 5665 ἐγὼ,
4017 5603 4172 5662 acii):

2608 5685 2885 5752 βουληθεὶς
2914 5688 2939 5735 ὸ
2972 5683 3105 5746 Θεὸς
3135 5678 3245 5746 οἷος
3289 5685 3386 5753 μὲν
3426 5686 3456 5737 ό
3507 5686 3649 5751 ίιρὸς
3678 5688 3890 5750 ἐκεῖνος
3914 5690 4053 5757 ἀνὴρ
4074 5690 4168 5739 καί

2606 5775 2767 5825 τίνων
2795 5771 2945 5835 ἄξιος
2970 5768 3060 5841 ἦν,
3090 5768 3189 5824 οἷοι
3219 5772 3264 5825 δ’
3308 5775 3469 5842 ἡμεῖς
3495 5776 3590 5825 καὶ⁵
3621 5776 3774 5835 τίνας
3842 5780 4155 5846 sic:an-[ﬂi-

2607 5884 2693 5916 ναι
2739 5865 2891 5923 δίκας
2920 5865 3117 5915 δίκαιοι
3147 5859 3307 5933 ἦμεν,
3339 5864 3424 5915 διὰ
3455 5864 3614 5915 τοῦτο
3640 5866 3705 5914 τά
3762 5865 3892 5918 καθ’
3922 5870 4171 5934 ἑκάτερν

2616 5958 2777 6025 μέρος
2810 5955 2977 6016 οὕτως
3006 5955 3321 6025 ᾠκονύμησε
3355 5957 3767 6024 συμφερόντως.
