4526 6514
102 522 201 584 593

96 740 250 805 (puni,
285 739 736 808 προστεθειμένου
766 744 878 804 τοῖς
911 742 1111 804 ἄλλοις,
1145 747 1238 796 καὶ
1284 744 1502 798 πάντων
1540 746 1647 797 τῶν

97 828 152 879 ἐν
180 831 241 898 τῇ
277 829 448 891 πόλει,
499 830 709 899 ἀνδρῶν
741 832 1020 898 γυναικῶν
1052 832 1257 886 παίδων
1309 834 1554 886 Λατίνων
1589 849 1646 884 τε

96 921 185 971 καὶ
232 922 409 973 αὐτῶν
452 924 742 983 Ἰουδαίων,
781 926 1030 988 ἐλεεινῶς
1077 927 1213 996 πρὸς
1247 926 1509 994 ἀλλήλους
1537 926 1649 977 διο-

100 1012 405 1079 μιλούντων,
437 1014 535 1066 καὶ
557 1015 623 1065 τὰ
648 1014 746 1082 μὲν
770 1015 883 1069 ἄλλ’
906 1017 1005 1069 ὅσα
1031 1016 1254 1078 τούτους
1286 1015 1469 1079 ἐπίεζε
1498 1014 1649 1083 δηλο-

96 1105 203 1155 νότι
231 1106 293 1172 τῇ
330 1104 465 1175 λήθῃ
497 1108 1004 1173 παραπεμπόντων,
1055 1108 1156 1176 τὴν
1189 1108 1282 1160 τοῦ
1320 1109 1573 1175 ποιμένος
1597 1108 1652 1159 δὲ

100 1195 345 1263 στέρησιν
388 1197 479 1248 ἐπὶ
523 1195 650 1247 νοῦν
682 1197 1071 1265 λαμϐανόντων
1116 1201 1212 1252 καὶ
1243 1200 1485 1267 συνεχῶς
1520 1217 1652 1269 προ-

99 1288 387 1353 φερόντων,
416 1287 515 1357 τῆς
548 1288 645 1340 τοῦ
689 1288 825 1342 Θεοῦ
852 1308 912 1342 τε
952 1290 1226 1352 παιδείας,
1273 1292 1348 1351 ὡς
1380 1291 1651 1359 προῦφην,

99 1380 193 1431 καὶ
223 1382 319 1447 τῆς
371 1380 746 1449 γεγενημένης
804 1382 1055 1445 ἁλώσεως
1106 1383 1201 1435 καὶ
1232 1383 1503 1450 λεγόντων
1562 1400 1658 1451 ση-

105 1471 249 1537 μεῖον
298 1469 453 1522 τοῦτο
502 1470 594 1522 καὶ
626 1471 1016 1535 πιστευόντων,
1049 1502 1112 1513 -—
1148 1472 1321 1534 οὕτως
1354 1470 1445 1526 οὖν
1477 1473 1658 1525 διατε-

103 1562 321 1621 θέντων,
366 1561 459 1613 ita).
485 1561 669 1627 ὀλίγου
697 1562 761 1630 δή
799 1578 943 1624 τινος
974 1564 1032 1615 ἐν
1056 1561 1133 1629 τῷ
1166 1561 1372 1630 μεταξὺ
1416 1562 1658 1631 παρελη-

102 1653 317 1714 λυθότος
339 1652 433 1703 τοῦ
466 1653 686 1722 χρόνου,
718 1656 897 1722 χεῖρον
925 1653 957 1721 ἦ
990 1654 1259 1723 πρότερον
1284 1654 1407 1721 ἔσχε
1436 1653 1505 1706 τὰ
1526 1655 1663 1722 πρά-

101 1762 303 1812 γματα,
357 1746 449 1797 καὶ
495 1744 757 1813 σύγχυσις
793 1744 1095 1813 πανταχοῦ,
1129 1746 1323 1799 ’ἄλλων
1378 1745 1508 1797 ἄλλα
1541 1746 1663 1814 βου.

101 1838 399 1906 λευομένων
429 1837 523 1890 καλ⁸
548 1840 713 1906 μηδὲν
740 1842 799 1892 ἐν
817 1838 1000 1907 ταυτῷ
1028 1837 1304 1890 συνελθεῖν
1329 1838 1660 1906 δυναμένων’

103 1932 198 1982 καί
232 1931 614 1999 παραπλήσιόν
673 1948 725 1983 τι
777 1932 891 1991 τοῖς
948 1930 1043 1981 ἐπὶ
1078 1930 1204 1998 νηὸς
1259 1930 1665 1999 χειμαζομένης

103 2022 433 2091 ἐπάσχομεν,
456 2022 584 2075 ὅταν
609 2023 637 2074 ὁ
668 2020 1012 2091 κυϐερνήτης
1035 2023 1148 2090 άπῇ
1173 2036 1186 2050 °
1220 2020 1397 2073 πάντα
1420 2021 1527 2088 γὰρ
1555 2021 1670 2071 ἐκεῖ

103 2116 342 2182 ταράχου
379 2115 571 2183 μεστὰ,
600 2116 693 2168 καὶ
717 2116 748 2183 ἡ
780 2113 911 2177 ναῦς
944 2116 1044 2166 οὐκ
1075 2113 1272 2183 ἔχουσα
1301 2114 1393 2167 τὸν
1421 2112 1668 2165 ἰθύνοντα

102 2210 223 2268 ταῖς
251 2206 356 2257 τῶν
380 2207 596 2275 ἀνέμων
635 2206 776 2277 βίαις
800 2206 896 2259 τοῦ
936 2206 1125 2274 πρόσω
1147 2208 1348 2274 χωρεῖν
1376 2203 1669 2264 ἀκινδύνως

103 2299 166 2349 οὐ
200 2300 577 2366 συγχωρείται.
600 2297 721 2351 Τῶν
751 2297 850 2366 μὲν
879 2296 970 2349 οὖν
993 2295 1058 2365 δὴ
1084 2296 1347 2349 πλειόνων
1385 2296 1671 2363 δυσχεραι-

104 2390 303 2443 νόντων
337 2391 418 2442 ὃτι
450 2390 524 2460 μὴ
558 2390 737 2456 σφίσιν
767 2388 893 2457 ἐξῆν
924 2386 1216 2454 προδοῦναι
1252 2386 1351 2456 τὴν
1373 2387 1531 2439 πόλιν
1560 2388 1670 2448 τοῖς

104 2482 657 2549 Ἰ“ούρκοις,δεδιότων
690 2482 819 2542 ἴσως
848 2480 877 2533 δ
902 2481 1125 2548 γέγονεν
1161 2480 1413 2549 ὕστερον,
1437 2478 1669 2547 ἄγγελος

101 2571 207 2646 ἧκε
236 2576 326 2626 τὸν
376 2573 671 2642 Μουράτην
717 2572 804 2641 ἐφ’
852 2573 998 2641 ἡμᾶς
1050 2570 1371 2639 κεκινῆσθαι
1424 2568 1667 2638 μηνύων,

105 2666 358 2718 πλεῖττον
390 2666 513 2716 ὅσον
547 2662 779 2732 στρατὸν
819 2661 1244 2735 συναγείραντα,
1293 2660 1386 2713 καὶ
1413 2660 1501 2712 διὰ
1532 2661 1666 2711 πάν-

103 2776 219 2810 των
265 2756 443 2819 καλῶς
474 2754 1015 2826 παρεσκευασμένον.
1050 2754 1173 2811 Τοῖς
1210 2755 1311 2820 μέν
1342 2748 1436 2805 οὖν
1479 2750 1671 2804 δεκτέα

105 2866 227 2909 πως
259 2847 435 2912 ἔδοξεν
481 2848 514 2915 ἡ
549 2845 777 2911 ἀγγελία
808 2844 903 2897 καὶ
939 2843 1174 2913 πιθανὴ,
1204 2845 1318 2903 τοῖς
1343 2841 1400 2893 δέ
1436 2841 1531 2911 μὴ,
1581 2842 1673 2892 καὶ

109 2942 347 3011 μάλιστα
391 2940 661 2999 Λατίνοις,
691 2942 799 2992 εἴτε
835 2936 1234 3007 μεγαλοψυχεῖν
1270 2934 1674 3004 προσποιουμέ-

105 3052 240 3093 νοις,
265 3035 373 3086 εἴτε
411 3034 607 3101 πεῖραν
632 3030 733 3103 of»:
766 3030 1022 3099 ἐσχηκόσι
1062 3028 1172 3081 τῶν
1199 3027 1479 3097 Τούρκων,
1506 3019 1549 3091 ᾧ
1580 3028 1674 3079 καὶ

110 3124 315 3195 μᾶλλον
345 3123 521 3189 ἐγωγε
553 3122 835 3189 πείθομαι.
869 3119 1038 3173 Πόθεν
1069 3118 1180 3188 γὰρ
1222 3117 1430 3185 εἷδησις
1461 3117 1672 3177 τούτοις

107 3221 169 3271 ἐν
204 3216 441 3284 θαλάττῃ
472 3214 566 3265 καὶ
595 3212 957 3281 γεννωμένοις
990 3211 1085 3264 καὶ
1133 3211 1214 3271 είς
1243 3209 1426 3277 γῆρας
1456 3211 1673 3261 διαιτωα

1109 534 1207 592 DE
1252 532 1565 595 EXCIDIO
1600 534 1887 595 TIIESSA
1903 534 2329 596 LONICENSI.
3220 534 3323 597 594

162 638 220 697 δ’.
258 644 460 697 Τούτου
496 642 589 698 οὖν
617 645 710 699 τοῦ
742 647 933 711 δεινοῦ,
973 650 1070 717 τῆς
1119 652 1381 718 τελευτῆς
1434 653 1646 706 ἐκείνου
1685 655 1726 711 Α

1830 654 1883 707 4.
1913 657 2101 723 Itaque
2127 664 2235 707 tam
2263 656 2380 707 diro
2409 654 2572 717 malo,
2597 655 2745 709 obitu
2780 668 2973 723 nempe
3010 652 3176 717 illius,
3230 671 3327 707 cm.

1752 748 1880 800 teris
1906 748 2204 811 adnexo,et
2224 746 2541 799 omnibusin
2565 748 2781 801 civitate
2806 746 2955 807 viris,
2980 743 3323 806 mulieribus,

1750 835 1953 904 pueris.
1983 834 2459 899 Lalinis,Judaeis
2506 850 2719 903 quoque
2750 835 2904 901 ipsis,
2956 833 3323 888 miserandum

1752 930 1803 983 in
1837 927 2049 981 modum
2078 943 2380 981 sermonem
2406 926 2835 988 conferentibus,
2866 938 2917 979 et
2946 926 3148 992 reliqua
3198 940 3319 975 om-

1752 1019 1839 1073 nia
1864 1035 1981 1087 quae
2034 1034 2129 1074 eos
2158 1030 2266 1071 tum
2297 1018 2601 1086 amigebant
2634 1032 2664 1070 e
2692 1016 2952 1071 memoria
2997 1016 3321 1086 deponenti-

1755 1112 1874 1173 bus,
1908 1112 2137 1181 pastoris
2164 1112 2296 1165 tanti
2327 1113 2676 1179 privationem
2707 1111 2760 1164 in
2788 1118 3018 1165 mentem
3072 1124 3335 1164 revocan-

1758 1203 1898 1257 tibus
1928 1216 1982 1257 et
2028 1206 2227 1272 saepius
2270 1203 2669 1270 profcrentibus
2724 1199 3335 1268 asserentibusmie,~ut

1754 1295 1862 1365 jam
1887 1298 2056 1360 innni,
2087 1307 2270 1350 etnon
2298 1306 2498 1350 temere
2515 1294 2867 1349 credentibus
2893 1293 3151 1346 indicium
3190 1291 3325 1345 illud

1758 1403 1878 1444 esse
1908 1399 1961 1443 et
1990 1389 2181 1442 divina:
2212 1386 2507 1456 punitionis
2537 1396 2589 1440 ct
2615 1384 2890 1439 subsecuti
2940 1382 3136 1436 excidii
3161 1400 3175 1445 ;
3199 1381 3327 1444 hoc,

1760 1483 2004 1549 inquam,
2024 1489 2163 1534 statu
2198 1495 2402 1542 rerum,
2426 1493 2547 1533 cum
2577 1478 2845 1532 modicum
2880 1484 3094 1544 tempus
3117 1473 3337 1527 interim

1759 1573 2140 1642 processisset,
2173 1571 2225 1624 in
2246 1570 2397 1639 pejus
2422 1585 2583 1637 quam
2608 1577 2763 1622 antea
2792 1581 2951 1621 ruere
2975 1564 3183 1627 omnia,
3214 1578 3333 1615 ma-

1762 1677 1865 1732 gna
1888 1662 2133 1717 confusio
2156 1662 2371 1713 animos
2394 1672 2686 1726 occupare,
2719 1671 2840 1710 cum
2872 1655 2978 1710 alia
3003 1654 3093 1708 alii
3138 1655 3336 1708 decer-

1766 1764 1963 1809 nerent
2000 1769 2099 1808 nec
2134 1761 2355 1822 possent
2385 1751 2437 1805 in
2471 1766 2631 1804 unam
2662 1755 2984 1804 sententiam
3005 1745 3296 1801 convenire
3326 1785 3341 1809 ,

1768 1862 1973 1916 nosque
1998 1846 2107 1898 illis
2124 1843 2214 1912 qui
2243 1843 2301 1898 in
2320 1842 2442 1896 navi
2465 1842 2706 1897 adversis
2732 1838 3151 1906 tempestatibus
3174 1846 3341 1890 utno-

1770 1948 1858 1994 tur
1886 1952 2007 1991 cum
2040 1937 2368 2005 gubernator
2396 1934 2570 1997 abest,
2602 1947 2708 1985 non
2742 1930 3040 1993 absimiles,
3070 1928 3233 1982 variis
3253 1941 3345 1980 re-

1772 2047 1889 2085 rum
1920 2029 2169 2083 ﬂuctibus
2190 2027 2412 2098 jactari.
2443 2025 2695 2094 Namque
2723 2024 2795 2076 ibi
2826 2023 3005 2077 omnia
3053 2031 3180 2077 sunt
3229 2030 3348 2073 tur-

1770 2125 1962 2179 barum
1989 2123 2172 2190 plena,
2201 2130 2257 2176 et
2284 2120 2463 2184 navis,
2495 2118 2725 2189 spoliata
2760 2127 2973 2171 rectore
2998 2129 3063 2169 ac
3089 2114 3139 2167 vi
3158 2124 3349 2168 vento-

1770 2229 1889 2268 rum
1916 2225 2179 2267 concussa
2207 2211 2314 2264 iter
2337 2224 2495 2263 suum
2528 2208 2845 2261 continuare
2899 2203 3103 2274 absque
3153 2203 3349 2258 discri-

1772 2307 1917 2360 mine
1943 2319 2052 2358 non
2088 2301 2438 2371 permittitur.
2472 2299 2607 2355 Cum
2640 2312 2769 2368 ergo
2791 2297 3035 2365 plerique
3051 2310 3196 2364 aegre
3226 2294 3341 2347 fcr-

1774 2406 1895 2453 rent
1918 2410 2020 2450 non
2043 2393 2270 2449 concedi
2290 2392 2394 2449 sibi
2420 2392 2614 2446 Turcis
2638 2390 2826 2445 urbem
2850 2388 3064 2451 dedere,
3095 2394 3364 2446 eventum,

1773 2485 2115 2557 postmodum
2144 2492 2393 2539 secutum
2412 2483 2913 2551 perhorrescentes,
2937 2476 3160 2533 nuntius
3186 2477 3351 2530 adve-

1776 2581 1855 2633 nit
1880 2579 2140 2632 Moratem
2173 2575 2435 2630 adversus
2464 2587 2564 2628 nos
2586 2573 2691 2627 iter
2715 2584 3023 2640 capessere,
3049 2569 3344 2638 quamplu-

1774 2672 1929 2726 rimis
1955 2669 2129 2739 copiis
2152 2678 2205 2722 et
2236 2669 2398 2722 rebus
2414 2667 2537 2722 aliis
2559 2665 2810 2721 omnibus
2840 2662 3345 2718 instructissimum.

1773 2762 2003 2830 Quidam
2034 2760 2223 2816 nuntio
2250 2761 2405 2816 iidem
2440 2774 2561 2814 esse
2598 2756 2957 2812 adhibendam
3002 2756 3191 2810 dicunt
3218 2770 3234 2815 :
3260 2768 3353 2809 ne-

1776 2867 1906 2923 gant
1939 2857 2052 2918 alii,
2089 2863 2143 2909 ct
2170 2852 2346 2907 Latini
2400 2851 2765 2919 potissimum,
2820 2849 2935 2903 sive
2991 2848 3351 2916 magnanimi-

1776 2958 1941 3003 tatem
1979 2946 2325 3009 simulantes,
2355 2944 2469 2997 sive
2499 2941 2819 3005 Turcarnm,
2850 2938 2993 3011 quod
3033 2937 3350 2992 credibilius

1772 3040 2008 3098 videtur,
2042 3037 2334 3103 inexperti.
2360 3033 2606 3102 Namque
2638 3033 2779 3087 unde
2805 3032 2934 3095 illis,
2968 3032 3020 3084 in
3082 3032 3218 3084 mari
3260 3045 3351 3098 ge-

1776 3130 1907 3182 nitis
1957 3137 2012 3182 et
2038 3128 2233 3181 ultimo
2261 3127 2423 3181 etiam
2457 3126 2634 3179 aetatis
2665 3132 2906 3191 tempore
2928 3124 3093 3176 vitam
3139 3123 3351 3191 agenti-

1775 3217 1899 3282 bus,
1932 3233 2032 3272 nec
2067 3232 2171 3273 non
2196 3218 2262 3271 ad
2292 3216 2577 3270 conﬂictus
2608 3223 2661 3269 et
2687 3228 2915 3284 pugnas,
2966 3214 3165 3283 quibus
3213 3210 3353 3265 Tur-

110 3311 318 3378 μένοις,
368 3306 503 3375 πρὸς
542 3303 860 3372 συμπλοκάς
909 3318 967 3353 τε
996 3300 1096 3369 καὶ,
1129 3302 1331 3369 μάχας,
1363 3294 1449 3361 αῖς
1474 3300 1532 3351 τὸ
1558 3298 1666 3351 τῶν
1693 3306 1736 3365 c
1770 3326 1897 3368 eam

1562 3298 1666 3351 τῶν
1693 3306 1736 3365 C
1770 3310 2304 3379 carumgeusntitur,
2333 3308 2552 3377 ineptis,
2578 3322 2676 3361 nec
2695 3305 3000 3361 valentibus
3018 3319 3145 3358 cum
3191 3305 3349 3359 trire-

105 3402 370 3469 Τούρκων
399 3396 663 3465 κέχρηται
707 3394 881 3461 γένος,
930 3391 1146 3460 ἔχουσιν
1183 3391 1284 3443 οὐκ
1328 3387 1670 3457 ἐπιτηδείως,

106 3494 208 3545 καὶ
246 3490 376 3560 μηδέ
420 3484 815 3553 δυναμένοις’”ἢ
870 3483 958 3536 διὰ
1006 3482 1249 3551 τριηρῶν
1298 3479 1554 3533 ἀπελθεῖν
1601 3478 1680 3540 είς

108 3584 434 3653 ὑπερορίαν,
478 3581 617 3650 ἡνίκ’
641 3580 707 3631 ἂν
743 3578 838 3630 καὶ
864 3577 994 3629 ἔνθα
1027 3575 1302 3644 βούλοιντο
1330 3590 1346 3637 ;
1386 3571 1579 3641 μικρὸν
1622 3571 1682 3621 τδ

110 3676 346 3748 μεταξὺ,
382 3676 477 3727 καὶ
524 3671 687 3724 πάλιν
730 3670 915 3738 ἔτερος
949 3666 1201 3732 ἄγγελος,
1235 3663 1411 3716 ταυτὰ
1439 3661 1516 3730 τῷ
1549 3677 1681 3731 προ-

105 3772 260 3839 τέρῳ
291 3768 382 3820 καὶ
413 3764 571 3827 αὐτὸς
606 3761 963 3829 διαγγέλλων,
989 3759 1084 3811 καὶ
1106 3757 1230 3819 τοὺς
1276 3756 1466 3822 λόγους
1499 3756 1682 3822 ὅρκοις

109 3858 480 3926 πιστούμενος
534 3853 860 3921 ἀσφαλέσιν,
912 3851 997 3918 ἐφ’
1037 3844 1120 3912 οἷς
1174 3848 1511 3917 ἐπείσθημεν
1582 3849 1679 3915 μὲν

107 3952 304 4019 ἡμεῖς,
354 3948 521 4017 μηδὲν
569 3944 693 3999 ἄλλο
732 3941 864 4012 παρ’
889 3942 1021 3994 αὐτὸ
1054 3940 1462 4011 προσδοκῶντες
1508 3939 1685 4007 (τοῦτο

106 4046 226 4112 γὰρ
256 4043 284 4094 ὁ
313 4038 576 4107 πολυετὴς
615 4037 762 4105 ἡμᾶς
792 4035 1038 4087 ἐδίδασκε
1081 4032 1449 4101 συγκλεισμὸς
1477 4032 1568 4083 καὶ
1616 4030 1685 4081 τὰ

107 4130 469 4205 πράγματα),
506 4127 835 4193 ἐπείσθησαν
882 4126 940 4178 δέ
969 4125 1066 4177 καὶ
1112 4125 1353 4183 Λατῖνοι.
1404 4122 1497 4185 καὶ
1550 4120 1685 4190 πρὸς

106 4224 477 4296 παρασκευὴν
509 4220 620 4273 δεῖν
645 4216 789 4281 έδοξε
816 4216 1028 4278 τούτοις
1057 4212 1439 4282 διεγηγέρθαι.

186 4322 254 4367 ε’.
289 4316 396 4367 Καὶ
422 4311 485 4382 δὴ
506 4310 722 4380 πρῶτον
759 4308 880 4376 μὲν,
903 4302 1074 4376 οὗπερ
1122 4304 1356 4373 ἧρξαντο
1422 4304 1687 4373 πρότερον

106 4410 307 4475 ἔργου,
340 4404 472 4473 πρὸς
501 4402 778 4454 τελείωσιν
799 4399 1221 4466 σπουδαιότερον
1250 4396 1587 4465 διετέθησαν.
1616 4394 1688 4446 Τὸ

104 4499 152 4550 δ’
187 4495 256 4565 ἦν
288 4497 322 4563 ἡ
352 4494 480 4562 περὶ
506 4493 601 4554 τὰς
632 4489 889 4553 ἐπάλξεις
941 4489 1120 4541 αὐτῶν
1140 4488 1449 4557 ἐπιμέλεια.
1480 4485 1689 4554 Μικρὸν

104 4589 185 4653 qui
196 4605 230 4656 ρ
268 4585 501 4653 πρόσθεν
529 4583 615 4634 διὰ
648 4581 923 4650 φροντίδος
960 4580 1158 4647 πολλῆς
1182 4578 1555 4646 πεποιήκεσαν
1590 4576 1686 4637 τὰς

107 4678 378 4741 ἐπάλξεις
406 4676 500 4728 τοῦ
523 4676 732 4742 τείχους
771 4673 970 4735 παντὸς
1020 4668 1317 4740 διαφράξαι
1353 4670 1581 4730 σανίσιν,
1613 4666 1688 4730 ὡς

106 4778 170 4825 ἐν
223 4771 415 4822 ἀσπίσι
441 4809 455 4833 ,
496 4770 620 4829 τοὺς
661 4769 758 4836 μὲν
807 4766 912 4831 ἐξω
947 4766 1243 4833 πολεμίους
1290 4760 1688 4831 ἀπειργούσαις

107 4865 213 4917 τοῦ
256 4863 436 4930 βέλεσι
462 4860 781 4929 τιτρώσκειν
808 4859 931 4918 τοὺς
959 4856 1104 4909 ἔνδον
1132 4857 1333 4924 δεῆσαν
1383 4851 1685 4921 προκῦψαι,

107 4959 235 5014 τοῖς
272 4954 314 5005 δ’
341 4952 559 5004 ἐπὶτῶν
584 4949 777 5019 τειχῶν
808 4947 1114 5015 ἱσταμένοις
1149 4945 1347 5015 πολλὴν
1383 4945 1479 5014 τὴν
1508 4945 1689 4997 ἄδειαν

110 5047 497 5118 παρεχούσαις
548 5043 770 5112 ἀφανῶς
813 5041 979 5103 λίθοις
1028 5039 1235 5095 ἄνωθεν
1296 5038 1513 5107 βάλλειν
1564 5038 1690 5092 τοὺς

107 5140 381 5195 ἐπιόντας
430 5136 522 5187 καὶ
571 5135 644 5201 τῷ
682 5131 1038 5201 προστυχρντι
1088 5130 1250 5181 παντὶ
1312 5127 1688 5197 προσπελάσαι

106 5235 236 5291 τοῖς
282 5228 487 5296 τείχεσι
523 5224 905 5296 βουληθέντας.
945 5222 1177 5274 Ἔπειτα
1212 5220 1270 5272 δὲ
1310 5221 1419 5271 δεῖν
1454 5217 1690 5287 ἀριθμῆ-

110 5340 212 5374 σαι
240 5321 365 5379 τοὺς
415 5318 615 5385 ἄνδρας
655 5315 916 5386 ᾠήθησαν
968 5314 1059 5367 καὶ
1093 5313 1434 5379 καταμαθεῖν
1462 5313 1509 5362 εί
1554 5310 1692 5378 πρδς

108 5418 220 5473 τέις
259 5410 351 5463 τοῦ
376 5410 498 5463 ὅλου
524 5410 735 5478 τείχους
760 5408 1014 5472 ἐπάλξεις
1047 5408 1142 5458 καὶ
1171 5408 1264 5458 τὸν
1286 5404 1574 5473 περίϐολον
1602 5402 1690 5454 τὸν

109 5505 261 5573 προς
288 5504 516 5572 ἤπειρον
543 5503 856 5573 ἐξαρκοῦσι.
900 5502 1007 5554 Καὶ
1040 5501 1103 5568 δὴ
1136 5503 1327 5569 στῆναι
1358 5500 1563 5559 πάντας
1603 5500 1692 5550 ἐπὶ

106 5599 236 5648 τιῖιν
286 5596 483 5664 τειχῶν
523 5595 640 5664 μεθ’
689 5591 763 5649 ὢν
815 5590 962 5665 εἶχεν
1014 5593 1244 5653 ἕκαστος
1306 5590 1693 5657 ἐπιτρέπουσιν

107 5693 213 5740 ὁπ’
232 5706 331 5747 ων,
355 5686 429 5749 ὡς
449 5686 514 5740 ἂν
533 5688 625 5741 καὶ
651 5689 930 5757 μάρτυρας
951 5686 1075 5745 τοὺς
1101 5686 1263 5746 ἰδίους
1282 5682 1477 5751 ἔχωσιν
1497 5680 1693 5748 ὀφθαλ-

116 5778 291 5847 μούς.
326 5772 403 5831 Οὗ
434 5778 497 5849 δὴ
530 5781 814 5847 γεγονότος
861 5775 929 5849 ἦν
963 5780 1088 5830 ἰδεῖν
1146 5776 1239 5829 ἐπὶ
1266 5775 1361 5827 δύο
1408 5774 1502 5825 καὶ
1545 5776 1690 5841 τρεῖς

112 5870 384 5934 ἐπάλξεις
439 5870 535 5922 ἐνα
594 5872 759 5941 ἄνδρα
814 5871 1123 5937 ἱστάμενον,
1176 5868 1267 5919 καὶ
1322 5864 1526 5917 τούτων
1569 5864 1693 5924 τοὺς

113 5962 353 6026 τελείους
410 5963 538 6033 μήθ’
570 5964 703 6017 ὅπλα
743 5964 1107 6033 κεκτημένους
1164 5958 1545 6031 (προανάὶωςε
1591 5958 1699 6028 γὰρ

1786 3404 1961 3458 mibus
1990 3402 2095 3455 alio
2116 3409 2270 3454 extra
2303 3414 2433 3453 suos
2469 3399 2622 3460 lines,
2649 3410 2707 3451 ut
2735 3396 2842 3451 illis
2864 3395 3172 3458 allubescit,
3191 3396 3348 3449 diva-

1782 3494 1922 3563 gari,
1954 3492 2194 3561 cognitio
2248 3490 2775 3560 venerit‘lexigunm
2818 3491 2953 3543 abiit
3014 3497 3237 3558 tempus
3259 3528 3273 3551 ,
3301 3497 3355 3541 et

1784 3597 1974 3636 rursus
2002 3582 2135 3635 alios
2160 3580 2378 3634 nuntius
2403 3581 2590 3632 eadem
2622 3594 2742 3647 quae
2805 3579 3013 3647 primus
3042 3578 3350 3641 denuntiat,

1782 3683 1833 3728 et
1860 3672 2215 3741 jurejurando
2236 3673 2393 3726 iidem
2412 3671 2597 3741 alligat
2618 3685 2772 3723 suam
2802 3686 2820 3733 ;
2850 3684 2959 3737 quo
2979 3683 3077 3723 nos
3098 3670 3345 3738 persuasi

1784 3777 1993 3825 sumus,
2014 3762 2146 3816 nihil
2167 3761 2310 3814 aliud
2331 3769 2711 3830 exspectantes
2738 3776 2753 3812 :
2781 3761 2883 3813 lioc
2898 3759 3042 3814 enim
3065 3759 3233 3813 nostri
3258 3774 3356 3826 per

1787 3845 1983 3909 multos
2011 3867 2185 3907 annos
2216 3854 2267 3907 in
2307 3862 2592 3923 angustum
2648 3852 2950 3907 contractio
2984 3865 3177 3921 resque
3222 3850 3355 3919 ipsae

1785 3945 2106 4001 clamabant.
2138 3944 2435 3999 Credidere
2454 3951 2511 3998 et
2537 3943 2714 3997 Latini
2744 3961 2759 4010 ;
2796 3944 3079 4013 visumque
3111 3952 3195 3997 est
3215 3942 3348 4008 illis,

1786 4034 2015 4091 sollicite
2044 4034 2351 4089 necessaria
2406 4044 2732 4102 praeparare.

1858 4304 1911 4357 5.
1947 4304 2006 4356 Et
2042 4302 2278 4371 primum
2312 4300 2555 4369 quidem,
2593 4299 2737 4368 quod
2764 4308 2920 4354 antea
2966 4298 3358 4354 inchoaveram

1786 4410 1943 4465 opus,
1971 4393 2495 4463 propugnaculorum
2544 4394 2807 4446 duntaxat
2850 4406 3036 4446 curam
3092 4392 3357 4461 perlicere

1789 4488 2114 4541 concitatius
2142 4485 2471 4539 animantur.
2500 4482 2666 4536 Paulo
2688 4484 2831 4537 enim
2860 4493 2985 4537 ante
2999 4498 3213 4537 summo
3233 4498 3351 4535 Cllltl

1790 4581 1970 4634 labore
2006 4595 2069 4631 ac
2106 4578 2273 4631 nimio
2296 4590 2458 4645 opere
2474 4584 2804 4629 accurarunt
2831 4584 2888 4627 ut
2919 4589 3198 4629 murorum
3229 4589 3356 4643 pro-

1794 4670 2113 4738 pugnacula,
2142 4667 2385 4719 adinstar
2416 4673 2719 4723 scutorum,
2770 4663 2967 4717 tabulis
3010 4663 3353 4723 obserarent,

1789 4775 1909 4829 qua:
1941 4759 2174 4812 advenas
2195 4758 2377 4810 hostes
2400 4754 2723 4822 impedirent
2752 4768 2816 4810 ne
2844 4753 3055 4822 sagittis
3110 4754 3278 4818 cives,
3310 4753 3356 4806 si

1790 4852 2007 4919 quando
2036 4865 2171 4917 opus
2202 4855 2347 4902 esset
2366 4847 2543 4912 capite
2568 4860 2871 4913 emergere,
2898 4845 3269 4907 vulnerarent,
3290 4846 3357 4897 iis

1792 4954 1967 4997 autem
1998 4945 2089 5008 qui
2115 4939 2285 4993 muris
2314 4940 2625 4993 insisterent
2647 4936 2954 4990 facultatem
2977 4935 3195 4990 uberem
3214 4934 3359 4989 [ποι

1795 5047 1913 5089 rent
1942 5034 2076 5086 clam
2104 5047 2135 5087 e
2168 5031 2433 5099 superiori
2463 5040 2611 5097 parte
2641 5028 2787 5083 saxis
2812 5028 3160 5083 advenientes
3184 5029 3364 5096 impe-

1797 5136 1931 5189 tere,
1970 5124 2321 5192 admotosque
2346 5123 2411 5175 ad
2434 5136 2617 5175 muros
2634 5121 2796 5174 obvio
2824 5135 3038 5187 quoque
3074 5120 3353 5188 repellere.

1794 5217 1993 5272 Deinde
2017 5215 2380 5268 numerandos
2396 5226 2517 5265 esse
2537 5214 2679 5263 viros
2706 5208 3029 5271 decernunt,
3056 5220 3115 5262 ut
3144 5208 3357 5263 discant

1795 5329 1862 5365 an
1890 5307 2147 5363 adomnia
2168 5321 2444 5360 murorum
2465 5301 2866 5372 propugnacula
2895 5312 2949 5355 et
2976 5302 3263 5355 circuitum
3286 5303 3352 5356 ad

1799 5404 2185 5457 mediterranea
2221 5407 2525 5466 vergentem
2559 5395 2863 5457 solliciant;
2898 5403 2952 5445 et
2983 5393 3063 5446 sic
3093 5393 3353 5445 omnesin

1800 5496 1988 5557 muris,
2018 5491 2131 5548 sinis
2156 5502 2422 5561 quemque
2458 5487 2629 5541 armis
2659 5487 3011 5547 instructum,
3046 5495 3191 5537 stare
3248 5481 3358 5535 im-

1797 5594 2010 5656 perant,
2044 5594 2096 5635 ut
2125 5581 2265 5635 adid
2299 5578 2525 5631 testibus
2555 5578 2790 5645 propriis
2827 5575 2997 5630 oculis
3051 5584 3359 5628 uterentur.

1798 5676 1916 5741 Quo
1946 5674 2090 5728 facto
2109 5670 2544 5739 conspiciebatur
2567 5668 2617 5721 in
2638 5668 2845 5721 duobus
2875 5678 2931 5721 et
2954 5668 3127 5721 tribus
3160 5681 3361 5734 propu-

1799 5765 2041 5837 gnaculis
2065 5778 2204 5817 unus
2229 5769 2433 5816 tantum
2457 5774 2471 5823 ;
2514 5773 2814 5827 eorumque
2841 5760 3015 5828 potior
3044 5773 3361 5826 pnrsneque

1801 5878 1944 5912 artua
1980 5872 2187 5927 gerere,
2211 5870 2328 5923 quae
2347 5860 2632 5921 paupertas
2646 5854 3040 5920 absumpserat,
3065 5867 3237 5917 neque
3256 5866 3357 5916 pu-

1799 5972 1911 6023 ειμι·
1939 5963 2023 6005 aut
2060 5950 2332 6005 conﬂictui
2364 5958 2482 6017 apta
2513 5966 2525 6011 ',
2562 5947 2771 6001 assidua
2796 5945 3181 6015 namq-aemula
3205 5945 3359 5997 etvi-
