4526 6514
343 440 442 504 597

1351 447 1450 506 DE
1490 449 1802 517 ΕΧΕΙΟΙΟ
1842 454 2128 517 THESSA
2145 456 2574 517 LONICENSI.

3462 468 3569 529 593

345 572 500 624 μητοι
525 553 789 620 γίνονται,
823 555 1041 627 μηδὲνῆ
1077 556 1232 625 ὀλίγα
1271 560 1408 628 πρὸς
1436 561 1491 610 ἓν
1529 580 1559 629 ρ
1596 581 1691 630 ρος
1724 563 1892 632 ante.
1927 574 1969 629 Α
1999 581 2132 633 Opus

1796 564 1892 614 Au'y
1927 574 1969 629 Α
1999 581 2133 633 opus
2154 577 2295 621 esset
2316 568 2508 634 smpins
2528 577 2577 619 cl
2599 566 2792 620 multas
2815 583 3089 624 murorum
3127 580 3308 638 partes
3332 574 3575 628 circnm-

344 665 551 712 σαντες,
655 666 730 702 π.
773 687 789 702 .
832 687 847 703 .
891 689 905 703 .
953 689 966 702 .
1011 687 1025 702 .
1070 688 1085 704 .
1128 687 1142 702 .
1189 689 1202 703 .
1247 689 1261 705 .
1308 690 1319 702 .
1369 691 1382 704 .
1411 652 1753 722 δεδύνηνται.
1784 656 1899 723 Ἐφ’

344 733 387 806 ᾧ
416 743 501 791 καὶ
544 743 840 809 palan-ratio:
879 782 893 796 .
940 783 954 797 .
999 780 1013 795 .
1057 783 1073 797 .
1118 783 1132 796 .
1179 784 1194 798 .
1239 745 1422 809 ἔδοξάν
1455 764 1600 799 τισιν
1636 748 1901 817 ὑποστρέ-

344 832 541 900 ψαντες
561 849 573 861 ·
605 832 721 885 δέον
750 836 857 902 γάρ
881 835 1139 897 πολλάκις
1169 840 1261 888 καὶ
1298 840 1437 890 κατὰ
1460 841 1631 891 πολλὰ
1653 841 1762 892 τῶν
1793 857 1904 892 τει-

349 923 455 992 χῶν
506 925 645 994 μέρη
677 927 969 994 περιιέναι.
1001 928 1096 978 καὶ
1148 930 1215 981 τὰ
1259 930 1616 1004 ὑπεσχημένα
1649 933 1726 1001 τῷ
1757 933 1904 986 Μου-

349 1017 480 1084 pitu
507 1017 717 1086 φανερὰ
743 1019 1106 1086 καταστῆσαι,
1149 1019 1330 1087 λόγοις
1354 1039 1412 1073 τε
1437 1023 1745 1091 χρήσασθαι
1765 1041 1902 1093 συμ-

345 1108 580 1170 ϐουλίας.
616 1109 689 1170 ὡς
713 1109 776 1161 ἂν
808 1111 1124 1180 προθύμους
1153 1116 1624 1181 παρασκευάσουσι
1677 1116 1814 1186 πρὸς
1843 1116 1902 1168 τὸ

347 1203 497 1267 κοινῇ
528 1201 884 1265 συνελθόντας,
912 1204 1212 1272 σκέψασθαι
1243 1206 1302 1257 τὸ
1333 1210 1600 1271 συνοῖσον,
1629 1208 1689 1260 ού
1720 1207 1900 1268 καλῶς

2005 660 2099 720 ire,
2135 667 2186 711 et
2222 674 2338 727 quae
2375 659 2828 727 promittebantur
2878 677 2904 714 a
2962 661 3172 717 Murate
3228 665 3406 734 palam
3458 668 3573 720 edi-

2005 763 2149 810 cere,
2186 751 2629 819 sermonibusque
2660 752 2738 804 uti
2770 753 3185 810 consultationis
3222 758 3287 810 ad
3321 773 3413 811 eos
3457 757 3568 810 dis-

2001 844 2306 908 ponendum
2345 852 2401 894 ut
2426 842 2744 896 alacriterin
2774 858 2937 896 unum
2956 849 3341 900 convenientes
3390 847 3571 915 publi-

2005 943 2121 986 cam
2153 934 2854 1002 utilitatemdig‘noscerent,
2884 937 2983 1003 ipsi
3016 952 3126 990 non
3154 939 3291 992 bene
3329 955 3453 1007 erga
3478 955 3575 991 nos

2009 1024 2185 1080 affecti
2221 1027 2472 1078 mandata
2512 1026 2885 1094 neglexerunt.
2911 1026 3125 1082 ’Verum
3158 1027 3234 1093 hi,
3261 1044 3366 1096 quo
3420 1029 3568 1081 divi-

2008 1131 2128 1171 mns
2163 1121 2342 1183 modo,
2378 1119 2490 1172 sive
2517 1129 2707 1186 sponte
2736 1136 2829 1172 sua
2862 1121 2973 1175 sive
3007 1122 3055 1176 vi
3090 1124 3288 1186 coacti,
3352 1136 3462 1174 rem
3497 1123 3568 1172 ita

2010 1220 2359 1276 peregerunt.

346 1293 480 1354 πρὶς
519 1293 663 1360 ἡμᾶς
691 1294 1044 1361 διετέθησαν,
1077 1294 1251 1360 εἶπον,
1285 1300 1623 1368 ήμεληκότες
1677 1298 1775 1350 τοῦ
1847 1297 2239 1366 ἐπιτάγματος.
2291 1299 2433 1369 Πλὴν
2524 1302 2637 1356 ἀλλ’
2685 1300 2832 1354 οὕτω
2881 1304 2979 1370 μὲν
3050 1297 3194 1355 οὗτοι
3270 1303 3574 1372 πράξαντες

342 1376 624 1445 ὤφθησαν,
655 1382 752 1434 εἰτ’
787 1382 1057 1436 ἐθελονταὶ
1083 1387 1192 1438 εἴτε
1225 1392 1318 1441 καὶ
1354 1388 1596 1450 ἄκοντες.

417 1473 480 1535 ζ’.
527 1475 584 1524 Ὀ
612 1475 667 1526 δὲ
702 1476 996 1546 Μουράτης
1026 1479 1313 1548 ἀνηνύτοις
1348 1483 1493 1542 ἰδὼν.
1513 1485 1812 1552 ἐπιχειρεῖν
1842 1483 1898 1533 ὲν

343 1565 513 1631 τούτῳ
541 1564 616 1631 τῷ
646 1565 801 1634 μέρει
830 1567 912 1635 (οὐ
935 1567 1043 1635 γὰρ
1074 1565 1153 1629 οἷς
1180 1569 1376 1633 ἔξωθεν
1407 1570 1569 1638 μόνον
1599 1572 1900 1640 ἐκήρυττον

344 1657 622 1708 ἐπείθοντό
666 1675 834 1722 τινες,
884 1659 1022 1712 ἀλλὰ
1070 1661 1165 1713 καὶ
1197 1662 1417 1714 πλύνειν
1450 1662 1638 1715 τοῦτον
1678 1663 1901 1730 ὕϐρεσιν

346 1749 438 1802 ὑπ’
468 1750 794 1819 ἁϐελτηρίας
839 1753 932 1804 καὶ
973 1752 1171 1819 ἀλόγου
1204 1754 1540 1825 θρασύτητος
1578 1755 1679 1808 οὐκ
1708 1753 1900 1806 ἀπώκ-

345 1840 514 1905 νουν),
546 1843 641 1893 τοῦ
672 1843 843 1910 θυμοῦ
877 1859 934 1895 τε
965 1845 1190 1911 γέγονεν
1218 1844 1358 1908 ὅλος,
1398 1846 1494 1899 καὶ
1538 1846 1629 1897 τὸν
1675 1845 1904 1913 στρατὸν

346 1932 648 1997 προσέταξε
687 1934 1020 2001 μεταστῆναι
1053 1937 1146 1987 καὶ
1190 1936 1322 2004 περὶ
1360 1935 1461 2002 τὴν
1492 1935 1649 1987 πόλιν
1684 1951 1906 2002 στρατο-

345 2022 730 2076 πεδεύσασθαι.
767 2025 827 2076 Θί
858 2024 913 2076 δὲ
958 2025 1362 2095 προσεχώρουν,
1395 2024 1602 2079 an...“
1639 2024 1907 2092 μελισσῶν

348 2115 550 2181 σμήνη,
597 2114 690 2166 τοῦ
742 2117 1012 2185 ἡμετέρου
1062 2115 1186 2169 λίαν
1234 2115 1496 2184 διψῶντες
1539 2115 1768 2183 αἵματος
1813 2115 1909 2167 καὶ

349 2206 558 2267 πάντας
614 2206 782 2274 ἄρδην
838 2209 1128 2260 καταπιεῖν
1179 2208 1508 2276 γλιχόμενοι.
1547 2206 1624 2275 Τῇ
1667 2206 1817 2259 πόλει
1852 2205 1908 2257 δὲ

347 2298 836 2365 προσεγγίσαντες,
872 2300 966 2352 καὶ
997 2299 1094 2362 τὰς
1126 2300 1332 2368 σκηνὰς
1365 2299 1551 2368 ὥσπερ
1582 2299 1698 2360 έθος
1729 2297 1907 2367 πηξά-

350 2405 526 2455 μενοι,
567 2389 720 2456 δίκην
756 2391 1047 2459 φρουρίου.
1075 2393 1259 2444 πᾶσαν
1310 2391 1637 2460 περιέ).αὸον
1682 2390 1907 2459 ταύτην,

347 2477 424 2535 ὠ;
467 2476 721 2545 μηδαμοῦ
755 2478 939 2546 σχεδὸν
977 2479 1131 2531 κενὸν
1171 2477 1472 2547 ἀνθρώπων
1499 2476 1788 2546 φαίνεσθαι
1820 2476 1911 2528 τό-

346 2584 469 2621 πον.
506 2565 638 2622 Εἶτα
689 2571 814 2632 τοὺς
866 2571 1204 2639 στρατηγοὺς
1250 2571 1479 2622 ἕκαστον
1518 2571 1575 2621 ἐν
1619 2568 1911 2637 ὡρισμένῳ

345 2661 448 2728 τῆς
473 2661 675 2723 πόλεως
706 2663 862 2730 μέρει
894 2662 1030 2730 πρὸς
1058 2663 1120 2713 τδ
1144 2663 1405 2731 πολεμεῖν
1427 2661 1725 2725 ἀποτάξας,
1753 2659 1912 2722 αὐτὸς

343 2755 449 2815 τὰς
482 2754 615 2814 ἰδίας
641 2755 843 2822 σκηνὰς
868 2754 1095 2821 ἀντικρὺ
1127 2754 1223 2821 τῆς
1251 2753 1593 2820 ἀκροπόλεως
1618 2753 1909 2820 πήγνυσιν,

345 2844 424 2906 ὡς
460 2847 524 2897 ἂν
572 2846 776 2905 πάντας
822 2847 886 2896 ἐκ
938 2844 1209 2912 μετεώρου
1259 2842 1440 2904 καλῶς
1489 2844 1622 2912 ὁρᾷν
1674 2843 1787 2910 ἔχοι
1821 2841 1915 2893 καὶ

347 2940 534 2989 πᾶσαν
561 2939 656 3005 τὴν
684 2938 839 2989 πόλιν
882 2937 1052 2998 ἐντός.
1105 2935 1298 3002 Ἡμεῖς
1335 2935 1390 2988 δέ
1417 2935 1570 2988 ταῦθ’
1608 2933 1915 3003 ἐώρακότες

346 3035 446 3085 καὶ
473 3036 569 3100 τῆς
592 3031 746 3099 ἡμῶν
776 3031 1045 3100 σωτηρίας
1070 3029 1585 3098 ύπεραγωνίσασθαι
1609 3026 1916 3096 προθυμού-

350 3139 506 3192 μενοι
539 3124 652 3192 (καὶ
681 3123 789 3190 γὰρ
813 3117 1021 3190 ούδέτῆν
1047 3121 1218 3181 ἄλλως
1244 3119 1412 3188 εἰκὸς)
1450 3118 1569 3185 μεθ’
1595 3110 1668 3170 ὧν
1699 3119 1916 3185 είχομεν

2075 1474 2380 1529 7.Mnrates
2412 1489 2533 1526 cum
2561 1474 2783 1529 vidisset
2813 1490 2871 1530 se
2907 1477 3005 1531 hac
3036 1479 3242 1533 ratione
3283 1495 3501 1549 operam
3521 1494 3575 1536 et

2007 1569 2186 1621 oleum
2209 1567 2466 1636 perdere(
2493 1582 2662 1632 neque
2679 1568 2822 1621 enim
2845 1570 2910 1623 iis
2934 1585 3051 1638 qua:
3071 1571 3268 1625 deforis
3295 1574 3382 1625 ille
3403 1589 3576 1627 enun-

2006 1658 2175 1712 tiabat
2201 1657 2418 1710 suaderi
2455 1659 2721 1719 nonnulli,
2782 1650 3023 1725 qniniino
3072 1674 3192 1713 eum
3242 1660 3454 1728 injuriis
3517 1674 3571 1716 et

2005 1748 2308 1818 opprobriis
2325 1749 2602 1802 dementer
2619 1749 2998 1816 jactanterque
3018 1751 3278 1806 continuo
3290 1756 3565 1821 onerare),

2010 1838 2340 1904 intemperiis
2373 1837 2710 1905 insaniisque
2740 1839 2974 1906 agitatus
3003 1839 3121 1892 loco
3162 1841 3364 1894 moveri
3412 1857 3568 1895 exer-

2007 1930 2174 1983 citum
2199 1930 2432 1982 mandat.
2465 1928 2541 1981 Illi
2569 1929 2824 1982 secedunt
2845 1945 2998 1998 teque
3028 1945 3088 1984 ac
3111 1945 3270 1998 apum
3296 1931 3568 1992 examina,

2010 2021 2179 2076 nostri
2207 2020 2485 2091 sanguinis
2517 2021 2672 2074 avide
2708 2022 2958 2075 sitientes
3003 2036 3301 2090 omnesque
3345 2023 3565 2090 penitus

2010 2129 2113 2167 uno
2140 2114 2336 2167 haustu
2363 2113 2626 2182 dcglutire
2648 2113 3041 2168 desiderantes.
3068 2112 3170 2167 Ubi
3202 2113 3316 2168 urbi
3342 2117 3570 2184 proximi

2009 2206 2136 2259 facti
2157 2213 2302 2269 sunt,
2335 2205 2582 2258 tentoriis
2614 2220 2709 2274 pro
2737 2219 2884 2260 more
2913 2206 3033 2260 ﬁxis
3060 2207 3232 2260 instar
3269 2222 3572 2275 propugna-

2009 2297 2112 2350 culi
2139 2311 2256 2349 eam
2280 2298 2351 2350 ita
2380 2297 2789 2350 circumvallant
2816 2305 2873 2350 ut
2915 2298 3079 2351 nullis
3097 2297 3409 2352 hominibus
3429 2307 3574 2352 esset

2011 2403 2212 2441 vacuus
2243 2387 2413 2441 locus.
2443 2387 2577 2442 Tum
2594 2389 2756 2442 duces
2779 2388 3021 2457 singulos
3052 2390 3103 2442 in
3129 2389 3442 2459 prascripta
3481 2404 3572 2442 nr-

2009 2481 2090 2534 bis
2113 2489 2264 2549 parte
2293 2479 2591 2542 destinans,
2626 2479 2850 2547 ipsesua
2902 2480 3134 2533 tentoria
3179 2482 3291 2535 arci
3345 2481 3572 2534 adversa

2011 2573 2181 2640 ponit,
2217 2579 2274 2624 ut
2301 2584 2490 2624 omnes
2512 2579 2765 2639 tanquam
2801 2571 2967 2625 eloco
2995 2571 3336 2638 sublimiore,
3365 2574 3576 2624 etinte-

2013 2664 2187 2717 riores
2218 2672 2399 2731 partes
2426 2663 2598 2725 urbis,
2616 2663 3077 2731 circumspiceret.
3104 2662 3210 2717 Νοέ
3232 2663 3343 2718 haec
3366 2662 3573 2726 intuiti,

2013 2771 2111 2825 pro
2134 2754 2308 2808 salute
2348 2763 2529 2807 nostra
2560 2755 2783 2807 tutanda
2814 2754 3110 2809 alacriores
3169 2753 3304 2808 facti
3354 2757 3575 2824 (neque

2013 2847 2156 2901 enim
2178 2846 2291 2900 ﬁeri
2316 2854 2526 2913 poterat
2548 2847 2702 2899 aliter
2727 2847 2776 2914 ),
2800 2846 2967 2900 armis
2988 2855 3260 2915 utcunque
3280 2858 3576 2915 suppeten-

2017 2939 2162 2993 tibus
2191 2939 2258 2992 ad
2283 2954 2501 2992 murum
2535 2953 2849 3003 accurrere,
2883 2938 3022 2992 alius
3085 2939 3250 2992 alium
3298 2940 3579 2993 celeritate

2015 3028 2387 3096 praetergredi,
2423 3027 2685 3082 adversus
2707 3037 2961 3083 externas
2976 3030 3160 3098 copias
3181 3044 3338 3098 quem
3365 3031 3577 3084 tandem

2019 3118 2179 3170 linem
2196 3117 2445 3172 habitura
2461 3125 2638 3170 essent
2656 3126 2816 3170 tantae
2841 3118 3218 3174 sollicitudinis
3233 3118 3434 3183 studia,
3460 3121 3581 3173 ani-

343 3213 529 3265 ὅπλων
562 3214 654 3264 ἐπὶ
688 3213 747 3263 τὸ
783 3214 958 3279 τεῖχος
1004 3210 1228 3277 ὲθέομεν
1265 3208 1517 3272 ἕκαστος,
1552 3205 1706 3268 ἄλλος
1750 3204 1908 3256 ἄλλον
1935 3227 1979 3287 α
2023 3224 2130 3263 mos

1790 3204 1908 3256 λλον
1935 3227 1979 3287 α
2023 3224 2139 3263 mos
2160 3208 2376 3262 addere.
2409 3207 2477 3263 Ut
2504 3209 2871 3276 ascendimus,
2907 3211 2996 3264 diu
3019 3220 3292 3279 noctuque
3315 3212 3388 3265 ibi
3424 3211 3577 3266 nobis

347 3305 642 3375 παρελθεῖν
675 3304 751 3372 τῷ
793 3303 950 3370 τάχει
986 3301 1420 3368 φιλονεικοῦντες
1465 3300 1559 3351 καὶ
1587 3294 1697 3350 οἷον
1732 3298 1912 3365 ἀνδρι-

343 3396 680 3463 ζόμενοι.....
706 3395 812 3446 τῶν
841 3395 1016 3459 ἐκτὸς,
1043 3391 1364 3458 ἀγνοοῦντες
1390 3392 1498 3458 ὅπη
1523 3390 1590 3441 τὰ
1622 3389 1722 3457 τῆς
1749 3404 1912 3440 σπου-

340 3489 446 3554 δῆς
479 3487 692 3555 ἐκείνης
734 3489 995 3554 χωρήσει.
1050 3483 1135 3545 Ὠς
1165 3484 1208 3535 δ’
1257 3483 1532 3550 ἀνέὸημεν
1565 3479 1910 3549 διημερεύειν

342 3581 528 3630 ἐκεῖσε
561 3581 653 3630 καὶ
683 3575 1118 3645 διανυκτερεύειν
1151 3574 1489 3642 συνθέμενοι,
1516 3574 1610 3627 καὶ
1639 3573 1912 3641 διέκριναν

342 3672 499 3740 ἡμᾶς
528 3673 576 3722 οἱ
603 3669 929 3739 κρατοῦντες
969 3669 1067 3737 τῆς
1099 3667 1328 3729 πόλεως,
1356 3665 1616 3726 Λατίνους
1648 3664 1738 3716 καὶ
1781 3665 1914 3715 Ῥω-

344 3765 567 3832 μαίους,
603 3765 695 3815 καὶ
734 3764 860 3822 τοὺς
891 3761 988 3830 τήν
1016 3759 1273 3828 λῃστείαν
1317 3755 1749 3826 μετερχομένους
1787 3755 1915 3807 ἀνα-

343 3857 447 3926 μὶξ
480 3858 776 3926 στήσαντες
809 3854 889 3924 (ού
918 3854 1027 3921 γὰρ
1071 3851 1346 3903 πιστεύειν
1380 3851 1511 3917 ἡμῖν
1553 3847 1806 3917 καθαρῶς
1838 3842 1916 3898 εἷ-

2015 3298 2413 3351 immorandum
2444 3312 2566 3351 esse
2595 3298 3020 3363 constituentes,
3054 3302 3147 3368 qui
3205 3301 3322 3353 urbi
3387 3299 3577 3352 mode-

2021 3390 2299 3454 rabantur,
2325 3390 2543 3444 Graecos
2569 3399 2730 3458 atque
2760 3391 2984 3446 Latinos
3016 3393 3086 3444 ita
3110 3392 3480 3450 distinxerunt
3522 3403 3579 3445 ut

2017 3486 2251 3539 medium
2280 3501 2442 3538 unum
2463 3501 2525 3539 ex
2557 3486 2623 3540 iis
2638 3486 2728 3553 qui
2753 3487 2957 3553 praedas
2974 3494 3293 3540 convectant
3337 3487 3579 3553 interpo-

2017 3584 2204 3628 nerent
2232 3592 2246 3638 ;
2274 3574 2553 3629 Taetarios
2585 3575 2773 3643 vulgus
2798 3586 2972 3641 vocat,
3015 3585 3071 3628 ut
3101 3585 3232 3630 sunt
3263 3576 3575 3645 praedonum

2016 3679 2208 3735 agmen
2246 3683 2310 3720 ex
2339 3668 2505 3721 variis
2537 3668 2850 3736 regionibus
2872 3668 3128 3722 coalitum
3160 3686 3174 3733 ;
3207 3681 3259 3722 et
3292 3669 3375 3722 bis
3394 3676 3580 3722 custo-

2015 3762 2157 3814 diam
2198 3763 2614 3826 demandarunt,
2647 3763 2982 3832 planeinobis
3011 3778 3114 3816 non
3147 3763 3370 3817 lidentes
3395 3780 3409 3828 ;
3433 3777 3578 3814 mor-

2018 3861 2125 3904 tem
2149 3853 2309 3905 etiam
2344 3853 2702 3921 proditionem
2735 3854 3074 3909 meditaturis
3109 3854 3298 3908 minati
3338 3863 3484 3908 sunt.

338 3958 485 4025 χον),
515 3955 607 4005 καὶ
631 3951 860 4004 θάνατον
887 3951 1002 4010 τοῖς
1049 3950 1374 4017 φρονήσουσι
1408 3944 1704 4012 προδοσίαν
1747 3943 2077 4012 ἠπείλησαν,
2114 3948 2240 4010 τοὺς
2274 3949 2628 4016 Τζεταρίους,
2696 3949 2772 4011 ὡς
2833 3949 2864 4019 ή
2916 3950 3064 4017 κοινὴ
3137 3950 3288 4018 φωνή
3356 3949 3581 4006 τούτους

339 4052 535 4106 ἐκάλει
569 4047 801 4118 (λῃστῶν
840 4045 883 4099 δ’
912 4040 1050 4115 ἦσαν
1100 4037 1246 4095 οῦτοι
1287 4040 1573 4108 σύνταγμα
1622 4040 1688 4092 ἐκ
1730 4040 2004 4109 διαφόρων
2030 4045 2212 4097 τόπων
2242 4045 2750 4115 συναθροισθέντες)
2815 4045 3060 4112 φύλακας
3117 4047 3198 4108 είς
3263 4045 3404 4097 τοῦτ’
3459 4048 3580 4097 ἑπι-

341 4166 376 4200 σ
395 4147 668 4212 ἰήσαντες.

419 4237 492 4301 η’.
534 4237 621 4296 Ὠς
655 4229 747 4286 οῦν
781 4234 874 4285 τοῦ
909 4232 1166 4300 πολεμεῖν
1206 4227 1552 4296 γεγενήμεθα
1591 4227 1795 4290 πάντες
1819 4231 1914 4280 καὶ

340 4332 490 4382 xui
519 4329 628 4379 TtLV
651 4325 912 4377 ἐπιόντων
943 4321 1309 4391 ἀνδρίζεσθαι,
1338 4321 1465 4373 ἄλλο
1487 4336 1540 4370 τι
1574 4320 1736 4371 πάλιν
1762 4320 1914 4388 παρὰ

337 4424 446 4488 τὴν
484 4421 758 4488 ἡμετέραν
793 4418 964 4484 ἐφάνη
1007 4415 1216 4484 πράξας
1247 4415 1507 4467 ὑπόνοιαν
1540 4412 1568 4462 ό
1595 4411 1911 4480 Μουράτης.

342 4517 560 4573 Πάντες
607 4513 715 4580 γὰρ
761 4513 921 4579 ἡμεῖς
973 4509 1329 4572 ὑπενοοῦμεν,
1374 4507 1626 4561 τοσοῦτον
1686 4504 1914 4573 στρατὸν

345 4607 527 4673 βαρὺν
562 4604 886 4670 θεασάμενοι
935 4602 1032 4653 καὶ
1065 4597 1331 4657 τοσαύτας
1376 4599 1472 4660 τὰς
1519 4593 1815 4657 ἑλεπόλεις,
1850 4592 1914 4654 ἃς
1946 4636 1990 4690 D

339 4702 408 4748 τί,
438 4698 544 4747 τῶν
577 4687 835 4762 καμήλων
863 4691 1065 4760 πλῆθος
1098 4691 1193 4742 καὶ
1229 4688 1339 4740 τῶν
1381 4686 1612 4757 ἁμαξῶν
1658 4684 1916 4752 ἐπεκόμι-

341 4793 445 4851 ζον
479 4788 598 4839 καθ’
627 4769 883 4854 ἑκάστην,
918 4784 992 4845 ὡς
1021 4785 1120 4834 οὐκ
1157 4782 1221 4835 ἂν
1268 4781 1494 4848 φθάσειε
1538 4778 1632 4831 καὶ
1672 4775 1917 4846 μανικῶς

342 4882 553 4935 αὐτίκα
587 4879 725 4930 κατὰ
755 4878 847 4930 τοῦ
886 4876 1098 4944 τείχους
1131 4873 1388 4943 ὁρμήσει,
1425 4872 1608 4923 παίειν
1662 4870 1758 4938 μὲν
1793 4866 1922 4919 αὐτὸ

343 4971 667 5039 προστάξας
700 4971 763 5035 τῇ
810 4965 1179 5036 χειροποιήτῳ
1229 4961 1320 5013 τοῦ
1356 4960 1506 5012 λίθου
1540 4960 1762 5028 βροντῇ,
1796 4958 1924 5017 τοὺς

340 5065 394 5115 δ’
431 5061 637 5113 ἄνωθεν
670 5059 898 5110 κωλύειν
942 5057 1040 5121 τῆς
1073 5055 1167 5106 ἐπὶ
1200 5053 1303 5106 τῶν
1334 5052 1532 5120 τειχῶν
1569 5051 1809 5111 στάσεως
1839 5048 1926 5099 διὰ

341 5154 463 5204 τῶν
494 5151 802 5216 ἀφιεμένων
840 5146 1032 5216 βελῶν,
1067 5147 1161 5197 καὶ
1195 5145 1357 5195 παντὶ
1400 5144 1752 5210 μηχανήματι
1790 5138 1924 5205 πρὸς

342 5245 414 5295 τὸ
449 5241 726 5308 κρατῆσαι
763 5237 1068 5307 κεχρῆσθαι
1113 5236 1212 5302 τῆς
1257 5236 1476 5295 πόλεως.
1520 5235 1578 5284 ’0
1613 5233 1667 5283 δὲ
1717 5230 1925 5281 τούτων

346 5337 458 5403 μὲν
486 5333 685 5394 ἔδειξεν
719 5331 891 5391 οὐδὲν,
923 5328 1115 5398 μικρὸν
1145 5327 1188 5380 δ’
1217 5329 1496 5397 ἡσυχάσας
1528 5325 1621 5376 καὶ
1644 5324 1743 5390 τὴν
1768 5322 1921 5373 πόλιν

344 5426 548 5493 κύκλῳ
584 5420 1054 5491 περιόλεψάμενος
1087 5420 1340 5489 κήρυκας
1381 5419 1473 5470 κα)⁵
1514 5411 1668 5476 αὖθις
1695 5413 1923 5480 ἐξέπεμ-

339 5518 476 5582 ψεν,
513 5513 830 5582 ἐλευθερίαν
861 5513 992 5582 ἡμῖν
1023 5513 1453 5576 ὑπισχνούμενος
1485 5510 1579 5559 καὶ
1610 5506 1917 5574 φιλοτιμίας

345 5610 574 5676 ἐτέρας,
607 5609 718 5668 τοῖς
748 5606 878 5675 παρ’
905 5605 1088 5666 αὐτοῖς
1137 5602 1295 5653 ταυτὶ
1328 5599 1683 5668 πιστούμενος
1715 5601 1919 5666 ὅρκοις,

343 5703 403 5753 εἰ
439 5701 538 5770 τὴν
575 5700 730 5751 πόλιν
765 5697 1072 5767 προοίμεθα
1101 5697 1210 5757 τοῖς
1246 5693 1436 5746 τούτου
1467 5692 1645 5758 λόγοις
1677 5689 1925 5742 πεισθέν-

343 5811 474 5856 τες,
527 5794 622 5846 καὶ
669 5791 928 5845 τάναντία
989 5789 1152 5842 πάλιν
1209 5787 1389 5841 αὐτῶν
1444 5785 1771 5857 προσετίθει,
1834 5785 1926 5836 καὶ
1967 5783 2324 5850 χαλεπώτερα

346 5904 572 5958 γενημ.

2091 4230 2144 4283 8.
2182 4227 2443 4284 Omnibus
2465 4239 2596 4294 ergo
2622 4226 2686 4279 ad
2713 4226 3060 4294 pugnandum
3092 4227 3348 4282 adversus
3371 4227 3581 4281 irruen-

2020 4327 2098 4372 tes
2128 4317 2308 4370 animo
2352 4316 2492 4368 virili
2536 4315 2902 4384 praesentique
2948 4318 3176 4384 paratis,
3212 4318 3353 4371 aliud
3383 4330 3581 4387 praeter

2017 4419 2259 4461 nostram
2301 4406 2764 4474 exspectationem
2800 4406 3041 4461 Murates
3101 4408 3435 4476 exsequitur.
3472 4408 3579 4464 Nos

2017 4498 2158 4551 enim
2196 4511 2389 4551 omnes
2423 4492 2858 4562 suspicabamur,
2915 4505 3122 4549 tantam
3159 4498 3434 4565 copiarum
3470 4515 3581 4553 mo—

2017 4586 2123 4640 lem
2165 4596 2218 4639 et
2264 4584 2664 4646 machinarum.
2730 4593 2863 4651 quas
2908 4584 3201 4639 multitudo
3248 4587 3578 4640 camelorum

2017 4688 2335 4733 etcurrnum
2357 4677 2597 4748 quotidie
2613 4677 2937 4738 advehebat,
2960 4678 3280 4746 conspicati,
3300 4680 3474 4747 primo
3498 4681 3580 4731 sui

2018 4772 2241 4840 appulsu
2277 4771 2520 4822 furenter
2552 4768 2750 4821 iratum
2807 4785 2993 4822 muros
3023 4770 3414 4838 appetitnrnm.
3451 4785 3580 4825 eos-

2020 4878 2122 4931 que
2171 4861 2403 4928 lapidum
2454 4859 2764 4914 manul‘acto
2822 4861 3022 4913 tonitru
3085 4862 3580 4928 diverberaturum,

2025 4971 2121 5007 nec
2166 4969 2273 5007 non
2325 4963 2378 5005 et
2424 4968 2584 5021 supra
2622 4967 2807 5006 muros
2846 4962 3058 5007 stantes
3093 4954 3300 5021 sagittis
3334 4955 3585 5021 impulsis

2025 5049 2376 5109 dimoturum,
2426 5044 2819 5112 machinasque
2853 5059 3044 5100 onmes
3092 5047 3157 5098 ad
3196 5047 3382 5099 urbem
3437 5052 3584 5101 exci-

2028 5139 2255 5192 dendam
2293 5147 2699 5206 usurpaturum.
2733 5137 2929 5191 Verum
2971 5138 3058 5190 hic
3097 5139 3172 5191 nil
3221 5140 3326 5194 tale
3356 5148 3587 5195 conatus

2026 5242 2125 5294 est,
2167 5229 2262 5283 sed
2299 5245 2487 5296 parum
2535 5239 2921 5298 percunctatus
2963 5246 3240 5298 praecones
3274 5249 3459 5287 rursus
3494 5235 3588 5288 de-

2028 5323 2224 5384 cernit,
2262 5322 2351 5388 qui
2380 5321 2535 5374 nobis
2566 5320 2871 5373 libertatem
2906 5322 3315 5390 paciscerentur
3345 5323 3587 5392 aliosque

2027 5415 2259 5468 honores
2286 5412 2657 5480 jurejurando,
2692 5421 2747 5463 ut
2780 5413 2918 5478 apud
2946 5413 3093 5482 ipsos
3120 5415 3235 5468 ﬁeri
3273 5425 3440 5480 amat,
3473 5416 3580 5485 pol-

2029 5507 2340 5568 licerentur,
2375 5505 2418 5557 si
2452 5504 2795 5558 sermonibus
2828 5505 2975 5558 illius
3013 5507 3158 5558 suasi
3198 5507 3386 5560 urbem
3425 5509 3585 5562 dede-

2030 5612 2254 5650 remns:
2301 5597 2384 5649 liis
2437 5595 2708 5649 contraria
2743 5595 3030 5659 sultdebat,
3074 5599 3349 5666 multaque
3388 5599 3568 5667 pejora

2032 5691 2074 5741 si
2112 5691 2243 5740 \ntis
2277 5689 2391 5742 suis
2421 5703 2526 5740 non
2558 5687 3070 5741 obsecundarcmns.

2403 5780 2625 5844 τούτων,
2687 5781 2733 5832 εἰ
2779 5781 2851 5848 μὴ
2898 5783 3248 5845 καταπειθεῖς
3327 5786 3380 5836 ἰν
3422 5783 3582 5841 τούτο
