4526 6514
368 513 465 577 601

1382 522 1475 580 DE
1520 525 1831 593 EXCIDIO
1873 480 2586 588 THESSALONICENSl

3478 527 3590 595 ωε
3660 494 3665 499 .

370 632 677 701 χρήσασθαι
706 636 769 701 τῇ
804 632 1006 686 τούτων
1028 635 1253 703 δυνάμει
1287 642 1378 689 καὶ
1408 644 1530 707 περὶ
1564 642 1630 693 τὰ
1661 643 1929 709 πολεμικὰ
1961 643 2007 700 Α
2035 641 2157 693 ιιιὶὶίι

1811 644 1929 694 ιικᾶ
1961 643 2007 700 Δ
2035 641 2362 696 militaribus
2395 645 2605 698 artibus
2646 643 3085 712 perteutandnm,
3123 651 3411 709 antequam
3444 655 3598 693 navis

371 727 539 812 τέχνη
562 726 691 793 πρὶν
725 726 824 794 τὴν
868 727 1067 780 ὁλκάδα
1106 729 1559 798 καθορμισθῆναι.
1596 733 1806 798 Μικρὸν
1838 735 1937 801 μὲν

372 813 463 868 οῦν
487 818 770 893 πρότερον,
800 819 886 870 ὅτε
915 820 1155 882 καὶτοὺς
1186 822 1433 887 κήρυκας
1459 821 1724 891 ἔπεμπεν.
1746 825 1939 879 ὑπεισ-

375 907 647 975 ερχόμενοι
682 909 744 961 τὸ
774 909 1136 978 προτείχισμα
1172 912 1335 978 μέρος
1392 913 1500 965 τῶν
1561 915 1941 983 πολεμούντων

374 1000 511 1066 ἀωρὶ
539 1000 645 1052 τῶν
680 1002 914 1067 νυκτῶν,
943 1004 1037 1054 καὶ
1077 1001 1229 1055 τοῦθ’
1270 1004 1667 1073 ὑπορύττοντες
1702 1008 1758 1059 ὲν
1787 1008 1940 1079 ἀδείᾳ

376 1089 516 1157 (οὔτε
548 1092 655 1157 γὰρ
687 1092 772 1144 ἐπ’
815 1093 960 1145 αύττῦ
992 1093 1232 1159 φύλακες
1278 1090 1441 1162 ἦσαν,
1488 1098 1588 1149 οὐκ
1620 1098 1940 1165 ἀρκούντων

378 1181 481 1230 τῶν
512 1180 681 1245 ἔνδον,
716 1181 844 1235 οὔτ’
893 1183 1118 1249 ἐξωθεῖν
1162 1185 1358 1245 αὐτοὺς
1407 1188 1555 1256 εῖχεν
1600 1189 1779 1251 οὐδεὶς
1829 1189 1938 1240 οὐδ’

378 1272 838 1327 Σπωσοῦντούτου
874 1274 1382 1344 προὸεὸλημένουὶξ
1419 1279 1589 1333 πολλὰ
1624 1280 1815 1332 τούτου
1846 1296 1942 1331 κα-

375 1362 651 1414 τέσπασαν
682 1366 760 1424 είς
793 1364 987 1432 ἔδαφος
1016 1366 1177 1433 μέρη,
1212 1366 1340 1419 ὥστ’
1362 1370 1506 1437 ἔχειν
1535 1370 1760 1422 εἰσιέναι
1790 1386 1941 1438 παμ-

377 1453 600 1521 πληθεῖς
640 1457 696 1511 έν
725 1455 802 1523 τῷ
839 1457 1045 1522 μεταξὺ
1072 1460 1181 1510 τῶν
1224 1461 1422 1529 τειχῶν
1467 1462 1635 1528 τόπῳ,
1670 1462 1943 1528 κλίμακάς

379 1560 440 1592 τε
474 1541 786 1624 εἰσκομίσαι
822 1547 938 1614 μετ’
983 1548 1288 1617 εὐχερείας,
1330 1551 1422 1601 καὶ
1450 1550 1675 1611 ταύταις
1712 1551 1772 1603 τὸ
1802 1553 1941 1619 μέγα

380 1638 556 1710 τεῖχος
581 1625 937 1705 ὶπαναόἦναι.
965 1639 1205 1707 Βάσιμον
1235 1638 1328 1691 οὖν
1356 1641 1415 1692 τὸ
1443 1641 1546 1707 ἔξω
1576 1644 1943 1710 πεποιήκεσαν

381 1724 727 1795 διατείχισμα
784 1729 975 1781 τοῦτον
1018 1729 1108 1782 τὸν
1157 1733 1379 1799 τρόπον,
1428 1734 1523 1784 καὶ
1579 1734 1677 1800 τῆς
1724 1732 1943 1799 τοξικῆς

386 1816 646 1879 πολλάκις
680 1819 778 1887 τῆς
823 1820 1057 1889 ἡμέρας,
1088 1823 1223 1875 ἀλλὰ
1264 1824 1328 1891 δὴ
1367 1824 1461 1875 καὶ
1503 1822 1600 1893 τῆς
1627 1826 1819 1887 νυκτὸς
1843 1827 1945 1878 οὐκ

384 1908 643 1974 ἠμέλουν,
676 1912 771 1965 τοῦ
815 1913 1015 1982 μικροῦ
1047 1915 1257 1984 τείχους
1290 1916 1379 1968 ὅτε
1414 1916 1552 1984 πρὸς
1595 1918 1945 1970 κατάπτωσιν

381 1999 551 2067 ᾔεσαν
578 2017 592 2032 ·
624 2002 741 2062 πῶς
775 2004 884 2072 γὰρ
918 2004 983 2056 ἂν
1015 2004 1135 2074 ἕχον
1168 2007 1311 2073 μετὰ
1342 2007 1585 2069 πλείονος
1623 2006 1947 2077 ὑπορύττειν

382 2091 567 2152 ἁδείας
607 2092 759 2153 αὐτὸ,
803 2095 929 2156 τοὺς
958 2096 1054 2150 ἐπὶ
1092 2096 1187 2149 τοῦ
1236 2096 1478 2165 μείζονος
1524 2097 1737 2166 τείχους
1781 2100 1828 2151 εί
1874 2100 1946 2168 μὴ

382 2185 494 2242 τοῖς
536 2182 742 2249 βέλεσιν
778 2186 1041 2255 ἀπεῖργον
1082 2186 1157 2256 μὴ
1206 2188 1330 2242 κατ’
1364 2188 1541 2240 αὐτῶν
1586 2193 1682 2242 καὶ
1728 2190 1947 2253 τούτους

386 2275 587 2339 ὁμοίως
620 2278 820 2344 χωρεῖν
855 2278 948 2329 καὶ
980 2278 1048 2330 τὰ
1092 2280 1450 2347 παραπλήσια
1481 2280 1649 2348 δρᾷνς
1682 2280 1826 2350 Πλὴν
1856 2287 1948 2333 καὶ

385 2364 559 2425 οὕτως
593 2365 700 2416 οὐδ’
733 2369 896 2434 ἡμεῖς
939 2366 1249 2436 ήμελοῦμεν
1288 2368 1380 2421 τοῦ
1413 2370 1553 2421 κατὰ
1592 2355 1821 2437 δύναμιν
1854 2370 1915 2437 ἐρ

387 2473 510 2522 γευ.
550 2457 714 2509 Πλέον
747 2459 801 2511 δὲ
844 2459 952 2510 τῶν
988 2460 1161 2511 ἄλλων
1194 2460 1482 2530 ἐχρώμεθα
1534 2463 1600 2530 τῇ
1644 2461 1952 2534 καλουμένῃ

392 2549 585 2613 σκευῇ,
620 2541 690 2617 ἧς
710 2543 843 2617 ἦχον
874 2548 973 2617 μὲν
1002 2550 1273 2617 ἠκούομεν
1307 2551 1484 2619 μόνον,
1529 2551 1687 2621 ἔργον
1714 2552 1765 2604 δὲ
1802 2554 1952 2605 οὐδέ-

389 2639 510 2690 ποτ’
540 2640 750 2707 εἴδομέν
775 2658 828 2693 τι
857 2641 1126 2711 λαμπρὸν,
1158 2642 1253 2695 καὶ
1283 2643 1455 2695 ταῦτα
1492 2643 1695 2711 πολλῆς
1734 2644 1953 2713 ένοήμῖν

388 2726 558 2795 οὔσης
594 2730 689 2797 τῆς
717 2730 1129 2801 έσκευασμένης
1161 2730 1409 2800 βοτάνης,
1443 2732 1678 2795 ἀφειδῶς
1715 2751 1774 2785 τε
1814 2736 1954 2787 κατὰ

393 2822 574 2873 πάντα
602 2821 791 2891 καιρὸν
819 2822 1271 2893 άναλισκομένης.

471 2912 520 2965 ι’.
553 2913 715 2966 Ταῦτ’
754 2913 847 2966 οῦν
881 2916 969 2966 ἐπὶ
1000 2916 1178 2986 τρισὶν
1211 2913 1351 2987 ἦσαν
1397 2920 1631 2987 ἡμέραις
1675 2920 1953 2988 γινόμενα.

391 3004 507 3057 Καὶ
540 3004 842 3072 τηνικαῦτα
876 3005 936 3074 δή
971 3025 1113 3069 τινες
1143 3008 1198 3060 ἔν
1228 3026 1334 3061 τισι
1367 3010 1472 3062 τῶν
1506 3011 1697 3079 τειχῶν
1737 3012 1958 3079 μέρεσιν

392 3096 594 3158 ἔξωθεν
642 3100 771 3169 περ)⁸
829 3098 1000 3168 μέσας
1046 3100 1240 3162 νύκτας
1304 3102 1492 3163 ἰόντες,
1540 3103 1636 3169 τῆς
1687 3103 1958 3171 ἡμετέρας

393 3190 683 3258 κηδόμενοι
736 3191 1044 3261 σωτηρίας.
1095 3194 1275 3245 πᾶσαν
1330 3196 1461 3262 ἡμῖν
1526 3194 1659 3263 πρὸς
1720 3195 1953 3261 πόλεμον

2044 734 2094 787 in
2130 743 2341 799 portum
2391 749 2509 788 sese
2555 734 2804 804 recipiat,
2859 734 3122 788 decernit.
3182 734 3350 785 Paulo
3384 746 3598 799 quoque

2042 835 2189 887 ante,
2227 842 2348 880 cum
2389 842 2663 896 prtecoues
2717 829 2978 892 mitteret,
3033 826 3271 879 hostium
3323 840 3514 877 manus
3545 824 3598 876 in

2040 918 2364 973 exteriorem
2390 934 2601 973 murum
2628 919 2767 973 clam
2797 919 3041 983 irrepens
3065 924 3224 970 nocte
3251 916 3596 981 intempesta,

2040 1026 2275 1079 eumque
2302 1027 2397 1079 pro
2428 1019 2562 1065 nutu
2611 1011 2905 1065 suﬂ'odiens
2934 1012 3133 1076 (neque
3173 1006 3320 1062 enim
3347 1004 3598 1059 custodes

2043 1106 2289 1166 adt-rant,
2310 1103 2608 1157 imminutis
2626 1102 3045 1165 habitatoribus,
3068 1109 3121 1155 et
3143 1101 3233 1167 qui
3259 1098 3401 1152 intus
3424 1104 3599 1159 erant,

2043 1208 2137 1246 eos
2166 1192 2321 1249 foras“
2348 1194 2568 1262 pellere,
2611 1208 2735 1248 eum
2779 1192 2924 1246 obvii
2955 1192 3325 1257 obiicerentur
3380 1186 3605 1239 minime

2041 1284 2317 1353 valebant)
2343 1285 2605 1353 potiorem
2635 1284 2777 1339 illius
2800 1292 3007 1351 partem
3035 1283 3089 1335 in
3112 1280 3284 1336 solum
3311 1266 3603 1346 disiecere,

2044 1385 2098 1429 ut
2135 1376 2248 1444 jam
2291 1374 2473 1431 aditus
2515 1374 2930 1443 quamplurimis
2956 1373 3009 1426 in
3045 1370 3279 1425 medium
3317 1368 3457 1420 inter
3489 1382 3605 1418 mu-

2048 1483 2135 1519 ros
2156 1467 2389 1534 spatium
2416 1476 2642 1535 pateret.
2669 1467 2970 1533 liceretque
2997 1473 3109 1517 tuto
3133 1462 3313 1517 scalas
3345 1459 3602 1512 invehere

2044 1566 2096 1609 et
2142 1573 2391 1627 magnum
2428 1574 2643 1612 murum
2692 1558 2986 1611 ascendere
3026 1554 3371 1621 (exteriorem
3424 1550 3606 1618 itaque

2046 1666 2257 1703 mtuum
2293 1652 2395 1703 hoc
2428 1651 2586 1704 modo
2624 1651 2863 1719 perviqu
2902 1649 3004 1703 sibi
3033 1647 3268 1712 fecere);
3334 1653 3389 1697 et
3410 1642 3607 1710 sa-pins

2046 1739 2278 1791 interdiu
2298 1739 2528 1808 sagittas
2552 1739 2851 1808 impellere,
2878 1751 2907 1788 a
2933 1750 3160 1805 quarum
3180 1734 3328 1803 jactu
3356 1746 3423 1786 ne
3445 1739 3607 1785 noctu

2046 1831 2265 1896 quidem
2302 1830 2602 1894 abstinere,
2631 1830 2757 1883 dum
2801 1830 2866 1881 ad
2900 1842 3126 1897 parvum
3162 1841 3374 1879 murum
3409 1825 3461 1877 in
3494 1824 3610 1891 pla-

2050 1939 2171 1974 num
2196 1920 2581 1976 effundendum
2618 1920 2937 1989 procedunt.
2964 1918 3078 1984 Quo
3100 1917 3300 1972 etenim
3343 1926 3502 1984 pacto
3524 1930 3609 1969 se-

2049 2027 2180 2065 cure
2214 2013 2363 2065 illum
2398 2011 2664 2065 suffodere
2700 2010 3021 2086 potuissent,
3057 2009 3109 2062 ni
3134 2010 3187 2062 in
3218 2006 3421 2072 majore
3448 2020 3609 2060 muro

2049 2112 2254 2157 stantes
2286 2103 2531 2157 homines
2558 2101 2751 2171 iaculis
2796 2099 3139 2168 impedirent,
3184 2112 3250 2151 ne
3280 2097 3400 2151 illos
3427 2096 3606 2150 adorti

2050 2195 2249 2250 similia
2272 2196 2741 2256 machinarentur,
2772 2203 2825 2246 et
2853 2189 3132 2245 facerent?
3156 2194 3404 2243 Attamen
3435 2201 3611 2255 neque

2047 2290 2152 2341 ista
2181 2288 2410 2348 ratione,
2444 2301 2509 2338 ne
2534 2300 2668 2352 opus
2695 2292 2934 2338 nostrum
2960 2297 3055 2350 pro
3078 2282 3285 2335 viribus
3308 2292 3612 2347 ageremus,

2051 2378 2363 2433 effecerunt.
2399 2376 2503 2429 Sed
2537 2384 2665 2429 ante
2689 2375 2792 2427 alia
2826 2388 2889 2428 eo
2922 2373 3207 2427 utebamur
3234 2371 3613 2430 instrumento,

2052 2471 2204 2537 cujus
2254 2466 2538 2536 strepitum
2599 2476 2807 2520 tantum
2867 2465 3095 2518 auribus
3151 2459 3609 2533 percipiebamus,

2052 2560 2119 2613 far
2140 2570 2250 2614 tmn
2284 2572 2432 2622 vero,
2466 2557 2606 2624 quod
2637 2555 2885 2624 equidem
2928 2554 3253 2608 innotuisset
3278 2591 3294 2617 ,
3337 2564 3615 2618 nunquam

2054 2653 2303 2717 vidimus,
2354 2651 2477 2704 licet
2510 2648 2746 2716 pulveris
2793 2646 3081 2716 prmparati
3116 2643 3277 2713 copis
3309 2641 3611 2695 abundat-et

2053 2751 2107 2794 et
2141 2738 2363 2808 largiter
2400 2736 2725 2807 profuseque
2753 2735 2901 2788 omni
2962 2741 3199 2799 tempore
3230 2730 3613 2783 insumeretnr.

2128 2916 2217 2969 10.
2269 2912 2390 2968 Haec
2446 2911 2607 2981 igitur
2664 2910 2904 2964 triduum
2958 2908 3302 2975 gerebantur.
3357 2899 3614 2956 Fonnulli

2059 3008 2313 3073 deinceps
2362 3006 2416 3059 in
2476 3014 2732 3058 esternas
2786 3001 2924 3053 muri
2987 3007 3168 3067 partes
3237 3003 3393 3051 nocte
3441 2991 3615 3047 media

2061 3096 2350 3166 progressi,
2407 3096 2472 3149 de
2533 3094 2705 3147 salute
2762 3100 2944 3145 nostra
2974 3087 3229 3151 solliciti,
3299 3085 3617 3139 universum

2059 3189 2354 3243 exercitum
2387 3188 2726 3257 peditesque,
2757 3183 2847 3252 qui
2906 3181 3167 3235 Mnratem
3226 3177 3619 3246 sequebantur,

400 3282 852 3351 παρεσκευάσθαι
899 3284 997 3349 τὴν
1031 3286 1291 3352 στρατιὰν
1325 3285 1803 3353 προαγγέλλουσι-ι,
1839 3287 1961 3337 ὅσον
1987 3314 2030 3370 c
2063 3279 2129 3334 ad
2182 3297 2187 3349 ι

1839 3287 2030 3370 ὅσονϐ
2063 3279 2129 3334 ad
2182 3280 2525 3349 pugnandum
2585 3291 2706 3331 esse
2787 3274 3163 3343 paratissimos
3220 3266 3604 3337 praenuntiant,

392 3390 456 3423 τε
498 3373 626 3441 περὶ
660 3374 752 3425 τὸν
799 3374 1095 3438 Μουράτην
1142 3375 1331 3439 πεζὸν,
1391 3378 1485 3428 καὶ
1540 3378 1635 3443 τῆς
1695 3377 1961 3446 τετάρτης

396 3465 614 3535 ἡμέρας
665 3465 1043 3536 διαυγασάσης
1075 3467 1359 3535 βούλεσθαι
1408 3467 1527 3520 καθ’
1558 3468 1713 3535 ἡμῶν
1742 3469 1837 3538 ὅλῃ
1871 3469 1964 3520 δν-

395 3559 565 3624 νάμει
607 3558 1007 3628 κεχωρηκέναι,
1036 3560 1127 3611 καὶ
1160 3560 1233 3619 ὼς
1264 3558 1421 3611 πλοῖα
1462 3562 1962 3628 παρασκευάσειαν,

399 3652 498 3703 καὶ
530 3649 741 3713 τούτοις
783 3652 850 3703 ἵν’
888 3652 994 3704 άπὸ
1026 3651 1119 3703 τοῦ
1153 3651 1293 3703 κατὰ
1328 3651 1597 3705 θάλατταν
1631 3651 1831 3720 μέρους
1864 3653 1966 3703 liv-

396 3759 495 3803 τες
539 3743 671 3809 πρὸῖ
722 3740 903 3800 διττὰς
960 3742 1343 3807 ἀναγκάσωσιν
1400 3743 1546 3810 ἡμᾶς
1604 3741 1967 3809 ἀηοληθῆναι

399 3832 715 3899 φροντίδας.
757 3832 820 3883 Ὃ
849 3833 942 3883 καὶ
972 3832 1178 3901 σηρόδρα
1211 3832 1306 3893 τὰς
1348 3832 1623 3901 ἡμετέρας
1656 3831 1834 3901 ψυχὰς
1862 3830 1970 3883 διε-

399 3924 609 3991 τάραξε
639 3922 733 3975 καὶ
762 3925 842 3984 είς
878 3924 1111 3990 ἀπορίαν
1164 3922 1414 3980 ένέεαλεν
1455 3924 1607 3992 ὅσην,
1650 3923 1725 3986 ὡς
1768 3921 1970 3994 βλάϐην

365 4046 369 4049 -
398 4015 540 4082 ἡμῖν
569 4013 868 4082 δυνάμενον
892 4014 953 4067 οὐ
982 4014 1083 4084 τὴν
1116 4014 1382 4083 τυχοῦσαν
1424 4017 1745 4081 ἐπαγαγεῖν.
1780 4014 1969 4081 Δείλης

400 4103 699 4172 τοιγαροῦν
742 4104 974 4173 ταυτησὶ
1009 4104 1384 4174 γεγενημένης
1432 4104 1533 4171 τῆς
1569 4102 1849 4170 ἀγγελίας,
1879 4102 1972 4154 καὶ

403 4196 629 4248 πάντων
659 4196 818 4265 ήμῶν
870 4197 927 4249 ὲν
969 4195 1292 4267 περιστάσει
1348 4197 1441 4249 καὶ
1488 4197 1773 4264 λογισμοῖς
1806 4195 1973 4249 ὄντων

404 4288 529 4347 πῶς
562 4286 627 4339 ἃν
653 4286 1033 4356 διατεθείημεν
1072 4287 1211 4358 πρὸς
1257 4289 1348 4340 τὸν
1394 4289 1652 4358 πόλεμον,
1700 4290 1881 4359 πάσης
1914 4304 1971 4339 τε

405 4377 598 4445 σχεδὸν
628 4377 845 4445 ήλικίας
869 4376 1035 4445 οὔσης
1081 4381 1139 4430 έν
1182 4378 1535 4450 έγρηγόρσει,
1581 4379 1793 4447 δεήσεις
1823 4380 1975 4431 ἐκτε-

402 4470 520 4526 νεῖς
552 4465 668 4535 Θεῷ
698 4466 790 4520 καὶ
818 4464 895 4535 τῷ
925 4464 1237 4535 μυροσλύτῃ
1266 4466 1502 4533 μάρτυρι
1534 4464 1655 4517 καθ’
1684 4466 1812 4533 ὅλην
1838 4465 1976 4517 ὲκεί-

404 4575 508 4627 νην
546 4558 929 4627 προσαγόντων
956 4558 1055 4626 τὴν
1089 4555 1257 4609 νύκτα
1291 4555 1513 4625 (πάντες
1544 4554 1651 4626 γὰρ
1683 4556 1883 4626 ᾔδεσαν
1919 4560 1975 4609 ἐν

2066 3373 2355 3440 statimque
2412 3381 2573 3439 atque
2600 3369 2713 3422 dies
2766 3376 2990 3436 quartus
3038 3364 3300 3425 illuxerir,
3362 3361 3623 3412 adversus

2069 3482 2165 3519 nos
2195 3466 2406 3519 cunctis
2428 3464 2629 3515 viribus
2674 3460 3070 3529 aggressionem
3127 3455 3429 3516 facturum;
3463 3461 3626 3502 naves

2068 3572 2280 3627 quoque
2339 3568 2690 3622 praeparasse,
2733 3552 2929 3619 quibus
2975 3564 3073 3617 per
3122 3560 3273 3599 mare
3322 3545 3629 3609 irrumpens

2069 3648 2265 3716 duplici
2299 3662 2393 3701 nos
2451 3645 2695 3698 molestia
2752 3642 3054 3695 aﬂlictaret.
3101 3638 3207 3691 Sed
3262 3633 3628 3701 maximopere

2072 3740 2306 3793 rationes
2365 3746 2577 3791 nostras
2643 3734 3011 3793 conturbavit,
3068 3737 3470 3797 suspensosque
3536 3722 3625 3776 diu

2072 3831 2243 3885 tenuit
2271 3829 2496 3891 animos,
2526 3838 2776 3896 tanquam
2808 3824 2950 3895 quod
2984 3824 3173 3889 ingens
3205 3822 3617 3885 apportaturum

2070 3920 2474 3985 t-ssetmalum;
2537 3928 2592 3972 et
2641 3914 2988 3971 discruciatis
3046 3919 3266 3981 pectore
3315 3905 3622 3960 consistere

2071 4010 2282 4066 consilii
2332 4009 2467 4063 nihil
2528 4016 2757 4078 poterat.
2820 4005 2934 4060 lloe
2995 4013 3218 4072 accepto
3284 3998 3471 4053 nuntio
3537 3993 3638 4050 sub

2072 4117 2372 4173 vesperam,
2410 4116 2533 4155 cum
2578 4098 2745 4153 variis
2808 4096 3225 4151 necessitatibus
3282 4102 3625 4159 urgeremur,

2073 4195 2604 4261 distraheremurque
2656 4189 3107 4245 sollicitudinibus
3172 4200 3278 4254 quo
3331 4182 3509 4252 pacto]
3532 4192 3631 4232 nos

2077 4290 2128 4338 in
2164 4284 2299 4340 bello
2342 4296 2675 4353 gereremus,
2702 4287 2757 4334 et
2779 4279 2955 4335 omnis
3006 4277 3277 4331 hominum
3327 4281 3459 4325 aztas
3527 4268 3641 4323 evi-

2074 4378 2286 4448 gilaret,
2341 4387 2527 4445 preces
2583 4372 2691 4428 Deo
2746 4380 2802 4427 et
2868 4367 3183 4440 myroblytre
3256 4362 3479 4434 martyri
3546 4374 3642 4430 per

2079 4478 2244 4522 totam
2278 4467 2423 4521 illam
2455 4474 2663 4519 noctem
2728 4462 3080 4522 effundimus,
3126 4459 3417 4512 imminens
3465 4451 3639 4520 siqui-

2079 4561 2198 4611 dem
2231 4555 2523 4627 periculum
2556 4562 2875 4620 certumque
2909 4561 3035 4604 ante
3069 4548 3257 4602 oculos
3291 4551 3430 4599 erat.
3460 4541 3638 4596 Latini

406 4647 533 4716 χρῷ
581 4646 677 4699 τοῦ
724 4648 971 4700 κινδύνου
1019 4646 1462 4718 καθεστηκέναι),
1493 4648 1544 4699 oi
1588 4649 1806 4699 Λατῖνοι
1857 4649 1981 4716 περὶ
2016 4664 2057 4718 ι)
2084 4663 2193 4704 vert

1857 4649 2210 4718 περὶονετο
2262 4654 2467 4717 partem
2533 4644 2732 4698 littoris
2799 4641 3092 4711 pendentes
3154 4635 3400 4700 maximi,
3472 4633 3641 4687 trium

408 4738 614 4791 πολλοῦ
659 4739 720 4790 τὸ
761 4738 854 4790 τοῦ
887 4736 1135 4807 αἰγιαλοῦ
1184 4737 1501 4806 ποιούμενοι
1544 4738 1709 4807 μέρος
1747 4737 1833 4790 διὰ
1881 4740 1978 4795 τὰς

405 4833 563 4897 τρεῖς
594 4829 649 4881 αἳ
680 4831 932 4898 παρῆσαν
957 4830 1022 4897 τῇ
1053 4829 1203 4881 πόλει
1224 4830 1494 4898 τριήρεις,
1523 4828 1598 4900 μὴ
1627 4829 1797 4899 πυρὸς
1820 4827 1979 4896 ἔργον

406 4921 616 4980 ταύτας
659 4919 900 4980 ἐλθόντες
945 4920 995 4971 οῖ
1042 4918 1274 4988 Τοῦρκοι
1324 4924 1615 4989 ποιήσωσι,
1666 4921 1790 4979 τοὺς
1828 4918 1980 4987 σφῶν

406 5012 661 5076 τοξότας,
696 5011 1129 5081 μεμερισμένους
1164 5011 1321 5072 ὄντας
1356 5012 1449 5063 ἐπὶ
1479 5010 1692 5079 φυλακῇ
1722 5010 1830 5062 τῶν
1874 5027 1981 5062 τει-

409 5102 550 5172 χῶν,
580 5103 960 5171 ὑπαναχωρεῖν
1005 5102 1199 5164 αὐτοὺς
1253 5101 1558 5170 περιιόντες
1608 5101 1980 5169 ἐπέσκηπτον,

410 5192 528 5245 τῶν
555 5192 727 5247 ἄλλων
752 5194 849 5263 τὴν
874 5194 1063 5263 σκέψιν
1091 5194 1293 5261 ταύτην
1326 5194 1399 5263 μὴ
1427 5192 1824 5259 γινωσκόντων,
1859 5195 1984 5263 μηδ’

412 5287 559 5352 ὅπερ
606 5282 836 5348 ἐκείνοις
880 5286 912 5352 ή
947 5284 1055 5337 άπὸ
1102 5283 1208 5337 τῶν
1247 5283 1442 5353 τειχῶν
1493 5282 1742 5353 βούλεται
1777 5284 1987 5351 ἀναχώ-

419 5392 605 5445 ρησις.
655 5376 716 5427 El
760 5376 870 5443 γάρ
895 5375 1150 5444 καθαρῶς
1195 5374 1465 5444 ὲγύμνουν
1515 5376 1575 5427 τὸ
1615 5377 1863 5444 πρᾶγμα,
1911 5376 1986 5437 ὡς

417 5468 513 5517 ἐπὶ
542 5463 754 5535 φυλακῇ
787 5464 879 5516 τοῦ
905 5464 1125 5532 λιμένος
1160 5463 1380 5514 καὶτῶν
1410 5461 1652 5531 τριηρῶν
1687 5460 1985 5514 καταϐιϐά-

421 5556 581 5618 ζουσι
615 5555 837 5616 τούτους
885 5553 978 5607 τοῦ
1027 5553 1275 5623 τείχους
1318 5553 1593 5613 εὐέλπιδες
1639 5551 1705 5605 ἂν
1750 5549 1891 5620 ἦσαν
1938 5553 1986 5604 oi

422 5646 905 5716 περιλελειμμένος.
934 5646 1008 5712 τῷ
1033 5646 1224 5713 τείχει,
1256 5646 1348 5698 καὶ
1376 5645 1477 5696 ούκ
1510 5645 1574 5695 ἂν
1603 5648 1781 5711 φυγὴν
1809 5642 1987 5695 αὐτῶν

425 5739 803 5791 ὑπετόπασαν.
838 5736 981 5789 Ἀλλ’
1006 5736 1207 5805 ἥκιστα
1244 5735 1467 5803 γέγονεν
1496 5733 1658 5793 οὓτω,
1694 5732 1989 5785 κάντεῦθεν

426 5832 460 5899 ή
492 5831 715 5881 ἐκείνων
744 5831 849 5880 ἀπ’»
879 5826 970 5879 τοῦ
1001 5827 1214 5896 τείχους
1244 5827 1529 5888 διάστασις
1575 5825 1776 5879 δειλίαν
1803 5824 1863 5877 ού
1892 5824 1989 5893 τὴν

427 5923 701 5974 τυνοῦσαν
734 5923 821 5972 τ.ῖ
881 5920 991 5973 ζιτά
1027 5938 1135 5971 των
1168 5920 1324 5975 ὲνῆκε
1375 5920 1592 5977 ύυγαῖτ.
1628 5919 1722 5970 καὶ
1756 5916 1893 5969 κατὰ
1930 5917 1988 5968 τὸ

2089 4739 2386 4809 triremium
2432 4749 2614 4801 causa,
2680 4749 2811 4803 qua:
2848 4733 2898 4787 in
2958 4732 3144 4784 urbem
3202 4732 3638 4794 penetraverant,

2087 4841 2152 4881 ne
2180 4809 2272 4879 eas
2299 4823 2529 4877 ﬂantmis
2578 4838 2677 4876 suo
2740 4822 2974 4875 adventu
3023 4818 3217 4870 Turcte
3262 4817 3640 4874 absumerent,

2086 4916 2394 4985 sagittarios
2452 4916 2517 4967 ad
2578 4913 2883 4966 custodiam
2966 4921 3245 4962 murormn
3331 4903 3646 4972 dispartitos

2086 5008 2362 5071 secedere,
2417 5006 2520 5060 alio
2569 5016 2729 5074 atque
2789 5004 2896 5057 alio
2961 5001 3276 5071 migrantes,
3345 4997 3646 5066 jusserunt,

2091 5098 2308 5164 reliquis
2342 5112 2557 5151 causam
2586 5096 2660 5150 rei
2695 5094 3070 5165 ignorantibus
3096 5100 3151 5145 et
3203 5090 3331 5159 quid
3391 5103 3423 5142 e
3478 5088 3649 5141 muris

2089 5188 2322 5244 secessio
2352 5189 2620 5242 iuuueret.
2655 5184 2864 5240 Etenim
2892 5185 2938 5238 si
2969 5183 3169 5237 factum
3192 5181 3350 5249 plane
3397 5180 3634 5247 aperuis-

2090 5286 2228 5345 sent,
2259 5279 2325 5332 ad
2354 5277 2766 5333 custodiendum
2796 5276 3005 5332 scilicet
3028 5284 3237 5344 portum
3293 5282 3347 5324 et
3400 5270 3649 5324 triremes

2090 5370 2434 5424 eusamuris
2495 5366 2733 5432 avocari,
2799 5366 2887 5437 qui
2952 5366 3003 5419 in
3053 5364 3220 5416 muris
3288 5359 3647 5415 defendendis

2095 5470 2482 5521 remanserant,
2508 5476 2602 5529 spe
2652 5474 2755 5514 non
2804 5458 2955 5513 mala.
3007 5456 3209 5518 laetati,
3271 5454 3447 5520 fugam
3506 5450 3651 5503 illam

2092 5568 2214 5607 esse
2240 5551 2496 5621 suspicati
2536 5567 2639 5605 non
2675 5550 2921 5603 fuissent.
2957 5547 3062 5603 Sed
3099 5546 3151 5600 id
3182 5546 3288 5599 alio
3317 5543 3480 5597 modo
3525 5556 3651 5594 eve-

2095 5647 2192 5709 nit,
2218 5655 2273 5698 et
2302 5658 2487 5697 eorum
2518 5658 2547 5696 a
2581 5643 2748 5696 muris
2772 5655 3023 5696 secessus
3054 5638 3345 5691 maximum
3408 5634 3461 5687 iu
3524 5646 3652 5701 pec-

2096 5749 2211 5791 tora
2252 5736 2489 5790 omnium
2523 5746 2721 5790 metum
2781 5734 2984 5803 injecit,
3017 5734 3151 5786 adeo
3185 5740 3242 5783 ut
3299 5728 3470 5782 media
3535 5727 3651 5794 ipsa

2096 5840 2252 5885 nocte
2300 5829 2423 5897 fuga
2466 5828 2769 5884 clanculum
2795 5833 3033 5895 arrepta.
3058 5839 3161 5878 non
3183 5837 3345 5891 parva
3371 5834 3650 5873 murorum

2097 5930 2249 5977 parte
2275 5920 2511 5979 deserta.
2544 5919 2762 5972 domum
2820 5921 3141 5971 remearent.
3194 5910 3317 5965 llzec
3369 5908 3649 5976 potissima
