4526 6514
956 449 1060 513 607

2153 450 2475 511 JOANNIS
2505 454 2546 511 Α
2560 452 2705 512 NAG
2721 451 2982 513 NOS'fi‘E

4108 456 4206 516 σξκ

956 562 1100 624 λίθος
1132 563 1258 616 ἄνευ
1288 561 1490 615 σκοποῦ
1525 562 1818 636 ἀφιέμενος
1856 569 1917 619 ἐκ
1969 568 2151 635 χειρὸς
2202 571 2511 638 ναρκώσης,
2546 570 2641 621 τοῦ
2676 570 2990 636 πέμποντος
3061 571 3158 638 οὐχ
3218 571 3352 639 ὁρᾷν
3405 571 3705 639 δυναμένου
3749 569 3885 638 πρὸς
3932 568 4077 621 τίνα
4124 586 4203 617 n-

957 657 1031 724 πῆ
1067 656 1252 707 τοῦτον
1300 658 1489 725 ἀφίησι
1521 675 1535 725 ;

1030 750 1137 801 line
1176 761 1397 818 prepter
1428 752 1671 806 bosﬁhns
1705 754 1873 807 modis
1898 756 2146 809 omnibus
2179 767 2398 811 strenue
2450 772 2508 810 se
2541 766 2586 823 Α
2685 754 2817 806 Tau"

2450 772 2508 810 se
2541 766 2586 823 Α
2685 754 2870 824 Ταύτῃ
2900 772 2981 807 τοι
3032 750 3125 807 οὖν
3158 754 3266 808 τῶν
3302 755 3578 820 πολεμίων
3634 755 3721 808 διὰ
3758 756 3991 808 πάντων
4056 756 4194 821 Iazu-

955 842 1261 909 gnrentibns
1284 851 1338 895 ct
1372 858 1597 910 pugnam
1634 846 1913 912 diligenter
1944 852 2415 914 prosequentibus.
2462 858 2515 902 et

958 936 1113 987 nobis
1146 938 1393 988 omnibus
1428 936 1743 992 discrimine
1798 950 2051 1008 metuque
2100 945 2412 1010 prostratis,
2463 954 2517 999 et

957 1026 1077 1079 aliis
1109 1025 1248 1079 bello
1283 1028 1437 1078 linem
1474 1028 1768 1092 positurum
1800 1031 2058 1086 Mnratem
2095 1035 2513 1103 suspicantibus,

958 1118 1081 1169 aliis
1114 1125 1352 1171 nostrum
1382 1120 1652 1173 excidium
1685 1126 2128 1189 exspectantibus
2159 1127 2512 1180 contenden-

962 1209 1209 1275 tihnsque
1244 1223 1492 1275 prorsum
1546 1213 1737 1265 urbem
1780 1216 2107 1283 capiendam
2188 1233 2332 1273 esse.
2418 1218 2510 1273 Sic

962 1300 1123 1353 rebus
1161 1315 1218 1353 se
1251 1301 1597 1367 habentibus,
1628 1314 1681 1357 et
1713 1306 1865 1359 nobis
1895 1311 2226 1372 perturbatis
2254 1320 2307 1362 et
2380 1312 2514 1363 iusi—

959 1394 1137 1453 gntter
1169 1390 1427 1453 confusis,
1453 1409 1570 1445 cum
1611 1396 1806 1461 partim
1864 1412 2053 1464 pugna?
2117 1399 2517 1466 incumberent,

960 1482 1151 1545 partim
1208 1492 1483 1549 torpen'cs
1530 1497 1861 1552 cessassent,
1942 1494 2136 1558 partim
2192 1494 2515 1561 sagittarum

960 1570 1157 1623 ictibus
1192 1583 1417 1625 mortem
1457 1577 1836 1644 oppetiissent,
1867 1582 2061 1648 partim
2097 1600 2126 1636 e
2176 1588 2345 1637 muris
2392 1586 2515 1654 luga

960 1676 1079 1713 sese
1108 1664 1492 1731 surripuissent
1522 1671 1886 1740 continuoque
1919 1675 2283 1743 surriperent,
2324 1679 2519 1734 timore

960 1752 1197 1807 statione
1230 1756 1440 1821 relicta,
1471 1760 1710 1813 nondum
1730 1763 1908 1829 quarti
1942 1764 2046 1819 diei
2077 1766 2209 1819 hora
2242 1771 2523 1835 prmterie-

958 1853 1043 1896 rat
1069 1847 1251 1911 tertia,
1287 1856 1343 1901 et
1400 1852 1527 1905 urbs
1558 1851 1626 1905 ab
1662 1852 1928 1921 hostibus,
1967 1858 2070 1911 heu
2110 1859 2123 1913 i
2161 1860 2264 1915 hoc
2306 1864 2522 1931 capitur

958 1935 1134 1990 modo.

1032 2223 1115 2277 15.
1149 2224 1281 2279 Cum
1320 2230 1371 2283 in
1407 2232 1570 2286 multa
1600 2231 1718 2289 loca
1750 2239 1927 2295 scalas
1976 2242 2362 2313 adduxissent,
2420 2264 2519 2303 nec

959 2325 1179 2380 possent
1211 2332 1304 2372 eas
1331 2320 1525 2376 alicubi
1586 2341 1740 2381 muro
1802 2333 2116 2400 appingere,
2146 2352 2175 2389 e
2239 2341 2520 2406 superiore

958 2417 1115 2473 parte
1145 2408 1348 2478 depulsi
1376 2413 1601 2483 ideoque
1628 2428 1772 2470 metu
1806 2427 2048 2489 Oppressi
2086 2427 2256 2482 labori
2315 2445 2519 2483 renun-

961 2496 1431 2556 tiarttnt:aiicnbi
1488 2506 1907 2567 aﬂixarumcum
1978 2519 2268 2573 nonnullus
2320 2524 2520 2588 gradus

960 2587 1353 2651 ascendissent,
1374 2607 1477 2645 non
1503 2606 1724 2663 potuere
1744 2599 1949 2655 facinus
1968 2605 2271 2673 absolvere,
2297 2587 2518 2675 quibus-

961 2674 1084 2727 dam
1109 2678 1230 2734 aliis
1259 2683 1678 2743 animosioribus
1711 2691 1760 2744 in
1793 2692 1899 2745 illis
1932 2698 2179 2761 partibus
2211 2702 2521 2755 consisten-

965 2767 1127 2825 tibus.
1158 2780 1206 2822 et
1237 2773 1383 2827 saxis
1415 2786 1577 2846 atque
1609 2779 1875 2849 lapidibus
1898 2799 2021 2840 cum
2061 2786 2192 2855 ipsis
2242 2792 2405 2845 scalis
2432 2794 2523 2847 de-

957 2857 1272 2926 jicientlbus
1298 2876 1350 2919 et
1380 2866 1862 2927 internecantibus.
1882 2874 2016 2930 Cum
2043 2878 2224 2948 itaque
2257 2880 2371 2937 haec
2398 2898 2524 2937 suc-

961 2950 1219 3006 cederent
1248 2968 1299 3009 et
1330 2958 1402 3011 illi
1430 2960 1636 3015 insania
1672 2965 1814 3032 pleni
1847 2966 2114 3031 furerent,
2177 2988 2283 3028 non
2317 2977 2525 3030 medio-

962 3054 1107 3093 crem
1136 3044 1409 3099 infamiam
1445 3051 1545 3103 sibi
1583 3052 1809 3122 irrogari
1844 3059 1944 3111 rati
1979 3059 2025 3114 si
2059 3062 2344 3117 victoriam
2416 3083 2519 3120 non

964 3140 1352 3195 reportassent,
1382 3136 1650 3195 curiosius
1685 3142 2094 3216 investigantes,
2140 3153 2349 3206 scalam
2406 3155 2524 3208 ‘i‘ri-

962 3222 1118 3281 genio
1140 3224 1430 3289 applicant,
1452 3228 1606 3297 cujus
1634 3236 1860 3303 angulus
1885 3249 2005 3293 erat
2031 3256 2096 3295 ex
2116 3243 2278 3301 turri.
2309 3260 2408 3299 nec
2431 3261 2525 3312 po-

962 3317 1373 3370 teratascensus
1402 3318 1672 3389 impediri,
1692 3329 2031 3392 potissimum
2060 3348 2181 3385 cum
2209 3335 2521 3393 hominibus

960 3417 1182 3470 prorsus
1215 3408 1557 3474 viduaretur;
1593 3419 1863 3485 pedesqtte
1902 3422 2164 3477 audacior
2187 3426 2333 3491 aliis,
2388 3445 2515 3485 ense
2544 3441 2591 3504 ο

963 3491 1217 3546 dentibus
1244 3505 1447 3563 rarpto,
1478 3500 1704 3571 vitaque
1732 3514 1955 3560 mortem
1975 3523 2318 3579 praponens,
2346 3516 2519 3570 solmn

962 3591 1021 3633 ιιι
1050 3582 1387 3641 fortitudinis
1452 3589 1650 3645 famam
1703 3594 1807 3648 sibi
1872 3612 2239 3669 compararet,
2302 3606 2520 3661 fidentia

963 3690 1121 3741 quam
1161 3680 1391 3733 maxima
1428 3698 1641 3737 murum
1675 3689 1938 3753 ascendit,
1975 3694 2190 3749 nemine
2224 3696 2271 3749 id
2305 3711 2525 3766 persen-

965 3771 1130 3822 tiente
1163 3771 1383 3833 civium,
1416 3774 1545 3841 quin
1569 3778 1691 3830 aliis
1720 3778 1773 3832 in
1802 3778 1934 3837 locis
1957 3784 2209 3839 hostibus
2233 3803 2521 3844 ascensum

962 3861 1343 3929 prohibebant.
1372 3864 1421 3918 Is
1452 3864 1630 3921 Latini
1668 3870 1808 3924 inter
1834 3879 2244 3945 propugnacula
2283 3882 2521 3937 confossi

966 3952 1276 4008 vulneribus
1302 3965 1356 4009 et
1390 3968 1693 4014 extremum
1729 3964 1990 4032 spirantis
2030 3980 2193 4038 caput
2224 3972 2523 4028 abscissum

966 4042 1111 4097 inter
1133 4047 1483 4114 conlligentcs
1506 4052 1752 4120 projecit,
1807 4057 2039 4113 innuens
2063 4074 2121 4114 se
2150 4064 2322 4131 partis
2382 4065 2525 4121 illius

966 4137 1215 4202 potitum,
1248 4150 1299 4193 et
1323 4139 1554 4197 desertis
1591 4146 1761 4200 muris
1788 4147 1948 4214 plane
1980 4165 2171 4207 omnes
2232 4155 2285 4209 in
2336 4156 2519 4221 fugam

965 4244 1088 4281 sese
1120 4232 1322 4285 reditus
1348 4234 1692 4292 immemores
1722 4241 2039 4308 conjecisse.
2080 4242 2234 4300 Diem
2270 4257 2381 4302 tum
2402 4265 2529 4317 ape-

967 4322 1142 4376 rivbat
1197 4328 1395 4380 mensis
1428 4328 1652 4384 Martius
1709 4344 1982 4389 nonumet
2038 4338 2351 4394 vicesimum
2400 4344 2527 4396 anni

966 4412 1105 4466 6958
1140 4416 1361 4483 (Christi
1397 4419 1577 4487 1450).
1603 4422 1781 4488 Quare
1816 4426 1905 4479 ille
1935 4428 2148 4495 pedites
2204 4444 2398 4487 omnes
2432 4434 2529 4487 ad-

968 4506 1215 4570 hortans,
1271 4518 1324 4561 et
1369 4511 1691 4567 destitutum
1747 4529 1777 4567 a
1813 4516 2193 4573 defensoribus
2225 4520 2401 4575 locum
2453 4523 2529 4577 si-

934 4592 1248 4663 ‘guiticans,
1292 4613 1347 4652 nt
1380 4603 1522 4658 illico
1566 4607 1927 4662 ascenderent
1992 4609 2252 4666 clamare.
2312 4614 2416 4679 Illi,
2470 4626 2528 4670 ut

969 4702 1232 4756 poterant.
1257 4695 1435 4747 subito
1465 4697 1624 4751 scalis
1658 4700 1930 4756 universis
1952 4703 2185 4758 admotis
2216 4706 2528 4775 frequentes

2623 844 2729 913 ρῶν
2786 845 3168 913 δεικνυμένων,
3199 845 3293 898 τοῦ
3352 846 3591 915 πολέμου
3642 862 3699 897 τε
3743 845 4028 914 μηδαμῶς
4074 847 4199 911 άμε-

2618 933 2874 997 λούντων,
2913 939 3005 989 κοιλ⁸
3037 938 3258 989 πάντων
3306 939 3465 1005 ἡμῶν
3508 938 3567 989 ἐν
3599 938 3820 1005 ταράχῳ
3870 935 4071 1004 πολλῷ
4115 939 4207 988 καὶ

2620 1024 2773 1093 φόϐῳ
2804 1024 3251 1094 καθεστηκότων,
3291 1026 3382 1079 καὶ
3422 1024 3534 1077 τῶν
3573 1026 3672 1093 μὲν
3720 1025 4056 1077 παύσασθαι
4113 1027 4207 1077 τνιῦ

2619 1117 2876 1185 πολεμεῖν
2909 1117 2999 1167 τὸν
3029 1116 3323 1186 Μουράτην
3373 1116 3768 1182 ὑπονοούντων,
3815 1116 3924 1167 τῶν
3980 1117 4046 1167 δὲ
4111 1119 4207 1183 τὴν

2618 1208 2896 1277 ἡμετέραν
2923 1208 3202 1260 ἀπώλειαν
3236 1208 3688 1276 προσδοκώντων,
3723 1207 3817 1260 καὶ
3854 1209 4207 1275 διατεινομέ-

2620 1316 2726 1349 νων
2765 1297 2838 1367 μὴ
2866 1297 2930 1350 ἂν
2965 1297 3139 1359 άλλως
3193 1298 3443 1364 γενέσθαι
3477 1299 3511 1368 ἢ
3555 1299 3653 1368 τὴν
3686 1298 3838 1350 πόλιν
3888 1298 4134 1359 ἁλῶναι,
4188 1328 4203 1335 -

2620 1389 2793 1453 οὕτως
2821 1385 2913 1443 οὖν
2948 1389 3056 1441 τῶν
3082 1392 3421 1459 πραγμάτων
3436 1390 3796 1459 διακειμένων
3845 1392 3940 1443 καὶ
3996 1392 4205 1455 πολλῆς

2621 1482 2677 1533 ἐν
2702 1486 2836 1551 ἡμῖν
2874 1482 3189 1551 συγχύσεως
3220 1483 3408 1551 οὔσης,
3439 1483 3549 1535 τῶν
3601 1482 3701 1551 μὲν
3751 1483 3889 1551 πρὸς
3925 1484 3987 1533 τὸ
4047 1488 4207 1533 rm}:-

2623 1574 2747 1640 μεῖν
2781 1574 2905 1635 faui;
2932 1572 3367 1642 ἀσχολουμένων,
3408 1572 3518 1626 τῶν
3545 1573 3600 1624 δὲ
3658 1573 4205 1641 καταναρκωοέντων

2622 1662 2896 1727 καθάπαξ,
2930 1664 3131 1732 ἐτέρων
3151 1665 3206 1717 δὲ
3238 1666 3350 1727 τοῖς
3374 1666 3480 1717 ἀπὸ
3512 1664 3619 1717 τῶν
3650 1665 3818 1733 βελῶν
3880 1667 4206 1734 τραύματι.

2622 1754 3089 1821 ἐναποθανόντων,
3139 1755 3296 1809 ἐνίων
3326 1756 3383 1809 δέ
3432 1758 3526 1808 καὶ
3570 1758 3879 1824 φευγόντων
3919 1758 4039 1808 duo
4104 1759 4207 1807 τὼν

2622 1845 2837 1914 τειχῶν,
2876 1848 3074 1913 μηκέτι
3110 1848 3295 1916 μένειν
3327 1849 3508 1900 ἐκεῖσε
3561 1848 3877 1915 δυναμένων
3938 1848 4059 1899 ὑπὸ
4120 1853 4207 1900 to]

2622 1937 2797 2001 δέους,
2861 1938 3003 1991 οὕτω
3060 1940 3157 2009 τῆς
3211 1941 3479 2009 τετάρτης
3528 1942 3559 2009 ἡ
3615 1940 3769 2008 τρίτη
3818 1940 4207 2008 παρελήλυθεν.

2624 2026 2763 2097 ὥρα,
2792 2030 2887 2081 καὶ
2917 2031 2949 2099 ἡ
2981 2031 3139 2091 πόλις
3166 2032 3267 2099 φεῦ
3298 2033 3311 2085 ι
3338 2032 3490 2099 παρὰ
3520 2031 3630 2083 τῶν
3677 2032 3952 2101 πολεμίων
4020 2034 4207 2085 τούτῳ.

2551 2097 2593 2152 Β
2623 2121 2766 2173 ἐάλω
2802 2123 2891 2174 τὸν
2939 2097 3172 2194 τρόπον.

2696 2211 2785 2279 ιγ’.
2816 2212 2905 2275 Ὠς
2927 2214 3006 2276 είς
3038 2214 3208 2267 πολλὰ
3237 2214 3337 2277 τὰς
3365 2214 3643 2284 κλίμακας
3699 2211 3839 2285 ἦσαν
3869 2219 4207 2286 κομίσαντες

2626 2304 2788 2372 μέρη,
2815 2304 2909 2355 καὶ
2936 2308 3010 2373 πῇ
3042 2306 3257 2372 ἐγγίσαι
3287 2305 3365 2374 τῷ
3417 2307 3587 2377 τείχει
3630 2307 3830 2369 ταύτας
3881 2310 3985 2361 οὐκ
4028 2312 4206 2379 ἔσχον,

2620 2393 2990 2446 ἁπωθούντων
3028 2395 3135 2445 τῶν
3165 2395 3297 2459 ἄνω,
3338 2397 3532 2465 μέχρις
3570 2390 3630 2449 οὗ
3664 2396 4055 2466 κατενάρκησα
4094 2404 4210 2451 τού-

2621 2500 2747 2545 τους
2771 2486 2798 2536 ὁ
2846 2484 3027 2551 φόϐος,
3062 2484 3139 2554 πῆ
3170 2485 3225 2537 δέ
3259 2486 3441 2549 θέντες
3492 2486 3584 2538 καί
3618 2503 3769 2549 τινας
3803 2488 4210 2554 ἀναϐεϐηκότες

2626 2573 2889 2644 βαθμίδας
2931 2576 3032 2629 οὐκ
3070 2576 3298 2646 ῖσχυςαν
3341 2579 3401 2630 τὸ
3457 2580 3764 2651 ἐγχείρημα
3817 2589 4208 2652 συμπερᾶναι,

2623 2672 2785 2724 τινῶν
2816 2672 3082 2741 εὐψυχίαν
3140 2673 3279 2743 ὑπὲρ
3340 2675 3467 2735 τοὺς
3529 2676 3721 2737 ἄλλους
3785 2682 4103 2749 κτωμένων
4156 2686 4209 2735 ἐν

2622 2762 2854 2823 ἐκείνοις
2876 2766 2984 2825 τοῖς
3017 2764 3239 2833 μέρεσιν
3261 2765 3608 2833 εὑρεθέντων,
3634 2768 3913 2832 καὶλίθοις
3958 2775 4209 2840 χερμάσι

2624 2856 3120 2924 καταϐεϐληκότων
3161 2858 3276 2927 ἅμα
3333 2862 3454 2921 ταῖς
3515 2860 3739 2929 κλίμαξι
3795 2863 4055 2929 τούτους,
4126 2871 4212 2918 καὶ

2624 2946 2850 3011 πολλοὺς
2880 2950 2940 3001 τὸ
2964 2947 3063 3017 ζῇν
3102 2950 3516 3018 ἐζημιωκότων,
3548 2980 3603 2991 --
3629 2954 3704 3016 ὡς
3729 2953 3822 3005 οὖν
3850 2955 4001 3007 οὕτω
4033 2958 4209 3009 ταῦτα

2622 3039 2853 3107 γένοιτο.
2888 3042 2983 3092 καὶ
3012 3042 3241 3109 πλήρεις
3269 3036 3412 3110 ἦσαν
3465 3044 3665 3096 ἐκεῖνοι
3717 3044 3894 3114 θυμοῦ
3930 3048 3948 3115 (
3979 3048 4065 3117 μὴ
4119 3052 4212 3101 οἰκ

2622 3133 2811 3202 ὀλίγην
2861 3134 3093 3203 ἡγοῦντο
3120 3134 3227 3203 γὰρ
3269 3135 3531 3205 ὀφλήσειν
3591 3136 3853 3208 αίσχύνην
3910 3140 4215 3210 ἡττημένιλ.

2623 3226 2956 3295 φανέντες),
3012 3228 3434 3298 περιεργότερον
3484 3233 3900 3299 στοχασάμενοι,
3957 3240 4063 3285 καὶ
4114 3237 4215 3287 τῶν

2624 3318 2908 3383 κλιμάκων
2941 3318 3065 3385 μίαν
3098 3318 3317 3370 κατὰτὸ
3348 3320 3651 3387 Τριγὼνιον
3687 3321 3891 3383 θέντες,
3923 3318 3987 3377 οὗ
4032 3330 4209 3393 γωνία

2624 3424 2707 3470 τις
2730 3404 2797 3477 ἦν
2826 3410 2889 3460 ἐκ
2930 3408 3163 3478 πύργου,
3195 3410 3288 3462 καὶ
3352 3410 3452 3463 οὐκ
3490 3404 3640 3480 εἶχεν
3690 3412 3811 3464 ὅθεν
3856 3414 3925 3466 άν
3974 3434 4065 3476 τις
4124 3418 4215 3484 τῆς

2629 3500 2818 3551 ἀνόδου
2842 3500 3085 3553 κωλύσαι
3107 3500 3197 3553 τὸν
3216 3500 3600 3569 ἀναϐαίνοντα,
3635 3505 3731 3557 καὶ
3758 3506 3931 3576 πολλή
3988 3525 4082 3570 τις
4110 3512 4215 3560 tein

2629 3592 2934 3662 ἀνθρώπων
2978 3592 3276 3662 ἐτύγχανεν
3328 3594 3556 3663 ἐρημία,
3616 3594 3823 3665 τόλμην
3858 3597 4047 3666 ψυχῆς
4112 3601 4215 3651 τῶν

2631 3684 2807 3737 ἄλλων
2840 3701 2923 3747 τις
2976 3684 3160 3749 πεζῶν
3213 3685 3613 3754 ἐνδειξάμενος,
3668 3688 3729 3739 τὸ
3767 3688 3921 3754 ξίφος
3967 3690 4216 3743 ἐνδακὼν

2631 3780 2739 3837 τοῖς
2764 3777 2941 3829 ὀδοῦσι
2966 3778 3060 3831 καὶ
3087 3778 3146 3829 τδ
3186 3779 3371 3831 θανεῖν
3394 3779 3771 3847 άνεῃρημένος
3804 3780 3897 3832 τοῦ
3957 3781 4091 3849 ζῇν,
4136 3785 4214 3833 ἵνα

2638 3867 2800 3936 μόνον
2826 3869 3077 3939 ἀνδρείας
3105 3868 3265 3935 δόξαν
3310 3869 3627 3938 κομίσηται,
3665 3870 3785 3937 μεθ’
3838 3872 3972 3938 ὅσης
4024 3877 4099 3926 ἄν
4140 3892 4215 3933 τις

2634 3961 2778 4013 εῐποι
2822 3960 2921 4030 τῆς
2979 3960 3268 4027 εὐτολμίας
3322 3960 3383 4012 τὸ
3434 3963 3611 4029 τεῖχος
3655 3962 4016 4031 ἀναϐεϐήκει,
4097 3966 4214 4031 μηδ’

2633 4052 2944 4105 οὑτινοσοῦν
2992 4052 3321 4119 αἰσθομένου
3354 4050 3463 4103 τῶν
3521 4052 3690 4114 ἔνδον,
3754 4054 3851 4105 καὶ
3898 4055 4031 4106 κατ’
4096 4058 4214 4108 ἄλλο

2635 4146 2801 4215 μέρος
2828 4146 2933 4197 τῶν
2965 4145 3227 4197 ἐναντίων
3256 4143 3567 4213 τηρούντων
3603 4143 3703 4211 τὴν
3743 4144 3956 4198 ἄνοδον.
3990 4148 4217 4198 Altimv

2634 4238 2727 4291 οὖν
2745 4238 2903 4300 εὐθὺς
2927 4240 2985 4288 ἐν
3015 4240 3134 4299 ταῖς
3164 4236 3565 4305 πυργοϐάρεσιν
3622 4234 3875 4304 εὑρηκὼς
3928 4244 4208 4306 τετρωμὲο

2635 4348 2725 4383 νον
2770 4330 2996 4397 ἔναγγος
3034 4328 3129 4380 καὶ
3176 4330 3242 4381 τὰ
3298 4329 3506 4380 λοίσθια
3557 4327 3802 4387 πνέοντα,
3864 4332 4062 4380 τούτου
4116 4332 4205 4397 τὴν

2634 4420 2877 4489 κεφαλὴν
2907 4418 3157 4487 ἐκτεμὼν
3187 4418 3295 4470 τῶν
3326 4416 3703 4485 πολεμούντων
3738 4418 3817 4478 εἰς
3889 4422 4062 4483 μέσον
4109 4438 4205 4471 κι-

2632 4512 2877 4583 τέρριύμε,
2905 4511 3081 4577 δείξας
3110 4512 3254 4570 ὅπως
3291 4526 3349 4561 τε
3379 4507 3472 4560 τοῦ
3510 4509 3709 4576 μέρους
3761 4510 3982 4560 ἐκείνου
4012 4515 4213 4578 κεκρά-

2632 4620 2767 4672 τηκε
2811 4603 2905 4655 καὶ
2932 4604 3005 4664 ὼς
3038 4604 3105 4654 τὰ
3155 4602 3309 4670 τείχη
3361 4600 3561 4659 πάντες
3608 4599 3971 4661 ἀπολιπόντες
4017 4603 4213 4670 ᾧχςντῡ

2635 4697 3062 4767 ἀμεταστρεπτί.
3112 4696 3369 4765 Ἑννάτην
3397 4690 3499 4764 ἦγε
3518 4695 3610 4747 καὶ
3631 4696 3887 4763 εἰκοστὴν
3918 4698 3948 4747 ὁ
3972 4698 4213 4764 Μάρτιος

968 4786 1280 4847 ascendere,
1312 4786 1543 4841 clamore
1575 4793 1873 4858 etstrepittt
1908 4794 2001 4861 qui
2034 4797 2300 4865 tympanis
2374 4800 2525 4852 corio
2562 4795 2605 4851 D
2631 4794 2752 4843 τότε

2424 4800 2525 4852 η·ῑο
2562 4795 2605 4851 D
2631 4794 2777 4855 τότε,
2812 4789 2930 4851 ἐτος
2970 4788 3027 4841 δὲ
3062 4788 3387 4858 τριακοστὸν
3419 4786 3607 4855 ὃγδοον
3653 4786 3789 4856 πρὸς
3846 4787 3929 4853 τῷ
3996 4787 4211 4851 ἑξακισ-

968 4873 1225 4926 t-onl‘eetis
1261 4874 1476 4928 elicitur
1502 4894 1517 4941 ;
1542 4876 1642 4931 hoc
1668 4877 1807 4931 idem
1848 4881 1994 4933 enim
2022 4881 2165 4934 inter
2215 4882 2525 4938 bellandum

969 4966 1202 5017 maxime
1228 4967 1435 5021 animos
1465 4971 1726 5024 concutit.
1762 4971 1915 5025 Multi
1945 4972 2113 5026 etiam
2146 4980 2351 5028 temere
2417 4990 2530 5027 au-

969 5058 1260 5125 dacterqne
1287 5061 1532 5114 manibus
1556 5062 1848 5130 etgenibns
1873 5075 2113 5132 reptare,
2144 5066 2295 5134 gravi
2344 5065 2521 5119 aliena

969 5152 1070 5201 sibi
1099 5155 1443 5218 comparandi
1479 5154 1568 5206 siti
1594 5169 1877 5219 succensa,
1897 5164 1953 5209 et
1982 5171 2081 5223 per
2112 5156 2527 5225 prepugnacula

972 5240 1115 5294 intro
1145 5256 1263 5295 sese
1295 5245 1529 5297 mittere.
1556 5246 1751 5301 Verum
1778 5250 1976 5316 quibus
1999 5266 2097 5321 per
2132 5252 2308 5306 scalas
2334 5269 2530 5309 ascen-

969 5348 1061 5387 sus
1095 5348 1197 5387 ton
1240 5336 1674 5404 permittebatur,
1728 5356 1826 5409 per
1896 5358 2172 5398 tnttrornm
2234 5344 2529 5407 foramina,

970 5443 1089 5495 qua:
1115 5430 1279 5481 multa
1306 5429 1624 5495 effuderant,
1654 5437 1704 5485 in
1745 5434 1931 5487 urbem
1966 5437 2183 5491 solliciti
2218 5438 2530 5505 immigrarc

973 5516 1112 5569 alius
1142 5518 1306 5571 alium
1332 5522 1489 5574 celeri
1522 5538 1683 5575 cursu
1711 5524 1960 5579 ett-italis
1992 5529 2246 5593 passibus
2270 5542 2529 5595 superate

971 5610 1324 5675 contendens,
1363 5615 1607 5667 manibus
1641 5631 1801 5669 enses
1864 5617 2121 5679 ferentes,
2154 5629 2206 5671 et
2243 5619 2530 5687 quasi'de-

974 5714 1247 5755 certantes
1276 5705 1398 5772 quis
1426 5708 1570 5771 prior
1600 5708 1721 5761 aliis
1754 5707 1806 5760 in
1850 5708 2089 5762 habitata
2116 5711 2266 5764 urbis
2297 5713 2412 5762 loca
2478 5721 2533 5764 et

976 5806 1125 5843 oram
1164 5796 1491 5847 maritimam
1530 5808 1861 5861 proutrrernt
1904 5815 1914 5849 τ
1980 5814 2045 5850 eo
2072 5802 2214 5851 enim
2266 5802 2530 5862 potiorem

976 5884 1173 5939 civium
1212 5899 1441 5951 parictn,
1479 5896 1531 5942 et
1562 5889 1793 5943 maxime
1820 5888 2059 5952 Latinos.
2094 5902 2311 5955 promer
2374 5894 2533 5947 trire-

2637 4880 2891 4952 χιλιοστῷ
2940 4877 3337 4948 ἐννακοειοστῷ
3391 4878 3717 4944 ἐνειστήκει.
3772 4878 4212 4948 mamonae-sn,-

2633 4973 2813 5025 τοίνυν
2852 4972 3056 5033 ἐκεῖνος
3104 4972 3310 5030 πάντας
3353 4968 3549 5031 πεζοὺς
3593 4968 3657 5019 τὸ
3700 4970 3865 5037 τάχος
3895 4984 3956 5021 τε
4010 4970 4212 5020 ἀνιέναι

2637 5064 2764 5115 ἐϐόα
2785 5063 2878 5115 καὶ
2902 5063 3001 5131 τὴν
3033 5060 3274 5129 ἐρημίαν
3302 5057 3513 5129 ἐδήλου.
3552 5058 3616 5110 Oi
3644 5056 3689 5109 δ’
3732 5051 3986 5124 ὡς.εἷχον
4039 5060 4209 5115 πάσας

2638 5157 2978 5226 παραχρῆμα
3033 5153 3311 5222 κλίμακας
3384 5149 3588 5216 θέντες,
3649 5149 3833 5217 συχνοὶ
3911 5150 3982 5200 δι’
4038 5150 4212 5199 noua

2637 5248 2947 5300 ἀναϐαίνειν
2968 5245 3256 5314 ἠπείγοντο
3292 5243 3388 5295 σὺν
3420 5241 3517 5310 βοῇ
3557 5241 3651 5295 καὶ
3673 5239 3751 5309 τῷ
3787 5240 3897 5291 τῶν
3955 5240 4066 5291 ἀπὸ
4099 5241 4211 5307 δέρο

2640 5344 2740 5411 ρης
2766 5340 3065 5408 τυμπάνων
3088 5338 3205 5405 ἤχῳ
3234 5352 3248 5367 ο
3294 5336 3449 5402 φέρει
3498 5333 3604 5401 γάρ
3645 5334 3739 5384 καὶ
3789 5329 3954 5383 τοῦτο
4012 5331 4207 5395 ποὶλήν

2638 5451 2757 5485 τινα
2789 5437 2845 5483 ἐν
2860 5433 2972 5493 τοῖς
2992 5428 3248 5497 πολέμοις
3286 5425 3385 5494 τὴν
3412 5424 3694 5491 ἔκπληξιν.
3735 5422 3934 5476 Πολλοὶ
3958 5424 4011 5473 δὲ
4040 5438 4207 5488 παρα-

2638 5525 2807 5584 ϐόλως
2854 5523 2946 5572 καὶ
3007 5517 3406 5589 ἀναρριχᾶσθαι
3476 5516 3864 5585 παρωρμῶντο
3913 5514 4207 5583 προθύμως

2640 5618 2725 5669 διὰ
2758 5615 2957 5683 πολλὴν
2978 5613 3070 5665 τοῦ
3090 5611 3311 5681 κέρδους
3339 5608 3653 5672 ἐπιθυμίαν,
3691 5607 3785 5660 καὶ
3814 5606 3908 5659 διὰ
3934 5608 4043 5657 τῶν
4080 5624 4206 5670 πυστ-

2645 5703 3319 5775 γυϐάρεωνέπεισπίπτειν
3361 5697 3715 5761 ἐσπούδαζον.
3755 5698 3911 5750 ὐσοι
3969 5697 4072 5764 μὲν
4124 5696 4205 5747 civ

2644 5801 2911 5859 ἐδύναντο,
2942 5796 3087 5847 τόνδε
3113 5795 3203 5845 τδν
3226 5793 3425 5860 τρόπον
3451 5789 3733 5843 ἀνέϐαινον
3756 5806 3769 5818 ⁸
3803 5782 3886 5850 οἷς
3938 5789 3981 5840 δ’
4015 5790 4115 5839 οὐκ
4148 5783 4205 5853 ἦν

2648 5891 2865 5955 ἐφικτὶν
2891 5888 2979 5941 διὰ
3000 5888 3106 5940 τῶν
3143 5886 3448 5956 κλιμάκων,
3486 5882 3573 5935 διὶ
3615 5879 3725 5933 τῶ¹
3752 5881 4088 5949 ὀρυγμάτων
4142 5873 4205 5930 ὧν
