4526 6514
180 572 283 639 θίἹ

1173 564 1268 624 DE
1309 560 1622 621 EXCIDIO
1661 554 2385 619 THESSALONICENSI-

3279 551 3384 616 618

170 682 352 739 λόθεον
380 675 625 751 γνώμην,
654 679 689 733 ἃ
721 677 816 732 καὶ
839 678 916 742 είς
956 675 1071 739 ἐνὸς
1103 673 1257 737 αὖθις
1287 672 1723 745 συναρμοσθέντα
1752 675 1801 734 Α
1826 672 1957 736 silia1

1600 673 1723 725 ἐντα
1752 675 1801 734 Α
1826 672 1967 736 silia,
1996 670 2174 724 denuo
2200 670 2253 724 in
2288 684 2450 723 unam
2481 670 2673 740 integri
2706 672 2949 737 corpm-is
2977 667 3202 722 formam
3235 685 3387 723 com-

172 775 420 845 σώματος
453 772 765 841 όλομέλειαν
794 768 1085 837 θαυμάτων
1135 768 1383 837 ἐνεργείᾳ
1428 764 1551 818 καθ’
1599 766 1728 819 ἐκά-

1832 763 2020 831 posita:
2051 763 2432 817 miraculorum
2463 762 2697 815 efficacia
2730 752 2970 831 quoiidie
2999 761 3281 815 afﬂuenter
3306 763 3392 813 iu—

173 883 305 934 στην
326 863 571 932 ἀφθόνως
591 861 930 929 πηγάςουσιν
954 860 1034 921 είς
1079 858 1236 921 δόξαν
1284 858 1378 908 καὶ
1426 852 1580 917 αὖθις
1632 853 1724 905 τοῦ
1834 865 1959 908 note

1632 853 1724 905 τοῦ
1834 862 2142 915 notescunt,
2187 855 2237 906 iu
2288 854 2512 923 gloriam
2549 868 2736 908 rursus
2778 853 2915 918 ejus,
2946 854 3040 921 qui
3065 856 3242 907 otnn'a
3275 869 3392 906 om-

172 960 352 1011 πάντα
404 957 569 1009 πᾶσιν
612 954 905 1021 ἐπάγοντος
973 950 1148 1018 λόγοις
1196 948 1507 1016 οἰκονομίας
1553 946 1724 1015 όιρῤή-

170 1068 289 1102 του.

205 1068 333 1205 οἶς.
392 1140 611 1195 Τούτων
663 1138 806 1191 οὖ’ω
856 1136 1272 1206 προϐεϐηκότων
1323 1134 1417 1186 καὶ
1460 1131 1729 1198 ἀκοσμίας

1837 947 1984 996 nium
2037 946 2171 1013 regit
2202 945 2617 1015 moderaturque
2648 959 2759 999 sna:
2792 945 3142 1013 providentiae
3183 947 3398 997 inenar-

1836 1034 1991 1087 rabili
2029 1037 2253 1089 ratione.

1911 1124 1997 1179 ΓΙ.
2035 1125 2129 1179 llis
2162 1127 2263 1179 hoc
2308 1127 2467 1179 modo
2498 1126 2749 1196 peractis,
2788 1127 3145 1194 omnibusque
3193 1125 3399 1178 incom-

172 1232 356 1293 πάσης
378 1230 749 1298 γεγενημένης
772 1227 879 1296 (διὰ
896 1226 1111 1279 πάντων
1132 1224 1238 1292 γάρ
1262 1222 1373 1275 τῶν
1394 1223 1452 1274 ἐν
1480 1223 1544 1287 τῇ
1576 1220 1728 1272 πόλει
1837 1217 1949 1282 posi

1609 1220 1728 1272 πόλει
1837 1216 2025 1282 positis
2054 1232 2115 1270 ac
2143 1217 2372 1285 turpiter
2400 1216 2735 1282 deformatis,
2766 1233 2861 1286 per
2887 1220 3064 1271 omnia
3102 1218 3396 1287 siquidem,

174 1322 490 1391 κεχώρηκεν
509 1322 541 1390 ή
576 1317 911 1387 καταφθορά)
934 1312 1111 1369 οἶκτον
1133 1318 1224 1369 ἐπὶ
1242 1313 1447 1375 τούτοις
1464 1314 1489 1365 ό
1511 1313 1733 1377 Μουρά-

169 1428 273 1478 της
302 1410 566 1477 λαμϐάνει
604 1413 700 1478 τῆς
724 1409 950 1467 πόλεως.
985 1408 1091 1460 Καὶ
1113 1406 1305 1475 πρῶτα
1348 1406 1446 1473 μὲν
1469 1404 1591 1464 τοὺς
1621 1402 1734 1453 είσ-

194 1504 369 1564 ιόντας
394 1504 509 1568 ἅμα
544 1500 622 1569 τῷ
666 1501 804 1553 κατὰ
836 1497 987 1552 δύσιν
1016 1495 1303 1566 στρατηγῷ
1329 1493 1603 1563 Τούρκους
1637 1491 1735 1552 τὰς

188 1596 299 1649 τῶν
320 1592 675 1663 αἰχμαλώτων
717 1591 892 1652 οἰκίας
956 1590 1166 1649 ἑαυτοῖς
1210 1586 1585 1654 διανείμαντας
1647 1582 1740 1633 καὶ

180 1684 384 1746 ταύτας
413 1683 555 1752 ἔχειν
580 1681 667 1734 διὰ
711 1680 828 1750 βίου
855 1678 1054 1742 παντὸς
1108 1678 1404 1747 ἡλπικότας
1465 1673 1739 1739 ἐξελαύνει

176 1778 277 1829 καὶ
313 1777 387 1845 μὴ
416 1773 898 1845 προθυμουμένους
929 1771 1026 1837 τῆς
1082 1770 1310 1832 πόλεως,
1367 1765 1608 1820 ἐπειπὼν
1665 1764 1739 1826 ὡς

179 1869 371 1937 ’Δρκεῖ
396 1866 493 1936 μὶν
526 1867 654 1933 ύμῖν
680 1865 747 1917 τά
796 1864 1071 1934 χρήματα,
1102 1861 1195 1913 καὶ
1233 1857 1325 1922 οὓς
1377 1857 1505 1925 παρ’
1557 1854 1741 1908 ἐλπίδα

177 1959 395 2021 δούλους
421 1957 721 2027 ἐκτήσασθε
754 1973 769 1988 ο
829 1956 927 2024 τὴν
958 1954 1015 2007 δέ
1063 1971 1127 2020 γε
1173 1952 1327 2005 πόλιν
1365 1950 1507 2019 ἔχειν
1567 1948 1741 2015 ἔγωγε

180 2052 464 2120 βούλομαι,
496 2050 706 2103 πολλῶν
727 2049 1040 2115 διὰταύτην
1059 2044 1327 2114 διηνυκὼς
1352 2044 1467 2097 ὁδὸν
1491 2039 1736 2110 ἡμερῶν,

176 2149 275 2199 καὶ
300 2147 458 2198 πόνον
487 2140 802 2208 ὑπενεγκὼν
856 2142 978 2192 ὅσον
1029 2136 1327 2205 ἐγνώκατε.
1405 2134 1636 2184 Ἔπειτα
1678 2129 1735 2183 δὲ

182 2236 324 2304 πρὸς
350 2234 441 2286 τὸν
468 2232 726 2287 Γαλλικὸν
756 2231 995 2298 ποταμὸν
1032 2228 1292 2296 μεταϐὰς,
1319 2226 1482 2293 ἐγγὺς
1515 2221 1742 2291 τῆςπό-

178 2329 321 2389 λεως
353 2326 541 2397 ῥέοντα
583 2324 721 2377 κατὰ
757 2323 847 2374 τὸν
875 2320 1065 2391 καιρὸν
1108 2319 1340 2388 μάλιστα
1390 2315 1481 2370 τοῦ
1541 2313 1743 2384 χειμῶ-

182 2435 297 2479 νος,
337 2416 529 2486 βουλὴν
587 2413 853 2481 ἐσκέψατο
882 2412 1014 2465 πᾶσί
1063 2428 1121 2462 τε
1170 2410 1433 2475 ἀδόκητον
1467 2407 1601 2467 ὅλως
1649 2404 1744 2455 καὶ

182 2506 516 2574 συστατικὴν
545 2506 643 2573 τῆς
679 2504 1005 2563 ἑαλωκυίας.
1048 2500 1197 2554 Ἰδὼν
1230 2504 1332 2568 γὰρ
1369 2498 1521 2551 πόλιν
1554 2494 1743 2547 τοσαύ-

182 2617 289 2667 την
312 2601 406 2651 καὶ
436 2598 578 2651 οὕτω
600 2596 858 2664 κειμένην
885 2597 947 2664 τῇ
991 2593 1225 2663 θαλάττῃ
1275 2609 1332 2644 τε
1385 2586 1744 2661 προσομιλοῦ-

195 2709 299 2744 σαν
332 2691 425 2744 καὶ
458 2690 634 2742 πάντα
656 2688 834 2753 δεξιάν
876 2685 1061 2746 οὖσαν,
1097 2683 1325 2754 ᾤκτειρὲ
1356 2699 1415 2734 τε
1446 2682 1614 2749 αὐτὴν
1654 2680 1770 2743 καὶ,

193 2781 358 2834 πάλιν
380 2781 578 2831 οἰκίσαι
608 2776 920 2845 βεϐούλητο.
944 2773 1055 2827 Καὶ
1074 2773 1138 2841 δὴ
1167 2773 1379 2840 πρῶτον
1409 2769 1506 2839 μὲν
1534 2767 1628 2819 ἀνθ
1637 2766 1745 2837 ρώ-

190 2887 331 2932 πους
353 2868 686 2938 άριθμητοὺς
739 2866 844 2917 τῶν
893 2863 1304 2933 ἐπισημοτέρων
1338 2859 1460 2914 καθ’
1504 2853 1640 2925 αἷμά
1687 2874 1743 2906 τε

188 2962 288 3013 καὶ
320 2958 636 3024 συγγένειαν
658 2956 755 3023 τῆς
786 2954 1027 3015 δουλείας
1054 2950 1395 3021 ἀπηλλάχθαι
1420 2946 1745 3018 προσέταξε,

189 3047 555 3121 παρεσχηκὼς
586 3046 743 3107 αὐτὸς
772 3046 838 3098 τά
875 3044 1066 3113 λύτρα,
1098 3044 1191 3096 καὶ
1226 3044 1290 3110 τῇ
1331 3041 1481 3092 πόλει
1527 3038 1747 3098 τούτους

1840 1322 1960 1374 qua:
1994 1308 2045 1358 in
2073 1307 2202 1361 urbe
2226 1318 2404 1369 erant,
2432 1308 2615 1361 clades
2640 1318 2882 1376 grassata
2911 1317 3013 1373 est,
3039 1308 3246 1362 amictu:
3269 1310 3401 1361 civi-

1842 1397 1965 1451 tatis
2002 1399 2231 1453 fortunce
2260 1398 2523 1453 Moralem
2556 1402 2623 1455 ad
2671 1401 3099 1456 misericordiam
3132 1401 3397 1455 alliciunt.

1842 1487 1904 1540 Et
1932 1492 2161 1555 primum
2190 1490 2402 1557 quidem
2432 1491 2521 1558 qui
2550 1506 2671 1545 cum
2701 1507 2926 1545 occasus
2959 1493 3093 1545 duce
3123 1493 3401 1559 immigrav

1842 1587 1987 1645 rant,
2032 1582 2232 1648 quique
2271 1581 2604 1648 captivorum
2637 1584 2780 1637 tech
2812 1584 2912 1635 sibi
2941 1583 3237 1636 diviserant
3263 1582 3396 1635 sibi-

1841 1682 1948 1738 que
1963 1684 2054 1723 eas
2071 1670 2271 1725 habere
2291 1686 2385 1738 per
2406 1673 2528 1727 vita
2546 1674 2779 1743 spatium
2805 1684 3178 1743 speraverant,
3193 1673 3400 1728 Turcas

1843 1759 2005 1811 etiam
2049 1760 2248 1815 invitos
2283 1761 2416 1817 urbe
2438 1764 2610 1832 pellit,
2646 1766 2941 1835 inquiens:
2978 1786 2995 1819 ι
3036 1766 3208 1835 Large
3249 1765 3405 1821 vobis

1845 1848 2110 1903 suﬂiciltnt
2137 1854 2382 1919 pecunia:
2405 1863 2454 1909 el
2490 1868 2685 1924 praeter
2713 1872 2862 1925 spem
2896 1859 3228 1926 captivorum
3262 1873 3406 1926 qua:-

1845 1948 1962 1996 stus
1988 1958 2001 1995 :
2040 1944 2229 1998 urbem
2255 1946 2385 1998 mibi
2406 1946 2519 2015 ipse
2548 1961 2787 2012 reservo,
2816 1950 2956 2016 quod
2977 1950 3043 2002 ob
3068 1965 3183 2002 eam
3208 1949 3405 2003 multo-

1846 2046 1961 2084 rum
1989 2032 2198 2087 dierum
2248 2036 2350 2088 iter
2389 2036 2620 2101 confeci,
2656 2052 2860 2106 eosque
2906 2038 3117 2093 labores
3167 2040 3403 2093 sustinui

1841 2137 1976 2189 quos
2002 2139 2101 2179 vos
2127 2124 2330 2192 optime
2362 2128 2587 2182 nostis.»
2610 2125 2747 2181 Tum
2780 2131 2845 2183 ad
2870 2128 3130 2183 Gallicum
3155 2128 3401 2193 ﬂuvium,

1842 2215 1932 2281 qui
1964 2230 2129 2282 prope
2158 2217 2455 2283 civitatem,
2477 2228 2528 2271 et
2549 2218 2773 2272 hiberna
2826 2221 3164 2289 potissimum
3198 2231 3404 2291 tempe-

1845 2313 2007 2371 state,
2031 2320 2249 2360 cursum
2280 2317 2445 2371 tenet,
2481 2323 2729 2378 pergens,
2759 2312 3041 2365 consilium
3076 2319 3269 2380 prazter
3287 2326 3406 2365 Olll-

1847 2409 1967 2447 nem
2001 2400 2614 2465 exspectationeminit,
2642 2401 2733 2454 sed
2784 2412 2955 2469 capta:
2989 2402 3108 2454 urbi
3135 2402 3289 2457 valde
3318 2418 3406 2457 sa-

1846 2485 2039 2543 lutare.
2073 2486 2440 2545 Considerans
2489 2492 2633 2544 enim
2679 2492 2852 2569 urbis.
2880 2494 3304 2562 magnitudinem
3350 2507 3406 2549 et

1846 2576 2007 2629 situm
2056 2579 2187 2631 mari
2250 2583 2574 2647 proximum,
2617 2597 2844 2651 eamque
2902 2597 3288 2650 congruentem
3350 2598 3403 2641 et

1847 2677 2026 2734 aptam
2045 2669 2109 2720 ad
2134 2671 2335 2733 omnia,
2352 2672 2766 2726 commiseratus
2790 2673 2932 2727 illius
2955 2676 3256 2729 reficienda:
3274 2692 3402 2729 con-

1846 2757 2024 2810 silium
2057 2761 2219 2823 capit.
2246 2758 2484 2813 Primum
2511 2764 2723 2830 quidem
2754 2765 3000 2820 homines
3029 2782 3134 2820 non
3161 2778 3407 2821 contem-

1849 2850 2025 2901 nendo
2057 2866 2299 2915 numero,
2333 2857 2597 2921 sanguine
2634 2866 2687 2909 et
2722 2868 2842 2911 ortu
2892 2860 3320 2925 spectabiliorca,
3374 2876 3403 2913 a

1848 2940 2110 2995 servitute
2141 2942 2253 2997 suis
2289 2946 2589 3011 sumptibus
2622 2947 2879 3004 liberatos
2909 2953 3204 3015 mandavit,
3234 2962 3293 3005 ut
3323 2955 3407 3006 in-

1851 3040 1932 3085 tra
1967 3032 2153 3086 urbem
2205 3035 2532 3090 domicilium
2582 3038 2843 3094 haberent
2871 3060 2886 3107 ;
2918 3043 3111 3096 deinde
3143 3055 3196 3098 ιιι
3229 3056 3409 3115 partes

190 3138 605 3208 ἐγκατοικῆσαι,
641 3136 831 3189 ἔπειτα
856 3136 911 3189 δὲ
950 3138 1019 3187 τὰ
1050 3130 1514 3196 καταπεπτωκότα
1544 3128 1746 3191 ταύτης
1832 3122 1977 3178 illiut

1617 3128 1746 3191 ύτης
1832 3122 1995 3179 illius
2032 3122 2171 3178 bello
2218 3128 2469 3195 collapsa:
2498 3130 2749 3185 celeriter
2783 3145 3166 3202 repararentur
3222 3140 3403 3206 pristi-

190 3236 255 3285 ἐν
278 3232 354 3301 τῷ
383 3230 602 3298 πολέμῳ
629 3228 766 3297 μέρη
792 3227 1000 3294 ταχέως
1028 3241 1086 3276 τε
1125 3220 1478 3292 ἀνορθοῦσθαι
1532 3220 1626 3271 καὶ
1674 3218 1746 3281 ὼς

1851 3230 2031 3284 noque
2080 3217 2257 3271 decori
2310 3217 2742 3276 restituerentur.
2776 3224 2841 3277 Et
2895 3229 3143 3281 mandata
3193 3231 3408 3297 quidem

189 3325 459 3392 πρότερον
488 3316 627 3389 ἦσαν
654 3318 1069 3385 ἐγκαταστῆναι.
1110 3315 1219 3367 Καὶ
1247 3314 1307 3365 τὸ
1343 3315 1439 3382 μὲν
1470 3312 1749 3381 πρόσταγο
1778 3326 1823 3388 C
1856 3308 1970 3363 haec

1623 3326 1749 3377 ταγ-
1778 3326 1823 3388 C
1856 3308 1970 3363 haec
1992 3320 2166 3363 erant.
2199 3308 2334 3361 Tum
2366 3311 2479 3378 ipse
2514 3329 2701 3368 rursus
2736 3323 2878 3368 moto
2908 3321 3147 3371 exercitu
3187 3321 3252 3374 ad
3280 3320 3410 3375 Bar-

196 3432 276 3484 μα
303 3412 473 3474 οὕτως
505 3410 668 3480 είχεν,
690 3408 850 3470 αὐτὸς
884 3408 939 3460 δὲ
967 3406 1309 3474 μεταστήσας
1333 3408 1427 3458 καὶ
1468 3402 1623 3467 αὖθις
1652 3406 1750 3471 τὴν

192 3500 457 3569 στρατιὰν
485 3500 629 3567 παρὰ
677 3498 775 3561 τὰς
828 3496 992 3565 ὄχθας
1020 3495 1113 3548 τοῦ
1146 3495 1392 3564 ποταμοῦ
1448 3495 1748 3566 Βαρδαρίου

189 3590 751 3661 ἐστρατοπεδεύσατο.
781 3589 952 3641 Ἔνθα
979 3588 1041 3657 δὴ
1069 3588 1163 3639 καὶ⁸
1191 3588 1457 3655 μερισμὸς
1485 3589 1750 3656 παντελὴς

188 3681 303 3733 τῶν
334 3678 653 3733 ἑαλωκότων
682 3677 919 3746 ἐγένετο.
964 3676 1120 3729 Ὀσοι
1146 3676 1244 3742 μὲν
1285 3675 1393 3743 γὰρ
1422 3674 1530 3726 τῶν
1557 3678 1754 3743 αίχμα-

189 3772 402 3833 λώτων,
434 3770 466 3839 ἢ
504 3770 571 3822 δι’
589 3764 664 3821 ὧν
693 3767 938 3829 εἰπόντες
972 3766 1214 3834 ἔφθημεν
1245 3763 1451 3833 λύτρων
1475 3764 1506 3833 ἦ
1532 3765 1590 3827 ἐξ
1620 3764 1750 3815 ἐαυ-

189 3864 303 3914 τιῦν
336 3860 369 3929 ἢ
409 3858 744 3930 Χριστιανῶν
776 3857 834 3920 ἐξ
862 3856 1079 3925 ἐτέρων,
1136 3856 1200 3906 ἐκ
1238 3854 1509 3922 διαφόρων
1561 3855 1753 3923 χωρῶν

191 3954 296 4005 καὶ
330 3952 535 4004 πόλεων
567 3950 1010 4018 συνειλεγμένων,
1042 3948 1240 4017 τρόπον
1282 3947 1498 4015 ἐξεῦρον
1545 3948 1754 3999 ἐλευθε-

194 4043 325 4111 ρίας
349 4042 489 4104 τινὰ,
518 4039 887 4107 τετυχήκεσαν
916 4036 1120 4103 ταύτης
1146 4035 1225 4086 ἔτι
1247 4034 1323 4104 τῷ
1352 4036 1580 4105 ποταμῷ
1614 4036 1753 4087 Γαλ-

192 4133 335 4199 λικῴ
366 4130 458 4183 τοῦ
482 4130 768 4199 Μουράτου
793 4127 1238 4195 ἐνδιατρίϐοντος.
1274 4125 1458 4187 ’Ὀσοις
1478 4127 1534 4178 δὲ
1560 4128 1754 4195 τρόπος

192 4222 293 4275 ὑπ’
310 4220 540 4290 ἀπορίας
576 4216 873 4287 τηνικαῦτα
899 4216 997 4283 οὐχ
1022 4213 1268 4282 εὕρηται,
1289 4216 1509 4277 τούτους
1530 4213 1755 4277 ἕκαστος

196 4334 261 4366 ;ν
286 4314 402 4375 ταῖς
430 4310 636 4365 ἑαυτῶν
666 4307 887 4378 πατρίσι
908 4309 1002 4360 καὶ
1031 4308 1213 4369 τόποις
1269 4306 1601 4375 ἐξέπεμψαν,
1658 4311 1756 4371 τάς

195 4409 271 4459 εκ
306 4406 401 4473 τῆς
427 4402 668 4463 δουλείας
715 4402 958 4468 ἀνάγκας
996 4398 1416 4468 ὑφισταμένους,
1464 4399 1651 4469 μέχρις
1692 4400 1759 4453 ἂν

200 4496 670 4563 ὑπονοστήσαντες
693 4492 760 4544 τα
791 4491 942 4559 σφῶν
989 4491 1272 4560 τιμήματα
1303 4490 1593 4544 διαθῶνται
1622 4506 1637 4521 ⁸
1695 4492 1756 4543 οὐ

145 4608 149 4611 τ
194 4587 312 4655 γὰρ
343 4584 593 4637 ἐδύναντο
616 4582 707 4635 καὶ
743 4581 961 4640 τούτους
980 4580 1160 4634 ῐλκειν
1183 4582 1401 4650 μακράν
1447 4582 1755 4651 ἁπερχόμε-

1854 3400 1989 3453 darii
2009 3399 2243 3453 ﬂuminis
2276 3402 2417 3468 ripas
2439 3411 2615 3456 castra
2650 3413 2924 3469 metatur;
2954 3408 3043 3461 ubi
3074 3411 3405 3477 captivorum

1856 3490 2078 3556 partitio
2136 3490 2449 3545 absolvitur.
2486 3492 2618 3546 Nam
2646 3498 2863 3563 captivi,
2890 3498 3003 3552 sive
3036 3500 3231 3569 pretio,
3269 3504 3411 3571 quod

1855 3595 2012 3648 supra
2034 3582 2329 3643 innuimus,
2352 3583 2466 3635 sive
2489 3598 2584 3651 per
2609 3600 2666 3639 se
2688 3586 2855 3655 ipsos,
2887 3588 3001 3643 sive
3034 3605 3127 3659 per
3146 3592 3413 3646 Clirisda-

1856 3683 1955 3721 nos
2013 3668 2169 3730 alios,
2188 3684 2254 3723 ex
2286 3673 2451 3731 variis
2481 3674 2707 3729 urbibus
2738 3685 2791 3729 et
2816 3679 3026 3744 oppidis
3057 3690 3291 3745 coactos,
3325 3698 3416 3750 pc-

1856 3759 2010 3809 cunia
2037 3768 2255 3828 erogata
2277 3760 2525 3816 libertate
2545 3766 2700 3832 potiti
2723 3778 2869 3832 sunt,
2890 3783 3007 3821 eam
3031 3770 3131 3824 sibi
3157 3773 3415 3837 habuere,

1856 3861 1979 3900 cum
2027 3850 2204 3902 adnue
2235 3854 2373 3919 apud
2413 3851 2675 3908 Gallicum
2701 3855 2921 3913 ﬂuvium
2968 3859 3202 3917 llurates
3233 3880 3415 3921 moras

1856 3952 2072 4011 ageret:
2108 3945 2305 4012 quibus
2339 3961 2465 4003 vero
2512 3949 2582 4005 ob
2628 3962 2920 4021 egestatem
2944 3995 2959 4020 ,
2990 3963 3149 4025 atque
3179 3958 3410 4027 inOpiam

1856 4048 1918 4088 ea
1953 4034 2057 4089 frui
2092 4051 2199 4091 non
2232 4041 2482 4108 contigit,
2517 4056 2611 4095 eos
2646 4045 2840 4113 singuli
2869 4046 2922 4100 in
2952 4048 3155 4116 patrias
3174 4053 3334 4108 sedes
3360 4065 3417 4107 et

1856 4128 1970 4183 loca
2020 4132 2364 4194 dimiserunt,
2401 4134 2678 4189 servitutis
2724 4137 3060 4192 incommoda
3116 4142 3415 4208 subituros,

1857 4220 2025 4274 donec
2051 4220 2153 4289 ipsi
2186 4226 2525 4291 postmodum
2558 4228 2761 4280 reversi
2792 4229 2859 4281 de
2885 4243 3071 4284 eorum
3100 4232 3272 4300 pretio
3302 4236 3413 4287 dis-

1859 4313 2190 4380 posuissent.
2217 4314 2399 4383 Neque
2424 4319 2566 4370 enim
2601 4328 2849 4386 poterant
2868 4334 3051 4376 secum
3078 4339 3184 4376 una
3219 4340 3417 4379 conve-

1860 4406 1990 4459 bere
2024 4419 2118 4474 per
2156 4406 2369 4477 longum
2423 4408 2544 4472 iter,
2576 4424 2630 4462 et
2671 4411 2738 4464 ad
2782 4412 2937 4475 aliud
2971 4412 3163 4466 bellum
3200 4416 3419 4484 proiici-

1860 4506 2099 4551 scentes.
2166 4496 2405 4552 Vidisses
2458 4497 2738 4567 infelices,
2793 4501 2892 4555 bos
2950 4504 3164 4571 quidem
3206 4508 3270 4558 ad
3330 4523 3419 4562 or-

1862 4597 2011 4653 tum,
2077 4588 2198 4643 illos
2259 4588 2324 4643 ad
2384 4606 2680 4657 occasum,
2743 4592 3039 4649 distractos
3089 4599 3353 4665 asportari
3398 4617 3416 4653 :

191 4650 295 4730 {mi
342 4676 436 4730 καὶ
489 4676 625 4743 πρὸς
680 4673 917 4741 πόλεμον
960 4672 1165 4742 ἕτερον.
1222 4668 1374 4735 Εἶδες
1404 4670 1470 4726 ἂν
1521 4672 1611 4725 οῦν
1632 4674 1753 4736 τοὺς
1788 4650 1835 4709 D
1868 4694 1978 4733 nam

1632 4674 1753 4736 τοὺς
1788 4650 1835 4709 D
1868 4694 2098 4749 namque
2142 4681 2193 4734 hi
2234 4692 2507 4750 parentes,
2568 4683 2661 4736 alii
2710 4683 2888 4751 ﬁlios,
2939 4686 3026 4738 alli
3077 4650 3274 4743 uxores
3327 4704 3419 4744 ac-

190 4769 479 4835 δυστυχεῖς
507 4766 633 4827 τοὺς
665 4765 762 4835 μὲν
785 4767 876 4817 ἐπὶ
905 4763 973 4816 τά
997 4767 1093 4833 τῆς
1131 4763 1301 4834 Ἐᾡις
1331 4766 1453 4826 τοὺς
1480 4764 1523 4814 δ’
1549 4764 1643 4816 ἐπὶ
1694 4766 1761 4817 τά

187 4857 301 4924 τῆς
338 4856 606 4924 Ἐσπέρας
647 4857 785 4924 μέρη
816 4854 1209 4923 διασπαρέντας
1233 4869 1245 4882 ·
1270 4856 1319 4905 οί
1370 4853 1468 4921 μὲν
1503 4854 1610 4924 γάρ
1637 4859 1759 4920 τοὺς

1868 4772 2157 4837 cipiebant,
2190 4781 2245 4825 et
2278 4787 2412 4840 quos
2448 4782 2639 4827 natura
2682 4790 2847 4829 unum
2882 4776 3082 4845 aliquid
3133 4779 3419 4849 insigniter

1869 4860 2091 4928 fecerat,
2125 4863 2405 4919 calamitas
2445 4866 2753 4932 separabat.

185 4954 487 5016 τεκόντας,
518 4951 569 5002 οί
611 4949 666 5002 δὲ
699 4951 768 5002 τά
804 4950 999 5014 τέκνα,
1047 4950 1139 5001 καὶ
1167 4948 1344 5018 ἕτεροι
1392 4952 1486 5014 τὰς
1532 4958 1794 5019 γυναῖκας
1824 4956 2147 5025 ἐλάμϐανον,
2174 4962 2269 5011 καὶ
2295 4958 2385 5021 οὒς
2410 4961 2443 5029 ἡ
2466 4959 2623 5028 φύσις
2650 4961 2882 5030 ἥνωσεν,
2932 4962 2964 5031 η
3018 4966 3269 5035 συμφορά
3316 4967 3423 5020 διε-

192 5046 451 5114 μέρισεν.

275 5141 364 5202 ιη’.
393 5134 579 5206 Ταύτῃ
604 5133 712 5187 τῶν
745 5135 865 5187 καθ’
901 5135 1068 5204 ἡμᾶς,
1098 5136 1172 5196 ὡς
1203 5135 1279 5203 μὴ
1311 5136 1510 5205 ὢφελε,
1554 5138 1759 5205 συμϐε-

188 5228 473 5295 6ηκότων,
505 5227 599 5278 καὶ
632 5226 830 5279 τοιόνδε
859 5242 930 5278 πα
939 5228 1009 5295 ρά
1031 5227 1126 5286 τάς
1149 5224 1313 5295 ὄχθας
1338 5228 1428 5279 τοῦ
1457 5226 1758 5298 Βαρδαρίου

188 5324 378 5386 πέρας
434 5316 765 5385 εἰληφότων,
821 5320 849 5369 ό
890 5317 1182 5387 Μουράτης
1221 5317 1431 5371 ἐκεῖθεν
1481 5318 1600 5389 διχῇ
1661 5319 1761 5387 τὴν

192 5408 468 5477 στρατιάν
499 5407 690 5461 διελὼν
721 5408 780 5461 τδ
826 5408 925 5477 μὲν
956 5409 1126 5477 αὐτῆς
1156 5411 1249 5461 ἐπὶ
1285 5412 1354 5463 τὰ
1383 5410 1490 5463 τῶν
1533 5411 1760 5463 Ἰωαννίο

186 5517 313 5553 νων
342 5498 618 5569 ἐξέπεμψε
645 5499 808 5568 μέρη,
843 5498 1003 5562 αὐτὸς
1031 5499 1088 5552 δέ
1120 5501 1259 5567 μετὰ
1296 5499 1525 5569 θατέρου
1558 5502 1760 5570 μέρους

186 5592 293 5647 ἐπ’
329 5592 522 5654 ἄλλους
572 5590 739 5661 ἀπῄει
786 5591 1181 5661 καταστρέφων
1228 5593 1513 5655 κάκείνους
1544 5592 1635 5645 καὶ
1666 5593 1760 5644 ὑπ’

185 5686 355 5753 αὐτῷ
388 5683 763 5754 ποιησόμενος.
802 5682 1073 5753 Πρότερον
1102 5684 1156 5734 δὲ
1189 5682 1279 5734 διὰ
1315 5683 1496 5750 πάσης
1525 5682 1621 5747 τῆς
1666 5682 1758 5735 ὑπ’

184 5777 365 5831 αὐτὸν
393 5775 639 5845 κήρυκας
682 5775 1012 5842 ἐπεπόμφει,
1046 5777 1171 5835 τοὺς
1220 5775 1323 5841 πρὸ
1362 5772 1590 5841 μακρῶν
1619 5772 1757 5824 ἑτῶν

184 5868 297 5923 καὶ
329 5863 426 5919 τοῦ
453 5864 820 5933 συγκλεισμοῦ
850 5866 948 5936 τὴν
971 5864 1370 5932 Θεσσαλονίκην
1390 5864 1753 5928 ἀπολιπόντας

186 5956 293 6012 καὶ
329 5958 761 6028 μετοικήσαντας
791 5954 1021 6025 ἀλλαχοῦ
1058 5955 1193 6023 πρὸς
1224 5954 1392 6024 αὐτὴν
1425 5954 1489 6006 ἵν’
1528 5956 1756 6009 ἐπανελο

523 6055 791 6114 Parnm"
841 6056 954 6112 Gn.
990 6049 1163 6111 CLVI

1928 5135 2013 5189 18.
2046 5132 2158 5188 Hoc
2198 5140 2351 5202 pacto
2372 5133 2536 5201 (quod
2568 5133 2772 5188 utinam
2809 5151 3083 5202 nunquam
3123 5142 3427 5211 eveniSsct).

1860 5227 2023 5281 rebus
2065 5226 2268 5279 nostris
2294 5224 2725 5291 procedentibus,
2764 5235 2818 5278 et
2850 5233 2950 5282 hoc
2985 5228 3090 5281 fine
3116 5232 3254 5299 apud
3283 5232 3419 5287 Bar-

1860 5317 1996 5372 darii
2028 5317 2173 5384 ripas
2199 5313 2524 5378 terminatis,
2555 5312 2792 5369 Murates
2822 5315 2966 5381 inde,
2992 5319 3124 5376 duas
3153 5323 3203 5375 in
3238 5335 3418 5390 partes

1860 5408 2037 5463 diviso
2064 5407 2330 5469 exercitu,
2364 5421 2520 5458 unam
2552 5404 2994 5462 adJanniuorum
3025 5411 3159 5465 ﬁnes
3189 5413 3421 5480 dimisit,

1865 5503 2090 5554 alteram
2126 5500 2238 5568 ipse
2267 5514 2451 5554 secum
2480 5498 2684 5555 ducens
2717 5502 2780 5552 ad
2820 5501 2955 5555 alios
2991 5516 3049 5556 se
3078 5504 3422 5573 conferebat,

1866 5607 1961 5648 eos
2018 5606 2231 5660 quoque
2285 5592 2670 5659 absumpturos
2717 5600 2771 5645 et
2816 5593 3105 5660 petiturus.
3159 5594 3263 5651 Sed
3298 5608 3427 5656 ante

1865 5684 2049 5738 omnia
2103 5698 2197 5749 per
2248 5698 2463 5736 omnem
2498 5698 2609 5736 sure
2642 5684 2863 5738 ditionis
2908 5685 3117 5755 plagam
3151 5705 3425 5757 pra-conos

1866 5772 2052 5834 mittit,
2100 5787 2193 5826 eos
2224 5772 2314 5840 qui
2347 5784 2472 5825 ante
2503 5774 2697 5827 multos
2723 5789 2917 5839 annos,
2939 5779 3156 5846 ipsoque
3182 5784 3424 5837 obsidio-

1868 5866 1949 5918 nis
1987 5876 2250 5932 tempore,
2281 5864 2721 5918 Thessalonicam
2745 5864 3094 5922 deseruerant
3118 5872 3345 5943 aliisque
3374 5880 3426 5929 in

1865 5958 2007 6011 locis
2040 5955 2197 6009 sedes
2222 5953 2531 6007 locaverant
2552 5970 2698 6023 suas,
2723 5971 2883 6024 quam
2911 5960 3190 6017 Cclrrrittte
3214 5977 3431 6033 possent

3000 6055 3077 6113 20
