4526 6514
972 447 1076 510 621

2143 439 2469 500 JOANNIS
2508 435 2982 498 ANAGNOSTA!

4110 432 4205 492 628

973 566 1306 627 usurpante;
1339 572 1505 623 neque
1535 555 1621 608 diu
1657 555 1849 608 bonum
1885 553 2186 634 differatur,
2219 553 2324 603 Deo
2379 563 2516 618 pro-
2550 557 2593 609 Α
2624 546 2722 616 τὴν

2419 563 2516 601 ro-
2550 557 2593 609 Α
2624 546 2722 616 τὴν
2773 544 3042 615 τοσαύτην
3089 542 3199 594 τῶν
3235 541 3533 612 συμφορῶν
3567 542 3849 595 θάλασσαν
3889 544 3964 610 τῇ
4012 541 4205 594 ἑαυτοῦ

971 650 1104 717 pitio
1135 649 1290 702 oculo
1323 649 1675 714 inspectante,
1713 655 1767 700 et
1797 661 1894 698 suo
1928 660 2076 699 more
2094 641 2402 705 nobiscum,
2425 640 2518 708 qui

972 743 1026 795 in
1056 758 1178 795 eum
1217 739 1596 808 delinquimus,
1645 739 1950 791 humaniter
2002 742 2212 806 agente.

1040 999 1131 1052 22.
1164 1000 1230 1054 Et
1260 1000 1374 1054 haec
1408 1001 1684 1068 hucusque
1724 1011 2040 1066 processere
2074 1012 2087 1048 :
2130 994 2254 1048 licet
2309 1009 2404 1047 nos
2459 1008 2522 1045 ex

975 1093 1080 1145 illis
1108 1091 1352 1158 quaedam
1387 1100 1596 1158 spoate,
1631 1100 1869 1156 tempore
1905 1088 1957 1141 id
1976 1097 2158 1140 nostra
2195 1085 2405 1140 dicendi
2427 1085 2530 1137 im-

975 1181 1287 1246 becillitate,
1306 1182 1519 1234 silentio
1538 1181 1916 1233 involverimus
1941 1194 1960 1242 ,'
1995 1192 2224 1246 cumque
2256 1187 2405 1230 tuutu
2429 1188 2529 1227 nos

977 1285 1220 1342 rogatum
1255 1273 1548 1340 refringere
1578 1285 1686 1325 non
1747 1283 2025 1339 possemus
2061 1279 2114 1322 et
2151 1266 2530 1320 inobedientiae

978 1376 1158 1420 notam
1187 1366 1480 1429 incurrere,
1511 1372 1568 1416 ut
1601 1363 1753 1418 nobis
1785 1363 1954 1426 licuit,
1977 1360 2223 1430 praesenti
2255 1373 2352 1412 nos
2406 1372 2531 1410 nar

980 1456 1172 1510 rationi
1201 1455 1547 1509 dedidimus:
1585 1455 1687 1507 hoc
1718 1455 1860 1506 enim
1893 1461 1941 1506 et
1976 1454 2026 1504 in
2075 1450 2296 1528 exordio
2331 1448 2533 1518 promi-

977 1546 1166 1610 simus,
1207 1546 1339 1598 nihil
1365 1561 1462 1598 nos
1493 1546 1629 1598 ultra
1671 1544 1939 1611 propriam
1999 1540 2308 1593 facultatem
2369 1553 2533 1591 cona-

980 1645 1153 1691 turos.
1173 1639 1372 1702 Quare,
1396 1638 1439 1691 si
1456 1639 1581 1705 quid
1609 1645 1698 1687 tuo
1726 1633 1992 1687 desiderio
2016 1633 2230 1699 dignum
2265 1641 2353 1683 aut
2377 1645 2534 1697 argu-

983 1737 1162 1778 mento
1193 1740 1433 1794 compar,
1457 1725 1728 1792 peregisse
1761 1722 2088 1786 videbimur,
2121 1731 2270 1774 tuum
2299 1719 2350 1772 id
2371 1717 2536 1771 fuerit

981 1829 1034 1872 et
1055 1826 1262 1868 tuarum
1287 1831 1383 1883 pro
1408 1816 1560 1869 nobis
1591 1815 2040 1882 supplicationum
2069 1830 2081 1866 :
2116 1813 2200 1866 sin
2230 1826 2318 1864 res
2343 1812 2395 1862 in
2418 1824 2532 1862 om-

2624 635 2971 706 χρησαμένου
3011 633 3264 700 δυνάμει.
3313 632 3532 684 Γένοιτο
3567 631 3624 683 δὲ
3679 630 3755 699 μὴ
3812 631 3919 682 οὑκ
3972 631 4060 692 εἰς
4111 647 4207 696 μα-

2626 730 2786 794 κρὰν,
2847 726 2970 794 ίλὲῳ
3020 724 3114 776 τοῦ
3173 721 3308 775 Θεοῦ
3372 721 3766 790 ἐπιϐλέψαντος
3816 721 4072 790 ὄμματι,
4124 725 4207 774 καὶ

2625 820 2818 888 φιλανθ
2831 817 3258 887 ρωπευσαμένου
3285 813 3532 887 συνήθως
3561 815 3648 884 ἐφ’
3677 810 3761 878 οἷς
3787 815 3966 868 αὑτὸν
4000 831 4206 884 παρορ-

2627 911 2874 978 γίζομεν.

2697 1001 2800 1069 κβ’.
2824 1000 3088 1060 Taurei;
3123 999 3281 1068 δεῦρο
3309 997 3828 1067 παρηκολούθηκεν,
3867 997 3920 1048 εί
3968 997 4071 1049 καί
4097 1014 4206 1048 τινα

2627 1095 2833 1145 τούτων
2865 1096 3030 1161 ἡμεῖς
3064 1094 3278 1154 ἑκόντες
3311 1093 3398 1145 διὰ
3429 1093 3520 1145 τὸν
3556 1090 3752 1160 καιρὸν
3799 1091 3900 1142 καὶ
3936 1091 4049 1158 τὴν
4082 1092 4206 1158 ἡμε-

2627 1186 2792 1256 τέραν
2835 1185 2964 1253 περὶ
3018 1185 3077 1235 τὸ
3133 1185 3313 1250 λέγειν
3359 1183 3644 1236 ἀσθένειαν
3703 1181 4058 1250 παραλιπεῖν
4099 1181 4206 1232 δέοι

2631 1275 2997 1344 κεκρίκαμεν.
3023 1275 3384 1344 Κάπειδήπερ
3411 1275 3511 1326 οὑκ
3537 1275 3762 1343 εἴχομεν
3786 1274 3895 1340 τὴν
3926 1274 4032 1338 σὴν
4059 1271 4207 1335 ἀξίω-

2631 1381 2716 1415 σιν
2769 1363 3204 1433 διακρούσασθαι
3253 1367 3346 1417 καὶ
3399 1366 3656 1434 ἀνηκοΐας
3693 1365 3930 1437 γραφὴν
3984 1367 4204 1429 ἀπενέγ-

2631 1455 2856 1519 κασθαι,
2885 1455 3069 1518 καθὼς
3098 1458 3229 1524 ἡμῖν
3259 1457 3402 1524 ἐξῆν,
3456 1457 3681 1516 ἑαυτοὺς
3719 1460 3788 1524 τῇ
3829 1456 4096 1526 παρούσῃ
4135 1457 4204 1506 δε-

2630 1547 2882 1614 δώκαμεν
2905 1547 3181 1616 διηγήσει.
3216 1547 3386 1598 Τοῦτο
3411 1548 3520 1616 γάρ
3543 1548 3644 1600 κάν
3673 1550 3796 1607 ταῖς
3825 1549 4032 1616 ἀρχαῖς
4061 1547 4204 1597 ὑπισ-

2632 1639 2946 1707 χνούμεθα,
3015 1640 3182 1708 μηδὲν
3228 1639 3392 1695 πλέον
3441 1641 3538 1706 τῆς
3592 1641 3879 1709 ἡμετέρας
3931 1640 4204 1706 δυνάμεωε

2633 1729 3026 1793 ἐπιδείξασθαι.
3059 1732 3218 1783 Ὅθεν
3250 1733 3297 1783 εί
3327 1732 3425 1799 μὲν
3455 1732 3604 1794 ἄξιόν
3635 1749 3692 1782 τι
3721 1732 3826 1800 τῆς
3870 1749 3934 1783 τε
3974 1734 4073 1800 σῆς
4101 1735 4204 1782 ἑπι-

2636 1821 2838 1886 θυμίας
2885 1821 3120 1887 καὶτῆς
3171 1821 3481 1883 ὑποθέσεως
3526 1821 3796 1888 φανῶμεν
3848 1819 4201 1888 ἐργάσασθαι.

983 1909 1138 1962 nibus
1166 1907 1450 1961 infeliciter
1479 1906 1707 1969 cecidit,
1735 1909 1783 1959 id
1803 1906 1942 1974 quod
1964 1904 2271 1958 necessario
2296 1902 2536 1954 futurum
2572 1897 2610 1949 Β
2643 1913 2732 1963 σδν
2764 1914 2770 1964 ί

2421 1916 2536 1953 rum
2572 1897 2610 1949 Β
2643 1913 2732 1963 σδν
2764 1912 2828 1965 ἂν
2859 1911 2944 1981 εἴη
2971 1915 3128 1966 τοῦτο
3162 1914 3255 1964 καὶ
3305 1913 3415 1963 τῶν
3460 1911 3567 1964 σῶν
3599 1914 3738 1981 ὑπὲρ
3785 1913 3953 1980 ἡμῶν
3987 1927 4203 1978 προσευ-

981 2007 1119 2061 erat,
1157 1999 1410 2066 quidquid
1437 1999 1593 2053 nobis
1627 1999 1860 2051 delatum
1895 1997 2060 2049 fuerit
2089 1993 2414 2055 munusculi,
2445 1992 2535 2060 ju-

984 2099 1122 2140 stum
1143 2090 1246 2140 erit
1277 2096 1326 2140 te
1354 2101 1568 2156 quoque
1597 2087 1910 2154 participem
1932 2085 2078 2148 ﬁeri,
2107 2084 2198 2154 qui
2236 2099 2333 2136 nos
2357 2082 2532 2134 infan-

986 2187 1064 2228 tes
1098 2186 1254 2243 atque
1277 2176 1641 2242 imprudentes
1674 2177 1738 2229 ad
1771 2189 1904 2244 Opus
1928 2174 2030 2228 hoc
2080 2172 2352 2235 excitasti,
2411 2170 2536 2239 quia

985 2268 1186 2336 aliquid
1221 2283 1340 2322 esse
1370 2284 1487 2331 nos,
1526 2269 1615 2335 qni
1649 2267 1778 2320 nihil
1816 2281 2002 2322 sumus
2056 2267 2183 2320 etid
2233 2265 2539 2333 ubicunque

985 2360 1144 2412 etiam
1182 2361 1514 2413 contentiose
1542 2361 1882 2426 profitemur,
1915 2359 2260 2413 existimasti.
2291 2357 2401 2425 Ego
2457 2371 2539 2408 ve-

987 2463 1049 2500 ro
1075 2449 1300 2515 gratiam
1335 2453 1406 2503 rei
1443 2451 1630 2502 referri
1669 2451 1796 2503 mihi
1847 2464 2033 2517 preces
2066 2460 2184 2502 tuas
2228 2449 2540 2502 enixissime

986 2551 1175 2604 exoro,
1211 2554 1370 2606 quam
1404 2541 1633 2593 itiaxinne
1665 2542 1968 2595 venerande
1995 2549 2147 2608 pater
2179 2557 2194 2592 :
2225 2539 2353 2592 mihi
2388 2539 2534 2592 enim

993 2630 1282 2684 multorum
1316 2633 1580 2686 scelerum
1616 2635 1869 2688 conscius
1894 2641 2102 2687 tuarum
2133 2647 2353 2701 precum
2382 2645 2538 2701 Opem

989 2720 1237 2789 imploro,
1269 2730 1326 2776 ut
1359 2724 1446 2778 illa
1478 2725 1785 2780 abluantur.

989 2963 1211 3022 Joannis
1246 2969 1564 3036 Anagnosuz
1613 2991 1706 3035 pro
1747 2975 1940 3027 viribus
1994 2987 2113 3029 acra
2175 2973 2424 3030 Monodia
2481 2975 2544 3026 de

1305 3043 1505 3094 excidio
1534 3043 1675 3095 urbis
1721 3042 2214 3102 Thessalonicensis.

1062 3173 1216 3238 Quis,
1257 3176 1433 3230 sciens
1464 3178 1681 3232 casibus
1725 3180 2110 3250 eventilmsqne
2138 3198 2316 3237 rerum
2368 3185 2545 3238 fatali-

994 3264 1091 3318 bus
1125 3268 1370 3332 planctus
1417 3283 1719 3340 exequare,
1778 3273 1936 3341 digne
1987 3272 2548 3329 Thessalonicensium

995 3357 1178 3411 urbem
1218 3359 1578 3426 deploraverit
1604 3363 1627 3416 ἲ
1650 3361 1790 3418 Urbs
1836 3365 1979 3418 enim
2018 3365 2150 3431 haec,
2187 3377 2441 3435 quantum
2471 3381 2557 3419 re-

995 3448 1168 3514 liquas
1215 3451 1348 3505 alias
1404 3452 1682 3517 felicitate,
1735 3469 1986 3510 mensura
2022 3472 2126 3510 non
2185 3471 2371 3525 parva,
2398 3473 2556 3526 supe-

999 3541 1159 3604 ravit,
1209 3543 1372 3597 rebus
1413 3544 1462 3596 in
1501 3545 1748 3599 omnibus
1807 3547 2154 3616 semetipsam
2212 3551 2557 3617 conspicuam

997 3645 1061 3685 ac
1100 3633 1615 3687 desideratissimam
1683 3647 2141 3700 commonstrans,
2193 3647 2398 3692 tantum
2455 3638 2560 3692 hoc

998 3723 1094 3776 nvi
1136 3723 1508 3778 infelicissimo
1532 3726 1821 3781 infortunio
1855 3739 2100 3794 mactata,
2141 3729 2317 3784 omnis
2343 3727 2559 3798 generis

1001 3812 1357 3881 lacrymarum
1418 3829 1788 3883 argumentum
1823 3821 2160 3886 proponitur.
2187 3818 2390 3885 Quibus
2414 3818 2557 3871 enim

1001 3901 1083 3955 vel
1118 3902 1338 3956 minimo
1364 3912 1599 3971 tempore
1634 3906 1785 3959 bouis
1819 3907 1962 3961 illlus
2005 3906 2204 3974 perfrui
2240 3919 2557 3959 concessum

1001 4002 1105 4054 est,
1141 3994 1270 4046 nihil
1300 3996 1364 4047 de
1391 4009 1450 4048 ea
1480 3995 1620 4048 aliud
1647 3999 1881 4051 occurrit
1907 4013 2063 4066 quam
2091 4013 2210 4066 qua:
2229 3995 2561 4064 desperatio-

1004 4097 1128 4135 nem
1175 4084 1355 4137 auimo
1410 4087 1698 4140 conciliant
1746 4097 1800 4142 et
1858 4088 2035 4143 fontes
2083 4089 2445 4159 lacrymarum
2492 4104 2558 4142 ex

1003 4172 1176 4228 oculis
1209 4181 1548 4242 extorquent.
1581 4173 1818 4245 Namque
1844 4190 1897 4230 ct
1916 4177 2021 4231 situ
2077 4187 2131 4230 et
2165 4178 2561 4245 pulchritudine

1009 4261 1227 4325 multas,
1274 4262 1644 4330 magnitudine
1695 4275 1751 4320 et
1804 4281 1981 4320 rerum
2040 4267 2365 4321 abundantia
2395 4267 2561 4319 multo

1008 4353 1186 4416 plures
1231 4353 1478 4407 civitates
1532 4358 1894 4425 essuperavit.
1937 4357 2002 4412 Et
2031 4373 2154 4426 quae
2206 4359 2356 4427 prius
2408 4358 2562 4412 bonis

1007 4444 1257 4499 Omnihns
1307 4444 1570 4511 adluebat,
1649 4459 1807 4518 atque
1846 4451 1913 4505 ab
1957 4452 2210 4506 omnibus
2262 4451 2561 4507 decantatis

2642 1999 2753 2068 χῶν
2774 2015 2786 2027 ·
2845 2002 2892 2052 εί
2925 2000 2970 2053 δ’
3005 1996 3162 2062 αὖθις
3205 2002 3426 2068 ἀτυχεῖς
3459 2001 3600 2052 κατά
3657 2002 3840 2053 πάντα
3873 2000 4151 2067 δόξαιμεν,
4182 1999 4204 2048 δ

2642 2091 2792 2141 πᾶσα
2828 2090 3023 2142 παθεῖν
3059 2091 3296 2156 ἀνάγκη,
3335 2091 3498 2142 ὁποία
3537 2109 3618 2153 τις
3646 2092 3712 2142 ἂν
3744 2091 3958 2159 ἀμοιϐὴ
3989 2091 4082 2140 καὶ
4112 2090 4203 2138 κα·

2641 2183 2725 2232 λιν
2758 2183 2888 2248 ἡμῖν
2924 2183 3246 2256 ἀντιδουείη,
3283 2182 3493 2234 δίκαιον
3538 2183 3603 2234 ἂν
3645 2184 3731 2250 εἴη
3768 2186 3863 2235 καὶ
3917 2185 3977 2233 σὲ
4013 2182 4203 2246 ταύτης

2647 2273 3064 2341 μετεσχηκέναι,
3101 2276 3250 2342 ἡμᾶς
3280 2274 3514 2341 ἀμαθεῖς
3553 2275 3710 2334 ὄντας
3742 2275 4204 2341 παρακαλέσαντα

2644 2366 2780 2432 πρὸς
2815 2366 2974 2434 ἔργον
3005 2365 3258 2418 τοσούτου
3305 2366 3391 2417 διὰ
3431 2366 3493 2418 τδ
3545 2367 3690 2435 ἡμᾶς
3723 2363 3864 2418 εἷναί
3896 2383 3951 2417 τι
3988 2365 4204 2432 νομίσαι

2647 2453 2809 2521 μηδὲν
2856 2453 3012 2515 ὄντας
3067 2457 3158 2507 καὶ
3209 2454 3368 2506 τοῦτο
3419 2457 3694 2523 πανταχοῦ
3746 2455 4198 2520 διατεινομένοις.

2658 2543 2796 2610 Ἐγὼ
2819 2543 2862 2595 δ’
2896 2545 2976 2606 είς
3009 2544 3244 2613 ἀμοιόὴν
3273 2545 3368 2608 τὰς
3401 2546 3498 2609 σας
3534 2545 3688 2607 λιτὰς
3733 2543 4085 2609 ἀπιῐοθῆναί
4118 2560 4199 2609 μοι

2647 2633 2864 2702 θερμῶς
2913 2634 3257 2704 ὲξαιτοῦμαι,
3308 2634 3609 2704 τιμιώτατε
3650 2637 3854 2705 πάτερ·
3889 2637 4068 2689 πολλὰ
4103 2636 4202 2700 γὰρ

2647 2724 2868 2792 ἐμαυτῷ
2901 2725 3258 2791 συνεγνωκὼς
3302 2726 3644 2795 πταίσματα,
3680 2731 3778 2794 τῆς
3807 2726 3912 2779 ἀπὸ
3951 2727 4068 2780 τῶν
4103 2726 4202 2778 σῶν

2647 2815 2810 2868 λιτῶν
2842 2817 3029 2884 δέομαι
3053 2817 3324 2886 βοηθείας,
3353 2819 3435 2879 είς
3454 2819 3553 2888 τὴν
3587 2821 3791 2870 τούτων
3822 2820 4105 2888 ἀπόνιψιν.

2661 2971 2941 3026 Ἰωάννου
2984 2973 3395 3037 Ἀναγνὼστου
3428 2974 3576 3025 κατὰ
3625 2974 3875 3040 δύναμιν
3932 2973 4206 3037 Mea-(paid

2745 3043 2842 3095 ἐπὶ
2875 3041 2948 3110 τῇ
2979 3043 3195 3096 ἁλώσει
3229 3044 3338 3110 τῆς
3381 3044 3612 3108 πόλεως
3639 3046 4120 3109 Θεσσαλονίκης.

2722 3179 2820 3241 Τίς
2849 3178 2913 3230 ἂν
2950 3175 3106 3238 είδὼς
3129 3176 3324 3228 πάθεσι
3361 3176 3594 3246 θρήνους
3622 3177 3830 3240 ὲξισοῦν
3866 3177 3962 3245 τὴν
3986 3177 4196 3228 Θεσσα-

2652 3270 2911 3321 λονικέων
2931 3268 3095 3332 ἀξίως
3122 3268 3276 3320 πόλιν
3301 3268 3540 3338 ὠδύρετο
3563 3286 3577 3334 ;
3622 3269 3779 3331 Πόλις
3812 3269 3916 3337 γὰρ
3951 3271 4099 3338 αὕτη
4118 3274 4206 3330 τὰς

2653 3360 2820 3424 ἀλλας
2852 3362 2973 3413 ὅσον
2997 3363 3056 3413 ὲν
3076 3361 3305 3429 εὐτυχίᾳ
3328 3359 3508 3429 πολλῷ
3541 3360 3618 3429 τῷ
3650 3361 3835 3431 μέτρῳ
3865 3363 4202 3431 παρήνεγκε,

2654 3452 2984 3522 πανταχόθεν
3023 3452 3123 3504 αὑτ
3139 3451 3203 3522 ὴν
3236 3451 3498 3521 λαμπρὰν
3528 3452 3621 3505 καὶ
3648 3453 3896 3519 ποθεινὴν
3923 3452 4201 3514 δεικνῦσα,

2655 3544 2880 3598 τοσοῦτο
2928 3544 3024 3597 νῦν
3060 3544 3404 3612 ἀτυχέστατα
3454 3545 3705 3615 πέπραγε
3773 3545 3864 3596 καὶ
3891 3545 4206 3614 ’θρηνῳδῐας

2658 3637 2878 3705 ἀπάσης
2908 3635 3169 3698 ὑπόθεσις
3202 3638 3507 3707 πρόκειται,
3541 3633 3634 3698 Οἷς
3663 3638 3766 3705 γάρ
3823 3636 3928 3688 τῶν
3956 3637 4057 3688 ἀπ’
4121 3638 4209 3688 αἱ.-

2656 3727 2755 3793 τῆς
2785 3726 2965 3778 καλῶν
3001 3728 3096 3779 καὶ
3131 3728 3329 3796 μικρὸν
3358 3727 3490 3794 γοῦν
3521 3744 3642 3780 τινα
3680 3729 3869 3797 χρόνον
3905 3729 4208 3779 ἀπόνασθαι

2659 3819 2868 3886 γέγονε,
2900 3818 3083 3885 λέγειν
3117 3821 3271 3872 οὐδὲν
3327 3818 3536 3872 ἐπεισΐν
3574 3820 3701 3873 ἀλλο
3748 3819 3951 3887 ταύτης
3985 3838 4048 3886 γε
4090 3821 4209 3886 πέρι

2658 3910 2690 3977 ἢ
2747 3909 2926 3980 ψυχὴν
2965 3912 3177 3980 ὅσαπερ
3213 3913 3268 3973 ἐς
3328 3910 3565 3978 ἀθυμίαν
3613 3911 3866 3980 ἐμϐάλλει
3923 3914 4108 3976 πηγάς
4157 3926 4208 3960 τι

2657 4001 2908 4069 δακρύων
2962 4001 3021 4064 ἐξ
3075 4001 3338 4070 ὀμμάτων
3381 4002 3703 4071 προχεῖσθαι
3769 4002 4207 4069 παρασκευάζει.

2660 4090 2866 4152 Πολλὰς
2901 4091 3002 4160 μὲν
3033 4091 3142 4160 γάρ
3177 4091 3365 4144 κάλλει
3395 4093 3488 4143 καὶ
3511 4092 3672 4157 θέσει,
3708 4089 3902 4149 πολλὰς
3930 4090 3985 4142 δὲ
4051 4092 4209 4158 μεγέ-

2661 4181 2860 4234 θεικαὶ
2896 4184 2964 4250 τῇ
3029 4181 3135 4234 τῶν
3167 4182 3347 4234 καλῶν
3389 4182 3621 4252 ἀφθονίᾳ
3684 4183 3810 4252 μηδ’
3861 4182 3984 4234 ὅσον
4042 4183 4210 4233 εἰπεῖν

2661 4275 2964 4342 ὑπερέϐαλε
3021 4276 3222 4338 πόλεις.
3265 4275 3371 4326 Καὶ
3403 4274 3485 4346 [ἃ]
3548 4276 3673 4344 πρὶν
3729 4277 3830 4343 μὲν
3878 4277 4058 4340 ἐκόμα
4107 4276 4209 4333 to’;

2662 4365 2887 4433 ἀγαθοῖς
2918 4366 3011 4419 καὶ
3047 4365 3260 4434 πλούτῳ
3309 4365 3385 4432 τῷ
3421 4363 3831 4434 θρυλλουμένῳ,
3868 4365 3982 4414 νυνὶ
4039 4364 4114 4425 δὲ,
4145 4363 4210 4419 ὡς

2665 4456 2741 4525 μὴ
2769 4454 2963 4522 ὢφελε,
2996 4454 3202 4524 φροῦδα
3235 4454 3500 4522 γεγένητο
3551 4455 3727 4504 πάντα
3757 4454 3849 4504 καὶ
3890 4452 4079 4513 κακῶς
4101 4453 4209 4501 ἀκε-

1006 4535 1227 4596 divitiis,
1253 4551 1392 4591 nunc
1425 4539 1586 4606 (quod
1619 4541 1820 4594 utinam
1867 4543 2147 4597 avertisset
2178 4544 2316 4596 Deus
2361 4540 2561 4609 )omni-
2594 4555 2638 4611 ι)
2668 4545 2793 4598 σκεύ

2422 4540 2561 4595 ῐῐιηῖο
2594 4555 2638 4611 ι)
2668 4545 2955 4601 σκεύαστο.
2995 4547 3060 4599 Ὢ
3090 4545 3204 4606 πῶς
3235 4545 3562 4613 μαγνήτιδος
3619 4543 3816 4612 τρόπον
3879 4543 3957 4602 είς
4022 4543 4209 4606 ἑαυτὴν

1006 4629 1110 4681 bns
1147 4630 1258 4681 suis
1289 4633 1532 4696 partibus
1574 4630 1717 4698 jacet
1767 4631 2049 4686 demortua
2080 4643 2134 4687 et
2169 4633 2400 4702 pessime
2442 4647 2567 4700 per-

1009 4729 1258 4773 tractata.
1298 4718 1340 4773 0
1367 4725 1633 4788 quomodo
1667 4723 1774 4788 illa,
1819 4725 2038 4791 perinde
2092 4735 2253 4793 atque
2325 4738 2564 4794 magnes,

1005 4824 1191 4865 omnes
1224 4817 1286 4866 ad
1325 4829 1382 4867 se
1418 4815 1662 4868 trahebat
1712 4817 1977 4881 avellique
2018 4818 2085 4871 ab
2111 4832 2167 4870 se
2219 4815 2360 4869 nullo
2410 4813 2567 4868 modo

1008 4904 1381 4964 peritilttebat?
1415 4906 1493 4959 sic
1523 4907 1662 4961 enim
1695 4923 1790 4962 eos
1820 4907 2114 4973 detinebat,
2144 4924 2278 4978 quos
2308 4923 2546 4977 quacun-

1012 5010 1113 5057 que
1138 5009 1169 5048 e
1201 4997 1416 5065 regione
1438 4998 1779 5052 advenientes
1819 4999 1971 5053 donis
2020 5000 2347 5067 excipiebat,
2377 5001 2566 5052 vincu-

1013 5085 1181 5152 lisque
1219 5086 1468 5140 amicitia:
1529 5087 1987 5143 indissolubilibus
2037 5091 2460 5162 constringebat,
2510 5102 2567 5144 ut

1009 5193 1117 5244 prae
1150 5193 1211 5230 ea
1245 5180 1473 5240 patriam
1517 5190 1898 5249 postponereut
1942 5192 1995 5236 et
2025 5182 2091 5235 de
2137 5182 2308 5237 reditu
2349 5199 2567 5250 prorsus

1009 5270 1320 5323 memoriam
1363 5274 1687 5326 amitterent.
1709 5271 1846 5336 Heu,
1875 5277 1974 5328 heu
2001 5275 2014 5326 l
2037 5287 2401 5328 verumtamen
2425 5289 2567 5330 nunc

1009 5376 1112 5413 non
1140 5372 1340 5415 tantum
1368 5363 1620 5426 advenas,
1650 5380 1802 5432 quos,
1837 5377 1892 5418 ut
1937 5367 2066 5428 dixi,
2098 5366 2240 5419 illius
2271 5368 2563 5435 gratiarum

1010 5452 1295 5518 participes
1329 5453 1441 5507 fieri
1467 5455 1712 5524 comigit,
1737 5457 1827 5510 sed
1853 5458 2012 5511 etiam
2041 5473 2176 5525 quos
2207 5459 2316 5525 ipsa
2341 5458 2564 5520 extulit,

1009 5540 1156 5591 omni
1190 5542 1365 5594 studio
1397 5544 1569 5612 fugam
1600 5546 1837 5613 arripere
1866 5562 2091 5616 eamque
2118 5550 2273 5601 veluti
2315 5548 2567 5618 Charyb-

1011 5632 1119 5683 dim
1169 5633 1391 5686 alteram
1435 5636 1845 5702 perhorrescere
1873 5649 1923 5690 et
1988 5639 2244 5691 detestari
2300 5639 2491 5704 coegit.
2525 5636 2568 5690 Ο

1009 5731 1244 5790 tempus,
1308 5740 1548 5792 quamam
1624 5738 1842 5795 repente
1899 5729 2153 5796 parturis.
2209 5737 2262 5778 et
2307 5744 2565 5795 quasnam

1013 5815 1172 5874 rebus
1224 5816 1624 5874 immutationes
1662 5819 1869 5874 inducis
1896 5823 1907 5875 !
1938 5823 2139 5891 optimc
2190 5830 2258 5886 te,
2289 5823 2375 5889 qui
2427 5833 2568 5874 retin

2674 4635 2918 4697 ἅπαντας
2953 4631 3155 4699 εἷλκεν,
3185 4632 3487 4701 ἀποστῆναί
3514 4649 3572 4684 τε
3615 4632 3831 4691 τούτους
3888 4630 4001 4682 οὐδ’
4039 4634 4208 4681 em:-

2673 4725 2822 4778 τιοῦν
2847 4723 3173 4794 συιιεχώρειί
3215 4725 3452 4791 τοσούτῳ
3512 4725 3605 4775 καὶ
3647 4723 3753 4791 γὰρ
3808 4723 4081 4788 κατεῖχεν,
4143 4716 4208 4778 οἷς

2673 4816 2868 4876 αὑτιὺς
2909 4813 3242 4882 πανταχόθεν
3306 4813 3736 4881 ἀφικνουμένους
3780 4811 4088 4874 ἐδεξιοῦτο,
4134 4813 4210 4861 δεο

2678 4909 2832 4975 σμοῖς
2855 4907 2901 4958 τ’
2924 4907 3139 4968 ἀλύτοις
3170 4905 3349 4975 φιλίας
3374 4904 3597 4965 συνέδει,
3631 4904 3704 4964 ὼς
3726 4904 3840 4954 ἀντὶ
3867 4904 3962 4970 τῆς
3999 4906 4212 4966 svany—

2677 4999 2841 5069 μένης
2867 4997 3038 5065 αὑτὴν
3063 4997 3267 5056 πάντας
3300 4995 3589 5063 αἱρεῖσθαι,
3647 4995 3738 5045 καὶ
3799 4993 3920 5059 μηδ’
3961 4995 4208 5043 iunias-.-

2677 5087 2985 5159 μεμνῆσθαι
3020 5087 3239 5155 μηκέτι.
3269 5087 3373 5137 Φεῦ
3398 5087 3411 5138 !
3441 5085 3556 5137 ἀλλ’
3590 5084 3687 5153 ήδη
3724 5083 3795 5151 μὴ
3829 5083 3953 5142 τοὺς
3989 5083 4050 5147 ἐξ
4075 5083 4208 5132 ἁλλο-

2673 5179 2852 5246 δαπῆς
2882 5179 3063 5245 μόνον,
3085 5173 3163 5239 οἷς
3185 5177 3446 5246 ὑπῆρξεν,
3471 5177 3543 5237 ὼς
3574 5176 3728 5244 ἔφην,
3751 5175 3853 5225 τῶν
3877 5175 4054 5242 αὐτῆς
4089 5175 4208 5224 ἀπτ-

2674 5272 2998 5324 λελαυκέναι
3025 5271 3284 5339 χαρίτων,
3318 5269 3455 5321 ἀλλά
3481 5270 3574 5319 καὶ
3609 5268 3698 5328 οὒς
3727 5268 3947 5335 ἤνεγκε,
4003 5266 4206 5332 φεύγειν

2673 5364 2770 5434 ὅλῃ
2804 5362 3183 5436 παρεσκεύακε
3237 5359 3515 5429 προθυμία,
3583 5361 3672 5408 καὶ
3711 5356 3983 5423 Χαρυίδιν
4038 5355 4206 5419 ὥσπερ

2675 5455 2867 5521 ἑτέραν
2909 5453 3201 5504 δεδοικέναι
3242 5453 3337 5504 καὶ
3362 5451 3607 5518 τρέμειν.
3641 5443 3710 5499 Ὦ
3754 5447 3932 5514 χρόνε,
4002 5442 4088 5498 οἶα
4141 5449 4205 5492 τί·

2676 5561 2823 5606 κτεις
2855 5545 3132 5612 ἐξαίφνης,
3152 5543 3240 5594 καὶ
3273 5541 3568 5608 μεταϐολὰς
3594 5541 3706 5599 οἵας
3734 5538 4086 5604 ἐναπεργάζῃ
4112 5536 4204 5592 rei;

2679 5637 2985 5703 πράγμασι.
3032 5625 3224 5694 Καλῶς
3260 5649 3341 5696 σε,
3368 5633 3500 5700 πρὸς
3531 5632 3588 5682 τὸ
3618 5630 3978 5695 παλίντροπον
4011 5627 4200 5678 amaris-

2676 5743 2785 5788 τεξι
2816 5726 3007 5793 τροχὸν
3041 5726 3098 5776 τὸ
3120 5724 3225 5776 τῶν
3261 5723 3436 5791 σοφῶν
3477 5723 3782 5788 (inopina:
3818 5719 3975 5785 γένος
3999 5734 4011 5746 ’
4047 5721 4198 5768 πάντα

2680 5820 2785 5886 γὰρ
2829 5818 2938 5871 ἄνω
2985 5817 3074 5868 καὶ
3105 5817 3253 5870 κάτω
3301 5814 3588 5883 μετατίθης
3637 5814 3723 5867 καὶ
3779 5813 4106 5879 περιφέρεες.
4144 5801 4192 5855 Ὠ
