4526 6514
343 480 445 543 r29

1320 484 1414 542 DE
1455 484 1765 542 EXCIDIO
1808 484 2543 547 THESSALONICENSI.

3458 481 3565 542 630

340 592 494 654 πόλις
524 592 556 661 ἠ
587 597 715 662 πρὶν
755 596 854 662 μὲν
886 598 1070 667 ῶσπερ
1109 598 1241 662 ναῦς
1288 601 1345 664 ἐξ
1398 599 1587 667 οὐρίας
1624 602 1881 659 πλέουσα.
1918 607 1962 658 Α
1992 600 2087 652 abs

1779 618 1881 659 ισα.
1918 607 1962 658 Α
1992 600 2087 652 abs
2132 608 2181 652 te
2237 601 2415 652 omnia
2454 598 2695 652 converti
2752 613 3082 665 conspexi-re
3149 596 3436 664 sapientes,
3483 612 3566 647 ro-

337 683 528 736 Ιπειτα
558 685 611 737 δὲ
639 688 948 754 καταιγίδος
979 690 1157 757 δεινῆς
1188 689 1507 757 έγερθείσης
1544 692 1729 752 κακῶς
1764 707 1892 742 συν-

335 776 583 840 τριϐεῖσα
614 778 707 829 καὶ
732 779 823 830 τὸν
841 782 1267 847 ὲναποκείμενον
1291 780 1521 833 πλοῦτον
1541 782 1890 834 ἀποϐαλοῦσα

336 869 428 918 καὶ
460 868 792 932 ἀπολέσασα,
830 870 939 922 οὐδ’
968 870 1032 924 ἃν
1059 863 1146 933 ἐἷς
1173 872 1281 924 τῶν
1321 888 1401 923 σοι
1429 874 1748 941 προσόντων
1774 876 1895 941 ἀφί-

338 958 487 1008 κοιτό
524 958 643 1011 ποτ’
674 962 752 1020 είς
784 960 954 1028 λήθην
982 960 1143 1025 ἑκὼν,
1174 963 1223 1014 εί
1261 963 1334 1031 μὴ
1366 962 1473 1014 τῶν
1509 964 1721 1030 φρενῶν
1781 965 1895 1028 ἐξέ-

340 1063 540 1115 στηκεν
600 1049 756 1108 ὅλως.
801 1050 939 1116 Ἐγὼ
990 1054 1089 1120 μὲν
1143 1048 1235 1105 οὖν
1296 1054 1387 1106 καὶ
1440 1054 1745 1124 σύνδακρυς
1800 1056 1893 1108 σοῦ

342 1141 695 1206 μεμνημένος
724 1140 1086 1211 καθίσταμαι,
1109 1146 1203 1197 καὶ
1229 1143 1290 1196 τὸ
1331 1147 1672 1213 προφητικὸν
1698 1149 1893 1213 εἰπεῖν,

340 1230 531 1293 σκότος
559 1230 751 1285 λεπτόν
783 1251 847 1301 με
880 1236 1169 1301 καλύπτει,
1211 1239 1303 1291 καὶ
1336 1238 1693 1307 παραμυθίαν
1718 1238 1896 1308 ζητῶν

338 1321 511 1373 ταυτά
562 1339 652 1389 μοι
697 1324 926 1394 πάσχειν
975 1328 1069 1379 καὶ
1112 1327 1239 1390 τοὺς
1272 1328 1465 1389 ἄλλους
1514 1330 1773 1397 εὑρίσκω.
1834 1332 1897 1385 Ὠ

342 1408 460 1469 πῶς
486 1426 576 1462 σου
612 1411 708 1477 τὴν
736 1414 865 1481 πρὶν
915 1414 1216 1482 εὐκοσμίαν
1245 1416 1554 1487 ἀφῄρησαι,
1587 1420 1682 1470 καὶ
1712 1418 1897 1486 ὴλαμ·

342 1501 549 1565 πρότης
578 1502 815 1570 ἀπέσϐη,
849 1504 942 1557 καὶ
971 1506 1099 1567 τοὺς
1127 1507 1372 1576 ὁρῶντας
1412 1510 1687 1577 κατηφιᾷν
1727 1512 1896 1577 ἀναγ-

340 1587 549 1650 γάζεις.
582 1591 919 1660 Συγκέχυται
952 1596 1061 1664 γάρ
1094 1612 1176 1648 σοι
1201 1598 1405 1665 κόσμος
1446 1601 1472 1649 ό
1520 1600 1899 1668 περικείμενος

344 1678 514 1739 ἄπας,
543 1681 636 1731 καὶ
660 1681 717 1733 τὸ
742 1683 959 1744 κάλλος,
989 1678 1033 1751 ᾧ
1061 1687 1264 1755 σαυτὴν
1306 1691 1530 1757 κοσμεῖν
1550 1687 1712 1758 εἶχες,
1752 1690 1901 1755 ἐξαί-

344 1786 483 1835 φνης
506 1770 772 1826 ἀπόλωλε.
806 1773 1050 1844 Θέατρον
1077 1778 1187 1845 γὰρ
1218 1776 1486 1848 πρότερον
1524 1781 1623 1847 μὲν
1644 1779 1903 1848 εὐδαιμον

341 1854 434 1927 ἧς,
474 1863 593 1912 νυνὶ
626 1862 682 1914 δὲ
714 1864 810 1915 Θτα
843 1866 978 1917 πᾶσι
1009 1868 1247 1933 γέγονας
1285 1871 1610 1935 ἀπευκταία,
1645 1872 1737 1921 καὶ
1779 1872 1903 1930 τοὺς

2001 702 2107 743 tam
2158 699 2555 758 nuncuparunt,
2618 690 2796 741 omnia
2851 690 3114 757 siquidem
3165 703 3366 757 susque
3399 688 3573 755 deque

1998 782 2113 849 agis
2141 784 2423 849 ducisque.
2454 780 2499 833 0
2530 782 2657 833 urbs
2706 788 2863 832 antea
2896 791 3054 831 vento
3107 782 3348 835 secundo
3402 779 3571 833 adna-

1999 874 2209 938 vigans.
2238 870 2575 938 postmodum
2605 870 2717 921 dira
2776 879 3093 936 tempestate
3121 879 3303 922 cOOrlzt
3339 869 3574 936 pessime

1998 966 2253 1026 cnutrita,
2293 961 2541 1028 repositis
2566 960 2616 1012 in
2639 971 2689 1014 te
2716 961 2921 1015 divitiis
2953 962 3167 1013 amissis
3191 970 3355 1029 atque
3382 962 3578 1029 deper—

1998 1052 2124 1105 ditis
2156 1055 2168 1105 ι
2205 1070 2361 1106 nemo
2392 1054 2639 1119 equidem
2689 1064 2899 1106 tuorum
2940 1068 3177 1119 unquam
3230 1054 3579 1106 obliviscetur

1999 1142 2189 1206 libens,
2243 1145 2293 1196 ui
2368 1155 2545 1197 mente
2589 1155 2776 1211 captus
2829 1145 2922 1196 abs
2986 1155 3034 1195 te
3077 1159 3299 1212 prorsus
3361 1144 3577 1199 abierit.

2000 1227 2107 1295 Ego
2138 1245 2263 1280 vero
2294 1239 2436 1282 totus
2468 1230 2719 1299 lacrymis
2751 1244 3100 1298 eonspergor,
3141 1230 3266 1284 dum
3297 1230 3372 1283 tui
3395 1244 3537 1283 recon

1999 1322 2117 1383 dor,
2156 1330 2209 1372 et
2256 1329 2314 1373 ut
2356 1336 2474 1371 cum
2538 1321 2799 1388 propheta
2839 1319 3049 1386 loquar,
3079 1320 3304 1372 subtiles
3338 1322 3576 1371 tenebrae

2000 1428 2084 1465 me
2116 1413 2392 1480 obteguut,
2431 1423 2485 1465 et
2535 1411 2960 1466 consolationem
3017 1425 3263 1477 quaerens
3294 1410 3481 1463 eadem
3524 1420 3577 1462 ct

2002 1505 2138 1556 alios
2171 1504 2371 1569 perpeti
2404 1503 2636 1572 reperio.
2668 1502 2712 1556 Ο
2734 1503 3000 1570 quomodo
3036 1511 3125 1553 tuo
3157 1501 3386 1569 pristino
3416 1501 3577 1553 decet
3620 1565 3626 1572 .

2008 1610 2063 1647 re
2102 1593 2327 1662 spoliata
2360 1610 2439 1655 es.
2470 1605 2518 1645 et
2552 1594 2805 1661 splendor
2848 1593 3175 1653 exstinctus,
3208 1601 3261 1644 et
3303 1593 3577 1645 intuentes

2003 1701 2237 1740 maerore
2261 1686 2507 1739 coniicisl
2535 1696 2758 1737 ornatus
2788 1685 2929 1737 enim
2954 1685 3156 1746 omnis,
3184 1684 3273 1751 qui
3300 1692 3351 1735 te
3374 1684 3579 1737 ambie-

2007 1777 2119 1838 bat,
2172 1775 2527 1829 conturbatus
2580 1783 2661 1827 est
2693 1786 2783 1831 :ct
2820 1773 3188 1841 pulchritudo,
3225 1786 3333 1840 qua
3372 1780 3422 1824 te
3451 1786 3578 1824 cnu-

2006 1868 2320 1930 decorabas,
2355 1876 2597 1918 actutum
2627 1868 2780 1927 abiit,
2818 1868 3088 1917 theatrum
3128 1866 3391 1932 siquidem
3419 1874 3575 1917 antea

341 1956 579 2005 ἐνοικεῖν
634 1955 927 2025 ἑλομένους
992 1932 1211 2010 σοιγκαὶ
1266 1961 1500 2023 ἄκοντας
1555 1932 1893 2023 ἀπελαύνεις,
1929 1932 1976 1990 Β
2008 1955 2127 2008 Mi!

1787 1980 1893 2023 νεις,
1929 1932 2153 2018 chlix,
2209 1972 2349 2009 nunc
2406 1958 2659 2011 omnibus
2716 1959 3129 2009 abominandum
3204 1957 3574 2021 spectaculum

339 2045 475 2112 όρᾷν
495 2060 552 2096 σε
586 2044 661 2113 μὴ
688 2046 954 2114 φέροντας
982 2048 1038 2099 ἐν
1088 2047 1349 2120 δυστυχίᾳ
1378 2050 1622 2119 τοιαύτῃ.
1666 2050 1728 2100 Οἳ
1789 2050 1897 2118 γάρ

343 2151 405 2186 σε
439 2136 641 2202 τροφὸν
671 2136 842 2189 οἴδασι
884 2138 979 2190 καὶ
1022 2141 1256 2209 μητέρα,
1310 2144 1421 2203 τοῖς
1468 2144 1558 2193 ἐπὶ
1613 2143 1780 2209 μητρὶ
1814 2159 1901 2195 κο-

344 2227 642 2293 πτομένοις
676 2231 1017 2299 ἀποιχομένῃ
1058 2232 1126 2282 τά
1177 2232 1545 2298 παραπλήσια
1588 2232 1775 2300 ὁρῶσι,
1807 2233 1901 2283 καὶ

342 2319 649 2385 κατηφείας
681 2336 741 2370 σε
796 2322 995 2381 πάντες
1031 2322 1306 2375 ποιοῦνται
1357 2324 1618 2391 διήγημα.
1657 2320 1727 2376 Ὅ
1765 2341 1901 2393 παρ-

340 2411 518 2473 όντες.
548 2411 655 2475 ἐγὼ
679 2412 777 2478 μὲν
810 2412 897 2466 zai
927 2413 1036 2465 τῶν
1062 2413 1237 2466 ἄλλων
1270 2415 1396 2466 ὅταν
1436 2417 1512 2476 εἰς
1547 2417 1764 2483 μνήμην
1783 2416 1901 2485 ἥκω

338 2500 444 2567 τῆς
476 2502 706 2565 «diem;
736 2503 947 2555 πολλῶν
982 2504 1153 2557 όντων
1202 2506 1296 2557 καὶ
1328 2508 1630 2575 μεγάλων,
1680 2509 1773 2559 καὶ
1827 2501 1902 2558 ὧν

339 2590 499 2657 λόγος
534 2593 705 2653 οὐδεὶς
741 2595 965 2665 ἐξαρκεῖ
1005 2596 1143 2663 πρὸς
1187 2597 1459 2667 διήγησιν,
1519 2598 1728 2665 ἰλίγγου
1764 2598 1900 2665 πλη-

342 2682 545 2753 ροῦμαι
576 2686 668 2737 καὶ
690 2686 931 2753 ἐμαυτὸν
961 2684 1052 2737 ὐπ’
1086 2686 1326 2754 ἀθυμίας
1349 2688 1601 2756 κατέχειν
1627 2690 1723 2757 οὐχ
1791 2683 1901 2749 οἶός

339 2790 400 2827 τε
432 2776 673 2843 γίνομαι,
710 2778 871 2845 ἡνίκα
902 2776 947 2828 δ’
976 2778 1043 2830 ἂν
1071 2780 1164 2831 καὶ
1190 2780 1283 2830 τὸν
1308 2779 1592 2831 κάλλιστον
1649 2781 1708 2832 ὃν
1764 2782 1899 2832 ἀπο-

340 2865 580 2930 6ἐ6ληκε
604 2866 808 2933 κόσμον
836 2866 1163 2935 λογίσωμαι,
1204 2868 1360 2930 νεὼς,
1392 2871 1559 2937 φημὶ,
1594 2869 1771 2930 θείους
1806 2871 1901 2921 καὶ

340 2959 411 3010 τὰ
446 2959 586 3017 κατὰ
633 2962 741 3019 πᾶν
774 2960 949 3030 αὐτῆς
1002 2960 1171 3033 {Lf-po;
1205 2962 1423 3033 σεμνῶν
1475 2963 1685 3034 ἀνδρῶν
1740 2978 1904 3016 κατα·-

340 3055 549 3120 γὼγια,
587 3056 781 3126 μικροῦ
815 3057 906 3108 καὶ
949 3056 1164 3123 ἄφωνος
1196 3059 1307 3117 τοῖς
1352 3055 1622 3123 παροῦσιν
1687 3056 1901 3125 ὁρῶμαι

337 3148 436 3199 καὶ
470 3147 622 3213 μόλις
661 3146 896 3212 ἑμαυτδν
921 3147 1244 3214 ἀνακτῶμιι
1273 3147 1365 3199 τοῦ
1400 3148 1631 3209 πάθους.
1666 3148 1901 3213 Ὀφθαλ-

343 3242 464 3309 μ-ῖιν
510 3241 617 3308 γὰρ
668 3240 845 3290 εἰπεῖν
892 3233 1034 3305 ἦσαν
1071 3230 1217 3289 οῦτοι
1275 3238 1427 3304 βολαί
1478 3254 1534 3288 τε
1581 3238 1673 3290 καὶ
1707 3238 1899 3304 γλῆναι

340 3334 407 3398 τῇ
438 3329 613 3391 πόλει,
645 3332 740 3380 καὶ
761 3326 855 3379 νῦν
887 3328 1382 3394 κατακοιμηθείσαι
1433 3328 1671 3399 ζοφερὰν
1729 3329 1901 3396 αὐτὴν

345 3419 755 3487 ἀπειργάσαντο
801 3419 993 3484 πάντη.
1028 3420 1138 3471 Καὶ
1185 3419 1234 3471 τί
1263 3418 1335 3487 μὴ
1364 3420 1504 3483 λέγω
1527 3421 1585 3470 τὸ
1620 3422 1900 3486 κρεῖττον;

343 3511 577 3581 Οὐρανῴ
595 3528 652 3562 τε
688 3513 777 3562 καὶ
809 3515 877 3579 γῇ
913 3511 1116 3578 ταύτην
1154 3511 1370 3561 εἴκασεν
1404 3510 1468 3562 ἄν
1504 3530 1582 3571 τις
1616 3510 1710 3579 τὴν
1753 3512 1904 3562 πόλιν

344 3603 641 3669 εὐστόχως*
683 3602 745 3654 τὸ
787 3603 889 3670 μὲν
922 3602 1030 3669 γὰρ
1066 3601 1179 3654 ἄνω
1211 3601 1338 3662 τοὺς
1390 3603 1446 3653 ὲν
1477 3604 1640 3670 ἀρετῇ
1676 3602 1905 3668 διαλάμ-

344 3708 551 3755 ποντας
602 3692 892 3762 οἰκήτορας
952 3690 1220 3760 πρότερον
1280 3691 1403 3761 ἔχον
1464 3693 1627 3760 μέρος
1676 3691 1903 3761 οὐρανοῦ

345 3782 525 3845 σῶζον
570 3776 636 3851 ἦν
668 3782 877 3851 σχῆμα,
908 3783 972 3833 τὸ
997 3781 1149 3834 κάτω
1195 3780 1251 3833 δὲ
1318 3782 1412 3833 καὶ
1460 3785 1595 3852 πρὸς
1631 3782 1905 3839 θάλατταν

343 3876 477 3942 Υῆς.
522 3873 586 3925 Et
614 3889 694 3934 τις
725 3872 769 3925 δ’
801 3872 868 3925 ἂν
928 3873 1019 3924 καὶ
1063 3871 1357 3924 συνεκτικὰ
1401 3874 1545 3924 εῖποι
1582 3874 1806 3936 στύλους
1838 3878 1903 3944 τῇ

343 3966 524 4025 πόλει,
568 3965 668 4015 οὐκ
707 3963 771 4015 ἂν
803 3964 1059 4035 ἁμάρτοι.
1110 3966 1173 4016 ’Ὠ
1202 3964 1526 4033 πράγματος
1563 3963 1748 4028 ξένουί
1780 3966 1904 4017 ἔνθα

343 4056 506 4108 πόνοι
531 4055 630 4123 τῆς
659 4054 963 4123 ἀακητικῆς
994 4054 1087 4107 τοῦ
1151 4056 1347 4117 παντὸς
1394 4057 1659 4125 ἐτιμῶντο
1713 4058 1903 4109 παλαί-

344 4162 542 4214 στρας,
567 4147 685 4199 νυνὶ
719 4145 985 4216 θεοστυγῆ
1019 4148 1434 4215 διαπράττεται.
1462 4151 1569 4202 Καὶ
1591 4150 1721 4212 Θεὸς
1742 4150 1841 4201 ὐπε
1853 4168 1907 4219 ρ-

342 4237 558 4289 τίθεται
589 4235 691 4306 τὴν
720 4237 1017 4305 ἐκδίκησιν.
1051 4239 1113 4290 Ὦ
1142 4237 1279 4291 Θεοῦ
1333 4240 1523 4307 ἀνοχὴ,
1577 4240 1692 4302 πῶς
1730 4241 1903 4293 τοιού-

343 4345 457 4377 των
506 4328 777 4395 ὴνέσχους
810 4328 1029 4381 Βέλτιον
1060 4329 1126 4383 ἂν
1152 4325 1220 4398 ἦν
1272 4331 1373 4397 τὴν
1432 4331 1535 4397 γῆν
1577 4333 1907 4400 διασχοῦσαν

344 4418 594 4480 καλύψαι
628 4418 660 4486 ἢ
685 4419 871 4471 τοῦτον
908 4420 1079 4472 ταῦτα
1108 4421 1614 4489 μετασκευασθῆναι
1666 4422 1755 4474 τὸν
1780 4424 1904 4491 τρό-

346 4526 475 4563 rma:
512 4511 773 4576 Κρεῖττον
803 4510 868 4560 ἂν
894 4506 954 4579 ἦν
986 4511 1067 4562 ἑνὶ
1098 4512 1195 4579 τῆς
1222 4512 1322 4578 γῆς
1373 4512 1727 4582 ἀνατιναγμῷ
1750 4516 1905 4564 ταυτὶ

2004 2050 2212 2101 reddita
2254 2064 2311 2102 es
2348 2068 2359 2112 ;
2390 2060 2442 2101 et
2472 2064 2562 2101 eos
2591 2052 2679 2115 qui
2717 2062 2862 2101 tuam
2892 2049 3280 2103 habitationem
3301 2049 3513 2116 elegere
3555 2056 3579 2100 ι

2002 2142 2251 2194 nolentes
2279 2142 2473 2207 abigis,
2506 2152 2760 2208 tauquam
2791 2141 2877 2207 qui
2914 2148 2963 2193 le
2997 2140 3046 2190 in
3077 2140 3238 2192 simili
3269 2140 3573 2192 calamitate

2008 2234 2190 2284 videre
2229 2247 2333 2284 non
2389 2232 2681 2283 sustinent.
2714 2232 2812 2295 Qui
2847 2233 2988 2284 enim
3019 2240 3069 2284 te
3101 2232 3342 2282 altricem
3373 2241 3425 2283 et
3466 2246 3563 2281 uia.

2002 2332 2135 2375 trem
2169 2322 2510 2383 conﬁtentur,
2562 2323 2779 2389 puriutle
2816 2338 2871 2375 Se
2914 2332 3105 2392 gerunt
3153 2334 3318 2391 atque
3373 2323 3447 2375 illi
3487 2325 3575 2388 qui

2004 2422 2230 2462 matrem
2265 2410 2607 2465 demortuant
2642 2410 2895 2473 ctl‘crunt,
2918 2421 2969 2464 et
3015 2416 3263 2465 memoris
3300 2423 3351 2464 te
3392 2425 3581 2463 narra-

2004 2501 2199 2553 tionem
2271 2516 2458 2554 omnes
2530 2502 2885 2554 constituunt.
2950 2502 2993 2555 Ο
3063 2502 3408 2568 praesentes!
3478 2516 3579 2567 ego

2002 2594 2249 2658 equidem
2282 2601 2335 2646 e'.
2386 2608 2564 2645 rerum
2629 2594 2856 2646 aliatuai
2908 2593 3057 2647 urbis
3108 2595 3422 2646 memoriam
3455 2610 3576 2646 cum

2006 2693 2202 2746 recole,
2237 2700 2354 2751 qua:
2393 2686 2556 2737 multa
2610 2696 2816 2738 suntet
2864 2685 3095 2751 iugentia
3142 2698 3195 2738 et
3240 2686 3447 2739 dicendi
3490 2700 3578 2754 gr-

2004 2794 2105 2831 llttS
2136 2792 2294 2829 omne
2349 2787 2624 2842 superant,
2685 2777 2867 2829 statim
2903 2777 3170 2843 vertigine
3202 2779 3479 2845 Opprimor
3527 2787 3579 2830 rt

2005 2884 2087 2921 tne
2122 2869 2301 2934 ipsum
2356 2867 2633 2920 continere
2676 2884 2783 2933 prm
2824 2868 3007 2921 dolore
3048 2884 3281 2935 nequeo.
3316 2868 3422 2921 Sed
3457 2883 3576 2921 cum

2004 2958 2423 3028 pulcherrimus,
2450 2972 2603 3026 quem
2635 2959 2837 3019 amisit.
2872 2970 3096 3013 ornatus
3125 2959 3286 3013 menti
3318 2959 3577 3023 occurrit,

2002 3049 2166 3110 aedes,
2215 3051 2454 3118 inquam,
2500 3065 2664 3103 sacra!
2687 3060 2737 3102 et
2772 3066 2865 3117 per
2897 3054 3077 3103 omnia
3120 3053 3199 3103 sui
3251 3052 3365 3103 loca
3416 3065 3550 3103 vene

2005 3142 2292 3193 randorum
2333 3141 2607 3194 hominum
2631 3144 2806 3201 sedes,
2838 3151 3047 3194 tantum
3076 3161 3177 3195 nou
3210 3156 3388 3197 mutus
3422 3144 3569 3195 vocis

2006 3244 2105 3282 usu
2156 3235 2353 3285 amisso
2405 3232 2742 3284 adstantibus
2780 3232 2986 3293 videor,
3047 3242 3102 3285 et
3138 3234 3222 3285 vix
3278 3248 3366 3287 me
3420 3248 3482 3286 ex
3515 3248 3576 3287 ea

2007 3322 2317 3374 turbatione
2372 3323 2537 3375 animi
2598 3324 2872 3391 recolligo.
2936 3325 3229 3378 Oculorum
3284 3327 3427 3380 enim
3490 3329 3577 3381 illa

2005 3424 2159 3470 erant
2193 3414 2333 3477 urbi,
2368 3424 2426 3465 ut
2465 3415 2533 3465 ita
2593 3415 2789 3478 dicam,
2838 3416 3016 3483 jactus
3058 3426 3216 3485 atque
3255 3419 3579 3487 pupillae;at

2006 3520 2146 3557 nunc
2195 3506 2647 3558 obdormisrcntia
2703 3508 2987 3560 obscuram
3032 3509 3176 3562 illaut
3219 3512 3578 3581 undequaque

2004 3596 2318 3650 eﬂecerunt.
2355 3596 2417 3648 Et
2455 3597 2582 3665 quid
2630 3600 3127 3665 praestantissimum
3180 3604 3372 3655 taceo?
3431 3604 3579 3657 Caio

2007 3700 2271 3755 terraeque
2296 3690 2480 3741 urbem
2505 3690 2641 3742 hanc
2667 3692 2849 3745 nescio
2874 3695 2993 3758 quis
3017 3705 3138 3759 apte
3168 3695 3577 3753 assimilavcrit.

2007 3778 2248 3847 Namque
2277 3794 2402 3839 pars
2437 3780 2580 3835 illius
2614 3782 2880 3849 superior,
2916 3799 3031 3850 qua:
3063 3786 3209 3852 prius
3237 3786 3575 3839 habitatores

2008 3871 2059 3922 in
2110 3870 2400 3922 virtutibus
2466 3880 2783 3935 pra-stantes
2844 3871 2987 3926 virus
3052 3874 3387 3936 continebat,
3428 3879 3575 3936 emit,

2008 3978 2131 4027 pars
2161 3962 2386 4015 inferior
2432 3972 2488 4015 et
2515 3965 2650 4014 mari
2690 3962 2941 4029 adjacens
2972 3974 3122 4015 terrm
3152 3964 3373 4031 ﬁguram
3397 3982 3503 4032 pra-
3522 3981 3578 4018 se

2007 4052 2232 4105 ferebat.
2268 4053 2323 4106 Si
2353 4054 2474 4121 quis
2498 4068 2625 4105 vero
2655 4062 2709 4106 et
2740 4053 3019 4106 columnas
3064 4054 3248 4105 urbem
3293 4055 3576 4105 cotitinen.

2011 4155 2091 4198 tes
2138 4144 2419 4210 adjiceret,
2457 4160 2535 4196 na:
2566 4146 2610 4197 is
2644 4160 2673 4197 a
2697 4161 2815 4198 veri
2860 4159 2962 4196 non
2990 4145 3348 4197 aberravcrit.
3378 4142 3423 4196 Ο
3460 4161 3571 4196 ῐιιιιι

2010 4237 2347 4305 peregrinam
2404 4236 2416 4287 !
2460 4237 2547 4289 ubi
2595 4236 2810 4290 labores
2884 4237 3277 4289 exercitatoria:
3326 4237 3580 4303 paleslrte

2009 4336 2130 4379 ante
2156 4328 2337 4379 omnia
2380 4329 2827 4394 praeferebantur,
2879 4341 3018 4378 nunc
3058 4326 3165 4379 Deo
3191 4341 3356 4380 exosa
3408 4332 3573 4380 centi-

2010 4419 2265 4483 ciuntur;
2305 4425 2358 4470 et
2392 4416 2533 4470 Dens
2562 4418 2819 4470 ultionem
2851 4417 3031 4484 reiicit
3061 4417 3111 4469 in
3138 4418 3283 4471 aliud
3315 4431 3524 4487 tempus
3554 4422 3577 4470 Ῥ

2008 4509 2053 4561 0
2098 4508 2187 4561 Ινεί
2235 4506 2575 4560 tolerantiam
2605 4509 2618 4559 t
2648 4506 2919 4575 quomodo
2963 4506 3159 4559 similia
3204 4509 3509 4563 sustinuisti
3552 4510 3576 4562 ἲ

344 4598 853 4650 καταπεπτωκέναι
880 4600 973 4651 καὶ
1021 4598 1154 4666 μηδὲ
1206 4599 1435 4669 λείψανα
1462 4600 1595 4665 γοῦν
1652 4603 1907 4654 ἐναπολεο
1943 4595 1981 4647 ι)
2011 4597 2131 4649 Ilteli

1792 4603 1907 4654 ολε-
1943 4595 1981 4647 ι)
2011 4597 2200 4651 melius
2252 4596 2443 4650 fuisset
2505 4597 2653 4650 hiatu
2708 4608 2865 4649 terra:
2916 4598 3138 4651 omnino
3173 4597 3421 4665 absorpta
3453 4612 3576 4653 esse

344 4692 567 4756 λεῖφθαι
602 4690 679 4759 τῷ
716 4692 886 4755 τόπῳ·
922 4690 1043 4742 τότε
1095 4692 1203 4759 γὰρ
1263 4692 1323 4743 οὐ
1390 4692 1613 4745 τοσοῦτο
1655 4693 1753 4755 τὰς
1801 4694 1908 4746 τῶν

342 4783 603 4849 ὐρὼντων
634 4781 812 4850 ψυχὰς
845 4781 1073 4834 ἔδακνεν
1104 4782 1169 4833 ἂν
1224 4782 1286 4833 τὸ
1334 4782 1525 4843 πάθος.
1580 4782 1741 4848 Ἡμῖν
1811 4786 1909 4842 μὲν

344 4874 442 4923 καὶ
469 4874 532 4922 τὸ
560 4872 785 4924 είσιέναι
809 4870 956 4923 ἔνδον
989 4869 1082 4922 τοῦ
1116 4870 1508 4941 θυσιαστηρίου
1565 4874 1794 4943 φοϐερὸν
1832 4870 1910 4926 εῖ-

342 4982 432 5015 ναι
465 4963 658 5026 ὲδόκει,
692 4964 785 5015 καὶ
811 4963 994 5029 μόνοις
1021 4959 1087 5032 ἧν
1122 4962 1395 5039 είσιτητδν
1416 4966 1527 5026 τοῖς
1554 4969 1911 5033 τεταγμένοις

344 5055 402 5104 ἐν
436 5052 636 5119 τούτῳ,
664 5052 842 5121 ψυχὴν
870 5053 961 5104 καὶ
986 5052 1142 5118 σῶμα
1166 5052 1434 5121 πρότερον
1469 5054 1623 5119 σφίσι
1664 5056 1879 5123 καθηρα

349 5144 560 5209 μένοις-ο
599 5143 666 5193 τὰ
699 5140 792 5192 νῦν
834 5140 890 5192 δὲ
918 5143 1027 5201 τοῖς
1064 5140 1342 5209 βδελυροῖς
1380 5141 1519 5209 φεῦῐ
1554 5146 1781 5209 ἀνεῖται,
1821 5146 1912 5196 καὶ

343 5235 445 5299 τῆς
474 5231 733 5296 τοιαύτης
772 5232 872 5282 οὐκ
898 5231 1260 5299 ἀπείργονται
1295 5232 1522 5301 τόλμης.
1561 5234 1669 5284 Καὶ
1694 5234 1817 5286 οὐτε
1840 5238 1910 5303 γῆ

347 5323 635 5373 διίσταται
681 5321 920 5380 καὶτοὺς
944 5322 1089 5372 κατὰ
1121 5322 1255 5374 Θεοῦ
1297 5322 1615 5391 χωροῦντας
1658 5327 1909 5393 χωννύει,

345 5412 460 5465 οὗθ’
486 5411 651 5479 ιῆλιος
681 5410 884 5464 ἀνωθεν
930 5414 1285 5480 καταφλέγει,
1319 5414 1350 5483 ἦ
1410 5415 1635 5483 οὐρανὸς
1688 5417 1913 5483 σφοδρὸν

347 5507 509 5556 ὑετὸν
545 5505 901 5573 καταπέμπει
970 5508 1061 5558 καὶ
1094 5508 1351 5560 καταδύει
1391 5511 1707 5578 τάνόμημα.
1767 5512 1911 5579 "Or-.1]

349 5595 446 5646 νοῦ
479 5596 575 5647 καὶ
604 5595 913 5664 αἰσθήσεων
945 5596 1104 5662 νήψει
1164 5597 1325 5648 θείων
1362 5597 1560 5664 λογίων
1588 5598 1743 5668 ᾔδετο
1776 5601 1911 5669 μέλη

351 5687 450 5737 καὶ
484 5684 801 5753 συνᾴδοντες
829 5680 965 5754 ἦσαν
997 5685 1202 5738 ἀνωθεν
1237 5687 1371 5749 νόες,
1415 5690 1605 5755 φωνῶν
1641 5690 1734 5742 νῦν
1759 5694 1913 5759 αῐρε-

350 5793 443 5825 ται
482 5775 715 5842 ἀσήμων
767 5776 1005 5844 κραυγὴ,
1063 5777 1157 5828 καὶ
1210 5777 1271 5827 τὸ
1323 5778 1595 5843 δαιμόνων
1656 5781 1912 5847 ὲφήδεται

356 5868 549 5936 φῦλον,
590 5867 824 5933 σιγώσας
878 5868 1019 5935 ὁρῶν
1060 5868 1343 5936 παννύχιον
1376 5870 1522 5938 ᾠδῶν
1586 5872 1913 5941 ὑπηρέτιδας

2012 4704 2170 4757 quam
2200 4688 2252 4743 in
2288 4689 2429 4742 lumc
2462 4690 2678 4743 modum
2706 4698 3052 4744 commutata.
3095 4689 3393 4758 Optabilius
3442 4691 3576 4745 fuis-

2011 4788 2092 4830 set
2121 4793 2227 4831 uno
2258 4788 2413 4832 terra:
2443 4789 2588 4831 motu
2632 4781 2952 4844 concidisse,
2988 4792 3045 4834 ut
3075 4797 3139 4835 ne
3172 4784 3411 4850 reliquiae
3457 4785 3574 4850 qui-

2012 4868 2135 4921 dem
2162 4877 2456 4923 exstarent.
2476 4868 2611 4921 Tum
2643 4871 2838 4923 etenim
2869 4887 2972 4923 non
2999 4874 3329 4926 tantumdem
3363 4875 3575 4927 animos

2014 4961 2336 5011 intuentium
2402 4962 2554 5012 ruina
2617 4961 2964 5015 lancinasset.
3005 4961 3171 5017 Nobis
3207 4975 3358 5017 ante»
3403 4976 3457 5018 et
3520 4971 3570 5018 in

2018 5048 2216 5102 Sancta
2247 5057 2555 5102 sanctorum
2602 5050 2874 5117 ingressus
2910 5053 3163 5105 tearibilis
3204 5057 3569 5121 reputabatur,

2017 5154 2114 5191 ncc
2146 5140 2247 5191 nisi
2293 5140 2381 5207 qui
2425 5140 2530 5191 illic
2562 5139 2942 5204 inserviebant,
2968 5142 3141 5194 aditus
3193 5142 3243 5194 in
3285 5144 3375 5196 iila
3406 5146 3573 5199 habe-

2017 5234 2164 5294 bant,
2195 5230 2376 5283 animo
2402 5242 2449 5283 et
2474 5244 2698 5297 corpore
2749 5233 3059 5299 dcpurgati:
3091 5249 3233 5287 nunc
3265 5251 3387 5288 vero
3418 5253 3582 5291 exsc~

2016 5323 2231 5375 crandis
2270 5322 2419 5373 hisce
2460 5323 2565 5386 (v.1!
2597 5322 2791 5373 misero
2822 5324 2949 5372 ιιιὶιιι
2980 5323 3231 5391 !)pateut,
3266 5338 3317 5377 et
3354 5343 3379 5375 a
3408 5328 3569 5380 sinuli

2017 5412 2241 5468 audacia
2271 5426 2388 5464 sese
2432 5426 2534 5462 non
2573 5411 2872 5463 retrahunt.
2904 5411 2966 5463 Et
3019 5423 3157 5465 terra
3194 5430 3299 5466 non
3347 5416 3570 5477 fatiscit.

2019 5520 2080 5556 ac
2114 5503 2372 5556 adversus
2414 5501 2577 5555 Deum
2607 5501 2804 5554 similia
2861 5512 3117 5558 conantes
3147 5520 3251 5557 non
3289 5508 3453 5574 tegit;
3491 5509 3569 5561 sol

2019 5598 2249 5663 desuper
2279 5609 2382 5646 non
2421 5593 2743 5646 succendit?
2774 5593 2980 5645 leum
3012 5611 3202 5663 magna
3231 5600 3565 5652 turbulenta--

2019 5703 2121 5757 Que
2173 5694 2489 5754 tempestate
2534 5685 2764 5737 demissa
2854 5684 2998 5737 eelus
3046 5702 3147 5739 non
3193 5687 3433 5756 mergit?
3466 5691 3564 5745 Ubi

2020 5778 2216 5831 tuentis
2245 5790 2610 5843 sensuumque
2640 5775 2933 5828 sobrietate
2966 5776 3263 5830 divinorum
3330 5779 3571 5849 eloquio-

2021 5887 2137 5925 rum
2171 5870 2303 5924 mele
2337 5866 2709 5922 c0ttt'iztcbattlt
2731 5884 2757 5920 r
2784 5884 2994 5935 unaque
3026 5870 3188 5923 simul
3236 5872 3463 5940 desuper
3490 5891 3570 5928 iu-
