4526 6514
949 443 1048 508 631

2089 446 2488 508 GEORGIUS
2529 447 3003 508 PHRANTZES.
4097 442 4192 503 633

942 557 1251 624 telligentia
1307 561 1594 623 canebant,
1658 576 1799 616 nunc
1850 575 2040 615 vocum
2118 575 2509 630 Incomptarum
2541 563 2585 619 Α
2618 564 2728 629 γλὼ

2405 579 2509 616 rum
2541 563 2585 619 Α
2618 564 2885 629 γλώττας.
2938 564 3141 633 Οῐμοιί
3191 563 3307 626 πῶς
3370 565 3437 618 ἂν
3493 563 3762 634 ἁὸιικρυτλ⁵
3840 561 3945 630 τὴν
3996 563 4192 614 τούτων

939 652 1121 718 fragor
1170 653 1471 708 snstollitur
1515 665 1569 708 et
1619 655 1922 710 daemonum
1974 659 2168 712 chorea
2213 658 2506 716 subsultat,

939 746 1066 808 dum
1113 743 1426 796 cantionum
1475 753 1638 797 totam
1689 757 1899 800 noctem
1937 746 2318 814 pervigilantes
2343 747 2510 800 admi-

939 833 1140 886 nistras
1178 832 1386 901 linguas
1417 836 1714 891 taciturnas
1762 837 2045 907 conspicit.
2097 837 2188 892 Vae
2219 840 2375 893 mihi!
2402 856 2507 910 qua

937 923 1151 977 ratione
1180 924 1381 993 absque
1407 925 1660 995 lacrymis
1687 943 1870 982 eorum
1891 931 2204 983 memoriam
2228 941 2464 998 repetam
2487 931 2510 986 2

940 1011 1027 1066 ubi
1067 1015 1250 1070 vivens
1283 1017 1415 1085 ipse,
1449 1020 1564 1088 qui,
1598 1021 1735 1073 sicut
1770 1036 1887 1087 nos,
1935 1031 2154 1090 propter
2184 1038 2281 1077 nos
2311 1023 2509 1088 factus,

938 1107 1380 1173 conspiciebatur
1435 1119 1489 1163 et
1538 1111 1847 1180 angelorum
1898 1113 2067 1179 copia:
2113 1114 2297 1168 videre
2346 1115 2511 1182 perli-

942 1205 1273 1260 mescebaut,
1308 1199 1418 1253 illic
1453 1201 1520 1255 ab
1549 1202 1728 1268 impiis
1757 1203 1870 1256 dira
1906 1203 2144 1258 facinora
2197 1214 2512 1274 perpetran-

941 1297 1064 1346 tur;
1103 1295 1154 1338 et
1192 1285 1413 1340 fulmina
1470 1290 1534 1341 de
1564 1289 1702 1344 caelo
1747 1306 1850 1344 non
1894 1294 2086 1346 cadunt
2119 1295 2140 1347 ?
2175 1294 2370 1351 OJoca
2404 1292 2513 1348 Deo

939 1387 1252 1428 consecrata
1286 1377 1297 1428 !
1331 1392 1437 1444 qua
1483 1377 1858 1444 abundabatis,
1892 1383 2069 1434 divina
2100 1385 2268 1449 gratia
2314 1384 2513 1451 spolia-

951 1466 1102 1528 mini,
1137 1475 1191 1519 et
1221 1468 1402 1536 pipulo
1430 1484 1458 1521 a
1517 1473 1818 1526 temerariis
1848 1474 2180 1528 diil'erimini.
2224 1475 2364 1537 Heu,
2405 1491 2514 1544 quo

943 1557 1101 1610 modo
1124 1561 1497 1626 prosperitatis
1525 1571 1738 1632 tempus
1765 1567 2132 1632 aggressiunis
2164 1579 2216 1622 et
2248 1570 2514 1623 incursio-

941 1649 1026 1699 nis
1061 1647 1257 1702 factnm
1283 1661 1453 1714 est,et
1482 1668 1600 1717 nos,
1629 1656 1718 1723 qui
1749 1660 2126 1720 remansimus,
2161 1661 2510 1727 opprobrium

941 1747 990 1789 et
1027 1738 1238 1793 infamia
1268 1742 1279 1792 l
1307 1741 1502 1796 Abiere
1526 1746 1722 1812 publici
1745 1757 2041 1802 conventus
2071 1758 2123 1800 et
2146 1750 2514 1829 celebritates,

940 1827 1123 1885 abiere
1169 1831 1471 1885 divinarum
1525 1835 1829 1905 el‘ﬁgierum
1862 1839 2176 1906 splendores
2203 1878 2218 1892 .
2258 1827 2513 1896 I’eriitli;

2621 659 2844 724 μνήμην
2867 657 3184 726 ὲνέγκοιμι;
3211 655 3379 709 Ἔνθα
3403 656 3514 719 ζῶν
3552 655 3719 719 αὐτὸς
3749 657 3777 706 ό
3807 655 3936 706 καθ’
3964 655 4116 721 ἡμᾶς
4135 655 4196 706 δι’

2626 748 2775 814 ἡμᾶς
2808 746 3101 815 γενόμενος
3133 747 3486 816 καθεωρᾶτο,
3513 747 3686 815 δῆμός
3716 763 3780 798 τε
3814 744 4193 798 συνεστέλλετο

2623 839 2842 908 βλέπειν
2873 838 3143 906 ἀγγέλων,
3191 839 3328 908 ἔργα
3356 841 3468 900 τοῖς
3518 839 3792 900 ἀντιθέοις
3837 839 4188 904 παρανομίας

2625 931 2917 999 τολμᾶται.
2947 931 3058 983 Καὶ
3081 931 3318 998 σκηπτοὶ
3342 929 3638 999 οὐρανόθεν
3668 931 3730 981 οὐ
3762 929 4193 996 καταφέρονται.

2621 1023 2686 1074 Ὢ
2717 1023 2898 1074 τόπων
2943 1021 3062 1090 Θεῷ
3102 1021 3541 1087 ἀφωσιωμένωνι
3576 1021 3642 1089 ἢν
3675 1019 4007 1071 ὲπλουτεῖτε
4051 1017 4197 1067 θείαν

2619 1110 2905 1182 ἀφῄρησθε
2924 1111 3106 1178 χάριν,
3128 1111 3222 1162 καὶ
3243 1113 3352 1170 τοῖς
3371 1109 3671 1176 τολμηταξς
3699 1109 3858 1176 παρὰ
3890 1106 4099 1175 φαῦλον
4121 1107 4195 1155 λο-

2622 1205 2868 1270 γίζεσθε.
2905 1204 2969 1254 Ὠ
2993 1203 3108 1253 πῶς
3139 1204 3168 1254 ό
3189 1204 3288 1269 τῆς
3319 1201 3620 1270 εὐημερίας
3640 1201 3778 1269 ἡμῖν
3808 1200 4010 1269 καιρὸς
4029 1198 4200 1249 imbi-

2621 1313 2761 1359 σεως
2821 1297 2914 1348 καὶ
2952 1292 3300 1363 καταδρομῆς
3339 1294 3566 1360 γέγονε,
3594 1293 3689 1345 καὶ
3738 1285 4196 1356 καταλειφθέντες

2620 1389 2854 1456 αἰσχύνη
2895 1387 2989 1439 καὶ
3017 1386 3217 1447 ὄνειδος
3255 1385 3617 1452 γεγενήμεθα.
3655 1383 3922 1452 Οῐχονται
3958 1382 4194 1448 πανηγύ-

2623 1497 2760 1548 ρεις,
2809 1481 3048 1547 οἴχονται
3099 1475 3260 1528 θείων
3317 1476 3732 1542 ὲκτυττωμάτων
3790 1473 4195 1542 λαμπρότητες.

2623 1569 2895 1623 ’Δπόλωλε
2913 1584 2985 1620 πα
2995 1567 3219 1638 ρρησία’
3241 1567 3300 1618 τὺ
3317 1565 3424 1619 τῶν
3445 1565 3694 1633 μοναχῶν
3710 1565 4068 1634 ἀπελήλαται
4082 1564 4199 1623 τάτ-

2627 1679 2724 1730 μα,
2761 1662 2858 1713 καὶ
2885 1659 3068 1711 πολιαὶ
3090 1659 3480 1728 πρεσϐυτέρων
3515 1658 3610 1709 καὶ
3627 1657 3905 1739 διακόνων
3933 1654 4195 1724 σεμνότης

2623 1757 2682 1806 ὲν
2717 1754 2830 1813 τοῖς
2861 1751 3078 1820 ἀτίμοις
3105 1749 3431 1817 λογίζονται.
3470 1746 3597 1816 ’Ἆρ’
3621 1748 3723 1800 οὐκ
3764 1746 4013 1807 (Minimo;
4049 1749 4075 1798 ὁ
4095 1745 4194 1814 βίος

2623 1845 2780 1915 ἡμῶν
2812 1845 2952 1908 ἐστι,
2992 1845 3086 1894 καὶ
3107 1836 3272 1912 ἦττον
3302 1841 3397 1894 τοῦ
3453 1839 3552 1910 ζῇν
3586 1842 3646 1893 τὸ
3679 1840 3872 1893 θανεῖν
3938 1841 4059 1892 ἐστι
4113 1854 4192 1887 πι-

943 1921 1146 1986 bertas,
1189 1925 1576 1980 monachorum
1609 1939 1784 1982 coetus
1830 1930 2036 1998 eiectus
2069 1942 2148 1984 est
2178 1947 2191 1993 ;
2227 1933 2510 2004 presliyte-
2548 1910 2589 1964 Β
2621 1910 2726 2004 sum

2405 1944 2510 2001 με·
2548 1910 2589 1964 Β
2621 1910 2779 2004 κραῖς
2841 1935 2983 1988 οὐτω
3051 1910 3400 2004 βαλλομένοις
3455 1931 3577 1986 καθ’
3647 1933 3898 2000 ἑκάστην
3955 1931 4192 1992 “tivam;

945 2024 1122 2062 rorum
1162 2015 1387 2069 canities
1417 2027 1470 2070 et
1500 2019 1851 2072 diaconorum
1883 2023 2117 2088 gravitas
2152 2025 2392 2076 omnium
2441 2028 2514 2077 ir-

944 2101 1142 2156 risione
1177 2105 1460 2164 laeduntur.
1488 2113 1568 2163 An
1603 2125 1708 2164 non
1739 2112 1844 2165 vita
1875 2112 2166 2180 injucunda
2213 2125 2265 2168 et
2295 2117 2513 2180 acerba,

941 2193 1233 2263 minusque
1284 2209 1366 2252 est
1398 2200 1552 2254 nobis
1588 2204 1759 2256 emori
1817 2219 1976 2271 quam
2017 2208 2216 2270 vivere,
2252 2215 2330 2260 tot
2384 2208 2516 2261 diris

943 2285 1221 2340 doloribus
1253 2291 1492 2356 quotidie
1522 2296 1797 2360 oppressis
1825 2294 1848 2347 ἳ
1876 2299 2016 2350 Sane
2049 2298 2186 2350 idem
2229 2309 2389 2366 atque
2417 2315 2516 2368 ego

942 2380 1176 2432 sentient
1207 2383 1295 2449 qui
1333 2387 1569 2452 compati
1627 2387 1676 2439 in
1710 2389 1977 2442 similibus
2013 2392 2269 2444 assolent.
2307 2393 2516 2460 Sa-pins

943 2469 1124 2538 itaque
1168 2490 1372 2528 mecum
1429 2481 1544 2545 ipse
1593 2479 1900 2534 addubitavi
1949 2499 2048 2550 qua
2083 2484 2146 2536 de
2206 2499 2366 2536 causa
2405 2486 2517 2538 hanc

944 2564 1098 2615 nobis
1127 2566 1445 2620 obvenerint
1476 2579 1647 2636 etqua
1683 2570 1889 2623 ratione
1925 2573 1977 2625 in
2019 2582 2163 2625 tanta
2193 2573 2328 2626 mala
2383 2575 2518 2627 inci-

945 2655 1182 2707 derimns
1215 2656 1536 2726 ,invt-nique
1582 2662 1899 2714 dnbitationi
1948 2679 2078 2716 mea:
2134 2665 2266 2718 satis
2325 2664 2438 2719 ﬁeri
2486 2681 2515 2718 a

943 2743 1126 2798 divino
1159 2746 1370 2814 eloquio
1398 2765 1410 2798 :
1445 2768 1462 2800 ι
1495 2747 1628 2811 Erit,
1656 2751 1890 2817 dicente,
1921 2759 2064 2806 terra
2094 2766 2269 2808 vestra
2299 2755 2513 2807 deserta

945 2849 997 2889 et
1031 2838 1167 2889 villa:
1197 2853 1388 2893 Vestra:
1436 2842 1680 2904 deserta},
1717 2844 1972 2910 quoniam
2020 2861 2115 2900 vos
2144 2847 2519 2903 ambulavistis

945 2931 1010 2982 ad
1031 2932 1353 2999 meobliqni,
1388 2944 1438 2986 et
1480 2950 1580 3002 ego
1603 2935 1890 2989 ambulatio
1919 2937 1984 2989 ad
2027 2953 2123 2991 vos
2160 2939 2213 2991 in
2237 2939 2516 2999 iracundia

944 3023 1180 3091 obliqua.
1206 3044 1224 3075 ι
1257 3023 1387 3078 llinc
1419 3027 1570 3095 plura
1590 3029 1799 3082 dicendi
1827 3030 1982 3082 linem
2009 3031 2210 3086 faciens
2241 3033 2514 3090 silentium

946 3110 1453 3182 prmfero.l\'amqne
1480 3117 1569 3182 qui
1625 3132 1728 3171 non
1769 3118 2100 3186 ignoscibilis
2153 3122 2516 3192 deliquerunt.

944 3217 1039 3256 eos
1081 3202 1243 3257 Deum
1306 3205 1406 3259 sibi
1464 3208 1748 3275 propitium
1831 3210 2077 3274 reddere,
2128 3226 2233 3265 non
2286 3216 2520 3281 prolixas

944 3304 1234 3350 contexere
1279 3296 1550 3351 orationes
1602 3300 1656 3352 in
1688 3300 1773 3353 sui
1816 3304 2232 3356 ostentationem
2268 3305 2513 3362 addec’et.

946 3383 1055 3438 Nos
1083 3387 1225 3439 enim
1253 3403 1437 3441 eorum
1469 3405 1588 3458 quae
1615 3407 1843 3445 evenere
1889 3407 2052 3446 causa
2087 3393 2306 3457 fuimus,
2349 3407 2405 3450 ut
2429 3398 2516 3452 ille

947 3477 1102 3542 dixit,
1124 3479 1216 3547 qui
1235 3480 1428 3533 similia
1459 3482 1663 3535 semina
1691 3484 2035 3552 proiecimus.
2054 3485 2231 3552 Quare
2254 3489 2516 3558 quidquid

947 3570 1162 3630 pietatis
1200 3580 1254 3624 et
1285 3583 1554 3626 rectorum
1585 3575 1890 3640 dogmatutn
1931 3588 2034 3640 est,
2064 3595 2180 3644 nos,
2209 3583 2300 3647 qui
2328 3598 2391 3636 ex
2411 3584 2517 3636 vir-

949 3667 1060 3712 tute
1092 3665 1365 3716 nascentia
1395 3680 1556 3731 opera
1608 3667 1960 3734 negleximus,
1989 3685 2176 3724 rursus
2210 3672 2354 3724 omni
2395 3682 2514 3727 stu—

2623 2030 2801 2081 Ἤπου
2838 2045 2901 2094 γε
2939 2026 3139 2089 πάντες
3171 2027 3237 2077 ἄν
3276 2043 3365 2093 μοι
3397 2024 3844 2094 συμφθέγξαιντο
3886 2023 3939 2074 οἳ
3976 2023 4192 2086 πάσχειν

2618 2123 2676 2174 ὲν
2706 2122 2820 2181 τοῖς
2845 2119 3110 2179 τοιούτοις
3150 2116 3491 2182 πεφύκεσαν.
3540 2113 3828 2184 Ἡπόρησα
3861 2109 3960 2165 οὖν
4007 2111 4192 2163 πολλά-

2622 2229 2711 2273 κις
2745 2211 2867 2262 κατ’
2903 2209 3141 2278 ἐμαυτὸν
3169 2207 3286 2259 ἀνθ’
3338 2207 3462 2260 ὅτου
3520 2207 3718 2267 ταῦτα,
3778 2205 3874 2257 καὶ
3938 2203 4061 2264 πῶς
4123 2206 4191 2261 είς

2617 2302 2872 2356 τοσοῦτον
2905 2302 3118 2371 ἥκομεν
3146 2298 3533 2367 κακοπραγίας
3563 2299 3615 2350 oi
3665 2298 4031 2357 πεπονθότες.
4097 2295 4190 2346 Καὶ

2619 2388 2776 2462 εὗρον
2839 2391 3036 2444 λύοντά
3091 2407 3180 2459 μοι
3236 2391 3327 2441 τὸν
3381 2389 3524 2442 θεῖον
3557 2389 3715 2455 λόγον
3778 2388 3878 2456 τὴν
3933 2387 4187 2453 ἁπορέαν,

2623 2505 2642 2538 ι
2673 2487 2846 2549 ἔσται,
2890 2486 3141 2551 λέγοντα,
3175 2484 3207 2552 ἠ
3239 2483 3311 2551 γῆ
3353 2482 3507 2552 ὐμῶν
3542 2483 3751 2551 ἔρημος
3786 2482 3878 2531 καὶ
3908 2481 3962 2530 αξ
4017 2475 4187 2528 tta-3-

2618 2579 2731 2641 λεις
2768 2576 2920 2647 ὑμῶν
2952 2577 3171 2646 ἔρημοι,
3206 2577 3290 2627 ὅτι
3326 2575 3484 2643 ὑμεῖς
3516 2574 3856 2642 ὲπορεύθητε
3908 2570 4049 2638 πρὸς
4095 2568 4188 2635 ὲμὶ

2618 2672 2862 2737 πλάγιοι,
2917 2667 3076 2736 κάγὼ
3120 2666 3467 2736 πορεύσομαι
3529 2665 3667 2734 πρὸς
3725 2665 3867 2733 ὑμᾶς
3917 2664 3973 2714 ὲν
4033 2659 4187 2726 θυμῷ

2619 2763 2858 2832 πλαγίῳ.
2898 2781 2916 2813 ι
2960 2761 3153 2814 Ἔνθεν
3192 2777 3276 2812 τοι
3315 2757 3532 2812 καὶτοῦ
3567 2758 3740 2809 πλείω
3775 2756 3950 2822 λέγειν
3979 2753 4189 2820 ἀφέμε-

2620 2872 2708 2918 νος
2748 2855 2808 2907 τδ
2841 2853 3063 2920 σιγῆσαι
3095 2852 3391 2921 τετίμηκα.
3429 2849 3564 2902 Θεὸν
3602 2849 3710 2917 γὰρ
3747 2845 3978 2911 ὲξιλεοῦν
4023 2845 4186 2907 ἀσύγ-

2619 2964 2839 3014 γνωστα
2865 2947 3199 3005 πταίσαντας
3229 2945 3322 2995 καὶ
3359 2943 3434 3013 μὴ
3465 2943 3838 3010 μακρηγορεῖν
3894 2937 4019 2988 κατ’
4076 2937 4189 2987 ἐπί-

2620 3035 2789 3099 δειξιν
2824 3038 2952 3106 χρὴ.
3005 3037 3195 3102 Ἡμεῖς
3223 3036 3330 3101 γὰρ
3359 3033 3469 3086 τῶν
3531 3038 3747 3100 φύντων
3803 3021 3985 3091 αἴτιοι,
4049 3029 4189 3079 κατὰ

2623 3130 2716 3182 τὸν
2774 3129 3025 3191 εἰπόντα,
3081 3126 3309 3179 τοιαῦτα
3341 3126 3634 3193 σπέρματα
3691 3120 4184 3187 καταϐεϐληκότες.

2625 3222 2742 3274 Πᾶν
2773 3218 3068 3288 τοιγαροῦν
3095 3218 3380 3278 εὐσεϐείας
3416 3218 3541 3269 ὅσον
3568 3217 3662 3268 καὶ
3693 3214 3973 3282 δογμάτων
4001 3211 4185 3271 ὀρθῶν

2620 3310 2891 3378 τρόφιμον
2916 3307 3025 3359 τῶν
3051 3307 3170 3358 κατ’
3231 3305 3453 3375 ἀρετὴν,
3486 3299 3561 3358 ὧν
3599 3305 3934 3375 ὴμεληκότες
3971 3301 4184 3366 ἐφάνη-

2627 3417 2727 3469 μεν
2759 3399 2963 3469 ἔργων,
2994 3395 3148 3460 αὖθις
3178 3397 3535 3450 ἐπιλαϐέσθαι
3565 3395 3801 3462 σπουδὴν
3831 3394 4186 3457 είσενέγκανιο

2622 3509 2738 3553 τες,
2772 3488 2908 3542 Θεοῦ
2935 3491 3119 3558 τυχεῖν
3143 3487 3429 3557 εὐμενοῦς,
3459 3488 3644 3557 ἔργοις
3681 3481 3762 3548 οἷς
3793 3486 3995 3554 χαίρει,
4056 3486 4186 3534 πᾶσι

2623 3585 2846 3654 τρόποις
2881 3581 3302 3650 ἀγωνισώμεθα,
3335 3581 3666 3651 παλινῳδίαν
3694 3580 3767 3644 ὡς
3809 3581 3873 3632 ἂν
3930 3576 4187 3630 ἐντεῦθεν

2625 3675 2846 3746 ᾷσωμεν
2868 3675 3219 3744 χαριέστατα.

946 3752 1037 3805 dio
1076 3756 1479 3823 amplectentes,
1533 3760 1693 3814 Deum
1734 3762 1887 3818 nobis
1941 3766 2232 3834 propitium
2266 3767 2511 3834 reddere,
2535 3770 2729 3840 quibus
2761 3771 2849 3826 ille
2877 3771 3074 3841 gaudet
3126 3770 3456 3834 actionibus,
3525 3767 3702 3822 modis
3758 3765 4007 3823 omnibus
4050 3777 4184 3818 con-

948 3853 1252 3919 tendamus,
1289 3864 1344 3907 ut
1378 3855 1500 3909 inde
1541 3861 1874 3925 postmodum
1916 3863 2241 3931 palinodiam
2318 3881 2529 3921 summa
2565 3882 2684 3921 cum
2719 3868 2884 3922 animi
2912 3869 3092 3923 laetitia
3126 3876 3427 3923 cantemus.

951 4023 4153 4054 Μ

2359 4194 2610 4240 θεουιο
2653 4197 2732 4241 ιν

1024 4348 2375 4570 GEORGIUS
2524 4360 4100 4568 PHBANTZES

2260 4832 2862 4946 NOTITIA

1988 5049 2200 5112 (Fabric.
2237 5050 2460 5102 Βὶὺίὲουι.
2489 5052 2573 5101 Gr.
2616 5051 2696 5099 ed.
2720 5050 2913 5100 Harios.
2947 5054 2980 5098 t.
3012 5046 3159 5110 Vill.)

1031 5323 1297 5391 Georgius
1326 5323 1656 5387 Phrantzes,
1695 5324 1895 5378 illustri
1924 5339 2143 5393 genere,
2176 5334 2230 5378 et
2269 5326 2652 5395 imperatorem
2689 5329 2870 5397 ipsum
2897 5329 2972 5392 (ο)
3013 5342 3106 5396 per
3132 5322 3444 5379 affinitatem
3479 5325 3837 5418 contingente.1
3875 5329 4041 5373 natus
4091 5331 4168 5414 est

960 5413 1122 5466 CPoli
1153 5412 1220 5465 50
1251 5411 1480 5480 August.
1509 5426 1560 5467 a.
1591 5411 1653 5465 C.
1683 5412 1808 5466 1401
1845 5412 1939 5482 (b).
1969 5411 2286 5468 Parentibus
2322 5431 2375 5468 a.
2430 5417 2565 5470 1417
2600 5417 2906 5486 pestilentia
2961 5412 3224 5480 correptis
3248 5421 3301 5464 et
3325 5410 3626 5471 exstinctis,
3657 5410 3792 5462 inter
3823 5410 4167 5476 imperatoris

1033 5529 1108 5597 (η)
1149 5529 1317 5581 Soror
1342 5527 1599 5581 Phranzm
1652 5529 1833 5595 nnpsit
1891 5529 2151 5594 Gregorio
2211 5530 2512 5599 Palzeologo

961 5599 1244 5669 Mantonre.
1282 5599 1459 5669 magni
1496 5599 1947 5669 ducis_Mamon:e
1999 5599 2128 5661 ﬁlio,
2164 5611 2220 5654 ut
2255 5603 2370 5669 ipse.
2431 5612 2512 5654 te-

958 5679 1132 5724 S'atur
1159 5668 1300 5740 libro
1329 5667 1367 5740 |_,
1399 5682 1522 5734 cap.
1544 5669 1634 5721 38.
1668 5666 1819 5720 Illum
1852 5669 2168 5740 Gregorium
2222 5666 2362 5740 genti
2402 5674 2512 5722 An-

959 5747 1130 5803 gusta:
1159 5736 1580 5800 Palreologorntn
1606 5747 1857 5790 accenset
1910 5736 2145 5803 Congius
2184 5736 2246 5792 ιη’
2267 5741 2504 5793 Familiis

961 5808 1119 5879 Byz.,
1157 5807 1364 5876 p.951.
1408 5805 1636 5860 Uxorem
1687 5823 1903 5877 quoque
1955 5807 2384 5874 Pliranzaduxit,
2451 5830 2499 5863 a.

2625 5533 2781 5595 H38,
2815 5531 3093 5586 Helenam.
3128 5526 3298 5580 Alexii
3323 5523 3603 5591 Palmologi
3648 5521 4069 5587 Examplaconis
4110 5523 4163 5570 li.

2622 5603 2854 5664 liam,ex
2883 5615 2987 5667 qua
3018 5598 3159 5650 ﬁlios
3192 5603 3301 5649 tres
3355 5595 3631 5662 ﬁliamque
3686 5607 3845 5645 unam
3903 5600 4162 5657 suscepit.

2621 5671 2754 5724 Vide
2780 5687 2896 5721 eum
2926 5669 2989 5727 Il,
3015 5667 3099 5719 17.

2691 5744 2764 5812 (b)
2798 5741 3066 5796 Pltt‘anzes
3100 5736 3213 5804 ipse
3241 5733 3332 5787 lib.
3377 5732 3414 5797 1,
3451 5747 3568 5800 cap.
3604 5731 3692 5784 21.
