4526 6514
173 499 285 558 633
1621 502 1952 561 ΝΟΤΙΤΙΑ.
3317 498 3420 564 634

185 599 453 661 Μξηυθιίε
524 606 812 679 Ρειιέροιοςῖ
869 609 1240 667 cubicularios
1295 615 1365 684 (ε)
1421 627 1475 669 et
1533 617 1754 670 bietmio
1805 617 1972 684 interit

1629 618 1754 670 nuio
1805 617 2086 684 interiecto
2159 613 2300 667 inter
2354 611 2678 666 secretarios
2746 619 3018 677 receptus,
3072 620 3182 664 tum
3243 612 3416 664 eidem

179 692 434 747 Ianueli.
463 702 578 749 tttm
606 695 736 750 filiis
775 697 924 752 illius
948 697 1145 754 Joanni
1178 702 1288 766 (cui
1327 719 1354 756 a
1399 704 1665 757 moriente
1694 712 1844 770 patre
1868 701 2217 770 singulariter
2235 700 2652 754 commendatus
2679 699 2758 764 (ά)
2796 696 3019 764 fuerat.)
3055 708 3108 751 et
3139 698 3412 753 Constan-

179 781 295 832 tino
321 779 539 843 cbarus,
565 781 744 836 varias
773 784 1073 850 legationes
1102 802 1200 854 pro
1236 787 1343 843 illis
1373 790 1510 843 obiit
1549 809 1562 844 :
1591 791 1820 843 consilio
1849 799 2010 857 atque
2046 803 2208 856 opera
2233 787 2450 855 utrique
2508 787 2705 850 adfuit,
2765 785 3115 839 Glarentzam
3150 785 3201 837 in
3253 782 3410 838 Pelo—

179 877 424 932 ponneso
451 869 672 935 recepit,
714 869 1132 926 Constantinum
1165 875 1231 928 ad
1292 876 1478 930 Patras
1517 893 1568 930 a.
1605 875 1765 940 1429,
1797 878 2010 944 ohjecto
2045 893 2270 945 corpore
2297 892 2421 937 suo,
2449 876 2652 930 exemit
2683 873 2954 933 hostibus.
2987 883 3040 926 et
3081 888 3180 939 pro
3211 888 3274 922 eo
3309 889 3402 927 ca—

178 951 231 1016 pi
258 967 317 1005 se
348 953 418 1020 (ε)
455 969 647 1019 pasws
680 967 783 1010 est.
822 957 1128 1014 Restitutus
1168 963 1458 1030 interjecto
1486 974 1730 1032 tempore
1753 965 2153 1032 protovestiarii
2185 966 2252 1033 (Γ)
2281 979 2506 1018 munere
2531 979 2580 1017 a.
2611 964 2766 1026 1452,
2799 972 2851 1014 et
2884 960 3207 1030 praefectura
3237 959 3405 1023 Spar—

179 1047 307 1092 ¹³¹¹³
343 1055 393 1092 ³·
425 1041 580 1103 Ηιίδο
619 1043 690 1112 (9)
725 1055 918 1100 auctus
949 1046 1088 1113 fuit;
1129 1065 1361 1118 eumque
1387 1051 1451 1104 ad
1491 1051 1825 1110 firmandum,
1851 1053 2212 1106 Constantino
2247 1062 2364 1120 post
2393 1050 2682 1114 Joannem,
2704 1049 2946 1110 fratrem,
2974 1064 3024 1100 a.
3051 1047 3185 1099 ius
3213 1047 3418 1100 exstin-

177 1135 348 1186 Ctum,
375 1133 776 1185 successionem
802 1134 853 1185 in
873 1134 1158 1202 imperium
1188 1138 1452 1192 adversus
1477 1139 1697 1192 fratrem
1726 1139 1868 1190 illius
1893 1138 2221 1190 Demetrium
2247 1139 2342 1202 (It),
2364 1137 2650 1196 adfuisset,
2671 1144 2724 1188 et
2751 1134 2814 1186 ad
2843 1135 3019 1202 magni
3049 1133 3414 1199 logotheta-(i)

177 1215 497 1282 dignitatem
532 1220 598 1269 ah
629 1235 697 1272 eo
726 1221 921 1275 fuisset
950 1233 1193 1288 evectus,
1228 1242 1334 1278 non
1375 1227 1643 1293 diupost.
1670 1236 1826 1294 capta
1864 1242 1890 1278 a
1925 1225 2120 1277 Turcis
2146 1239 2196 1277 a.
2236 1224 2371 1277 1453
2406 1223 2588 1284 CPoli,
2625 1231 2678 1274 et
2713 1222 2826 1288 ipse
2858 1236 2980 1273 cum
3013 1221 3268 1272 omnibus
3297 1220 3412 1272 suis

175 1304 324 1356 venit
351 1306 402 1356 in
435 1316 755 1373 potestatem
782 1309 1084 1364 Turcarum
1120 1313 1208 1381 (j).
1252 1315 1379 1368 Inde
1411 1317 1662 1367 venditus
1693 1325 1745 1367 et
1785 1314 1838 1366 iu
1868 1313 2174 1366 libertatem
2205 1312 2404 1364 iterum
2436 1320 2705 1366 assertus.
2744 1310 2799 1362 in
2867 1308 3242 1374 Peloponneso
3301 1309 3412 1374 pri-

177 1405 326 1443 mum
345 1396 482 1458 apud
509 1393 775 1448 Thomam
806 1397 1165 1459 Pal:eologum
1203 1402 1509 1468 despotam,
1533 1400 1877 1455 Censtantiui
1905 1398 2151 1459 fratrem,
2187 1409 2466 1458 versatus,
2509 1412 2735 1450 uxorem
2770 1411 2798 1447 a
2834 1398 3098 1447 servitute
3155 1395 3411 1456 assi-rnit,

173 1487 250 1542 et,
283 1476 655 1547 Peloponneso
679 1484 838 1537 etiam
866 1502 894 1538 a
923 1486 1119 1541 Turcis
1146 1502 1322 1557 capta.
1353 1492 1404 1542 in
1433 1488 1638 1543 Italiam
1664 1506 1721 1544 se
1745 1489 1966 1554 recepit,
1997 1486 2276 1551 Romaque
2294 1494 2349 1537 et
2376 1483 2616 1538 Venetiis
2640 1483 2881 1536 lustratis
2911 1481 3202 1549 Corcyram
3231 1481 3411 1539 rediit,

173 1573 341 1631 atque
379 1569 626 1621 monachi
658 1569 901 1624 habitum
927 1575 1231 1642 amplexus,
1265 1591 1363 1642 pro
1389 1576 1608 1641 Georgii
1637 1577 1854 1629 nomine
1887 1571 2177 1641 Gregorius
2216 1574 2312 1634 (lt),
2359 1571 2435 1623 uti
2466 1586 2600 1623 uxor
2624 1570 2742 1638 ejus
2773 1585 2871 1636 pro
2901 1568 3104 1621 Helena
3127 1566 3416 1634 Eupraxias

174 1653 397 1705 nomine
427 1655 687 1722 appellari
720 1660 890 1712 voluit
913 1676 965 1713 a.
1005 1662 1162 1715 1468.
1194 1664 1248 1716 In
1280 1664 1379 1716 hoc
1414 1663 1750 1716 monasterio
1773 1679 1802 1715 a
1831 1660 2136 1728 Corcyraeis
2168 1660 2496 1728 quihusdam
2526 1657 2800 1711 nobilibus
2829 1656 2963 1711 viris
3026 1665 3248 1719 rogatus
3275 1657 3414 1707 scri-

173 1739 284 1804 psit
311 1738 603 1795 Chronicon
638 1761 807 1798 rerum
840 1747 1258 1816 Byzantinarum
1281 1749 1429 1802 libris
1469 1750 1548 1803 ιγ
1685 1751 1751 1802 ab
1778 1765 1826 1801 a.
1851 1749 1912 1803 C.
1953 1747 2080 1801 1401
2123 1747 2186 1799 ad
2221 1745 2359 1797 1477
2385 1743 2448 1809 (l)
2478 1782 2492 1808 ,
2530 1759 2641 1812 quo
2677 1745 2795 1810 ipso
2829 1760 2996 1804 anno,
3056 1744 3142 1795 die
3171 1742 3241 1795 29
3275 1742 3415 1794 Mar--

177 1821 261 1885 tii,
299 1824 507 1893 inOpia,
538 1831 728 1884 morbo
758 1844 811 1886 et
838 1845 1120 1892 senectute
1154 1837 1385 1891 fractum
1417 1838 1548 1890 illud
1599 1837 1898 1890 absolvisse
1921 1851 1998 1898 se,
2026 1835 2144 1902 ipse
2176 1833 2228 1886 in
2257 1833 2408 1886 calce
2433 1831 2553 1884 libri
2598 1832 2862 1900 postremi
2896 1842 3092 1884 auctor
3130 1839 3234 1882 est.
3269 1829 3410 1882 luci-

173 1911 256 1976 pit
281 1912 533 1969 similiter
558 1925 615 1969 ut
650 1918 960 1986 Acropolita
1007 1943 1021 1976 :
1053 1924 1127 1976 Τὸ
1151 1926 1254 1992 τῆς
1290 1925 1540 1994 ἱστορίας
1572 1926 1843 1993 χρήσεμον
1869 1924 1960 1975 κπῖ

1621 1926 1843 1992 οήσεμον
1869 1924 1964 1975 κιιὶ
1994 1922 2098 1988 πρὸ
2131 1921 2292 1991 ἡμῶν
2320 1922 2368 1973 οἱ
2397 1920 2584 1972 πολλοὶ
2605 1921 3088 1990 συγγραψάμενοι.
3135 1917 3245 1971 lloc
3271 1935 3408 1984 nptts

172 1997 360 2052 Gmce
382 2004 610 2058 "80d!!!"
637 2002 1365 2076 lucemvitliKm).AtJaCobus
1384 2012 1682 2072 Pontanus,
1721 2011 1776 2064 S.
1809 2010 1886 2072 J.,
1922 2010 2168 2064 Grzecnm
2197 2008 2442 2061 codicem
2474 2018 2668 2061 nactus
2698 2008 2749 2059 in
2778 2007 3108 2059 hiinOtheca
3148 2005 3408 2058 Barariea

173 2085 544 2145 Dlonachiensi
587 2093 689 2160 (η).
713 2111 834 2161 quae
860 2099 1138 2150 abundare
1166 2099 1262 2166 ipsi
1301 2111 1394 2152 ant
1424 2099 1598 2152 aliena
1635 2115 1756 2152 esse
1791 2100 2135 2160 videbantur,
2167 2097 2354 2148 omisit
2382 2096 2479 2165 (0),
2501 2106 2698 2149 caetera
2737 2095 2922 2148 Latine.
2946 2096 3127 2158 vertit,
3158 2103 3210 2148 et
3243 2097 3411 2146 tribus

170 2171 328 2226 libris
362 2175 613 2232 distinxit
645 2181 1006 2250 capitulisque
1045 2185 1359 2248 subdivisit,
1390 2187 1534 2238 notis
1563 2188 1728 2240 etiam
1757 2194 1810 2238 et
1868 2185 2232 2249 explicatione
2268 2183 2597 2250 dignitatum
2627 2182 2942 2243 illustravit,
2975 2190 3138 2250 atque
3165 2181 3235 2232 ita
3270 2195 3405 2233 con-

173 2270 407 2314 tractum
437 2262 628 2318 Latine
660 2269 847 2332 edidit,
876 2271 940 2321 ad
975 2272 1177 2324 calcem
1213 2272 1577 2326 Historiarum
1607 2271 1997 2341 TheOphylacti
2023 2272 2356 2330 Simocattte,
2388 2270 2575 2324 Graece
2599 2280 2651 2322 et
2679 2269 2871 2322 Latine
2918 2262 3404 2336 Vttlgatarutn,'ltt-

170 2344 408 2411 golstad.
441 2349 598 2414 1604,
635 2353 668 2404 4
701 2354 802 2423 (p).
841 2353 944 2409 Sed
988 2358 1296 2411 Pontanum
1335 2359 1510 2427 ipsum
1538 2361 1602 2412 de
1656 2362 1942 2412 Phrantzzc
1968 2372 2131 2426 opere
2165 2367 2219 2410 et
2269 2373 2364 2411 sua
2415 2357 2652 2409 editione
2709 2359 3017 2425 loquentem
3073 2356 3406 2409 audiamus:

175 2449 198 2480 ι
241 2432 391 2501 Opus
424 2449 604 2492 autem
635 2453 860 2495 auctore
889 2460 990 2497 suo
1032 2447 1175 2498 hunc
1208 2447 1258 2498 in
1292 2448 1510 2499 modum
1564 2447 1913 2500 distributum
1948 2454 2051 2497 est.
2112 2444 2296 2496 Primo
2343 2443 2483 2495 libro
2513 2442 2578 2494 de
2628 2452 2864 2510 quatuor
2900 2442 2996 2507 (tot
3054 2441 3198 2494 enim
3249 2440 3400 2512 facit)

170 2531 268 2572 cex
308 2520 662 2591 imperatores
695 2528 1030 2599 Palaaologos
1065 2533 1467 2600 complectitur.
1495 2549 1728 2601 quorum
1769 2533 2020 2600 princeps
2060 2539 2142 2583 est
2181 2530 2432 2593 Michael,
2466 2544 2626 2596 quem
2660 2528 3001 2582 Conmenqu
3059 2530 3404 2596 cognominat

174 2606 425 2674 (fuerunt
453 2612 655 2681 quippe
691 2615 978 2686 Palaeologi
1019 2630 1269 2672 materno
1294 2636 1493 2688 genere
1527 2620 1812 2680 Comneni.
1847 2631 1903 2672 ut
1937 2634 2000 2672 ex
2040 2618 2200 2671 initio
2229 2618 2475 2670 historiae
2503 2617 2836 2684 apparebit).
2868 2616 2913 2670 is
2944 2617 3036 2684 qui
3098 2618 3409 2670 Constanti-

171 2698 416 2764 nopolim
449 2716 544 2768 per
570 2718 746 2758 annos
776 2708 1083 2773 sexaginta,
1106 2709 1226 2776 plus
1257 2709 1530 2768 minusve.
1588 2725 1613 2761 a
1637 2707 1844 2760 Latinis
1875 2707 2152 2759 obtentam
2216 2705 2584 2771 recuperavit.
2625 2704 2862 2758 Ultimus
2919 2704 3138 2756 illorum
3177 2719 3268 2756 sex
3323 2713 3408 2755 ist

171 2784 413 2849 Itanuel,
448 2790 500 2842 in
539 2806 648 2859 quo
677 2792 815 2845 liber
841 2794 1053 2851 linitur.
1081 2795 1335 2849 Secundo
1365 2812 1452 2849 res
1489 2795 1736 2857 Joannis,
1772 2793 1862 2847 lilii
1916 2792 2202 2854 Manuelis,
2229 2792 2595 2858 persequitur.
2625 2789 2831 2843 Ccnuit
2863 2801 3041 2842 autem
3073 2790 3211 2843 lilios
3245 2805 3408 2843 senos

165 2870 462 2941 Joannem,
499 2878 902 2943 Andronicum,
934 2881 1306 2948 Theodorum,
1341 2883 1789 2947 Constantinum,
1824 2881 2175 2942 Demetrium,
2209 2879 2496 2931 Thomam.
2537 2876 2781 2930 Tertium
2822 2877 2974 2930 fratri
3005 2887 3058 2930 et
3094 2879 3402 2931 snccessori

165 2959 418 3024 Joannis,
448 2965 829 3032 Constantino,
863 2970 989 3023 dat:
1015 2986 1125 3039 quo
1165 2973 1489 3040 imperante,
1531 2971 1818 3039 etquidem
1868 2966 2219 3036 paucissimis
2251 2965 2432 3026 annis,
2486 2963 2997 3031 Constantinopolis
3045 2964 3094 3016 vi
3126 2975 3181 3016 et
3236 2965 3404 3018 armis

167 3050 407 3112 devicta,
439 3051 490 3103 in
530 3052 831 3108 Turcarum
862 3056 1155 3125 impiorum
1189 3061 1448 3111 ditionem
1501 3057 1793 3111 concessit.
1822 3056 2117 3120 Quartum,
2148 3053 2513 3119 eumdemque
2549 3061 2911 3118 postremum,
2979 3050 3032 3102 in
3066 3049 3314 3103 dissidiis
3352 3057 3406 3102 ct

166 3135 448 3192 intestinis
479 3140 709 3194 duorum
737 3143 963 3197 fratrum
1004 3144 1454 3214 Pal:eologorum,
1486 3143 1744 3197 Demetrii
1773 3151 1897 3211 puta
1929 3155 1980 3194 et
2005 3139 2248 3202 Thomze,
2277 3139 2429 3191 bellis
2460 3140 2514 3191 in
2567 3137 2964 3204 Peloponneso,
2991 3147 3042 3190 et
3080 3136 3407 3191 Mahometis

167 3220 231 3281 11,
273 3225 365 3288 qui
403 3225 926 3298 Constantinopolim
960 3233 1195 3298 subegit,
1224 3233 1507 3286 fraudibus
1533 3249 1594 3284 ac
1629 3230 1833 3297 rapinis
1877 3228 2073 3280 ibidem
2106 3225 2484 3279 deseribendis
2548 3225 2890 3294 potissimum
2939 3226 3108 3292 ponit,
3183 3240 3406 3277 unzver-

167 3325 398 3379 sanique
428 3316 796 3368 narrationem
832 3319 994 3384 paulo
1028 3336 1191 3384 supra
1217 3336 1420 3372 annum
1444 3319 1644 3372 Christi
1683 3318 1835 3376 1259,
1871 3330 1977 3381 qno
1999 3313 2227 3366 Michael
2257 3313 2591 3380 Palaeologus
2633 3313 2919 3378 itnperium
2952 3313 3129 3375 inivit,
3154 3327 3402 3375 extimus,

166 3399 236 3450 a.l
268 3413 471 3452 annum
514 3401 648 3455 1477
684 3404 958 3471 producit,
1010 3415 1172 3473 atque
1205 3408 1277 3458 ita
1315 3421 1487 3458 annos
1532 3406 1813 3457 minimum
1855 3401 1960 3456 2l8
1997 3402 2432 3470 comprehcndit,
2468 3400 2680 3453 tantillo
2739 3400 2899 3460 libro,
2940 3400 3144 3452 chartis
3180 3400 3354 3452 tribtts
3389 3418 3402 3451 :

170 3486 383 3538 utinam
418 3503 545 3542 vero
576 3490 739 3543 etiam
773 3491 847 3544 ita
880 3492 1055 3547 doctis
1086 3502 1138 3547 et
1173 3493 1475 3556 laboriosis,
1509 3504 1567 3544 ut
1601 3495 1644 3545 is
1675 3495 1740 3545 de
1770 3505 1878 3560 quo
1911 3489 2054 3542 istud
2087 3500 2244 3556 poeta
2264 3486 2596 3541 Veronensis
2623 3502 2745 3539 cum
2780 3487 3137 3540 admiratione
3167 3486 3418 3554 allii-mag

164 3573 270 3627 vit.

244 3683 264 3716 ι
305 3663 373 3718 At
401 3664 544 3718 enim
585 3667 842 3734 quoniam
873 3669 1110 3735 scriptor
1157 3668 1259 3722 iste
1311 3667 1708 3735 παρεκϐάσεων
1748 3680 1844 3718 seu
1872 3663 2276 3733 digressionum
2317 3662 2573 3717 referlior
2598 3673 2700 3725 est.
2732 3674 2784 3719 et
2840 3681 3029 3719 earu'n
3097 3666 3281 3718 multa:
3333 3665 3398 3717 ad

168 3750 459 3803 historiam
483 3752 653 3818 ipsam
695 3767 922 3817 prorsus
958 3755 1088 3806 nihil
1124 3756 1415 3822 pertinent,
1449 3755 1579 3822 quin
1603 3754 1786 3822 potius
1819 3752 1938 3818 ejus
1977 3751 2238 3820 gravitati
2266 3761 2318 3804 et
2338 3752 2588 3819 dignitati
2653 3752 2920 3814 ollieiunt,
2949 3768 3010 3804 ac
3036 3753 3264 3818 proinde
3291 3768 3397 3805 non

168 3839 293 3890 sine
318 3837 530 3905 jactura
560 3840 740 3904 modo,
775 3854 962 3893 verum
996 3842 1160 3893 etiam
1197 3842 1482 3894 commode
1521 3850 1575 3893 et
1616 3841 1819 3893 utiliter
1842 3841 2034 3893 abesse
2055 3847 2308 3908 possunt,
2351 3840 2644 3893 consilium
2706 3839 2829 3903 fuit,
2863 3842 2928 3894 iis
2991 3841 3394 3909 praetermissis

167 3938 346 3982 totunt
379 3946 576 3996 corpus
609 3930 844 3999 (tametsi
874 3946 962 3996 per
992 3946 1049 3983 se
1076 3931 1217 3983 haud
1251 3932 1324 3983 ita
1352 3932 1630 3998 magnum)
1667 3928 1992 3996 compendio
2026 3929 2261 3995 quodam
2287 3933 2296 3941 '
2321 3943 2538 3994 cogere,
2573 3944 2807 3996 quaeque
2857 3930 2998 3982 libro
3021 3939 3220 3994 quarto
3272 3930 3401 3983 insi-

167 4015 362 4082 gniora
407 4018 682 4083 magisque
711 4015 1086 4067 memorabilia
1114 4017 1488 4083 reperiuntur,
1522 4035 1580 4069 ea
1623 4026 1882 4085 tanqnattt
1920 4016 2293 4069 accessionem
2339 4015 2404 4068 ad
2439 4017 2584 4069 asdes
2617 4032 2738 4068 cum
2768 4018 2932 4068 tertio
2959 4017 3316 4085 conjungere,
3346 4025 3401 4069 et

165 4104 274 4156 hac
309 4103 519 4156 ratione
553 4105 728 4171 ipsum
764 4104 981 4157 tertium
1012 4105 1436 4157 cumulationem
1465 4104 1700 4160 ellicere.
1755 4103 1926 4168 Quem
1951 4103 2118 4165 enim,
2153 4103 2410 4165 obsecro,
2447 4111 2594 4157 secta
2627 4102 3028 4169 Mahometana,
3059 4120 3127 4157 ex
3167 4104 3398 4158 Joannis

163 4189 538 4244 Cantacuzeni
565 4198 758 4245 contra
785 4190 1034 4245 eamdem
1079 4203 1286 4244 sectam
1319 4192 1660 4244 orationibus
1711 4201 1788 4244 tot
1849 4191 2059 4260 paginis
2115 4189 2382 4255 descripta
2401 4199 2455 4243 et
2516 4192 2867 4256 reprehensa,
2921 4191 3211 4245 delectet?
3259 4191 3398 4246 0dio

165 4277 460 4345 plusquam
494 4275 782 4331 Vatiniano
818 4277 1292 4330 Mah‘ometismum
1318 4278 1433 4331 odit
1456 4277 1936 4338 Protovcstiarius,
1985 4284 2149 4342 atque
2179 4279 2281 4328 hoc
2316 4285 2537 4343 propter
2569 4275 2798 4330 Turcas.
2834 4278 2958 4332 Ideo
2993 4294 3052 4332 se
3079 4291 3264 4332 tenere
3291 4296 3395 4332 nou

168 4366 350 4431 potuit
383 4364 514 4431 quin
543 4374 875 4433 repertorem
907 4364 1073 4427 illius,
1103 4374 1156 4417 et
1189 4379 1320 4418 sane
1352 4365 1580 4432 pluries,
1611 4365 1936 4433 exagitaret,
1977 4365 2094 4434 ejus
2153 4365 2548 4432 genealogiam,
2593 4380 2794 4426 mores.
2860 4367 3222 4432 incrementa,
3259 4367 3395 4432 dog-

164 4459 315 4503 mata
353 4452 731 4505 insectaretur.
765 4451 868 4506 SeJ
895 4466 1038 4504 nunc
1096 4466 1199 4504 non
1233 4463 1350 4506 erat
1378 4454 1458 4506 his
1494 4453 1667 4512 locus,
1699 4454 1774 4506 ait
1807 4452 2057 4506 Flaccus.
2114 4451 2187 4504 De
2218 4461 2430 4505 cometa
2465 4454 2579 4506 viso
2612 4468 2735 4506 cum
2776 4453 2909 4520 agit,
2942 4455 3070 4522 quid
3105 4455 3214 4508 illic
3239 4469 3395 4507 com-

164 4539 327 4606 plura
360 4547 622 4599 metcora,
662 4547 722 4592 ut
754 4537 959 4605 fulgur,
998 4539 1222 4602 fulmen,
1257 4542 1486 4603 tonitru,
1526 4549 1682 4593 terrae
1717 4547 1943 4598 motum,
1973 4538 2219 4603 ipsorum
2258 4550 2595 4592 cometarum
2657 4540 3093 4608 generationem,
3151 4541 3394 4595 elemen-

164 4633 352 4676 torum
385 4639 598 4694 quoque
631 4627 920 4686 rationem,
959 4625 1357 4692 philosophica,
1397 4628 1640 4694 inquam,
1676 4625 1736 4677 οὐ
1767 4626 1906 4678 πάνυ
1933 4624 2238 4691 φιλοσόφως
2293 4624 2566 4689 explicare
2592 4626 2786 4677 attinet
2815 4626 2838 4678 ἲ
2876 4625 2979 4679 Res
3003 4642 3154 4692 suas,
3193 4642 3396 4694 easque

162 4713 408 4764 minutas
434 4727 593 4780 sape,
623 4721 677 4763 et
701 4724 840 4778 quas
881 4720 1206 4779 magnopere
1231 4713 1374 4765 scire
1413 4713 1594 4767 nullus
1620 4712 1823 4780 cupiat,
1867 4710 2208 4780 frequentius
2233 4721 2287 4763 et
2322 4711 2672 4766 ambitiosius
2713 4713 2956 4766 adducit.
2996 4715 3110 4766 Non
3146 4715 3388 4768 schisma

159 4809 214 4849 et
249 4797 609 4850 defectionem
639 4798 949 4852 Graecorum
983 4799 1049 4851 ab
1077 4799 1317 4852 Ecclesia
1349 4799 1588 4852 Romana
1627 4800 1794 4869 (quod
1867 4809 2051 4853 tamen
2085 4800 2184 4853 toti
2219 4799 2498 4854 occidenti
2547 4810 2632 4854 est
2691 4802 3225 4872 persuasissimum),
3299 4805 3393 4858 sed

161 4897 414 4953 peccata,
442 4896 498 4939 ut
520 4885 888 4939 Ninivitarum
956 4886 1294 4956 aliorumque
1329 4889 1681 4956 populorum,
1716 4898 1770 4942 et
1797 4887 2087 4941 oraculum
2109 4888 2177 4941 de
2200 4887 2599 4942 lsmaelitarum
2630 4888 2794 4958 (unde
2813 4889 3007 4946 Turcte
3025 4891 3136 4944 sint
3175 4905 3381 4959 propa-

235 5071 313 5135 (ε)
347 5070 461 5123 Lib.
491 5071 530 5129 Ι,
560 5086 677 5138 Cap.
701 5072 771 5124 38
797 5072 951 5126 et“.

237 5141 321 5206 (d)
347 5139 460 5194 Lib.
494 5140 555 5199 η.
594 5156 711 5207 cap.
744 5144 791 5194 1.

234 5217 311 5272 (el
349 5210 465 5262 Lib.
489 5210 550 5273 ll,
577 5226 697 5276 cap.
726 5212 887 5278 Sseq.

235 5278 307 5345 (Γ)
348 5280 620 5365 Pltranzes
653 5281 745 5333 lib.
778 5282 841 5343 ll,
872 5297 992 5365 cap.
1031 5281 1118 5364 l0,
1141 5293 1193 5336 ct
1221 5284 1279 5365 in
1312 5287 1576 5352 procemio
1606 5305 1617 5339 :
1650 5285 1727 5337 Ad

157 5350 305 5401 hunc
334 5350 547 5430 modum
578 5365 671 5417 ego
704 5367 905 5420 quoque
927 5349 1182 5423 Georgius
1211 5349 1479 5411 Pltranzes
1526 5366 1575 5410 et
1606 5371 1729 5422 pro-

157 5430 523 5472 tovesltartus.
561 5430 666 5472 etc.

234 5492 314 5562 (gl
343 5487 462 5562 Lib.
489 5488 563 5562 _I_l_,
598 5503 720 5557 cap.
751 5489 834 5562 l_9.
868 5491 988 5546 Lib.
1013 5492 1098 5553 Ill,
1125 5507 1243 5562 cap.
1277 5496 1327 5549 1.

235 5560 318 5625 (lt)
343 5558 462 5611 Lib.
489 5557 578 5619 ιιι,
621 5574 740 5626 cap.
764 5560 818 5613 6.

234 5629 303 5700 (i)
334 5627 554 5700 (_‘.onfer-
585 5627 905 5694 llant-kium,
944 5647 994 5698 p.
1035 5633 1129 5687 661
1169 5650 1286 5700 seq.

236 5697 621 5779 ςζξῌξιιηψᾳεξ
651 5701 1205 5779 ipse_in_prom_mio_et
1238 5697 1332 5779 lib.
1360 5705 1428 5760 111
1473 5720 1592 5779 cap.
1633 5706 1721 5760 9.9.

185 5840 188 5842 γ
233 5768 302 5832 (l)
333 5767 446 5820 Non
486 5768 643 5830 1457,
679 5784 734 5822 ut
765 5767 959 5840 legitur
1013 5776 1066 5827 itt
1105 5773 1280 5829 Vossii
1312 5779 1454 5828 Hist.
1504 5767 1718 5837 Cra'cis,

160 5838 258 5891 ltlt.
288 5837 346 5891 ΙΙ.
376 5851 493 5891 can.
527 5839 613 5891 50.

183 5851 258 5888 tlt.
288 5851 346 5895 Il,
376 5851 613 5895 cap.

246 5878 258 5887 .
288 5853 346 5895 ll,
376 5853 434 5889 ea
484 5879 493 5889 .
527 5853 613 5891 ou.

240 5853 625 5978 (m)Tciitporc
657 5910 774 5963 scil.
813 5909 1068 5979 Fabritii,
1124 5932 1264 5969 nunc
1339 5919 1538 5971 CdllUlll
1599 5934 1717 5970 me

1832 5087 2017 5145 postea
2047 5091 2461 5146 cognoscemus.
2497 5075 2660 5128 11Αῐιι..

1905 5145 2135 5212 (n)Cod.
2167 5147 2293 5200 205.
2324 5146 2379 5196 In
2415 5148 2657 5213 catalogo
2681 5161 2809 5198 mss.
2845 5145 3113 5209 Rararic,
3146 5160 3263 5214 pag.
3299 5146 3389 5209 75,

1835 5219 1974 5270 male
1990 5231 2250 5270 exettsum
2273 5217 2485 5281 Φαντζῆ
2515 5232 2609 5281 pro
2655 5215 2926 5283 Φραντζῇ.

1909 5290 1982 5352 (o)
2008 5286 2236 5338 Allatius
2275 5285 2343 5336 De
2375 5283 2632 5351 Georg/iis,
2669 5301 2790 5351 pag.
2823 5288 2924 5338 426
2956 5301 2974 5337 :
3003 5283 3295 5339 Pontanus.
3336 5287 3390 5340 in

1836 5358 1956 5409 aliis
1987 5355 2198 5407 laudent
2232 5371 2321 5406 nec
2353 5356 2779 5406 tonleumeudam
2806 5358 3118 5419 promeritus
3154 5372 3184 5406 a
3255 5372 3388 5407 non-

1837 5426 1997 5479 nullis
2033 5425 2449 5493 reprelienditur.
2475 5427 2722 5491 primum.
2748 5426 2885 5490 quod
2919 5424 3095 5476 (Errare
3128 5442 3227 5474 mm
3277 5422 3388 5476 edi-

1830 5498 1986 5559 derit,
2014 5495 2319 5556 secundum,
2369 5496 2506 5557 quod
2534 5510 2659 5558 opus
2706 5495 3071 5546 obtrum'ulum
3106 5509 3165 5544 ac
3201 5496 3251 5544 in
3273 5509 3387 5561 ept-

1833 5577 2007 5619 lomen
2041 5565 2330 5624 redactum,
2362 5581 2461 5615 non
2482 5575 2742 5629 tnteqrum
2769 5567 3026 5616 emiserit.
3056 5564 3204 5614 Adde
3227 5563 3387 5616 Casi-

1832 5637 1953 5686 tniri
1990 5632 2189 5687 Ottdini
2228 5644 2587 5686 comunt-utar.
2640 5633 2706 5686 de
2761 5635 3118 5701 scriptoribus
3161 5635 3385 5694 cccles.,

1828 5714 1958 5757 tom.
1999 5703 2086 5765 ΙΙΙ,
2121 5719 2239 5770 pag.
2261 5703 2401 5755 2593
2425 5718 2538 5771 seq.

1898 5777 1971 5841 (ν)
2002 5774 2074 5825 Ex
2109 5768 2455 5841 typograpbta
2499 5768 2690 5827 Atlattti
2743 5773 2993 5826 Sarlorii.
3050 5771 3181 5824 Dein
3244 5768 3384 5841 illud

1823 5838 2040 5912 opnsex
2069 5838 2294 5894 Pontaiti
2320 5844 2446 5892 edit.
2477 5859 2727 5896 recusum
2754 5854 2828 5896 est
2856 5861 2978 5899 cum
3005 5838 3382 5897 Gxittesiiﬂist.

2413 5912 2508 5926 -ι-οισ

1823 5914 2134 5984 Ιςδῑίιιιὶειιυ.
2166 5913 2347 5967 Venet.
2385 5913 2532 5978 1755,
2568 5913 2658 5967 fol.
2691 5913 2856 5972 UAiiL.
