4526 6514
149 514 252 585 637
1050 518 1490 591 CIIBONICON
1532 520 1803 582 MAJUS.
1838 544 1904 556 -
1943 522 2390 584 PROOEMIUM.
3249 526 3355 588 638

151 633 470 687 bibliotheca:
493 631 593 687 SS.
618 633 983 700 Apostolorum
1006 634 1332 688 Clericorum
1360 637 1725 707 Regularium,
1744 650 1788 692 et
1810 650 1866 692 ut
1897 642 2143 708 conjicio,
2166 654 2466 697 asseruntur
2483 660 2684 714 quoque
2709 643 2947 698 Scoriaci
2969 645 3018 696 in
3043 645 3168 698 bitt.
3191 649 3355 714 regia.

148 720 427 785 Γιωργίου
458 722 553 772 τοῦ
586 721 836 788 Φραντζῆ
865 721 992 789 περί
1019 739 1180 774 τινων
1210 725 1513 792 γεγονότων
1549 729 1605 777 ὲν
1630 725 1706 794 τῷ
1736 729 1854 777 κατ’
1877 727 1935 779 αξ

1568 742 1605 776 μν
1630 725 1706 794 τῷ
1736 729 1854 777 κατ’
1877 727 2041 780 αὑτὸν
2074 729 2274 798 χρόνῳ.
2303 730 2444 783 Idem
2467 733 2693 786 Allatins
2729 730 2932 786 Contra
2962 729 3355 800 Creyghtonum

150 821 203 875 p.
241 805 361 871 117,
402 817 558 859 vocat
587 805 855 876 ἐκφρασιν
884 809 1325 875 compendiosa")
1364 808 1604 864 Phrantz
1623 827 1672 874 ρ,
1702 820 1755 864 et
1784 828 1887 866 ms.
1915 829 1937 866 a

795 824 855 858 rw
884 809 1325 875 compendiosa")
1364 808 1604 864 Phrantz
1623 827 1672 874 ρ,
1702 820 1755 864 et
1784 828 1887 866 ms.
1915 814 2053 881 apud
2089 831 2148 869 se
2177 833 2296 870 esse
2331 827 2582 874 testatur.

218 891 277 945 In
305 893 542 946 editione
569 892 815 957 Pontani,
849 892 937 954 III,
968 892 1061 956 29,
1098 911 1217 963 pag.
1242 895 1365 955 2I9,
1401 905 1633 950 testatur
1660 896 1978 965 Phrantzes,
2007 915 2086 964 se,
2129 911 2420 973 antequam
2473 907 2714 960 habitum
2750 907 3112 961 monasticum
3163 905 3360 959 indue-

152 988 255 1045 ret,
286 979 675 1048 Canfeuionem
705 981 829 1047 ﬁdei
863 981 1118 1045 edidisse,
1144 983 1380 1050 atquein
1407 983 1731 1046 expositione
1770 988 1994 1053 symboli
2024 990 2338 1053 ostendisie,
2399 993 2543 1046 unde
2575 1011 2603 1046 a
2637 992 2735 1049 SS.
2777 993 3031 1048 Patribus
3068 992 3203 1047 illud
3241 993 3361 1046 fue-

154 1067 228 1120 rit
255 1067 632 1136 compositum.
666 1069 810 1120 Illam
843 1067 1273 1141 confessionem,
1305 1070 1419 1123 sive
1458 1071 1882 1137 expositionem,
1917 1083 2095 1126 utrntn
2156 1090 2183 1125 a
2215 1074 2472 1132 Simeone
2527 1079 3010 1133 Tltessalonicensi
3074 1089 3359 1132 mutuatus

152 1152 455 1208 Plirantzes
479 1155 570 1216 sit,
612 1155 843 1208 Allatius
865 1153 1147 1206 addubitat
1183 1171 1196 1207 :
1231 1165 1483 1208 caeterum
1517 1155 1790 1211 Pontanus
1819 1159 1870 1212 in
1900 1159 2156 1214 versione
2203 1178 2301 1216 sua
2342 1165 2605 1230 historiae,
2646 1165 2733 1220 cui
2762 1165 2833 1219 ab
2877 1174 3101 1220 auctore
3158 1166 3362 1220 inserta

153 1243 355 1305 fuerat,
385 1243 630 1295 eamdem
655 1252 709 1293 ut
749 1243 852 1294 alia
883 1242 1047 1294 multa
1075 1241 1313 1294 rescidit.
1339 1240 1501 1296 FABR.

227 1327 487 1381 Phranza:
513 1327 818 1382 Chronicon
847 1327 1052 1381 editum
1081 1339 1245 1382 estex
1278 1329 1401 1381 cod.
1439 1328 1828 1394 Monachiensi,
1853 1329 2057 1393 Graece,
2078 1333 2129 1384 in
2157 1350 2313 1388 usum
2332 1335 2665 1400 Graecorum,
2692 1353 2719 1388 a
2742 1337 2843 1390 cel.
2874 1337 3083 1402 Altero,
3108 1335 3252 1403 prof.
3271 1335 3364 1390 Gr.

154 1415 264 1468 litt.
290 1413 342 1466 in
370 1416 720 1471 universitate
741 1412 1165 1477 Vindobonensi,
1197 1423 1249 1467 et
1292 1417 1368 1470 sic
1403 1415 1720 1480 inscriptum
1753 1436 1765 1469 :
1797 1418 2147 1470 XPONIKON
2199 1421 2536 1473 [‘EQI’I‘IOT‘
2579 1424 2892 1475 «DPANI‘ZII
2944 1423 3035 1482 τοῦ
3092 1424 3369 1490 πρωτοῆε-

153 1504 400 1570 στιαρίου
425 1506 502 1564 εἰς
530 1504 765 1571 τέσσαρα
793 1504 968 1570 βιϐλία
1005 1505 1300 1569 διαιρεθένο
1334 1505 1427 1555 νῦν
1470 1503 1684 1571 πρῶτον
1718 1503 1933 1555 ἐκδοθὲν
1962 1505 2245 1574 ἐπιμελείᾳ
2285 1508 2723 1561 ΦΡΑΓΚΙΣΚΟΥ
2760 1510 3082 1561 ΚΑΡΟΛυΥ
3117 1510 3368 1569 AA'I‘EP,

151 1591 474 1663 διδασκάλου
503 1591 603 1658 τῆς
647 1592 964 1660 Ἑλληνικῆς
1009 1591 1316 1645 διαλέκτου.
1357 1594 1581 1660 Δαπάνῃ
1609 1592 1664 1642 δὲ
1699 1593 1792 1643 καὶ
1826 1591 2118 1658 γράμμασι
2153 1593 2260 1642 τῶν
2305 1594 2600 1662 Μαρκίδων
2633 1596 2877 1646 Πουλίου.
2922 1597 3010 1646 Ἐν
3041 1596 3229 1665 Βιὲννῃ
3270 1596 3369 1662 τῆς

154 1678 453 1745 Αὑστρίις.
485 1678 640 1745 Παρά
687 1679 902 1745 Μαρκίδ
937 1679 1186 1731 Πουλίου.
1230 1675 1410 1748 ,αψηᾷ
1446 1680 1602 1732 1796.
1642 1679 1735 1731 fol.
1775 1677 1829 1727 In
1864 1692 1941 1745 prt

1592 1721 1602 1730 .
1642 1679 1735 1731 fol.
1775 1677 1829 1727 In
1864 1678 2152 1745 prommio,
2188 1677 2370 1732 Graece
2409 1681 2632 1748 scripto,
2687 1682 2907 1733 disserit
2937 1682 3082 1732 doct.
3119 1682 3265 1733 Alter
3305 1684 3370 1732 de

154 1763 447 1826 Phrantza,
477 1764 593 1830 ejus
621 1765 892 1817 Chronico
925 1776 1087 1833 atque
1111 1766 1271 1818 codd.
1301 1768 1366 1816 de
1403 1764 1670 1824 Pontano,
1698 1764 1764 1817 de
1795 1765 2113 1829 Biancooio,
2148 1766 2241 1834 qui
2273 1777 2398 1820 ante
2429 1769 2666 1820 Alterum
2701 1770 2944 1822 editurus
2974 1779 3089 1820 erat
3126 1769 3174 1820 id
3200 1768 3375 1820 (Ebro-

155 1851 348 1911 nicon,
379 1851 444 1904 de
470 1852 590 1904 cod.
619 1850 901 1916 Bavarico,
939 1862 994 1904 et
1028 1854 1092 1904 de
1119 1852 1206 1914 iis,
1239 1869 1359 1920 qua:
1388 1853 1638 1920 subjecit,
1664 1853 1958 1920 Opusculis,
1985 1855 2288 1921 horumque
2343 1855 2658 1908 auctoribus
2696 1865 2854 1922 atque
2882 1856 3185 1908 codicibus.
3221 1853 3374 1907 Post-

157 1951 321 2002 quam
354 1952 521 2004 pauca
545 1937 766 1990 dederat
796 1937 1073 1991 Pachomii
1097 1939 1377 2004 cujusdam
1420 1939 1625 1992 scholia
1658 1970 1723 1979 —
1756 1947 1820 1992 ad
1848 1940 2132 1992 Phrantzze
2163 1938 2329 1994 libros
2359 1941 2420 2002 Il,
2451 1956 2480 1993 e
2516 1941 2639 1996 cod.
2665 1941 2858 1993 Buvar.
2900 1943 3221 2008 descriptos,
3259 1953 3370 1993 tum

157 2024 421 2091 synopsin
468 2023 752 2077 Phrantzze
798 2026 1058 2079 librorum
1109 2026 1456 2093 capitumque
1486 2035 1540 2078 et
1591 2026 1822 2079 indicem
1871 2029 2114 2080 locorum
2153 2026 2252 2080 SS:
2299 2045 2325 2079 a
2359 2026 2629 2081 Phrantza
2663 2031 2972 2091 citatorum,
3026 2029 3376 2095 tabulamque

156 2112 582 2178 correctionum,
616 2114 682 2165 ab
708 2115 826 2180 ipso
855 2113 1144 2175 factarum,
1175 2114 1482 2167 confecerat
1514 2113 1753 2166 :addidit
1776 2116 1812 2183 ι)
1851 2130 1902 2180 p.
1931 2116 1943 2166 l

1589 2113 1753 2166 Jdidil
1776 2116 1812 2183 ι)
1851 2130 1902 2180 p.
1931 2113 2030 2167 I39
2055 2113 2262 2176 -149,
2301 2114 2558 2166 Ἐκθεσιν
2584 2115 2682 2183 τῆς
2710 2114 2996 2181 ὁμολογίας
3019 2115 3114 2180 τῆς
3141 2113 3376 2174 πίστεως

155 2198 274 2250 τῶν
301 2199 570 2263 Λατίνων,
602 2203 857 2269 scriptam
890 2213 942 2254 et
977 2203 1194 2254 missam
1224 2218 1250 2254 a
1278 2199 1558 2272 Gregorio,
1589 2200 1842 2269 pon:ifice
1868 2201 2130 2263 Romano,
2153 2201 2217 2253 ad
2239 2199 2592 2264 Germanum,
2623 2202 2984 2266 patriatcltzun
3019 2199 3372 2252 CPolilauum

156 2295 218 2338 et
251 2284 504 2340 Germani
540 2291 970 2357 responsionem,
1005 2304 1069 2342 ex
1109 2292 1230 2343 cod.
1273 2289 1575 2343 Vindobon.
1611 2289 1776 2341 theol.
1808 2286 2058 2340 Lambcc.
2089 2287 2178 2347 6t,
2219 2296 2274 2340 et
2322 2286 2533 2341 Nesscl.
2569 2285 2846 2339 CLXVIII.
2876 2288 2931 2355 ‘2)
2963 2302 3012 2354 p.
3073 2286 3194 2338 149.
3247 2283 3374 2347 Nili,

159 2375 491 2444 patriarcha:
535 2378 736 2430 CPolit.
799 2379 1079 2443 epistolam
1128 2378 1192 2430 ad
1266 2376 1564 2438 Urbanum,
1617 2374 1809 2442 pontif.
1865 2378 2020 2427 Itoni.
2084 2376 2318 2442 primum
2365 2375 2562 2426 editam
2616 2387 2646 2426 e
2682 2375 2804 2426 cod.
2880 2372 3108 2425 Vindob.
3180 2371 3377 2424 histor.

158 2469 308 2534 apud
331 2467 636 2522 Nesselium
671 2464 902 2518 XLVIII.
943 2467 995 2529 5)
1025 2465 1304 2518 Athanasii
1345 2465 1648 2534 symbolum
1706 2477 1825 2530 pag.
1851 2462 1970 2521 H9.
2012 2461 2076 2515 de
2108 2475 2216 2527 quo
2254 2462 2406 2528 plura
2437 2460 2654 2512 disserit
2685 2462 2735 2512 in
2771 2458 2923 2527 praef.
2957 2475 3007 2526 p.
3045 2458 3110 2510 15
3169 2473 3276 2525 εει..
3305 2474 3371 2509 ex

157 2557 294 2611 cod.
333 2555 560 2608 Viodob.
606 2554 769 2606 theol.
798 2552 1001 2606 Nessel.
1031 2553 1154 2604 ι215.
1200 2553 1254 2617 4)
1284 2552 1530 2622 symbola
1556 2552 1655 2604 SS.
1699 2549 2089 2617 apostolorum,
2117 2546 2395 2599 Nicanum
2423 2545 2846 2599 etCl’olitanum
2870 2561 2933 2599 ex
2994 2545 3115 2599 cod.
3176 2545 3377 2597 Caesar.

158 2643 336 2696 tIteoI.
369 2642 576 2696 Nessel.
614 2641 734 2696 I90.
759 2643 814 2708 5)
850 2641 1089 2706 ίπτορίαν
1116 2640 1402 2706 πολιτικὴν
1439 2636 1945 2690 Κωνσταντινουπόλ

1591 2636 2084 2699 ταντινουπόλεως,
2123 2649 2368 2687 recusant
2407 2649 2468 2686 ex
2503 2633 2716 2686 Martini
2742 2634 2920 2686 Crusii
2951 2629 3378 2685 Tttrco-Gm'cia

163 2729 338 2783 Basil.
370 2729 526 2790 IbBI.
563 2729 656 2793 fol.
699 2727 842 2780 conf.
876 2727 986 2781 Ien.
1022 2730 1082 2778 Α.
1113 2725 1172 2783 L.
1213 2725 1274 2780 Z.
1302 2742 1352 2780 a.
1393 2726 1546 2787 I797,
1585 2744 1640 2779 n.
1677 2726 1764 2784 57,
1788 2733 1838 2778 ct
1865 2725 2041 2792 ipsum
2071 2724 2241 2776 Alter.
2276 2726 2328 2776 in
2369 2724 2546 2775 indice
2607 2738 2833 2776 suorum
2869 2725 3221 2789 scriptorum,
3254 2722 3386 2774 sub-

155 2819 313 2886 jecto
337 2816 453 2883 ejus
477 2817 612 2869 libro
638 2831 652 2868 :
683 2813 844 2868 Ueber
877 2813 1278 2882 Georgianische
1296 2813 1609 2877 Litteratur,
1650 2814 1875 2866 Vindob.
1910 2813 2066 2873 I798,
2090 2811 2142 2875 8,
2174 2827 2225 2878 p.
2250 2811 2353 2862 ἓυὸ
2385 2840 2448 2850 -
2477 2810 2602 2862 215.
2659 2810 2800 2862 Idem
2827 2825 2880 2877 p.
2940 2810 2996 2862 7|
3046 2825 3107 2863 ac
3161 2809 3266 2862 205
3324 2821 3383 2861 ct

161 2904 277 2957 209
308 2919 455 2973 spem
485 2903 610 2956 facit
645 2904 894 2957 secundae
916 2904 1044 2956 edit.
1089 2903 1172 2956 cui
1200 2904 1513 2971 adiecturus
1537 2913 1619 2955 est
1665 2902 1970 2953 versionem
2009 2898 2281 2958 Latinam,
2345 2898 2589 2964 pluribus
2646 2897 2940 2949 lectoribus
2993 2897 3381 2950 necessariam.

164 3008 232 3046 ac
263 2993 585 3060 glossarium
632 2991 933 3046 Grazcilatis
951 2992 1266 3045 Phrantzeaa
1302 3007 1424 3046 cum
1451 2991 1834 3056 aliisineditis,
1869 2988 1934 3041 ad
1975 2986 2259 3039 historiam
2283 2986 2633 3053 Byzantinam
2663 2986 3055 3053 Spectantibns.
3093 2983 3260 3038 "AIIL.
3287 2985 3386 3053 (1).

233 3150 316 3211 (1)
349 3150 506 3199 Alterl
561 3152 712 3200 editio
757 3152 963 3212 repetita
1009 3154 1086 3195 est
1128 3148 1307 3195 Bonna:
1350 3160 1475 3194 anno
1527 3147 1662 3204 I839,
1703 3145 1870 3194 Jacobi
1919 3145 2119 3194 Pontanl
2158 3143 2594 3206 interpretatione,
2640 3139 2722 3188 ubi
2747 3139 2960 3196 vacabat,
2986 3138 3235 3248 algidam.

3059 3215 3150 3246 υιτ.

175 3384 3314 3415 MM...

1352 3539 2222 3671 XPONIKON

406 3769 1497 3941 ΓΕΩΡΓΙΟΥ
1597 3769 2032 3937 ΤΟΥ
2139 3757 3180 3933 ΦΡΑΝΤΖΗ

921 4031 1220 4146 ΤΟΥ
1279 4022 2680 4144 ΠΡΩΤΟΒΕΣΤΙΑΡΙΟΥ

1399 4384 2180 4496 ANNALES

834 4631 1627 4792 GEORGII
1718 4627 2798 4784 PHRANTZ/E

1492 4895 2157 4959 PROTOVESTIARII.

1495 5197 2155 5283 ΠΡΟΟΙΜΙΟΝ.

289 5377 425 5445 1—3
454 5375 527 5425 Τὸ
553 5373 649 5441 τῆς
685 5371 924 5439 ἱστορίας
956 5369 1227 5438 χρήσιμον
1262 5371 1355 5420 καὶ
1405 5367 1510 5437 πρὸ
1543 5368 1700 5437 ἡμῶν
1723 5372 1772 5422 οἱ
1800 5378 1846 5435 Α
1877 5370 2114 5438 ἐπῆλθεν
2155 5368 2351 5428 εἰπεῖν,
2382 5359 2532 5414 ταῦτ’
2562 5360 2627 5413 ἂν
2668 5356 2763 5408 καὶ
2799 5355 2959 5424 ἡμεῖς
2987 5353 3159 5445 ᾲὲρεῖν
3216 5350 3432 5445 ἔχομεν.

442 5470 889 5539 συγγραψάμενοι
944 5469 1301 5538 διωρίσαντοο
1370 5468 1464 5519 καὶ
1516 5468 1656 5536 ἅπερ
1713 5468 1779 5517 ἂν
1888 5461 1950 5513 Τί
1981 5460 2089 5526 γὰρ
2133 5457 2227 5509 καὶ
2254 5455 2513 5524 εὕροιμεν
2558 5448 2872 5514 καινότερον
2939 5443 3120 5512 νόημα
3167 5441 3436 5492 τοσούτων

1387 5611 2260 5704 PROCEMIUM.

289 5781 549 5838 Historiae
585 5787 785 5849 quanta
833 5778 904 5833 sit
953 5777 1155 5831 utilitas
1202 5777 1493 5845 scriptorcs
1515 5782 1639 5825 ante
1678 5787 1775 5825 nos
1880 5770 2071 5830 ceoda,
2124 5769 2308 5822 eadem
2348 5780 2444 5818 nos
2495 5762 2760 5832 possimus
2796 5759 2849 5811 in
2900 5754 3132 5849 medium
3180 5747 3444 5849 proferte.

214 5876 477 5949 plerique
513 5839 829 5937 docuerunt,
857 5881 910 5926 ct
957 5887 1075 5940 quac
1107 5869 1209 5924 illis
1257 5886 1311 5922 sc
1346 5866 1654 5922 obtulerunt
1693 5864 1773 5918 di-
1879 5860 2001 5928 Quit

1693 5864 1773 5918 di-
1879 5860 2015 5928 Quid
2041 5859 2181 5914 enim
2211 5857 2332 5912 novi
2367 5855 2734 5921 excogitomus
2771 5858 2891 5916 post
2922 5855 2998 5901 tot
3031 5845 3197 5905 viros,
3232 5839 3322 5909 qui
3359 5839 3445 5890 Iti-
