4526 6514
1304 459 1749 520 CIIRONICON
1795 459 2064 521 MAJUS.
2107 484 2175 497 —
2215 460 2361 519 LIB.
2409 463 2457 522 I.

3386 453 3498 523 642

1563 776 2002 862 ΒΙΒΛΙΟΝ
2077 771 2200 859 A’.

350 1108 403 1178 6
433 1115 503 1162 α’.
542 1108 599 1159 '0
623 1109 720 1174 τῆς
753 1107 926 1176 ἀρχῆς
976 1107 1257 1175 ὲπιὸήτωρ
1297 1106 1532 1172 Ἀλέξιος
1571 1108 1837 1175 Ἀγγελος
1871 1111 1914 1167 Α
1945 1123 2052 1165 σιν,
2081 1104 2156 1166 ὡς
2189 1103 2471 1172 εἰρήσεται
2502 1116 2515 1130 ο
2550 1097 2866 1166 ἁνδρυνοεὶς
2897 1098 2950 1149 δὲ
2977 1100 3003 1148 6
3065 1096 3304 1165 Μιχαὴλ,
3351 1097 3499 1165 πρῶ-

279 1202 308 1252 6
351 1199 653 1268 Κομνηνὺς,
681 1199 708 1249 6
735 1197 825 1250 τὸν
848 1198 1075 1264 ἀδελφόν
1121 1195 1389 1252 Ἰσαὰκιον
1440 1202 1701 1266 ’Ἄγγελον
1740 1218 1835 1252 τυ-

281 1294 500 1359 φλώσας
526 1293 617 1342 καὶ
664 1291 763 1360 τὴν
796 1290 1076 1358 βασιλείαν
1126 1291 1327 1356 λαϐὼν,
1366 1291 1450 1360 ἐφ’
1501 1285 1560 1344 οὗ
1614 1293 1705 1344 καὶ
1748 1308 1838 1343 το-

282 1382 453 1434 σαῦτα
487 1384 581 1432 καὶ
606 1381 832 1434 τοιαῦτα
864 1381 1010 1433 κακὰ
1061 1384 1125 1451 τῇ
1171 1382 1432 1450 Ῥωμαῒδι
1489 1384 1631 1452 ἀρχῇ
1687 1383 1840 1454 παρὰ

279 1475 389 1525 τῶν
429 1474 649 1526 Ἰταλῶν
679 1474 843 1543 ιφύη,
884 1474 1056 1544 ἄρρεν
1087 1475 1183 1542 μὲν
1214 1475 1312 1526 οὐκ
1342 1471 1499 1542 .είχε,
1536 1475 1840 1543 θυγατέρας

279 1565 336 1616 δὲ
367 1565 458 1616 δύο
483 1583 495 1595 ο
527 1566 621 1617 καὶ
651 1565 751 1634 τὴν
790 1565 890 1632 μὶν
922 1566 1246 1634 πρωτογενῆ
1305 1567 1546 1636 Εἰρήνην
1602 1565 1840 1635 τοῦνομα

281 1654 535 1724 ἔρυθροῖς
564 1655 798 1718 πεδίλοις
830 1655 1186 1708 ὑποδεδὼθαι
1214 1655 1420 1720 ἔταξεν,
1473 1657 1560 1709 ἵνα
1594 1657 1735 1724 αὐτή
1782 1673 1840 1709 τε

282 1748 382 1797 καὶ
409 1747 436 1796 6
465 1745 636 1817 ταύτῃ
671 1748 1216 1817 μνηστευθησὸμενος
1246 1747 1480 1816 διάδοχοι
1513 1749 1606 1800 καὶ
1640 1747 1840 1817 κληροο

279 1838 441 1904 νόμοι
473 1837 568 1904 τῆς
599 1837 880 1905 βασιλείας
906 1832 1004 1890 ὦσι
1036 1839 1176 1906 μετὰ
1207 1840 1266 1890 τὸ
1323 1839 1578 1891 τεθνάναι
1640 1839 1800 1891 αὐτόν
1825 1855 1839 1870 ο

279 1923 407 1977 ὅθεν
450 1928 544 1978 καὶ
566 1929 645 1989 είς
677 1927 830 1996 λέχος
851 1929 1080 1980 δέδωκεν
1104 1929 1275 1999 αὐτὴν
1322 1929 1546 1997 Ἀλεξίῳ
1607 1929 1684 1992 τῷ
1731 1930 1842 1980 Πα-

279 2017 580 2085 λαιολόγῳ,
612 2019 707 2069 καὶ
738 2018 898 2080 εὐθὺς
926 2020 1090 2070 αὑτὸν
1118 2019 1388 2088 δεσπότην
1422 2021 1707 2090 τετίμηκε.
1737 2019 1847 2072 κει

278 2109 334 2159 εί
365 2107 442 2177 μὴ
467 2110 530 2161 ὲκ
559 2109 653 2161 τοῦ
694 2109 810 2177 βίου
844 2109 1038 2162 τούτου
1067 2111 1306 2178 ἐγένετο,
1353 2112 1514 2174 αὐτὸς
1566 2111 1633 2163 ἂν
1662 2111 1848 2163 ἐϐασί-

276 2199 445 2250 λευσε
479 2200 618 2266 μετὰ
646 2199 736 2252 τὸν
777 2200 1042 2269 πενθερὸν
1072 2201 1260 2255 αὐτοῦ.
1310 2203 1456 2255 Ἐπεὶ
1512 2202 1568 2255 δὲ
1601 2202 1777 2256 θανὼν
1820 2207 1847 2257 6

279 2289 653 2355 Παλαιολόγος
703 2290 939 2356 Ἀλέξιος
965 2294 1244 2364 θυγατέρα
1306 2297 1477 2364 μόνην
1529 2297 1845 2361 κατέλιπεν,

279 2379 446 2431 ἐλθὸν
478 2379 534 2432 δὲ
565 2381 644 2442 είς
670 2384 834 2448 νόμον
867 2383 1087 2450 ἡλικίας
1139 2386 1200 2437 τὸ
1247 2391 1500 2454 κοράσιον
1567 2388 1779 2457 Εἰρήνη
1811 2390 1843 2457 ή

279 2469 474 2536 μήτηρ
509 2471 678 2538 αὐτῆς
705 2472 1023 2538 συνέζευξεν
1051 2475 1222 2544 αὐτὴν
1259 2477 1584 2548 ’Λνδρονίκῳ
1621 2479 1698 2548 τῷ
1729 2483 1844 2532 [Ια-
1879 2457 1919 2514 Β

275 2559 574 2627 λαιολόγῳ,
597 2561 656 2612 δν
681 2562 774 2615 καὶ
817 2567 844 2616 6
875 2565 1129 2633 βασιλεὺς
1167 2567 1437 2636 θεόδωρος
1488 2570 1517 2622 6
1541 2571 1848 2639 Adoxaptc,

275 2652 306 2700 6
337 2651 442 2717 τὴν
473 2651 663 2719 ἑτέραν
695 2653 974 2722 θυγατέρα
1018 2657 1112 2708 τοῦ
1162 2654 1428 2725 βασιλέως
1470 2659 1710 2723 Ἀλεξίου
1769 2663 1851 2723 είς

276 2743 526 2807 γυναῖκα
550 2742 750 2808 λαϐὼν,
792 2745 966 2814 μέγαν
1015 2748 1340 2817 δομέστικον
1392 2752 1649 2820 ἐτίμησεν
1699 2753 1852 2803 ὓστε-

279 2847 405 2898 ρον·
458 2832 507 2899 7
546 2835 603 2896 ἐξ
660 2830 719 2887 οὗ
773 2837 1144 2908 ἐγεννήθησαν
1204 2841 1310 2891 υἱοὶ
1365 2844 1534 2910 τρεῖς,
1572 2842 1791 2910 Μιχαὴλ
1826 2844 1854 2894 ὁ

278 2921 601 2989 Κομνηνὸς,
635 2927 1048 2990 Κωνσταντῖνος
1075 2933 1102 2982 6
1136 2931 1505 2996 Παλαιολόγος
1540 2935 1634 2985 καὶ
1667 2933 1849 2984 Ἰωάν-

276 3030 385 3080 νης
417 3013 924 3086 διπλοπαλαιολόγοι
955 3020 1105 3083 ὄντες
1141 3023 1407 3091 πατρόθεν
1429 3025 1522 3076 καὶ
1555 3025 1844 3094 μητρόθεν.

279 3098 418 3174 Εἶχε
453 3107 552 3176 μὲν
583 3110 874 3164 κάντεῦθεν
899 3114 1151 3184 ἀφορμὰς
1195 3116 1274 3177 είς
1307 3115 1406 3186 τὴν
1452 3116 1619 3184 αὐτὴν
1654 3116 1852 3169 ὑπόθε-

1939 1213 2028 1259 τος
2057 1197 2167 1257 υίὸς
2199 1197 2274 1247 ὢν
2305 1195 2384 1262 τῷ
2429 1192 2752 1258 Ἀνδρονίκῳ
2779 1189 2922 1240 κατὰ
2951 1189 3228 1256 γέννησιν,
3293 1188 3496 1256 μεταξὺ

1939 1290 2048 1341 τῶν
2078 1291 2133 1340 εν
2162 1288 2306 1339 τέλει
2332 1290 2440 1338 τῶν
2497 1285 2672 1337 ἄλλων
2699 1282 2955 1334 ἐπέκεινα
3023 1274 3101 1341 εἷς
3155 1281 3244 1348 ἦν,
3297 1280 3498 1348 πολλὴν

1939 1380 2079 1448 ἔχων
2111 1378 2206 1431 τοῦ
2236 1377 2533 1445 προσώπου
2565 1377 2666 1443 τὴν
2705 1374 3028 1442 ἱλαρότητα,
3054 1375 3118 1441 τῇ
3154 1372 3342 1441 ὁμιλίᾳ
3368 1387 3501 1440 χρη-

1942 1472 2084 1535 στὸς,
2119 1472 2332 1530 ἀστεῖος
2383 1469 2444 1520 τὸ
2494 1463 2650 1537 ἦθος,
2685 1465 2819 1534 πρὸς
2878 1469 2990 1526 τοῖς
3041 1465 3219 1524 ἄλλοις
3268 1464 3359 1514 καὶ
3403 1461 3501 1525 τὴν

1942 1565 2098 1632 χεῖρα
2125 1561 2262 1628 ἒχων
2298 1559 2602 1627 φιλότιμον.
2630 1558 2739 1608 Καὶ
2787 1555 2876 1606 διὰ
2901 1557 3103 1617 ταύτας
3134 1553 3226 1606 οὖν
3255 1553 3351 1614 τὰς
3375 1556 3503 1620 ἀρε-

1940 1655 2038 1714 τὰς
2075 1650 2239 1704 αὑτοῦ
2271 1652 2365 1703 κτλ
2399 1651 2636 1718 χάριτας
2660 1648 2845 1700 πολλοὶ
2887 1647 3050 1698 αὑτὸν
3109 1647 3356 1713 ὴγάπουν
3405 1644 3504 1696 καὶ

1943 1745 2156 1815 ἦθελον,
2189 1746 2281 1794 καὶ
2333 1743 2390 1793 ἑν
2425 1740 2646 1810 εὐκολίᾳ
2681 1739 2892 1800 πάντας
2925 1735 3131 1798 εἴλκιζε
3168 1733 3508 1804 στρατηγοὺς

1943 1835 2238 1903 ταξιάρχας
2269 1835 2508 1902 δημότας
2538 1835 2631 1884 καὶ
2673 1833 2770 1899 τῆς
2801 1829 3112 1897 συγκλήτου
3139 1826 3507 1886 mmmam

1944 1926 2104 1979 τοῦτο
2133 1925 2264 1992 γοῦν
2291 1923 2538 1976 διαϐολαί
2587 1938 2732 1988 τινες
2773 1921 3090 1988 ἀνεφύησαν
3141 1919 3260 1970 κατ’
3313 1915 3500 1979 αὐτοῦ,

1944 2020 2025 2072 ὃτι
2057 2017 2340 2086 βασιλείας
2388 2016 2663 2085 ὀρέγεταιο
2723 2009 2791 2082 ἦν
2844 2013 2952 2083 γὰρ
2980 2013 3104 2064 τότε
3137 2014 3165 2063 6
3209 2009 3508 2076 βασιλεύων

1955 2109 2248 2178 Ῥωμαίων
2275 2107 2553 2175 Θεόδωρος
2601 2105 2884 2173 Λάσκαρις
2917 2105 2944 2154 6
2973 2104 3110 2164 νέος.
3177 2101 3286 2154 Καὶ
3332 2097 3510 2150 ταῦτα

1944 2199 2330 2270 ψιθυρίζοντες
2359 2193 2504 2265 ἦσάν
2538 2212 2682 2256 τινες
2738 2195 2847 2246 τῶν
2909 2193 3081 2262 φίλων
3142 2191 3327 2256 αὐτοῦ,
3367 2191 3510 2258 λέγω

1946 2290 2169 2360 Μιχαὴλ
2199 2289 2292 2340 τοῦ
2326 2286 2638 2357 Κομνηνοῧ.
2702 2286 2868 2338 Ὅθεν
2917 2285 3304 2355 προστάγματι
3359 2282 3515 2350 βασι-

1950 2379 2340 2450 λικῷάγουσιν
2372 2379 2539 2430 αὑτὸν
2571 2379 2648 2437 είς
2695 2376 2969 2439 ἐξέτασιν.
3012 2371 3194 2426 Ἦσαν
3235 2372 3290 2424 δὲ
3325 2373 3373 2424 oi
3402 2371 3518 2434 ἑξε-

1949 2473 2255 2533 τάζοντεςό
2309 2470 2748 2539 ἀρχιεπίσκοπος
2804 2467 3099 2537 ’Δρσένιο;,
3149 2467 3177 2517 6
3217 2463 3515 2516 καὶπολλὰ

1946 2562 2244 2630 δυνάμενος
2269 2562 2392 2612 τότε
2435 2559 2586 2629 παρὰ
2639 2560 2716 2628 τῷ
2752 2557 2982 2628 βασιλεῖ,
3040 2555 3134 2607 καὶ
3184 2555 3360 2623 ἕτεροι
3406 2552 3516 2604 τῶν

1948 2653 2272 2722 ἐλλογίμων.
2314 2653 2606 2720 Παραστὰς
2655 2651 2712 2702 δὲ
2747 2648 2968 2717 Μιχαὴλ
2996 2649 3023 2698 ὁ
3078 2647 3365 2714 Κομνηνὸς
3413 2646 3510 2696 καὶ

1952 2746 2124 2798 πολλὰ
2176 2745 2473 2813 ἐρωτηθεὶς
2506 2745 2599 2795 καὶ
2637 2744 2883 2803 εἰπόντες
2911 2741 3084 2809 αὐτῷ.
3137 2735 3254 2790 εἶτα
3305 2737 3452 2803 λέγει
3488 2739 3517 2788 6

1953 2840 2408 2910 ἁρχιεπίσκοπος.
2461 2855 2478 2887 ι
2520 2838 2612 2904 Μὴ
2672 2837 2776 2905 γὰρ
2838 2837 2951 2895 τοῖς
3003 2834 3414 2901 ἁμαρτάνουσιν
3460 2827 3519 2896 8

1955 2933 2310 2985 ἀπολείπεται
2337 2930 2638 2997 συγγνώμη
2673 2930 2731 2979 τὸ
2801 2927 2964 2995 σιγᾷν
3018 2925 3109 2977 καὶ
3157 2923 3318 2992 μηδὲν
3377 2921 3516 2988 ὑπὲρ

1956 3025 2065 3076 τῶν
2111 3025 2496 3090 γεγενημένων
2547 3017 2885 3087 φθέγγεσθαι
2907 3033 2921 3046 ο
2955 3015 3179 3083 εὐγενὴς
3206 3013 3298 3065 οὖν
3329 3010 3404 3063 ὣν
3424 3011 3519 3062 καὶ

1958 3117 2018 3181 εξ
2046 3114 2287 3184 εὐγενῶν
2319 3114 2717 3183 καταγόμενος,
2777 3109 3074 3179 τιμιώτατε
3133 3107 3285 3176 ἄνερ,
3327 3102 3518 3173 ἐρωτώ

1448 3487 1799 3572 LIBER
1885 3484 2376 3573 PRIMUS.

361 3830 423 3886 1.
476 3830 700 3885 Alexius
751 3827 982 3900 Angelus
1029 3827 1341 3883 Comnenus
1377 3827 1694 3896 imperator,
1745 3826 1858 3896 qui,
1887 3831 1930 3889 ὓ
1965 3826 2333 3896 largitionum.
2368 3828 2598 3896 Propter
2627 3829 2725 3884 has
2754 3829 2868 3897 ejus
2898 3832 3125 3885 virtutes
3176 3839 3228 3885 et
3263 3832 3463 3902 gratias
3493 3845 3523 3886 a

265 3931 564 3975 excaecato
588 3920 788 3974 Isaac-io
813 3919 998 3978 fratre.
1023 3934 1250 3988 regnum
1269 3920 1574 3986 occupavit,
1599 3919 1859 3987 cujusque

263 4013 521 4080 imperio
559 4021 635 4064 tot
657 4012 926 4079 tantisque
958 4011 1199 4065 cladibus
1250 4025 1336 4065 res
1373 4010 1618 4064 Romana
1661 4011 1728 4062 ab
1762 4010 1862 4064 Ita-

263 4107 348 4160 lis
378 4102 579 4156 aﬂlicta
609 4112 710 4165 est,
741 4103 882 4155 nulla
909 4101 1048 4154 virili
1075 4101 1224 4169 prole
1247 4111 1522 4169 suscepta,
1551 4100 1687 4154 ﬁlias
1725 4102 1858 4155 duas

264 4195 500 4250 habuit.
529 4193 663 4247 Natu
688 4194 968 4264 majorem,
993 4193 1182 4247 lreuen
1217 4195 1454 4258 nomine,
1481 4193 1694 4248 calceos
1727 4209 1859 4263 pur-

260 4301 491 4357 pureos
518 4287 741 4339 induere
784 4285 968 4352 jussit,
1001 4294 1062 4338 ut
1090 4286 1203 4352 ipsa
1235 4294 1288 4339 et
1323 4285 1368 4338 is
1392 4286 1477 4338 cui
1502 4287 1861 4348 despondere-

261 4390 398 4439 tur,
461 4387 636 4432 semet
675 4379 907 4441 mortuo,
956 4388 1302 4431 successores
1329 4377 1430 4430 sibi
1468 4387 1648 4430 essent
1682 4385 1736 4431 et
1760 4377 1860 4428 im-

255 4471 424 4542 perii
491 4468 750 4522 lizrredes.
807 4467 986 4536 Itaque
1036 4467 1281 4520 Alexium
1339 4466 1695 4536 Paltrologum
1734 4464 1858 4520 liliae

255 4559 640 4614 matrimonio
678 4559 923 4626 junctum
995 4559 1253 4612 continuo
1309 4559 1569 4627 dignitate
1618 4559 1857 4627 despotze

259 4653 620 4715 honestavit,
654 4661 707 4704 et
740 4653 1001 4705 tenuisset
1027 4651 1071 4704 is
1100 4660 1220 4718 post
1265 4665 1514 4704 socerum
1546 4651 1854 4718 imperium,

256 4745 388 4797 nisi
465 4751 789 4810 praematura
851 4751 1084 4796 mortee
1123 4741 1228 4794 vita
1286 4741 1566 4795 cessisset.
1621 4738 1856 4808 Reliquit

253 4836 516 4889 Alexius
567 4832 894 4900 Palmologus
928 4847 1088 4885 unam
1131 4832 1294 4884 tiliam
1329 4849 1343 4886 :
1375 4846 1493 4884 eam
1534 4831 1650 4884 viro
1683 4844 1847 4885 matu-

253 4944 403 4983 rant
440 4924 596 4979 lrene
649 4935 818 4977 mater
845 4923 1154 4977 Andronico
1193 4923 1491 4990 I‘alaeologo
1548 4903 1854 4988 collocavit,

249 5032 452 5088 quem
507 5014 801 5083 imperator
829 5013 1145 5067 'Iheodorus
1200 5011 1466 5078 Lascaris,
1500 5017 1588 5082 qui
1630 5016 1852 5066 alteram

245 5109 469 5164 Alexii
503 5108 842 5175 imperatoris
870 5107 1033 5159 ﬁliani
1060 5106 1309 5170 duxerat,
1344 5117 1526 5173 postea
1560 5104 1855 5158 declaravit

251 5216 550 5270 magnum
578 5200 949 5252 domesticum.
975 5196 1138 5266 Ilnjns
1163 5207 1321 5250 erant
1347 5197 1436 5248 lilii
1466 5205 1594 5262 tres,
1618 5193 1845 5248 Michael
1883 5188 1929 5244 D

243 5299 604 5352 contuentis
627 5329 643 5353 ,
699 5289 1086 5342 Constantinus
1116 5285 1465 5354 PaIwOIOgus,
1511 5294 1564 5339 et
1596 5284 1854 5348 Joannes,

245 5393 332 5443 ab
382 5397 625 5450 utroque
665 5392 888 5448 parente
943 5378 1246 5446 Palmologi.
1303 5379 1478 5447 Atque
1517 5377 1585 5430 ab
1623 5379 1705 5431 his
1734 5394 1860 5447 pro-

246 5485 430 5533 lecta
478 5471 649 5524 initiis
693 5483 825 5539 gens
851 5469 1170 5536 Palaaologa,
1200 5467 1388 5537 utjam
1425 5469 1756 5532 narrabitur,
1790 5469 1855 5520 ad

240 5564 580 5636 imperium
604 5561 856 5614 accessit.
884 5558 1016 5612 Nam
1044 5559 1261 5613 adultus
1295 5559 1541 5622 Michael,
1575 5559 1714 5612 ﬁlius
1746 5562 1858 5612 An-

240 5659 505 5722 drunici
537 5669 664 5710 natu
703 5657 989 5717 maximus,
1025 5669 1165 5708 unus
1203 5654 1347 5706 inter
1382 5668 1567 5705 omnes
1603 5668 1856 5720 proceres

240 5753 615 5815 excellebat,
667 5746 892 5814 insignis
937 5747 1207 5800 suavitate
1261 5746 1392 5810 oris,
1447 5747 1854 5802 consuetudinis

240 5849 574 5912 conititate,
622 5856 826 5896 morum
876 5839 1140 5909 elegantia
1172 5847 1224 5894 et
1253 5838 1577 5893 liberalitate
1630 5840 1850 5910 insuper

1962 3920 2145 3972 multis
2173 3920 2499 3986 diligebatur
2542 3928 2596 3973 et
2646 3920 2947 3974 habebatur
2994 3923 3217 3987 charus,
3251 3924 3412 3991 inque
3438 3923 3524 3976 sui

1961 4013 2198 4068 studium
2233 4027 2419 4065 omnes
2445 4012 2694 4065 trahebat
2725 4018 2913 4074 duces,
2945 4015 3314 4078 centuriones,
3343 4015 3526 4082 plebe-

1961 4106 2064 4168 ios,
2106 4118 2168 4158 ac
2196 4104 2453 4156 senatorii
2515 4103 2720 4157 ordinis
2761 4105 3078 4172 permultos.
3133 4103 3285 4158 Unde
3323 4109 3524 4159 adver-

1959 4210 2054 4251 sus
2075 4211 2197 4250 cum
2223 4194 2630 4249 criminationes
2653 4200 2898 4264 quaedam
2927 4196 3162 4250 aﬂectati
3191 4199 3398 4266 itnperii
3427 4216 3524 4251 no-

1960 4298 2028 4342 tte
2052 4295 2198 4348 sunt,
2227 4290 2369 4356 quod
2400 4297 2512 4340 tum
2537 4287 2858 4341 Theodorus
2883 4286 3135 4343 Lascaris
3166 4290 3340 4341 minor
3369 4300 3520 4343 tene-

1961 4379 2073 4433 bat.
2117 4377 2258 4432 l‘alia
2292 4379 2385 4447 qui
2437 4388 2808 4439 susurrarcnt,
2845 4379 2895 4430 iit
2931 4378 3100 4445 ipsius
3161 4378 3521 4432 numeraban-

1962 4479 2050 4524 tur
2077 4471 2289 4534 amicis,
2315 4472 2368 4524 in
2409 4471 2621 4534 amicis,
2656 4470 2896 4539 inquam,
2927 4469 3206 4524 Michaelis
3232 4471 3526 4524 Comneni.’

1959 4561 2145 4631 Itaque
2190 4563 2340 4630 jussu
2389 4561 2733 4629 imperatoris
2765 4570 2991 4615 voeatur
3040 4561 3090 4613 in
3146 4561 3519 4629 qttmsﬁonettt.

1961 4649 2238 4706 llabebant
2259 4667 2375 4705 eam
2393 4651 2742 4716 quaestionem
2765 4651 3028 4706 Arsenius
3060 4653 3522 4720 archiepiscopus,

1958 4743 2114 4811 cujus
2139 4757 2328 4813 magna
2357 4753 2465 4794 tum
2488 4743 2628 4811 apud
2659 4743 3040 4812 imperatorem
3068 4745 3360 4796 auctoritas
3380 4753 3521 4807 erat,

1959 4847 2013 4888 et
2044 4834 2132 4887 alii
2174 4836 2271 4885 viri
2310 4833 2568 4887 illustres.
2597 4834 2895 4885 Adductum
2941 4833 3250 4886 Michaelem
3291 4834 3524 4889 Comnc-

1961 4945 2086 4981 num
2113 4928 2278 4980 multa
2325 4926 2661 4996 interrogant
2687 4935 2742 4979 et
2775 4930 3151 4988 cohortantur,
3199 4930 3521 4996 tandemque

1959 5021 2398 5087 archiepiscopus
2419 5018 2502 5071 Itis
2535 5021 2710 5071 verbis
2733 5020 3043 5085 compellat:
3081 5019 3212 5082 «Qui
3240 5021 3363 5087 qttid
3394 5037 3520 5089 pce-

1957 5123 2169 5174 carunt,
2208 5110 2400 5177 inquit,
2438 5110 2502 5162 iis
2531 5123 2636 5161 non
2679 5110 2793 5162 haec
2819 5111 2969 5163 venia
2992 5113 3164 5172 datur,
3199 5119 3256 5163 ut
3306 5121 3520 5168 taceant

1959 5213 2011 5256 et
2055 5202 2185 5254 nihil
2217 5202 2509 5269 quidquam
2544 5203 2892 5268 pronuntient
2925 5203 2989 5253 de
3022 5210 3230 5269 patrato
3266 5205 3516 5258 crimine.

1959 5295 2139 5361 Quare
2179 5303 2256 5357 tu,
2316 5295 2397 5345 vir
2441 5292 2873 5354 honoratissimo,
2924 5307 3043 5344 cum
3100 5293 3173 5344 sis
3227 5309 3516 5361 generosus

1959 5399 2016 5442 et
2069 5402 2134 5439 ex
2181 5383 2458 5453 generosis
2490 5384 2770 5447 oriundus,
2803 5383 3152 5450 interroganti
3205 5385 3332 5434 mihi
3367 5386 3513 5452 aperi

1959 5481 2281 5530 veritatem:
2326 5475 2544 5540 quinam
2581 5483 2752 5526 tecum
2789 5473 3142 5540 conjurarunt
3198 5476 3518 5542 consiliique

1960 5568 2117 5622 istius
2147 5567 2350 5620 conscii
2382 5576 2504 5618 sunt
2537 5573 2590 5618 et
2614 5564 2900 5631 participes
2928 5565 3006 5618 vel
3041 5565 3520 5633 comprobatoresl

1965 5661 2071 5725 dic,
2113 5665 2252 5728 quod
2295 5671 2379 5713 res
2408 5668 2512 5724 est,
2539 5672 2600 5710 ac
2651 5658 2775 5725 juro
2815 5673 2910 5725 per
2951 5658 3226 5712 Christum
3267 5660 3517 5711 Servato-

1964 5765 2077 5802 retn
2128 5763 2328 5811 meum,
2385 5746 2503 5801 illos
2558 5747 2764 5815 legibus
2800 5761 2986 5815 paruas
3027 5749 3246 5798 daturos
3286 5762 3424 5810 esse,
3463 5757 3516 5800 te

1959 5841 2183 5895 liberum
2202 5837 2316 5894 fore
2341 5838 2406 5890 ab
2435 5839 2577 5893 omni
2605 5839 2913 5894 quaestionis
2932 5854 3128 5902 genere
3149 5841 3458 5890 innnunent.
3491 5855 3511 5887 υ
