4526 6514
957 472 1059 540 647

2159 473 2203 533 G
2219 472 2417 531 ΕΘΠΟ
2432 472 2486 530 lI
2528 470 2953 530 PHRANTZE

4091 469 4198 537 648

959 584 1015 631 ἐν
1039 583 1103 651 τῇ
1128 580 1246 650 θείᾳ
1270 581 1360 632 καὶ
1385 580 1504 650 ἱερᾷ
1527 580 1770 650 τραπέζῃ
1796 581 2034 646 φυγόντα
2061 581 2150 633 τὸν
2180 580 2518 643 Μουζάλωνσ.
2549 593 2590 642 Α
2622 581 2903 648 χρήματα,
2939 578 3146 639 mium;
3182 577 3307 638 τοὺς
3340 577 3394 628 ἐν
3445 578 3591 642 γένει
3628 579 3723 632 καὶ
3759 578 3866 630 τῶν
3922 597 4203 649 στρατιω-

959 672 1302 740 κατέσφιξαν
1334 671 1578 739 ἀπηνῶς.
1619 674 1725 724 Καὶ
1756 672 1928 733 οὕτως
1979 675 2031 723 αί
2064 674 2322 738 γυναῖκες
2363 671 2455 722 καὶ
2481 671 2509 722 6

959 765 1142 823 λοιπὸς
1164 764 1288 824 λαὸς
1314 763 1372 813 τὸ
1403 763 1594 823 πένθος
1620 764 1808 815 εἴασαν
1847 766 1937 814 καὶ
1964 763 2182 830 ἔφυγον,
2215 766 2308 814 καί
2345 762 2509 822 πολὺς

959 855 1153 923 θρῆνος
1182 855 1275 904 καὶ
1321 853 1542 920 θόρυϐος
1565 854 1802 918 ἐγένετο.
1837 837 2073 906 Φεύτῶν
2104 852 2228 922 χθὲς
2259 853 2353 904 καὶ
2380 850 2509 920 πρό-

957 961 1117 1014 τριτα
1145 944 1504 997 τελεσθέντων
1535 944 1776 1012 φρικτῶν
1822 944 2001 1011 ὅρκων
2032 946 2109 1006 εἰς
2147 943 2388 1004 ἐκείνους
2419 942 2512 994 καὶ

960 1036 1448 1104 παλαμναιοτάτων
1495 1036 1642 1104 ἀρῶν
1670 1073 1685 1096 ,
1737 1033 1793 1086 αἳ
1832 1035 2074 1103 σήμερον
2123 1034 2239 1088 ἀντ’
2298 1032 2510 1093 οὐδενὸς

961 1125 1315 1194 ἐλογίσθησαν
1342 1125 1353 1176 ί
1385 1127 1445 1176 Ὢ
1474 1125 1571 1192 τῆς
1599 1124 2004 1191 εὐσπλαγχνίας
2040 1140 2156 1185 σου,
2189 1124 2395 1192 Χριστὲ
2421 1121 2514 1190 βα-

961 1216 1128 1279 σιλεῦ,
1158 1216 1372 1283 καὶτῆς
1405 1216 1782 1285 μακροθυμίας
1814 1234 1906 1267 σου
1934 1217 1946 1268 ί
1990 1215 2048 1264 Ἦ
2078 1215 2132 1267 δὲ
2167 1215 2512 1284 πατριάρχης

963 1307 1118 1374 μόνος
1171 1306 1579 1373 ἐναπολειφθεὶς
1636 1307 1731 1358 καὶ
1769 1306 1828 1358 ού
1863 1303 2112 1356 τοσοῦτον
2151 1304 2413 1371 ἔμπειρος
2437 1301 2514 1353 ὢν

959 1399 1088 1462 περὶ
1122 1395 1219 1464 τὴν
1247 1397 1495 1461 τοιαύτην
1516 1393 1778 1461 διοίκησιν
1802 1393 1879 1452 είς
1908 1391 2200 1458 λογισμοὺς
2224 1389 2315 1441 καὶ
2350 1403 2515 1455 φρον-

957 1487 1108 1545 τίδας
1142 1486 1383 1554 μεγάλας
1415 1485 1657 1546 ἐνέπεσε,
1704 1482 2111 1550 φανταζόμενος
2148 1483 2235 1532 τὸν
2271 1481 2514 1532 κίνδυνον

957 1577 1052 1628 τοῦ
1086 1577 1272 1637 παιδὸς
1327 1575 1554 1626 καὶτῶν
1601 1574 1738 1625 ὅλων
1775 1573 2136 1641 πραγμάτων.
2187 1571 2515 1638 Θ),ιῆόμενος

959 1669 1051 1720 καὶ
1087 1666 1583 1736 στενοχωρούμενος
1618 1664 1830 1732 ύπῆρχε
1869 1666 1962 1714 καὶ
2008 1665 2147 1714 κατὰ
2170 1662 2293 1714 νοῦν
2329 1663 2514 1728 ἐθορυ-

962 1762 1130 1820 εεῑτο,
1165 1759 1249 1817 τίς
1293 1756 1358 1808 ἂν
1408 1756 1492 1824 εἴη
1533 1757 1596 1808 ἐκ
1635 1756 1734 1823 τῆς
1792 1755 2100 1822 συγκλήτου
2147 1755 2174 1804 6
2220 1753 2513 1820 δυνάμενος

966 1848 1069 1918 la
1094 1847 1382 1908 τοσούτους
1419 1847 1511 1899 καὶ⁹
1555 1845 1832 1906 τοιούτους
1878 1845 2154 1905 κλύδωνας
2189 1845 2279 1896 καὶ
2314 1842 2515 1895 θαλάσ-

2617 671 2725 723 τῶν
2755 672 2852 722 οὐκ
2880 670 3097 735 ὀλίγους
3129 668 3446 736 ἐνέπλησεν,
3485 670 3621 722 ἀλλὰ
3665 672 3755 722 καὶ
3784 672 3895 722 τῶν
3945 671 4072 723 ὅσοι
4104 673 4199 736 τὴν

2617 761 2872 827 γλῶσσαν
2907 761 3098 829 ῥᾳδίαν
3148 755 3293 828 εἶχον
3322 759 3681 828 δημαγωγεῖν
3734 762 3826 812 τὸν
3856 760 4027 829 ὄχλον
4060 758 4200 830 [5.5-5-

2619 858 2817 921 ναντο].
2849 848 2958 902 Ἦν
2981 849 3038 902 δὲ
3074 850 3166 901 καὶ
3191 851 3352 912 αὐτὸς
3383 853 3411 902 6
3436 850 3724 918 Κομνηνὸς
3755 850 3942 910 ἱκανὸς
3962 851 4030 902 ἐν
4063 849 4199 917 γνὼ-

2621 957 2703 992 σει
2738 957 2795 991 τε
2825 940 2918 992 καὶ
2947 938 3165 1007 πράξει,
3193 941 3288 993 καὶ
3309 941 3368 991 ἐν
3397 940 3475 1008 τῷ
3503 939 3688 1005 λέγειν
3727 940 4196 1008 ἐπιτηδειότατος,

2619 1031 2712 1082 καὶ
2735 1030 2992 1099 ἔμπειρος
3017 1029 3364 1097 πραγμάτων
3381 1031 3648 1083 παντοίων
3677 1031 3769 1082 καὶ
3793 1030 4088 1098 βασιλείαν
4114 1032 4201 1080 καὶ

2617 1121 2746 1172 λαὸν
2779 1120 3070 1188 διοικῆσαι.
3104 1121 3169 1173 Τί
3198 1120 3298 1188 15
3325 1121 3431 1190 χρὴ
3458 1121 3675 1188 λέγειν;
3708 1122 3758 1173 οι
3789 1121 3997 1181 πάντες
4035 1121 4200 1172 αὑτὸν

2619 1213 2977 1281 ἐψηφίσαντο.
2999 1211 3156 1265 Οὕτω
3178 1213 3272 1265 καὶ
3296 1214 3324 1264 6
3349 1216 3697 1281 πατριάρχης
3727 1213 3887 1265 αὑτὸν
3922 1213 4202 1265 ἐσεὸαεωο

2622 1321 2682 1355 σε
2731 1306 2823 1357 καὶ
2867 1303 3158 1372 σύμψηφον
3194 1305 3453 1367 ἐποιεῖτο,
3491 1303 3594 1364 ἕως
3631 1299 3691 1357 οὗ
3721 1305 3748 1355 6
3782 1303 3874 1356 τοῦ
3923 1303 4200 1372 βασιλέως

2624 1395 2747 1454 παῖς
2776 1394 2957 1466 φθάσῃ
2973 1396 3030 1445 ἐν
3052 1394 3236 1464 ἡλικίᾳ
3254 1397 3320 1464 τῇ
3346 1395 3713 1464 προσηκούσῃ.
3740 1397 3846 1448 Καὶ
3873 1391 3942 1463 ἦν
3976 1396 4201 1446 ἐπὶτῶν

2623 1485 2819 1536 κοινῶν
2872 1487 3216 1553 πραγμάτων
3273 1486 3422 1557 πάσῃ
3490 1485 3708 1555 ἐξουσίᾳ
3760 1486 4138 1553 διεζωσμένος
4177 1489 4200 1535 6

2625 1577 2992 1643 Παλαιολόγος
3039 1580 3066 1630 6
3110 1579 3330 1648 Μιχαὴλ
3357 1595 3372 1610 ο
3406 1579 3497 1630 καὶ
3545 1578 3684 1646 αὕτη
3733 1580 3766 1647 ή
3797 1579 3944 1630 αἰτία
3977 1579 4198 1644 γίνεται

2624 1669 2761 1736 πρὸς
2800 1669 2890 1721 τὸν
2924 1669 3142 1738 Μιχαὴλ
3176 1671 3274 1740 τῆς
3310 1672 3392 1731 είς
3424 1670 3708 1740 βασιλείαν
3749 1671 4052 1740 ἀναγωγῆς
4107 1671 4197 1721 καὶ

2624 1759 2982 1821 κατάστασις.
3033 1760 3188 1814 Μετὰ
3234 1759 3291 1811 δέ
3349 1777 3498 1821 τινας
3552 1761 3766 1829 ἡμέρας
3799 1759 3958 1812 πάλιν
3998 1760 4199 1828 ἐτέρας

2629 1851 2876 1920 μηχανὰς
2932 1851 3232 1920 ράπτουσιν
3291 1852 3341 1903 οι
3403 1852 3803 1914 σπουδάζοντες
3857 1851 4199 1904 ἀναϐιϐάσαι

963 1959 1059 2001 σας
1084 1939 1430 2008 κυσερνῆσαι
1459 1940 1550 1990 καὶ
1585 1939 1679 1999 τὰς
1713 1935 1841 1997 ναῦς
1887 1937 1978 1988 κα-ὶ
2007 1936 2133 1997 τοὺς
2167 1934 2430 1994 πλέοντας
2460 1934 2518 1984 ού
2559 1931 2598 1987 Β
2629 1940 2792 1993 αὑτὸν
2821 1940 2902 2001 είς
2926 1940 3024 2010 τὴν
3049 1941 3150 2008 τῆς
3180 1939 3461 2009 βασιλείας
3494 1942 3798 2007 περιωπήν.
3832 1939 4048 2008 Βουλὴν
4084 1955 4200 1989 και-

967 2030 1163 2097 βλάψαι
1201 2027 1667 2096 ἢκαταποντίσαι.
1722 2025 1929 2093 Ἐφάνη
1964 2024 2110 2092 αύτῷ
2158 2022 2411 2092 περὶτοῦ
2450 2023 2525 2073 εί-

965 2122 1201 2189 ρημένου
1234 2119 1520 2186 Κομνηνοῦ
1553 2116 1773 2186 Μιχαὴλ
1803 2116 1887 2168 ἵνα
1906 2116 1992 2168 διά
2018 2116 2322 2184 συνδρομῆς
2357 2113 2522 2166 αὑτοῦ

959 2213 1038 2281 τῷ
1070 2212 1226 2264 παιδὶ
1259 2211 1522 2282 βοηθήσῃ.
1564 2204 1672 2262 'llv
1705 2208 1760 2260 δὲ
1793 2209 1819 2261 6
1875 2208 2013 2275 ἀνὴρ
2055 2210 2162 2268 τοῖς
2199 2208 2364 2260 πᾶσιν
2408 2205 2526 2258 ἐπί-

963 2321 1134 2372 οημος
1163 2303 1256 2355 καὶ
1291 2300 1676 2370 περίϐλεπτος,
1711 2299 1806 2350 καὶ
1839 2298 1871 2368 ἠ
1905 2301 2062 2367 φήμη
2094 2296 2260 2349 αὑτοῦ
2286 2297 2385 2358 τὰς
2414 2298 2524 2348 τῶν

960 2397 1217 2449 ἁπάντων
1237 2394 1404 2456 ἀκοὰς
1434 2392 1778 2463 ἐνηχίζουσα.
1798 2390 2120 2459 Φιλούμενος
2153 2390 2257 2441 ὑπὸ
2286 2389 2522 2452 πολλῶν,

961 2489 1035 2549 ὼς
1059 2488 1296 2556 εἴρηται,
1328 2485 1530 2552 ὁμοίως
1586 2483 1679 2536 καὶ
1723 2485 1750 2534 6
1795 2481 2141 2551 πατριάρχης
2175 2480 2284 2534 τῶν
2316 2482 2524 2531 ἐκεῖνον

961 2577 1302 2643 ἀγαπώντων
1334 2577 1394 2628 ού
1444 2562 1663 2644 μακρὰν
1699 2573 1951 2638 διέκειτο,
1979 2572 2112 2624 ἀλλὰ
2148 2575 2396 2640 κρεῖττον
2432 2572 2526 2622 καὶ

965 2671 1128 2722 π’ἑον
1148 2671 1253 2720 τῶν
1284 2669 1456 2721 ἄλλων
1480 2669 1573 2720 καὶ
1605 2666 1765 2726 αὐτὸς
1791 2665 1962 2731 ἐφίλει
1991 2663 2202 2719 τοῦτον.
2240 2663 2433 2717 Καίῖοι
2461 2680 2524 2731 γε

963 2766 1056 2814 καὶ
1078 2768 1172 2822 τὰς
1207 2762 1349 2824 κλεῖς
1399 2761 1507 2812 τῶν
1543 2757 1834 2829 βασιλικῶν
1866 2758 2157 2827 θησαυρῶν
2187 2758 2334 2828 αὐτῷ
2382 2757 2526 2827 μόνῳ

964 2855 1342 2904 ἐνεπίστευεν·
1371 2852 1462 2902 καὶ
1515 2852 1675 2904 ὁπότε
1713 2852 2008 2922 χρημάτων
2042 2853 2108 2903 τὰ
2153 2849 2526 2918 στρατιωτικὰ

965 2944 1140 2994 ἐδέετο
1181 2945 1485 3010 πράγματα
1533 2943 1626 2993 καὶ
1674 2943 1707 3011 ἡ
1738 2942 1847 2994 τῶν
1895 2940 2090 2993 κοινῶν
2143 2939 2327 3009 χρεία,
2373 2939 2525 3007 αὐτῷ

966 3033 1238 3103 ἀπῄτουν·
1292 3033 1428 3101 ὅπερ
1479 3034 1558 3093 είς
1611 3032 1679 3084 τὰ
1741 3032 2096 3102 μελετώμενά
2155 3047 2282 3083 ποτε
2332 3031 2524 3100 καιρὸν

965 3121 1274 3191 ἔμπροσθεν
1309 3123 1375 3174 δι’
1399 3121 1568 3176 αὑτοῦ
1616 3121 2053 3192 ἀνυσιμώτατον,
2087 3124 2180 3173 καὶ
2218 3123 2328 3183 τοῖς
2360 3120 2524 3192 θρυλ-

2623 2032 2722 2100 νὴν
2760 2031 2864 2084 ἀνὰ
2905 2033 3071 2102 μέσον
3100 2030 3280 2084 αὐτῶν
3307 2031 3631 2098 ποιήσαντες
3664 2030 3850 2098 ἔλεγον
3872 2032 3929 2081 ἐν
3961 2047 4031 2081 τε
4066 2030 4198 2082 πλα-

2623 2123 2792 2185 τείαις
2819 2125 2914 2177 καὶ
2946 2123 3184 2192 ῥύμαιςσ
3221 2141 3240 2174 ι
3279 2123 3392 2175 Οὐκ
3425 2122 3540 2175 ἐστι
3569 2124 3784 2192 πρέπον
3817 2123 3940 2175 ούδὶ
3987 2124 4197 2175 δίκαιον

2622 2217 2715 2269 τὸν
2743 2219 2813 2269 τά
2842 2217 3000 2269 κοινά
3047 2216 3355 2269 διοικοῦντα
3402 2217 3710 2285 πράγματα
3768 2220 3861 2270 καὶ
3893 2216 4198 2285 πρεσϐείας

2623 2308 2792 2361 ἐθνῶν
2815 2309 3029 2361 πολλῶν
3060 2308 3451 2378 ἀναδεχόμενον
3475 2309 3550 2378 μὴ
3588 2309 3732 2378 ἔχειν
3766 2310 3862 2361 καί
3890 2326 3942 2361 τι
3972 2309 4196 2378 ἀξίωμα

2627 2399 2770 2469 μέγα
2794 2399 2962 2465 ἐγγὺς
2986 2397 3085 2466 τῆς
3112 2397 3411 2466 βασιλείας,
3449 2398 3534 2452 ἵνα
3559 2399 3774 2467 πρῶτον
3807 2397 4005 2466 ἐσηται
4043 2401 4194 2466 φήμη

2627 2491 2718 2541 καὶ
2782 2487 3228 2558 μεγαλοπρέπεια
3287 2487 3366 2557 τῷ
3422 2489 3570 2554 γένει
3621 2488 3730 2538 τῶν
3771 2487 4078 2551 Ῥωμαίων
4113 2489 4200 2538 καὶ

2600 2579 2919 2647 βεϐαίωσις
2943 2580 3041 2648 τῆς
3071 2579 3180 2632 τῶν
3212 2579 3511 2648 γινομένων
3557 2578 3951 2639 καταστάσεως
4003 2580 4066 2629 ἐν
4099 2583 4200 2638 τοῖς

2623 2672 2823 2726 ἔθνεσι.
2861 2691 2880 2723 ›
2921 2675 3074 2726 Μετὰ
3116 2674 3345 2746 τοιαύτῃ
3396 2675 3504 2746 γᾰρ
3545 2678 3693 2744 αἰτιᾳ
3720 2677 3811 2728 καὶ
3842 2677 4200 2744 ὑποκεκρυμ-

2629 2765 2766 2834 μένῃ
2794 2766 2972 2835 ἐννοίᾳ
3003 2768 3092 2818 καὶ
3117 2767 3178 2819 τὸ
3205 2767 3525 2820 δεσποτικὸν
3560 2768 3778 2836 ἀξίωμα
3805 2769 4029 2836 δέχεται
4069 2768 4200 2835 γνὼ-

2629 2874 2703 2926 μῃ
2728 2858 2822 2909 τοῦ
2854 2857 2982 2910 λαοῦ
3010 2859 3101 2910 καὶ
3135 2858 3228 2912 τοῦ
3266 2861 3608 2931 πατριάρχου
3646 2861 3741 2912 καὶ
3771 2859 3864 2912 τοῦ
3894 2859 4198 2930 δυστυχοῦς

2627 2948 2729 3020 κλη
2741 2950 2970 3019 ρονόμου
3004 2950 3102 3020 τῆς
3143 2951 3441 3021 βασιλείας.

2719 3037 2784 3109 β’.
2821 3043 2909 3095 Ἑν
2943 3042 3173 3106 ἐκείνοις
3201 3043 3256 3096 δὲ
3290 3047 3403 3106 τοῖς
3435 3049 3651 3114 καιροῖς
3683 3049 3748 3100 τὰ
3767 3047 4028 3116 βασίλεια
4057 3049 4150 3100 καὶ
4179 3050 4200 3098 6

2626 3131 2973 3201 πατριάρχης
3001 3134 3057 3185 ἐν
3098 3133 3304 3204 Νικαίᾳ
3339 3135 3437 3204 τῆς
3470 3137 3724 3202 Βιθυνίας
3757 3140 3977 3210 ὑπῆρχε
4020 3141 4114 3193 διὰ
4147 3142 4199 3192 τὸ

965 3215 1247 3282 λουμένοις
1272 3217 1334 3268 ἐκ
1366 3212 1561 3265 πολλοῦ
1593 3214 1770 3282 πέρας
1804 3212 2062 3276 ὀξύτατον
2099 3206 2522 3284 παρέσὶὶεν-Λα·
2552 3255 2594 3312 C
2627 3225 2943 3294 κρατεῖσθαι
2990 3226 3089 3294 τὴν
3116 3227 3224 3278 τῶν
3260 3227 3469 3280 πόλεων
3519 3230 3918 3298 βασιλεύουσαν
3960 3233 4072 3284 ὑπὸ
4105 3233 4201 3282 τῶν

967 3308 1195 3376 ἑλόμενος
1239 3308 1345 3376 γὰρ
1379 3305 1560 3368 ἁδείας
1615 3305 1694 3369 είς
1747 3305 1985 3359 τοσαῦτα
2044 3301 2524 3375 μεταχειρίζεσθαι

971 3487 1123 3554 pulus
1155 3487 1372 3539 omissis
1398 3486 1571 3539 sacris
1595 3485 1735 3539 foras
1759 3498 1817 3538 se
1850 3484 2168 3553 proripiunt.
2202 3483 2428 3551 strepitu
2465 3496 2526 3535 ac

970 3579 1199 3632 tumultu
1229 3579 1454 3648 ingenti.
1492 3577 1601 3631 lli-u
1631 3579 1910 3631 hominum
1933 3577 2239 3646 perfidiam,
2275 3593 2378 3645 qua
2404 3578 2528 3629 hur-

971 3671 1156 3723 rcndis
1195 3672 1550 3724 sacramentis
1594 3681 1648 3724 et
1698 3671 2000 3724 dirissimis’
2039 3669 2525 3729 exsecrationibus,

971 3764 1058 3814 vix
1095 3762 1349 3821 devincti.
1403 3776 1649 3830 ,ποίει-νε
1692 3762 1953 3816 illuduut!
2005 3759 2132 3826 Pro,
2160 3762 2380 3814 Christe
2411 3774 2526 3823 rex,

973 3851 1402 3905 misericordiam
1441 3861 1492 3904 et
1525 3852 1838 3918 patientiam
1866 3861 2012 3903 tuam
2039 3850 2051 3902 ί
2093 3848 2407 3917 patriarcha
2439 3863 2530 3901 so-

972 3946 1058 3997 lus
1086 3945 1331 4009 relictus,
1372 3958 1469 3995 nec
1511 3942 1799 3995 admodum
1845 3943 2053 4010 peritus
2085 3940 2529 3994 adllllltiSU'atltliB

973 4038 1048 4088 rei
1098 4034 1349 4103 publicae,
1390 4035 1545 4108 curis
1582 4049 1644 4087 ac
1675 4034 2138 4087 sollicitudinibus
2181 4034 2531 4086 vehementer

970 4130 1258 4191 acsmabat,
1312 4141 1434 4178 cum
1492 4136 1768 4192 reputaret
1800 4125 1948 4194 pueri
1980 4134 2035 4178 et
2079 4139 2256 4177 rerum
2290 4124 2529 4176 onminm

974 4219 1512 4287 periculnm.Alllicto
1543 4229 1593 4272 et
1621 4218 1903 4286 pertubatn
1927 4217 2106 4269 animo
2127 4216 2285 4269 anxie
2312 4215 2534 4268 circnm-

971 4311 1258 4379 Splt‘icltal,
1277 4310 1399 4377 quis
1423 4309 1761 4376 potissimum
1781 4322 1811 4359 e
1834 4307 2170 4376 principibus
2193 4319 2383 4359 navem
2409 4319 2532 4358 cum

975 4401 1286 4455 vectoribus
1317 4401 1368 4454 in
1403 4409 1550 4452 tanta
1578 4398 1833 4452 ﬂuctuum
1861 4399 2189 4452 wstltatione
2209 4399 2324 4451 sine
2356 4397 2532 4464 aliqua

972 4494 1272 4547 otlensione
1304 4502 1397 4545 aut
1436 4492 1776 4545 demersinue
1803 4491 2072 4543 moderari
2101 4505 2164 4544 ac
2201 4503 2385 4558 regere
2410 4502 2536 4554 pos-

2638 3315 2876 3373 Ἰταλῶν.
2911 3315 3118 3386 Καιροῦ
3165 3316 3222 3370 δὲ
3273 3319 3634 3388 παρελθόντος
3674 3322 3778 3392 16
3826 3321 3974 3375 πάνυ
4017 3325 4198 3389 ὀλίγον

2633 3496 2866 3565 plebem,
2911 3497 3219 3550 cumulabat
3254 3499 3512 3564 praemiis.
3548 3499 3677 3552 Erat
3721 3502 3889 3554 etiam
3931 3503 4054 3571 ipse
4106 3503 4201 3557 Co-

2630 3599 2858 3638 nmenus
2881 3595 3138 3641 strenuus
3167 3588 3216 3640 in
3245 3590 3491 3642 consiliis
3523 3600 3634 3643 tum
3661 3593 3909 3647 ineundis
3940 3605 4058 3648 tum
4089 3612 4202 3660 per-

2632 3675 2900 3741 ﬁciendis,
2934 3681 3273 3733 exercitatus
3322 3679 3374 3732 in
3410 3680 3640 3734 dicendo
3673 3694 3724 3733 et
3745 3699 3929 3736 rerum
3965 3689 4200 3740 Olltltillm

2630 3769 2694 3820 ad
2753 3770 3242 3824 administrandam
3299 3787 3409 3826 rem
3472 3773 3742 3841 publicam
3797 3779 4200 3849 regendamque

2632 3857 3036 3912 multitudinem
3071 3862 3503 3915 necessariarum
3544 3866 3737 3931 peritia
3775 3869 4033 3937 insignis.
4069 3870 4201 3936 Qu‘d

2632 3947 2799 4000 tnulta
2819 3948 2842 4000 ?
2864 3964 3022 4002 omne
3049 3949 3255 4004 ferebat
3279 3964 3561 4020 punctum.
3588 3956 3701 4021 Qua
3726 3974 3784 4011 re
3811 3962 3976 4013 etiam
4001 3961 4199 4017 factum

2631 4044 2736 4099 est,
2761 4046 2819 4088 ut
2847 4037 3156 4104 patriarcha
3183 4055 3304 4092 eum
3330 4054 3671 4108 promoveret
3696 4045 3912 4112 sibique
3946 4049 4202 4118 deligeret

2633 4130 2875 4184 muneris
2903 4142 3235 4196 consortem,
3260 4132 3427 4187 donec
3454 4133 3799 4203 imperatoris
3823 4138 3975 4193 filius
4000 4141 4199 4206 justam

2633 4229 2848 4274 aetatem
2873 4220 3162 4288 attigisset.
3190 4220 3375 4291 Itaque
3397 4222 3623 4278 Michael
3644 4224 3982 4296 Pabcologus
4009 4235 4087 4285 rei
4122 4251 4202 4300 pu-

2635 4310 2788 4364 blicae
2824 4326 3093 4365 summam
3126 4325 3320 4368 nactus
3349 4325 3431 4370 est
3459 4327 3810 4386 potestatem,
3848 4337 4093 4392 eamque
4115 4329 4200 4378 ba-

2636 4402 2798 4456 bebat
2837 4404 3178 4458 occasionem
3225 4408 3526 4474 occupandi
3576 4409 3812 4476 imperii.
3844 4411 3986 4466 Nam
4019 4417 4200 4468 diebus

2636 4493 2843 4560 aliquot
2877 4505 2995 4562 post
3041 4511 3228 4550 rursus
3259 4498 3395 4552 alias
3429 4501 3725 4554 moliuntur
3755 4505 4067 4567 machinas,
4119 4512 4198 4575 qni

975 4596 1077 4638 set.
1104 4585 1156 4637 ln
1185 4593 1419 4636 mentem
1445 4583 1689 4635 occurrit
1715 4582 1783 4644 is,
1807 4581 1993 4649 dequo
2016 4581 2274 4643 diximus,
2298 4579 2524 4634 Michael
2555 4579 2606 4638 D
2635 4586 2700 4638 ad
2727 4585 3004 4655 fastigium
3041 4587 3252 4656 imperii
3283 4604 3406 4643 eum
3433 4591 3662 4645 evehere
3687 4595 4028 4651 nitebantur.
4053 4599 4200 4652 Com-

974 4678 1304 4737 (lomnenns,
1335 4673 1488 4741 cujus
1514 4689 1615 4740 ope
1645 4673 1807 4726 saluti
1846 4673 1999 4740 pueri
2031 4672 2384 4740 prospiceret.
2410 4671 2536 4723 Erat

977 4769 1021 4821 is
1048 4769 1238 4821 nobilis
1267 4778 1319 4821 et
1352 4766 1579 4819 illustris
1605 4764 1855 4832 famaque
1882 4765 2020 4833 apud
2046 4780 2240 4818 omnes
2277 4764 2534 4834 inclytus.

975 4859 1302 4917 Accedebat.
1337 4857 1498 4923 quod,
1535 4859 1673 4909 sicut
1695 4857 1837 4922 apud
1864 4855 2063 4908 multos
2088 4871 2209 4907 eum
2242 4857 2536 4924 gratiusum

979 4949 1143 5000 tuisse
1178 4947 1480 5007 docuimus,
1519 4945 1591 4996 ita
1625 4944 1931 5011 patriarcha
1957 4944 2179 4996 minime
2209 4943 2537 4995 abhorrebat

977 5040 1043 5090 ab
1074 5039 1190 5104 ejus
1223 5052 1429 5098 amore,
1459 5038 1551 5089 sed
1576 5037 1786 5090 caeteris
1815 5037 1975 5089 etiam
2010 5037 2182 5104 magis
2207 5037 2380 5088 amice
2414 5048 2534 5086 eum

978 5129 1424 5196 amplectebatur.
1456 5128 1639 5196 Itaque
1667 5129 1741 5181 illi
1783 5129 1883 5182 soli
1917 5129 2097 5182 claves
2137 5126 2249 5180 tisci
2296 5125 2534 5190 tradidit,

979 5224 1049 5274 ita
1078 5229 1152 5284 ut,
1179 5234 1297 5288 qua:
1332 5234 1471 5289 opus
1501 5230 1616 5273 erat
1644 5222 1710 5273 ad
1748 5235 1864 5273 rem
1890 5221 2002 5273 sive
2035 5220 2287 5274 bellicam
2315 5219 2429 5273 sive
2457 5219 2535 5272 ci-

981 5313 1136 5366 vilem
1162 5310 1643 5366 adminisirandam
1669 5311 1919 5380 pecunia,
1945 5311 2121 5365 onmis
2143 5311 2371 5379 petenda
2394 5319 2538 5364 esset

981 5419 1008 5456 a
1043 5402 1342 5456 Comneno.
1388 5403 1518 5466 Quae
1563 5417 1647 5456 res
1690 5403 1754 5456 ad
1807 5403 2030 5456 consilia
2059 5402 2184 5455 olim
2215 5403 2345 5456 inita
2377 5400 2537 5470 perfl-

980 5495 1168 5548 cienda
1219 5494 1561 5548 occasionem
1613 5496 1661 5547 ei
1708 5495 2222 5565 opportunissimam
2260 5494 2428 5558 dedit,
2484 5503 2538 5548 et

981 5586 1185 5639 exitum
1216 5584 1305 5650 iis,
1334 5599 1452 5654 qua;
1477 5586 1680 5653 pridem
1715 5586 1852 5637 fama
1882 5586 2141 5653 jactarat,
2173 5586 2401 5639 celerem
2434 5585 2536 5636 im-

981 5679 1178 5745 posuit.
1211 5677 1451 5746 Adeptus
1474 5680 1619 5731 enim
1655 5687 1816 5730 tanta:
1848 5678 2087 5745 pecunia:
2123 5679 2346 5731 liberam
2390 5686 2536 5744 puteo

980 5777 1170 5819 statem
1197 5780 1444 5834 proceres
1465 5783 1651 5822 omnes
1671 5779 1722 5822 et
1747 5768 1941 5823 milites
1963 5785 2057 5822 nos
2073 5783 2295 5837 paucos,
2314 5783 2536 5835 eosque,

980 5859 1069 5929 qui
1121 5859 1359 5929 linguam
1415 5858 1628 5916 facilem
1685 5863 1954 5919 habebant
2006 5863 2070 5917 ad
2121 5862 2534 5932 pertcntandam

2641 4677 2789 4730 muni
2823 4677 3051 4731 consilio
3098 4680 3150 4732 in
3181 4679 3375 4748 plateis
3415 4683 3658 4751 vicisque
3693 4687 4052 4747 dictitabant.
4104 4708 4197 4743 non

2637 4767 2830 4821 decere
2853 4785 2948 4822 nec
2970 4770 3208 4838 aequitati
3239 4783 3663 4827 consentaneum
3694 4792 3837 4840 esse,
3864 4783 3958 4848 qui
3987 4776 4134 4836 umn.
4156 4800 4197 4835 τη

2638 4863 3046 4916 administraret
3081 4879 3194 4917 rem
3223 4865 3492 4931 publicam
3524 4869 3934 4942 multarumque
3969 4884 4196 4943 gentium

2641 4951 2933 5020 legationes
2984 4955 3284 5023 exciperet,
3323 4973 3446 5010 eum
3483 4973 3589 5013 non
3633 4961 3900 5030 dignitate
3937 4968 4196 5033 insignem

2639 5059 2784 5108 esse,
2817 5061 2938 5114 quae
2977 5062 3144 5114 prOpe
3186 5051 3476 5105 accederet
3506 5053 3569 5104 ad
3607 5055 3896 5123 imperium
3930 5078 3944 5112 :
3981 5063 4034 5114 id
4069 5064 4196 5131 quod

2641 5136 2875 5200 primum
2920 5137 2983 5188 ad
3044 5140 3343 5205 augendam
3390 5142 3622 5209 gloriam
3681 5147 4195 5216 amplitudinemque

2641 5223 3003 5278 limnanorum
3042 5226 3308 5284 facturum
3333 5242 3500 5295 esset,
3536 5235 3731 5290 deinde
3762 5241 4050 5306 pactiones
4085 5259 4193 5294 cum

2638 5319 2844 5372 exteris
2884 5322 3129 5388 gentibus
3165 5323 3326 5377 initas
3359 5325 3836 5383 conﬁrmaturum.
3873 5332 3949 5384 Ex
3985 5336 4082 5387 tali
4110 5335 4196 5399 igi-

2643 5419 2728 5462 tur
2771 5425 2936 5463 causa
2973 5421 3026 5464 et
3067 5413 3322 5467 simulato
3364 5417 3593 5470 consilio
3643 5419 3893 5487 despotae
3946 5424 4193 5475 honorem

2639 5502 2977 5567 adipiscitur,
3003 5517 3273 5558 consensu
3301 5507 3502 5576 populi,
3528 5511 3858 5578 patriarchae
3888 5523 3946 5567 et
3977 5514 4195 5568 infelicis

2641 5590 2858 5643 heredis
2891 5593 3126 5661 imperii.

2707 5682 2759 5734 2.
2818 5682 2913 5736 lllo
2971 5697 3212 5754 tempore
3278 5687 3490 5756 imperii
3534 5697 3588 5743 et
3655 5692 3985 5759 patriarcha:
4053 5696 4192 5748 sedes

2640 5772 2832 5827 Nicaeae
2867 5775 2916 5827 in
2952 5774 3200 5846 Bithynia
3232 5791 3367 5842 erat,
3415 5781 3567 5847 Cpoli
3603 5781 3670 5834 ab
3720 5780 3866 5835 Italis
3912 5796 4189 5852 occupata.

2641 5864 2906 5932 Tempore
2970 5872 3257 5940 perexiguo
3312 5874 3594 5943 inlerjecto
3634 5883 3745 5929 tum
3799 5875 3880 5929 isti
3943 5879 4189 5929 malorum
