4526 6514
172 521 278 587 657

1228 538 1668 603 CHRONICON
1709 542 1843 601 MA]
1864 542 1971 600 US.
2016 565 2081 574 -τ
2115 537 2263 599 LIB.
2310 535 2357 595 ῐ.

3284 530 3390 590 658

172 645 445 698 σκάνδαλα
493 646 617 711 ἄξια
663 647 863 717 Θρὴνου
910 651 967 703 ὲν
1012 653 1078 719 τῇ
1129 649 1427 722 Ἐκκλησία
1476 654 1735 720 γεγόνασι
1765 663 1811 721 Α
1842 652 2246 704 Κωνσταντῖνον
2274 654 2362 705 τὸν
2384 650 2651 719 δεσπότην
2673 650 2736 702 ὲκ
2765 649 2861 717 τῆς
2887 644 3151 715 Οὖγγρων
3172 644 3394 711 πρώτης

171 740 328 807 παρὰ
371 738 479 791 τῶν
526 741 645 792 τότε
680 742 1001 811 ἀρχιερέων.
1056 746 1163 796 Καὶ
1193 745 1252 797 τὸ
1300 745 1604 813 φιλότιμον,
1659 746 1733 807 ώς

173 830 433 899 σύνηθες.
458 832 571 891 τοῖς
604 830 961 899 στρατιώταις
994 832 1184 887 ἔπειτα
1220 834 1319 902 μιν
1349 835 1584 903 ἄσμενος
1607 835 1736 889 ἐδω-

180 922 407 989 ρήσατο·
443 922 537 975 καὶ
567 922 626 973 τὸ
673 923 918 990 ὑπήκοον
949 925 1060 977 πᾶν
1094 926 1268 994 χαρᾶς
1298 925 1731 995 ἐνεπλήσθησαν.

176 1013 291 1083 26
328 1012 526 1065 Ἐλθὼν
550 1013 606 1066 δὲ
642 1016 698 1065 ἑν
728 1016 793 1083 τῇ
828 1016 1003 1081 πόλει,
1043 1018 1138 1069 καὶ
1169 1018 1249 1079 είς
1276 1018 1496 1086 μνήμην
1545 1017 1736 1087 ὲληλυ-

176 1103 289 1166 θὼς
320 1097 394 1156 ὢν
414 1106 442 1157 ό
469 1106 650 1174 πατὴρ
678 1105 879 1174 ἔπραξε
910 1108 1048 1162 κατὰ
1073 1108 1163 1160 τοῦ
1197 1109 1317 1163 νέου
1362 1108 1605 1162 Ἰωάννου
1638 1110 1735 1162 τοῦ

178 1193 538 1260 Λασκάρεως,
565 1186 610 1259 ᾧ
640 1196 730 1248 καὶ
750 1196 783 1264 ἡ
813 1194 913 1261 τῆς
944 1194 1221 1263 βασιλείας
1261 1194 1465 1262 μᾶλλον
1490 1198 1735 1264 προσῆκε

174 1285 420 1354 διαδοχὴ.
463 1289 556 1337 καὶ
584 1287 683 1354 τῆς
714 1287 1071 1355 συνειδήσεως
1107 1288 1318 1354 κέντρῳ
1346 1287 1736 1355 πληττόμενος,

177 1379 276 1426 καὶ
328 1376 547 1442 μείζονα
578 1376 685 1428 τῶν
730 1379 942 1445 ἀρετῶν
985 1378 1084 1447 τὴν
1114 1378 1388 1448 διάκρισιν
1432 1378 1603 1447 ἔχων,
1636 1373 1737 1449 ἦκε

176 1466 332 1533 παρὰ
367 1468 457 1518 τὸν
492 1466 839 1532 τυφλωθέντα
888 1468 956 1520 δι’
1002 1469 1169 1522 αὐτὸν
1213 1470 1363 1537 παρὰ
1395 1470 1489 1521 τοῦ
1530 1469 1739 1537 πατρὸς

176 1557 241 1607 ἔν
273 1573 375 1608 τινι
425 1557 684 1626 πολιχνίῳ
711 1560 811 1627 τῆς
864 1558 1119 1622 Βιθυνίας
1175 1561 1587 1630 εὑρισκόμενον,
1643 1560 1738 1613 καὶ

178 1648 309 1700 ἰδὼν
334 1649 495 1701 αὐτὸν
527 1650 619 1701 καὶ
668 1649 735 1702 τά
786 1652 1060 1728 ἀνήκοντα
1110 1652 1609 1721 παραμυθούμενος
1646 1652 1740 1703 καὶ

179 1739 404 1807 μεγάλῳ
458 1741 697 1808 σχήματι
721 1740 1106 1804 ταπεινώσεως
1169 1743 1515 1811 συγχώρησιν
1571 1742 1740 1796 αίτῶν

179 1829 318 1897 παρ’
349 1829 534 1893 αὑτοῦ,
568 1830 669 1882 οὐκ
708 1830 865 1893 εἰδὼς
896 1830 930 1884 ἃ
957 1831 985 1883 ὁ
1026 1832 1208 1900 πατὴρ
1242 1834 1487 1898 ἐποίησε⁶
1530 1833 1622 1885 καὶ
1644 1830 1740 1885 ἐὰν

179 1914 256 1986 ἦν
283 1920 504 1971 δυνατὸν
536 1920 629 1971 καὶ
659 1920 885 1989 ἀρεστὸν
918 1921 1161 1991 ὑπάρχῃ,
1198 1923 1287 1976 ἵνα
1330 1922 1430 1990 τὴν
1458 1921 1739 1990 βασιλείαν

1843 739 2006 792 aito?)
2041 741 2298 807 συζύγου·
2328 745 2390 793 ὲκ
2417 740 2471 793 δὲ
2496 740 2592 807 τῆς
2623 740 2880 805 δευτέρας
2914 738 3149 806 Εἰρήνης
3172 737 3268 803 τῆς
3293 738 3400 787 ἀπὸ

1845 833 2269 900 Λογγοῦαρδίας,
2296 833 2394 899 τῆς
2444 833 2532 884 ἐπ’
2560 831 2764 898 ἀδελφῇ
2794 831 3062 898 θυγατρὸς
3090 826 3183 880 τοῦ
3232 828 3401 895 ρηγδς

1855 919 2155 984 Ἱσπανίας,
2181 922 2451 987 ἀπογόνου
2481 919 2539 974 δὲ
2586 920 2900 989 μαρκίωνος
2942 917 3400 985 Μοντεφερῤάτου

1842 1012 1935 1065 τοῦ
1985 1013 2416 1082 κληρωσαμένου
2461 1012 2559 1081 τὴν
2587 1010 3008 1078 Θεσσαλονίκην,
3052 1008 3126 1069 ώς
3162 1008 3405 1075 προέφη-

1840 1118 1959 1170 μεν,
1987 1104 2043 1165 ὃς
2068 1106 2163 1155 καὶ
2189 1102 2291 1170 ρὴξ
2311 1102 2604 1163 Θετταλίας
2633 1100 2875 1169 ἐγεγόνει
2904 1102 2990 1152 ὅτε
3011 1100 3061 1150 οἱ
3090 1098 3281 1149 Ἰταλοὶ
3308 1098 3407 1163 τῆς

1854 1196 2143 1264 Ῥωμαίων
2186 1194 2289 1262 γῆς
2337 1195 2518 1262 ὀλίγον
2564 1196 2755 1264 καιρόν
2796 1210 2918 1246 τινα
2944 1191 3232 1260 ἐγκρατεῖς
3284 1190 3406 1255 ἐγέ-

1839 1304 2013 1347 νοντο,
2048 1287 2334 1355 ἐγέννησεν
2370 1287 2462 1340 οὖν
2506 1286 2762 1354 Ἰωάννην
2796 1285 3073 1352 Θεόδωρον
3098 1282 3193 1335 καὶ
3223 1282 3406 1349 Δημήο

1839 1396 1990 1447 τριον
2011 1378 2105 1431 καὶ
2135 1377 2412 1445 θυγατέρα
2441 1377 2669 1445 ὀνόματι
2693 1376 2987 1443 Σιμωνῐδα,
3016 1374 3083 1441 ἢν
3108 1372 3299 1425 ἐλαϐεν
3327 1372 3407 1431 εἰς

1839 1470 2074 1533 γυναῖκα
2105 1469 2133 1519 ὁ
2177 1467 2447 1529 δεσπότης
2497 1465 2747 1535 Σερσίας.
2796 1465 2904 1517 Καὶ
2933 1465 2961 1517 ό
2997 1466 3094 1533 μὲν
3155 1463 3405 1527 Ἰωάννης

1840 1559 2064 1626 γυναικὶ
2098 1557 2414 1625 συζευχθεὶς
2463 1557 2632 1619 ἄπαις
2677 1556 2981 1625 τέθνηκεν’
3036 1555 3069 1623 ἡ
3097 1555 3153 1607 δι
3194 1553 3404 1622 βασιλὶς

1841 1650 1934 1703 καὶ
1958 1651 2213 1703 δέσποινα
2264 1650 2467 1719 Εἰρήνη
2523 1650 2751 1718 ὲνήγετο
2800 1649 2879 1708 είς
2927 1646 3086 1700 τοῦτο
3147 1645 3401 1715 μάλιστα.

1838 1741 2146 1812 Ζηλότυπος
2175 1735 2243 1810 ἦν
2273 1739 2348 1803 ὡς
2395 1740 2658 1809 μητρυιὰ,
2688 1738 2783 1790 καὶ
2828 1738 2960 1807 περὶ
3010 1736 3103 1790 τὸν
3138 1736 3405 1806 προγονὸν

1839 1833 2102 1903 ἔτρεφεν.
2151 1832 2313 1884 Ὅθεν
2334 1831 2394 1883 οὐ
2448 1830 2659 1884 διέλιπε
2720 1829 2893 1883 νύκτα
2943 1845 3004 1881 τε
3051 1830 3145 1881 καὶ⁵
3191 1828 3405 1896 ἡμέραν

1840 1922 2133 1994 ἐνοχλοῦσα
2180 1924 2275 1976 τὸν
2329 1922 2557 1992 βασιλέα
2586 1925 2682 1976 καὶ
2716 1921 2974 1988 σύζυγον,
3030 1921 3115 1973 ἵνα
3164 1921 3412 1978 καὶτοὺς

184 2008 353 2059 πάλιν
386 2011 650 2076 μερίσωσι
677 2011 768 2061 καὶ
796 2012 945 2063 πάσα
989 2011 1207 2075 ἐξουσία
1232 2016 1311 2075 είς
1350 2016 1539 2082 χεῖρας
1572 2010 1739 2065 αὑτοῦ
1773 2011 1814 2068 Β
1844 2015 1995 2076 υἱέας
2022 2013 2195 2082 αὐτῆς
2225 2013 2519 2075 κοινωνοὺς
2549 2013 2643 2065 καὶ
2677 2012 3060 2081 συμμεριστὰς
3091 2011 3415 2079 καταστήσῃ

180 2097 397 2164 ἐσηται”
431 2097 523 2147 καὶ
547 2098 612 2148 τά
643 2098 778 2165 πρὸς
806 2097 904 2168 τὴν
934 2101 1125 2169 χρείαν
1170 2100 1416 2167 ἀφθόνως
1446 2103 1624 2154 πάντα
1648 2100 1741 2153 καὶ

180 2190 453 2250 πλουσίως
484 2191 756 2259 παρέσχεν
788 2191 937 2262 αὐτῷ
987 2192 1073 2244 διά
1117 2193 1209 2245 τοῦ
1244 2193 1380 2262 βίου.
1442 2195 1504 2245 Ὃ
1535 2194 1597 2264 δὴ
1646 2211 1743 2246 πε-

180 2280 412 2348 πραχὼς
435 2280 526 2333 καὶ
548 2280 880 2346 πράττεσθαι
908 2283 1292 2353 προστεταχὼς
1315 2284 1551 2354 ἄσμενος
1577 2282 1743 2354 ἀπῄει

179 2373 326 2440 πρδς
350 2372 444 2426 ἕω.

271 2461 607 2532 ’Δνεφύησαν
638 2464 695 2517 δέ
722 2483 868 2528 τινας
910 2466 1156 2521 διαϐολαὶ
1187 2468 1328 2521 κατὰ
1350 2467 1441 2521 τοῦ
1471 2485 1745 2538 πορφυρο-

181 2553 451 2621 γεννήτου
478 2556 812 2625 αὑταδέλφου
854 2557 950 2610 τοῦ
1004 2558 1287 2628 βασιλέως,
1334 2561 1416 2613 ὅτι
1466 2559 1744 2629 βασιλείας

180 2642 353 2712 ερωτι
408 2647 713 2714 τρέφεταιυ
767 2651 862 2701 καὶ
917 2650 1133 2713 στείλας
1184 2652 1388 2712 πιάσας
1436 2650 1599 2703 αὐτὸν
1651 2651 1747 2703 καὶ

182 2734 400 2796 πάντας
436 2737 561 2798 τοὺς
593 2738 1016 2807 συνομιλοῦντας
1044 2744 1300 2810 γνησίως,
1333 2743 1392 2794 ἐν
1421 2736 1501 2803 οἷς
1528 2742 1555 2792 ὁ
1580 2739 1747 2811 προῦ-

178 2844 300 2893 χων
349 2826 561 2897 ὑπῆρχε
609 2820 677 2881 τά
723 2829 959 2899 μάλιστα
1011 2833 1105 2884 καὶ
1150 2830 1365 2900 πλούτῳ
1417 2832 1513 2885 καὶ
1555 2832 1746 2899 γένους

180 2919 537 2987 λαμπρότητι
567 2922 662 2973 καὶ
707 2924 765 2975 ἐν
793 2924 1151 2993 στρατηγίαις
1177 2923 1500 2993 περιϐόητος
1528 2923 1747 2994 Μιχαὴλ

182 3009 669 3077 Στρατηγόπουλος
696 3013 723 3063 ό
756 3012 1115 3081 Μελισσηνδς,
1146 3013 1205 3076 ὃς
1252 3014 1346 3066 καὶ
1378 3015 1436 3066 ιν
1468 3014 1749 3082 δεσμωτη-

188 3099 330 3168 ρίοις
366 3100 774 3170 καθείργνυται,
801 3104 895 3156 καὶ
922 3103 1093 3157 πολλὰ
1115 3096 1189 3157 ὧν
1217 3104 1483 3174 ἐκέκτητο
1529 3104 1748 3173 ἀγαθῶν

182 3192 283 3259 ὲδη
294 3192 677 3261 μοσιεύθησαν.

1843 2099 1938 2154 τοῦ
1958 2100 2212 2171 κράτους.
2252 2101 2311 2155 '0
2332 2101 2389 2154 δὲ
2436 2100 2691 2169 βασιλεὺς
2731 2100 2990 2154 ἀδύνατον
3038 2096 3181 2153 εἶναι
3224 2101 3419 2166 ἔλεγεν

1843 2189 1942 2258 τὴν
2006 2190 2309 2259 μοναρχίαν
2393 2189 2681 2259 Ῥωμαίων
2734 2190 3072 2261 πολυαρχίας
3140 2190 3360 2259 ποιῆσαι
3399 2229 3412 2243 .

1844 2280 2019 2332 Πολλὰ
2048 2280 2105 2332 δὲ
2156 2281 2413 2349 πράξασα
2461 2283 2553 2333 καὶ⁸
2588 2282 2819 2334 εἰποῦσα
2872 2284 2968 2336 καὶ
3030 2281 3139 2335 τῶν
3185 2281 3416 2334 ἐλπίδων

1842 2371 2162 2439 ψευσθεῖσα,
2201 2371 2358 2441 θυμῷ
2387 2372 2653 2440 ληφθεῖσα
2678 2374 2773 2425 καλ⁸
2804 2373 2971 2444 λύπῃ,
3011 2373 3239 2425 πλείστα
3282 2376 3415 2441 χρή-

1849 2477 1992 2529 ματα
2031 2461 2111 2531 τῷ
2145 2462 2348 2532 ἑαυτῆς
2385 2464 2485 2532 υίῴ
2536 2464 2801 2535 Θεοδώρῳ
2832 2465 3052 2518 δώσασα
3097 2466 3175 2522 είς
3209 2466 3417 2531 Λογγό-

1846 2551 2073 2621 σαρδίαν
2134 2553 2451 2618 ἀπέστειλε,
2512 2556 2609 2608 κα)⁵
2657 2555 2948 2623 μαρκίωνα
2993 2555 3104 2624 28
3132 2554 3320 2607 τοῦτον
3348 2558 3413 2623 τῇ

1846 2642 2047 2707 ἑαυτῆς
2079 2643 2296 2712 πατρίδι
2332 2645 2659 2713 κατέστησε.
2706 2644 2918 2698 Ἐκεῖσε
2970 2646 3026 2699 δὲ
3065 2648 3289 2713 γυναικὶ
3323 2664 3417 2697 συ-

1845 2732 2095 2802 ζευχθεὶς
2115 2732 2174 2787 τὸ
2197 2733 2356 2802 γένος
2379 2734 2653 2789 Σπίνουλα
2685 2736 2781 2791 καὶ
2803 2736 2953 2799 υίοὺς
2981 2736 3077 2789 καὶ
3106 2737 3416 2806 θυγατέρας

1848 2826 2039 2897 ἔγέννη
2048 2845 2161 2882 σιν.

1918 2925 1979 2971 ε’.
2030 2920 2117 2971 Ἐν
2150 2919 2208 2973 δὲ
2248 2924 2315 2992 τῇ
2359 2922 2578 2993 βασιλία
2606 2923 2702 2977 τοῦ
2737 2925 3031 2995 είρημένου
3078 2926 3413 2994 αὐτοκράτο-

1850 3025 1941 3077 ρος
1966 3010 2030 3062 Ex
2060 3009 2159 3079 τῆς
2203 3012 2389 3074 Ἀσίας
2421 3014 2490 3066 τὰ
2535 3016 2771 3083 μέγιστα
2802 3016 2910 3069 τῶν
2957 3016 3141 3068 κακῶν
3184 3016 3419 3084 ἀνερρά-

1848 3116 2026 3168 γησαν
2054 3102 2290 3174 πελάγη.
2322 3105 2707 3175 Συνασπισμδν
2726 3109 2775 3160 οἱ
2798 3108 2906 3161 τῶν
2936 3109 3196 3178 Τούρκων
3220 3109 3424 3175 σατρά-

1850 3206 1951 3244 παι
1999 3194 2326 3261 ποιήσαντες
2380 3197 2567 3260 πάλιν,
2624 3201 2681 3251 ὲν
2746 3194 2830 3262 οἷς
2879 3200 3124 3269 ὑπῆρχεν
3181 3194 3261 3262 εἷς
3294 3200 3420 3252 ,τῶν

262 3284 369 3352 2⁷
412 3283 698 3353 Ἑγιννησε
726 3286 782 3339 δι
813 3287 961 3350 υιοδς
992 3289 1019 3340 ὁ
1050 3288 1305 3357 βασιλεὺς
1334 3288 1430 3343 καὶ
1475 3290 1747 3360 αὐτοκρά-
1777 3328 1821 3388 c
1854 3280 2150 3388 σατραπῶν
2176 3283 2269 3335 καὶ
2314 3284 2341 3335 ό
2397 3285 2739 3388 ὶοτθμάνης,
2772 3290 2968 3341 νεωστὶ
3024 3291 3204 3341 πάντα
3257 3290 3421 3340 τόπον

182 3392 303 3445 τωρ
345 3375 676 3445 Ἀνδρόνικος
720 3376 928 3444 τούσδε,
982 3378 1204 3450 Μιχαὴλ
1246 3380 1340 3432 τὸν
1381 3379 1608 3449 βασιλέα
1655 3382 1753 3435 καὶ
1778 3368 1821 3388 υ
1855 3368 2195 3439 κατέδραμον
2231 3374 2360 3442 ἄχρι
2396 3373 2665 3445 θαλάττης
2692 3378 2895 3431 ἀκτῶνο
2934 3378 3010 3448 Τῇ
3064 3378 3188 3449 νίκῃ
3233 3380 3418 3450 εκείνη

182 3554 460 3608 ξεῖνοι-ειη
488 3556 827 3611 Andronicus
882 3571 983 3626 pro
1017 3558 1407 3613 consuetudine
1457 3558 1631 3614 libens
1662 3574 1748 3613 re-

190 3652 507 3697 muneratus
530 3656 632 3705 eSl,
674 3646 932 3715 civesque
992 3661 1182 3702 omnes
1242 3648 1483 3717 implevit
1541 3649 1752 3704 laetitia.

187 3734 248 3786 lu
290 3736 471 3788 urbem
502 3751 753 3791 reversus
779 3753 841 3791 ac
868 3739 1206 3803 recordatus,
1264 3754 1383 3808 qua
1410 3739 1464 3793 in
1527 3754 1752 3808 puerum

187 3823 454 3879 Joannem
505 3824 782 3881 Lascarim
840 3838 990 3896 pater
1053 3828 1379 3893 admisisset,
1458 3832 1756 3897 praesertim

187 3933 317 3968 cum
389 3917 462 3970 illi
511 3919 687 3983 potius
716 3919 1007 3973 deberetur
1038 3921 1345 3989 imperium,
1375 3937 1579 3990 angore
1630 3937 1760 3975 con-

188 4009 435 4061 scientia:
488 4010 815 4070 stimulatus,
864 4020 1047 4079 utpote
1101 4012 1237 4080 aequi
1301 4016 1544 4081 rectique
1597 4028 1757 4067 sensu

189 4104 351 4166 pitre
385 4102 749 4163 praestantior,
781 4099 1037 4166 juvenem
1090 4118 1187 4155 suo
1250 4102 1539 4155 commodo
1589 4118 1764 4156 excae-

188 4197 379 4241 catum
437 4190 489 4241 in
542 4190 798 4258 oppidulo
859 4193 1093 4260 quodam
1163 4193 1428 4262 Bithyniae
1480 4196 1757 4248 convenit.

185 4280 473 4333 Allocutus
541 4294 687 4341 eum,
784 4282 1236 4350 quemadmodum
1290 4285 1543 4347 decebat,
1601 4286 1754 4338 vultu

187 4368 480 4419 admodum
508 4365 749 4421 demisso
803 4368 1017 4422 veniam
1068 4370 1201 4438 petit
1253 4384 1468 4433 eorum,
1526 4385 1647 4437 quae
1703 4384 1761 4426 se

190 4458 370 4508 inscio
423 4466 572 4524 pater
627 4457 679 4509 in
741 4456 892 4512 illum
947 4457 1263 4523 statuisset;
1313 4459 1759 4527 cohortatnrque,

192 4559 282 4609 ut,
312 4550 356 4601 si
397 4549 506 4602 ﬁeri
539 4559 720 4616 posset
752 4558 805 4603 et
845 4550 945 4619 ipsi
977 4561 1257 4619 acceptum
1291 4559 1459 4614 esset,
1482 4552 1758 4620 partiren-

1856 3564 1917 3603 ex
1940 3550 2315 3621 ﬂungarorum
2335 3552 2473 3624 regis
2497 3555 2624 3620 lilia,
2640 3556 2870 3627 conjuge
2889 3559 3098 3626 priore;
3136 3575 3198 3614 ex
3225 3560 3413 3622 altera,

1855 3639 2029 3704 lrene,
2060 3658 2099 3713 θη
2119 3640 2439 3699 Lomhardis
2468 3645 2693 3700 oriunda
2721 3657 2882 3716 atque
2905 3650 3011 3702 lilia
3045 3649 3245 3704 sororis
3278 3650 3417 3715 regis

1862 3734 2129 3803 Hispaniae
2157 3746 2212 3790 et
2269 3738 2411 3806 nepti
2473 3740 2803 3794 marcliionis
2873 3740 3414 3800 Montisferratcnsis.

1859 3826 2118 3895 ejusdem,
2140 3830 2231 3895 qui
2264 3826 2726 3892 Thessalonicam,
2754 3840 2812 3884 ut
2869 3839 2991 3883 aute
3008 3830 3415 3899 explicavimus,

1862 3927 2051 3972 nactus
2081 3927 2160 3971 est
2200 3928 2253 3972 et
2279 3917 2666 3973 Thessalorum
2701 3936 2794 3975 rex
2841 3920 2957 3986 fuit,
2991 3920 3206 3988 quando
3238 3919 3419 3973 Latini

1864 4009 2174 4077 aliquandiu
2205 4008 2570 4064 Romanorum
2623 4022 2910 4064 tenuerunt
2966 4013 3295 4081 provincias,
3353 4030 3418 4065 ιιι

1864 4099 1965 4154 hac
2002 4101 2163 4167 igitur
2195 4102 2499 4168 procreavit
2524 4100 2808 4162 Joannem.
2836 4101 3201 4169 Theodorum,
3231 4104 3425 4157 Deme-

1862 4192 2023 4246 trium
2053 4201 2104 4245 et
2132 4190 2292 4244 ﬁliam
2316 4192 2670 4257 Simonidem,
2724 4208 2885 4260 quam
2928 4193 3131 4249 Servize
3198 4197 3417 4264 despota

1864 4283 1961 4336 sibi
1986 4282 2164 4350 jnnxil
2192 4285 2555 4339 matrimonio.
2598 4283 2665 4337 Et
2701 4283 2935 4339 Joannes
2984 4286 3199 4355 quidem
3265 4289 3424 4341 uxorii

1863 4368 2103 4438 junctus,
2158 4370 2323 4423 nullis
2372 4380 2549 4427 tamen
2606 4374 2875 4440 susceptis
2926 4374 3109 4428 liberis
3159 4376 3421 4431 decessit.

1863 4457 2639 4527 Caeterumlreneimperatrix
2693 4462 3093 4518 studiosissime
3146 4478 3243 4518 sua
3274 4479 3424 4531 que—

1865 4551 1988 4602 dam
2035 4549 2362 4617 sequebatur
2404 4551 2654 4605 consilia.
2712 4551 2998 4620 lnvidiose,
3049 4563 3107 4608 ut
3162 4571 3417 4616 noverca.

188 4651 286 4693 tur
310 4640 590 4706 imperium
625 4654 945 4708 summaque
999 4642 1053 4694 in
1115 4641 1259 4697 illius
1312 4657 1507 4697 manus
1555 4643 1755 4697 rediret
1780 4647 1835 4706 Ι)
1863 4638 2029 4691 lilium
2058 4647 2185 4691 natu
2214 4639 2503 4691 maximum
2536 4640 2743 4704 habuit,
2793 4656 2890 4695 nec
2914 4656 3149 4709 unquam
3186 4645 3423 4697 cessavit

189 4738 455 4797 potestas.
482 4729 562 4783 Ad
590 4732 750 4783 vitam
802 4746 922 4801 qua:
964 4742 1122 4787 erant
1184 4732 1513 4798 necessaria,
1569 4734 1751 4787 omnia

191 4821 298 4881 illi,
327 4820 504 4886 quoad
528 4821 583 4874 in
609 4822 742 4876 vivis
772 4832 910 4886 erat,
942 4822 1145 4876 aﬂatim
1170 4823 1570 4891 suppeditabat.
1629 4823 1755 4878 Haec

191 4928 320 4964 cum
351 4911 565 4967 fecisset
599 4924 761 4981 atque
780 4923 838 4968 ut
892 4914 1105 4978 ﬁerent,
1162 4914 1504 4984 imperasset,
1567 4915 1757 4971 hilaris

193 5003 250 5053 in
288 5000 546 5054 orientem
578 5002 851 5071 profectus
895 5012 1002 5060 est.

274 5088 690 5145 lntendebantnr
707 5093 1113 5148 criminationes
1134 5096 1379 5163 quaedam
1398 5095 1757 5151 Constantino

195 5180 688 5249 Porpltyrogenito,
783 5183 1127 5251 imperatoris
1181 5185 1357 5249 fratri,
1417 5196 1474 5239 ut
1537 5186 1755 5255 imperii

198 5272 497 5338 appetenti.
536 5273 711 5329 Missis
741 5276 1089 5342 satellitibus,
1119 5277 1294 5345 ipsum
1345 5278 1760 5343 comprehendit

195 5373 536 5431 cunctosque
562 5364 681 5433 ejus
716 5365 1032 5431 fanniliares,
1068 5368 1121 5421 in
1153 5368 1349 5436 quibus
1378 5384 1485 5435 pra:
1544 5368 1759 5423 caeteris

202 5465 323 5508 tum
363 5456 566 5510 divitiis
598 5467 709 5511 tum
736 5457 953 5525 generis
983 5456 1233 5511 claritate
1279 5466 1332 5510 et
1391 5456 1515 5510 belli
1564 5456 1758 5524 peritia

198 5546 482 5600 eminebat
512 5546 735 5602 Michael
790 5546 1204 5618 Strategopulus
1229 5548 1563 5610 Melissenus,
1585 5548 1675 5616 qui
1706 5556 1761 5603 et

204 5641 329 5705 ipse
360 5653 480 5691 cum
511 5640 732 5708 reliquis
755 5641 807 5693 in
832 5640 1044 5695 vincula
1074 5639 1386 5706 conjicitur,
1421 5639 1606 5703 boiiis,
1641 5652 1761 5707 quae

199 5730 538 5799 possidebat,
562 5746 752 5800 magna
777 5745 843 5786 ex
891 5740 1047 5800 parte
1073 5732 1378 5799 publicatis.

278 5818 589 5871 Procrcavit
644 5818 934 5887 imperator
979 5819 1319 5875 Andronicus
1366 5818 1501 5870 lilios
1555 5816 1760 5871 hosce:

203 5908 521 5963 Michnclcnt
552 5912 927 5979 imperatorem
960 5918 1014 5965 ct
1034 5910 1451 5965 Constantinum
1475 5909 1758 5976 dcsputam

1861 4725 2238 4795 imperatorem
2266 4726 2515 4779 maritum
2550 4743 2762 4798 urgere,
2806 4739 2865 4783 ut
2893 4744 3021 4784 suos
3040 4730 3178 4785 ﬁlios
3202 4731 3419 4798 imperii

1857 4827 2135 4870 consortes
2160 4823 2214 4870 et
2252 4818 2542 4886 participes
2581 4819 2809 4875 faceret.
2840 4819 3091 4890 Negabat
3125 4823 3422 4891 imperator

1860 4907 1974 4960 ﬁeri
2009 4922 2187 4977 posse,
2215 4918 2274 4961 ut
2308 4910 2619 4964 monarchia
2672 4910 3036 4967 Romanorum
3083 4916 3150 4967 ad
3203 4916 3419 4983 polyar-

1859 4998 2036 5051 chiam
2071 4997 2420 5066 redigeretur.
2451 5001 2634 5069 Itaque
2688 5002 2855 5055 multa
2908 5004 3070 5057 rebus
3123 5017 3186 5056 ac
3240 5005 3421 5057 verbis

1859 5103 2099 5157 experta,
2128 5092 2363 5155 tandem,
2395 5108 2518 5145 cum
2582 5108 2676 5160 spe
2719 5109 2811 5146 sua
2868 5094 3183 5156 excidisset,
3258 5093 3337 5147 ita
3360 5104 3414 5147 et

1862 5180 2047 5233 dolore
2103 5178 2324 5245 abrepta
2414 5179 2754 5234 Theodorum
2823 5181 2989 5234 lilium
3051 5197 3175 5234 cum
3230 5185 3420 5250 grandi

1864 5269 2084 5338 pecunia
2118 5270 2168 5321 in
2201 5268 2586 5339 Longoburdos
2637 5272 2785 5325 misit
2833 5280 2886 5326 et
2918 5274 3105 5338 patri:e
3126 5287 3239 5326 suat
3290 5287 3419 5326 eou-

1865 5360 2039 5414 s'ituit
2066 5363 2460 5415 marcliionem.
2480 5359 2555 5415 lbi
2582 5362 2627 5414 is
2655 5377 2685 5414 e
2704 5372 2862 5431 gente
2880 5362 3233 5431 Spinulurum
3254 5361 3417 5416 ducta

1862 5467 2048 5515 uxore,
2081 5450 2365 5520 utriusque
2413 5467 2574 5507 sexus
2605 5453 2802 5507 liberos
2837 5454 3139 5521 generavit.

1930 5540 1983 5594 5.
2038 5540 2343 5607 lmperante
2402 5556 2489 5605 eo,
2552 5556 2712 5609 quem
2768 5541 3025 5605 diximus,
3093 5542 3420 5606 Andronico,

1863 5631 2109 5700 ingentes
2133 5632 2494 5684 calamitatum
2534 5630 2728 5685 ﬂuctus
2750 5632 2800 5685 in
2827 5632 2950 5687 Asia
2969 5632 3227 5687 concitati
3271 5644 3420 5686 sunt.

1866 5720 2076 5774 Etenim
2109 5719 2405 5775 Turcarum
2440 5732 2686 5790 satrapae.
2718 5722 2769 5775 in
2832 5725 3029 5790 quibus
3089 5739 3228 5777 unus
3289 5736 3410 5780 erat

1865 5813 2187 5872 0thmanes,
2217 5812 2419 5866 {rudere
2457 5812 2725 5880 conjuncti
2782 5814 2941 5866 modo
2966 5829 3152 5868 omnes
3203 5825 3412 5868 tractus

1868 5904 1931 5959 ad
1963 5920 2106 5957 mare
2167 5918 2337 5973 usque
2398 5904 2675 5971 pervagari
2724 5915 3017 5973 cmpct'aut,
3076 5922 3137 5958 ac
3196 5906 3422 5960 victoria
