4526 6514
370 406 429 464 ΟἻ
442 408 469 464 λῖ

1443 395 1879 455 CllRﬂNICON
1929 395 2194 457 MAJUS.
2238 423 2300 431 --
2346 400 2468 456 LIB
2538 402 2583 457 l.

3497 410 3605 472 674

367 523 429 588 τῇ
462 519 673 588 Θρᾴκῃ,
710 517 852 569 κατά
878 514 938 568 τὸ
968 516 1292 583 φαινόμενον
1327 514 1426 581 μὲν
1474 514 1560 565 ἵνα
1588 514 1929 582 τὸνβασιλέα
1960 517 2007 575 Α
2037 511 2199 581 μέρος
2238 514 2299 564 ἐκ
2333 514 2435 581 τῆς
2467 514 2808 575 Μακεδονίας
2849 515 2941 567 καὶ
2971 516 3313 587 Βουλγαρίας
3348 521 3439 572 καὶ
3474 523 3604 591 Σερ-

367 610 630 680 βοηθήσῃ,
658 608 1166 677 ὑποκεκρυμμὲνως
1200 606 1252 657 δὲ
1295 607 1400 668 ἵνα,
1453 606 1686 657 ὲάνιτδν
1738 606 1930 673 καιρδν

363 704 497 774 εὕρῃ
527 702 832 769 ἐπιτήδειον
856 700 954 752 καὶ
977 699 1126 767 αὐτῷ
1155 698 1477 767 ἀρέσκοντα,
1514 698 1540 749 ὃ
1564 699 1659 750 καὶ
1690 700 1926 765 ἐγένετο,

361 796 560 857 τόπους
611 796 704 846 καὶ
737 792 921 860 χώρας
956 791 1136 857 ἑαυτῷ
1175 791 1600 857 περιποιήσηται
1638 792 1693 840 ὲν
1726 792 1788 856 τῇ
1826 789 1929 840 Εὐ-

354 885 522 955 ρώπῃ
552 885 644 936 καὶ
687 884 785 950 τὴν
818 884 993 953 ἀρχὴν
1039 881 1205 934 αὐτοῦ
1250 882 1484 951 αὐξήσῃ.
1536 881 1593 932 Ὀ
1622 880 1678 931 δὲ
1714 882 1930 932 Καντα-

362 976 619 1043 κουζηνὸς
659 974 797 1043 μετά
823 974 930 1025 τῶν
967 973 1184 1042 Σὲρόων
1211 976 1305 1027 καὶ
1335 972 1445 1023 τῶν
1480 972 1807 1038 Βουλγάρων
1846 970 1928 1021 ὲλ-

360 1064 467 1117 θὼν
498 1065 640 1116 κατά
673 1062 767 1116 τοῦ
804 1064 1195 1129 Παλαιολόγῶ,
1226 1064 1317 1115 καὶ
1340 1063 1497 1124 εἰδώς
1529 1062 1620 1113 τὸν
1783 1063 1925 1130 ἀμη-

360 1160 463 1226 ρᾶν
495 1158 575 1209 ὅτι
622 1156 820 1218 διπλῶς
867 1155 1122 1217 διέκειτο,
1160 1156 1255 1206 καὶ
1287 1154 1439 1206 οὐδὲν
1471 1152 1822 1223 κατορθώσας
1857 1153 1925 1203 τὰ

358 1250 536 1302 πάντα
570 1246 886 1301 καταλιπὼν
934 1247 1168 1314 μοναχδς
1208 1246 1425 1313 ἐγένετο
1460 1248 1556 1298 καὶ
1584 1245 1704 1297 ἀντὶ
1746 1246 1924 1297 Ἰωάν-

358 1359 445 1392 νου
478 1340 714 1405 Ἰωάσαφ
736 1337 1053 1405 ὠνομάσθη,
1075 1339 1359 1406 κρατήσας
1384 1340 1483 1407 τὴν
1501 1337 1800 1404 βασιλείαν,
1822 1337 1924 1399 ἓως

356 1432 413 1484 οὗ
450 1434 543 1484 καὶ
581 1430 790 1496 ὲξώσθη
836 1430 939 1481 ὑπὸ
985 1429 1078 1480 τοῦ
1108 1428 1358 1499 γαμϐροῦ
1389 1428 1664 1497 πολεμῶν,
1718 1429 1810 1497 ἔτη
1864 1428 1924 1491 ἐξ

355 1527 443 1574 καὶ
478 1523 654 1590 μῆνας
680 1521 839 1574 ἑπτά.
883 1521 941 1572 Ὀ
982 1519 1038 1572 δὲ
1098 1518 1440 1589 Ἀμουράτης
1476 1518 1569 1571 τὸν
1609 1518 1801 1586 καιρὸν
1831 1519 1923 1570 εὐ-

355 1613 463 1685 ρὼν
487 1614 815 1684 ἐπιτήδειον,
847 1613 940 1665 καὶ
966 1614 1022 1665 ἐν
1045 1615 1109 1681 τῇ
1137 1612 1328 1683 Θρᾴκῃ
1359 1611 1750 1681 εὑρισκόμενος
1781 1612 1920 1662 Ξὲτοι⁸

355 1724 450 1775 μος
480 1706 576 1758 καὶ
631 1704 1153 1773 παρεσκευασμένος
1200 1704 1340 1773 μετά
1377 1704 1638 1757 τοσούτου
1686 1702 1918 1772 στρατοῦ

352 1796 552 1857 καλῶς,
609 1796 702 1847 καὶ
732 1796 799 1848 τὰ
856 1796 964 1847 τῶν
1005 1796 1297 1865 Ῥωμαίων
1350 1795 1567 1864 βλέπων
1616 1796 1698 1858 είς
1750 1796 1919 1865 ἀκρον

2033 604 2179 668 ϐίας,
2210 606 2360 665 τέλος
2398 608 2619 660 πάντων
2651 607 2705 658 δὲ
2753 608 2977 676 ἀγάπην
3019 612 3156 677 μετά
3193 610 3290 663 τοῦ
3344 610 3631 681 βασιλέως’

2030 696 2134 756 ἕως
2174 696 2361 758 τέλους
2387 698 2482 765 τῆς
2515 697 2662 763 ζωῆς
2692 696 2871 750 αὐτῶν
2904 701 3231 765 ποιήσαντες
3268 702 3361 754 καὶ
3410 703 3603 772 ὄρκου;

2028 785 2134 856 47
2168 789 2440 855 ἀναμέσον
2492 788 2693 849 αὐτῶν,
2754 790 2839 841 ἴνα
2891 789 2989 850 τὰς
3038 791 3313 859 συνθήκας
3366 796 3458 845 καὶ
3508 795 3605 862 τὴν

2029 879 2251 946 ἀγάπην
2284 879 2565 946 φυλάξωσι
2618 881 2709 931 καὶ
2744 875 2823 943 εἷς
2876 881 3016 951 ὑπὲρ
3064 882 3159 933 τοῦ
3197 884 3387 951 ἐτέρου
3448 886 3605 938 ἔσται

2030 970 2247 1039 βοηθός.

2098 1061 2264 1123 Οὗτος
2312 1063 2366 1113 δὲ
2412 1066 2439 1114 6
2489 1062 2739 1130 βασιλεὺς
2787 1063 3038 1135 Ἰωάννης
3093 1066 3213 1135 ἔσχε
3258 1067 3444 1119 τούσδε
3479 1069 3604 1129 τοὺς

2027 1155 2195 1218 υἱοὺς,
2239 1157 2577 1225 Ἀνδρόνικον
2611 1159 2699 1209 τὸν
2726 1158 3013 1226 δεσπότην,
3044 1160 3295 1221 Μανουὴλ
3322 1161 3412 1212 τὸν
3444 1161 3602 1228 βασι-

2025 1246 2143 1311 λέα,
2172 1249 2450 1317 Θεόδωρον
2480 1249 2570 1299 τὸν
2598 1251 3108 1319 πορφυρογέννητον
3136 1253 3231 1303 καί
3262 1253 3483 1320 Μιχαὴλ
3509 1253 3600 1303 τὸν

2022 1340 2323 1407 δεσπότην·
2378 1340 2437 1398 ὃς
2490 1340 2569 1408 τῷ
2629 1340 2728 1408 μὲν
2774 1348 3111 1409 πρωτογενεῖ
3156 1345 3477 1415 Ἀνδρονίκῳ
3528 1348 3601 1403 ὡς

2022 1428 2253 1498 διαδόχῳ
2282 1430 2381 1499 τῆς
2419 1428 2699 1496 βασιλείας
2733 1435 2790 1483 ἐν
2816 1437 2879 1502 τῇ
2911 1432 3059 1485 πόλει
3087 1438 3397 1501 προστάξας
3430 1432 3595 1500 εἶναι,

2020 1521 2113 1572 τὸν
2142 1522 2198 1573 δὲ
2226 1521 2453 1589 βασιλέα
2488 1522 2592 1590 κὺρ
2625 1522 2843 1593 Μιχαὴλ
2873 1524 2966 1576 τοῦ
3009 1526 3231 1577 διοικεῖν
3264 1530 3359 1579 καὶ
3392 1528 3597 1597 κυϐερ-

2021 1613 2118 1682 νᾷν
2149 1613 2246 1681 τὴν
2280 1612 2706 1680 Θεσσαλονίκην,
2748 1614 2838 1680 τὸν
2882 1614 2937 1665 δὲ
2989 1614 3264 1683 Θεόδωρον
3311 1617 3403 1669 τὸν
3460 1636 3595 1687 πορ-

2020 1705 2420 1773 φυρογέννητον
2451 1704 2589 1768 μετὰ
2621 1704 2681 1757 τὸ
2716 1704 3009 1758 ἀποθανεῖν
3042 1707 3128 1758 τὸν
3151 1708 3244 1758 τοῦ
3283 1710 3599 1760 Καντακσιυ-

2024 1794 2183 1862 ζηνοῦ
2220 1794 2333 1847 υἱὸν
2393 1796 2450 1846 ὲν
2505 1797 2572 1863 τῇ
2648 1795 2874 1867 Σπάρτῃ
2932 1796 3125 1865 κύριον
3179 1801 3273 1852 καὶ
3328 1801 3595 1871 αὐθέντην

348 1888 794 1955 τεταπεινωμένα
829 1888 918 1941 διὰ
964 1888 1087 1950 τούς
1151 1886 1447 1957 ἐμφυλίους
1498 1887 1770 1955 πολέμους
1823 1887 1917 1939 καὶ
1951 1875 1991 1933 Β
2023 1886 2365 1938 ἀπέστειλεν.
2410 1886 2612 1938 Ἐλθὼν
2664 1889 2721 1942 δὲ
2765 1891 2822 1941 ὲν
2855 1893 2918 1959 τῇ
2965 1892 3328 1963 Θεσσαλονίκῃ
3377 1899 3403 1946 ό
3448 1895 3596 1963 βασι-

350 1978 664 2048 συγχύσεις,
701 1979 793 2030 καὶ
816 1979 917 2030 οὐκ
951 1972 1096 2048 εἶχον
1121 1978 1441 2047 ἀντιστῆναι
1469 1980 1588 2039 ταῖς
1619 1978 1913 2046 δυνάμεσιν

347 2070 533 2123 αὐτοῦ.
574 2070 706 2122 Τότε
734 2070 797 2138 δὴ
828 2071 1042 2139 πρῶτον
1079 2073 1137 2122 ἐν
1164 2074 1228 2139 τῇ
1266 2072 1503 2142 Εὐρώπῃ
1535 2069 1595 2122 τὸ
1616 2069 1724 2122 τῶν
1761 2069 1912 2122 Ὀτθ-

348 2163 616 2231 μανλίδων
651 2163 806 2229 γένος
832 2164 1119 2226 αὐθένταις
1145 2166 1302 2232 χεῖρα
1356 2166 1416 2215 ὲν
1459 2166 1525 2233 τῇ
1562 2163 1748 2233 Θρᾴκῃ
1782 2160 1909 2215 ἔδα-

344 2256 453 2320 λον,
486 2256 576 2307 καὶ
596 2254 693 2323 τὴν
716 2255 1115 2308 Καλλιούπολιν
1140 2254 1298 2307 ἔλασε
1322 2255 1419 2307 καὶ
1435 2254 1654 2323 ἑτέρους
1678 2254 1777 2305 οὐκ
1800 2253 1909 2306 6).!-

341 2367 469 2416 γους
486 2355 681 2409 τόπους
702 2352 797 2402 καὶ
816 2350 997 2419 χώρας
1012 2350 1107 2402 καὶ
1128 2346 1360 2419 φρούρια
1378 2346 1442 2400 ἐκ
1459 2364 1515 2399 τε
1535 2345 1634 2415 τῆς
1654 2346 1763 2398 τῶν
1776 2346 1911 2397 Ῥω·-

345 2446 521 2515 μαίων
552 2446 723 2516 ἀρχῆς
762 2444 858 2498 καὶ
886 2446 949 2496 ἐκ
974 2442 1083 2494 τῶν
1106 2441 1308 2509 ἑτέρων
1342 2438 1618 2491 αὐθεντῶν
1648 2439 1909 2506 Χριστια-

343 2539 477 2601 νῶν,
515 2537 700 2599 καθὼς
725 2538 782 2589 ὲν
811 2536 978 2603 ὀλίγῳ
1012 2536 1070 2585 ὲν
1107 2534 1173 2603 τῇ
1208 2531 1306 2600 τῆς
1344 2530 1489 2597 ζωῆς
1518 2528 1680 2582 αὑτοῦ
1717 2528 1908 2598 διηγή-

342 2647 424 2683 σει
448 2630 772 2699 ρηθήσεται.
804 2624 989 2682 Ἦσαν
1024 2626 1132 2697 γὰρ
1167 2624 1533 2693 περάσαντες.
1556 2621 1631 2682 ὡς
1660 2621 1933 2691 προέφηο.

344 2738 467 2790 μεν,
490 2721 585 2773 καὶ
615 2722 673 2773 ὲν
698 2721 905 2789 ἑτέροις
934 2720 1145 2787 καιροῖς
1165 2718 1213 2769 οῑ
1241 2714 1476 2785 Τοῦρκοι
1501 2715 1557 2765 ἐν
1577 2714 1642 2782 τῇ
1669 2711 1904 2781 Εὐρώπῃ

343 2816 421 2877 εἰς
454 2814 555 2883 τὴν
584 2814 923 2884 Χερρόνησον
956 2812 1056 2879 τῆς
1082 2811 1327 2881 Θρᾴκης,
1367 2805 1483 2861 ἀλλ’
1509 2807 1607 2859 οὐκ
1642 2804 1903 2874 ἐδυνήθη-

341 2924 441 2958 σαν
478 2907 669 2975 σιῆναι
711 2902 832 2956 οὔτε
886 2903 1172 2973 κυριεῦσαι
1216 2900 1507 2960 τοσούτους
1561 2898 1761 2958 τόπους
1810 2894 1905 2946 καὶ

340 2998 578 3068 φρούρια
608 2998 701 3051 καὶ
742 2997 923 3057 πόλεις
958 2997 1031 3058 ὡς
1063 2997 1131 3048 τά
1176 2993 1292 3059 νῦν,
1340 2994 1474 3045 διότι
1503 2990 1761 3051 πολλάκις
1804 2988 1905 3058 μὲν

335 3091 491 3160 νόμῳ
540 3088 781 3157 πολέμου
832 3086 1211 3157 ἐδιώχθησαν,
1272 3083 1529 3146 πολλάκις
1586 3083 1660 3142 ώς
1705 3080 1901 3153 λῃσταὶ⁸

338 3182 677 3251 περάσαντες
707 3180 869 3233 πάλιν
896 3178 1122 3246 ἔφυγον.
1144 3175 1343 3230 Λοιπὸν
1371 3178 1398 3228 6
1441 3172 1785 3244 ’Λμουράτης
1810 3171 1902 3264 καὶ
1928 3206 1970 3264 c

335 3276 434 3344 τῆς
481 3272 978 3343 ’Δδριανουπόλεως
1010 3269 1287 3340 ἐγκρατὴς
1316 3267 1610 3336 γενόμενος
1640 3264 1737 3318 καὶ
1768 3263 1900 3316 πολὺ

336 3451 716 3520 imperatorem
755 3447 1054 3515 adiuvaret,
1097 3460 1309 3509 revera,
1340 3454 1417 3509 ut,
1446 3444 1490 3499 si
1514 3442 1714 3497 {averet
1748 3456 1904 3496 ocra-

331 3545 431 3601 sio,
471 3540 924 3611 quemadmodum
984 3539 1134 3602 favit,
1158 3538 1370 3608 oppidis
1428 3545 1483 3590 et
1513 3535 1815 3601 regionibus
1850 3535 1899 3585 in

330 3631 546 3699 Europa
598 3631 939 3700 acquirendis
967 3630 1114 3698 regni
1146 3629 1228 3683 sui
1263 3628 1396 3682 ﬁnes
1424 3623 1898 3695 prolataret.Can-

330 3739 625 3780 tacuzcnus
662 3738 785 3778 cum
836 3722 1037 3777 Serviis
1069 3736 1131 3776 ac
1170 3720 1412 3788 Bulgaris
1450 3730 1637 3773 contra
1703 3715 1902 3769 Palam-

330 3815 507 3879 logum
543 3812 835 3877 profectus,
864 3826 985 3865 cum
1024 3824 1222 3863 amera:
1265 3809 1447 3863 dolum
1486 3807 1902 3861 animadvertis-

327 3914 412 3960 set
462 3918 559 3957 nec
597 3903 891 3973 quidquam
924 3900 1212 3962 ellecissel,
1245 3898 1475 3953 fortuna:
1521 3913 1631 3950 suae
1667 3896 1898 3962 diuisus,

329 3999 655 4047 monachum
714 3991 884 4045 induit
910 4005 976 4046 ac
1006 4003 1102 4058 pro
1152 3987 1359 4041 Joanne
1395 3986 1649 4055 Joasaphi
1704 4001 1900 4039 nomen

326 4085 581 4146 adscivit,
632 4097 813 4136 rerum
856 4082 1079 4150 potitus,
1121 4081 1293 4133 donec
1334 4094 1362 4131 a
1401 4093 1598 4148 genero
1630 4078 1769 4132 bello
1809 4080 1903 4132 de-

326 4175 506 4226 victus
537 4182 589 4226 et
614 4188 780 4241 regno
795 4180 992 4245 exutus
1014 4179 1115 4229 est,
1147 4183 1320 4222 annos
1351 4182 1441 4221 sex
1459 4177 1515 4221 et
1544 4178 1755 4220 menses
1780 4180 1904 4233 sep-

330 4278 451 4316 tem.
490 4262 608 4316 Jam
661 4278 783 4316 cum
830 4263 1137 4325 Amurates,
1171 4259 1508 4313 occasionem
1544 4265 1900 4325 opportunam

330 4368 545 4416 nactus,
564 4363 710 4407 tanto
736 4367 857 4406 cum
875 4352 1112 4405 exercitu
1138 4351 1187 4403 in
1202 4350 1431 4403 Thracia
1456 4358 1680 4417 paratus
1699 4347 1900 4401 instru-

325 4458 557 4513 ctusque
597 4444 828 4505 adesset,
868 4450 922 4496 et
948 4456 1031 4494 res
1063 4441 1339 4493 Romanas
1364 4448 1584 4507 propter
1616 4438 1803 4493 turbas
1850 4445 1903 4490 et

2016 1978 2139 2039 λεὺς
2173 1977 2279 2045 κύρ
2310 1978 2565 2049 Μανουὴλ
2596 1983 2688 2031 καὶ
2722 1981 2946 2051 ἀγάπην
2975 1986 3065 2036 καὶ
3095 1986 3281 2051 φιλίαν
3310 1982 3422 2053 εἶχε
3455 1989 3593 2053 μετά

2013 2070 2123 2122 τῶν
2172 2069 2448 2137 ἀρχόντων
2499 2071 2593 2122 καὶ
2629 2071 2862 2142 πρώτων
2912 2075 3011 2144 τῆς
3068 2076 3275 2139 πόλεως
3340 2078 3581 2148 Σερρὦν,

2015 2162 2210 2232 βουλὴν
2238 2164 2567 2232 ποιήσαντες
2594 2163 2679 2217 ἵνα
2709 2166 2836 2229 τοὺς
2860 2167 3109 2235 φύλακας
3145 2168 3429 2240 Τούρκους
3464 2173 3589 2234 τούς

2013 2253 2387 2322 φρουροῦντας
2424 2256 2482 2307 τὸ
2521 2254 2780 2325 φρούριον
2819 2259 3185 2313 ἀποκτείνωσι
3218 2264 3313 2313 καὶ
3348 2262 3407 2313 τὸ
3455 2254 3588 2316 ἄστυ

2008 2346 2085 2413 τῷ
2110 2346 2215 2414 κὺρ
2235 2345 2491 2414 Μανουὴλ
2517 2346 2784 2403 δώσωσιν.
2811 2349 2957 2418 Αὕτη
2978 2350 3082 2420 δὲή
3111 2352 3273 2421 βουλὴ
3304 2352 3405 2405 οὐκ
3432 2354 3590 2406 ἔλαθε

2009 2438 2102 2490 τὸν
2151 2438 2395 2507 ἀμηρᾶν,
2429 2439 2523 2491 καὶ
2568 2440 2786 2502 στείλας
2816 2440 2907 2491 τὸν
2957 2443 3403 2510 Καραλί-πασιᾶν
3452 2447 3589 2514 μετά

2012 2530 2250 2599 στρατοῦ
2302 2530 2543 2599 πλήθους
2577 2530 2779 2582 πολ)ιοῦ
2842 2532 2986 2585 κατὰ
3039 2537 3137 2602 τῆς
3177 2536 3586 2607 Θεσσαλονίκης

2008 2622 2183 2677 ιλθεῖν
2207 2624 2305 2673 καὶ
2339 2621 2434 2675 τοῦ
2460 2622 2743 2693 Μανουὴλ,
2776 2625 3153 2694 παρήγγειλεν
3184 2628 3328 2696 αὐτῷ
3362 2630 3435 2698 μὴ
3465 2629 3587 2681 δπι-

2009 2715 2135 2768 σθεν
2158 2714 2339 2766 ὲλθεῖν
2372 2716 2477 2776 ἕως
2510 2708 2570 2768 οὗ
2595 2716 2693 2785 τὴν
2719 2717 3125 2787 Θεσσαλονίκην
3154 2720 3340 2789 ἀλώσῃ
3376 2734 3471 2774 κτι
3490 2724 3585 2790 τὶν

2007 2806 2264 2875 Μανουὴλ
2300 2806 2523 2875 δέσμιον
2550 2807 2755 2875 ἀγάγῃ.
2816 2807 3081 2868 Ἀκούσας
3130 2810 3185 2860 δὲ
3227 2810 3383 2861 τοῦτο
3414 2812 3440 2861 6
3475 2813 3582 2879 κύρ

2005 2897 2279 2967 Μανουὴλ,
2332 2898 2425 2950 καὶ
2460 2896 2686 2965 θεωρῶν
2715 2899 2797 2949 δτι
2840 2898 2936 2949 οὐκ
2984 2897 3208 2950 ἐδύνατο
3256 2900 3579 2967 ἀντιστῆναι

2004 2989 2246 3057 τοσούτῳ
2274 2988 2516 3056 στρατῷ,
2553 2991 2635 3052 είς
2664 2989 2865 3042 δειλίαν
2895 2992 2988 3041 καὶ
3020 2991 3183 3057 φόϐον
3208 2991 3456 3054 ἐνέπεσε,
3486 2992 3580 3043 καὶ

2008 3081 2081 3150 μὴ
2108 3080 2247 3149 ἔχων
2279 3099 2331 3133 τι
2378 3082 2566 3151 ἕτερον
2597 3081 2801 3149 πρᾶξαι
2832 3084 2976 3150 φυγῇ
3011 3084 3079 3150 τῇ
3127 3082 3370 3151 σωτηρίᾳ
3418 3084 3583 3151 ἐχρή-

2010 3190 2161 3238 σατο,
2203 3174 2371 3228 θέλων
2410 3174 2586 3226 ἐλθεῖν
2616 3173 2728 3243 48
2759 3174 2893 3242 πρὸς
2924 3175 3015 3226 τὸν
3059 3175 3269 3243 πατέρα
3303 3176 3393 3227 καὶ
3431 3174 3581 3242 βασι-

2004 3263 2100 3317 λέα
2144 3267 2201 3317 ὲν
2228 3268 2293 3336 τῇ
2332 3265 2505 3318 πόλει.
2552 3263 2613 3317 Ὀ
2666 3265 2722 3317 δὲ
2781 3266 2963 3336 πατὴρ
3004 3265 3090 3317 διὰ
3143 3265 3233 3318 τὸν
3281 3266 3443 3334 φόϐον
3485 3264 3580 3318 τοῦ

2004 3444 2178 3511 ψιηιδιΙ
2214 3443 2478 3507 viverent,
2512 3442 2805 3496 amicitiam
2842 3445 2992 3506 fecit,
3034 3444 3373 3513 interpositis
3402 3448 3578 3499 utrin.

2004 3552 2106 3605 que
2172 3537 2549 3600 sacramentis,
2610 3537 2809 3604 quibus
2846 3552 2905 3589 se
2951 3535 3127 3589 fmdus
3182 3547 3234 3590 et
3281 3538 3579 3592 amicitiam

2002 3628 2242 3682 enltnros
2275 3637 2327 3680 et
2363 3626 2589 3679 invicem
2627 3629 2728 3681 sibi
2760 3627 3117 3681 auxiliaturos
3179 3642 3303 3681 esse
3343 3643 3580 3697 spopon-

2003 3718 2219 3770 derunt.

2076 3809 2275 3864 llabuit
2332 3810 2630 3877 imperator
2659 3807 2900 3863 Joannes
2936 3808 3104 3862 hosce
3148 3808 3286 3863 ﬁlios
3318 3825 3331 3861 :
3375 3808 3576 3861 Andro.

2002 3902 2181 3954 uicum
2206 3903 2510 3966 despmsm,
2544 3899 2843 3954 Manuelem
2877 3900 3284 3964 imperatorem,
3331 3898 3580 3953 Theodo-

2004 4008 2120 4045 rum
2166 3992 2713 4061 vPorphyrogenitum
2745 4002 2799 4046 et
2844 3992 3158 4048 Michaelem
3231 3994 3509 4058 despotam
3562 4010 3577 4047 :

2003 4096 2228 4150 quorum
2261 4090 2386 4135 natu
2423 4084 2715 4136 maximum
2768 4083 3161 4146 Andronicum,
3198 4091 3254 4136 ut
3304 4083 3575 4137 hatredem

2004 4174 2236 4241 imperii,
2273 4175 2324 4225 in
2358 4174 2487 4227 urbe
2526 4188 2665 4237 esse,
2700 4171 3017 4228 Michaele'm
3075 4175 3450 4241 imperatorem
3484 4190 3577 4241 gu-

2003 4267 2232 4320 bernare
2254 4275 2309 4319 et
2342 4266 2723 4322 administrare
2748 4266 3187 4331 Thessalonicam
3217 4265 3406 4324 voluit,
3429 4266 3578 4317 The-

2002 4360 2227 4413 odorum
2260 4358 2785 4427 Porphyrogenitum
2836 4368 2955 4427 post
2984 4368 3254 4411 mortuum
3312 4356 3575 4409 Cantacu-

2004 4450 2122 4502 zeni
2168 4450 2331 4502 ﬁlium
2366 4448 2618 4515 Spartam
2657 4464 2780 4503 cum
2808 4431 3234 4516 imperio-misit.
3281 4448 3572 4501 Thcssalo-

325 4539 465 4592 ινιΗῆ
491 4534 671 4588 civilia
704 4546 1042 4599 summopere
1068 4530 1295 4583 aulicus
1319 4544 1438 4613 esse
1464 4529 1687 4594 videret,
1707 4530 1902 4597 opibus
1933 4530 1975 4584 ί)
2004 4540 2181 4591 nicam
2249 4537 2459 4613 Marine]
2509 4539 2787 4609 ingressus
2863 4554 2982 4592 cum
3041 4539 3450 4608 magistratibus
3519 4548 3575 4593 et

322 4627 443 4693 ejus
502 4637 608 4675 non
636 4615 744 4689 iam
789 4629 998 4690 poterat
1051 4619 1225 4673 resisti
1266 4634 1377 4685 ;ac
1423 4612 1539 4672 'tum
1583 4619 1814 4686 primunt
1848 4619 1901 4671 in

323 4720 543 4782 Europa
602 4712 1047 4768 Otltmanidnrum
1086 4726 1253 4780 genus
1294 4712 1344 4763 in
1370 4710 1575 4764 Traciaa
1624 4712 1905 4779 principes

324 4810 589 4873 impetum
641 4804 788 4867 fecit,
820 4813 981 4871 atque
1031 4803 1323 4857 Amurates
1378 4802 1714 4870 Calliopolim
1762 4803 1907 4869 cepit

320 4898 539 4966 aliaque
600 4910 706 4949 non
780 4907 947 4962 pauca
1020 4893 1156 4957 loca,
1190 4894 1385 4961 oppida
1445 4904 1497 4947 et
1526 4894 1742 4947 castella
1791 4902 1899 4946 tum

318 4986 716 5050 Romanorum,
736 4994 850 5038 tum
866 4985 1095 5038 aliorum
1112 4983 1543 5040 Christianorum
1573 4987 1899 5055 principum,

319 5079 482 5132 sicuti
524 5092 645 5130 mox
678 5077 729 5129 in
776 5075 884 5130 vita
922 5076 1040 5144 ejus
1087 5090 1435 5143 exponemus.
1464 5076 1673 5130 Etenim
1723 5086 1901 5131 trans-

320 5170 499 5221 ierant
524 5167 766 5235 quidem,
799 5174 856 5219 ut
908 5181 1072 5236 supra
1132 5160 1439 5232 docuimus,
1466 5169 1632 5221 etiam
1661 5167 1796 5222 alias
1843 5170 1895 5221 in

316 5261 597 5328 EurOpam
655 5259 861 5325 ancae,
924 5260 977 5312 in
1026 5260 1427 5315 Chersonesum
1484 5261 1742 5327 Thraciae,
1806 5274 1901 5315 nec

318 5360 503 5405 tamen
555 5352 853 5405 consistere
893 5361 1202 5420 potuerant,
1230 5362 1325 5405 aut
1356 5360 1436 5410 tot
1501 5352 1641 5417 loca,
1676 5352 1893 5419 oppida,

317 5443 567 5505 castella,
600 5450 727 5509 quot
784 5452 894 5495 tum
936 5452 1214 5513 ceperunt,
1250 5458 1585 5513 expugnare,
1636 5445 1893 5513 quoniam

316 5549 465 5586 nunc
496 5533 644 5601 justo
668 5533 809 5587 bello
836 5534 1033 5589 devicti
1086 5535 1502 5604 repellebantur,
1541 5550 1683 5590 nunc
1732 5538 1897 5591 latro-

315 5638 448 5675 num
483 5623 655 5676 instar
701 5624 909 5693 traiecti
946 5625 1303 5694 refugiebant.
1353 5626 1555 5679 Deinde
1578 5626 1892 5693 Amurates,

316 5716 483 5767 etiam
525 5716 868 5785 Adrianopoli
897 5728 954 5771 et
979 5732 1171 5787 magna
1206 5728 1354 5785 parte
1381 5718 1733 5787 Macedoniae,
1766 5721 1891 5775 Bnl~

316 5806 483 5875 δαείω
513 5817 565 5861 et
584 5808 783 5863 Serviat
810 5810 1033 5879 potitus,
1060 5821 1333 5878 postremo
1363 5827 1486 5866 cum
1539 5813 1884 5883 imperatore,

2010 4630 2332 4696 primoribus
2357 4631 2592 4689 civitatis
2621 4631 2907 4684 Serrarttm
2939 4645 3125 4700 pacem
3170 4631 3576 4698 amicitiamque

2007 4722 2261 4776 ﬁrmavit.
2297 4721 2480 4787 Itaque
2508 4724 2560 4777 lti
2584 4725 2865 4790 consilium
2896 4726 3156 4786 inierunt,
3207 4723 3409 4777 Turcas
3437 4739 3572 4791 ρεαλ-

2005 4815 2276 4878 sidiarios,
2305 4816 2393 4882 qui
2443 4830 2622 4870 arcem
2649 4816 2921 4880 tenebant,
2952 4816 3303 4869 interﬁciendi
3355 4818 3574 4869 urbem-

2006 4920 2112 4973 que
2150 4906 2374 4959 dedendi
2435 4907 2687 4961 Manneli.
2754 4907 2868 4960 Non
2926 4908 3082 4961 latuit
3128 4909 3228 4961 hoc
3284 4908 3568 4961 consilium

2005 5011 2265 5057 ameram,
2298 4997 2388 5064 qui
2419 4996 2841 5071 Carali-pasiam
2875 5000 3242 5066 cum‘magnis
3268 5000 3438 5065 capiis
3477 4998 3573 5049 ad.-

2002 5100 2193 5139 versus
2227 5086 2673 5141 Thessalonicam
2702 5097 2757 5140 et
2800 5089 3096 5143 Manuelem
3156 5092 3321 5152 misit,
3344 5090 3568 5151 ac,-nisi

2001 5187 2155 5244 capta
2205 5177 2337 5231 urbe
2383 5187 2436 5231 et
2468 5179 2649 5232 vincto
2710 5178 2976 5246 Mannele,
3002 5198 3125 5235 eum
3158 5183 3332 5237 redire
3377 5170 3569 5237 vetuit;

2000 5266 2113 5321 Hac
2152 5284 2208 5322 re
2284 5282 2582 5338 comperta,
2626 5273 2831 5327 Manuel
2912 5275 3187 5339 dominus,
3246 5290 3370 5329 cum
3422 5284 3569 5328 tanto

1997 5362 2257 5415 exercitui
2300 5376 2401 5414 non
2451 5379 2607 5429 posse
2636 5375 2694 5419 se
2720 5369 2972 5420 resistere
3026 5367 3371 5435 intelligeret,
3422 5377 3567 5420 metu

1998 5464 2061 5504 ac
2088 5453 2278 5506 timore
2313 5455 2811 5525 percellitur,atque
2842 5460 3064 5521 inscius,
3095 5459 3219 5526 quid
3250 5458 3393 5512 aliud
3423 5469 3566 5527 agat,

1997 5542 2123 5611 fuga
2174 5544 2401 5598 salutem
2432 5548 2623 5614 quaerit
2645 5559 2700 5604 et
2730 5550 3040 5619 Byzantium
3086 5554 3151 5605 ad
3190 5554 3566 5620 imperatorem

1996 5646 2047 5689 ct
2081 5648 2283 5702 patrem
2326 5640 2522 5693 reverti
2557 5636 2820 5697 decernit.
2854 5645 2921 5697 At
2949 5645 3056 5706 ille,
3081 5660 3318 5700 ameram
3344 5646 3568 5709 veritus,

1997 5726 2237 5795 recipere
2289 5742 2410 5782 eum
2461 5732 2646 5798 noluit,
2687 5736 2734 5788 ei
2768 5735 2961 5789 iratum
3008 5752 3067 5791 se
3108 5724 3228 5792 esse
3282 5743 3570 5794 ostendens

1996 5817 2235 5889 adeoque
2296 5823 2641 5882 vehementer
2690 5826 2949 5881 minatus.
3005 5827 3239 5900 Sperans
3278 5832 3390 5901 jam
3455 5833 3564 5888 Ma-
