4526 6514
863 364 967 429 687

2080 364 2403 427 GEORGII
2447 363 2878 428 ΡΗΒΑΝΤΖΛΞ

3974 370 4100 433 688

861 476 956 531 τοῦ
997 476 1102 548 κῦρ
1163 475 1414 546 Ἰωάννην
1467 476 1781 533 καταλιπὼν
1831 478 1918 532 ἵνα
1970 480 2145 551 διοικῇ
2176 481 2267 534 καὶ
2313 498 2410 533 κυ-
2449 486 2492 542 Α
2521 483 2878 552 χωρουμένην
2907 480 3010 536 ὑπὸ
3046 482 3208 552 λιμοῦ
3233 483 3451 549 πολλοῦ,
3481 484 3681 553 δμοίως
3729 485 3822 536 καὶ
3849 483 3945 536 τὶν
3976 484 4095 549 τῆς

864 569 1037 638 ϐερνᾷ
1061 567 1160 637 τὴν
1189 567 1346 622 πόλιν
1383 570 1478 622 καὶ
1505 569 1873 640 ἀντιμάχηται
1903 573 2016 634 τοῖς
2070 573 2352 638 ἐναντίοις,
2386 571 2415 624 6

862 661 918 713 δέ
945 659 1199 729 βασιλεὺς
1231 662 1330 728 τὴν
1362 661 1652 716 δέσποιναν
1683 663 1778 715 καὶ
1806 663 2036 731 σύζυγον
2091 662 2274 716 λαϐὼν
2321 664 2415 715 καὶ

861 750 943 810 είς
975 748 1384 816 Πελοπόννησον
1412 747 1583 801 ἐλθὼν
1627 749 1682 801 ἐν
1718 751 1784 818 τῇ
1850 749 2074 818 Σπάρτῃ
2118 749 2286 814 ἐγγὺς
2320 745 2414 799 τοῦ

860 839 1094 905 άδελφοῦ
1123 841 1229 909 κὺρ
1253 839 1531 910 Θεοδώρου
1557 841 1759 910 ταύτην
1785 843 1969 894 εῐασεν
1989 856 2001 871 °
2034 844 2062 893 6
2090 841 2148 892 δέ
2181 841 2239 892 ἐν
2277 841 2412 891 Ὶτα·

859 931 952 1001 λίᾳ
982 932 1174 984 ὁδεύει.
1203 932 1416 995 Φθάσας
1447 930 1542 986 οὖν
1591 933 1618 984 6
1659 932 1910 1001 βασιλεὺς
1960 934 2018 986 ἐν
2060 933 2276 1004 Ἐνετίᾳ
2311 932 2412 985 κά·

861 1021 1038 1071 κεῖθεν
1070 1019 1204 1087 πρὸς
1248 1019 1339 1072 τὸν
1365 1019 1531 1073 δοῦκα
1561 1019 1907 1074 Μεδιολάνων
1939 1017 2114 1090 ἐλθὼν
2148 1020 2297 1088 παρά
2320 1016 2413 1069 τοῦ

858 1112 1049 1173 δουκδς
1092 1111 1227 1179 μετά
1257 1113 1427 1180 τιμῆς
1487 1112 1730 1182 μεγάλης
1780 1113 1872 1166 καὶ
1917 1109 2201 1180 δαψιλείας
2240 1109 2320 1162 ἐτι
2358 1106 2414 1161 δέ

859 1204 951 1255 καὶ
979 1203 1305 1272 δορυφορίας
1336 1204 1554 1273 ἐδέχθη,
1587 1205 1681 1257 καὶ
1712 1204 1914 1266 ἵππους
1947 1205 2041 1257 καὶ
2073 1202 2413 1271 στρατιώτας

857 1295 1087 1356 πολλοὺς
1121 1294 1297 1355 δώσας
1326 1294 1473 1364 αύτῷ
1499 1296 1585 1347 ἵνα
1614 1295 1753 1364 πρὸς
1790 1297 1880 1347 τὸν
1930 1297 2074 1365 ρἧα
2127 1294 2413 1364 Φραγκίας

856 1384 1007 1454 ἔλθῃ,
1027 1384 1498 1453 ἐπαγγειλάμενος
1531 1386 1558 1436 6
1585 1385 1710 1447 δοὺξ
1742 1385 1820 1454 τῷ
1843 1383 2072 1452 βασιλεῖ,
2115 1385 2210 1438 ἐὰν
2246 1383 2338 1436 καὶ
2364 1383 2412 1432 oi

855 1474 1032 1542 ἐτεροι
1065 1475 1508 1544 δμοφρονήσωσι,
1544 1475 1636 1527 καὶ
1692 1475 1851 1537 αὐτὸς
1887 1478 1915 1528 6
1954 1474 2078 1537 δοὺξ
2138 1474 2280 1537 ίδίως
2320 1473 2413 1527 καὶ

856 1568 1178 1632 αὐτομάτως
1206 1565 1336 1636 ἔλθῃ
1374 1567 1465 1618 καὶ
1494 1566 1571 1635 τῷ
1625 1566 1836 1635 βασιλεῖ
1891 1566 1987 1618 καὶ
2018 1569 2084 1635 τῇ
2130 1566 2414 1634 ⁹Ρωμαίων

857 1658 998 1726 ἀρχῇ
1036 1657 1279 1728 βοηθήσῃ
1310 1659 1401 1710 καὶ
1429 1657 1502 1726 μὴ
1556 1657 1693 1728 ἐάσῃ
1731 1656 2166 1710 κινδυνεύουσαν.
2212 1654 2413 1708 Ἐλθὼν

863 1739 956 1800 οὖν
983 1749 1011 1801 6
1038 1748 1292 1817 βασιλεὺς
1325 1750 1417 1801 καὶ
1459 1746 1596 1817 πρὸς
1625 1751 1720 1800 τὸν
1752 1749 1896 1818 ρἧα
1940 1749 2207 1818 Φραγκῶν
2254 1738 2412 1816 εὗρεν

2519 575 2929 644 Πελοποννήσου
2960 575 3339 643 πόλεμον,·καὶ
3362 575 3576 645 βλέπων
3605 578 3688 628 ὅτι
3732 576 3912 636 οὐδεὶς
3965 575 4092 625 τῶν

2515 663 2860 732 Χριστιανῶν
2884 665 3162 719 αὐθεντῶν
3187 666 3379 734 ἤθελεν
3421 666 3603 727 αὐτοῖς
3634 666 3930 734 βοηθῆσαι,
3982 666 4092 716 καὶ

2513 751 2812 820 ἀπορηθεὶς
2833 752 2993 816 ὅλως,
3026 754 3270 823 περάσας
3298 756 3356 806 ἐν
3412 757 3478 824 τῇ
3523 753 3685 822 Ῥόδῳ
3740 754 3883 822 μετά
3929 755 4098 820 τριή-

2519 857 2658 909 ρεως
2691 841 2790 910 τὴν
2817 844 2917 911 τῆς
2965 844 3218 912 Σπάρτης
3239 842 3415 912 ἀρχὴν
3448 844 3799 911 ἐπεπωλήκει
3825 846 3891 910 τῇ
3931 843 4096 893 sse;—

2515 931 2708 1001 φότητι
2733 932 2828 984 τοῦ
2857 935 3140 1002 προφήτου
3165 935 3257 987 καὶ
3288 933 3594 987 Βαπτιστοῦ
3639 934 3911 986 Ἰωάννου.
3936 933 4096 985 Στεξ-

2516 1024 2706 1086 λαντες
2735 1021 2830 1076 οὖν
2855 1027 2887 1092 ἡ
2922 1024 3220 1096 ἀδελφότης
3242 1028 3392 1088 τινὰς
3428 1027 3537 1078 τῶν
3585 1027 3985 1094 σταυροφόρων
4029 1029 4092 1074 ἐν

2515 1113 2578 1181 τῇ
2605 1113 2829 1182 Σπάρτῃ
2861 1115 2949 1166 ἵνα
2980 1116 3270 1183 ἐγκρατεῖς
3309 1116 3408 1183 τῆς
3434 1115 3612 1184 ἀρχῆς
3645 1115 3722 1176 ώς
3746 1115 3934 1182 κύριοι
3990 1112 4093 1164 καὶ

2515 1203 2773 1256 δεσπόται
2796 1207 3156 1273 γενήσοινται,
3191 1206 3368 1267 δολαδς
3409 1205 3483 1267 ώς
3532 1201 3671 1257 εἶδεν
3728 1205 3930 1265 αὐτοὺς
3987 1204 4090 1254 καὶ

2515 1296 2718 1364 ἢκουσε
2743 1295 2810 1346 τά
2835 1298 3125 1364 γενόμενα,
3158 1295 3427 1365 ὥρμησαν
3469 1296 3608 1364 μετά
3638 1295 3812 1360 ξύλων
3857 1294 3958 1346 καὶ
3985 1309 4088 1343 πε-

2514 1387 2662 1455 τρῶν
2696 1386 2836 1454 μετά
2867 1387 3043 1454 θυμοῦ
3079 1388 3403 1457 δραμόντες,
3442 1388 3527 1439 ινα
3564 1389 3691 1450 τοὺς
3733 1385 4093 1452 ἀπεσταλμέο

2514 1494 2642 1538 νους
2675 1476 3091 1546 σταυροφόρους
3140 1477 3534 1530 ἀποκτείνωσι.
3575 1477 3636 1529 ’0
3691 1476 3750 1528 δέ
3785 1475 4086 1545 ἀρχιερεὺς

2512 1568 2610 1622 τοῦ
2646 1569 2814 1622 τόπου
2851 1566 3067 1629 σταθεὶς
3116 1569 3210 1619 καὶ⁵
3239 1568 3532 1637 ὁμιλήσας,
3568 1569 3656 1621 ῐνα
3708 1567 3783 1636 μή
3846 1567 4085 1632 τοιαύτη

2513 1656 2710 1722 ἀταξία
2739 1657 3057 1727 γενήσηται,
3097 1655 3366 1710 ἐδυσώπει
3412 1657 3501 1710 τὸν
3534 1657 3682 1722 λαὸν,
3742 1659 3839 1709 καὶ
3895 1657 4090 1708 πειθό-

2518 1762 2670 1817 μενοι
2706 1749 2818 1810 τοϊς
2875 1747 3068 1800 τούτου
3128 1747 3308 1814 λόγοις
3333 1750 3448 1809 τοῖς
3476 1745 3874 1816 πυροφόροις
3908 1744 4088 1812 τριῶν

857 1840 1019 1891 αὑτὸν
1043 1841 1102 1890 ἐν
1121 1840 1373 1907 ἀσθενείᾳ
1406 1839 1684 1908 βαρυτάτῃ
1709 1839 1902 1908 ἔχοντα
1927 1839 2023 1892 καὶ⁵
2064 1838 2169 1905 ἐξω
2198 1838 2411 1905 φρενῶν
2443 1821 2490 1881 Β
2519 1836 2742 1907 ήμερῶν
2761 1837 2967 1907 διορίαν
3001 1837 3226 1902 ἐδωσαν,
3262 1838 3349 1891 ῐνα
3381 1839 3445 1890 ἐκ
3457 1837 3564 1890 τῶν
3589 1839 3755 1907 ὁρίων
3775 1836 3878 1904 τῆς
3895 1838 4085 1903 Σπάρ-

857 1931 1173 2001 ΰπάρχοντα
1199 1944 1213 1960 ⁸
1247 1931 1340 1983 καὶ
1362 1931 1411 1983 ot
1447 1929 1744 1995 σύμϐουλοι
1781 1929 1944 1982 αὐτοῦ
1997 1928 2096 1982 οὒκ
2153 1923 2299 1998 εῖχόν
2358 1946 2409 1981 τι

857 2019 1226 2090 ἀποκριθῆναι
1252 2018 1422 2089 μόνοι.
1470 2017 1531 2069 '0
1575 2018 1671 2086 μέν
1709 2016 1962 2086 βασιλεὺς
1998 2016 2282 2086 ἄπρακτος
2319 2016 2412 2068 ἐπὶ

855 2110 958 2180 τήν
991 2103 1989 2174 Κωνσταντινούπολινἐπανέστρεψαν
2005 2105 2098 2160 ἐπὶ
2109 2102 2262 2169 ἔτους
2286 2110 2411 2176 ,αυε’

855 2200 1226 2269 Σεπτεμϐρίου
1259 2198 1348 2267 ιγ’.

929 2298 1030 2358 ις’.
1075 2289 1164 2346 Ἔν
1193 2293 1367 2361 τούτῳ
1404 2289 1481 2360 τῷ
1520 2290 1632 2344 ἔτει
1671 2291 1699 2343 6
1741 2289 1963 2358 ἀμηρᾶς
2008 2284 2410 2356 Μπαγιαζήτης

855 2385 996 2438 κατά
1037 2384 1134 2453 τῆς
1187 2383 1598 2450 Πελοποννήσου
1657 2380 1751 2434 τὸν
1797 2379 2272 2434 Γιακούπ-πασιᾶν
2319 2379 2413 2432 καὶ

851 2480 947 2532 τὸν
974 2477 1255 2546 Βρενάζην
1285 2475 1490 2530 ἐστειλε
1531 2476 1668 2535 μετὰ
1711 2474 1945 2544 στρατοῦ
2001 2461 2256 2543 χιλιάδων
2288 2487 2415 2522 πεν-

855 2570 1130 2638 τήκοντα·
1169 2567 1265 2620 καὶ
1295 2569 1353 2620 ἐν
1383 2567 1462 2637 τῷ
1488 2567 1827 2638 ἀπέρχεσθαι
1860 2565 1966 2638 63
2010 2565 2207 2627 αὐτοὺς
2249 2564 2307 2616 ἐν
2344 2564 2411 2632 τῇ

853 2659 960 2730 6δῷ
990 2661 1086 2714 καὶ
1114 2659 1262 2714 ἐνδον
1290 2660 1388 2728 τῆς
1420 2660 1834 2725 Πελοποννήσου
1880 2658 2188 2725 φθάσαντες
2244 2654 2414 2707 πολλά

857 2752 1002 2805 κακά
1031 2751 1126 2804 καὶ
1152 2750 1302 2804 δεινά
1327 2748 1425 2804 καὶ
1472 2749 1944 2819 ἀνδραποδισμοὺς
2001 2750 2114 2810 τοῖς
2145 2748 2410 2815 Χριστια-

855 2847 967 2908 νοῖς
996 2843 1292 2912 ἐπέθηκαν,
1319 2841 1502 2905 καθὼς
1528 2843 1583 2894 ἐν
1609 2841 1776 2910 ὀλίγῳ
1830 2840 1923 2892 ἐπὶ
1974 2838 2073 2906 τῆς
2125 2837 2267 2905 ζωῆς
2319 2834 2412 2887 τοῦ

857 2933 1256 3003 Μπαγιαζήτου
1287 2933 1607 3002 ῥηθήσεται.
1663 2932 1721 2984 Ὀ
1750 2932 1808 2984 δὲ
1861 2930 2128 2998 δεσπότης
2157 2929 2262 2997 κὺρ
2287 2926 2415 2979 Θεό·

855 3023 1027 3093 δωρος
1074 3024 1301 3095 θεωρῶν
1355 3027 1421 3076 τὰ
1471 3025 1582 3076 τῶν
1643 3021 1933 3092 Ῥωμαίων
1979 3023 2282 3089 πράγματα
2332 3018 2414 3071 ὅτι

2510 1942 2608 1995 της
2645 1925 2780 1995 μετά
2813 1927 3036 1994 είρήνης
3061 1927 3514 1995 ἀναχωρήσωσινο
3555 1929 3605 1980 εί
3640 1927 3694 1979 δὲ
3723 1927 3909 1987 άλλως
3936 1927 4088 1994 πρά-

2513 2015 2696 2081 ξωσιν,
2731 2015 2884 2070 αὐτοὶ
2909 2016 3154 2085 ὄψονται.
3201 2016 3422 2081 Ἰδόντες
3473 2014 3571 2073 οὖν
3600 2013 3749 2073 οὗτοι
3793 2021 3877 2072 δτι
3925 2020 4087 2070 οὐδὲν

2513 2106 2854 2177 κατώρθουν,
2884 2107 3022 2161 ἀλλά
3084 2108 3284 2176 μᾶλλον
3346 2109 3577 2178 θόρυϐος
3643 2111 3738 2163 καὶ
3804 2110 4087 2163 σκάνδαλα

2512 2197 2752 2265 ἐγίνοντο
2785 2197 2879 2250 καὶ
2914 2196 3016 2267 τὴν
3055 2198 3204 2264 ζωὴν
3241 2198 3480 2266 μάλιστα
3512 2199 3886 2264 ἐκινδύνευον,
3922 2202 4089 2268 ἐγερ-

2512 2289 2697 2353 θέντες
2725 2287 2834 2360 64
2863 2289 3276 2359 ἐπανέστρεψαν
3311 2291 3520 2343 οίκαδε.
3558 2294 3622 2342 Οί
3645 2291 3698 2342 δέ
3731 2291 4084 2358 Σπαρτιᾶται

2510 2381 2602 2433 τὸν
2624 2382 2887 2451 πρόεδρον
2921 2381 3101 2436 αὐτῶν
3143 2382 3240 2432 καὶ
3262 2381 3430 2434 δοῦκα
3469 2382 3748 2450 ἐψήφισαν
3769 2375 3952 2442 ¹εἶναι,
3981 2382 4084 2432 καὶ

2514 2472 2808 2535 πολιτικῶς
2865 2473 2960 2525 καὶ
3021 2473 3496 2541 ἐκκλησιαστικῶς
3540 2472 3730 2541 ἦθελον
3787 2473 4085 2540 κρίνεσθαι

2513 2563 2612 2615 καὶ
2662 2562 3037 2633 κυϐερνᾶσθαι
3098 2563 3187 2615 ὑπ’
3219 2564 3405 2616 αὑτοῦ.
3452 2564 3510 2614 '0
3553 2564 3608 2615 δέ
3659 2563 3926 2631 δεσπότης
3977 2564 4092 2632 κὺρ

2513 2653 2792 2722 Θεόδωρος
2823 2653 2896 2716 ώς
2923 2649 3031 2705 εἶδε
3061 2653 3160 2715 τὰς
3182 2654 3404 2716 ἐλπίδας
3440 2653 3792 2722 ψευσθείσας,
3839 2654 3906 2705 τὰ
3943 2656 4090 2722 χρὴ·

2518 2759 2662 2815 ματα
2696 2745 2731 2796 ἀ
2770 2745 2936 2799 ἔλαϐε
2965 2748 3032 2814 τῇ
3073 2746 3399 2814 ἀδελφότητι
3432 2745 3657 2806 ἐκτίνας
3695 2744 3943 2807 ὄπισθεν,
4003 2747 4092 2807 εἰς

2512 2839 2772 2908 Σπάρτην
2800 2840 2857 2890 ἐν
2880 2840 2945 2907 τῇ
2981 2838 3143 2890 αὑτοῦ
3198 2840 3346 2907 ἀρχῇ
3388 2838 3558 2890 θέλων
3591 2837 3790 2899 ἐλθεῖν,
3813 2839 3916 2889 ούκ
3960 2836 4094 2903 ἤθε-

2514 2930 2603 2982 λεν
2629 2929 2884 2998 δεχθῆναι
2905 2929 3068 2980 αὑτὸν
3095 2931 3122 2980 6
3141 2929 3330 2997 δῆμος,
3354 2929 3493 2981 ἀλλά
3529 2929 3764 2998 μάλιστα
3790 2927 3888 2979 καὶ
3909 2926 4089 2993 ὕϐρε-

2516 3036 2602 3072 σιν
2625 3019 2938 3073 ἐνέπλυνον.
2984 3021 3094 3072 Καὶ⁵
3133 3019 3343 3071 πολλῶν
3397 3019 3576 3086 λόγων
3633 3018 3940 3087 γενομένων
3985 3017 4091 3067 καὶ

856 3115 1031 3178 οὕτως
1085 3118 1272 3181 κακῶς
1325 3117 1614 3181 διέκειντο,
1657 3115 1752 3168 καὶ
1791 3114 1893 3182 τὴν
1957 3113 2113 3166 πόλιν
2159 3109 2413 3164 τοσοῦτον
2439 3144 2485 3205 C
2517 3111 2825 3166 σκανδάλων
2857 3112 3008 3173 τέλος
3038 3112 3390 3179 ἐμεσίτευσεν
3415 3112 3440 3162 ὁ
3466 3111 3778 3179 ἀρχιερεὺς,
3839 3108 3933 3160 καὶ
3970 3109 4090 3158 τεά-ι

857 3207 1050 3276 καιρὸν
1083 3208 1498 3261 κινδυνεύουσαν
1546 3205 2060 3274 ἀποκεκλεισμίνην
2112 3205 2206 3257 καὶ
2237 3219 2418 3256 στενο-
2444 3195 2485 3205 “
2515 3199 2603 3256 λιν
2640 3203 2938 3272 ἐδέχθησαν
2969 3195 3061 3256 καῖ
3095 3201 3358 3270 ἔστερξαν
3387 3201 3550 3254 αὑτὸν
3576 3196 3714 3253 εἶναι
3753 3200 3824 3259 ὡς
3870 3199 3975 3250 καὶ
4015 3198 4091 3250 τὺ

857 3393 1092 3450 hostium
1128 3390 1544 3460 propulsandum
1600 3389 1834 3458 reliquit.
1871 3388 1988 3457 Ipse
2016 3400 2136 3442 cum
2183 3387 2417 3454 impera-

855 3489 994 3541 trice
1033 3484 1257 3552 conjuge
1305 3483 1358 3536 in
1401 3481 1824 3551 Peloponnesum
1869 3479 2158 3548 profectus,
2215 3467 2418 3546 spartae

859 3591 980 3631 eam
1023 3575 1163 3646 apud
1188 3573 1524 3628 Theodorum
1559 3572 1775 3626 fratrem
1831 3570 2080 3638 deposuit
2108 3578 2161 3623 et
2212 3568 2416 3624 Italiam

858 3679 1046 3719 versus
1105 3666 1385 3733 processit.
1454 3661 1688 3716 Primum
1743 3658 1998 3714 Venetias
2048 3659 2238 3723 venit;
2294 3661 2418 3715 inde

860 3756 927 3810 ad
959 3757 1149 3811 ducem
1173 3753 1646 3808 Mediolanensium
1689 3753 1946 3821 perrexit,
1978 3753 2067 3819 qui
2103 3765 2225 3804 eum
2250 3750 2418 3803 hono-

862 3847 1262 3903 riﬁcentissime
1293 3855 1454 3914 atque
1483 3860 1678 3913 magno
1701 3859 1822 3898 cum
1855 3851 2071 3912 sumptu
2105 3853 2303 3896 etcum
2334 3857 2419 3896 sa-

861 3938 1122 3994 tellitibus
1137 3936 1367 4004 excepit,
1392 3935 1673 4003 eidemque
1686 3935 1923 4002 equitum
1942 3934 2283 4002 peditumque
2308 3947 2420 3985 ma-

860 4045 1021 4100 gnum
1045 4029 1356 4083 comitatum
1381 4026 1447 4080 ad
1472 4041 1646 4094 regem
1689 4023 2018 4076 Francorum
2054 4023 2219 4084 dedit,
2259 4022 2417 4091 polli-

861 4123 1022 4185 citus,
1084 4120 1129 4174 si
1181 4118 1359 4172 caeteri
1409 4117 1802 4177 consentirent,
1850 4123 2022 4170 semet
2051 4114 2126 4167 illi
2157 4123 2211 4166 et
2245 4115 2416 4181 impe-

860 4213 944 4266 rio
971 4207 1211 4264 Romano
1233 4224 1330 4263 sua
1364 4215 1554 4276 sponte
1575 4208 1782 4261 auxilio
1819 4217 2101 4261 venturum
2139 4220 2202 4258 ac
2226 4206 2418 4260 discri-

863 4315 985 4356 men
1011 4299 1355 4370 depulsurum
1390 4313 1530 4353 esse.
1560 4297 1637 4352 Ad
1670 4312 1847 4366 regem
1906 4295 2240 4350 Francorum
2293 4309 2416 4348 cum

858 4393 1120 4454 venisset,
1158 4391 1344 4444 morbo
1402 4389 1721 4460 gravissimo
1769 4403 1890 4441 eum
1942 4386 2337 4441 conﬁietantem
2364 4394 2419 4439 et

2518 3381 2767 3436 Rhodum
2819 3381 3088 3450 trajectus,
3135 3380 3343 3449 Sparta:
3411 3382 3767 3449 principatum
3826 3381 4097 3435 societati

2516 3474 2740 3530 Joannis
2781 3473 3051 3544 propheta:
3085 3483 3137 3528 et
3183 3473 3427 3542 baptista:
3477 3473 3729 3528 vendidit.
3788 3472 3930 3526 Misit
4014 3489 4088 3527 ea

2519 3567 2748 3621 societas
2800 3565 3046 3634 Spartam
3095 3565 3407 3632 crucigeros
3442 3564 3642 3633 aliquot
3687 3567 3751 3616 ad
3779 3578 3896 3617 eam
3944 3578 4087 3631 pro-

2517 3658 2749 3711 vinciam
2780 3655 3142 3723 occupandam
3174 3666 3230 3710 et
3256 3655 3357 3711 sibi
3395 3656 3766 3710 vindicandam
3791 3664 3848 3708 ut
3896 3654 4090 3708 domi-

2521 3750 2623 3802 nis.
2656 3745 2862 3813 Quibus
2899 3745 3086 3800 incolae
3118 3747 3421 3814 conspectis
3447 3757 3501 3800 et
3542 3748 3756 3808 auditis,
3785 3760 3904 3813 quae
3959 3755 4090 3800 aeta

2519 3847 2721 3901 essent,
2757 3838 3006 3892 hortante
3038 3837 3340 3899 iracundia,
3370 3852 3492 3892 cum
3543 3837 3712 3891 clavis
3735 3846 3790 3891 et
3840 3837 3993 3890 saxis
4019 3853 4051 3890 a
4078 3844 4093 3889 l

2517 3944 2611 3984 eos
2638 3929 2959 3984 occidendos
2991 3937 3337 3998 procurrunt.
3387 3929 3455 3982 At
3484 3931 3867 3999 superveniens
3913 3940 3963 3982 et
3999 3933 4095 3982 in-

2520 4027 2801 4079 tercedens
2831 4025 2945 4090 ejus
2974 4025 3209 4092 regionis
3261 4024 3568 4092 episcopus,
3615 4036 3681 4076 ne
3722 4022 3856 4077 tales
3914 4023 4096 4078 turba:

2519 4116 3153 4184 orirentur,objurgabat
3184 4116 3603 4180 multitudinem,
3624 4130 3742 4183 qua:
3767 4115 3930 4169 dictis
3962 4117 4096 4182 ejus

2518 4207 2797 4271 obsecuta,
2843 4209 3002 4260 trium
3055 4207 3262 4261 dierum
3312 4209 3546 4277 spatium
3612 4207 3909 4275 crucigeris
3953 4219 4096 4260 cono

2519 4298 2703 4361 cessit,
2736 4312 2843 4366 quo
2873 4312 2904 4351 e
2937 4296 3144 4365 Spartae
3188 4298 3391 4352 ﬁnibus
3423 4297 3602 4366 quiete
3634 4287 3978 4352 excederent.
4033 4297 4091 4350 8i

2520 4401 2682 4442 secus
2713 4386 2983 4449 fecissent,
3019 4389 3164 4456 ipsos
3192 4403 3534 4456 experturos,
3578 4404 3687 4456 quo
3718 4403 3777 4440 ea
3838 4404 3926 4441 res
3960 4404 4094 4439 eru-

863 4483 1058 4537 mentis
1091 4481 1341 4549 impotem
1386 4481 1621 4549 reperit;
1651 4493 1750 4534 nee
1801 4478 2073 4532 habebant
2123 4475 2417 4530 consiliarii
2446 4463 2498 4523 D
2523 4491 2648 4530 sura
2701 4487 2864 4531 esset.
2905 4475 3004 4540 Illi,
3056 4493 3177 4532 cum
3222 4479 3354 4532 nihil
3387 4494 3445 4533 se
3487 4478 3725 4542 eliicere,
3763 4478 3857 4531 sed
3901 4483 4092 4529 turbas

859 4575 999 4639 ejus,
1049 4571 1148 4627 soli
1199 4571 1338 4639 quod
1389 4569 1463 4622 illi
1520 4584 1836 4637 responsum
1889 4571 2100 4621 darent.
2141 4565 2322 4635 Itaque
2362 4577 2421 4618 re

860 4660 1062 4716 iniecta
1080 4661 1374 4727 imperator
1401 4656 1608 4724 Cpolim
1642 4654 1826 4720 rediit,
1853 4652 1993 4709 ann'o
2020 4653 2180 4717 “05,
2220 4654 2421 4708 mensis

861 4747 1190 4816 Septembris
1234 4746 1318 4798 die
1354 4745 1436 4797 15.

930 4837 1019 4891 16.
1049 4836 1246 4890 Eodem
1274 4847 1414 4887 anno
1450 4831 1728 4900 Brajazetes
1767 4844 1976 4883 ameras
2002 4827 2419 4898 Giacup-pasia-

861 4947 983 4985 nem
1014 4939 1066 4984 et
1099 4928 1390 4982 Breuazem
1446 4925 1501 4979 in
1529 4923 1957 4993 Peloponnesum
2006 4936 2128 4976 cum
2177 4921 2422 4975 exercitu

860 5019 1247 5091 quinquaginta
1275 5017 1496 5070 millium
1543 5015 1726 5070 misit:
1763 5014 1851 5082 qui
1882 5023 1935 5068 et
1968 5014 2022 5067 in
2075 5015 2192 5080 ipso
2229 5012 2420 5065 itinere

862 5121 915 5165 et
945 5111 999 5163 in
1036 5107 1405 5175 Peloponneso
1440 5103 1622 5157 multis
1675 5102 2052 5166 incommodis,
2094 5100 2420 5154 calamitati-

860 5207 967 5258 bus
1006 5217 1069 5256 ac
1120 5199 1353 5255 servitiis
1405 5196 1741 5252 Christianos
1789 5194 2110 5257 amixernnt,
2148 5204 2206 5246 ut
2259 5193 2422 5261 paulo

860 5293 1003 5346 infra
1028 5293 1080 5344 in
1109 5292 1218 5344 vita
1278 5288 1545 5357 stazetis
1602 5284 1925 5340 narrabitur.
1960 5283 2273 5336 Theodorus
2324 5283 2415 5335 de-

860 5392 1035 5451 spota,
1063 5396 1184 5434 cum
1225 5395 1338 5434 rem
1379 5377 1671 5432 Romanam
1727 5385 1833 5430 tam
1885 5376 2024 5429 male
2055 5373 2307 5428 ail‘ectam
2365 5382 2417 5425 et

861 5477 1049 5526 urbem
1084 5481 1190 5524 tam
1241 5473 1330 5526 diu
1392 5468 1808 5542 perielitantem,
1848 5467 2122 5522 obsessam
2155 5477 2207 5521 et
2265 5466 2413 5533 gravi

862 5562 1005 5616 Fame
1036 5576 1370 5630 oppressam,
1407 5560 1596 5614 deinde
1625 5559 2046 5628 Peloponnesum
2087 5557 2224 5609 bello
2258 5570 2415 5609 vexa-

860 5663 1002 5720 tam,
1021 5664 1076 5708 et
1112 5654 1538 5708 Christianorum
1571 5652 1871 5722 principum
1909 5651 2106 5706 nullum
2136 5650 2237 5705 sibi
2267 5650 2415 5702 auxi-

861 5748 1112 5802 liaturum
1162 5747 1391 5809 videret,
1446 5747 1591 5800 omni
1635 5760 1730 5815 spe
1779 5745 2006 5813 abiecta,
2056 5760 2157 5797 una
2209 5742 2410 5798 triremi

2522 4580 2585 4620 ac
2614 4565 2877 4620 tumultus
2901 4567 3126 4620 excitari
3175 4575 3336 4635 atque
3363 4568 3524 4620 vitam
3577 4581 3728 4620 suam
3791 4567 3842 4618 in
3885 4567 4087 4618 discri-

2523 4671 2642 4710 men
2673 4657 2866 4711 adduci
2895 4658 3158 4723 viderent,
3184 4657 3375 4711 castris
3430 4658 3610 4719 motis,
3645 4657 3864 4711 domum
3906 4661 4084 4712 redie-

2522 4755 2670 4800 runt.
2704 4745 2954 4814 Spartani
2983 4746 3288 4814 episcopum
3329 4747 3493 4800 etiam
3550 4747 3831 4812 praesidem
3883 4750 4086 4801 suﬂ’ra-

2522 4834 2625 4903 giis
2652 4835 3050 4889 constituerunt
3077 4843 3130 4889 et
3156 4835 3224 4890 ab
3261 4849 3327 4889 eo
3365 4850 3475 4888 rem
3500 4851 3653 4890 suam
3707 4845 3815 4888 tam
3865 4838 4084 4890 civilem

2522 4938 2684 4993 quam
2719 4926 3142 4981 ecclesiasticam
3169 4927 3536 4980 administrari
3573 4927 3880 4981 voluerunt.
3906 4926 4086 4982 Theo-

2522 5017 2707 5083 dorus,
2761 5031 2883 5072 cum
2915 5031 2976 5072 se
3002 5031 3096 5086 spe
3144 5015 3338 5071 falsum
3367 5031 3489 5072 esse
3538 5017 3784 5079 vidisset,
3825 5021 4082 5083 pecunia,

2520 5123 2681 5177 quam
2758 5115 3063 5175 acceperat,
3109 5107 3353 5163 societati
3405 5109 3674 5171 restituta,
3720 5105 3975 5177 Spartam
4028 5111 4078 5162 in

2520 5196 2849 5268 provinciam
2880 5213 3028 5253 suam
3066 5200 3358 5262 rediturus,
3403 5213 3506 5253 non
3533 5199 3889 5266 recipiebatur
3919 5215 3949 5250 a
3986 5215 4082 5264 po-

2521 5291 2666 5358 pulo,
2700 5289 2792 5344 sed
2829 5290 3201 5357 exagitabatur
3229 5288 3508 5343 conviciis.
3546 5285 3675 5343 Post
3722 5288 3923 5342 multos
3962 5299 4082 5342 tan-

2521 5383 2641 5435 dem
2708 5395 2986 5434 sermones
3024 5389 3077 5434 et
3111 5380 3392 5444 tumultus,
3426 5379 3749 5434 conciliante
3797 5380 4079 5450 episcopo,

2520 5488 2641 5527 eum
2673 5470 2941 5538 recipiunt
2967 5480 3021 5523 et
3043 5471 3330 5536 pristinum
3378 5470 3623 5525 obtinere
3667 5470 3894 5541 gradum
3949 5471 4082 5531 pati-

2521 5572 2701 5614 untur.
2735 5558 3054 5627 Priusquam
3097 5570 3273 5615 tamen
3323 5561 3719 5624 restitueretur,
3767 5574 4079 5614 sacramen-

2523 5654 2590 5705 tis
2623 5667 2744 5705 eum
2796 5652 3221 5712 obstrinxeruut,
3248 5667 3319 5708 ne
3366 5666 3598 5718 unquam
3658 5666 3863 5707 memor
3916 5661 4072 5715 esset,

2520 5756 2636 5809 (piae
2676 5740 2949 5795 iecissent.
