4526 6514
440 509 551 567 (ἴδε)

1497 516 1942 577 (ΣΙΙΗΟΝΙΟἿΝ
1993 515 2261 577 MAJUS.
2307 517 2545 578 -ιω
2596 515 2643 574 Ῐ.

3571 511 3679 571 690

440 623 732 695 πρότερον.
773 621 917 692 Πλὴν
945 621 1073 693 πρὶν
1098 622 1190 678 τοῦ
1222 623 1319 694 τὴν
1353 626 1585 699 κατοχὴν
1611 628 1795 682 λαϐεῖν
1813 630 1997 697 αὐτὸν,
2032 636 2075 687 Δ
2104 629 2233 699 περὶ
2264 630 2357 682 τοῦ
2383 630 2617 683 θανάτου
2662 626 2756 679 τοῦ
2791 625 3057 696 βασιλέως
3091 625 3197 694 κῦρ
3237 624 3489 678 Ἰωάννου
3523 624 3579 674 ὲν
3604 626 3669 691 τῇ

442 707 722 782 συνθήκας
754 712 893 782 μετὰ
937 713 1117 784 ὅρκων
1149 717 1512 786 συνέστησαν,
1543 719 1632 773 ἵνα
1683 721 1759 791 μὴ
1806 724 1884 785 είς
1918 723 2009 776 τὸν
2111 720 2479 791 Θεσσαλονίκῃ
2502 720 2596 774 καὶ
2616 718 2719 785 τῆς
2757 717 3023 781 ἐλεύσεως
3054 719 3239 771 ὲκείσε
3259 715 3356 770 τοῦ
3414 713 3680 784 βασιλέως

441 805 620 858 αίῶνα
644 804 929 875 ἐνθυμηθῇ
955 806 1057 859 ὅσα
1087 808 1378 877 ἐποίησαν.

2113 813 2494 883 κὺρίΜανουὴλ
2517 814 2611 868 καὶ
2635 813 2753 867 υἱοῦ
2778 812 2971 878 αὑτοῦ,
3002 813 3097 865 καὶ
3125 812 3226 882 τῆς
3252 810 3347 865 τοῦ
3372 808 3489 862 υἱοῦ
3512 805 3679 860 αὐτοῦ

523 896 611 960 ιζ’.
656 897 745 951 Ἐν
771 897 827 951 δὲ
844 898 921 968 τῷ
948 899 1129 970 καιρῷ
1154 901 1351 970 ἐκείνῳ
1378 903 1470 957 ἐπὶ
1506 904 1683 967 ἔτους.
1706 943 1721 958 .
1750 945 1764 959 .
1792 943 1831 969 .,
1861 907 2014 976 δι’ἣν
2112 905 2372 959 δεσπότου
2392 905 2497 974 κὺρ
2515 903 2858 973 Ἀνδρονίκου
2892 904 3010 956 ἐκεῖ
3031 901 3554 962 ἀποκαταστάσεως,
3585 900 3683 951 καὶ⁵

445 990 632 1042 αἰτίαν
680 990 1010 1061 εἰρήκαμεν,
1054 992 1149 1047 καὶ
1194 996 1223 1047 6
1254 993 1527 1065 δεσπότης
1570 997 1678 1067 κὺρ
1745 999 2014 1069 Ἀνδρόνι-

446 1097 545 1142 κος
604 1081 706 1152 τὴν
746 1082 1155 1155 Θεσσαλονίκην
1209 1086 1275 1155 τῇ
1349 1085 1459 1139 τῶν
1516 1085 1751 1141 Ἑνετῶν
1817 1106 2014 1159 γερου-

448 1170 545 1241 σίᾳ
573 1173 964 1244 ἔμπεπωλήκει
997 1175 1089 1229 διά
1121 1174 1331 1247 φλωρία
1363 1176 1605 1247 χιλιάδας
1648 1179 2014 1249 πεντήκοντα.

2114 996 2208 1052 τοῦ
2238 997 2474 1053 θανάτου
2503 997 2599 1049 τοῦ
2623 995 2890 1049 δεσπότου
2923 994 3029 1066 κὺρ
3079 994 3361 1085 Θεοδώρου
3412 991 3505 1044 tot?
3542 1008 3680 1059 πορ-

2115 1091 2524 1160 φυρογεννήτσυ
2559 1090 2641 1152 είς
2678 1090 2778 1158 τὴν
2812 1087 3252 1158 Λακεδαιμονίαν
3281 1089 3452 1157 ήγουν
3471 1087 3551 1148 εἰς
3581 1084 3682 1151 τὴν

2117 1181 2398 1252 Σπάρτην,
2426 1180 2637 1234 καὶτοῦ
2671 1180 2936 1247 βασιλέως
2975 1180 3070 1233 καὶ
3108 1177 3342 1245 ἀδελφοῦ
3372 1175 3538 1229 αὐτοῦ
3575 1175 3683 1241 κὺρ

532 1262 599 1314 Ἦ
621 1262 678 1315 δὲ
702 1263 990 1335 ἐλευθερία
1030 1267 1131 1333 τῆς
1175 1267 1384 1330 πόλεως
1417 1269 1482 1323 ὲκ
1505 1268 1602 1321 τοῦ
1640 1270 2015 1339 ἀποκλεισμοῧ
2118 1274 2377 1344 Μανουὴλ
2417 1275 2477 1326 ὲν
2532 1275 2600 1343 τῇ
2655 1273 3053 1342 Πελοποννήσῳ
3093 1272 3382 1333 ἐλεύσεως.
3441 1270 3552 1321 Καὶ
3591 1267 3683 1319 τὸν

448 1354 627 1417 σῧτως
666 1356 914 1423 γέγονεν·
962 1357 1229 1421 Ἀκούσας
1251 1361 1279 1412 '5
1307 1360 1527 1429 ἀμηρᾶς
1554 1361 1635 1413 ὅτι
1678 1361 1707 1413 ὁ
1735 1361 2017 1432 Ντεμίρης
2120 1366 2351 1420 θάνατον
2384 1364 2479 1417 τοῦ
2515 1366 2711 1434 ἀμηρᾶ
2762 1363 3189 1431 Μουσουλμάνου
3226 1364 3337 1433 66
3393 1360 3543 1428 παρὰ
3588 1358 3684 1411 τοῦ

448 1448 479 1499 6
514 1447 773 1514 βασιλεὺς
814 1449 1039 1504 Σκυθῶν
1070 1451 1165 1503 καὶ
1216 1452 1595 1519 Μασσαγετῶν
1638 1453 1859 1522 ἔρχεται
1894 1453 2016 1507 κατ’

449 1539 622 1591 αὑτοῦ
652 1540 751 1593 ινα
775 1542 915 1611 μετά
951 1543 1186 1613 στραιοῦ
1222 1546 1598 1617 μυριαρίθμου
1629 1545 1869 1614 πόλεμον
1897 1562 2020 1598 συν-

450 1632 589 1699 άρῃ,
620 1633 792 1687 θέλων
813 1637 908 1689 καὶ
945 1636 1020 1706 μὴ
1046 1636 1374 1707 βουλόμενος
1438 1639 1540 1709 τὴν
1577 1639 1897 1709 πολιορκίαν
1924 1638 2021 1691 καὶ

448 1724 547 1774 τὸν
587 1723 824 1793 πόλεμον
876 1727 973 1780 καλ⁵
1021 1728 1401 1799 ἀποκλεισμδν
1439 1731 1539 1799 τῆς
1593 1732 1803 1794 πόλεως
1836 1730 2017 1795 ἔλυσε,

451 1816 554 1866 καὶ
585 1816 808 1885 ἀγάπην
836 1820 975 1887 μετά
1000 1820 1095 1873 τοῦ
1116 1820 1385 1891 βασιλέως
1418 1823 1643 1891 ἐποίησε
1671 1824 1791 1891 μεθ’
1815 1824 2018 1893 ὅρκων,

2118 1456 2349 1525 ἀδελφοῦ
2411 1455 2578 1508 αὑτοῦ
2620 1456 2795 1523 Μωσῆ
2845 1455 3196 1524 διηγήσομαι,
3257 1454 3357 1506 καὶ
3407 1452 3534 1517 περὶ
3581 1450 3682 1516 τῆς

2119 1547 2375 1618 τριετοῦς
2420 1549 2601 1617 μάχης
2632 1546 2800 1601 αὐτοῦ
2822 1547 2886 1617 δὴ
2922 1544 3020 1599 τοῦ
3051 1545 3227 1612 Μωσῆ
3261 1544 3399 1614 μετά
3431 1543 3526 1595 τοῦ
3589 1542 3690 1610 βα-

2124 1640 2312 1704 σιλέως
2350 1640 2453 1709 κὺρ
2489 1640 2777 1709 Μανουὴλ,
2817 1640 2913 1691 καὶ⁸
2939 1638 3040 1708 τῆς
3091 1636 3219 1708 περὶ
3268 1634 3339 1688 τὰ
3395 1634 3540 1704 μέρη
3590 1634 3689 1700 τῆς

2121 1728 2404 1796 Λαρίσσης
2444 1726 2845 1795 ὲκτυφλώσεως
2884 1727 3152 1796 Ὀρχάνου
3175 1723 3272 1778 τοῦ
3298 1723 3416 1777 υίοῦ
3434 1724 3529 1777 τοῦ
3541 1724 3689 1777 Μου-

2123 1818 2438 1888 σουλμάνου
2476 1820 2628 1889 παρά
2656 1817 2753 1871 τοῦ
2792 1818 2944 1870 θείου
2971 1816 3138 1871 αὑτοῦ
3190 1817 3389 1885 Μωσῆ,
3446 1815 3543 1869 καὶ
3592 1814 3693 1883 τῆς

454 1908 554 1958 καὶ
587 1908 643 1960 ἐν
677 1907 785 1979 65
820 1912 886 1980 τῇ
940 1912 1101 1981 Ἀσίᾳ
1134 1912 1383 1983 περάσας
1400 1914 1493 1967 τοῦ
1516 1913 1767 1983 δεχθῆναι
1792 1915 1888 1967 τὸν
1927 1916 2021 1967 πό-
2055 1957 2094 1983 η
2123 1911 2388 1974 ἐλεύσεως
2422 1910 2533 1965 ἀπὸ
2563 1913 2666 1981 τῆς
2696 1910 2971 1981 ἀνατολῆς
3003 1911 3083 1971 είς
3112 1911 3212 1979 τὴν
3243 1911 3397 1963 δύσιν
3419 1908 3513 1963 τοῦ
3541 1908 3695 1962 ἀδελ-

449 1998 620 2066 λεμον
660 2005 755 2053 καὶ
798 2004 898 2072 τὴν
953 2003 1143 2071 ἔφοδον
1200 2003 1292 2057 τοῦ
1326 2006 1576 2077 Ντεμίρη
1633 2008 1727 2060 τὸν
1791 2006 2022 2076 στρατὸν

450 2095 770 2162 ἡτοίμαζεν,
1605 2118 1609 2127 ι

528 2183 618 2236 ιϐ’.
675 2186 802 2239 Ἐπὶ
828 2187 930 2253 τῆς
970 2185 1257 2253 βασιλείας
1285 2187 1473 2241 λοιπὸν
1514 2188 1668 2241 τοῦδε
1705 2187 1801 2241 τοῦ
1861 2190 2021 2243 αὑτοο

452 2276 726 2345 κράτορος
759 2280 866 2348 κὺρ
892 2279 1174 2347 Μανουὴλ,
1204 2280 1263 2333 ὲν
1286 2280 1367 2349 τῷ
1390 2280 1749 2350 ἀποκλεισμῷ
1775 2282 1871 2349 τῆς
1923 2282 2024 2334 πό-

448 2372 612 2433 λεως,
645 2370 721 2441 τῷ
751 2371 873 2424 τότε
900 2370 1080 2442 καιρῷ
1110 2372 1415 2443 ἐγεννήθην
1450 2373 1562 2441 ἐγὼ
1603 2374 1711 2426 ἔτει
1748 2374 1854 2426 ἀπὸ
1904 2374 2023 2427 κτί-

452 2480 599 2524 σεως
630 2466 839 2532 κόσμου
890 2463 1062 2532 ,ςῇθκ
1094 2465 1409 2534 Αὐγούστου
1457 2463 1524 2528 λ’,
1556 2465 1926 2536 ἀνεγεννήθην
1967 2465 2025 2517 δὲ

450 2554 547 2606 διὰ
579 2554 672 2607 τοῦ
707 2554 858 2607 θείου
894 2556 1287 2624 βαπτίσματος
1316 2540 1421 2608 ὑπὸ
1450 2557 1548 2623 τῆς
1580 2557 1883 2625 ὁσιωτάτης
1916 2573 2025 2625 μη-

446 2648 583 2715 τρὸς
606 2648 767 2713 ἀγίας
799 2632 1110 2716 Θωμαῖδος,
1172 2650 1303 2720 περὶ
1340 2644 1406 2720 ἧς
1456 2651 1512 2701 ὲν
1564 2650 1642 2716 τῷ
1693 2650 2026 2718 προσήκοντι

449 2741 613 2810 τόπῳ
644 2742 739 2793 καὶ
771 2742 1071 2811 άρμόζοντι
1110 2743 1492 2811 διηγησόμεθα
1529 2743 1783 2810 τάληθές.
1824 2724 1941 2812 Ἀφ’
1964 2737 2025 2797 οὗ

446 2833 511 2885 δὲ
546 2833 639 2885 τοῦ
684 2834 913 2888 δεκάτου
974 2835 1130 2895 ἔτους
1171 2836 1333 2905 μέχρι
1370 2837 1466 2887 καὶ
1497 2834 1592 2887 τοῦ
1663 2835 2027 2903 ὀγδοηκοστοῦ

447 2924 618 2978 ἕκτου
654 2926 865 2979 πολλῶν
898 2928 1216 2995 γενομένων
1271 2928 1592 2995 ἀναγκαίων
1649 2929 1744 2981 καὶ
1805 2928 2026 2998 μνήμης

451 3016 628 3080 ἀξίων
668 3018 930 3087 βούλομαι
972 3017 1369 3089 διηγήσασθαι.
1405 3019 1563 3086 Λέγω
1588 3019 1652 3087 δὴ
1691 3020 1748 3070 ὲν
1785 3005 2025 3088 πρώτοις

450 3110 591 3174 περὶ
624 3110 724 3178 τῆς
758 3112 836 3171 εἰς
863 3109 961 3181 τὴν
981 3109 1134 3163 δύσιν
1168 3110 1411 3178 ἀφίξεως
1450 3111 1561 3162 τῶν
1592 3110 1752 3161 πέντε
1786 3109 1916 3161 υἱῶν
1933 3108 2028 3161 τοῦ

448 3201 653 3269 ἁμηρᾶ
677 3200 771 3254 τοῦ
804 3199 1231 3270 Μπαγιαζήτου,
1260 3201 1431 3271 ῆγουν
1446 3200 1540 3253 τοῦ
1565 3200 2027 3268 Μουσουλμάνου,

2128 2004 2230 2073 φοῦ
2258 2004 2423 2057 αὐτοῦ
2456 2005 2715 2074 Μεεμέτη
2757 2004 2853 2057 τοῦ
2880 2006 2975 2057 καὶ
3004 2004 3275 2074 Κυρίτζη,
3305 2004 3399 2056 καὶ
3427 2003 3526 2073 τῆς
3556 2002 3693 2055 ἀπο-

2128 2097 2367 2167 στροφῆς
2395 2100 2475 2160 είς
2509 2097 2608 2166 τήν
2635 2096 2904 2167 ἀνατολήν
2934 2099 3031 2163 καὶ,
3069 2098 3236 2152 πάλιν
3284 2094 3553 2156 ἐλεύσεως
3594 2094 3691 2147 αὑ-

2125 2187 2219 2240 τοῦ
2252 2188 2340 2240 διά
2370 2189 2470 2254 τῆς
2532 2188 2743 2251 πόλεως
2781 2189 2840 2243 ὲν
2872 2190 2939 2259 τῇ
2990 2188 3180 2259 Θρᾴκῃ
3219 2187 3339 2257 ήτοι
3370 2189 3429 2240 ὲν
3489 2188 3556 2257 τῇ
3586 2186 3693 2239 Εὑ-

2129 2279 2309 2349 ρώπῃ,
2343 2281 2439 2333 καὶ
2470 2281 2569 2349 τῆς
2601 2280 2760 2349 νίκης
2788 2281 2981 2334 αὐτοῦ.
3039 2280 3148 2335 Καὶ
3174 2279 3269 2334 τὸν
3323 2279 3555 2334 θάνατον
3597 2275 3692 2330 τοῦ

2126 2372 2298 2440 Μωσῆ
2330 2374 2490 2434 εἴπω,
2536 2371 2615 2424 ἔτι
2651 2372 2707 2426 δὲ
2741 2374 2835 2425 καὶ
2862 2371 2955 2425 τοῦ
2982 2371 3237 2442 δευτέρου
3269 2370 3387 2425 υίοῦ
3410 2369 3507 2424 τοῦ
3538 2368 3696 2441 βασι-

2128 2465 2259 2527 λέως
2290 2466 2395 2535 κὺρ
2428 2464 2710 2537 Μανουὴλ,
2734 2464 2829 2518 τοῦ
2857 2464 2965 2535 πρὸ
3006 2462 3103 2516 τοῦ
3135 2463 3578 2526 Κωνσταντίνου,
3601 2461 3696 2515 τὸν

2128 2555 2356 2610 θάνατον
2394 2558 2451 2611 ἐν
2478 2560 2545 2628 τῇ
2572 2557 2959 2630 Μονεμσασίᾳ.
3005 2557 3169 2611 Ἀλλὰ
3198 2556 3295 2610 καὶ
3324 2557 3453 2625 περὶ
3479 2555 3574 2609 δύο
3602 2554 3696 2608 θυ-

2127 2650 2377 2718 γατέρων
2433 2650 2641 2723 αὐτοῦ,ι
2680 2652 2776 2704 καὶ
2833 2651 2931 2717 τῆς
2961 2651 3279 2727 γεννήσεως
3307 2647 3402 2700 τοῦ
3433 2646 3694 2701 αὐθεντο-

2129 2742 2330 2795 πούλου
2377 2743 2484 2813 κὺρ
2519 2724 2762 2815 Μιχαήλ,
2816 2743 2911 2795 καὶ
2957 2742 3052 2796 τοῦ
3080 2724 3315 2796 θάνατον
3370 2738 3534 2795 αὐτοῦ
3591 2741 3696 2793 ὑπὸ

2128 2833 2427 2903 λοιμώδους
2460 2836 2791 2905 νοσήματος.
2827 2835 3071 2904 Ὀμοίως
3101 2835 3194 2887 καὶ
3215 2833 3308 2887 τοῦ
3344 2832 3581 2886 θανάτου
3602 2830 3695 2884 τοῦ

2128 2926 2365 2995 τζελεπῆ
2398 2927 2505 2991 κὺρ
2537 2927 2856 2997 Δημητρίου
2887 2925 2983 2979 τοῦ
2999 2923 3118 2978 υίοῦ
3154 2925 3248 2978 τοῦ
3285 2926 3519 2980 σουλτάν
3543 2924 3702 2978 Mrta-

2131 3018 2371 3088 γιαζήτη
2417 3020 2511 3072 καὶ
2543 3019 2773 3088 ἀδελφοῦ
2836 3018 2932 3072 τοῦ
2973 3020 3167 3088 ἀμηρᾶ
3195 3018 3461 3096 Μεεμέτη
3492 3033 3507 3049 ’
3538 3017 3701 3079 αὐτὸς

2130 3111 2187 3163 δὲ
2213 3111 2506 3179 γενόμενος
2533 3111 2893 3182 Χριστιανὸς,
2943 3110 3020 3173 ὡς
3079 3110 3188 3180 πρὸ
3226 3108 3408 3178 ὀλίγου
3461 3108 3695 3177 ἔφημεν,

2135 3202 2234 3255 καὶ
2266 3203 2342 3271 τῷ
2365 3202 2496 3274 θείῳ
2535 3202 2876 3273 βαπτίσματι
2934 3203 3299 3274 ἀνεγεννήθη,
3334 3202 3429 3256 καὶ
3480 3203 3508 3253 6
3546 3202 3705 3271 βασι-

451 3294 554 3345 τοῦ
575 3294 771 3363 Μωσῆ,
795 3294 892 3346 τοῦ
917 3293 1142 3357 Ἰεσσαὶ,
1160 3292 1255 3345 τοῦ
1271 3292 1529 3361 Μεεμέτη
1551 3292 1646 3343 καὶ
1670 3289 1763 3342 τοῦ
1780 3292 2031 3359 ἰωσοὺφ,
2062 3286 2106 3346 C
2137 3293 2267 3357 λεὺς
2304 3296 2401 3348 καὶ
2427 3298 2455 3349 6
2475 3296 2699 3366 ἀμηρᾶς
2733 3297 3024 3365 Μεεμέτης
3046 3298 3073 3349 6
3099 3296 3325 3364 ἀδελφὸς
3362 3294 3529 3347 αὑτοῦ
3552 3296 3707 3347 πλεῖν

449 3386 516 3448 ὃς
540 3385 786 3454 ἐγεγόνει
811 3385 1143 3455 Χριστιανὸς
1165 3384 1259 3438 καὶ
1285 3384 1599 3453 Δημήτριος
1616 3382 2017 3453 ἐπωνομάσθη,

534 3568 623 3625 l7.
655 3568 751 3623 Illo
778 3579 1039 3637 tempore,
1074 3584 1238 3624 anno.
1278 3609 1293 3624 .
1332 3606 1350 3623 .
1383 3609 1397 3624 .
1431 3580 1653 3641 propter
1696 3585 1843 3635 eam,
1872 3588 2030 3640 quam

451 3664 1022 3725 cornmemoravimus,
1052 3677 1293 3727 causam,
1327 3664 1490 3718 etiam
1544 3665 1889 3720 Andronicus
1938 3668 2033 3721 de-

450 3764 614 3822 lpota
644 3755 1087 3810 Thessalonicam
1142 3754 1472 3810 Venetorum
1509 3758 1719 3813 senatui
1763 3759 2032 3829 quinqua-

451 3849 612 3916 genis
644 3846 972 3901 llorenormn
1025 3830 1263 3903 millibus
1302 3850 1565 3903 Vendidit.

531 3935 676 3992 Urbs
705 3937 1020 3992 obsessione
1057 3937 1159 3991 hoc
1188 3937 1347 3991 modo
1389 3937 1613 3993 liberata
1649 3946 1748 3993 est.
1783 3938 2029 4003 Anteras,

452 4031 667 4092 audito,
692 4029 988 4093 Demirem,
1038 4027 1368 4099 Scytharum
1398 4038 1451 4083 et
1477 4028 1901 4100 Massagetarum
1949 4043 2034 4083 re-

450 4136 605 4183 gem,
651 4136 773 4173 cum
834 4122 1132 4175 innumeris
1178 4121 1351 4189 cepiis
1397 4130 1583 4175 contra
1614 4135 1675 4174 se
1742 4119 2031 4189 proficisci,

448 4212 707 4281 quamvis
738 4212 956 4274 invitus,
996 4221 1177 4267 tanien
1221 4211 1558 4267 obsidionem
1594 4223 1648 4266 et
1677 4212 2033 4282 oppugnatio-

452 4321 585 4357 nent
619 4304 769 4359 urbis
798 4305 980 4370 solvit,
1008 4317 1169 4373 atque
1202 4319 1335 4375 pace
1366 4320 1489 4359 cum
1526 4307 1857 4375 imperatore
1892 4304 2032 4357 fat-la

448 4407 511 4452 et
550 4398 904 4452 sacramentis
936 4398 1280 4464 confirmata,
1325 4399 1377 4452 in
1412 4397 1601 4452 Asiam
1658 4397 1937 4467 trajectus,
1967 4395 2035 4450 ad

448 4490 807 4557 excipiendos
848 4492 1079 4559 impetus
1112 4489 1344 4544 Dcmiris
1382 4492 1680 4543 exercitqu
1713 4488 1960 4558 parabat.

534 4583 623 4637 i8.
657 4583 920 4637 Cancrum
958 4593 1215 4654 regnante
1252 4583 1353 4636 hoc
1397 4585 1743 4651 imperatore,
1786 4578 2035 4634 Manuele
2068 4618 2109 4671 υ

450 4676 700 4739 domino,
734 4676 860 4731 dum
894 4674 1026 4729 urbs
1073 4674 1373 4738 obsidetur,
1421 4688 1520 4743 ego
1560 4673 1810 4727 inluccm
1856 4671 2036 4727 editus

448 4786 604 4832 sunt,
635 4783 775 4822 anno
812 4769 879 4822 ab
921 4768 1053 4823 orbe
1098 4768 1319 4823 cendito
1347 4766 1507 4830 6909,
1539 4766 1628 4821 die
1669 4764 1897 4835 Augusti
1941 4764 2037 4818 tri-

454 4863 690 4916 cesimo.
745 4860 1114 4928 Regeneratus
1161 4875 1279 4915 sum
1337 4873 1433 4929 per
1494 4874 1710 4914 sacrum
1765 4858 2034 4927 baptisma

453 4969 623 5021 opera
646 4952 974 5006 venerabilis
1013 4953 1208 5008 matris
1258 4949 1599 5017 Thomaidis,
1645 4951 1714 5005 de
1756 4966 1865 5022 qua
1916 4950 2036 5003 loco

450 5062 770 5118 opportuno
793 5048 858 5100 ad
892 5054 1172 5100 veritatem
1217 5045 1448 5099 referam
1472 5044 1573 5115 (ί).
1605 5045 1646 5097 Α
1675 5045 1888 5099 decimo
1938 5059 2040 5098 au-

455 5152 573 5197 tem
604 5152 746 5190 anim
773 5136 838 5188 ad
885 5135 1275 5205 octogesimum
1321 5143 1533 5189 sextum
1567 5148 1689 5202 qua:
1733 5134 2034 5189 acciderint

456 5229 651 5283 multa:
667 5236 720 5280 et
740 5225 1124 5280 memorabiles
1144 5223 1504 5290 calamitates,
1527 5224 1817 5279 enarrabo.
1848 5222 2033 5276 Dicam

455 5320 785 5392 priuininde
812 5317 1049 5387 quinque
1079 5316 1349 5387 Bajazetis
1402 5330 1600 5370 amerze
1644 5316 1769 5369 ﬁliis
1794 5316 1849 5370 in
1890 5314 2037 5370 occi-

455 5415 682 5469 dentem
715 5410 978 5479 trajectis,
1005 5408 1371 5474 Musulmano,
1396 5408 1563 5471 Mose,
1592 5406 1796 5470 Jessai,
1846 5405 2034 5462 Mehe-

455 5513 610 5559 mete
638 5512 693 5556 et
724 5500 986 5569 Josupho,
1013 5502 1104 5571 qui
1145 5500 1489 5558 Christianus
1516 5500 1689 5552 factus
1728 5497 2037 5554 Demetrius

453 5595 769 5664 appellatus
808 5602 911 5655 est,
950 5595 1015 5647 de
1043 5594 1372 5659 imperatore
1400 5591 1607 5646 Joanne
1634 5589 2037 5645 Thessalonica!

453 5698 707 5744 rnorttm.
750 5696 803 5742 et
843 5686 1087 5740 Manuele
1141 5685 1494 5753 imperatore,
1548 5683 1657 5738 lilio
1710 5682 1849 5753 ejus.
1912 5681 2040 5737 illuc

454 5779 733 5853 proferto,
770 5790 822 5833 et
849 5778 965 5849 ejus
1011 5780 1142 5845 lilio,
1188 5778 1498 5834 Andronico
1542 5778 1792 5848 despota,
1843 5776 2037 5831 ibidem

540 5961 618 6032 (ι)
654 5958 784 6014 Vide
814 5975 935 6027 tap.
963 5960 994 6011 ξ)
1020 5959 1115 6012 lib.
1162 5972 1218 6011 tt.

2134 3405 2235 3441 στα
2264 3389 2554 3459 σιτηρέσια
2588 3390 2799 3442 ἐδωσαν
2834 3388 3008 3459 αὐτῷ,
3035 3386 3209 3459 ζήσας
3240 3388 3381 3458 μετά
3408 3394 3467 3441 το
3508 3387 3706 3458 βαπτι-

2133 3571 2402 3636 restituto,
2436 3570 2501 3625 de
2529 3569 2819 3625 Theodoro
2865 3570 3321 3641 porphyrogenito
3356 3571 3579 3640 despota
3601 3569 3705 3623 La-

2131 3663 2444 3717 cedaemone
2475 3663 2592 3717 sive
2634 3660 2843 3732 Spartae
2877 3662 3172 3727 exstincto,
3196 3670 3251 3716 et
3278 3662 3344 3717 de
3378 3661 3707 3731 imperatore

2133 3754 2402 3821 Manuele,
2436 3755 2604 3810 fratre
2654 3755 2796 3824 ejus,
2848 3753 3093 3823 profecto
3133 3755 3185 3807 in
3237 3752 3707 3823 Peloponnesum;

2133 3848 2331 3903 deinde
2356 3861 2644 3917 exponam,
2665 3848 2938 3918 quomodo
2963 3847 3136 3902 Moses
3153 3846 3494 3904 Musulmano
3511 3863 3710 3927 amerae

2136 3940 2288 3995 fratri
2314 3955 2413 3996 suo
2443 3950 2672 3996 mortem
2718 3941 2979 4002 intulerit.
3028 3956 3152 3995 cum
3200 3939 3441 3996 Manuele
3481 3941 3713 4009 impera-

2137 4041 2253 4089 tore
2286 4047 2383 4103 per
2415 4042 2528 4089 tres
2556 4048 2731 4089 annos
2761 4032 2960 4088 bellum
2983 4032 3215 4104 gesserit
3237 4043 3291 4088 et
3334 4032 3477 4088 circa
3528 4031 3711 4087 Laris-

2136 4142 2251 4182 sam
2314 4126 2668 4182 cxcascaverit
2728 4123 3057 4192 Orchanem,
3096 4123 3426 4194 Musulmani
3495 4125 3709 4190 tilium;

2133 4217 2408 4287 quomodo
2449 4216 2611 4285 hujus
2640 4215 2811 4270 frater
2838 4214 3193 4279 Mehemetes,
3245 4215 3338 4285 qui
3396 4213 3563 4269 etiam
3609 4214 3713 4285 Cy-

2136 4310 2299 4364 ritzes
2333 4308 2653 4377 appellatur,
2685 4322 2749 4363 et
2777 4308 2987 4362 oriente
3015 4306 3069 4362 in
3099 4305 3440 4362 occidentem
3476 4307 3714 4361 transie-

2138 4399 2374 4462 rit,~imle
2409 4398 2631 4452 redierit
2656 4399 2709 4451 in
2732 4397 3026 4463 orientem,
3052 4406 3105 4451 et
3129 4411 3316 4452 rursus
3346 4405 3499 4450 trans
3521 4396 3711 4448 urbem

2138 4490 2193 4545 in
2235 4487 2526 4543 Thraciam
2582 4487 2667 4543 vel
2720 4485 2991 4557 Europam
3041 4485 3317 4556 trajectus,
3360 4485 3718 4555 reportaverit

2138 4581 2443 4636 victoriam.
2515 4578 2651 4655 Tum
2706 4580 2909 4636 obitum
2958 4578 3124 4635 Mosis
3174 4577 3472 4647 explicabo,
3532 4586 3589 4633 et
3622 4576 3714 4631 lilii

2137 4672 2362 4728 secundi
2426 4670 2693 4726 Mannelis
2739 4670 3109 4739 imperatoris,
3167 4668 3260 4738 qui
3292 4670 3713 4723 Constantinum

2137 4762 2436 4833 praecessit,
2484 4770 2734 4824 mortem,
2782 4774 2888 4829 qua
2919 4758 2964 4813 is
3018 4756 3402 4812 Monembasiaa
3465 4757 3712 4811 decessit.

2140 4854 2320 4909 Dicam
2353 4852 2516 4907 etiam
2554 4851 2621 4906 de
2644 4850 2855 4905 duobus
2893 4848 3015 4902 [iliis
3056 4847 3196 4916 ejus,
3226 4857 3386 4916 atque
3441 4844 3715 4899 Michaelis

2140 4944 2401 5016 principis
2432 4942 2593 4998 natali
2627 4958 2691 4998 ac
2730 4951 2901 4997 morte
2943 4939 3243 5010 pestilentia
3279 4939 3325 4993 ei
3361 4938 3546 4992 allata.
3581 4935 3713 4989 Item

2141 5045 2369 5091 mortem
2410 5034 2666 5105 attingam
2704 5031 2960 5086 Demetrii
3006 5029 3276 5099 Tzelepis,
3319 5028 3583 5098 Bajazetis
3606 5028 3718 5082 sul-

2142 5129 2253 5185 tani
2284 5127 2399 5191 lilii,
2439 5136 2492 5180 et
2531 5125 2847 5181 Mehemetis
2879 5137 3077 5178 amerat
3095 5121 3300 5185 fratris,
3328 5122 3419 5190 qui
3451 5119 3718 5175 Christia-

2145 5234 2243 5273 nus
2304 5216 2497 5281 factus,
2544 5224 2597 5269 ut
2634 5215 2794 5284 paulo
2824 5225 2950 5268 ante
2993 5212 3320 5277 monuimus,
3365 5221 3592 5264 etsacro
3624 5212 3717 5261 ha-

2144 5313 2393 5383 ptismate
2423 5318 2791 5376 regeneratus,
2825 5305 2892 5359 ab
2917 5306 3242 5373 imperatore
3263 5312 3315 5354 et
3331 5301 3498 5354 fratre
3525 5299 3712 5352 Melie.

2146 5412 2287 5459 mete
2310 5416 2491 5455 amera
2526 5414 2718 5470 magna
2749 5399 2944 5454 salaria
2972 5395 3199 5463 accepit,
3224 5404 3276 5448 et
3308 5408 3479 5446 annos
3508 5401 3711 5459 septem

2146 5504 2433 5566 postquam
2468 5492 2772 5559 baptizatus
2800 5498 2937 5555 erat,
2980 5489 3046 5541 ad
3079 5486 3365 5541 Dominqu
3401 5486 3669 5538 concessit
3696 5499 3712 5545 ;

2147 5589 2429 5656 dicamque
2456 5586 2523 5640 de
2568 5583 2791 5639 Thalna:
2836 5580 3094 5650 principis
3146 5578 3343 5632 natali:
3388 5583 3549 5646 atque
3604 5576 3716 5629 hac

2149 5681 2362 5751 quidem
2403 5690 2619 5751 propter
2670 5678 2846 5732 a-tatis
2894 5677 3255 5739 maturitatem
3295 5674 3428 5725 hrne
3462 5680 3511 5725 et
3553 5683 3714 5722 accu-

2153 5786 2265 5831 rate
2294 5776 2525 5838 doctus;
2557 5788 2675 5842 qua:
2711 5782 2887 5826 autem
2930 5779 3056 5824 ante
3089 5782 3173 5822 me
3203 5776 3387 5821 natum
3422 5762 3562 5816 facta
3586 5775 3714 5815 nare
