4526 6514
448 523 556 585 893
617 551 626 560 -

1497 529 1947 590 CIIRONICON
1992 528 2264 591 MAJUS.
2306 532 2546 591 “LIB.
2595 530 2642 591 I.

3558 522 3755 580 694'

444 632 748 703 κρημνώδη
778 627 943 697 εἶναι,
971 633 1065 685 καὶ
1088 634 1151 685 τὸ
1182 634 1350 703 κλίμα
1393 635 1572 687 ἐκεῖνο
1623 637 1881 706 ψυχεινδν
1914 639 2005 691 καὶ
2035 645 2076 698 Α
2109 657 2244 709 ροις,
2279 641 2372 692 καὶ
2394 638 2570 698 ἄλλως
2598 632 2936 695 κοινωνικῶς
2961 631 3022 684 τὸ
3044 624 3174 694 ἦθος
3223 631 3330 692 τοῖς
3380 629 3472 681 ὑπ’
3499 628 3664 681 αὑτὸν

445 725 776 793 δριμύτατον
806 721 896 793 ἦν.
929 725 1062 777 Τότε
1095 724 1189 778 καὶ
1230 727 1500 795 χειμῶνος
1532 731 1927 798 ἐπιγενομένου
1950 731 1999 782 οἱ

446 819 617 870 imre!
656 817 884 869 πλείστα
925 817 1335 886 ἐσαθρώσαντο.
1380 819 1441 872 '0
1497 820 1551 873 δὲ
1609 820 1863 890 βασιλεὺς
1903 822 2002 891 τὴν

442 905 556 957 τῶν
591 906 774 958 ῐππων
802 905 1108 975 μεθοδτύων
1127 907 1455 973 κυλλότητα,
1502 909 1733 977 περιιὼν
1761 909 1820 959 τὸ
1839 908 2004 977 στρά-

443 1013 627 1064 τευμα
677 996 745 1049 τὰ
811 997 1004 1068 εὐγενῆ
1062 999 1172 1052 τῶν
1230 999 1528 1070 ὀχημάτων
1590 999 1864 1067 συνέλεγε,
1910 999 2005 1052 καὶ

445 1088 624 1141 ταῦτα
651 1089 828 1151 διδοὺς
870 1089 1163 1157 Ῥωμαίοις
1195 1107 1256 1143 τε
1288 1093 1380 1144 καὶ
1417 1092 1639 1153 Ἰταλοῖς
1697 1093 1791 1144 καὶ
1818 1091 2005 1144 ὀπόσοι

448 1179 772 1249 κοντοφόροι
824 1180 1038 1233 εῐδεσαν
1090 1179 1484 1250 δεξιοστρόφοι,
1545 1182 1907 1250 ἑπιστάμενος
1941 1180 2008 1234 δι’

448 1273 634 1326 αὐτῶν
653 1273 1012 1328 ἀνθίστασθαι
1029 1275 1142 1338 τοῖς
1168 1275 1453 1342 πολεμίοις
1478 1276 1572 1328 καὶ
1592 1275 2007 1345 ἁντιμάχεσθαι.

452 1362 567 1414 Καὶ
598 1363 772 1416 ταῦτα
802 1366 829 1417 ὸ
863 1364 1121 1433 βασιλεὺς
1173 1365 1499 1433 μεθοδεύων,
1562 1370 1655 1420 καὶ
1689 1366 2010 1435 συμπλοκῆς

456 1454 756 1526 μελλούσης
781 1455 1056 1523 γενέσθαι,
1102 1457 1336 1528 ἱππότην
1372 1459 1643 1528 ἐπίσημον
1684 1458 1743 1520 ἐξ
1781 1458 2012 1521 Ἰταλίας

452 1544 780 1614 ὁρμώμενον
801 1543 1040 1612 ῐφιππον
1092 1546 1430 1619 θεασάμενος
1465 1548 1790 1616 παρεστῶτα
1825 1550 2010 1613 πεζὸν,

467 1634 726 1702 Ἰωάννην
749 1635 840 1689 τδν
872 1635 1089 1705 ἀνεψιὸν
1119 1637 1409 1691 ἐκέλευσεν
1435 1636 1812 1704 ἀποϐῆναιτοῦ
1853 1638 2015 1706 Ἀρα-

2111 734 2516 800 παρεχόμενος,
2545 730 2646 798 ἤδη
2670 731 2960 798 κράτιστον
2985 726 3099 785 τοῖς
3136 722 3562 790 στρατηγοῦσιν,
3607 720 3668 772 ὲν

2110 817 2190 883 οἷς
2217 823 2307 874 καὶ
2343 821 2602 889 τρόπαια·
2627 819 2748 871 ὃθεν
2773 818 2867 872 καὶ
2894 817 3070 885 αἴρειν
3101 813 3263 875 εὐθὺς
3285 811 3378 864 τοῦ
3439 809 3667 875 σκοποῦ,

2111 910 2205 963 καὶ
2240 910 2314 973 ὡς
2357 909 2511 962 κοινὰ
2539 908 2609 960 τὰ
2640 906 2731 958 ὑπ’
2766 904 2930 958 αὑτοῦ
2953 902 3189 973 ἐχόμενα
3215 900 3386 952 ἐποίει
3435 902 3529 951 καὶ
3553 896 3670 949 ἕλε-

2112 1020 2209 1070 γεν
2239 998 2406 1056 εἶναι.
2441 1001 2566 1062 Τοῖς
2595 1001 2761 1052 πᾶσιν
2794 993 2862 1065 ἦν
2923 994 3214 1061 συμπονῶν
3263 995 3320 1046 ὲν
3350 991 3473 1052 ταῖς
3502 988 3669 1056 ἀνάγ-

2113 1114 2240 1158 καις
2279 1094 2486 1155 αὐτῶν,
2522 1094 2620 1147 καὶ
2666 1091 2883 1161 ἐϐοήθει
2937 1091 3034 1142 καὶ
3072 1089 3394 1156 ἐθεράπευε,
3435 1086 3532 1137 καὶ
3573 1083 3672 1146 τὰς

2114 1189 2380 1258 διαφορὰς
2407 1188 2505 1250 τὰς
2535 1184 2815 1254 φυομένας
2856 1181 3129 1251 ἀναμέσον
3166 1180 3270 1249 ⁵1],
3331 1177 3510 1232 αὐτῶν
3553 1177 3677 1233 ἐθι-

2119 1281 2324 1349 ρὰπευε
2356 1279 2450 1332 καὶ
2477 1276 2710 1345 διώρθου
2749 1275 2844 1328 καὶ⁴
2871 1273 3148 1342 είρήνευε.
3183 1267 3292 1324 Καὶ
3323 1268 3496 1332 οὐδεὶς
3522 1270 3674 1324 ἀντι-

2118 1373 2308 1439 λέγετο
2349 1371 2462 1432 τοῖς
2513 1369 2696 1435 λόγοις
2739 1367 2832 1419 καὶ
2861 1364 3164 1433 θελήμασιν
3197 1361 3397 1415 αὐτοῦ·
3448 1363 3542 1413 καὶ
3574 1358 3679 1413 ὑπὸ

2117 1460 2218 1513 τοῦ
2253 1458 2521 1528 πενθεροῦ
2565 1455 2823 1510 τοσοῦτον
2881 1455 3145 1526 ἠγαπήθη
3199 1454 3293 1507 καὶ
3328 1452 3435 1506 τῶν
3477 1451 3678 1522 ἐτέρων

2119 1554 2340 1607 πάντων
2365 1550 2507 1602 ὥστε
2529 1552 2598 1602 τὰ
2628 1550 2726 1600 ὅσα
2766 1548 2960 1616 ἢθελεν
2981 1547 3219 1615 ἔπραττε
3245 1544 3340 1599 καὶ
3361 1545 3411 1597 οἱ
3468 1541 3681 1614 βάρϐα-

2125 1663 2205 1715 ροι
2231 1646 2305 1704 ὡς
2328 1642 2580 1711 δεύτερον
2609 1639 2855 1708 Μωάμεθ
2884 1637 3165 1703 ὲδόξαξον.
3209 1631 3378 1698 Οὗτος
3409 1635 3467 1696 δδ
3517 1634 3682 1703 γεννᾷ

456 1723 617 1776 σικοῦ
649 1724 820 1779 ἵππου
849 1724 1042 1779 τούτου
1075 1728 1160 1795 ἐφ’
1187 1723 1248 1780 οὗ
1278 1727 1385 1798 ⁷ο
1409 1725 1477 1797 ἦν
1505 1730 1894 1799 ἐποχούμενος,
1923 1730 2015 1782 καὶ
2121 1737 2236 1789 υίδν
2263 1735 2486 1804 ὀνόματι
2540 1732 2962 1800 Σωλιμάν-Σιὰχ
3011 1732 3074 1782 ἐκ
3127 1728 3228 1796 τῆς
3279 1725 3544 1796 Καμερὼ,
3587 1724 3684 1778 καὶ

456 1815 639 1869 δοῦναι
662 1818 826 1871 αὐτὸν
847 1819 922 1887 τῷ
949 1819 1163 1889 Ἰταλῷ.
1205 1819 1265 1874 '0
1313 1821 1369 1874 δὲ
1404 1823 1786 1892 φρονηματίας
1819 1821 1892 1874 ὣν
1920 1822 2015 1875 καὶ⁸
2124 1828 2425 1889 παιδεύσας
2457 1825 2623 1878 αὑτὸν
2661 1825 2954 1893 Ἑλληνικῇ
3015 1823 3110 1876 καὶ
3180 1819 3446 1890 ’Δραϐικῇ
3502 1819 3684 1888 σοφίᾳ,

457 1907 665 1975 γαῦρος
721 1908 885 1962 πλέον
923 1908 1017 1962 τσῧ
1050 1910 1285 1977 δέοντος.
1328 1912 1404 1981 τῷ
1447 1912 1539 1964 τοῦ
1604 1913 1867 1980 βασιλέως
1921 1913 2017 1964 καὶ
2125 1920 2266 1972 κατὰ
2295 1919 2475 1972 πάντα
2504 1915 2699 1977 ἐοικὼς
2727 1911 2898 1984 ἦντῷ
2948 1912 3141 1981 πατρὶ,
3187 1912 3285 1965 καὶ
3320 1910 3551 1963 πλεῖστα
3583 1909 3684 1975 ηὑ-

457 1997 604 2049 θείου
646 1997 878 2068 ἀντέστη
931 1999 1285 2068 κελεύσματι.
1348 2004 1757 2072 αὐθαδεστέραν
1798 2003 1895 2074 τὴν
1931 2004 2023 2056 ἁν-
2055 1990 2099 2046 Β
2122 2010 2386 2065 λαϐοὓντο
2413 1985 2577 2061 αὐτον
2608 2009 2656 2060 οί
2687 2005 2989 2076 Βάρϐαροι.
3020 2004 3134 2056 Καὶ
3182 2004 3242 2055 ἒν
3286 2001 3364 2071 τῷ
3412 2001 3566 2070 τόπῳ
3595 1999 3688 2052 καὶ

455 2090 714 2159 τίρρησιν
747 2093 1117 2162 ποιησάμενος
1139 2111 1152 2126 ⁹
1186 2095 1262 2165 μὴ
1309 2096 1403 2148 ἐπὶ
1433 2096 1569 2150 πολὺ
1605 2097 1661 2148 δὲ
1695 2097 1834 2166 ἔχων
1868 2095 2020 2150 ἀνοία
2124 2102 2274 2170 πάσῃ
2308 2102 2373 2170 τῇ
2402 2098 2667 2167 δπαρχίᾳ,
2723 2096 2854 2149 ἔνθα
2897 2096 2997 2161 τὴν
3045 2092 3372 2162 κατοίκησιν
3428 2091 3686 2154 ἐποιεῖτο,

459 2181 693 2234 στασθαι
718 2180 796 2251 τῷ
825 2181 952 2251 θείφ
975 2181 1071 2235 καὶ
1096 2182 1313 2252 βασιλεῖ
1343 2185 1513 2256 (ἑώρα
1545 2188 1680 2256 πρὸς
1708 2187 1878 2257 ὁργῆν
1915 2185 2023 2256 γὰρ
2123 2192 2392 2260 αὐθέντης
2422 2189 2769 2243 καθίσταταιο
2801 2185 2896 2239 καὶ
2946 2188 2975 2253 ἡ
3009 2184 3168 2253 φήμη
3195 2182 3360 2235 αὐτοῦ
3396 2181 3476 2244 είς
3508 2183 3690 2234 πᾶσαν

458 2271 850 2342 ὲπιῦράζοντα)
903 2273 1053 2328 ἄκων
1107 2279 1203 2328 καὶ
1238 2277 1311 2347 μὴ
1342 2277 1668 2346 βουλόμενος
1701 2280 1792 2332 τὸν
1849 2279 2020 2331 ἵππον

457 2361 540 2428 τῷ
584 2361 770 2432 Ἰταλῷ
794 2362 1005 2429 δίδωσι,
1038 2367 1469 2435 μετακελητίσας
1491 2371 1568 2431 εἰς
1604 2370 1792 2437 ἕτερον
1815 2371 2020 2440 ὄχημα.

459 2454 633 2516 Αὐτὸς
663 2453 906 2520 ἀθυμίας
934 2457 1149 2527 πλήρης
1179 2460 1277 2511 καὶ
1323 2459 1540 2528 βράζων
1574 2461 1732 2531 θυμῷ
1766 2463 2026 2530 ἄντικρυς

457 2543 776 2610 γενόμενος,
809 2545 996 2612 φυγὼν
1017 2545 1152 2616 πρὸς
1188 2547 1402 2616 Πέρσας
1442 2549 1741 2617 αὐτόμολος
1776 2552 2013 2618 γίνεται.

465 2637 571 2687 ⁸ον
603 2637 694 2688 καὶ
722 2635 976 2704 ἀσμένως
1007 2642 1104 2691 καὶ
1137 2639 1424 2702 ἀσπασίως
1448 2642 1810 2708 προσεδέξατο
1833 2644 1862 2694 ὁ
1885 2644 2027 2714 ἀμη-

465 2729 569 2796 pi;
601 2730 694 2780 καὶ
718 2731 920 2791 πάντες
945 2731 993 2781 οί
1053 2729 1319 2799 βάρϐαροι
1345 2747 1358 2761 ⁸
1411 2734 1505 2784 καὶ
1537 2733 1635 2801 τὴν
1689 2735 1744 2785 ὲν
1806 2733 2027 2803 Χριστῷ

461 2821 650 2872 πίστιν
683 2821 1087 2889 ἐξομοσάμενος
1112 2821 1236 2873 ἀντὶ
1278 2823 1529 2877 Ἰωάννου
1573 2823 1852 2892 Τζελεπῆς
1892 2824 2026 2877 ὠνό-

469 2929 699 2980 μσσται,
733 2913 827 2964 καί
854 2929 978 2965 τινα
1015 2911 1241 2982 ὀνόματι
1285 2912 1531 2985 ’Καμερὼ
1581 2914 1673 2966 τοῦ
1713 2915 1904 2984 ἀμηρᾶ
1935 2916 2028 2967 θυη

461 3003 678 3073 γατέρα
710 3005 943 3070 γυναῖκα
983 3003 1164 3068 ἐλαόε,
1226 3005 1321 3058 καὶ
1378 3008 1580 3072 προῖκα
1637 3004 2027 3075 ἐδωσεψαὺτῷ

459 3097 671 3156 τόπους
699 3095 796 3146 καὶ
822 3093 1004 3164 χώρας
1038 3096 1134 3148 καὶ
1167 3096 1355 3159 πόλεις
1411 3098 1506 3150 καὶ
1537 3097 1797 3166 χρήματα
1830 3098 2024 3151 πολλά.

462 3180 579 3239 Ἦν
604 3183 660 3235 δὲ
693 3184 721 3235 ὀ
752 3183 892 3254 ἀνὴρ
914 3185 1014 3253 τῆς
1057 3185 1380 3255 Ἑλληνικῆς
1417 3186 1620 3254 σοφίας
1656 3188 1756 3239 οὐκ
1793 3187 2028 3256 ἁμέθεκ-

463 3291 563 3337 τος
596 3273 689 3325 καὶ
713 3275 770 3326 ὲν
791 3273 868 3342 τῷ
894 3273 1074 3340 λέγειν
1109 3277 1174 3344 τῆ
1230 3274 1493 3344 Ἀραὸικῇ
1530 3276 1794 3346 διαλέκτῳ
1828 3277 2026 3330 ἱκανώ-

2123 2287 2222 2353 τὴν
2271 2285 2457 2337 Ἀσίαν
2521 2281 2779 2352 διέδραμε
2821 2279 2916 2332 καὶ
2967 2279 3206 2348 stippa.
3267 2277 3380 2330 Καὶ
3430 2275 3689 2335 πλείστας

2128 2378 2331 2447 νεαρὰς
2390 2375 2499 2429 τῶν
2548 2375 2815 2443 βασιλέων
2881 2372 3173 2437 Ῥωμαίων
3241 2369 3690 2438 μεταγλωττίσας

2139 2470 2193 2521 ’Δ
2207 2467 2424 2538 ραϐιστὶ
2456 2467 2583 2527 τοὺς
2608 2465 2887 2534 Τούρκους
2913 2463 3006 2514 τοῦ
3041 2463 3254 2532 κρίνειν
3294 2461 3466 2524 οὕτως
3521 2461 3692 2514 ἐδίδα-

2129 2557 2236 2622 ξεν.
2273 2556 2466 2626 Εὸρὼν
2491 2557 2546 2609 δὲ
2581 2557 2677 2608 καὶ
2707 2554 2992 2623 εὐκαιρίαν
3027 2553 3153 2605 τινὰ
3199 2551 3288 2605 διὰ
3339 2551 3436 2614 τὰς
3495 2551 3696 2619 συγχύ-

2130 2667 2243 2712 σεις
2273 2651 2337 2710 ἃς
2366 2649 2587 2701 ἐποίουν
2621 2648 2670 2700 oi
2719 2645 2913 2700 Ἰταλοὶ
2963 2645 3107 2697 κατὰ
3131 2645 3226 2709 τῆς
3275 2643 3560 2713 Ῥωμαίων
3593 2645 3692 2712 ἀρ-

2128 2742 2252 2809 χῆς,
2274 2741 2342 2792 τὰ
2365 2740 2462 2791 ὅσα
2497 2739 2664 2806 ἐγγὺς
2691 2737 2792 2807 τῆς
2824 2737 3142 2797 δεσποτείας
3194 2735 3357 2788 αὑτοῦ
3403 2735 3692 2804 Ῥωμαίων

2129 2831 2350 2900 ὑπήκοα
2387 2830 2477 2898 ὑφ’
2514 2828 2710 2881 ἑαυτοῦ
2777 2828 3099 2897 εποίησατο.
3162 2828 3273 2880 Καὶ
3325 2827 3515 2879 οὐδένα
3561 2827 3693 2895 Χρι-

2129 2921 2346 2975 στιανὸν
2387 2921 2602 2974 ἀδικεῖν
2648 2919 2778 2973 ποτε
2844 2919 3058 2988 ἢθελεν,
3114 2919 3250 2971 ἀλλὰ
3308 2918 3511 2986 μᾶλλον
3567 2918 3694 2978 τοὺς

2126 3013 2390 3081 τυχόντας
2436 3012 2915 3080 ὑποτεταγμένους
2985 3010 3137 3081 αὑτῷ
3211 3011 3412 3073 πολλὰς
3465 3011 3692 3079 χάριτας

2128 3106 2225 3158 καὶ
2277 3105 2598 3173 εὐεργεσίας
2681 3103 2857 3156 ἐποίει
2922 3105 3016 3156 καὶ
3101 3102 3411 3170 ἐχαρίζετο.
3464 3098 3573 3151 Καὶ
3628 3092 3695 3166 ἦν

2129 3194 2378 3259 αὐξάνων
2431 3195 2614 3261 ὀλίγον
2658 3193 2792 3263 πρὸς
2836 3193 3033 3268 ,ὀλίγον
3100 3190 3200 3262 τὴν
3263 3189 3431 3245 αὐτοῦ
3489 3189 3690 3257 ἀρχήν.

2129 3287 2300 3347 Αὐτὸς
2337 3286 2504 3355 γεννᾷ
2550 3285 2640 3338 τὸν
2718 3282 3116 3354 Ἐρτογρούλην
3164 3281 3377 3353 πατέρα
3407 3280 3522 3332 τοῦ
3571 3277 3692 3337 '01-

463 3383 656 3428 τατος.
684 3361 792 3417 Ἦν
822 3364 877 3417 δὲ
943 3367 1040 3418 καὶ
1097 3366 1528 3435 φιλοδωρότατος
1585 3369 1679 3421 καὶ
1727 3369 1957 3438 δαψιλὴς
1999 3369 2026 3420 ὀ
2052 3361 2093 3383 ν
2134 3373 2367 3444 θμάνου.

466 3461 613 3519 νιος,
643 3457 670 3508 δ
699 3457 863 3510 πᾶσιν
888 3456 1119 3524 ἀρεστόν
1146 3457 1284 3522 ἔστι,
1317 3459 1409 3510 καὶ
1444 3458 1645 3526 μᾶλλον
1670 3460 1782 3522 τοῖς
1815 3458 2030 3530 βαρϐά-

470 3653 578 3705 gus
605 3646 657 3690 et
686 3639 1026 3702 asperitatem
1050 3649 1338 3700 summam,
1370 3638 1494 3706 equi
1532 3639 1763 3695 maxime
1785 3641 2034 3697 caulicie-

473 3729 696 3780 bantur.
742 3730 979 3791 Quorum
1027 3726 1280 3794 perniciei
1329 3729 1619 3797 imperator
1651 3731 1722 3785 ita
1766 3732 2033 3795 subvenit,

472 3827 538 3874 ut
583 3817 874 3871 exercitum
928 3816 1115 3872 obiens
1170 3831 1463 3885 generosos
1537 3820 1793 3889 deligeret
1840 3837 2038 3890 eosque

470 3913 741 3976 praeberet
817 3910 1075 3964 Romanis
1137 3917 1191 3962 et
1267 3909 1414 3964 Italis
1469 3919 1524 3964 et
1609 3920 1874 3979 quotquot
1945 3929 2038 3983 pe-

472 4005 581 4076 rite
615 4001 796 4054 hastas
825 3999 1126 4059 versabant.
1156 3999 1346 4053 horum
1377 4014 1537 4070 opera
1560 4000 1808 4056 hostibus
1827 4006 2039 4058 obviam

471 4096 559 4145 ire
597 4101 650 4146 et
681 4093 932 4146 resistere
959 4106 1018 4145 se
1046 4105 1204 4156 posse
1248 4093 1504 4147 conlisus.
1544 4092 1668 4148 Haec
1726 4096 1814 4148 ille
1870 4099 2042 4150 admi—

473 4186 893 4249 nistraus,cutu
927 4185 1172 4252 praelium
1224 4187 1631 4251 commissurus,
1679 4188 1913 4256 equitem
1963 4191 2045 4243 in-

472 4280 710 4347 signem,
742 4292 806 4330 ex
837 4276 981 4330 Italia
1010 4277 1319 4339 advectum,
1362 4277 1594 4346 peditem
1650 4288 1830 4334 astare
1877 4281 2046 4335 vidis-

472 4380 587 4431 set,
634 4366 892 4420 Joannem
942 4367 1007 4420 de
1047 4368 1280 4421 Arabico
1320 4381 1481 4434 equo,
1524 4367 1614 4421 cui
1661 4369 1708 4424 is
1757 4370 2044 4438 insidebat,

474 4457 815 4513 descendere
857 4472 1090 4526 eumque
1136 4457 1271 4510 Itan
1321 4458 1739 4527 traderejussit.
1783 4458 2044 4526 Joannes,

472 4549 609 4603 elati
633 4557 682 4600 et
715 4563 875 4617 supra
921 4550 1133 4601 modum
1165 4547 1362 4603 ferocis
1398 4549 1586 4613 animi,
1617 4550 1957 4619 imperatoris
1993 4561 2046 4608 et

2136 3646 2273 3714 quis.
2302 3651 2414 3698 tum
2443 3640 2669 3696 ducibus
2714 3638 2963 3700 maxime,
2996 3638 3046 3691 ln
3072 3639 3268 3706 quibus
3301 3651 3426 3706 spes
3457 3646 3693 3705 tropmo—

2139 3753 2256 3791 rum
2301 3737 2402 3789 sita
2430 3742 2531 3786 est.
2582 3729 2734 3784 Unde
2777 3730 2958 3784 statim
2995 3729 3203 3785 instans
3256 3732 3426 3800 operi,
3459 3743 3553 3782 sua
3602 3743 3698 3782 vo-

2140 3827 2280 3880 lebat
2300 3837 2352 3880 et
2380 3826 2594 3879 dicebat
2616 3835 2735 3877 esse
2759 3822 3084 3884 couununia,
3133 3821 3388 3875 omnibus
3443 3821 3494 3872 in
3537 3816 3699 3872 rebus

2141 3921 2381 3989 angustis
2431 3920 2802 3980 succurrebat,
2863 3913 3224 3968 auxiliabatur
3277 3920 3331 3964 et
3387 3909 3701 3963 conferebat

2140 4011 2332 4075 olilcia,
2387 4019 2549 4078 atque
2607 4009 2913 4064 exorientes
2971 4008 3111 4060 inter
3154 4017 3260 4058 eos.
3301 4000 3704 4057 controversias

2142 4102 2382 4165 sedebat,
2414 4101 2771 4168 componebat
2819 4099 3233 4163 dirimebatque.
3262 4093 3373 4147 Nec
3417 4093 3701 4162 quisquam

2144 4193 2260 4260 ejus
2301 4193 2383 4246 vel
2418 4192 2596 4244 verbis
2620 4191 2714 4244 vel»
2737 4188 2980 4244 consiliis
3018 4186 3442 4246 adversabatur;
3480 4193 3645 4249 atque
3672 4194 3700 4231 a

2146 4299 2336 4339 socero
2377 4283 2694 4350 celerisque
2735 4281 2991 4334 omnibus
3043 4287 3321 4345 tantopere
3357 4275 3701 4342 diligebatur,

2147 4385 2205 4427 nt
2232 4383 2286 4426 et
2316 4372 2536 4434 faceret,
2566 4382 2901 4439 quaecunque
2948 4365 3127 4430 vellet,
3160 4375 3209 4419 et
3239 4365 3460 4418 Barbari
3498 4378 3619 4417 eum
3647 4373 3704 4417 ut

2147 4466 2372 4520 alterum
2404 4463 2761 4516 Mobametum
2818 4459 3097 4513 baberent.
3141 4454 3436 4524 Suscepite
3476 4455 3708 4510 Camero

2150 4557 2336 4619 tilium,
2371 4554 2588 4608 nomine
2619 4538 2942 4605 Solimanem
2981 4547 3256 4611 Siacbum,
3301 4562 3482 4616 quem,
3505 4546 3706 4600 Graecis

476 4639 664 4710 patrui
702 4639 928 4707 imperio
958 4649 1239 4708 repugnat,
1276 4653 1527 4693 sermone
1570 4642 1856 4696 audaciora
1888 4644 2034 4698 oblo-
2075 4641 2498 4711 D-Arabicisque
2537 4640 2731 4694 litteris
2773 4637 3066 4701 eruditum,
3113 4635 3214 4690 sibi
3249 4637 3412 4689 rebus
3454 4635 3705 4688 omnibus

475 4741 666 4784 cutus.
697 4730 889 4784 Verum
947 4743 1071 4783 cum
1126 4730 1215 4782 diu
1257 4729 1331 4783 illi
1395 4729 1647 4785 resistere
1691 4747 1796 4786 non
1842 4745 2048 4802 posset,

476 4837 648 4891 quem
672 4821 780 4888 jam
808 4819 883 4872 ira
914 4819 1263 4874 eﬂervescere
1294 4818 1523 4882 videret,
1553 4823 1799 4887 quamvis
1828 4823 2046 4891 invitus,

481 4914 625 4967 l'alo
647 4924 840 4980 equum
864 4910 1155 4972 concessit,
1196 4920 1359 4977 atque
1382 4913 1496 4975 ipse
1526 4913 1688 4966 alium
1716 4917 2045 4970 conscendit.

479 5005 633 5066 Mox,
665 5003 944 5057 stomacho
997 5011 1211 5056 tumens
1245 5011 1298 5055 et
1334 5003 1637 5057 inﬂamatus
1667 5006 1769 5068 ira,
1805 5006 1870 5059 ad
1908 5007 2049 5060 Tur-

479 5108 581 5147 cas
619 5089 926 5158 transfugit,
964 5097 1126 5157 atque
1166 5089 1359 5158 cupide
1402 5099 1455 5144 et
1493 5093 1668 5148 amice
1699 5094 1966 5162 excipitur
1983 5098 2051 5150 ab

480 5195 673 5234 amera
699 5179 1012 5248 cunctisque
1039 5178 1305 5233 barbaris.
1331 5179 1552 5245 Deinde,
1607 5182 1817 5251 eiurata
1850 5184 2048 5240 Christi

484 5272 620 5332 title,
671 5283 767 5337 pro
820 5266 1045 5330 Joanne,
1082 5266 1340 5335 Tzelepes
1396 5271 1727 5338 nominatur,
1771 5281 1827 5328 tt
1881 5275 2052 5344 ipsius

480 5375 692 5414 amerte
725 5360 907 5423 ﬁliam,
934 5358 1162 5414 Camero
1197 5360 1434 5426 nomine,
1467 5376 1587 5418 cum
1631 5364 1755 5420 dote
1787 5366 2048 5432 locorum,

483 5458 796 5526 regionum,
827 5453 1037 5508 urbium
1063 5461 1118 5512 et
1141 5453 1377 5520 pecuniae
1408 5456 1546 5510 haud
1579 5458 1834 5512 mediocri
1857 5458 1908 5511 in
1935 5473 2050 5513 ma-

479 5546 808 5602 trimonium
842 5544 1071 5610 accepit.
1122 5542 1250 5596 Erat
1293 5546 1508 5614 juvenis
1547 5546 1640 5601 ille
1673 5546 1872 5601 Graeca:
1923 5561 2051 5600 eru-

479 5639 718 5695 ditionis
793 5639 934 5692 baud
1005 5655 1218 5707 expers,
1259 5649 1314 5695 et
1368 5639 1727 5711 peritissimus
1787 5638 2052 5694 sermOuis

479 5728 750 5794 Arabici;
816 5729 956 5782 idem
1006 5730 1543 5787 muniﬁcentissimus
1592 5738 1644 5782 et
1695 5728 2051 5792 lautissimus,

483 5833 613 5887 qua:
642 5832 727 5872 res
749 5819 1001 5872 omnibus
1032 5821 1192 5887 inque
1226 5819 1414 5886 primis
1443 5818 1716 5880 Barbaris,
1754 5827 1901 5887 grata
1933 5833 2054 5871 esse

483 5906 832 5974 solcl,atquc
865 5908 1147 5961 exhihelnt
1177 5923 1231 5960 sc
1267 5908 1470 5963 facilem
1513 5907 1740 5961 subditis
1772 5923 1892 5960 cum
1932 5906 2054 5961 reli-

2155 4732 2482 4787 simillimum
2513 4730 2761 4791 reddidit,
2782 4741 2845 4781 ac
2892 4739 3233 4794 summopere
3286 4724 3510 4778 Barbari
3558 4725 3704 4777 colc-

2151 4824 2298 4876 bant.
2332 4821 2380 4874 Is
2407 4819 2462 4874 in
2493 4818 2642 4873 omni
2669 4818 2787 4870 loco
2808 4816 2890 4870 vel
2919 4815 3215 4882 provincia,
3269 4814 3358 4866 ubi
3388 4812 3565 4867 sedem
3596 4813 3706 4866 col-

2150 4912 2380 4974 locabat,
2412 4909 2842 4964 constituebatur
2892 4906 3164 4976 princeps.
3198 4919 3263 4960 ac
3292 4905 3433 4958 tanta
3491 4904 3607 4972 ejus
3630 4912 3710 4956 to-

2151 5011 2259 5056 tam
2295 5000 2685 5069 pervagabatur
2714 4997 2917 5051 Asiam.
2955 4993 3097 5048 Idem
3133 4994 3392 5062 plurimas
3418 4994 3708 5061 imperato-

2154 5108 2271 5148 rum
2326 5092 2689 5146 Romanorum
2755 5087 3009 5152 novellas,
3063 5086 3117 5140 in
3140 5086 3423 5140 Arabicam
3475 5085 3706 5151 linguam

2151 5200 2461 5248 conversas,
2498 5193 2552 5237 ut
2575 5182 2763 5236 Turca:
2801 5183 2850 5235 in
2876 5179 3093 5248 judiciis
3144 5178 3485 5242 adhiberent,
3505 5176 3705 5230 eﬂ‘ecit.

2153 5278 2403 5342 Idoneam
2424 5285 2598 5329 autem
2643 5273 2982 5328 occasionem
3013 5279 3202 5323 nactus
3235 5277 3451 5337 propter
3501 5270 3706 5328 turbas.

2152 5383 2288 5434 quas
2333 5365 2558 5436 imperio
2621 5364 2864 5417 Romano
2907 5361 3027 5416 Itali
3077 5361 3406 5424 excitabant,
3451 5361 3706 5428 quidquid

2155 5455 2410 5509 Romana;
2432 5453 2649 5508 ditionis
2671 5452 2785 5507 suis
2811 5451 3006 5506 ﬁnibus
3040 5451 3273 5504 vicinum
3293 5460 3433 5512 erat,
3468 5450 3520 5503 in
3553 5465 3706 5501 stram

2157 5548 2360 5618 redegit
2388 5555 2731 5615 potestatem,
2758 5557 2855 5597 nec
2891 5551 3067 5596 tamen
3088 5541 3259 5596 ullum
3294 5555 3529 5608 unquam
3557 5539 3712 5594 Chri.

2155 5637 2388 5693 stianum
2428 5634 2620 5687 laedere
2642 5631 2827 5696 voluit,
2877 5629 3005 5698 quin
3046 5627 3176 5690 illo.
3208 5629 3298 5696 qui
3343 5626 3567 5692 subjecti
3609 5625 3710 5679 sibi

2155 5737 2326 5788 erant,
2360 5739 2451 5780 eos
2486 5723 2761 5779 beneﬁciis
2795 5737 2856 5775 ac
2893 5720 3051 5774 donis
3095 5719 3343 5788 angebat,
3385 5717 3535 5786 regni
3582 5717 3714 5771 lines

2157 5816 2412 5884 paulatim
2438 5811 2731 5882 prolataus.
2765 5809 2962 5865 Gcnuit
2993 5811 3082 5864 hic
3106 5807 3462 5876 Erlogrulem,
3500 5814 3711 5875 patrem

2157 5909 2458 5969 OLIIiIlallIS.
