4526 6514
213 544 316 604 697

1260 540 1709 601 CHRONICON
1765 546 2030 610 MAJUS.
2067 575 2136 586 -
2174 551 2317 611 LIB.
2350 551 2398 610 Ι.

3344 545 3452 607 698

215 669 354 713 σεως
405 653 498 705 καὶ
547 651 655 704 τῶν
695 650 1098 722 ἱστορησάντων
1133 651 1228 713 τὰς
1280 652 1514 714 ἐννοίας.
1563 653 1655 704 καὶ
1686 652 1777 703 ἐπὶ
1807 663 1852 716 Α
1881 658 1927 708 ot
1958 656 2014 710 δὲ
2047 659 2198 711 ἀετοὶ
2227 661 2291 710 ἐκ
2324 657 2538 728 μακροῦ
2575 657 2874 726 ἱστάμενοι,
2902 655 2977 724 μὴ
3001 652 3288 723 δυνάμενοι
3314 654 3452 704 ὑπο-

214 748 306 798 τὸν
348 746 541 815 Ἐρτογ
550 744 746 813 ρούλην
784 742 1191 814 ἐπανέλθωμεν.

287 837 391 906 κβ’.
438 837 708 905 ’Υπῆρχεν
742 829 895 897 οὗτος
925 838 952 888 ὁ
981 834 1381 905 Ἐρτογρούλης
1401 834 1573 894 δεινὸς
1603 835 1682 894 είς
1715 833 1782 886 τά

216 933 399 985 πάντα
431 929 525 982 καὶ
548 926 923 996 μεγαλόψυχος
953 926 1092 995 ὑπὲρ
1121 926 1211 978 τὸν
1239 929 1464 979 πάππον
1499 924 1664 978 αὑτοῦ
1693 929 1786 978 καὶ

220 1022 454 1091 πατέρα,
491 1021 583 1077 καὶ
622 1021 680 1073 ιν
710 1019 969 1086 πολέμοις
1023 1019 1082 1070 ἐν
1129 1017 1294 1084 ὀλίγῳ
1352 1016 1530 1086 καιρῷ
1560 1015 1786 1084 δόκιμος

220 1113 483 1181 ἐγεγόνει,
511 1112 604 1165 καί
631 1128 779 1171 τινας
807 1110 1007 1171 τόπους
1030 1111 1117 1161 καὶ
1141 1108 1320 1178 χώρας
1340 1109 1618 1169 ὑποτελεῖς
1652 1107 1787 1159 Ῥω-

221 1206 400 1271 μαίων
429 1203 709 1272 αίφνιδίως
736 1202 977 1270 ἥρπασε.
1011 1201 1120 1252 Καὶ
1159 1201 1245 1254 διὰ
1274 1201 1373 1269 τὴν
1405 1202 1668 1269 σύγχυσιν
1691 1199 1785 1251 τοῦ

219 1291 413 1364 καιροῦ
439 1296 531 1347 καὶ
564 1293 666 1346 ὑπὸ
689 1292 796 1344 τῶν
815 1293 899 1344 ἐτέ
911 1309 1016 1361 ρων
1049 1292 1342 1362 σατραπῶν
1373 1292 1480 1344 τῶν
1502 1290 1789 1357 ὁμοφύλων

221 1386 387 1440 αὑτοῦ
416 1385 588 1438 πολλά
619 1400 741 1436 τινα
790 1383 1024 1452 φρούρια
1056 1377 1210 1444 οὗτος
1260 1383 1351 1450 ὑφ’
1383 1384 1574 1435 ἐαυτὸν
1597 1372 1789 1450 ἐποιή-

224 1492 376 1541 σατο,
408 1477 502 1529 καὶ
531 1471 600 1539 ἦν
647 1472 878 1542 φοϐερὸς
907 1475 1017 1534 τοῖς
1048 1474 1238 1526 πᾶσιν.
1297 1472 1595 1544 ἰστοροῦσι
1623 1472 1678 1524 δέ
1709 1488 1791 1523 τιτ

222 1583 318 1628 νες
350 1566 530 1635 ὅραμα
582 1563 711 1622 ιδεῖν
741 1562 932 1619 τοῦτον
961 1563 1187 1624 τοιόνδε.
1236 1563 1564 1632 Ἐρχομένου
1595 1564 1652 1614 ἐν
1691 1563 1792 1630 μιᾷ

221 1659 334 1709 τῶν
360 1658 581 1726 ήμιρῶν
617 1658 676 1711 ἐν
700 1658 768 1726 τῇ
795 1652 918 1721 eaq),
951 1656 1226 1718 καύσωνος
1257 1652 1408 1716 ὄντος
1438 1654 1653 1720 πολλοῦ,
1684 1653 1795 1705 ἔδοξ

223 1750 319 1812 ξεν
372 1748 520 1817 αύτῷ
579 1748 965 1817 άναπαυθῆναι
1033 1747 1232 1815 μικρὸν
1284 1745 1654 1815 (κεκοπιακὼς
1683 1746 1792 1816 γάρ

223 1840 471 1909 ὑπῆρχεν
493 1841 558 1898 ἐκ
591 1839 690 1908 τῆς
715 1838 1072 1908 ὁδοιπορίας),
1115 1840 1211 1900 καὶ
1245 1838 1535 1892 ἀναπεσὼν
1563 1837 1668 1898 ὑπὸ
1694 1837 1791 1907 τὴν

227 1931 388 1982 σκιάν
416 1947 563 1993 τινος
607 1930 823 1998 δένδρου
878 1930 1170 1998 ἐκοιμήθη,
1213 1928 1382 1982 Ἔνθα
1422 1930 1596 1998 ἐφάνη
1643 1925 1791 1995 αὒτῷ

1886 749 2074 818 φέρειν
2107 751 2204 816 τὴν
2235 749 2326 801 τοῦ
2361 750 2671 817 πνεύματος
2702 747 2993 813 καταιγίδα
3015 746 3224 799 καὶτοῦ
3250 745 3454 814 χειμῶ-

1887 855 1975 900 νος
2023 839 2084 891 τὸ
2131 837 2375 907 ίσχυρὸν,
2418 837 2662 900 θέλοντες
2691 836 2786 889 καὶ
2837 835 2911 905 μὴ
2947 835 3192 896 θέλοντες
3220 834 3324 884 ὑπὸ
3354 833 3452 896 τὴν

1889 929 2099 997 σκέπην
2135 927 2229 980 καὶ
2262 926 2416 980 αὐτοὶ
2468 927 2562 978 τοῦ
2614 926 2831 995 δένδρου
2860 923 2956 977 τοῦ
3013 921 3328 990 θαυμαστοῦ
3361 922 3456 973 καὶ

1887 1019 2281 1088 εύσκιοφύλλου
2307 1015 2470 1089 ἦλθον
2491 1036 2504 1048 ο
2543 1014 2616 1070 ὧν
2640 1017 2802 1070 τινῶν
2822 1018 2872 1068 oi
2906 1017 3093 1081 ὄνυχες
3123 1015 3186 1066 ἐκ
3219 1012 3313 1066 τοῦ
3342 1030 3454 1079 χει-

1891 1107 2065 1176 μῶνος
2090 1108 2184 1161 τοῦ
2215 1107 2411 1161 πολλοῦ
2433 1106 2798 1175 ἐκλάσθησαν,
2833 1105 2994 1157 τινῶν
3018 1105 3074 1155 δὲ
3105 1103 3160 1154 αἱ
3188 1105 3458 1167 πτέρυγες

1888 1201 2104 1265 ἔπεσον,
2134 1203 2228 1253 καὶ
2245 1202 2426 1254 οὐκέτι
2455 1199 2708 1252 ἐδύναντο
2731 1197 3012 1261 πέτεσθαι,
3030 1198 3171 1256 τινὲς
3195 1196 3251 1247 δὲ
3280 1193 3459 1245 αὐτῶν

1888 1293 2061 1346 καὶτὸ
2093 1293 2322 1346 καθόλου
2354 1295 2758 1363 ἐνεκρώθησαν.
2797 1291 2926 1354 Ἔξυ
2939 1305 3066 1350 πνος
3095 1288 3148 1338 δὲ
3170 1287 3460 1353 γενόμενος

1893 1383 2032 1454 μετὰ
2062 1385 2228 1452 φόϐου
2259 1385 2321 1436 τὸ
2344 1385 2530 1454 ὅραμά
2553 1401 2660 1436 τινι
2680 1382 3022 1453 όνειροκρίτῃ
3047 1379 3123 1447 τῷ
3152 1380 3251 1448 τὴν
3272 1380 3463 1445 ἀστρο-

1890 1475 2079 1542 λογίαν
2111 1478 2193 1537 είς
2226 1476 2395 1544 ἄκρον
2443 1475 2883 1542 γεγυμνασμένῳ
2917 1471 3231 1542 προσελθὼν
3266 1470 3458 1536 διηγή-

1891 1581 2043 1617 σατο.
2094 1564 2267 1626 Αὐτὸς
2313 1565 2367 1616 δὲ
2400 1566 2464 1616 ἐκ
2507 1565 2605 1629 τῆς
2645 1563 2755 1616 τῶν
2791 1562 3080 1630 πλανητῶν
3131 1562 3224 1614 καὶ
3258 1560 3463 1628 ζῳδίων

1892 1655 1988 1706 καὶ
2011 1655 2254 1723 ἀστέρων
2289 1657 2555 1724 κινήσεως
2583 1656 2858 1724 γνωρίσας
2888 1650 3042 1706 εἶπεν
3066 1654 3212 1721 αῦτῷ
3240 1652 3415 1714 οὕτως
3447 1666 3459 1679 ·

1899 1763 1917 1796 ι
1950 1747 2013 1798 Οἱ
2037 1745 2142 1797 ὑπὸ
2174 1745 2267 1798 σοῦ
2293 1746 2655 1814 καταγόμενοι
2691 1745 2929 1814 βασιλεῖς
2954 1745 3178 1814 μεγάλοι
3198 1744 3264 1796 δι’
3282 1744 3463 1810 ὀλίγον

1894 1838 2237 1905 γενήσονται,
2274 1837 2369 1889 καὶ
2399 1837 2432 1906 ή
2459 1837 2709 1906 βασιλεία
2732 1837 2912 1888 αὐτῶν
2951 1837 3073 1889 λίαν
3130 1835 3466 1902 αὐξανθήσε-

1893 1943 1982 1979 ται
2006 1928 2064 1980 ἐν
2094 1927 2172 1994 τῷ
2198 1927 2406 1997 κόσμῳ,
2435 1928 2530 1980 καὶ
2559 1928 2826 1990 αὐθέντας
2855 1928 2950 1980 καὶ
2979 1927 3223 1996 βασιλεῖς
3246 1927 3467 1994 ἑτέρους

223 2019 408 2087 οὐρεῖν
439 2020 578 2087 μετὰ
606 2019 772 2084 πόνου
813 2017 1051 2086 μεγάλου
1072 2010 1212 2085 αἷμα
1243 2017 1307 2070 ἐκ
1332 2017 1434 2085 τῆς
1453 2016 1662 2076 κοιλίας
1690 2014 1788 2067 αύ-
1818 2027 1868 2094 Β
1893 2017 2218 2070 δουλώσουσι
2253 2018 2349 2070 καὶ
2400 2017 2662 2082 ἐξὼσουσι
2692 2018 2792 2086 τῆς
2847 2018 2955 2086 76
2984 2016 3160 2085 ἀρχῆς
3198 2017 3293 2069 καὶ
3333 2019 3469 2067 ἀπο-

221 2111 318 2161 τοῦ
345 2126 358 2140 ο
390 2112 483 2163 καὶ
509 2110 644 2168 ὅπου
675 2108 734 2161 τὸ
762 2104 922 2179 οὖρον
948 2099 1132 2172 lassos,
1159 2107 1375 2176 δένδρον
1417 2107 1558 2160 πάνυ
1590 2106 1792 2176 ὡραῖον

228 2199 426 2270 μικρὸν
459 2201 713 2269 ἁνέφυεν,
754 2199 875 2268 ξχον
908 2200 1036 2261 τοὺς
1070 2198 1300 2262 κλάδους
1328 2198 1403 2260 ὼς
1427 2196 1664 2268 χρυσοῦς
1699 2195 1794 2248 καὶ

221 2291 470 2354 ἁπαλοὺς
500 2292 591 2343 καὶ
616 2291 942 2361 τρυφεροὺς,
974 2291 1070 2342 καὶ
1100 2291 1134 2358 ἠ
1169 2289 1294 2360 ῥίζα
1346 2289 1512 2342 αὐτοῦ
1573 2287 1794 2356 στερεά,

226 2383 325 2435 καὶ
345 2381 411 2435 δι’
442 2381 623 2447 ὀλίγου
654 2379 847 2449 καιροῦ
872 2377 1126 2434 τοσοῦτον
1157 2380 1205 2430 oi
1238 2377 1330 2431 τοῦ
1367 2377 1582 2445 δένδρου
1612 2376 1796 2429 κλάδοι

225 2473 572 2541 ηὑξάνθησαν
610 2469 749 2522 ὥστε
781 2469 1068 2539 φαίνεσθαι
1103 2468 1324 2521 σκέπειν
1353 2469 1442 2519 τὸν
1473 2466 1795 2536 κόσμον⁷5

225 2567 470 2618 ἅπαντα.
505 2563 615 2622 Καὶ
646 2561 996 2615 ὑποκάτωθεν
1021 2560 1114 2612 τοῦ
1146 2559 1365 2628 δένδρου
1394 2560 1602 2629 σκέπης
1628 2559 1797 2629 καθή-

232 2674 370 2727 μενα
402 2653 541 2726 ἦσαν
587 2656 693 2715 πᾶν
737 2656 981 2707 πετεινὸν
1018 2653 1320 2722 πτερωτὸν,
1373 2655 1464 2704 καὶ
1499 2653 1662 2720 μέσον
1688 2651 1798 2703 τῶν

229 2751 450 2818 πτηνῶν
507 2749 711 2801 τούτων
739 2747 848 2807 τῶν
894 2746 1106 2798 πολλῶν
1141 2745 1235 2798 καὶ
1287 2743 1671 2812 ἀναριθμήτων
1706 2740 1800 2794 καί

228 2859 376 2906 τινες
402 2841 550 2895 ἀετοὶ
581 2841 823 2909 ὑπῆρχον
859 2838 1045 2909 μικροί
1075 2855 1134 2888 τε
1159 2839 1251 2889 καὶ
1286 2837 1532 2904 μεγάλοι.
1571 2835 1663 2886 Ἕκ
1701 2849 1802 2901 μα-

231 2931 429 3002 κρόθεν
454 2930 511 2982 δέ
538 2932 594 2996 ἐξ
627 2930 872 2990 ἐναντίας
901 2929 996 2981 τοῦ
1027 2927 1243 2997 δένδρου
1269 2927 1446 2995 ἕτεροι
1476 2925 1622 2977 ἀετοί
1657 2940 1799 2986 τινες

230 3020 377 3092 ἦσαν
404 3022 725 3089 καθήμενοι,
769 3018 1126 3079 σκοπεύοντες
1175 3019 1272 3085 τὴν
1302 3017 1395 3069 τοῦ
1425 3017 1644 3084 δένδρου
1673 3015 1801 3067 καλ-

234 3113 418 3182 λονὴν,
461 3114 552 3164 καὶ
583 3113 706 3174 τοὺς
747 3109 939 3172 ἀετοὺς
976 3110 1069 3160 καὶ
1100 3109 1166 3161 τὰ
1209 3108 1386 3174 πτηνὰ
1423 3107 1492 3159 τὰ
1522 3107 1804 3158 ὑποκάτω.

236 3206 330 3259 θεν
358 3205 431 3266 ὡς
469 3204 610 3272 τάχα
654 3202 998 3271 μεμφόμενοι
1045 3199 1376 3266 κατεγέλων.
1424 3200 1532 3251 Καὶ
1564 3200 1670 3266 ἀὴρ
1706 3197 1802 3266 μέν

234 3313 325 3359 τις
354 3298 417 3348 ἐκ
445 3294 544 3363 τῆς
581 3294 674 3346 τοῦ
707 3293 924 3362 δένδρου
963 3289 1120 3361 ῥίζης
1156 3289 1458 3360 ἐνεφύσησε
1496 3291 1635 3341 πάνυ
1674 3305 1805 3354 σφο-

1898 2106 2170 2171 κτενοῦσι,
2226 2108 2318 2160 καὶ
2353 2107 2525 2160 πολλά
2576 2108 2703 2178 ἐθνη
2757 2107 2992 2177 ὑποτελῆ
3031 2108 3343 2175 ποιήσουσι,
3375 2107 3467 2158 καὶ

1896 2198 2271 2254 δουλεύσουσιν
2296 2201 2531 2264 ἑαυτοῖς,
2556 2200 2651 2260 καὶ
2684 2201 2898 2253 ἔσονται
2930 2199 3320 2268 εὐλαϐούμενοι
3373 2199 3469 2250 καὶ

1897 2291 2120 2360 φοσεροὶ
2151 2293 2232 2354 είς
2264 2293 2370 2346 πᾶν
2417 2291 2568 2353 ἔθνος
2599 2296 2691 2345 καὶ
2735 2295 2889 2358 γένος
2931 2292 3028 2344 καὶ
3075 2292 3328 2359 γλῶσσαν
3374 2291 3470 2342 καὶ

1899 2383 2092 2453 φυλήν.
2132 2402 2150 2435 ι
2202 2383 2466 2444 Ἀκούσας
2505 2384 2560 2435 δὲ
2613 2385 2640 2434 ό
2705 2382 3103 2451 Ἐρτογρούλης
3165 2381 3468 2450 περιχαρὴς

1898 2473 2213 2541 γενόμενος,
2253 2472 2346 2524 καὶ
2397 2473 2477 2532 εἰς
2507 2473 2572 2523 τὰ
2603 2472 2780 2525 πάντα
2822 2471 2857 2525 θ.
2886 2471 3057 2524 ἐποίει
3107 2471 3470 2538 ἰσχυροτέρως

1898 2567 1992 2618 καὶ
2040 2565 2180 2634 μετὰ
2230 2565 2459 2616 ἐλπίδων
2495 2564 2748 2631 μεγάλων
2801 2566 2896 2615 καὶ
2931 2562 3215 2630 ἀγερώχου
3244 2560 3470 2627 γνώμης

1898 2654 1966 2727 ἦν
1999 2657 2423 2723 ἀγωνιζόμενος,
2462 2657 2615 2708 Matri
2645 2673 2794 2716 τινας
2828 2656 3040 2724 ἡμέρας
3090 2657 3221 2724 νῆας
3245 2655 3469 2724 λῃστρι-

1902 2749 2002 2807 ut;
2036 2749 2111 2810 ὡς
2141 2749 2218 2800 ἔνι
2253 2749 2638 2816 οἰκονομήσας,
2665 2747 2871 2816 διήρεις
2905 2749 2996 2799 καὶ
3031 2750 3284 2816 μονήρεις
3312 2746 3471 2806 εὐθὺς

1901 2837 2198 2906 ἑτοιμάσας
2229 2839 2321 2889 καὶ
2368 2820 2508 2905 μετὰ
2539 2838 2747 2905 ἀνδρῶν
2791 2837 3042 2906 μαχίμων
3077 2838 3256 2896 καλῶς
3290 2853 3472 2904 παρα-

1903 2927 2202 2989 σκευάσας,
2236 2927 2434 2988 πολλὰς
2481 2927 2591 2979 τῶν
2628 2927 2926 2979 Κυκλάδων
2959 2929 3154 2994 νήσους
3179 2926 3273 2986 τὰς
3308 2927 3364 2976 ἐν
3394 2924 3473 2990 τῷ

1902 3019 2111 3087 Αἰγαίῳ
2165 3017 2388 3084 πελάγει
2423 3019 2520 3086 τῆς
2559 3019 2747 3079 Ἀσίας
2781 3017 3112 3085 ἐλεηλάτησε
3149 3017 3238 3068 καὶ
3272 3018 3474 3085 ἀνδρα-

1904 3109 2179 3162 ποδίσατο.
2248 3110 2498 3178 Περάσας
2526 3111 2581 3161 δὲ
2625 3111 2720 3162 καὶ
2751 3113 2886 3179 πρὸς
2923 3111 3020 3179 τὴν
3073 3108 3295 3179 Θρᾴκην
3320 3109 3375 3160 ἐν
3406 3109 3472 3176 τῇ

1905 3203 2144 3273 ἐπαρχίᾳ
2185 3203 2346 3254 Λίνου
2379 3204 2473 3255 καὶ
2530 3203 2895 3271 Περιθεωρίου
2942 3202 3168 3263 πολλοὺς
3205 3202 3473 3264 Χριστιαο

1905 3293 2026 3354 νοῦς
2056 3290 2425 3361 ῂχμαλώτισε,
2465 3295 2553 3347 καὶ
2606 3294 2710 3355 ἕως
2743 3295 2840 3362 τῆς
2887 3293 3116 3353 Εὐϐοίας
3175 3291 3343 3344 ἐλθὼν
3379 3291 3473 3342 καὶ

235 3388 401 3457 δρῶς,
430 3359 522 3439 καλ.
551 3359 1204 3454 ἀστραπαὶ-καὶ-βρονταὶ
1235 3385 1330 3438 καὶ
1356 3359 1561 3452 χειμὼν
1597 3382 1764 3443 πολύς
1786 3396 1799 3410 ⁶
1829 3359 1872 3418 c
1904 3386 2002 3453 τὴν
2061 3359 2290 3440 Ἑλλάδα
2331 3386 2474 3442 κατά
2503 3404 2655 3450 τινας
2687 3359 2888 3449 τόπους
2923 3386 3225 3454 ἐζημίωσε.
3257 3384 3473 3444 Φθάσας

238 3572 484 3626 diversas
546 3567 926 3627 historicorum
987 3567 1306 3629 sententias,
1344 3565 1409 3618 ad
1465 3565 1801 3631 Ertogrulem

237 3665 418 3735 ipsum
445 3663 558 3731 jam
594 3662 883 3716 reversuri.

309 3753 402 3806 ΞΩ.
438 3749 565 3804 Erat
596 3749 1088 3818 Ertogruleshomo
1107 3751 1169 3802 ad
1225 3748 1405 3804 omnia
1454 3749 1703 3823 impiger,
1752 3754 1806 3801 et

239 3860 405 3914 supra
440 3858 599 3898 avum
631 3852 685 3897 et
715 3852 922 3912 patrem
980 3842 1358 3910 magnanimus
1388 3858 1402 3906 ;
1448 3841 1615 3894 armis
1657 3841 1805 3894 brevi

240 3949 486 4004 tempore
529 3934 804 3996 excelluit,
831 3947 894 3986 ac
954 3932 1067 3986 loca
1128 3933 1390 3986 nonnulla
1452 3933 1806 3999 regionesque

239 4027 502 4082 Romanis
556 4025 834 4092 vectigalia
897 4022 1186 4077 confeStim
1233 4025 1298 4077 iis
1353 4023 1572 4092 eripuit.
1629 4023 1803 4085 Idem,

239 4129 551 4185 temporum
581 4116 993 4185 perturbatione
1030 4130 1184 4178 usus,
1242 4112 1406 4167 etiam
1474 4128 1584 4166 sua:
1634 4113 1809 4182 gentis

239 4209 476 4277 satrapis
509 4207 728 4262 castella
759 4214 862 4260 nan
924 4219 1090 4274 pauca
1121 4207 1352 4258 extorsit
1385 4215 1618 4272 eratque
1646 4204 1807 4256 terri—

239 4299 371 4354 bilis
440 4299 715 4354 omnibus.
787 4295 1034 4355 Traduut
1088 4295 1358 4359 nonnulli,
1401 4293 1707 4360 huiusmodi
1758 4291 1809 4349 ei

239 4393 415 4445 visum
451 4391 690 4448 oblatum
723 4405 866 4445 esse.
904 4390 1211 4458 Aliquando
1248 4402 1370 4443 cum
1430 4401 1624 4457 magno
1680 4387 1811 4440 solis

237 4497 378 4538 aestu
415 4484 517 4546 iter
546 4482 766 4544 faceret,
805 4481 964 4536 libuit
993 4483 1067 4546 ei,
1105 4489 1164 4534 ut
1193 4479 1336 4535 fesso
1369 4481 1433 4533 de
1450 4479 1560 4544 via,
1589 4478 1807 4547 paulum

237 4577 541 4645 quiescere.
570 4575 757 4642 Itaque
787 4575 1054 4630 recubans
1093 4573 1194 4627 sub
1227 4571 1417 4626 umbra
1450 4572 1660 4628 arboris
1715 4571 1811 4624 ob-

1911 3575 2220 3634 tempestas.
2248 3567 2475 3636 Aquilae,
2506 3582 2625 3637 quae
2646 3566 2832 3636 procul
2863 3574 3038 3631 erant,
3068 3581 3189 3619 cum
3225 3565 3474 3635 procellae

1910 3661 2168 3728 impetum
2199 3668 2254 3712 et
2279 3661 2383 3713 vim
2412 3660 2750 3727 tempestatis
2779 3660 3050 3712 sustinere
3078 3675 3184 3711 non
3223 3665 3471 3726 possent,

1906 3750 2038 3820 ipsa
2060 3755 2293 3820 quoque,
2325 3751 2676 3821 quantumvis
2714 3759 2956 3820 gravate,
2981 3747 3080 3802 sub
3112 3756 3323 3816 tegmen
3379 3734 3475 3798 ad-

1910 3842 2167 3896 mirabilis
2184 3843 2467 3911 etegregie
2485 3844 2753 3896 umbrosae
2783 3841 2996 3894 arboris
3025 3856 3084 3895 se
3119 3847 3465 3907 receperunt.

1911 3932 2114 3986 Harum
2157 3934 2280 3988 aliis
2340 3947 2547 4003 ungues
2579 3936 2628 3986 vi
2688 3936 3029 4003 tempestatis
3089 3932 3247 3985 fracti
3297 3938 3472 3993 erant,

1910 4025 2030 4078 aliis
2057 4039 2243 4091 penna:
2275 4024 2611 4090 deciderant,
2647 4035 2705 4077 ut
2737 4040 2842 4077 non
2877 4026 2984 4092 jam
3010 4032 3233 4093 possent
3254 4021 3464 4084 volare,

1912 4118 2027 4170 alia:
2060 4117 2290 4185 denique
2317 4116 2471 4184 plane
2493 4129 2651 4170 erant
2679 4117 2989 4173 exstinctae.
3043 4112 3475 4184 Expergefactus

1911 4208 2225 4276 Ertogrules
2254 4216 2308 4261 et
2337 4208 2620 4276 perculsus
2655 4210 2858 4271 animo,
2903 4205 3243 4261 somniorqu
3302 4203 3471 4255 inter-

1913 4310 2116 4369 pretem
2148 4299 2451 4368 astrologiae
2485 4297 2876 4366 peritissimum
2911 4297 3067 4361 adiit,
3097 4295 3259 4365 eique
3299 4295 3473 4348 visum

1912 4391 2208 4444 enarravit.
2280 4388 2443 4453 ls,ex
2503 4392 2846 4460 planetarum
2880 4399 2933 4444 et
2985 4389 3230 4444 siderum
3289 4389 3475 4442 stella-

1916 4497 2140 4552 rumque
2179 4483 2412 4545 motibus
2441 4498 2497 4537 re
2526 4484 2765 4553 cognita,
2810 4482 2888 4536 sic
2943 4480 3222 4549 respondit
3279 4497 3294 4533 :
3331 4482 3374 4532 Α
3422 4488 3475 4534 te

1917 4577 2129 4631 oriundi
2156 4592 2309 4645 reges
2343 4577 2489 4630 brevi
2528 4585 2766 4644 tempore
2793 4573 2970 4644 magni
2995 4574 3226 4628 evadent
3259 4586 3476 4627 eorum-

238 4667 518 4718 dormivil.
552 4664 676 4718 Mox
715 4663 764 4718 ei
821 4679 1016 4733 magno
1081 4678 1205 4719 cum
1242 4664 1431 4726 dolore
1490 4662 1558 4720 de
1617 4671 1809 4715 venire
1845 4688 1889 4742 ι)
1918 4683 2020 4736 que
2080 4684 2299 4736 regnum
2336 4669 2468 4722 mire
2494 4668 2777 4737 augebitur
2812 4682 2908 4736 per
2938 4668 3126 4722 orbem
3182 4676 3471 4732 terrarum,

239 4759 399 4810 urina
430 4756 697 4823 profluere
727 4757 1022 4825 sanguinea
1064 4758 1177 4811 visa
1210 4765 1312 4822 cst,
1357 4765 1430 4818 et,
1465 4770 1569 4825 qua
1614 4754 1670 4814 in
1705 4765 1811 4809 ter-

242 4861 360 4902 ram
398 4847 611 4910 flueret,
643 4855 866 4916 repente
917 4847 1077 4903 arbor
1139 4860 1274 4902 sane
1336 4860 1494 4912 quam
1555 4845 1806 4914 speciosa

239 4938 452 4999 enasci,
491 4940 657 4997 rantis
693 4937 914 5006 praedita
939 4936 1144 5000 aureis,
1204 4937 1408 4992 teneris
1431 4947 1482 4991 et
1535 4937 1806 5000 mollibus,

239 5041 297 5078 et
331 5027 512 5084 radice
564 5027 773 5092 solida;
843 5027 990 5081 brevi
1045 5027 1329 5082 intervallo
1389 5029 1602 5083 arboris
1672 5028 1807 5088 rami

240 5120 380 5172 adeo
434 5113 854 5181 succreverant,
923 5130 983 5174 ut
1059 5129 1230 5174 totum
1289 5121 1474 5174 orbem
1537 5130 1804 5176 terrarum

242 5213 560 5264 viderentur
593 5211 865 5282 obtegere.
913 5210 1032 5266 Sub
1078 5213 1311 5282 tegmine
1371 5214 1582 5288 arboris
1646 5227 1806 5268 omne

241 5316 416 5368 genus
446 5302 724 5359 volucrum
756 5304 1095 5364 consederat,
1124 5303 1175 5357 in
1211 5319 1440 5372 quarum
1498 5307 1809 5359 innumera-

242 5393 338 5444 bili
377 5392 905 5451 multitudineetiam
925 5395 1121 5462 aquilae
1154 5395 1362 5463 aliquot
1411 5405 1466 5451 et
1525 5411 1706 5466 parva:
1753 5405 1808 5450 et

241 5498 455 5550 magnae
509 5493 683 5537 erant.
754 5483 972 5549 Procul,
1034 5501 1064 5538 e
1122 5487 1339 5555 regione
1392 5487 1624 5552 arboris,
1688 5487 1807 5542 alite

241 5577 439 5644 aquilae
468 5579 848 5643 consederant,
899 5580 1115 5634 arboris
1163 5579 1622 5649 pulchritudinem
1677 5594 1808 5634 con-

243 5669 588 5736 templantes,
615 5677 670 5724 et
704 5669 900 5725 alteras
928 5671 1072 5736 illas,
1107 5687 1228 5740 qua:
1263 5671 1365 5726 sub
1402 5672 1597 5727 arbore
1625 5680 1804 5739 erant,

241 5759 456 5830 aquilas
487 5759 840 5828 volucresque
884 5763 1282 5829 quodammodo
1320 5762 1652 5818 deridentes.
1683 5763 1805 5817 Mox

242 5868 270 5903 a
312 5850 494 5903 radice
547 5850 758 5905 arboris
789 5863 979 5906 ventus
1007 5854 1519 5909 vehementissimus
1581 5864 1804 5909 exortus

246 5948 350 6007 est,
376 5949 430 5992 ct
472 5943 845 5999 excitabantur
889 5943 1101 6013 fulgura
1141 5954 1194 6001 et
1243 5945 1475 6000 tonitrua
1512 5956 1564 6000 et
1620 5947 1796 6015 gravis

1916 4759 2184 4827 principes
2208 4767 2261 4812 et
2285 4771 2434 4826 rcges
2457 4758 2594 4811 alios
2617 4759 2937 4822 domabunt,
2971 4771 3038 4813 ex
3084 4759 3322 4825 ipsorum
3355 4757 3477 4810 tini-

1914 4851 2012 4903 bus
2034 4864 2127 4905 eos
2181 4849 2399 4920 ejiciont
2452 4861 2506 4904 et
2528 4849 2802 4916 occident,
2861 4848 3224 4916 nationesque
3275 4848 3477 4909 multas

1910 4941 2008 4996 sibi
2115 4940 2403 5010 vectigales
2499 4939 2700 4995 facient
2789 4940 3204 5010 subjicientque.
3301 4941 3472 4996 Deni-

1909 5047 2017 5110 que
2096 5034 2502 5087 venerabuntur
2592 5047 2686 5094 eqs
2757 5041 2813 5086 et
2911 5032 3176 5102 timebunt
3282 5046 3476 5089 omnes

1909 5125 2111 5192 populi,
2139 5135 2340 5192 gentes,
2370 5125 2589 5194 linguae,
2625 5126 2818 5180 tribus.
2849 5123 2944 5179 llis
2966 5125 3168 5182 auditis
3201 5123 3470 5195 Euagru-

1908 5218 1987 5278 les
2011 5233 2198 5287 magna
2233 5217 2414 5272 laetitia
2447 5216 2716 5286 perfusus,
2751 5218 2818 5270 ad
2845 5218 3050 5282 omnia,
3096 5231 3216 5285 qua:
3243 5218 3466 5286 agebat,

1908 5310 2070 5371 etiam
2094 5309 2342 5363 alacriori
2374 5309 2557 5369 Studio
2604 5321 2926 5375 sttinmaque
2980 5323 3103 5362 cum
3160 5307 3356 5361 fiducia
3416 5317 3472 5369 et

1908 5400 2108 5460 ferocia
2139 5401 2503 5456 incumbebat.
2534 5399 2663 5454 Post
2687 5400 2892 5466 aliquot
2920 5400 3058 5464 dies,
3089 5400 3314 5455 navibus
3329 5415 3472 5469 prae-

1910 5493 2150 5557 datoriis,
2165 5502 2417 5561 quantum
2436 5492 2548 5546 ﬁeri
2565 5501 2796 5560 poterat,
2813 5491 3108 5556 adornatis,
3135 5490 3474 5559 navigiisque

1908 5596 2028 5650 qua:
2053 5583 2247 5650 partim
2267 5580 2496 5650 simplici
2518 5579 2713 5648 partim
2743 5578 2941 5647 duplici
2972 5594 3245 5633 remorum
3273 5579 3471 5635 ordine

1908 5672 2176 5726 instructa
2197 5679 2374 5732 erant,
2403 5669 2694 5724 confestim
2721 5670 2925 5737 paratis
2942 5679 2992 5723 et
3011 5670 3202 5723 idoneo
3231 5670 3463 5724 militum

1909 5777 2134 5816 numero
2164 5760 2422 5829 impletis.
2451 5760 2756 5827 complures
2787 5765 2852 5815 de
2895 5760 3232 5830 Cycladibus
3277 5761 3471 5822 insulis

1911 5853 1966 5908 in
1998 5854 2131 5906 mari
2166 5845 2350 5922 1Eng
2378 5853 2494 5906 sitis
2523 5851 2879 5921 depopulatur
2939 5867 3231 5920 earumque
3268 5853 3476 5911 incolas

1915 5946 2183 6017 redigitin
2211 5946 2542 6000 scrtitutcm.
2587 5945 2703 6001 Mox
2757 5947 2806 6000 in
2860 5945 3145 6002 Thraciam
3187 5944 3469 6016 trajectus,
