4526 6514
931 475 1035 540 699

2144 477 2461 536 GEORGII
2506 473 2929 534 ΡΗΠΑΝΤΖΕ

4079 458 4175 519 700

927 590 981 640 δὲ
1016 588 1141 655 ἄχρι
1162 587 1255 638 καὶ
1280 587 1378 653 τῆς
1419 587 1581 655 νήσου
1609 584 1702 637 τοῦ
1736 585 1974 648 Πέλοπος
2008 585 2291 638 καὶπολλὰ
2322 585 2490 636 σκῦλα
2527 594 2563 641 Α
2594 583 2658 633 τὰ
2691 583 2748 633 δὲ
2781 581 2994 634 ἐκεῖθεν
3025 580 3188 647 μέχρι
3213 576 3462 646 Σμύρνης
3489 574 3716 629 καὶτῶν
3753 572 4050 641 παραλίων
4085 572 4174 639 τῆς

929 680 1184 745 ποιήσας,
1208 677 1300 730 τὸν
1322 678 1487 730 πλοῦν
1512 678 1714 747 τρέψας
1749 682 1804 730 ὲν
1835 682 1898 748 τῇ
1925 679 2079 748 Ἀσίᾳ
2113 679 2484 747 ἐπανέστρεᾲε

933 768 1071 835 μετὰ
1103 769 1342 839 πλήθους
1400 770 1757 837 αἰχμαλώτων
1798 771 1893 823 καὶ
1935 770 2191 824 πλούτου.
2248 772 2353 822 Καὶ
2387 771 2489 822 ὑπὸ

931 861 1146 911 πάντων
1194 859 1301 912 τῶν
1343 860 1542 926 ἑτέρων
1578 859 1870 927 σατραπῶν
1903 862 1994 912 καὶ
2023 859 2115 912 τοῦ
2150 859 2330 911 κοινοῦ
2355 858 2486 911 λαοῦ

927 948 1212 1010 ἀσπασίως
1250 948 1463 1016 ἐδέχθη,
1518 949 1613 998 καὶ
1650 951 1785 1014 μετὰ
1836 949 2031 1015 φωνῶν
2062 948 2285 1015 ὲτίμουν
2328 949 2488 999 αὐτὸν

925 1042 974 1089 οἱ
1024 1039 1320 1107 βάρϐαροι·
1363 1041 1454 1091 καὶ
1481 1041 1542 1092 ὲκ
1570 1041 1675 1091 τῶν
1710 1041 2002 1106 σατραπῶν
2033 1039 2217 1092 ἔκτοτε
2252 1040 2488 1105 μάλιστα

925 1127 993 1196 ἦν
1025 1130 1437 1197 εὐλαϐούμενος,
1463 1133 1555 1182 καὶ
1583 1133 1947 1200 προτιμητέος
1981 1132 2042 1182 ὲκ
2070 1132 2282 1184 πάντων
2310 1132 2397 1183 διὰ
2429 1131 2490 1182 τὸ

929 1221 1129 1281 ίκανῶς
1160 1221 1464 1297 πλέεινκαὶ
1492 1218 1934 1288 θάλαττουργετν,
1980 1221 2114 1272 διότι
2155 1222 2254 1289 μὲν
2278 1222 2378 1274 οὐκ
2411 1223 2488 1274 εἰ·

930 1315 1012 1360 σίν
1046 1310 1240 1374 ἁγαθοὶ
1287 1311 1346 1361 τὸ
1376 1311 1532 1376 γένος
1573 1311 1730 1362 τοῦτο
1763 1313 1869 1362 τῶν
1919 1312 2178 1381 Τούρκων
2209 1315 2266 1365 ὲν
2298 1315 2364 1382 τῇ
2397 1312 2492 1366 θα-

924 1399 1102 1470 λάσσῃ
1135 1399 1340 1462 πλέειν,
1378 1400 1537 1462 αὐτὸς
1563 1401 1621 1453 δὲ
1646 1399 1736 1452 διὰ
1757 1403 1815 1452 τὸ
1843 1400 2028 1452 πλέειν
2052 1401 2156 1469 7³1
2183 1402 2301 1453 τότ⁹
2332 1401 2490 1454 πλέον

923 1487 991 1557 ἦν
1027 1489 1463 1559 θαυμαζόμενος.
1500 1485 1668 1552 Οὗτος
1717 1492 1884 1560 γεννᾷ
1929 1491 2022 1541 τὸν
2079 1491 2401 1559 Ὀτθμάνον,
2433 1509 2492 1558 ες

925 1572 986 1632 οὗ
1019 1581 1109 1632 καὶ
1153 1579 1534 1647 Ὀτθμανλίδες
1575 1581 1634 1632 τὸ
1663 1582 1813 1647 γένος
1843 1581 2051 1650 ἐκλήθη
2076 1580 2246 1636 ἅπαν.

970 1676 1104 1738 ,κθῄ
1142 1668 1574 1730 Ἀποϐιὼσαντσς
1602 1671 1694 1724 οῦν
1721 1672 1813 1724 τοῦ
1845 1672 2238 1742 Ἐρτογρούλου
2271 1673 2492 1736 σταθεὶς

925 1759 982 1810 ὲν
1013 1761 1074 1828 τῇ
1100 1761 1240 1828 ἀρχῇ
1271 1761 1299 1810 6
1335 1761 1448 1821 υίὸς
1502 1759 1667 1812 αὑτοῦ
1731 1761 2058 1830 Ὀτθμάνης,
2115 1763 2191 1825 ὡς
2241 1766 2488 1832 εἴπομεν,

925 1849 1021 1918 τήν
1042 1851 1215 1918 ἀρχὴν
1247 1850 1347 1919 τήν
1372 1851 1644 1918 πατρικήν
1676 1853 1755 1914 είς
1777 1853 1964 1920 χεῖρας
1998 1851 2211 1916 ιλαϐεν,
2245 1855 2354 1907 ἔτει
2383 1855 2492 1908 ἀπὸ

925 1939 1156 2002 κτίσεως
1192 1942 1398 2010 κόσμου
1434 1941 1631 2012 ,ςψοῂ
1666 1945 1761 1996 καὶ
1788 1947 1844 1996 ὲν
1872 1943 2041 2013 ὀλίγῳ
2069 1943 2244 2012 καιρῷ
2274 1945 2491 2012 ὁμοφω-
2522 1932 2563 1987 Β

927 2037 1096 2106 νήσας
1132 2034 1270 2104 μετὰ
1318 2035 1425 2086 τῶν
1482 2034 1683 2101 ιύρων
1720 2036 2032 2105 σατραπῶν,
2084 2037 2180 2089 καὶ
2222 2037 2487 2104 πολέμους

928 2125 1080 2186 τινὰς
1114 2129 1343 2194 ποιήσας
1393 2125 1533 2176 κατὰ
1567 2125 1678 2177 τῶν
1730 2125 1987 2193 ὑπηκόων
2027 2126 2349 2194 Ῥωμαίων
2397 2128 2491 2181 καὶ⁵

926 2214 996 2287 ἦν
1033 2219 1100 2270 τὰ,
1135 2218 1309 2270 πάντα
1362 2216 1457 2269 τοῦ
1490 2218 1730 2285 πολέμου
1773 2218 1993 2270 διοικῶν
2031 2219 2124 2271 καὶ
2148 2219 2433 2286 κυϐερνῶν
2463 2221 2492 2271 6

940 2308 1266 2377 Ὀτθμάνης.
1328 2303 1459 2360 Εἶτα
1499 2309 1597 2360 οὐκ
1646 2311 1842 2378 ήρεσεν
1891 2309 2037 2377 αύτῷ
2076 2310 2164 2362 ἶνα
2214 2310 2409 2371 κοινῶς
2442 2311 2490 2363 oi

930 2400 1128 2460 πάντες
1154 2398 1210 2450 ἓν
1241 2393 1374 2452 ὦσιν
1398 2402 1492 2453 καὶ
1536 2400 1709 2462 οὐδεὶς
1767 2401 1854 2453 ἀεὶ
1891 2401 2128 2471 διαφέρῃ
2153 2401 2248 2453 τοῦ
2277 2403 2488 2471 ἑτέρου.

932 2490 1087 2542 Μετὰ
1122 2492 1320 2559 μικρᾶς
1353 2491 1498 2554 τινὸς
1541 2492 1797 2559 ἀφορμῆς
1824 2493 2002 2544 αἰτίαν
2038 2485 2212 2561 εὗρεν,
2257 2495 2349 2544 καὶ
2375 2492 2492 2548 δια-

935 2583 1106 2648 φορᾶς
1129 2583 1399 2648 ἀναμέσον
1415 2582 1712 2651 γενομένης
1746 2585 1824 2644 είς
1848 2581 2119 2650 σύμϐασιν
2148 2581 2311 2653 ἦλθον
2344 2585 2491 2646 ὅπως

930 2673 996 2722 τὰ
1014 2675 1111 2723 ὅσα
1136 2674 1198 2723 ὲκ
1220 2673 1316 2739 τῆς
1348 2673 1816 2742 ἀρχῆςῬωμαίων
1839 2675 2142 2744 ἐκέρδησαν
2164 2675 2488 2744 μερίσωσιν,

929 2763 1013 2814 ἵνα
1039 2763 1265 2826 ἕκαστος
1294 2765 1371 2825 είς
1394 2765 1454 2816 τὸ
1487 2765 1648 2833 τυχὸν
1679 2765 1866 2834 κύριος
1901 2767 1993 2817 καὶ
2028 2767 2296 2829 δεσπότης
2331 2767 2492 2834 μόνον

929 2855 1280 2922 γνωρίξηται.
1319 2856 1427 2908 Καὶ
1471 2854 1686 2923 πρῶτον
1713 2856 1810 2923 μὲν
1842 2857 1891 2909 οί
1933 2857 2027 2909 τοῦ
2071 2857 2328 2926 Ἀμορίου
2363 2860 2492 2910 παϊ-

930 2946 1038 3008 δες,
1083 2948 1110 2998 6
1138 2947 1358 3000 Χασσὰν
1394 2947 1488 3000 καὶ
1546 2948 1842 3016 Μαχουμδτ
1865 2987 1880 3012 ,
1915 2948 2107 3000 ἔλαϐον
2151 2949 2218 3000 τὰ
2261 2947 2366 3000 ἀπὸ
2395 2947 2489 3001 τοῦ

931 3039 1258 3106 Σαγγάρεως
1280 3039 1527 3108 ποταμοῦ
1561 3040 1722 3109 μέχρι
1754 3038 2156 3106 Παφλαγονίας,
2183 3040 2252 3092 τὰ
2280 3038 2339 3092 δὲ
2361 3038 2492 3107 περὶ

931 3130 1030 3198 τὴν
1056 3131 1374 3199 Μαγνησίαν
1403 3132 1500 3184 καὶ
1520 3131 1812 3202 Πέργαμον
1842 3132 1935 3183 καὶ
1966 3132 2196 3201 Ἔφεσον
2226 3130 2255 3182 6
2285 3129 2487 3194 Σασὰν,

931 3325 994 3364 ex
1024 3309 1145 3363 :Eni
1179 3321 1232 3364 et
1268 3313 1588 3368 Peritheorii
1621 3314 1898 3384 provincia
1928 3329 2032 3367 non
2083 3327 2285 3382 paucos
2325 3311 2487 3367 Chri-

929 3405 1138 3457 stianos
1175 3406 1415 3473 captivos
1440 3407 1660 3461 abducit
1688 3418 1765 3470 et,
1786 3409 1849 3460 ad
1877 3406 2134 3460 Eubmam
2166 3417 2333 3471 usque
2366 3418 2490 3470 pro-

935 3511 1173 3559 gressus,
1201 3497 1363 3549 etiam
1385 3498 1600 3552 Gram-ite
1625 3499 1738 3552 loca
1770 3500 2009 3566 quadam
2029 3507 2210 3550 veaat.
2231 3496 2288 3551 In
2315 3495 2486 3564 ipsam

935 3589 1067 3643 adeo
1110 3591 1533 3655 PeIOpnnuesum
1580 3593 1845 3660 pervenit,
1881 3592 2043 3651 unde,
2076 3606 2267 3659 magna
2291 3591 2491 3644 ditatus

932 3696 1039 3750 pra:
1061 3684 1124 3739 la.
1152 3682 1204 3734 itt
1239 3683 1418 3736 Asiam
1458 3698 1675 3737 cursum
1703 3684 1981 3737 reﬂexitct
2001 3699 2122 3736 cum
2144 3683 2486 3753 captiv0rum

930 3782 983 3826 et
1019 3774 1325 3827 divitiarum
1353 3791 1542 3842 magna
1579 3777 1924 3829 multitudine
1960 3776 2139 3838 rediit,
2175 3791 2204 3829 a
2265 3774 2491 3842 reliquis

932 3867 1161 3929 satrapis
1188 3873 1239 3918 et
1290 3868 1541 3920 universo
1588 3869 1782 3933 popqu
1833 3869 2063 3935 benigne
2113 3876 2372 3934 exceptus
2439 3873 2493 3919 et

933 3955 1290 4010 Barbarorum
1324 3959 1640 4011 honestatus
1658 3959 2155 4011 acclamationibus.
2175 3957 2251 4011 Ex
2271 3972 2334 4011 eo
2354 3967 2494 4010 tem-

935 4061 1067 4115 pore
1099 4063 1207 4115 prie
1235 4051 1449 4103 caeteris
1505 4052 1738 4115 satrapis
1785 4052 2043 4116 dignitate
2065 4060 2118 4103 et
2165 4049 2494 4102 auctoritate

935 4139 1157 4208 insignis
1181 4148 1296 4193 erat
1321 4151 1538 4209 propter
1560 4156 1736 4195 rerum
1759 4142 2152 4195 maritimarum
2193 4140 2497 4195 navalium-

934 4248 1037 4298 que
1077 4232 1342 4299 peritiam,
1373 4233 1801 4302 quandoquidem
1840 4232 2139 4286 Turcarum
2189 4247 2321 4301 gens
2360 4231 2493 4284 mari

938 4339 1043 4374 non
1085 4323 1380 4376 exercitata
1417 4335 1523 4384 est,
1569 4324 1660 4376 ille
1700 4335 1876 4376 autem
1919 4341 1983 4378 ex
2041 4323 2329 4391 navigandi
2381 4335 2497 4376 arte

939 4429 1034 4466 sua
1101 4413 1311 4468 laudem
1374 4423 1524 4468 tanto
1580 4415 1837 4482 majorem
1905 4415 2339 4469 nanciscebatur.
2399 4411 2496 4468 Hic

939 4503 1257 4556 Otltmt'lnetn
1294 4505 1498 4574 genuit.
1532 4522 1558 4554 a
1588 4520 1693 4574 quo
1748 4507 1996 4559 universa
2049 4504 2249 4557 familia
2303 4519 2495 4558 nomen

938 4593 1380 4647 Othmanidarum
1415 4597 1639 4650 invenit.

1003 4689 1090 4740 23.
1128 4688 1410 4756 Ertogrule
1461 4700 1693 4752 mortuo,
1721 4689 1838 4756 ejus
1863 4689 2003 4744 illius
2055 4688 2374 4750 Otlttnanes,
2438 4689 2492 4743 itt

937 4795 1125 4849 regno,
1155 4791 1210 4832 ut
1238 4781 1499 4843 diximus,
1527 4781 1842 4844 collocatus,
1875 4793 2158 4850 paternum
2205 4780 2496 4849 imperium

936 4873 1190 4938 suscepit,
1213 4886 1357 4925 anno
1377 4872 1563 4927 mundi
1589 4871 1748 4926 6773.
1786 4873 1836 4926 Is
1869 4873 2186 4943 aliquandiu
2245 4889 2364 4930 cum
2390 4887 2499 4928 caa-

939 4964 1070 5016 teris
1140 4964 1373 5031 satrapis
1432 4979 1684 5031 concors,
1742 4966 1880 5022 bella
1939 4969 2182 5037 quadam
2239 4969 2498 5025 adversus

939 5054 1208 5107 Romanos
1239 5056 1424 5124 gessit,
1451 5057 1562 5124 ipse
1589 5073 1806 5112 omnem
1852 5075 1962 5113 rem
2015 5060 2263 5115 bellicam
2325 5061 2499 5115 admi-

938 5148 1173 5198 nistrans
1196 5149 1564 5203 etadornans.
1607 5148 1725 5204 Mox
1778 5151 1953 5204 eidem
1991 5167 2094 5206 non
2153 5154 2377 5220 placuit,
2440 5161 2499 5208 ut

937 5239 1243 5290 communia
1279 5249 1470 5294 cuncta
1501 5241 1889 5304 haberent,nec
1938 5245 2225 5312 quisquam
2278 5259 2376 5298 sua
2423 5243 2492 5299 ab

938 5328 1127 5380 alienis
1186 5340 1517 5385 secerneret.
1572 5332 1735 5386 Facili
1785 5348 1949 5399 opera
2000 5349 2217 5388 causam
2272 5335 2494 5403 reperit,

937 5421 1076 5471 unde
1108 5431 1294 5474 exorto
1323 5422 1569 5485 dissidio,
1598 5427 1809 5476 tandem
1851 5427 2186 5495 pepigerunt,
2217 5437 2296 5489 ut,
2350 5442 2497 5494 qum-

935 5524 1166 5576 cnmque
1194 5512 1260 5564 de
1301 5513 1543 5567 llomano
1596 5515 1820 5582 imperio
1873 5517 2255 5581 detraxissent,
2312 5516 2498 5569 distri-

937 5602 1162 5653 buerent
1195 5603 1328 5656 inter
1355 5613 1535 5666 se,et,
1585 5621 1704 5674 qua:
1759 5608 1950 5674 cuique
2009 5622 2134 5674 pars
2183 5607 2489 5675 obtigisset,

937 5694 1055 5760 ejus
1083 5692 1128 5745 is
1155 5693 1403 5748 dominus
1425 5705 1476 5747 ct
1503 5679 1752 5765 princeps
1793 5710 1958 5751 esset.
1990 5700 2066 5753 Ac
2121 5701 2351 5768 primum
2376 5703 2497 5770 qui-

939 5781 1060 5834 dem
1088 5783 1288 5836 Atnnt'ii
1349 5784 1460 5845 (iiii,
1502 5787 1741 5841 Chastan
1777 5797 1827 5841 et
1865 5789 2223 5857 Maltumctus,
2272 5808 2494 5861 accepe-

945 5883 1089 5940 runt,
1123 5876 1380 5948 quidquid
1409 5888 1668 5934 territum
1713 5901 1737 5932 a
1799 5881 2061 5952 Sangario
2120 5883 2281 5939 ﬂuvio
2329 5902 2493 5955 usque

2603 674 2808 734 Ἰωνίας
2837 675 2864 724 6
2899 672 3199 740 Eapxivqg,
3231 671 3296 721 τὰ
3321 669 3375 720 δὲ
3408 666 3632 719 πλείονα
3660 666 3758 732 τῆς
3774 664 4173 731 Μεσοφρυγίας

2592 766 2686 816 καὶ
2717 763 2794 815 ἔτι
2821 762 2981 831 μέχρι
3011 761 3366 826 Φιλαδελφίας
3400 760 3496 810 καὶ
3535 758 3646 809 τῶν
3674 758 3909 823 ἔγγιστα
3928 755 4170 808 ’πάντων

2590 857 2698 908 ἀπὸ
2718 854 2812 906 τοῦ
2843 852 3153 922 Μαιάνδρου
3181 850 3425 918 ποταμοῦ
3468 849 3797 915 ’Δντιοχείας
3825 850 3853 900 6
3887 845 4169 913 Καρδιμά-

2591 965 2681 1010 νος
2718 947 3105 1015 ’Λλισσούριος,
3135 945 3204 997 τὰ
3227 945 3283 995 δὲ
3310 943 3418 995 ἀπὸ
3446 944 3545 1009 τῆς
3570 942 3770 1002 Λυδίας
3807 941 3902 992 καὶ
3927 939 4169 997 Αἰολίδος

2592 1040 2701 1108 78
2728 1040 2854 1108 ἄχρι
2887 1039 3100 1098 Μυσίας
3131 1035 3225 1100 τῆς
3271 1034 3408 1104 πρὸς
3433 1034 3527 1086 τὸν
3568 1032 3966 1102 Ἑλλήσποντον
4004 1033 4034 1080 6
4064 1031 4170 1080 Ka-

2591 1133 2770 1200 λάμης
2825 1134 2921 1183 καὶ
2973 1133 3001 1182 6
3033 1128 3146 1192 υίδς
3201 1126 3367 1180 αὑτοῦ
3401 1125 3686 1194 Καράσης,
3717 1126 3786 1177 τὰ
3821 1125 3876 1176 δὲ
3916 1126 4059 1190 περὶ
4087 1123 4170 1174 τὸν

2597 1223 2878 1291 Ὄλυμπον
2909 1223 3003 1272 καὶ
3047 1221 3146 1273 ὃσα
3174 1221 3272 1286 τῆς
3313 1217 3566 1278 Βιθυνίας
3601 1217 3728 1282 ἑξῆς
3754 1218 3781 1267 6
3829 1213 4166 1282 Ὀτθμανης.

2594 1316 2702 1368 Καὶ
2725 1313 2896 1376 οὕτως
2923 1313 3023 1380 τήν
3060 1309 3410 1381 αίχμάλωτον
3436 1309 3541 1378 γῆν
3588 1309 3807 1370 ἐκείνην
3836 1309 4169 1375 μερίσαντες

2593 1409 2685 1460 καὶ
2715 1409 2839 1476 ὅρια
2895 1405 3194 1466 ἐπιθέντες,
3227 1404 3255 1456 6
3301 1400 3625 1469 Ὀτθμάνος-
3662 1401 3927 1468 φίλαρχος
3967 1399 4047 1450 ὢν
4081 1399 4169 1448 καὶ

2593 1495 2922 1562 πλεονέκτης
2955 1493 3054 1545 οὐκ
3091 1491 3395 1562 ἠρέμησεν,
3429 1489 3568 1543 ἀλλὰ
3614 1489 3915 1556 ἀποπηδῶν
3944 1489 4018 1540 τὰ
4050 1491 4168 1557 ὅρια

2592 1587 2700 1640 τῶν
2733 1586 2958 1654 ἑτέρων,
2989 1582 3192 1637 ἀδικῶν
3238 1582 3461 1647 αὐτοὺς,
3491 1581 3662 1635 πολὺν
3701 1582 3868 1634 τόπον
3899 1581 3966 1647 ἐξ
3991 1583 4169 1635 αὐτῶν

2593 1677 3020 1746 περιεποιήσατο
3048 1674 3142 1726 καὶ
3191 1672 3365 1729 πολλὰ
3395 1671 3586 1726 ἐλύπει
3605 1672 3824 1735 αύτούς.
3858 1674 3974 1726 Καὶ
4004 1673 4169 1724 θέλων

2594 1769 3032 1837 παντοιοτρόπως
3066 1767 3152 1820 ἵνα
3182 1767 3395 1837 αὐξήσῃ
3423 1765 3522 1836 τήν
3578 1766 3775 1818 ἑαυτοῦ
3829 1766 4033 1834 μερίδα
4080 1768 4166 1816 καὶ

2593 1860 2794 1930 ἀρχήν,
2831 1854 2948 1912 εἶτα
2969 1858 3208 1927 πόλεμον
3239 1858 3476 1928 ποιήσας
3498 1857 3639 1910 κατὰ
3679 1856 3971 1924 Ῥωμαίων
3993 1857 4068 1924 με
4080 1872 4164 1923 ρος

2590 1954 2689 2018 τῆς
2727 1951 2983 2013 Βιθυνίας
3035 1949 3124 2019 ὑφ’
3165 1949 3358 2004 ιαυτὺν
3387 1948 3704 2016 δποιήσατο,
3757 1947 3851 1999 καὶ
3885 1947 4030 2012 μετὰ
4078 1947 4164 1998 τοῦ

2591 2046 2688 2114 τῆς
2726 2045 3042 2112 περιφήμου
3072 2041 3277 2106 πόλεως
3305 2041 3635 2102 Σεϐαστείας
3657 2040 4040 2108 ἀμηρεύοντος
4078 2040 4165 2088 πό-

2591 2132 2756 2203 λεμον
2796 2133 3029 2202 ποιήσας
3081 2133 3176 2187 καὶ
3231 2133 3434 2194 πιάσας
3483 2131 3648 2184 αὐτὸν
3700 2130 4021 2190 ἀπέκτεινε,
4077 2129 4163 2178 καὶ

2591 2224 2867 2294 ἐγκρατής
2913 2225 3010 2276 καὶ
3040 2219 3233 2290 κύριος
3265 2222 3486 2288 ὶγένετο
3515 2221 3615 2290 τῆς
3644 2221 3906 2287 τοιαύτης
3957 2220 4165 2270 πόλεως

2591 2316 2685 2367 καὶ
2711 2315 3002 2383 ιπαρχίας,
3025 2313 3120 2366 καὶ
3150 2313 3336 2366 πᾶσαν
3370 2311 3468 2381 τὴν
3520 2311 3696 2381 ἀρχὴν
3722 2311 3941 2378 ἐκείνην
3970 2309 4166 2361 ὑπέτα-

2591 2403 2702 2472 ξεν.
2745 2405 2990 2458 Ἐκεῖθεν
3019 2405 3052 2472 ή
3079 2403 3326 2470 βασιλεία
3357 2402 3526 2456 αὑτοῦ
3551 2403 3730 2472 ἀρχὴν
3753 2400 4003 2453 λαϐοῦσα
4031 2404 4163 2467 sqq-

2594 2497 2762 2568 μίσθη
2785 2497 2879 2550 καὶ
2908 2495 3276 2566 ὲμεγαλύνθη.
3312 2492 3442 2548 Είτα
3485 2495 3649 2546 πάλιν
3676 2494 3942 2562 στραφεὶς
3980 2493 4051 2543 τὰ
4072 2492 4163 2542 ὅσα

2591 2590 2824 2660 ἐδυνήθη
2870 2587 2975 2641 ὑπὸ
3008 2588 3117 2641 τῶν
3151 2588 3352 2656 ἑτέρων
3392 2585 3684 2654 ὁμοφύλων
3731 2583 4034 2652 σατραπῶν
4075 2584 4160 2632 καὶ

2593 2681 2908 2752 συντρόφων
2940 2677 3101 2733 αὑτοῦ
3158 2678 3258 2746 τῆς
3297 2676 3523 2729 ἐκείνων
3569 2677 3788 2746 μοίρας,
3851 2674 4160 2744 λῃστρικῶς

2591 2774 2686 2826 καὶ⁸
2706 2772 2844 2841 μετὰ
2873 2771 3224 2840 συμϐάσεως,
3256 2771 3412 2831 τινὰς
3445 2769 3645 2831 τόπους
3671 2771 3764 2821 καί
3787 2768 4026 2838 φρούρια
4051 2766 4165 2817 ἐλα-

2590 2864 2704 2918 ϐεν.
2769 2861 2902 2918 Εἶτα
2958 2864 3254 2930 ἀπέθανεν,
3299 2863 3626 2930 βασιλεύσας
3686 2862 3782 2930 ἐτη
3841 2865 3954 2926 κη’,
4010 2859 4162 2916 ἔτους

2597 2961 2771 3022 ,ςωακ
2806 2955 3132 3019 ίνδικτιῶνος
3185 2956 3276 3016 ια’,
3318 2957 3412 3007 καὶ
3449 2956 3477 3006 6
3527 2956 3639 3016 υίὸς
3686 2951 3854 3005 αὑτοῦ
3896 2951 4160 3020 Ὀρχὰνης

2589 3047 2863 3119 ῑγκρατής
2893 3047 2994 3117 τῆς
3030 3046 3310 3117 πατρικῆς
3338 3046 3514 3116 ἀρχῆς
3545 3046 3794 3113 γέγονεν.

2591 3325 2654 3378 ad
2673 3324 3087 3394 Paphlagoniam
3117 3325 3445 3396 porrigitur;
3480 3323 3828 3392 Magnedam,
3847 3320 4162 3388 Pergamum

2593 3414 2857 3479 Ephesum
2892 3423 2945 3468 et
2979 3429 3101 3483 quae
3150 3416 3233 3468 his
3300 3414 3515 3482 oppidis
3574 3414 3824 3478 adjacent
3882 3414 4154 3479 regiona.

2592 3506 2762 3562 Sasan
2812 3509 3057 3574 accepit;
3107 3506 3233 3560 inde
3297 3507 3362 3560 ad
3423 3506 3782 3577 Smyrnamet
3837 3503 4160 3554 maritimam

2592 3614 2745 3653 oram
2803 3598 2970 3652 lonia!
3029 3613 3145 3666 qua
3196 3597 3487 3666 pertinent,
3547 3596 3781 3649 obtinuit
3825 3593 4163 3652 Sarcltanes;

2594 3690 2852 3757 majorem
2882 3700 3086 3760 partem
3113 3687 3359 3759 Phrygia:
3400 3687 3628 3756 Magnas,
3675 3685 3921 3751 adeoque
3985 3681 4167 3734 Phila-

2594 3782 2872 3850 delphiam
2939 3796 3132 3848 usque,
3199 3793 3252 3835 et
3293 3783 3539 3849 proxima
3594 3779 3836 3833 omniaa
3898 3779 4166 3832 Maeandro

2595 3871 2758 3927 ﬂuvio
2793 3885 2963 3942 usque
3009 3873 3375 3935 Antiochiam,
3429 3873 3773 3925 Garamantis
3826 3872 4163 3928 Alissurius;

2598 3972 2795 4018 terram
2827 3979 2856 4017 a
2895 3961 3060 4033 Lydia
3085 3972 3139 4017 et
3168 3960 3377 4016 JEolide
3423 3977 3594 4032 usque
3615 3964 3682 4015 ad
3735 3959 3988 4030 Mysiam,
4048 3975 4162 4026 qna

2595 4067 2676 4111 est
2719 4056 2772 4109 in
2827 4052 3197 4122 Hellesponto,
3243 4053 3492 4108 Calamus
3545 4065 3666 4106 cum
3748 4052 3951 4104 Carase
4012 4052 4158 4104 ﬁlio:

2598 4145 2822 4199 ﬁnitima
2855 4144 3066 4215 Olympi
3097 4152 3152 4197 et
3182 4143 3307 4196 inde
3340 4157 3458 4210 qua:
3493 4151 3641 4209 patet
3691 4157 3815 4210 pars
3875 4141 4162 4210 Bithynia.

2598 4236 2890 4290 0thmanes
2919 4234 3124 4288 habuit.
3181 4233 3337 4287 lluuc
3403 4234 3453 4285 in
3506 4233 3722 4286 modum
3785 4244 3952 4294 terra,
4005 4248 4164 4300 quntn

2598 4331 2763 4384 armis
2789 4336 3212 4397 occupaverant,
3248 4326 3538 4380 distributa
3588 4334 3639 4379 et
3668 4326 3982 4378 constitutis
4043 4325 4164 4377 (ini-

2599 4421 2718 4483 bus,
2774 4415 3090 4480 Otltmanes,
3143 4416 3452 4468 dominandi
3516 4413 3858 4480 habendique
3907 4416 4163 4479 cupidine

2599 4503 2874 4569 incensus,
2935 4507 3210 4572 quiescere
3267 4519 3372 4556 non
3425 4504 3618 4569 poluit,
3690 4504 3782 4555 sed
3839 4506 3978 4555 ultra
4039 4502 4164 4554 ﬁnes

2599 4606 2873 4667 evagatus,
2901 4598 3134 4665 reliquos
3158 4597 3472 4655 laedebamc
3493 4595 3658 4647 multa
3684 4595 3747 4646 iis
3770 4594 3885 4648 loca
3904 4595 4165 4662 eripiebat

2602 4689 2976 4760 aﬂigebatque
3004 4703 3097 4744 eos
3119 4691 3387 4758 graviter;
3411 4696 3570 4754 atque
3599 4687 3744 4738 omni
3779 4688 3937 4738 modo
3996 4689 4162 4744 nisus,

2600 4792 2658 4836 ut
2689 4790 2907 4852 augeret
2933 4795 3156 4850 regnum
3228 4794 3411 4842 suum,
3473 4793 3597 4831 mox
3656 4781 3816 4829 etiam
3891 4777 4161 4830 Ennianus

2599 4874 2764 4930 armis
2812 4872 3031 4927 adortus
3058 4882 3141 4926 est
3169 4879 3222 4925 et
3247 4878 3450 4939 partem
3491 4869 3752 4936 Bithynia:
3778 4870 3879 4922 sibi
3911 4870 4160 4937 subjecit,

2603 4980 2666 5020 ac
2694 4965 2989 5035 principem
3023 4962 3307 5026 Sebastiae,
3340 4961 3488 5017 urbis
3547 4961 3889 5026 clarissimae,
3949 4977 4164 5029 aggreso

2597 5054 2714 5124 sus,
2751 5057 2924 5126 ipsum
2950 5065 3164 5124 captum
3215 5055 3434 5118 occidit,
3486 5053 3670 5106 urbem
3727 5053 3845 5119 ejus
3896 5061 3949 5106 et
4003 5061 4159 5103 totam

2598 5147 2930 5218 provinciam
2963 5145 3016 5198 iu
3067 5153 3390 5213 potestatem
3450 5158 3603 5198 suam
3675 5141 3883 5207 redegit
3946 5142 4162 5207 sibique

2598 5237 2914 5294 vindicavit.
2943 5237 3022 5290 Ab
3056 5237 3142 5290 his
3176 5234 3474 5302 profectum
3512 5233 3705 5300 initiis,
3757 5248 3990 5302 regnum
4053 5235 4161 5300 ejus

2601 5333 2854 5388 inclaruit
2881 5340 2935 5385 et
2963 5339 3179 5384 auctum
3209 5337 3312 5382 est.
3337 5327 3536 5382 Deinde
3569 5341 3752 5382 rursus
3787 5328 3852 5380 ad
3923 5327 4152 5379 aliorum

2601 5433 2950 5491 satraparum
3039 5419 3383 5488 populariqu
3440 5417 3806 5486 sodaliumque
3854 5417 4158 5485 provincias

2599 5528 2924 5574 conversus,
2952 5511 3214 5581 quidquid
3247 5509 3372 5562 inde
3399 5511 3574 5575 potuit
3601 5509 3840 5566 locorum
3879 5521 3933 5562 et
3965 5514 4156 5562 rastel-

2597 5607 2790 5670 lorum,
2816 5608 2928 5660 sive
2948 5603 2994 5657 vi
3017 5604 3129 5656 sive
3150 5601 3318 5669 pactis
3341 5601 3630 5667 usurpavit.
3652 5599 3915 5655 Tandem.
3943 5600 4156 5668 expletis

2597 5702 2649 5754 in
2689 5714 2852 5768 regno
2883 5699 3047 5752 annis
3091 5696 3516 5764 duodetriginta,
3573 5703 3812 5746 mortuus
3865 5703 3968 5750 est.
4023 5704 4155 5743 anno

2598 5793 2762 5854 680i,
2831 5791 3123 5845 indictinnc
3203 5787 3528 5855 ll,h'.crede
3589 5786 3836 5841 Orchane
3907 5786 4019 5838 lilio
4074 5797 4154 5837 rc-

2599 5886 2743 5940 lit'to.
