4526 6514
411 441 510 510 7οί
1459 461 1901 521 CHRONICON
1937 465 2198 524 MAJUS.

1865 462 1901 521 ἵ
1937 465 2209 525 MAJUS.
2251 494 2317 502 -
2359 471 2501 530 LIB.
2548 471 2595 527 Ι.
3551 475 3652 540 7m

481 557 579 612 κδ’.
625 558 891 627 Ὀρχάνης
915 559 972 612 δὲ
997 599 1012 623 ,
1065 563 1140 624 ὠς
1173 563 1424 633 εἴπομεν,
1480 569 1666 636 κύριος
1694 572 1790 636 τῆς
1823 570 1974 638 βασι·
2002 577 2046 631 Α
2081 574 2439 643 πολύτροπος,
2475 580 2569 630 καὶ
2604 580 2660 631 ὲν
2707 582 2818 642 τοῖς
2851 580 3106 648 πολέμοις
3135 582 3308 643 δεξιὸς
3341 582 3479 648 ὐπὶρ
3514 589 3652 634 πάρν-

409 647 560 710 λείας
585 652 876 717 γενόμενος
902 653 996 704 τοῦ
1028 658 1232 723 πατρδς
1257 658 1332 726 τῷ
1379 662 1545 728 πατρὶ
1587 665 1665 724 είς
1698 665 1874 715 πάντα
1904 659 1972 731 ἦν
2078 683 2175 726 τας
2211 669 2336 729 τούς
2368 671 2667 737 προγόνους
2720 672 2912 731 αὐτοῦ,
2955 671 3043 722 καὶ
3081 672 3250 722 πολλὰ
3285 673 3648 741 κατώρθωσεν

414 740 772 831 μιμούμενος.
826 743 918 794 καὶ
1084 745 1201 813 ᾔτει
1226 747 1427 814 τρόπον
1467 752 1560 800 καὶ
1597 752 1848 820 ἀφορμάς
1885 753 1971 804 ἵνα
2078 755 2214 823 ἔργα
2249 760 2464 826 μνήμης
2507 759 2631 824 ἄξια
2663 762 2740 820 είς
2773 762 2997 831 αὐξησιν
3029 764 3125 829 τῆς
3156 758 3320 814 αὐτοῦ
3357 740 3530 831 ἀρχῆς
3557 769 3647 817 καὶ

412 829 686 892 πλουσίως
716 832 929 903 αὐξήσῃ
951 835 1040 886 τὸν
1073 837 1275 903 κλῆρον
1306 841 1397 889 καὶ
1439 839 1537 906 τὴν
1566 842 1844 908 βασιλείαν
1874 845 1972 894 αὐ-

407 920 525 980 τοῦ,
558 924 651 972 καὶ
685 923 898 990 ἡμέραν
926 942 984 976 τε
1013 927 1103 977 καὶ
1133 929 1298 980 νύκτα
1333 931 1428 996 οὐχ
1463 933 1730 999 ἡσύχαζεν
1765 934 1851 984 ἀεὶ
1872 953 1971 986 πο-

407 1007 607 1078 λέμους
637 1012 778 1079 ῑχειν
827 1015 918 1066 καὶ
951 1016 1336 1082 ἀγωνίζεσθαι.
1382 1022 1489 1072 Καὶ
1535 1022 1713 1090 μάχην
1753 1023 1971 1094 ἐγείρας

413 1100 550 1150 κατὰ
572 1102 679 1156 τῶν
708 1104 995 1171 ὁμοφύλων
1023 1107 1186 1159 αὐτοῦ
1212 1111 1509 1179 ἀμηράδων
1542 1114 1634 1165 καὶ
1666 1117 1863 1177 πολλὰς
1893 1118 1971 1168 νί-

409 1208 508 1254 κας
540 1194 706 1262 ήοατο
755 1198 850 1248 καὶ
909 1201 1087 1251 πᾶσαν
1143 1202 1241 1270 τὴν
1295 1204 1511 1256 Μυσίαν
1543 1206 1692 1276 νόμῳ
1732 1208 1968 1274 πολέμου

407 1284 691 1353 ἐκέρδησε,
729 1289 1034 1342 Λυκαονίαν
1069 1295 1163 1344 καὶ
1197 1295 1438 1364 Φρυγίαν
1469 1299 1564 1348 καὶ
1618 1300 1830 1368 Καρίαν
1875 1302 1970 1353 καὶ

406 1372 513 1436 ἕως
548 1374 817 1448 Θαλάττης
858 1381 955 1448 τῆς
1007 1385 1138 1451 περὶ
1167 1386 1258 1437 τὸν
1289 1387 1668 1456 Εὐρυμέδοντα
1700 1393 1966 1460 ποταμὸν,

411 1466 595 1517 καὶτὸ
622 1469 1013 1538 ὲναπολειφθὲν
1068 1475 1231 1541 μέρος
1263 1482 1361 1544 τῆς
1415 1480 1688 1545 Βιθυνίας,
1724 1484 1970 1554 Νικομή-

406 1555 559 1604 δειαν
607 1558 698 1609 καὶ
724 1557 957 1615 Νίκαιαν
987 1561 1081 1613 καὶ
1110 1563 1271 1634 ἔτερα
1298 1567 1542 1637 πολίχνια
1571 1571 1672 1622 οὐκ
1696 1572 1848 1636 ὀλίγα
1876 1574 1971 1626 καὶ

408 1645 610 1710 ἇστυα,
661 1649 758 1702 καί⁵
804 1651 903 1719 τὴν
938 1655 1248 1725 περίφημον
1295 1660 1388 1712 καὶ
1419 1661 1627 1729 ὡραίαν
1681 1665 1833 1717 πόλιν
1868 1666 1970 1734 τῆς

411 1737 682 1809 Προύσης,
728 1744 761 1812 ἢ
797 1749 973 1802 κεῖται
1009 1747 1113 1799 ὑπὸ
1159 1751 1280 1811 τοὺς
1317 1752 1481 1816 πόδας
1530 1754 1624 1806 τοῦ
1669 1756 1965 1824 Ὀλύμπου,

408 1828 639 1885 ὐπδτῶν
680 1832 966 1902 Ῥωμαίων
998 1840 1308 1920 ἀρχομένην
1343 1844 1658 1912 ἐκέρδησεν.
1709 1848 1795 1898 Ἐν
1823 1849 1967 1901 ὲκεί-

2079 849 2375 916 βασιλείας.
2412 845 2578 915 Οὐτος
2612 853 2828 920 πρῶτος
2859 855 2973 922 μὲν,
3000 856 3076 917 ὡς
3102 857 3422 925 εἰρήκαμεν,
3459 861 3515 908 ὲν
3538 862 3646 916 τοῖς

2075 941 2173 1004 τῆς
2228 942 2498 1010 Εὐρώπης
2561 946 2752 1012 μέρεσι
2794 949 3034 1016 περάσας
3091 950 3190 1016 τὴν
3250 950 3645 1001 Καλλιούπολιν

2075 1032 2393 1096 κατέλαϐεν,
2430 1029 2548 1085 εἶτα
2599 1036 2694 1087 καὶ
2743 1037 2842 1105 τήν
2885 1037 3345 1106 ἈδριανοιῖπολικΑ
3410 1041 3643 1106 Ὁμοίως

2075 1122 2166 1172 καὶ
2199 1123 2384 1187 ἕτερον
2418 1125 2515 1176 οὐκ
2545 1126 2726 1191 ὀλίγον
2760 1129 2924 1196 μέρος
2955 1128 3050 1194 τῆς
3082 1129 3304 1199 Θράκης
3331 1133 3425 1183 καὶ
3461 1134 3645 1183 Μακε-

2072 1210 2244 1274 δονίας
2279 1213 2493 1270 ἔλαϐεν.
2531 1217 2798 1285 ’Υστερον
2823 1219 2878 1269 δὲ
2908 1221 3130 1289 ἀγάπην
3164 1221 3255 1272 καὶ
3293 1224 3642 1290 ὁρκωμοσίαν

2076 1303 2213 1369 μετά
2241 1298 2334 1356 τοῦ
2375 1306 2637 1373 βασιλέως
2692 1310 2794 1379 κὺρ
2841 1310 3084 1363 Ἰωάννου
3137 1314 3413 1381 ἐποίησεν.
3478 1316 3641 1367 Ἀποο

2073 1397 2454 1463 στατησάντων
2480 1400 2637 1450 τινῶν
2661 1401 2766 1452 τῶν
2797 1402 3091 1470 σατραπῶν
3122 1403 3286 1455 αὐτοῦ
3310 1405 3367 1456 ὲν
3400 1407 3464 1474 τῇ
3494 1404 3642 1474 Ἐῴει

2074 1488 2212 1553 μετά
2249 1491 2342 1540 τοῦ
2392 1489 2655 1557 βασιλέως
2719 1495 2962 1562 περάσας
3020 1496 3369 1563 ὁμοθυμαδὸν
3416 1497 3642 1559 τούτους

2069 1579 2419 1646 ἑτροπὼσατο
2439 1595 2452 1609 ·
2485 1583 2583 1634 καὶ
2601 1582 2780 1650 μάχην
2803 1584 3034 1652 ποιήσας
3060 1585 3199 1652 μετά
3229 1586 3339 1636 τῶν
3362 1585 3456 1637 τοῦ
3481 1587 3534 1638 Ἀ
3547 1605 3643 1656 μο-

2075 1671 2188 1736 ρίου
2244 1671 2529 1737 ἀπογόνων
2579 1676 2759 1725 πᾶσαν
2820 1675 3204 1743 Παφλαγονίαν
3253 1677 3346 1729 καὶ
3399 1677 3503 1738 ἕως
3545 1677 3640 1730 τοῦ

2071 1758 2318 1827 ποταμοῦ
2349 1759 2441 1812 τοῦ
2473 1763 2801 1833 Σαγγάρεως
2830 1765 3027 1827 αὐτοὺς
3053 1765 3283 1832 νικήσας
3319 1766 3414 1817 καὶ
3447 1766 3641 1829 διώξας

2069 1850 2368 1918 ὲκυρίευτε.
2415 1854 2522 1906 Καὶ
2555 1856 2612 1904 ἐν
2639 1854 2718 1924 τῷ
2761 1857 2974 1924 μέλλειν
3012 1859 3250 1925 περᾶσαι
3300 1856 3454 1919 αὖθις
3487 1858 3543 1909 ὲν
3571 1859 3638 1928 τῇ

403 1938 491 2014 ῨΨ,
519 1922 597 1992 τῷ
625 1926 846 1996 πολέμῳ
873 1931 972 1998 τῆς
1000 1931 1249 2003 Προύσης
1279 1937 1369 1987 καὶ
1403 1936 1492 1988 τδν
1510 1938 1646 1991 πόδα
1672 1939 1761 1991 τὸν
1792 1941 1967 2004 δεξιὸν
1999 1932 2039 1987 Β
2072 1941 2306 2010 Εὐρώπῃ
2361 1943 2547 2006 μαθὼν
2577 1944 2660 1996 ὅτι
2690 1922 2738 1996 τό
2763 1922 2882 2003 υίὸς
2929 1922 3096 1998 αὐτοῦ
3124 1947 3323 2014 Μωσῆς
3362 1947 3498 2014 μετά
3541 1922 3637 1998 τοῦ

401 2012 642 2084 ἐπλήγη.
677 2017 928 2087 Περάσας
947 2021 1003 2074 δὲ
1035 2024 1129 2076 καὶ
1155 2025 1213 2077 ἓν
1246 2029 1311 2095 τῇ
1345 2027 1672 2098 Χερρονήσῳ
1697 2031 1796 2098 τῆς
1825 2033 1967 2102 Θρᾴ-

404 2120 514 2170 κης
543 2105 796 2176 πολίχνιά
825 2127 946 2164 τινα
998 2113 1316 2183 πολεμήσας
1368 2117 1573 2189 ἐπῆρεν
1596 2137 1610 2151 ο
1649 2121 1875 2191 ὕστερον
1909 2125 1965 2177 δὲ

402 2194 508 2262 τὴν
538 2198 770 2268 ἀδελφὴν
799 2202 893 2254 τοῦ
923 2203 1189 2272 βασιλέως
1231 2209 1478 2264 Ἰωάννου
1511 2214 1589 2274 είς
1615 2219 1847 2280 γυναῖκα
1871 2216 1966 2268 λα-

406 2285 522 2343 ϐὼν
551 2287 637 2348 διὰ
660 2290 759 2357 τὴν
780 2295 1096 2367 συγγένειαν
1117 2297 1194 2366 τῷ
1242 2299 1450 2368 βασιλεῖ
1487 2303 1564 2370 τῷ
1598 2305 1686 2356 καὶ
1706 2323 1966 2372 γυναικά-

401 2376 585 2447 δέλφῳ
615 2381 682 2433 τὰ
735 2385 793 2435 ἐν
823 2387 887 2453 τῇ
926 2386 1253 2460 Χερρονήσῳ
1296 2393 1530 2462 φρούρια
1575 2394 1731 2460 αὖθις
1782 2401 1966 2468 ἐχαρί-

404 2485 562 2562 σατο,
595 2470 666 2534 ὡς
725 2473 960 2545 ἀλλαχοῦ
1015 2478 1247 2548 ἔφημεν,
1298 2486 1395 2537 καὶ
1429 2486 1506 2554 τῷ
1551 2492 1965 2562 γυναικαδέλφῳ

407 2560 681 2630 βοηθήσας
727 2566 805 2626 είς
859 2567 959 2636 τὴν
993 2570 1271 2638 βασιλείαν
1309 2575 1406 2643 τὴν
1438 2579 1711 2650 πατρικὴν
1756 2560 1967 2636 ἀποκαλ-

404 2651 690 2721 τέστησεν.
724 2653 854 2709 Είτα
902 2660 1204 2727 ἀπέθανεν,
1247 2665 1306 2728 ὃς
1338 2667 1679 2723 ἐϐασίλευσεν
1708 2673 1800 2740 ἐτη
1837 2691 1963 2726 πεν-
2001 2683 2010 2689 ’

407 2743 646 2810 τήκοντα
677 2750 768 2800 καὶ
798 2750 935 2805 ἑπτὰ
977 2755 1070 2806 καὶ
1103 2756 1276 2822 μῆνας
1309 2760 1462 2810 ἐννέα
1492 2762 1586 2813 καὶ
1631 2765 1838 2833 ἡμέρας
1876 2765 1964 2835 ιβ’,

405 2835 508 2990 ἔαὶ
562 2837 590 2888 ό
643 2839 759 2902 υίὸς
809 2843 972 2895 αὐτοῦ
1037 2845 1380 2918 ’Δμουράτης
1433 2851 1531 2922 τὴν
1578 2854 1750 2924 ἀρχὴν
1799 2857 1964 2909 διεδέ-

443 2943 557 2980 ατο.

443 2943 557 2980 ατο.

492 3017 589 3072 κε’.
621 3021 776 3074 Μετὰ
804 3025 896 3086 τόν
930 3026 1154 3081 θάνατον
1185 3031 1275 3083 οὐν
1305 3035 1396 3086 τοῦ
1415 3037 1672 3105 ὐρχάνου
1701 3043 1728 3092 ό
1775 3045 1967 3109 Ἄμου-

407 3107 581 3178 ράτης
607 3112 716 3180 80
742 3115 821 3174 είς
856 3119 1044 3186 χεῖρας
1065 3120 1244 3175 λαϐὼν
1268 3126 1368 3194 τὴν
1397 3130 1494 3194 τῆς
1521 3130 1794 3196 βασιλείας
1818 3107 1967 3199 ἐξου-

405 3199 556 3263 σίαν,
596 3205 654 3252 ὲν
686 3203 794 3256 ἔτει
821 3213 1030 3278 ’ςωνη¹,
1070 3213 1395 3279 ίνδικτιῶνος
1444 3218 1528 3288 ιβ’,
1564 3221 1621 3284 ὃς
1652 3219 1719 3292 ἦν
1772 3228 1851 3288 είς
1899 3229 1965 3279 τὰ
1989 3250 2033 3312 C

406 3286 583 3312 -1“.--
615 3290 905 3312 1---;94”,
973 3298 983 3312 ι
1033 3297 1055 3312 ο.
1124 3302 1142 3312 -
1304 3305 1314 3312 .
1360 3307 1371 3312 -
1466 3307 1476 3312 -

405 3286 586 3338 πάντα
613 3290 933 3362 ἐπιτήδειος,
961 3297 1201 3367 ἀνδρεῖος
1230 3305 1322 3355 καὶ
1347 3286 1604 3376 ἀγχίνους
1635 3286 1844 3383 ὑπῆρχε
1870 3316 1961 3368 καὶ

477 3469 567 3526 24.
592 3469 869 3530 Orchanes
896 3477 1057 3546 igitur
1096 3494 1262 3550 regno
1311 3493 1531 3552 paterno
1575 3490 1798 3556 pntitus,
1869 3508 1963 3561 pa-

397 3570 542 3615 trem
574 3563 624 3616 in
656 3566 906 3626 omnibus
925 3570 1086 3625 rebus
1112 3572 1440 3640 imitabatur,
1468 3593 1531 3633 ac
1570 3582 1782 3634 modum
1813 3597 1961 3650 quze-

395 3650 558 3706 rebat
590 3659 1031 3728 occasionesque,
1058 3677 1186 3730 opes
1212 3675 1265 3719 et
1299 3682 1540 3734 regnum,
1565 3683 1817 3738 quantmn
1841 3691 1962 3743 pos-

394 3755 507 3810 set,
577 3750 828 3818 augendi,
879 3768 974 3807 nec
1034 3771 1268 3823 unquam
1324 3759 1572 3813 cessabat
1615 3777 1959 3819 commovere

397 3837 544 3890 bella
600 3851 652 3893 et
728 3845 1048 3904 certamina.
1110 3847 1293 3916 Itaque
1345 3853 1632 3918 pupulares
1687 3855 1958 3926 principes

391 3927 642 3991 adortus,
676 3930 869 3984 multas
896 3935 961 3987 de
979 3934 1044 3988 iis
1066 3937 1317 3992 victorias
1343 3943 1656 4008 reportavit,
1685 3946 1960 4015 armisque

391 4017 504 4070 sibi
534 4020 738 4085 paravit
763 4031 924 4075 totam
959 4025 1207 4093 Mysiam,
1253 4029 1596 4099 Lycaoniam,
1649 4035 1958 4105 Phrygiam,

389 4109 642 4176 Cariam,
680 4127 853 4181 usque
877 4115 943 4167 ad
983 4131 1132 4171 mare
1163 4129 1215 4174 et
1249 4119 1697 4191 Eurymedontem
1731 4127 1956 4184 ﬂuvium

391 4217 739 4268 progressus.
781 4204 924 4261 Idem
956 4209 1216 4277 reliquam
1247 4224 1449 4281 partem
1477 4217 1763 4288 Bithynia,
1799 4222 1960 4277 Nico-

393 4294 632 4346 mediam
661 4293 963 4352 etNicaaam
1025 4310 1077 4354 et
1108 4302 1208 4354 alia
1263 4319 1369 4357 non
1425 4321 1591 4373 pauca
1652 4313 1849 4379 oppida
1904 4321 1961 4368 et.

391 4400 427 4434 υ
441 4383 582 4445 rbes,
610 4388 766 4453 inque
781 4389 966 4455 primis
982 4391 1455 4449 celebratissimam
1473 4405 1524 4452 et
1546 4401 1956 4466 pulcherrimam

391 4476 649 4539 Ptusam,
695 4479 760 4532 ad
823 4479 1033 4536 radices
1084 4480 1292 4554 Olympi
1355 4491 1552 4543 montis
1599 4491 1782 4559 sitam,
1837 4512 1958 4564 quae

2063 2031 2154 2084 τοῦ
2193 2032 2452 2100 βασιλέως
2475 2035 2588 2087 υἱοῦ
2618 2035 2710 2087 τοῦ
2734 2038 2839 2106 κύρ
2873 2037 3208 2105 Ἀνδρονίκου
3228 2038 3637 2103 ἀπεστάτησαν,

2065 2123 2183 2176 λίαν
2217 2125 2553 2195 λυπούμενος
2573 2125 2661 2198 ἦν.
2690 2129 2797 2181 Καὶ
2833 2130 3171 2199 περάσαντες
3203 2130 3411 2198 ταχέως
3438 2127 3630 2199 ἦλθον,

2064 2217 2160 2268 καὶ
2187 2217 2414 2284 στρατὸν
2448 2219 2756 2280 στείλαντες
2791 2221 2911 2271 κατ’
2945 2221 3145 2282 αὐτῶν,
3184 2220 3506 2289 νικήσαντες
3535 2221 3635 2271 αὐ-

2065 2309 2208 2369 τοὺς,
2230 2307 2447 2374 ἔφυγον.
2483 2310 2747 2378 ’Ὕστερον
2776 2311 3064 2370 πιάσαντες
3083 2311 3284 2372 αὐτοὺς
3310 2313 3336 2362 ὁ
3369 2311 3464 2378 μὲν
3486 2312 3636 2378 ἀμη-

2068 2401 2163 2467 ρᾶς
2197 2401 2287 2451 τὸν
2320 2401 2432 2452 υἱὸν
2463 2402 2627 2453 αὐτοῦ
2657 2403 2815 2464 εὐθὺς
2842 2403 3203 2464 ἐθανάτωσεν,
3241 2404 3268 2451 ὁ
3291 2403 3344 2453 δὲ
3383 2402 3634 2470 βασιλεὺς

2063 2495 2152 2546 τὸν
2196 2495 2308 2546 υἱὸν
2353 2495 2515 2546 αὐτοῦ
2571 2495 2906 2560 ἐτύφλωσεν.
2966 2491 3094 2546 Εἶτα
3125 2495 3305 2562 μάχην
3355 2493 3494 2545 κατὰ
3530 2493 3629 2559 τῆς

2065 2586 2398 2656 Βουλγαρίας
2433 2587 2524 2638 καὶ
2577 2586 2802 2654 Σερϐίας
2862 2588 3098 2652 ποιήσας
3153 2585 3286 2637 πολὺ
3341 2585 3507 2653 μέρος
3538 2584 3630 2650 ὐφ’

2067 2678 2254 2728 ἑαυτὸν
2289 2679 2582 2747 ἐποιήσατο
2613 2679 2705 2730 καὶ
2732 2678 2885 2739 νίκας
2916 2677 3157 2744 μεγάλας
3192 2676 3384 2745 ήρατο.
3422 2673 3629 2742 Καιροῦ

2066 2767 2121 2821 δέ
2158 2771 2262 2838 81
2287 2787 2428 2830 τινος
2465 2770 2818 2838 παρελθόντος
2855 2770 3014 2820 πάλιν
3063 2769 3202 2820 κατὰ
3233 2768 3326 2818 τοῦ
3358 2769 3621 2820 δεσπότου

2065 2860 2319 2929 Λαζάρου
2347 2860 2439 2911 τοῦ
2466 2861 2564 2928 τῆς
2599 2859 2830 2927 Σερϐίας
2857 2858 3186 2927 κρατοῦντος
3211 2857 3447 2924 πόλεμον
3478 2859 3630 2908 εποι-

2068 2949 2251 3016 ήσατο.
2285 2948 2502 3016 Τρὲψας
2539 2949 2633 3000 καὶ
2674 2948 2901 3015 νικήσας
2947 2946 3109 2998 αὐτὸν
3158 2943 3367 3009 ὲδ”ωξε,
3399 2947 3495 2998 καὶ
3535 2945 3627 2997 τὸν

2069 3040 2295 3108 στρατὸν
2326 3039 2488 3092 αὐτοῦ
2538 3039 2905 3106 διεσκόρπισε,
2935 3037 3030 3090 καὶ
3064 3038 3262 3099 πολλὰς
3308 3039 3493 3100 πόλεις
3529 3039 3624 3090 καὶ

2067 3129 2248 3198 χώρας
2275 3127 2373 3193 τῆς
2420 3127 2650 3196 Σερϐίας
2677 3125 2828 3186 αὐθις
2857 3128 3148 3194 ἐκράτησε.
3189 3126 3495 3193 Τριάκοντα
3532 3127 3630 3178 καὶ

2068 3218 2207 3270 ἑπτὰ
2233 3218 2410 3286 μάχας
2436 3219 2670 3285 ποιήσας
2710 3217 2952 3284 μεγάλας
2985 3216 3213 3268 πάντοτε
3242 3212 3309 3285 ἦν
3335 3216 3630 3284 τροπαιοῦ-

2066 3328 2157 3380 χος
2186 3310 2280 3363 καὶ
2315 3311 2558 3377 νικητής.
2589 3309 2857 3378 ’Ὕστερον
2884 3309 2939 3362 δὲ
2976 3309 3079 3359 ὐπὸ
3102 3307 3193 3360 τοῦ
3220 3288 3626 3378 προῤῥήθέντος

2065 3493 2256 3561 peritis
2288 3491 2362 3546 rei
2397 3491 2602 3545 bellica:
2632 3506 2795 3558 supra
2828 3504 3020 3544 omnes
3074 3491 3307 3559 majores
3372 3491 3620 3560 insignis,

2066 3585 2228 3636 multa
2290 3584 2546 3650 praeclara
2607 3581 2846 3637 facinora
2910 3583 2973 3635 ad
3028 3583 3332 3652 augendum
3395 3598 3620 3651 regnum

2062 3675 2247 3728 edidit.
2278 3673 2517 3742 Namque
2545 3674 2748 3742 primus
2791 3674 2842 3727 in
2906 3671 3170 3741 EurOpam
3236 3673 3524 3742 trajectus,
3566 3685 3624 3726 ut

2062 3779 2225 3832 supra
2251 3764 2551 3826 docuimus,
2578 3762 2933 3832 Calliopolim,
2963 3779 3084 3818 mox
3142 3765 3304 3818 etiam
3357 3764 3623 3818 Adriano-

2063 3856 2248 3926 polim,
2283 3866 2441 3922 atque
2471 3857 2630 3909 aliam
2663 3856 2800 3908 haud
2827 3858 3075 3925 exiguam
3115 3867 3322 3918 partem
3376 3855 3621 3911 Thracia)

2062 3945 2461 4000 etMacedoniaa
2517 3946 2821 4013 occupavit.
2852 3946 3047 4001 Postea
3086 3947 3263 4001 foedus
3312 3957 3367 4000 et
3427 3947 3622 4001 amici-

2062 4038 2192 4090 tiam
2225 4053 2345 4090 cum
2377 4034 2587 4092 Joanne
2640 4037 2970 4105 imperatore
3008 4038 3159 4100 iniit;
3197 4047 3250 4092 et
3279 4054 3399 4092 cum
3431 4040 3620 4091 eodem

2063 4131 2114 4183 in
2155 4129 2334 4184 Asiam
2393 4130 2667 4198 trajectus,
2722 4130 2982 4196 quosdam
3019 4144 3046 4183 e
3103 4130 3338 4196 satrapis
3392 4130 3526 4195 suis,
3591 4145 3620 4182 ε

2062 4223 2167 4276 ﬂde
2219 4222 2614 4285 desciscentes,
2685 4222 2988 4290 conjunctis
3015 4221 3223 4276 viribus
3270 4223 3334 4276 ad
3390 4222 3620 4275 oﬂicium

2061 4315 2354 4378 revocavit,
2386 4321 2546 4381 atque
2573 4313 2775 4366 Amorii
2819 4314 3050 4381 posteris
3079 4315 3377 4368 certamine
3408 4315 3624 4368 divictis

2061 4405 2384 4472 fugatisque,
2423 4414 2532 4460 tota
2566 4405 2928 4474 Paphlagooia
2959 4419 3128 4473 usque
3188 4405 3255 4459 ad
3293 4404 3620 4474 Sangarium

2060 4497 2257 4551 ﬂumen
2287 4498 2492 4566 potitus
2525 4506 2628 4551 est.
2671 4497 2872 4552 Deinde
2903 4499 2954 4551 in
2979 4499 3249 4568 Europam
3281 4513 3621 4564 reversurus,

389 4567 564 4618 etiam
605 4577 714 4622 tum
740 4569 996 4625 Romanis
1025 4575 1266 4640 parebat,
1296 4580 1410 4631 suis
1440 4581 1736 4647 provinciis
1792 4585 1952 4639 addi-
1989 4581 2031 4634 Ι)
2062 4587 2259 4642 Mosen]
2289 4588 2454 4642 ﬁlium
2487 4605 2610 4642 cum
2650 4589 2979 4654 Andronico,
3021 4567 3244 4644 Joannis
3293 4589 3426 4654 tilio,
3476 4590 3622 4644 defe-

396 4658 502 4710 dit.
542 4657 596 4710 In
636 4659 772 4714 bello
809 4660 1056 4718 Prusensi
1091 4665 1143 4718 in
1178 4667 1402 4721 dextero
1454 4673 1585 4738 pede
1639 4675 1955 4733 uulneratus

390 4759 505 4803 est.
540 4749 723 4816 Copiis
748 4751 870 4804 item
913 4753 964 4805 in
1005 4754 1397 4813 Chersonesum
1431 4759 1677 4822 Thraciae
1705 4768 1954 4822 transdu-

391 4841 736 4910 ctis,0ppida
762 4845 1008 4898 nonnulla
1028 4851 1373 4916 expugnavit,
1392 4868 1511 4920 quas
1541 4866 1717 4909 tamen
1749 4870 1957 4927 postca,

393 4934 744 5000 imperatoris
813 4932 1034 4991 Joannis
1117 4952 1356 4992 sororem
1418 4943 1470 4995 in
1551 4949 1956 5006 matrimonium

392 5027 651 5091 adeptus,
683 5026 803 5076 huic
828 5035 881 5080 et
913 5028 1098 5082 uxoris
1158 5028 1308 5082 fratri
1361 5045 1582 5101 propter
1641 5038 1952 5094 adﬁnitatem

394 5115 550 5169 ultro
584 5116 870 5179 concessit,
906 5125 965 5177 ut
1025 5118 1148 5176 alibi
1212 5121 1476 5189 diximus;
1541 5137 1702 5194 atque
1755 5133 1953 5188 auxilio

394 5222 504 5261 suo
539 5206 738 5269 eﬂecit,
772 5218 828 5259 ut
858 5207 992 5269 levir
1045 5209 1099 5270 it:
1138 5222 1418 5280 paternmu
1476 5217 1757 5284 imperium
1802 5226 1958 5277 resti-

394 5309 667 5351 tueretur.
723 5299 922 5354 Deinde
983 5313 1222 5358 mortuus
1275 5315 1374 5367 est,
1427 5319 1704 5377 postquam
1791 5329 1956 5379 regno

392 5389 614 5456 praefuit
646 5383 813 5448 annos
881 5405 1091 5458 septem
1155 5403 1210 5448 et
1275 5399 1686 5468 quinquaginta,
1738 5419 1952 5459 menses

391 5497 614 5541 novem.
649 5482 766 5538 dies
789 5484 1069 5540 duodecim
1099 5502 1194 5553 ;ac
1223 5494 1459 5559 suscepit
1506 5495 1788 5560 itnperium
1815 5497 1956 5552 ﬁlius

386 5574 515 5643 ejus
567 5574 870 5631 Amurates.

465 5661 557 5715 25.
617 5661 746 5718 Post
798 5676 1019 5720 mortem
1077 5667 1342 5724 Orchanis
1392 5672 1676 5729 Amurates
1725 5678 1954 5747 imperio

394 5752 605 5817 pmitur
629 5768 771 5808 anno
800 5755 960 5823 6858,
995 5759 1082 5812 ind
1106 5763 1284 5814 ctione
1315 5763 1401 5818 ιε.
1428 5764 1471 5818 ls
1497 5766 1548 5817 in
1590 5769 1746 5821 rebus
1778 5770 1955 5823 omni-

393 5842 498 5900 bus
522 5853 797 5912 strenuus,
851 5849 1000 5907 fortis
1053 5864 1107 5907 et
1149 5856 1227 5910 sol
1270 5872 1339 5915 rs.
1403 5869 1560 5927 atquc
1609 5861 1843 5925 versutia
1900 5875 1953 5920 ct

2059 4681 2198 4735 cisse
2229 4696 2422 4750 magno
2440 4697 2560 4734 cum
2584 4681 2766 4735 dolore
2792 4680 3021 4735 audivit.
3048 4680 3344 4735 Confestim
3378 4682 3615 4750 trajecti,

2055 4773 2351 4825 exercitum
2381 4772 2639 4826 adversus
2670 4785 2762 4825 eos
2816 4771 3058 4836 mittunt,
3120 4772 3344 4825 vincunt
3404 4786 3497 4826 eos
3535 4771 3619 4824 lu.

2057 4873 2288 4932 gantque
2314 4881 2328 4930 ;
2355 4879 2477 4918 mox
2511 4865 2698 4918 iisdem
2735 4863 3160 4928 comprehensis,
3181 4879 3396 4918 ameras
3427 4865 3611 4917 statim

2061 4954 2224 5008 lilium
2292 4971 2447 5010 suum
2502 4965 2671 5008 morte
2749 4956 3021 5015 multavit,
3127 4957 3419 5021 imperator
3446 4971 3605 5008 suum

2059 5047 2290 5116 privavit
2314 5047 2504 5101 oculis.
2536 5047 2670 5100 Tum
2698 5046 2942 5116 Bulgaris
2971 5059 3024 5102 et
3062 5048 3272 5101 Serviis
3301 5047 3440 5102 bello
3468 5049 3616 5102 illato

2057 5146 2110 5189 et
2162 5136 2432 5204 praeclaris
2476 5139 2762 5205 reportatis
2797 5138 3062 5201 victoriis,
3117 5153 3363 5202 magnam
3393 5139 3458 5191 iis
3487 5153 3615 5204 pro-

2059 5228 2356 5280 vinciaruw
2395 5238 2605 5296 partem
2630 5229 2842 5295 eripuit.
2868 5229 3181 5284 intermisso
3196 5229 3375 5295 aliquo
3404 5242 3616 5297 tempo-

2056 5333 2134 5382 re,
2159 5317 2440 5378 Lazarum,
2462 5321 2661 5372 δεμ-ξω
2686 5323 2965 5387 despotam
2989 5359 3004 5385 ,
3033 5319 3173 5373 bello
3198 5319 3374 5372 denuo
3396 5336 3616 5388 aggres-

2057 5425 2168 5471 sus,
2211 5408 2750 5479 deviritfugavitqne,
2783 5420 2835 5464 et
2864 5411 3126 5479 dissipato
3181 5412 3297 5479 ejus
3346 5413 3612 5475 exercitu,

2057 5500 2253 5550 multas
2282 5513 2468 5553 rursus
2493 5502 2654 5556 urbes
2688 5513 2740 5554 et
2779 5504 3024 5570 regiones
3094 5502 3298 5558 Servis)
3351 5506 3401 5556 in
3459 5517 3613 5569 pote-

2057 5599 2254 5642 3tatem
2305 5606 2455 5643 suam
2515 5595 2740 5662 redegit,
2799 5607 3000 5662 septem
3045 5607 3098 5648 et
3128 5597 3348 5665 triginta
3407 5602 3616 5666 magnis

2056 5681 2254 5748 praeliis
2305 5681 2668 5748 conﬂictatus,
2692 5699 2722 5737 e
2754 5687 2948 5752 quibus
2969 5689 3223 5741 amnibus
3248 5689 3498 5756 superior
3547 5706 3612 5745 ae

2056 5773 2228 5826 victor
2245 5772 2514 5828 discessit.
2536 5775 2773 5830 Tandem
2795 5777 2860 5830 ab
2878 5793 2963 5840 eo,
2980 5793 3135 5844 quem
3164 5786 3288 5831 ante
3314 5781 3610 5846 nominavi,

2058 5861 2261 5925 Lazaro
2283 5863 2406 5917 dolo
2446 5877 2668 5923 necatus
2696 5875 2799 5931 cst,
2869 5883 3030 5935 rcgttt)
3067 5869 3267 5936 potitus
3295 5886 3467 5925 annos
3502 5882 3611 5926 tres
