4526 6514
925 433 1029 500 699

2139 436 2456 496 GEORGII
2501 433 2924 493 PHRANTZBE

4054 418 4156 480 700

921 549 976 600 δέ
1011 547 1135 614 ἄχρι
1157 546 1250 598 καὶ
1274 546 1372 613 τῆς
1413 547 1576 614 νήσου
1604 544 1696 597 τοῦ
1731 545 1968 608 Πέλοπος
2002 547 2094 597 καὶ
2118 544 2286 596 πολλὰ
2316 545 2484 596 σκῦλα
2522 553 2558 601 Α
2588 543 2653 592 τὰ
2686 543 2742 593 δὲ
2776 541 2988 593 ἐκείθεν
3019 540 3182 607 μέχρι
3207 535 3456 606 Σμύρνης
3482 533 3709 588 καὶτῶν
3746 532 4031 601 παραλίων
4061 532 4156 600 τῆς

923 639 1178 706 ποιήσας,
1202 636 1294 689 τὸν
1316 637 1481 689 πλοῦν
1506 637 1708 706 τρέψας
1743 641 1799 690 ἐν
1830 641 1892 707 τῇ
1920 639 2074 708 Ἀσίᾳ
2107 639 2480 706 ἐπανέστρεψε

927 727 1066 795 μετὰ
1097 728 1336 798 πλήθους
1394 729 1751 797 αίχμαλὼτων
1793 731 1888 782 καὶ
1930 729 2185 785 πλούτου.
2242 732 2347 782 Καὶ
2381 731 2484 782 ὑπὸ

925 820 1141 871 πάντων
1188 819 1295 871 τῶν
1337 819 1536 886 ἐτέρων
1572 819 1864 887 σατραπῶν
1897 821 1989 872 καὶ
2017 818 2110 872 τοῦ
2144 819 2325 871 κοινοῦ
2349 818 2481 871 λαοῦ

921 907 1206 969 ἀσπασίως
1244 907 1457 976 ἐδέχθη.
1513 907 1780 973 καὶμετὰ
1830 907 2025 975 φωνῶν
2057 907 2279 974 ἐτίμουν
2322 908 2483 958 αὑτὸν

919 1001 968 1049 οἱ
1018 998 1313 1067 βάρϐαροι·
1357 1000 1448 1050 καὶ
1475 999 1537 1051 ἐκ
1564 999 1669 1050 τῶν
1704 1001 1996 1065 σατραπῶν
2028 999 2212 1051 ἔκτοτε
2246 999 2483 1065 μάλιστα

919 1086 986 1156 ῆν
1019 1089 1431 1157 εὐλαϐούμενος.
1457 1092 1550 1142 καὶ
1577 1092 1941 1159 προτιμητέος
1975 1091 2036 1141 ἐκ
2065 1091 2277 1143 πάντων
2305 1091 2392 1143 διὰ
2424 1091 2484 1142 τὸ

923 1180 1123 1241 ἱκανῶς
1154 1180 1350 1257 πλέειν.
1365 1182 1457 1231 καὶ
1487 1177 1928 1248 θάλαττουργεϊν,
1975 1180 2109 1232 διότι
2149 1181 2248 1248 μὲν
2272 1181 2373 1234 οὐκ
2405 1183 2483 1233 εἱ-

923 1273 1006 1319 σὶν
1041 1269 1235 1334 ἁγαθοὶ
1281 1270 1340 1321 τὸ
1370 1270 1526 1336 γένος
1566 1269 1724 1322 τοῦτο
1757 1271 1864 1322 τῶν
1913 1271 2173 1340 Τούρκων
2203 1273 2260 1324 ἐν
2293 1274 2358 1341 τῇ
2391 1271 2486 1325 θα-

919 1358 1096 1430 λάσσῃ
1129 1358 1334 1421 πλέειν,
1372 1359 1531 1421 αὐτὸς
1557 1359 1615 1412 δὲ
1641 1358 1730 1412 διὰ
1751 1361 1809 1411 τὸ
1838 1359 2022 1412 πλέειν
2047 1361 2150 1428 77
2178 1361 2296 1412 τότε
2326 1360 2485 1413 πλέον

917 1446 984 1517 ἦν
1020 1448 1457 1518 θαυμαζόμενος.
1494 1443 1662 1511 Οὗτος
1711 1451 1878 1519 γεννᾷ
1923 1449 2016 1500 τὸν
2074 1450 2396 1518 Ὀτθμάνον,
2427 1468 2486 1518 ες

919 1531 979 1591 εὖ
1013 1539 1103 1590 καὶ
1147 1538 1527 1606 Ὀτθμανλίδες
1569 1540 1628 1591 τὸ
1657 1541 1807 1606 γένος
1838 1540 2045 1610 ἐκλήθη
2070 1539 2240 1595 ἅπαν.

963 1635 1098 1698 .κγ”.
1137 1627 1568 1690 ’Λποϐιώσαντος
1596 1629 1687 1683 οὖν
1714 1631 1808 1683 τοῦ
1838 1631 2232 1702 Ἐρτογρούλου
2266 1632 2487 1696 σταθεὶς

919 1718 975 1769 ἐν
1006 1721 1068 1786 τῇ
1094 1720 1234 1787 ἀρχῇ
1264 1720 1293 1769 6
1329 1720 1443 1780 υίὸς
1496 1718 1661 1772 αὐτοῦ
1725 1720 2052 1789 Ὀτθμάνης,
2110 1722 2186 1784 ὡς
2235 1725 2483 1792 εἴπομεν,

919 1808 1015 1877 τὴν
1035 1810 1209 1877 ἀρχὴν
1241 1809 1341 1878 τὴν
1366 1811 1638 1878 πατρικὴν
1671 1812 1749 1873 είς
1772 1812 1958 1880 χεῖρας
1993 1811 2205 1876 ἐλαϐεν,
2240 1813 2348 1867 ἔτει
2378 1814 2486 1867 ἀπὸ

919 1899 1150 1961 κτίσεως
1186 1901 1392 1968 κόσμου
1428 1899 1625 1972 ,ςψογῼ
1661 1904 1756 1955 καὶ
1783 1905 1838 1954 ἐν
1866 1902 2035 1973 ὀλίγῳ
2063 1902 2238 1972 καιρῷ
2268 1905 2485 1971 όμοφω-
2515 1891 2557 1946 Β

921 1996 1090 2065 νήσας
1126 1993 1264 2063 μετὰ
1313 1993 1419 2045 τῶν
1477 1993 1677 2060 ἐύρων
1714 1995 2026 2064 σατραπῶν,
2078 1996 2174 2048 καὶ
2216 1995 2482 2064 πολέμους

921 2083 1073 2145 τινας
1108 2088 1337 2153 ποιήσας
1387 2084 1528 2136 κατὰ
1561 2083 1672 2136 τῶν
1725 2085 1981 2152 ὑπηκόων
2021 2084 2344 2154 Ῥωμαίωνο
2392 2087 2485 2140 καὶ

920 2173 990 2246 ἦν
1027 2177 1094 2229 τὰ
1129 2177 1303 2229 πάντα
1357 2175 1452 2229 τοῦ
1485 2176 1725 2244 πολέμου
1768 2177 1987 2230 διοικῶν
2024 2179 2118 2231 καὶ
2143 2178 2428 2245 κυϐερνῶν
2458 2179 2486 2230 6

934 2267 1260 2337 Ὀτθμάνης.
1323 2262 1453 2319 Εἶτα
1494 2268 1591 2320 οὐκ
1641 2269 1836 2338 ῆρεσεν
1885 2268 2031 2336 αύτῷ
2070 2269 2158 2322 ἵνα
2209 2269 2404 2331 κοινῶς
2436 2269 2485 2322 oi

923 2359 1122 2418 πάντες
1148 2357 1204 2409 ἓν
1235 2352 1368 2410 ὦσιν
1392 2360 1486 2412 καὶ
1530 2359 1704 2421 οὐδεὶς
1761 2360 1849 2411 ἀεὶ
1885 2359 2123 2430 διαφέρῃ
2147 2360 2242 2412 τοῦ
2272 2361 2483 2430 ἐτέρου.

925 2449 1081 2502 Μετὰ
1116 2451 1315 2518 μικρᾶς
1348 2450 1492 2513 τινος
1536 2451 1792 2518 ἀφορμῆς
1818 2451 1996 2503 αἰτίαν
2033 2443 2207 2519 εὗρεν,
2252 2453 2344 2503 καὶ
2369 2450 2486 2506 δια-

928 2542 1099 2607 φορᾶς
1123 2542 1393 2608 άναμέσον
1409 2541 1706 2610 γενομένης
1741 2544 1818 2602 είς
1843 2541 2113 2609 σύμϐασιν
2143 2539 2305 2611 ἦλθον
2339 2543 2486 2605 ὅπως

923 2631 989 2682 τὰ
1007 2633 1105 2682 ὅσα
1129 2633 1192 2682 ἐκ
1213 2632 1310 2698 τῆς
1341 2632 1810 2701 ἁρχῆςῬωμαίων
1834 2634 2136 2702 ἐκέρδησαν
2158 2634 2482 2702 μερίσωσιν,

922 2722 1006 2773 ἵνα
1032 2722 1258 2784 ἕκαστος
1287 2723 1364 2784 είς
1388 2724 1448 2774 τὸ
1481 2723 1642 2792 τυχὸν
1673 2723 1860 2793 κύριος
1895 2726 1988 2776 καὶ
2022 2725 2290 2788 δεσπότης
2325 2725 2486 2794 μόνον

921 2814 1274 2881 γνωρίζηται.
1313 2815 1421 2866 Καὶ
1464 2813 1680 2882 πρῶτον
1707 2815 1804 2882 μὲν
1836 2815 1885 2867 οί
1927 2816 2021 2869 τοῦ
2067 2817 2322 2885 Ἀμορίου
2358 2819 2486 2869 παϊ-

922 2905 1031 2967 δες,
1076 2907 1103 2956 6
1132 2905 1352 2958 Χασσὰν
1388 2905 1482 2958 καὶ
1540 2907 1836 2975 Μαχουμέτ
1860 2946 1874 2971 ,
1909 2907 2101 2959 ἔλαϐον
2146 2907 2214 2960 τὰ
2255 2906 2361 2959 ἀπὺ
2390 2905 2484 2960 τοῦ

924 2998 1251 3064 Σαγγάρεως
1273 2998 1521 3067 ποταμοῦ
1555 2999 1716 3067 μέχρι
1748 2996 2150 3064 Παφλαγονίας,
2177 2998 2246 3050 τὰ
2275 2997 2333 3050 δὲ
2356 2997 2486 3066 περὶ

923 3089 1023 3157 τὴν
1049 3089 1368 3158 Μαγνησίαν
1397 3091 1493 3143 καὶ
1514 3089 1806 3160 Πέργαμον
1836 3090 1930 3141 καὶ
1960 3090 2191 3160 Ἔφεσον
2221 3089 2249 3141 6
2279 3088 2481 3153 Σασὰν,

923 3285 988 3323 οι
1017 3269 1138 3322 ,Ειιί
1173 3279 1225 3324 et
1261 3271 1582 3327 Peritheorii
1615 3272 1892 3342 provincia
1922 3287 2026 3326 non
2078 3286 2280 3341 paucos
2320 3269 2481 3326 Chri-

921 3364 1131 3416 stianos
1168 3365 1408 3432 captivos
1434 3365 1654 3419 abducit
1683 3376 1760 3429 et,
1780 3367 1844 3418 ad
1871 3364 2129 3419 Eubmam
2161 3377 2327 3430 usque
2360 3377 2484 3429 pro-

927 3469 1166 3519 gressus,
1194 3455 1356 3508 etiam
1379 3456 1594 3510 Graecia:
1619 3458 1732 3511 ioca
1764 3459 2004 3525 quaedam
2024 3465 2204 3509 vexat.
2227 3454 2283 3509 In
2308 3454 2481 3522 ipsam

927 3549 1060 3602 adeo
1102 3549 1527 3614 Peloponnesum
1573 3552 1840 3619 pervenit,
1876 3551 2038 3610 unde.
2070 3564 2261 3618 magna
2286 3549 2485 3603 ditatus

924 3655 1031 3709 prae
1053 3642 1117 3699 la,
1145 3640 1196 3693 in
1231 3641 1411 3694 Asiam
1452 3657 1670 3696 cursum
1698 3642 1976 3696 reﬂexitct
1995 3657 2117 3695 cum
2138 3641 2480 3711 captivorum

921 3741 976 3785 et
1011 3732 1318 3786 divitiarum
1346 3749 1535 3801 magna
1573 3735 1918 3788 multitudine
1954 3734 2134 3797 rediit,
2169 3749 2198 3787 ει
2259 3732 2486 3800 reliquis

924 3826 1153 3888 satrapis
1180 3832 1232 3876 et
1284 3826 1536 3878 universo
1582 3827 1776 3891 pupulo
1827 3826 2058 3894 benigne
2107 3834 2367 3893 exceptus
2433 3832 2487 3878 et

925 3913 1283 3968 Burbarorum
1317 3917 1634 3970 honestatus
1651 3917 2150 3970 :u-ciamatinuibus.
2168 3915 2245 3969 Ex
2265 3930 2328 3970 eo
2348 3924 2489 3969 tem-

927 4020 1059 4074 pore
1092 4022 1200 4074 prae
1227 4009 1442 4062 cazteris
1499 4010 1732 4074 satrapis
1779 4011 2038 4075 dignitate
2059 4019 2113 4061 et
2160 4007 2488 4061 auctoritate

926 4097 1150 4166 insignis
1174 4106 1289 4152 erat
1314 4109 1532 4167 propter
1553 4115 1730 4153 rerum
1754 4100 2147 4153 maritimarum
2187 4099 2491 4153 navalium-

926 4206 1029 4257 que
1069 4191 1335 4258 peritiam,
1366 4191 1795 4259 quandoquidem
1834 4190 2134 4245 Turcarum
2184 4206 2315 4259 gens
2354 4189 2488 4243 mari

929 4298 1034 4333 non
1077 4283 1372 4336 exercitata
1410 4293 1516 4342 est,
1563 4282 1654 4334 ille
1695 4293 1872 4334 autem
1913 4299 1978 4335 ex
2036 4282 2324 4349 navigandi
2376 4293 2492 4335 arte

931 4388 1026 4425 sua
1093 4372 1304 4427 laudem
1367 4381 1517 4427 tauto
1574 4373 1832 4440 majorem
1899 4373 2334 4427 nanciscebatur.
2394 4369 2490 4426 Hic

930 4463 1248 4516 Otltmdnetn
1286 4463 1491 4533 genuit.
1525 4480 1552 4513 a
1581 4477 1688 4532 quo
1742 4464 1990 4517 universa
2043 4462 2244 4515 familia
2297 4477 2490 4516 nomen

930 4552 1373 4610 Otlnnanidarum
1407 4554 1633 4609 invenit.

995 4647 1081 4699 25.
1119 4647 1403 4714 Ertngrule
1454 4657 1687 4710 mortuo,
1715 4647 1832 4713 ejus
1857 4647 1998 4701 illius
2050 4645 2369 4708 Otltmanes,
2432 4647 2486 4700 iu

928 4755 1117 4807 regno,
1146 4749 1202 4791 ut
1230 4740 1491 4803 diximus,
1520 4740 1836 4802 collocatus,
1869 4751 2154 4807 paternum
2201 4737 2490 4807 imperium

927 4831 1182 4899 suscepit,
1205 4845 1349 4884 anno
1369 4830 1556 4885 mundi
1582 4830 1741 4884 6775.
1780 4831 1830 4884 ls
1864 4831 2181 4901 aliquandiu:
2239 4847 2359 4888 cum
2385 4844 2493 4886 caa-

929 4923 1061 4975 teris
1131 4922 1365 4990 satrapis
1424 4937 1678 4990 concors,
1735 4923 1873 4979 bella
1933 4926 2176 4994 quaedam
2234 4927 2493 4983 adversus

931 5013 1200 5066 Romanos
1231 5015 1416 5083 gessit,
1443 5015 1555 5082 ipse
1582 5031 1800 5070 omnem
1846 5032 1956 5071 rem
2010 5018 2258 5072 bellicam
2319 5019 2493 5073 admi-

929 5107 1165 5158 nistrans
1187 5108 1556 5161 etadornans.
1601 5106 1718 5162 Mox
1771 5108 1947 5163 eidem
1985 5125 2088 5164 non
2148 5111 2372 5177 placuit,
2435 5119 2494 5166 ut

928 5197 1234 5249 communia
1271 5207 1463 5251 cuncta
1494 5199 1884 5261 baberent,nec
1932 5202 2220 5269 quisquam
2273 5217 2372 5256 sua
2419 5201 2487 5256 ab

929 5287 1118 5339 alienis
1177 5298 1509 5342 secerneret.
1565 5289 1728 5343 Facili
1778 5305 1944 5356 Opera
1994 5306 2212 5345 causam
2267 5292 2488 5360 reperit,

929 5381 1066 5431 unde
1098 5389 1286 5433 exorto
1316 5379 1562 5442 dissidio,
1591 5383 1802 5433 tandem
1845 5383 2182 5452 pepigerunt,
2212 5393 2292 5445 ut,
2345 5398 2491 5450 qua--

926 5483 1158 5535 eumque
1185 5470 1251 5523 de
1293 5470 1536 5524 Romano
1589 5472 1813 5540 imperio
1867 5474 2251 5537 detraxissent,
2308 5473 2493 5525 distri-

926 5561 1153 5612 buerent
1186 5561 1320 5614 inter
1347 5575 1426 5622 se,
1455 5571 1528 5624 et,
1578 5578 1698 5631 qua:
1753 5565 1945 5631 cuique
2005 5578 2129 5631 pars
2179 5562 2483 5631 obtigisset,

927 5652 1045 5719 ejus
1072 5651 1118 5704 is
1145 5651 1395 5706 dominus
1417 5663 1469 5706 ct
1496 5635 1745 5723 princeps
1787 5667 1952 5708 esset.
1985 5657 2061 5710 Ac
2116 5658 2345 5725 primum
2371 5659 2491 5726 qui-

929 5739 1050 5793 dem
1077 5741 1279 5796 Amm-ii
1341 5742 1452 5804 iilii,
1494 5745 1734 5800 Ciiassan
1770 5754 1821 5799 et
1859 5745 2218 5813 Mahumetus,
2267 5763 2488 5817 accepe-

935 5842 1079 5900 runt,
1112 5835 1372 5908 quidquid
1399 5847 1660 5892 territum
1705 5859 1730 5891 a
1793 5839 2056 5910 Sangario
2115 5839 2275 5895 ﬂuvio
2323 5857 2487 5910 usque

2598 633 2802 693 Ἰωνίας
2831 634 2858 684 6
2893 631 3193 700 Σαρχάνης,
3225 631 3290 681 τὰ
3315 628 3369 680 δὲ
3402 626 3626 678 πλείονα
3653 625 3750 692 τῆς
3766 624 4157 691 Μεσοφρυγίας

2587 724 2681 776 καὶ
2712 723 2789 775 ἐτι
2816 723 2975 791 μέχρι
3006 720 3360 787 Φιλαδελφίας
3394 719 3490 770 καὶ
3529 717 3638 769 τῶν
3667 717 3901 782 ἐγγιστα
3919 714 4156 767 ’πάντων

2585 816 2692 868 ἀπὸ
2712 813 2805 866 τοῦ
2837 811 3147 882 Μαιάνδρου
3175 809 3418 878 ποταμοῦ
3461 808 3788 875 Ἀντιοχείας
3817 809 3845 860 6
3879 805 4156 873 Καραμά-

2585 925 2675 970 νος
2713 905 3099 974 Ἀλισσούριος,
3130 905 3198 957 τὰ
3221 903 3277 956 δὲ
3303 902 3411 955 ἀπὸ
3439 903 3539 970 τῆς
3564 901 3764 961 Λυδίας
3798 900 3894 952 καὶ
3917 899 4157 957 Αἰολίδος

2586 999 2696 1068 78
2722 999 2848 1068 ἄχρι
2881 999 3093 1058 Μυσίας
3125 995 3219 1060 τῆς
3265 993 3402 1063 πρὸς
3427 994 3519 1046 τὸν
3561 991 3954 1061 Ἑλλήσποντον
3991 991 4018 1040 6
4045 990 4159 1040 Ka-

2585 1091 2765 1160 λάμης
2820 1094 2915 1143 καὶ
2968 1091 2996 1142 6
3027 1087 3140 1151 υίὸς
3194 1085 3361 1140 αὑτοῦ
3394 1084 3679 1154 Καράσης,
3711 1084 3780 1137 τὰ
3813 1084 3869 1136 δὲ
3907 1085 4041 1150 περὶ
4069 1082 4161 1133 τὸν

2591 1183 2872 1250 Ὄλυμπον
2903 1181 2997 1232 καὶ
3041 1180 3140 1232 ὅσα
3168 1181 3266 1246 τῆς
3305 1176 3559 1237 Βιθυνίας
3594 1176 3722 1242 ἑξῆς
3747 1177 3774 1227 6
3821 1173 4158 1242 Ὀτθμάνης.

2588 1274 2696 1327 Καὶ
2719 1272 2891 1335 οὕτως
2918 1272 3018 1340 τὴν
3054 1269 3403 1341 αἰχμάλωτον
3430 1268 3534 1337 γῆν
3581 1268 3799 1330 ἐκείνην
3829 1268 4162 1336 μερίσαντες

2587 1369 2679 1419 καὶ
2709 1368 2833 1436 ὅρια
2889 1363 3187 1426 ἐπιθέντες,
3221 1363 3249 1415 6
3295 1360 3618 1429 Ὀτθμάνος-
3655 1360 3916 1428 φίλαρχος
3952 1358 4031 1410 ὣν
4067 1359 4163 1408 καὶ

2587 1455 2917 1522 πλεονέκτης
2949 1452 3048 1505 οὐκ
3085 1449 3388 1521 ἠρέμησεν,
3422 1449 3560 1503 ἀλλὰ
3607 1448 3905 1516 ἀποπηδῶν
3931 1448 4001 1500 τὰ
4033 1449 4164 1516 ὄρεα

2587 1547 2694 1599 τῶν
2727 1545 2953 1614 ἐτέρων,
2983 1541 3186 1596 ἀδικῶν
3231 1541 3454 1606 αὐτοὺς,
3483 1540 3655 1595 πολὺν
3693 1541 3859 1594 τόπον
3891 1540 3952 1606 ἐξ
3975 1543 4166 1594 αὐτῶν

2587 1636 3014 1705 περιεποιήσατο
3042 1633 3136 1686 κα)⁴
3185 1631 3358 1689 πολλὰ
3389 1630 3578 1686 ἐλύπει
3598 1631 3816 1695 αὐτούς.
3849 1633 3960 1686 Καὶ
3987 1632 4167 1684 θέλων

2588 1727 3026 1796 παντοιοτρόπως
3060 1726 3146 1780 ἵνα
3176 1727 3388 1796 αὐξήσῃ
3417 1724 3515 1795 τὴν
3571 1725 3767 1778 ἐαυτοῦ
3820 1724 4019 1794 μερίδα
4069 1727 4166 1776 καὶ

2588 1819 2787 1889 ἀρχὴν,
2825 1813 2942 1872 εῐτα
2964 1817 3202 1886 πόλεμον
3233 1817 3469 1887 ποιήσας
3491 1817 3631 1869 κατὰ
3671 1815 3958 1883 Ῥωμαίων
3977 1816 4162 1883 μέρος

2584 1913 2684 1978 τῆς
2722 1911 2977 1973 Βιθυνίας
3029 1909 3118 1978 ὑφ’
3158 1909 3352 1962 ἐαυτὸν
3380 1907 3695 1975 ἐποιήσατο,
3749 1907 3842 1958 καὶ
3875 1906 4017 1970 μετὰ
4069 1906 4164 1956 τοῦ

2585 2005 2682 2073 τῆς
2720 2004 3036 2071 περιφήμου
3066 2000 3270 2065 πόλεως
3298 1999 3627 2061 Σεϐαστείας
3649 1998 4029 2067 ἀμηρεύοντος
4068 1999 4165 2047 πό-

2584 2090 2750 2162 λεμον
2790 2091 3023 2161 ποιήσας
3075 2091 3170 2147 καὶ
3225 2091 3427 2153 πιάσας
3477 2089 3640 2142 αὑτὸν
3692 2088 4010 2148 ἀπέκτεινε,
4068 2089 4164 2137 καὶ

2585 2183 2861 2253 ἐγκρατὴς
2907 2183 3004 2235 καὶ
3034 2179 3227 2250 κύριος
3259 2181 3480 2248 ἐγένετο
3508 2180 3607 2249 τῆς
3637 2179 3898 2246 τοιαύτης
3946 2178 4166 2230 πόλεως

2585 2275 2679 2326 καὶ
2705 2273 2996 2342 ἐπαρχίας,
3019 2272 3115 2325 uel.
3145 2272 3329 2324 πᾶσαν
3363 2270 3462 2340 τὴν
3513 2269 3688 2340 ἀρχὴν
3715 2270 3932 2336 ἐκείνην
3959 2268 4168 2320 ὑπέτα-

2585 2361 2696 2431 ξεν.
2739 2363 2984 2418 Ἐκεῖθεν
3013 2364 3046 2432 ἡ
3073 2361 3320 2429 βασιλεία
3351 2361 3520 2415 αὐτοῦ
3544 2362 3722 2431 ἀρχὴν
3745 2359 3990 2412 λαϐοῦσα
4021 2363 4164 2426 ἐφη-

2588 2456 2755 2527 μίσθη
2779 2455 2873 2509 καὶ
2903 2454 3270 2526 ἐμεγαλύνθη.
3305 2451 3436 2507 Elea
3478 2453 3641 2505 πάλιν
3667 2453 3932 2521 στραφεὶς
3968 2451 4043 2502 τὰ
4065 2451 4165 2502 ὅσα

2585 2548 2818 2619 ἐδυνήθη
2865 2546 2969 2600 ὑπὸ
3002 2547 3111 2600 τῶν
3145 2546 3345 2615 ἐτέρων
3386 2544 3675 2614 ὁμοφύλων
3722 2543 4026 2611 σατραπῶν
4069 2544 4162 2591 καὶ

2587 2640 2902 2710 συντρόφων
2934 2636 3095 2691 αὑτοῦ
3152 2637 3252 2705 τῆς
3291 2634 3516 2689 ἐκείνων
3563 2636 3779 2705 μοίρας,
3842 2633 4162 2703 λῃστρικῶς

2585 2733 2680 2785 καὶ
2700 2731 2838 2800 μετὰ
2867 2729 3218 2799 συμϐάσεως.
3249 2730 3405 2790 τινὰς
3439 2727 3638 2789 τόπους
3664 2729 3755 2780 καὶ
3779 2726 4017 2796 φρούρια
4045 2725 4168 2775 Ela-

2583 2823 2698 2877 ϐεν.
2762 2819 2895 2877 Εἶτα
2953 2823 3248 2888 ἀπέθανεν,
3294 2822 3619 2890 βασιλεύσας
3679 2821 3774 2888 ἐτη
3832 2823 3944 2886 κη’,
4001 2817 4164 2876 ἔτους

2591 2920 2765 2980 ,ςωα’,
2801 2914 3126 2978 ίνδικτιῶνος
3180 2914 3270 2975 ια’,
3312 2915 3406 2966 καὶ
3443 2915 3470 2965 6
3521 2915 3632 2974 υίὸς
3679 2910 3843 2964 αὑτοῦ
3886 2910 4162 2978 Ὀρχάνης

2583 3006 2858 3078 ἐγκρατὴς
2887 3007 2988 3076 τῆς
3024 3005 3303 3077 πατρικῆς
3332 3005 3508 3074 ἀρχῆς
3539 3005 3784 3071 γέγονεν.

2586 3283 2649 3337 ad
2667 3283 3080 3353 Paphlagoniam
3111 3284 3401 3355 porrigitur
3425 3301 3438 3348 ;
3474 3282 3817 3350 Magnedam,
3836 3279 4164 3346 Pergamum

2587 3373 2852 3438 Ephesum
2886 3382 3095 3442 etquae
3144 3375 3227 3427 Itis
3293 3373 3509 3441 oppidis
3567 3373 3815 3437 adjacent
3869 3371 4156 3437 regiones,

2586 3465 2756 3521 Sasan
2806 3466 3050 3533 accepit;
3102 3465 3226 3519 inde
3291 3466 3356 3520 ad
3417 3464 3774 3536 Smyrnamet
3826 3462 4164 3513 maritimam

2585 3572 2739 3612 oram
2796 3557 2963 3611 Ioniae
3023 3571 3138 3625 quae
3189 3556 3480 3625 pertinent,
3541 3554 3772 3607 obtinuit
3815 3551 4168 3612 δοτςίιτιιιθες

2588 3648 2847 3716 majorem
2876 3658 3080 3718 partem
3107 3647 3352 3718 Phrygia:
3393 3646 3622 3714 Magme,
3668 3644 3910 3710 adeoque
3971 3640 4172 3694 Phila.

2588 3740 2866 3809 delphiam
2933 3755 3126 3807 usque,
3193 3751 3245 3794 et
3286 3742 3533 3808 proxima
3587 3738 3827 3793 omniaa
3887 3737 4172 3790 Menandro

2589 3829 2752 3887 ﬂuvio
2786 3844 2957 3901 usque
3003 3831 3368 3894 Antiochiam,
3423 3832 3766 3885 Caramanns
3819 3830 4170 3891 Alissurius;

2592 3930 2789 3976 terram
2821 3937 2850 3975 a
2889 3920 3054 3992 Lydia
3079 3930 3133 3976 et
3162 3919 3371 3975 Eolide
3416 3936 3587 3990 usque
3609 3923 3676 3973 ad
3728 3918 3976 3989 Mysiam,
4043 3935 4171 3985 qua

2589 4025 2670 4069 est
2713 4014 2766 4067 in
2821 4011 3191 4080 Hellesponto,
3236 4011 3486 4066 Calamus
3538 4023 3658 4065 cum
3741 4011 3941 4063 Carase
4004 4010 4167 4063 lilio:

2593 4104 2816 4158 iinitima
2849 4103 3060 4174 Olympi
3091 4110 3145 4156 et
3176 4101 3302 4154 inde
3334 4116 3453 4168 qua:
3487 4110 3636 4168 patet
3684 4117 3809 4169 pars
3866 4099 4172 4170 Bithynia.

2592 4195 2884 4248 Otiimanes
2913 4193 3118 4247 habuit.
3175 4192 3331 4245 llunc
3396 4193 3447 4244 in
3501 4192 3717 4245 modum
3779 4202 3943 4254 terra,
3997 4209 4174 4260 quam

2592 4289 2757 4343 armis
2782 4294 3206 4355 occupaverant,
3242 4284 3534 4338 distributa
3583 4293 3633 4338 et
3662 4285 3971 4337 constitutis
4043 4286 4174 4338 lini-

2593 4379 2711 4442 bus,
2767 4374 3084 4439 Otiimanes,
3137 4374 3447 4427 dominandi
3510 4372 3851 4439 habendique
3901 4377 4176 4438 cupidine

2592 4462 2868 4528 incensus,
2928 4466 3204 4531 quiescere
3261 4477 3366 4514 non
3419 4463 3614 4528 potuit,
3685 4463 3776 4515 sed
3833 4464 3972 4514 ultra
4038 4463 4178 4515 ﬁnes

2592 4564 2867 4625 evagatus,
2894 4557 3127 4624 reliquos
3152 4555 3466 4615 laedebat.ac
3487 4554 3652 4606 multa
3679 4555 3742 4606 iis
3764 4553 3879 4608 loca
3899 4556 4178 4622 erip?ebat

2596 4647 2970 4718 alliigebatque
2998 4662 3091 4703 eos
3112 4651 3381 4717 graviter;
3404 4656 3564 4714 atque
3594 4646 3739 4698 onmi
3773 4647 3937 4698 modo
3994 4650 4177 4708 uisus,

2594 4749 2651 4794 ut
2683 4747 2901 4811 augeret
2927 4754 3150 4809 regnum
3221 4753 3405 4800 suum,
3468 4752 3592 4790 mox
3651 4740 3812 4789 etiam
3887 4737 4176 4791 linunanus

2592 4832 2758 4888 armis
2806 4831 3025 4886 adortus
3052 4841 3135 4885 est
3161 4838 3216 4884 et
3241 4836 3446 4898 partem
3486 4828 3748 4896 Bithynia:
3773 4829 3875 4882 sibi
3910 4831 4174 4899 subjecit,

2597 4939 2661 4979 ac
2688 4923 2983 4993 principem
3016 4921 3300 4985 Sebastite,
3333 4920 3483 4975 urbis
3543 4921 3884 4986 clarissimae,
3949 4937 4179 4990 aggres-

2591 5012 2709 5082 sus,
2745 5016 2917 5084 ipsum
2944 5023 3157 5082 captum
3209 5013 3429 5076 occidit,
3481 5013 3667 5065 urbem
3723 5011 3838 5078 ejus
3892 5022 3947 5066 et
4005 5021 4176 5065 totam

2592 5105 2922 5176 provinciam
2957 5103 3008 5156 in
3061 5111 3384 5171 patestatem
3445 5117 3600 5156 suam
3671 5101 3878 5167 redegit
3947 5103 4177 5170 sibique

2593 5195 2907 5253 vindicavit.
2935 5195 3015 5248 Ab
3049 5194 3135 5248 bis
3169 5193 3469 5260 profectum
3507 5192 3703 5259 initiis,
3754 5208 3992 5262 regnum
4061 5197 4177 5263 ejus

2595 5290 2847 5345 inclaruit
2874 5297 2928 5343 et
2956 5297 3172 5342 auctum
3203 5296 3306 5341 est.
3331 5286 3533 5342 Deinde
3565 5301 3750 5341 rursus
3784 5287 3847 5340 ad
3921 5288 4168 5342 aliorum

2594 5390 2942 5448 satraparum
3031 5377 3378 5447 popularium
3435 5377 3804 5446 sodaliumque
3849 5381 4175 5445 provincias

2592 5486 2916 5533 conversus,
2945 5470 3207 5539 quidquid
3241 5468 3366 5522 inde
3394 5469 3571 5535 potuit
3598 5468 3837 5525 locorum
3876 5482 3932 5522 et
3967 5479 4172 5527 rastet.

2591 5563 2783 5627 lorum,
2809 5565 2921 5617 sive
2941 5561 2988 5615 vi
3010 5563 3122 5614 sive
3143 5561 3313 5628 pactis
3335 5560 3628 5627 usurpavit.
3649 5560 3913 5617 Tandem.
3944 5564 4173 5631 expletis

2591 5659 2643 5709 in
2682 5671 2846 5725 regno
2877 5657 3040 5710 annis
3085 5655 3512 5724 duodetriginta,
3569 5663 3810 5706 mortuus
3860 5664 3972 5713 est.
4032 5670 4172 5707 anno

2592 5749 2755 5811 680i,
2824 5749 3117 5804 indictione
3197 5747 3525 5815 il,ba:rede
3585 5746 3832 5802 Orcltaue
3905 5748 4028 5802 lilio
4088 5763 4171 5806 re-

2593 5843 2737 5897 lit‘lO.
