4526 6514
373 502 481 566 705

1437 498 1883 567 CHRONICON
1914 496 2061 559 MAI
2070 497 2187 562 US.
2221 522 2291 536 -
2326 499 2472 561 LIB.
2519 502 2568 564 Ι.

3497 509 3603 571 706

301 675 304 678 ,
365 619 550 675 καὶτὰ
577 619 731 690 τείχη
779 618 951 690 αὐτῆς
1002 616 1338 690 χαλάσαντες
1373 620 1583 688 ἔρημον
1613 615 1932 678 κατέλιπον,
1963 611 2009 670 Α
2037 609 2230 663 καὶτὰ
2277 613 2420 666 ὅπλα
2474 612 2655 666 αὐτῶν
2706 614 2876 684 ᾕρουν
2927 617 3021 670 καὶ
3068 618 3312 686 γυμνοὺς
3353 619 3611 675 ἀπέλυον.

363 716 418 766 ἑν
443 713 556 766 ἔτει
581 716 760 783 ,ςὲγπ
792 715 1122 778 ίνδικτιῶνος
1154 721 1218 772 ε’.
1247 717 1399 778 Δῖνος
1418 715 1474 769 δὲ
1516 716 1544 768 6
1578 715 1799 783 ἀμηρἄς
1837 711 1932 764 xui.

362 807 406 857 oi
449 805 629 874 ἕτεροι
658 807 706 858 oi
741 804 842 873 τῆς
873 806 1049 876 ἀρχῆς
1085 805 1413 870 ἐξωσθέντες
1457 805 1610 875 παρὰ
1639 803 1734 856 τοῦ
1767 805 1932 856 Μπα-

257 952 274 958 _
361 894 642 964 γιαζήτου,
700 896 947 958 ἐλθόντες
1001 897 1138 965 πρὸς
1198 897 1288 949 τὸν
1321 897 1557 965 βασιλέα
1603 895 1928 964 Ντεμίρην,

301 979 312 986 ”
361 987 634 1050 κλαίοντες
677 987 777 1058 τὴν
817 988 1029 1042 ἀδικίαν
1057 991 1126 1060 ἢν
1157 989 1496 1060 ἠδικήθησαν
1519 1004 1532 1017 °
1562 990 1652 1041 καὶ
1673 991 1701 1042 6
1724 988 1928 1056 Ντεμί-

267 1067 274 1074 ’
363 1093 453 1146 ρης
486 1075 658 1128 θέλων
699 1077 885 1138 αὐτοῖς
936 1078 1221 1148 βοηθῆσαι,
1276 1079 1490 1139 στείλας
1533 1078 1775 1146 πρέσϐυν
1809 1079 1929 1132 τινὰ

361 1167 435 1227 εἷς
457 1166 552 1218 τὸν
597 1168 1011 1238 Μπαγισζήτην
1067 1170 1244 1236 λέγων
1289 1171 1505 1223 ὅτιούκ
1559 1170 1675 1222 ἔστι
1723 1169 1929 1222 δίκαιον

249 1257 266 1334 _'
309 1239 314 1242 I
358 1258 494 1310 κατὰ
516 1257 624 1310 τῶν
653 1259 943 1327 ὁμοφύλων
973 1261 1177 1329 μᾶλλον
1198 1263 1292 1313 καὶ
1321 1261 1636 1329 ὁμοπίστων
1667 1262 1931 1329 πράττειν

248 1351 256 1357 ’
357 1345 550 1414 οὕτως,
579 1351 674 1403 καὶ
704 1350 942 1422 παρῄνει
993 1353 1154 1406 αὑτὸν
1187 1353 1276 1406 ίνα
1309 1355 1408 1422 τὴν
1436 1354 1611 1425 ἀρχὴν
1656 1354 1773 1416 ὲνδς
1800 1352 1927 1406 ἐκά-

273 1426 276 1431 ’
359 1457 482 1492 στου
529 1440 682 1504 αὖθις
739 1443 904 1515 δώσῃ,
938 1446 986 1499 εί
1028 1447 1174 1499 θέλει
1212 1447 1300 1501 ἵνα
1349 1447 1495 1516 φίλοι
1524 1447 1776 1509 ἐσωνται.
1815 1445 1928 1517 84

367 1530 423 1584 ’0
453 1532 512 1585 δὲ
546 1535 768 1604 ἁμηρᾶς
793 1537 963 1610 ἄκρον
1016 1538 1347 1610 πλεονέκτης
1392 1540 1468 1593 ὢν
1525 1541 1616 1594 καὶ
1670 1542 1925 1594 οὐδέποτε

273 1617 278 1622 ’
356 1624 578 1692 ἠρκεῖτο
608 1627 841 1682 πλούτου
891 1633 985 1684 κάὶ
1017 1633 1222 1700 τρόπου
1245 1647 1258 1662 ⁸
1291 1634 1595 1703 ὁρμητικὸς
1628 1635 1723 1687 καὶ
1755 1634 1925 1696 δεινὸς

242 1712 248 1738 ί
353 1714 424 1768 ὣν
449 1717 547 1769 τοῦ
592 1719 876 1785 πρέσϐεως
904 1724 1028 1786 τοὺς
1060 1725 1255 1792 λόγους
1297 1728 1376 1788 είς
1409 1727 1561 1780 οὐδὲν
1612 1728 1920 1795 ἐλογίσατο,

255 1805 264 1810 ’
300 1805 308 1809 ”
355 1807 445 1860 καὶ
474 1809 570 1862 τὸν
621 1809 903 1882 Ντεμίρην
934 1815 1024 1867 τὸν
1055 1816 1323 1888 αὐθέντην
1367 1815 1532 1872 αὑτοῦ
1559 1820 1634 1881 ὠς
1663 1819 1922 1889 άγροικκιν

247 1925 250 1928 ~
351 1896 522 1964 λέγων
557 1902 867 1966 ἐνέπαιζεν.
908 1904 967 1956 '0
1006 1905 1061 1956 δὲ
1094 1906 1382 1977 Ντεμίρης
1417 1909 1656 1972 ἀκούσας
1688 1909 1793 1961 ὑπὸ
1825 1908 1920 1961 τοῦ

288 1992 296 1999 “
352 1989 635 2057 πρέσϐεως
660 1993 729 2047 τὰ
759 1995 859 2047 ὅσα
889 1995 1193 2064 ἐφθέγξατο
1221 2000 1363 2053 κατὰ
1394 1999 1582 2053 τούτου
1619 2003 1646 2053 6
1676 2002 1921 2069 ἀμηρᾶς.

242 2091 243 2094 ‘
273 2112 286 2116 η
353 2080 445 2130 καὶ
476 2082 579 2142 τὴν
608 2084 920 2147 κενοδοξίαν
970 2086 1134 2138 αὑτοῦ
1167 2083 1323 2150 εἰδὼς
1361 2087 1644 2157 ἐθυμώθη,
1678 2087 1768 2139 καὶ
1791 2087 1925 2139 πάνά

242 2180 258 2208 τ.
277 2181 304 2186 ’·
350 2185 419 2226 τα
443 2171 542 2224 τὸν
568 2175 801 2243 στρατὸν
825 2175 992 2230 αὑτοῦ
1031 2180 1397 2248 συναθροίσας
1435 2178 1555 2232 κατ’
1584 2179 1746 2232 αὐτοῦ
1775 2179 1924 2248 βαδί-

242 2281 246 2306 i
349 2262 456 2324 ζων
476 2257 570 2332 ἦν.
617 2264 706 2328 Ὧς
733 2265 789 2318 δὲ
812 2267 1015 2336 ήκουσε
1051 2268 1145 2322 καὶ
1172 2271 1200 2322 6
1227 2271 1657 2341 Μπαγιαζήτης,
1707 2273 1801 2333 τὰς
1832 2271 1927 2323 αύ-

261 2372 296 2399 ·;.
349 2354 440 2406 τοῦ
469 2355 729 2427 δυνάμεις
764 2360 1130 2430 συναθροίσας
1181 2363 1324 2431 μετὰ
1355 2365 1589 2432 σπουδῆς
1622 2366 1702 2424 εἰς
1733 2365 1926 2414 συνάν-

305 2465 310 2469 λ
347 2462 502 2512 τησιν
554 2447 647 2501 τοῦ
679 2450 932 2522 Ντεμίρη
965 2446 1032 2523 ἧν
1060 2454 1360 2524 έρχόμενος
1385 2456 1648 2523 ἀνδρείως
1675 2455 1770 2506 καλ
1797 2454 1927 2522 θαρ-

247 2562 270 2593 ;-
350 2539 556 2603 σαλέως
591 2542 732 2610 μετὰ
762 2545 1007 2614 μεγάλης
1034 2545 1235 2614 ψυχῆς.
1261 2546 1510 2614 ’Υπῆρχε
1543 2546 1597 2598 δὲ
1633 2549 1661 2598 6
1695 2547 1925 2612 στρατὸς

244 2653 308 2689 ;·;’
347 2629 442 2682 τοῦ
478 2631 672 2700 ἀμηρᾶ
702 2635 940 2704 χιλιάδες
988 2638 1332 2706 πεντήκοντα
1361 2638 1457 2690 καὶ
1491 2636 1703 2700 ἑκατὸν,
1738 2635 1833 2687 τοῦ
1866 2637 1924 2687 δὲ

254 2773 256 2780 .
348 2721 598 2793 Ντεμίρη
632 2726 868 2796 χιλιάδες
913 2722 1052 2791 ἦσαν
1092 2729 1412 2781 ὀκτακόσιαι
1454 2730 1546 2779 καὶ
1573 2728 1778 2780 εἴκοσι⁸
1833 2728 1924 2779 καὶ

263 2832 312 2876 Ῐ·’
347 2813 512 2867 πάλιν
545 2817 577 2884 ή
634 2819 1015 2888 μεγαλοψυχία
1048 2819 1142 2870 τοῦ
1191 2821 1592 2887 Μπαγιαζήτου
1644 2822 1723 2881 είς
1771 2821 1924 2873 οὐδὲν

247 2945 254 2972 ;
297 2937 300 2942 λ
345 2907 436 2956 τὸν
461 2908 746 2979 Ντεμίρην
777 2910 1075 2979 ἐλογίζετο.
1108 2913 1413 2975 Φθάσαντες
1440 2914 1506 2965 τὰ
1539 2911 1924 2980 στρατεύματα

242 3040 244 3042 τ
287 3031 298 3037 -
347 2998 425 3058 είς
452 3001 522 3049 τὰ
549 2999 687 3069 μέρη
717 3001 818 3070 τῆς
844 3003 1082 3072 Φρυγίας
1121 3007 1482 3074 συνήντησαν,
1513 3006 1605 3057 καὶ
1635 3007 1662 3057 6
1689 3007 1922 3075 πόλεμος

251 3135 256 3138 ,
290 3143 308 3152 _
348 3085 513 3158 καλ’ή
552 3089 805 3155 σύνταξις
855 3093 950 3145 καὶ
1004 3095 1034 3162 ή
1075 3096 1365 3164 συμπλοκὴ
1401 3096 1614 3164 μεγάλη
1656 3097 1920 3163 ἐγεγόνει.

245 3219 300 3252 η-
348 3176 514 3240 Τέλος
567 3179 616 3231 οί
651 3180 745 3232 τοῦ
791 3182 1167 3253 Μπαγιαζήτη
1222 3187 1301 3247 είς
1354 3186 1532 3254 φυγὴν
1570 3187 1920 3256 ἐτράπησαν·

345 3269 440 3321 καὶ
474 3271 531 3321 ὲν
570 3270 647 3340 τῷ
682 3273 910 3341 φεύγειν
953 3276 1153 3338 αὐτοὺς
1205 3276 1434 3340 πολλοὺς
1478 3279 1798 3339 πιάσαντες,
1839 3272 1916 3340 οἷς
1948 3285 1995 3348 c
2030 3276 2297 3345 ρήκαμεν,
2326 3276 2613 3341 ἐλθόντων,
2664 3280 2756 3331 καὶ
2811 3279 2905 3332 τοῦ
2951 3284 3140 3350 ἀμηρᾶ
3199 3285 3601 3352 Μπαγιαζήτου

243 3412 284 3437 ’,ἶ
345 3360 501 3413 οὐδὲν
533 3361 723 3432 ἕτερον
749 3365 974 3436 ἀνιαρὸν
1007 3367 1224 3420 ἐποίουν
1247 3369 1295 3420 εί
1328 3369 1404 3438 μή
1436 3371 1595 3438 μόνον
1626 3372 1694 3423 τὰ
1724 3370 1917 3439 ἱμάτια

258 3528 264 3536 ’
343 3552 596 3610 eamque,
641 3544 856 3615 triginta
889 3548 1121 3616 amplius
1180 3548 1418 3604 millibus
1473 3551 1808 3619 captivorum
1861 3555 1916 3606 in

342 3629 528 3687 Asiam
563 3636 741 3692 missis
769 3639 1125 3710 deductisque
1154 3641 1205 3693 in
1232 3642 1496 3707 colonias,
1529 3645 1734 3699 eversis
1781 3659 1918 3700 ma:-

347 3725 528 3790 nibus,
563 3728 829 3782 desertam
884 3731 1246 3799 reliquerunt,
1310 3747 1454 3787 anno
1515 3735 1700 3788 mundi
1754 3735 1914 3801 6905,

284 3876 286 3878 τ
343 3815 646 3872 indictione
676 3818 730 3872 5.
761 3819 969 3875 Interea
1003 3821 1172 3877 Dinns
1207 3839 1418 3880 ameras
1457 3835 1510 3880 et
1573 3826 1788 3896 reliqui,
1824 3829 1918 3897 qui

265 3891 276 3899 Γ
342 3922 371 3960 a
405 3909 665 3977 Bajazete
703 3911 924 3966 sedibus
956 3916 1070 3970 suis
1104 3916 1241 3984 pulsi
1280 3891 1790 3982 fuerant,Demirem
1829 3891 1916 3975 re-

266 3997 267 4000 “
341 4017 464 4073 gem
496 4002 768 4072 adierant,
796 4005 1038 4074 injurias,
1069 4023 1205 4077 quas
1263 4010 1621 4078 accepissem,
1677 4027 1914 4080 conqned

339 4104 550 4148 remes.
582 4095 850 4162 Demires,
879 4099 1202 4154 succurendi
1235 4099 1301 4155 iis
1325 4101 1574 4169 cupidus,
1609 4115 1706 4171 per
1765 4104 1904 4173 lega-

341 4195 458 4241 tum
489 4185 727 4255 Bajazeti
762 4191 1049 4257 suadebat,
1072 4192 1334 4262 injustum
1357 4209 1497 4259 esse,
1518 4209 1644 4263 erga
1670 4197 1917 4251 homines

243 4286 275 4362 ‘_'
339 4277 594 4342 ejusdem
658 4281 834 4348 gentis
899 4291 953 4335 et
1005 4283 1286 4352 religionis
1346 4285 1454 4339 isto
1519 4286 1677 4342 modo
1729 4301 1912 4357 agere,

243 4383 246 4388 '
336 4384 582 4440 eumque
607 4371 1016 4439 cohortabatur,
1059 4385 1118 4428 ut
1153 4391 1306 4430 suam
1363 4377 1560 4448 cuique
1619 4382 1915 4448 satrapiam

269 4452 280 4459 ’
340 4463 681 4524 restitueret,
713 4461 830 4517 sise
861 4463 1093 4516 amicum
1138 4465 1241 4518 sibi
1269 4464 1453 4521 vellet.
1481 4466 1728 4536 Ameras,
1755 4470 1918 4527 homo

337 4550 658 4619 inexplebili
713 4554 937 4608 avaritia
977 4564 1030 4609 et
1061 4555 1290 4610 habendi
1322 4558 1640 4628 cupiditate,
1666 4560 1917 4632 idemque

244 4720 269 4806 β
335 4737 434 4796 vit.
471 4746 529 4790 et
550 4735 842 4803 Demirem,
862 4739 1139 4794 dominum
1158 4743 1297 4810 ejus,
1322 4720 1618 4800 ludificans
1641 4746 1916 4802 rusticum

244 4821 250 4851 ⁵
288 4829 290 4831 ’
338 4829 663 4897 appellavlt.
702 4830 964 4897 Demires,
1016 4845 1137 4887 cum
1181 4834 1425 4889 audisset
1466 4851 1532 4890 ex
1563 4837 1761 4908 legato,
1797 4855 1915 4909 quas

257 4937 259 4940 ‘
339 4921 390 4972 in
429 4937 491 4976 se
517 4921 744 4976 dixisset
778 4936 1012 4987 ameras,
1047 4923 1275 4992 ejusque
1304 4935 1490 4980 nosset
1534 4930 1913 4994 ambitionem,

339 5014 418 5065 ira
463 5013 749 5076 incensus,
788 5011 1030 5068 collectis
1059 5014 1311 5068 omnibus
1339 5015 1511 5083 copiis
1553 5018 1688 5082 suis,
1723 5020 1918 5073 adver-

336 5121 435 5158 sus
475 5118 606 5158 eum
637 5111 818 5157 castra
851 5105 1036 5157 movit.
1067 5103 1145 5160 Re
1191 5116 1486 5174 comperta,
1544 5109 1705 5163 etiam
1760 5109 1918 5179 Baja-

288 5187 290 5190 ’
336 5207 516 5259 zeles,
541 5194 829 5248 confestim
864 5195 979 5249 suis
1005 5195 1247 5251 collectis
1297 5198 1493 5268 copiis,
1535 5197 1744 5255 Demeri
1776 5209 1918 5256 stre-

245 5321 252 5343 ,-
335 5301 445 5340 nne
475 5294 535 5341 et
562 5284 773 5339 fortiter
796 5284 1245 5355 conﬁdenterque
1278 5286 1492 5342 obviam
1529 5289 1913 5359 proficiscitur.

332 5378 865 5434 Constabatamere
893 5380 1169 5435 exercitus
1190 5388 1404 5434 centum
1435 5390 1490 5436 et
1518 5382 1912 5453 quinquaginta

333 5472 589 5526 millibus
642 5487 658 5524 :
733 5468 965 5525 Demiris
1008 5471 1321 5541 octingenta
1394 5482 1450 5528 et
1505 5475 1691 5544 viginti
1745 5477 1912 5531 millia

249 5609 252 5611 Α
330 5575 532 5627 erant;
570 5571 624 5614 at
646 5561 973 5616 conﬁdentia
997 5562 1266 5632 Bajazelis
1290 5564 1443 5618 nihili
1478 5564 1711 5621 faciebat
1729 5567 1911 5622 Demi-

249 5683 256 5694 -
333 5662 474 5710 rem.
513 5653 651 5708 Cum
688 5654 740 5707 in
767 5651 1056 5724 Phrygiam
1103 5655 1172 5710 ab
1221 5657 1464 5725 utrisque
1485 5667 1702 5711 ventum
1746 5668 1910 5722 esset,

329 5755 743 5802 concurrerunt
817 5747 1090 5802 exercitus
1160 5761 1522 5817 magnumque
1591 5760 1771 5803 ortum
1832 5760 1914 5805 est

333 5841 612 5907 praelium.
671 5836 912 5893 Tandem
965 5837 1232 5908 Bajazetis
1284 5841 1559 5894 exercitus
1621 5840 1673 5893 in
1729 5838 1908 5909 fugam

245 5977 250 5982 .
333 5944 646 5989 conversus
674 5940 759 5987 est
797 5931 890 5988 :in
939 5947 1044 6000 qua
1107 5931 1259 5988 multi
1310 5931 1452 6001 capti
1507 5940 1652 5999 sunt,
1715 5933 1916 6000 quibus

2041 702 2152 757 Καὶ
2176 703 2236 754 ὲν
2259 703 2338 773 τῷ
2379 703 2603 771 φεύγειν
2633 708 2728 760 καὶ
2757 707 2851 761 τὸν
2881 710 3287 780 Μπαγιαζήτην
3318 713 3616 774 πιάσαντες

2038 794 2134 846 καὶ
2161 792 2260 863 τήν
2306 798 2540 863 γυναῖκα
2590 800 2755 851 αὐτοῦ
2788 802 2883 853 καὶ
2927 804 3018 852 τὸν
3058 803 3172 854 υίδν
3207 803 3372 856 αὑτοῦ
3405 807 3616 872 Μωσῆν

2038 886 2134 937 καὶ
2160 886 2381 955 ἐτέρους
2399 889 2626 952 πολλοὺς
2661 892 2931 960 ἄρχοντας
2956 896 3055 956 τῆς
3086 893 3257 960 αὐλῆς
3283 896 3445 946 αὑτοῦ
3480 900 3616 966 πρὸς

2036 975 2129 1028 τὸν
2157 975 2434 1047 Ντεμίρην
2455 981 2682 1048 ήγαγον.
2722 984 2826 1034 Καὶ
2860 985 2886 1034 6
2929 986 3214 1055 Ντεμίρης
3240 990 3484 1056 ἐπλήσθη
3519 1008 3614 1056 χα-

2039 1071 2140 1138 ρᾶς
2168 1069 2255 1123 διὰ
2281 1071 2379 1139 τὴν
2408 1072 2598 1140 νίκην,
2622 1075 2716 1125 καὶ
2756 1074 2902 1135 λέγει
2934 1077 3010 1144 τῷ
3055 1079 3430 1149 Μπαγιαζήτῃ
3458 1097 3471 1109 ·

2043 1178 2061 1212 1
2099 1161 2260 1230 Κακὴ
2308 1163 2546 1231 κεφαλὴ,
2577 1164 2664 1215 διὰ
2695 1165 2746 1214 τί
2782 1167 2878 1227 τὰς
2913 1167 3121 1235 ὀρέξεις
3148 1172 3246 1230 τὰς
3282 1174 3459 1230 κακὰς
3514 1174 3613 1237 τῆς

2039 1253 2136 1322 σῆς
2165 1252 2391 1321 γνώμης
2422 1254 2520 1307 οὐκ
2550 1257 2946 1324 ἐκυϐέρνησας,
2986 1259 3069 1310 ἵνα
3108 1261 3180 1329 μὴ
3221 1263 3301 1323 εἰς
3335 1264 3490 1314 τοῦτο
3528 1265 3612 1314 ἕλ-

2038 1345 2176 1415 θῃς;
2212 1347 2312 1400 οὐκ
2342 1343 2488 1411 οἶδας
2532 1350 2615 1400 ὅτι
2649 1351 3097 1412 οὺδεὶςδύναται
3133 1355 3211 1422 τῷ
3245 1355 3363 1425 ἐμῷ
3395 1357 3612 1425 στρατῷ

2034 1437 2384 1506 ἁντιστῆναις
2413 1458 2430 1489 ι
2467 1436 2601 1492 Εἶτα
2634 1441 2932 1508 θαυμάζων
2966 1446 2992 1494 6
3015 1445 3299 1514 Ντεμίρης
3335 1449 3432 1513 τὴν
3461 1447 3615 1515 βασι-

2033 1530 2190 1601 λικὴν
2225 1532 2588 1602 παρασκευὴν
2617 1531 2710 1584 τοῦ
2737 1536 3137 1606 Μπαγιαζήτου
3163 1540 3257 1589 καὶ
3284 1540 3492 1604 ὡραίαν
3517 1543 3612 1591 καὶ

2030 1623 2130 1682 τὰς
2161 1624 2368 1691 σκηνὰς
2393 1624 2611 1686 ὲκείνας
2639 1625 2737 1688 τὰς
2760 1626 3101 1697 θαυμαστὰς,
3135 1631 3200 1682 τὰ
3245 1630 3486 1682 τοσαῦτα
3519 1632 3614 1699 δρ-

2032 1724 2125 1765 vsa
2162 1715 2256 1766 καὶ
2309 1715 2477 1779 κύνας
2510 1718 2907 1785 κυνηγετικοὺς
2959 1719 3052 1783 οὒς
3092 1718 3226 1790 εἶχε,
3259 1723 3406 1790 λέγει
3449 1724 3611 1775 πάλιν

2031 1808 2179 1876 αὕτῷ
2201 1824 2216 1839 ο
2249 1827 2266 1858 ι
2299 1799 2436 1862 Εἰπέ
2479 1827 2589 1878 μοι,
2614 1805 2657 1863 ὢ
2681 1812 2806 1863 σαλὲ
2826 1816 2916 1864 καὶ
2940 1815 3264 1882 παράφρων,
3298 1818 3431 1883 τίςή
3463 1816 3608 1880 ὠφέ-

2029 1900 2147 1952 λεια
2207 1902 2304 1968 τῆς
2347 1902 2587 1969 μεγάλης
2648 1914 2741 1955 σου
2798 1905 3103 1968 κενοδοξίας
3162 1908 3298 1972 μετὰ
3337 1907 3607 1974 τοσαύτης

2030 1994 2423 2060 παρασκευῆςς
2453 2013 2469 2043 ι
2513 1994 2859 2063 Ἀποκριθεὶς
2889 1996 2944 2047 δὲ
2973 1998 3423 2064 όΜπαγιαζήτης
3461 1999 3607 2065 λέγει

2029 2082 2369 2155 τῷΝτεμίρῃ
2388 2093 2403 2114 ⁴
2447 2104 2465 2135 ι
2491 2082 2620 2137 Οἶδα
2649 2086 2850 2148 καλῶς,
2883 2088 2970 2138 διὰ
2998 2089 3057 2139 τὸ
3095 2073 3236 2140 είναί
3262 2107 3319 2140 σε
3352 2091 3609 2156 ἄγροικον

2029 2175 2244 2244 Σκύθην
2277 2179 2369 2229 καὶ
2401 2177 2458 2241 ἐξ
2491 2178 2711 2245 ἀσήμου
2747 2179 2959 2245 γένους,
2992 2180 3071 2232 ὅτι
3098 2182 3153 2232 αί
3191 2180 3472 2249 βασιλικαὶ
3505 2201 3605 2234 πα-

2030 2269 2296 2335 ρασκευαλ⁹
2346 2268 2445 2320 ούκ
2491 2269 2753 2336 ἀρέσουσί
2799 2288 2910 2334 σοι,
2959 2273 3093 2324 διότι
3140 2274 3393 2325 οὐδέποτε
3432 2274 3607 2325 ταῦτα

2029 2356 2272 2426 ἐπρεπόν
2301 2375 2385 2410 σοι
2409 2375 2422 2388 ο
2465 2359 2575 2426 ἐγὼ
2609 2363 2718 2429 γὰρ
2746 2361 2819 2423 ὡς
2858 2363 2972 2424 υίὸς
3009 2363 3102 2414 τοῦ
3149 2365 3459 2433 Ἀμουράτη
3515 2366 3610 2418 καὶ

2028 2449 2249 2516 ἔγγονος
2280 2451 2374 2503 τοῦ
2417 2453 2680 2521 Ὀρχάνου
2709 2457 2800 2506 καὶ
2824 2455 3137 2522 δισέγγονος
3166 2456 3261 2509 τοῦ
3305 2457 3424 2509 Ὀτθ
3436 2458 3605 2525 μάνου

2027 2543 2122 2594 καὶ
2157 2545 2506 2613 τρισέγγονος
2565 2546 2662 2597 τοῦ
2713 2546 3102 2616 Ἐρτογρούλη,
3151 2550 3244 2601 καὶ
3289 2548 3463 2600 ταῦτα
3513 2553 3605 2601 καὶ

2028 2635 2249 2687 πλείονα
2301 2637 2508 2704 πρέπον
2562 2636 2652 2705 μοί
2681 2639 2797 2688 ἐστι
2831 2640 3006 2690 ποιεῖν
3053 2641 3147 2690 καὶ
3173 2640 3339 2707 ἔχειν.
3385 2657 3401 2688 ι
3459 2639 3516 2690 Ὀ
3547 2641 3602 2690 δὲ

2025 2727 2315 2796 Ντεμίρης
2363 2729 2605 2788 ἀκούσας
2637 2730 2760 2791 τοὺς
2794 2731 3043 2794 αὐθάδεις
3090 2732 3283 2798 λόγους
3314 2733 3408 2784 τοῦ
3443 2733 3606 2784 Μπα-

2029 2819 2311 2890 γιαζήτου,
2361 2823 2653 2892 θυμωθεὶς,
2697 2824 3045 2877 κουϐούκλιον
3073 2828 3134 2877 ὲκ
3179 2825 3401 2893 σιδήρου
3441 2828 3604 2892 ποιή-

2027 2925 2126 2972 σας
2172 2909 2279 2961 έσω
2312 2911 2474 2963 αὐτὸν
2507 2912 2729 2965 ἐνέϐαλε
2763 2917 2859 2967 καὶ
2893 2914 3011 2982 μετ’
3045 2915 3226 2982 ὀλίγον
3261 2917 3422 2966 αὑτὸν
3462 2917 3589 2968 ἀπέ-

2028 3017 2229 3066 κτεινε,
2285 3002 2611 3068 βασιλεύσας
2643 3004 2736 3073 ἔτη
2770 3005 2827 3069 ἓξ
2873 3007 3010 3075 πρὸς
3039 3009 3151 3067 τοῖς
3187 3009 3375 3071 είκοσι,
3432 3007 3604 3076 ζήσας

2027 3091 2084 3142 δὲ
2128 3093 2184 3143 έν
2216 3094 2283 3160 τῇ
2310 3093 2658 3164 αίχμαλωσίᾳ
2691 3096 2866 3163 μῆνας
2896 3097 3061 3149 ὀκτώ.

2099 3179 2200 3246 κζ’.
2233 3183 2674 3253 Τοιουτοτρόπως
2725 3184 2817 3240 οὖν
2843 3189 2951 3240 τῶν
2990 3190 3364 3258 πραγμάτων,
3398 3195 3474 3254 ὡς
3522 3193 3602 3243 εί·-

2027 3366 2580 3434 αίχμαλωτισθέντος,
2615 3371 2694 3433 είς
2726 3372 2953 3435 ἀταξίαν
3008 3373 3100 3425 καὶ
3134 3375 3379 3428 κίνδυνον
3429 3377 3601 3445 μεγά-

2027 3543 2164 3598 nihil
2201 3544 2346 3599 aliud
2395 3547 2656 3601 molestia:
2701 3546 2922 3611 factum,
2983 3552 3084 3603 nisi
3113 3552 3259 3620 quod
3286 3554 3526 3609 vestibus
3549 3565 3604 3610 et

2024 3639 2190 3691 armis
2218 3638 2399 3691 nudati
2464 3639 2895 3693 dimittebantnr.
2955 3641 3073 3709 Ipse
3135 3641 3415 3710 Bajazetes
3468 3663 3590 3701 cum

2023 3739 2194 3780 uxore
2214 3733 2269 3778 et
2292 3725 2403 3778 ﬁlio
2436 3725 2583 3780 Mose
2607 3729 2834 3795 aliisque
2856 3731 3044 3785 multis
3067 3733 3203 3786 aulae
3226 3750 3337 3789 suae
3360 3739 3600 3804 proceri-

2024 3818 2126 3873 bus
2154 3820 2597 3887 comprehensus,
2633 3820 2696 3872 ad
2725 3819 2993 3875 Demirem
3051 3826 3316 3879 adductus
3341 3838 3444 3880 est.
3495 3830 3596 3894 Qui

2026 3919 2249 3980 propter
2275 3911 2582 3976 victoriam,
2617 3925 2774 3976 quam
2812 3923 3205 3980 reportaverat,
3256 3916 3444 3971 laetitia
3500 3935 3599 3972 ex-

2025 4001 2260 4064 sultans,
2322 3999 2626 4068 Bajazetem
2685 4001 2996 4057 allocutus:
3071 4004 3276 4061 «Homo
3336 4025 3592 4079 nequam,

2025 4094 2218 4163 inquit,
2258 4107 2356 4146 cur
2389 4092 2567 4161 pravis
2597 4094 2762 4146 animi
2799 4094 2872 4146 tui
2939 4097 3327 4165 cupiditatibus
3351 4116 3456 4155 non
3491 4104 3598 4157 im-

2023 4186 2250 4254 perasti,
2282 4199 2350 4238 ne
2379 4186 2486 4239 huc
2517 4187 2904 4240 devoiverere?
2933 4202 2998 4241 an
3035 4190 3233 4255 nescis,
3264 4193 3398 4247 meis
3419 4197 3596 4263 copiis

2024 4279 2298 4333 neminem
2336 4289 2518 4346 parem
2559 4277 2717 4332 esse?
2756 4296 2775 4329 ι
2803 4278 3002 4334 Deinde
3037 4282 3241 4349 regium
3279 4281 3398 4352 ejus
3435 4299 3597 4338 orna-

2023 4378 2139 4425 tum
2160 4379 2214 4425 et
2241 4370 2586 4439 elegantiam,
2637 4379 2690 4424 et
2716 4373 2948 4425 tentoria
2982 4373 3072 4427 illa
3103 4375 3304 4430 eximia
3356 4385 3601 4432 tantam:-

2024 4475 2131 4534 que
2160 4463 2339 4517 avium
2373 4470 2428 4516 et
2482 4475 2678 4516 canum
2745 4463 3123 4517 venaticorum
3179 4465 3600 4521 multitudinem”

2024 4556 2273 4615 miratus,
2301 4565 2521 4606 rursus.
2541 4549 2669 4604 «Dic
2698 4551 2853 4616 mihi,
2881 4553 3077 4621 inquit,
3099 4553 3258 4608 homo
3278 4557 3608 4611 turbulente'

244 4631 269 4721 ί
339 4644 646 4699 vehemens
667 4653 722 4700 et
741 4661 1002 4718 praeceps,
1027 4649 1331 4705 orationem
1349 4652 1508 4721 legati
1526 4653 1675 4707 nihili
1691 4631 1921 4712 aestima
1951 4655 1995 4710 1)
2024 4664 2031 4697 ι

1817 4631 1921 4712 mae
1951 4655 1995 4710 1)
2024 4654 2080 4701 et
2115 4657 2331 4708 excors,
2362 4643 2454 4711 qui
2485 4653 2567 4697 est
2601 4642 2776 4697 fastus
2807 4644 2882 4697 tui
2940 4658 3062 4697 cmn
3121 4654 3271 4698 tanto
3327 4659 3596 4713 apparatu

2019 4736 2300 4792 fructus?)
2337 4732 2472 4786 Tum
2509 4733 2599 4786 ille
2632 4749 2646 4785 :
2683 4731 2859 4786 «Bene
2891 4735 3036 4797 navi,
3097 4749 3205 4787 non
3265 4735 3600 4802 placiturum-

2021 4831 2139 4893 tibi,
2165 4838 2222 4884 ut
2249 4827 2445 4896 agresti
2472 4823 2686 4896 Scytha:
2704 4835 2755 4877 et
2771 4840 2834 4878 ex
2856 4825 3088 4878 obscuro
3108 4836 3303 4895 genere
3323 4830 3580 4893 oriundo,

2025 4930 2345 4991 apparatum
2375 4918 2604 4987 regium,
2659 4918 2750 4986 qui
2785 4932 3061 4982 nunquam
3099 4929 3149 4972 te
3183 4919 3380 4973 decuit.
3410 4921 3478 4972 At
3505 4938 3588 4973 tne

2022 5015 2195 5076 decet,
2246 5009 2522 5063 Amuratis
2568 5008 2732 5061 ﬁlium
2795 5016 2850 5062 et
2905 5006 3172 5062 Orehanis
3223 5019 3474 5078 nepotem
3533 5029 3588 5066 (ι.

2019 5103 2275 5158 Osmanis
2304 5113 2653 5168 pronepotem
2699 5098 3076 5167 etErtogrnlis
3099 5100 3441 5167 abnepotem,
3472 5104 3584 5157 base

2019 5208 2072 5250 et
2098 5195 2249 5263 plura
2279 5193 2457 5245 facere
2479 5200 2640 5259 atque
2671 5189 2917 5242 habere.»
2958 5189 3236 5243 Sermonis
3295 5191 3590 5244 insolenti-ar

2020 5289 2193 5341 iratus
2225 5284 2488 5343 Demires.
2550 5296 2772 5334 caveam
2800 5279 3032 5334 ferream
3088 5277 3342 5333 fabricari
3393 5280 3581 5348 jussit,

2018 5379 2068 5431 in
2099 5391 2257 5445 quam
2288 5389 2411 5427 eum
2445 5371 2749 5440 conjectum
2800 5371 2957 5440 paulo
2990 5379 3109 5439 post
3125 5370 3346 5424 occidit.
3375 5369 3588 5441 Regnaa

2017 5478 2169 5522 verat
2195 5480 2363 5519 annos
2383 5481 2474 5519 sex
2503 5479 2555 5518 et
2578 5464 2788 5534 viginti,
2824 5464 3069 5532 captivus
3124 5461 3304 5516 fuerat
3365 5468 3596 5520 meust-tr

2016 5573 2158 5617 OCIO.

2086 5652 2174 5706 Τί.
2219 5650 2397 5707 Rebus
2426 5651 2505 5706 sic
2534 5652 2846 5714 transactis,
2877 5658 2935 5702 ut
2981 5651 3358 5718 exposuimus,
3390 5659 3443 5704 et
3473 5651 3578 5704 Ba-

2010 5747 2184 5818 jazete
2214 5754 2390 5813 capto,
2421 5744 2473 5797 in
2519 5743 2977 5812 perturbationem
3009 5751 3063 5796 et
3095 5756 3343 5809 magnum
3391 5742 3584 5796 discri-

2018 5853 2136 5892 men
2173 5835 2623 5893 Otlnuanidarum
2653 5835 2944 5903 imperium
2982 5834 3169 5888 incidit
3221 5843 3444 5903 propter
3472 5836 3583 5889 dis-

2020 5932 2155 5989 sidia
2197 5930 2440 6001 quadam
2471 5940 2522 5987 et
2560 5929 2698 5986 bella
2754 5930 2893 5988 inter
2922 5930 3059 5986 ﬁlios
3097 5929 3210 5999 ejus
3246 5930 3583 5994 enascentia,
