4526 6514
926 435 1030 497 707
2149 453 2482 515 GEORGII
2521 459 2713 519 PHRA

2395 456 2482 515 HI
2521 459 2952 522 ΡΗΗΑΝΤΖΕ
4077 472 4182 538 708

922 551 1072 617 λονὴ
1106 549 1212 602 τῶν
1256 550 1658 621 Ὀτθμανλίδων
1715 556 1958 624 βασιλεία
2125 563 2349 616 ἐνέπεσε
2414 566 2504 619 διά
2531 570 2575 628 Α
2605 568 2893 638 διατρίψας
2934 573 3126 640 ἐξῆλθε
3185 576 3323 629 κατὰ
3369 577 3464 630 τοῦ
3519 580 3713 645 Μωσῆ.
3784 584 3887 636 Καὶ
3947 588 4182 659 πολέμου

916 657 1070 703 τινας
1102 642 1366 710 διαφορὰς
1399 646 1493 696 καὶ
1521 645 1790 715 πολέμους
1817 649 1926 701 τῶν
1959 652 2090 703 υἱῶν
2120 654 2213 706 τοῦ
2241 658 2501 724 Μπαγια-
2606 663 2895 728 γεγονότος
2918 666 2945 715 6
2980 667 3225 719 Μουσου)
3241 670 3406 737 μάνος
3453 673 3556 724 ὑπὸ
3585 642 3692 725 τοῦῖ
3720 676 3882 744 Μωσῆ
3937 642 4181 753 saxeae,

916 734 1102 803 ζήτου,
1142 736 1190 786 οἳ
1216 734 1290 798 ὡς
1330 737 1574 806 ἥκουσαν
1611 739 1740 807 περὶ
1773 740 1866 792 τοῦ
1905 742 2137 796 Θανάτου
2171 746 2264 798 τοῦ
2293 753 2499 816 πατρὸς
2603 759 2696 806 καὶ
2734 758 2987 818 πιασθεὶς
3024 760 3116 810 ὑπ’
3143 763 3309 814 αὐτοῦ
3345 765 3680 836 ἐθανατώθη.

915 828 1117 891 αὐτῶν,
1164 827 1502 894 ἠγωνίζοντο
1543 832 1626 883 ἴνα
1685 833 1914 895 ἕκαστος
1951 837 2041 902 τῆς
2077 836 2355 904 βασιλείας
2403 843 2500 908 τῆς
2672 846 2774 900 κο’.
2798 850 2904 900 Καὶ
2928 853 2954 902 6
2991 852 3194 921 Μωσῆς
3227 855 3520 924 γενόμενος
3552 859 3649 926 τῆς
3696 861 3824 930 ὅλης
3855 864 4036 931 ἀρχῆς
4088 865 4186 919 κύ-

916 921 1188 988 πατρικῆς
1220 922 1406 990 κύριος
1454 925 1700 993 γένηται.
1736 928 1843 978 Kal
1888 930 2228 997 περάσαντες
2269 935 2348 996 είς
2401 936 2499 1006 τὴν
2601 954 2719 1005 ριος
2765 940 2950 991 στόλον
2978 943 3241 1011 ἡτοίμασε
3276 921 3371 998 διὰί
3397 921 3674 1019 θαλάσσης
3707 921 4068 1022 καλῗστρατδν
4099 958 4182 1008 διὰ

916 1014 1190 1084 Εὐρώπην
1221 1019 1268 1066 οἱ
1310 1018 1574 1086 τέσσαρες
1626 1019 1975 1091 αὖτάδελφοι,
2009 1025 2096 1077 διὰ
2153 1026 2244 1078 τὸν
2291 1030 2498 1100 Μωσῆν
2601 1025 2770 1094 ξηρᾶς
2813 1031 2990 1083 ἐλθεῗν
3025 1035 3166 1085 κατὰ
3197 1036 3295 1104 τῆς
3348 1039 3573 1102 πόλεως.
3646 1042 3847 1094 Μαθὼν
3903 1048 3960 1098 δὲ
4010 1048 4182 1101 ταῦτα

911 1102 987 1164 ὡς
1012 1107 1316 1173 εἰρήκαμεν
1343 1110 1687 1175 αἰχμάλωτον
1723 1115 1862 1179 μετὰ
1895 1114 1987 1166 τοῦ
2036 1119 2240 1187 πατρὸς
2297 1119 2494 1172 ὲναπου

916 1197 1200 1264 μείναντα,
1246 1199 1490 1268 Ἰωσοὺφ,
1520 1201 1593 1264 ὡς
1625 1207 1873 1273 εἴπομεν,
1918 1209 2208 1273 φωτισθεὶς
2238 1213 2302 1281 τῇ
2335 1214 2494 1284 αἴγλῃ

911 1289 1005 1340 τοῦ
1063 1291 1219 1354 ἁγίου
1279 1291 1595 1361 Πνεύματος
1646 1299 1967 1364 Χριστιανὸς
2019 1305 2282 1369 ἐγεγόνει,
2351 1307 2397 1358 οί
2439 1307 2495 1358 δὲ

911 1381 1092 1447 ἕτεροι
1149 1384 1423 1449 άναμέσον
1465 1385 1798 1455 διεφέροντο,
1837 1392 1930 1442 καὶ
1973 1394 2155 1462 μάχης
2193 1399 2495 1468 γενομένης

912 1475 978 1522 τὰ
1019 1473 1107 1524 τοῦ
1154 1474 1353 1525 Ἰεσσαὶ
1394 1476 1573 1543 ὀλίγον
1605 1479 1796 1545 καιρὸν
1857 1481 2212 1553 ὑπερίσχυσε.
2248 1488 2358 1540 Καὶ
2404 1508 2493 1557 φιο

910 1562 1029 1616 λίαν
1060 1567 1305 1634 μεγάλην
1342 1568 1481 1637 ἔχων
1509 1572 1644 1640 μετὰ
1676 1574 1770 1625 τοῦ
1793 1574 2065 1642 βασιλέως
2091 1579 2197 1647 κὺρ
2239 1576 2490 1651 Μανουὴλ

911 1657 1006 1710 καὶ
1039 1663 1266 1727 στρατὸν
1296 1663 1660 1730 συναθροίσας
1689 1670 1828 1719 κατὰ
1847 1670 1941 1720 τοῦ
1968 1672 2138 1738 ρηγὸς
2169 1675 2491 1744 Οὺγγαρίας

913 1751 1086 1802 ἐλθὼν
1119 1755 1272 1804 οὐδὲν
1304 1754 1655 1824 κατώρθωσε.
1716 1759 1826 1812 Καὶ
1886 1765 2026 1814 κατὰ
2081 1763 2173 1815 τοῦ
2226 1766 2488 1821 δεσπότου

910 1839 1137 1908 Σερδίας
1175 1844 1343 1896 ἐλθὼν
1372 1846 1526 1898 οὐδὲν
1575 1849 1722 1917 αὐτῷ
1756 1854 2030 1920 χρήσιμον
2075 1856 2338 1922 ἐγεγόνει.
2380 1859 2488 1911 Καὶ

912 1931 1155 2000 περάσας
1187 1937 1242 1986 ὲν
1280 1937 1348 2003 τῇ
1386 1936 1544 2007 Ἀσίᾳ
1599 1939 1683 1990 ἵνα
1741 1941 1868 2011 ἔλθῃ
1906 1946 2044 1996 κατά
2090 1944 2184 1998 τοῦ
2251 1949 2486 2016 ἀδελφοῦ

908 2024 1360 2094 Μουσουλμάνου,
1394 2029 1488 2080 καὶ
1539 2031 1618 2091 εἰς
1650 2028 1718 2083 τά
1780 2033 1923 2102 μέρη
1961 2037 2058 2101 τῆς
2109 2036 2489 2094 Καππαδοκῶν

908 2116 1180 2183 ἐπαρχίας
1232 2121 1667 2188 συναντήσαντος
1710 2125 1918 2176 ἐκείνου
1986 2128 2183 2182 Ἰεσσαὶ
2235 2133 2490 2199 ἡττηθεὶς

907 2209 1096 2275 ἔφυγε,
1132 2214 1222 2261 καὶ
1249 2213 1308 2262 ὲν
1337 2212 1414 2280 τῷ
1454 2214 1678 2280 φεύγειν
1725 2217 2020 2281 πιάσιντες
2082 2221 2246 2273 αὑτὸν
2286 2229 2490 2293 προσή-

907 2318 1079 2368 γαγον
1103 2303 1180 2371 τῷ
1210 2306 1426 2374 ἀδελφῷ
1453 2324 1466 2335 ο
1504 2309 1531 2357 6
1562 2308 1617 2358 δὲ
1666 2310 2029 2376 ὲναπέπνιξεν
2061 2313 2221 2365 αὐτὸν
2272 2316 2488 2380 σταθεὶς

909 2397 965 2447 ὲν
1007 2398 1072 2464 τῇ
1114 2397 1256 2467 ἀρχῇ
1290 2397 1489 2466 μῆνας.
1533 2437 1548 2452 .
1586 2435 1600 2452 .

977 2496 1086 2558 κη’.
1144 2491 1251 2542 Καὶ
1312 2493 1338 2543 6
1391 2491 1819 2563 Μουσουλμάνος
1870 2495 2143 2568 ἐγκρατὴς
2197 2502 2488 2573 γενόμενος

907 2580 1007 2649 τῆς
1041 2581 1239 2651 ἀρχῆς.
1297 2584 1326 2635 6
1359 2585 1639 2653 Ντεμίρης
1676 2586 1867 2640 ἔπειτα
1899 2590 1991 2642 τὸν
2052 2592 2283 2663 ἀδελφὸν
2320 2596 2487 2648 αὐτοῦ

909 2673 1114 2742 Μωσῆν
1151 2675 1543 2744 ἠλευθέρωσεν,
1574 2678 1631 2739 ὃς
1681 2681 1932 2750 περάσας
1959 2685 2187 2753 κρυφῶς
2213 2683 2379 2756 ἦλθεν
2431 2691 2488 2741 ἐν

908 2769 972 2835 τῇ
1008 2766 1268 2836 Εὐρώπῃ,
1304 2768 1450 2820 καὶό
1496 2770 1763 2840 δεσπότης
1816 2773 2046 2842 Σερὸίας
2092 2781 2246 2846 χεῖρα
2299 2779 2488 2848 ἱκανὴν

906 2860 1085 2923 δώσας
1120 2862 1214 2914 καὶ
1246 2861 1518 2932 βοηθήσας
1553 2864 1722 2933 αὐτῷ,
1754 2864 1897 2934 λέγω
1947 2869 2023 2936 τῷ
2056 2871 2250 2940 Μωσῇ,
2283 2872 2485 2940 ἐγκρα-

907 2955 1008 3024 τὴς
1035 2956 1181 3007 κατὰ
1223 2957 1324 3022 τῆς
1376 2957 1647 3027 Εὐρώπης
1681 2960 1947 3026 ἐγεγόνει.
1981 2962 2182 3016 Μαθὼν
2225 2964 2281 3016 δὲ
2331 2965 2488 3018 τοῦτο

906 3047 936 3100 6
965 3046 1191 3115 ἀδελφὸς
1216 3047 1380 3099 αὐτοῦ
1411 3049 1838 3118 Μουσουλμάνος
1870 3053 1927 3104 ἒν
1990 3057 2054 3125 τῇ
2097 3055 2254 3126 Ἀσίᾳ
2317 3057 2488 3125 περά-

909 3155 1007 3200 σας
1027 3138 1113 3190 διὰ
1140 3137 1241 3206 τῆς
1283 3137 1488 3200 πόλεως
1520 3140 1628 3209 87
1666 3140 1837 3194 ἐλθεῖν
1895 3144 2037 3196 κατὰ
2093 3144 2185 3197 τοῦ
2229 3145 2482 3213 ἀδελφοῦ,

2596 1121 2624 1171 6
2659 1119 2912 1187 βασιλεὺς
2938 1123 3048 1175 τῶν
3088 1123 3397 1191 Ῥωμαίων,
3441 1127 3751 1198 Ῥωμαϊκὸν
3792 1136 3979 1188 στόλον
4038 1139 4179 1189 ἑτοι-

2601 1213 2780 1281 μάσας
2822 1216 2917 1267 καὶ
2967 1219 3354 1289 οἰκονομήσας,
3421 1220 3785 1292 δρουγγάριον
3824 1231 4180 1299 καταστήσας

2597 1303 2850 1374 Μανουὴλ
2875 1306 2964 1357 τὸν
2994 1307 3148 1360 νόθον
3193 1311 3438 1378 ἀδελφὺν,
3495 1317 3589 1365 καὶ
3627 1317 3791 1383 ἐγγὺς
3853 1319 3953 1388 τῆς
4015 1325 4179 1389 νήσου

2595 1397 2690 1464 τῆς
2725 1397 3024 1468 λεγομένης
3068 1401 3287 1470 Πλάτης
3334 1405 3384 1456 οί
3437 1406 3612 1459 στόλοι
3671 1412 4117 1480 συναντηθέντες,
4155 1416 4182 1465 6

2594 1487 2684 1539 τοῦ
2713 1484 2885 1557 Μωσῆ
2926 1493 3112 1554 στόλος
3149 1494 3382 1564 ἐσφάλη,
3421 1498 3518 1549 καὶ
3555 1497 3719 1567 μέρος
3750 1501 3850 1567 μέν
3904 1519 3956 1552 τι
4016 1521 4181 1556 κατε-

2592 1580 2854 1649 ποντίσθη
2892 1582 3056 1652 μέρος
3088 1584 3142 1637 δὲ
3173 1586 3454 1657 ἐϐυθίσθη,
3483 1591 3576 1644 καὶ
3605 1591 3672 1644 τὰ
3712 1593 4181 1667 ἐναπολειφθὲντα

2594 1673 2736 1725 πάνυ
2763 1672 2920 1739 ὀλίγα
2945 1676 3202 1745 πλοιάρια
3227 1680 3412 1741 κακῶς
3447 1683 3670 1750 ἔφυγον,
3691 1687 3784 1739 καὶ
3809 1688 3841 1755 ὴ
3874 1690 4001 1759 νίκη
4043 1691 4179 1742 Ῥω-

2596 1765 2772 1828 μαίοις
2811 1759 2898 1835 ἦν.
2935 1767 3044 1818 Καὶ
3094 1765 3158 1820 ἐκ
3209 1771 3306 1840 τῆς
3353 1771 3524 1842 ξηρᾶς
3579 1776 3646 1829 τά
3696 1779 3854 1847 ὅμοια
3904 1781 3934 1833 6
3969 1782 4180 1850 Μωσῆς

2593 1854 2815 1912 ἔπαθεν.
2877 1855 3118 1910 Ἀκούων
3152 1863 3326 1916 ταῦτα
3363 1866 3673 1938 ἀνεχώρησε
3715 1872 3854 1938 μετά
3885 1873 4176 1942 αἰσχύνης.

2594 1949 2704 1999 Kal
2733 1945 2886 2012 αὖθις
2917 1953 2945 2003 6
2972 1950 3226 2018 βασιλεὺς
3259 1956 3565 2024 μεθοδεὺων
3607 1965 3856 2029 μηχανὰς
3901 1965 3986 2018 ἵνα
4039 1983 4180 2018 παν-

2591 2039 2761 2102 τελῶς
2809 2042 3008 2113 νικήσῃ
3055 2044 3149 2097 τὸν
3206 2047 3467 2116 Μωῦσῆν,
3526 2052 3741 2115 στείλας
3773 2057 3831 2106 ὲν
3887 2059 3955 2126 τῇ
4023 2057 4182 2127 Ἀσία

2592 2131 2754 2200 ἔφερε
2785 2133 2875 2186 τδν
2904 2134 3000 2188 τοῦ
3049 2137 3477 2208 Μουσουλμάνου
3517 2144 3630 2195 υἱον
3697 2144 3965 2216 Ὀρχάνην
3993 2151 4094 2201 καὶ
4125 2153 4180 2201 ὲν

2593 2225 2655 2291 τῇ
2687 2223 2923 2295 Εὐρώπῃ
2949 2226 3216 2298 αὐθέντην
3249 2229 3503 2286 ἐπέϐαλε.
3531 2232 3640 2284 Καὶ
3669 2235 3905 2304 πολέμου
3942 2238 4176 2302 γεγονό-

2591 2334 2681 2379 τος
2713 2319 2780 2369 τὰ
2841 2314 2937 2370 τοῢ
2992 2318 3262 2388 Ὀρχάνου
3319 2324 3652 2392 ἐσφάλησαν,
3692 2327 4176 2389 ἐπιϐουλευθέντος

2592 2409 2747 2478 παρὰ
2798 2409 2893 2462 τοῦ
2959 2411 3300 2482 κυϐερνήτου
3351 2417 3443 2468 καὶ
3498 2414 3716 2484 πρώτου
3766 2419 3952 2489 βεζίρη
4006 2420 4175 2473 αὑτοῦ

2590 2501 2884 2571 Σαμπάνη,
2916 2504 3012 2556 καὶ
3044 2505 3248 2567 πιάσας
3283 2506 3444 2559 αὑτὸν
3473 2510 3499 2561 6
3533 2510 3737 2580 Μωσῆς
3770 2513 3798 2563 6
3828 2510 3963 2572 θεῖος
3999 2510 4171 2565 αὐτοῦ

2589 2588 2895 2656 ἐτύφλωσε.
2959 2589 3252 2662 Μεεμέτης
3297 2594 3352 2647 δὲ
3403 2599 3431 2649 6
3485 2598 3843 2671 ὑστερογενὴς
3895 2601 4016 2664 υίος
4078 2603 4173 2656 τοῦ

2589 2679 2992 2749 Μπαγιαζήτου
3023 2684 3112 2737 διὰ
3142 2685 3201 2737 τὸ
3229 2682 3370 2738 εἶναι
3418 2689 3482 2741 ὲκ
3511 2691 3729 2744 πάντων
3757 2691 4021 2761 νεώτερος
4078 2695 4173 2747 καὶ

2590 2769 2694 2820 ὑπὸ
2730 2771 2838 2823 τῶν
2869 2772 2982 2841 88
3024 2771 3271 2843 ἀδελφῶν
3329 2780 3544 2832 πάντων
3604 2783 3933 2852 φοϐούμενος
3972 2787 4174 2852 φυγὼν

2589 2853 2750 2928 ἦλθεν
2781 2862 2836 2912 ἕν
2872 2879 2974 2914 τινι
3005 2865 3153 2932 τόπῳ
3187 2867 3326 2931 μετά
3356 2885 3498 2930 τινος
3549 2871 3793 2939 τεχνίτου
3844 2872 4170 2937 nionem-3,

2589 2950 2683 3001 καὶ
2733 2952 2849 3004 ἐκεῖ
2906 2956 3175 3019 μιτθωτδς
3231 2953 3470 3023 ἐγένετο,
3529 2961 3617 3013 ἵνα
3662 2961 3736 3030 μὴ
3789 2963 4006 3032 γνωσθῇ
4059 2967 4176 3026 τοῖς

2589 3042 2837 3110 ἀδελφοῖς
2878 3060 2890 3072 '
2941 3042 3257 3114 ἁνδρυνθεὶς
3313 3051 3370 3102 δὲ
3423 3053 3488 3120 τῇ
3544 3053 3732 3124 ἡλικίᾳ
3779 3055 3952 3122 ὀλίγον
4026 3060 4175 3125 μετὰ

2590 3134 2847 3203 τοιαύτης
2869 3139 3192 3207 κακουχίας,
3223 3139 3446 3211 θεωρῶν
3483 3143 3658 3208 οὕτως
3687 3146 3875 3216 ἔχοντα
3905 3148 3974 3200 τὰ
4025 3151 4174 3217 πρά-

907 3230 1005 3284 καὶ
1053 3229 1238 3297 φιλίαν
1272 3231 1514 3298 μεγάλην
1564 3233 1706 3298 μετὰ
1737 3234 1830 3285 τοῦ
1876 3235 2140 3302 βασιλέως
2190 3237 2348 3306 ἔχων,
2393 3240 2486 3291 καὶ
2515 3236 2556 3292 C
2590 3244 2795 3294 Υμαται
2829 3231 2922 3280 καὶ
2955 3231 3115 3296 αὐτὸς
3162 3236 3226 3302 τῇ
3268 3233 3370 3301 τῆς
3413 3236 3584 3307 τύχης
3623 3241 3764 3310 φορᾷ
3814 3242 4176 3311 χρησάμενος

907 3323 1009 3390 τὴν
1074 3322 1346 3392 θυγατέρα
1415 3326 1510 3375 τοῦ
1567 3324 1829 3379 δεσπότου
1877 3328 1970 3378 τοῦ
2035 3331 2140 3399 κὺρ
2204 3332 2481 3400 Θεοδώρου

907 3411 1083 3474 δὼσας
1110 3412 1258 3482 αὐτῷ
1281 3416 1361 3477 είς
1397 3416 1652 3481 γυναῖκα,
1684 3417 1900 3486 ἡμέρας
1928 3417 2112 3488 ὀλίγας
2143 3421 2199 3473 ὲν
2245 3425 2307 3492 τῇ
2333 3423 2483 3476 πόλει

909 3593 1026 3661 qui,
1055 3593 1236 3646 audita
1271 3603 1443 3647 morte
1469 3594 1658 3662 patris,
1689 3611 1784 3664 pro
1807 3612 1865 3650 se
1892 3599 2120 3666 quisque
2149 3602 2483 3670 nitebamur,

908 3694 965 3739 ut
997 3700 1164 3754 regno
1196 3693 1422 3753 paterno
1456 3689 1782 3750 potirentur.
1831 3687 2146 3745 Transeunt
2199 3693 2250 3746 in
2309 3694 2483 3751 Euro-

907 3791 1028 3844 pacti
1055 3775 1248 3829 fratres
1272 3776 1512 3844 germani
1538 3787 1802 3846 quatuor;
1823 3780 2022 3834 llfosem
2047 3784 2188 3837 enim
2213 3788 2482 3853 captivum

909 3867 1081 3922 fuisse
1113 3882 1236 3920 cum
1292 3877 1464 3936 patre,
1500 3873 1841 3936 monuimus;
1898 3873 2133 3929 diximus
2171 3876 2358 3943 etiam,
2387 3877 2484 3933 Jo-

908 3961 1161 4029 suphum,
1189 3958 1422 4028 Spiritus
1449 3963 1622 4016 sancti
1647 3963 1849 4019 lumine
1878 3965 2182 4036 imp'etum,
2213 3970 2482 4028 Christia-

908 4069 1036 4106 num
1092 4052 1287 4106 faetum
1339 4067 1481 4119 esse.
1534 4051 1744 4120 Reliqui
1796 4056 1934 4110 inter
1989 4073 2046 4111 se
2101 4060 2479 4119 dissidebant.

909 4140 1102 4197 Prtelio
1132 4142 1293 4205 facto,
1334 4159 1483 4196 arma
1527 4143 1709 4199 Jesses
1738 4146 2048 4216 aliquandiu
2096 4152 2478 4218 praavalebant.

908 4237 979 4300 Is,
1028 4246 1176 4289 arcta
1229 4236 1470 4290 amicitia
1506 4252 1628 4290 cum
1688 4238 2010 4310 imperatore
2059 4241 2301 4298 Manuele
2354 4261 2483 4299 cou-

902 4329 1148 4394 junctus,
1182 4329 1425 4383 collectis
1457 4331 1650 4398 cupiis,
1687 4333 1952 4386 adversus
1986 4331 2363 4401 Hungarorum
2399 4352 2481 4393 re-

906 4434 1024 4488 gem
1055 4419 1332 4490 profectus
1371 4430 1476 4484 est,
1518 4436 1616 4474 nec
1647 4429 1823 4474 tamen
1856 4424 2150 4492 quidquam
2204 4429 2348 4497 egit;
2383 4439 2480 4485 nec

909 4512 1111 4565 Serviat
1167 4513 1447 4581 despotam
1506 4526 1780 4581 aggresso,
1842 4515 2205 4583 expeditionis
2271 4518 2481 4576 fructus

2587 3320 2758 3371 ταῦτα
2792 3321 3161 3390 συλλογίζεται
3185 3329 3279 3381 καὶ
3314 3330 3449 3398 πρὸς
3479 3331 3571 3384 τὸν
3622 3333 3842 3402 ἀμηρᾶν
3882 3337 4174 3406 Καραμά·

2587 3429 2678 3464 νον
2732 3411 2788 3464 ἐν
2836 3417 2900 3484 τῇ
2962 3418 3331 3492 Καππαδοκίᾳ
3385 3421 3606 3492 ἔρχεταί
3672 3425 3920 3496 βοήθειαν
3965 3429 4172 3482 αίτῶν.

2589 3593 2776 3645 movit.
2815 3586 3013 3648 Prmlio
3043 3598 3360 3660 commisso,
3428 3598 3794 3655 Musulmanus
3825 3617 3854 3654 a
3887 3599 4048 3658 Mose
4082 3603 4176 3659 de-

2588 3686 2777 3744 victus.
2812 3697 3002 3752 captus
3034 3697 3086 3740 et
3124 3699 3346 3742 necatus
3377 3700 3481 3743 est.

2654 3772 2745 3827 ‘29.
2770 3773 2964 3837 Moses,
2994 3778 3246 3829 universo
3313 3793 3477 3846 regno
3501 3780 3721 3847 potitus,
3749 3780 3972 3835 classem
4009 3785 4180 3837 ador-

2589 3872 2700 3927 nat,
2740 3879 2845 3933 qua
2872 3867 3028 3930 mari,
3065 3869 3387 3932 exercitum,
3426 3885 3536 3939 quo
3570 3879 3712 3925 terra
3753 3874 3939 3928 urbem
3970 3890 4179 3946 aggre-

2586 3953 2827 4007 deretur.
2869 3954 2981 4020 Qua
3017 3971 3076 4011 re
3111 3968 3410 4027 comperta,
3451 3961 3752 4030 imperator
3778 3979 3998 4034 quoque
4061 3970 4175 4020 lt.)-

2586 4061 2868 4100 manorum
2891 4048 3115 4102 rlasscm
3153 4061 3306 4118 parat
3328 4059 3379 4104 et
3404 4055 3643 4116 instruit,
3691 4056 3777 4109 cui
3806 4056 4016 4125 drunga
4031 4059 4174 4112 rium

2585 4139 2818 4204 prmfecit
2857 4138 3175 4205 Mauueletn,
3211 4141 3427 4194 fratrem
3461 4148 3708 4199 nothum.
3738 4146 3814 4200 Ad
3853 4147 4057 4203 Plateu
4093 4153 4178 4203 in-

2585 4229 2758 4282 sulam
2795 4229 2997 4284 classes
3021 4231 3126 4285 sibi
3155 4243 3448 4286 occurrunt
3481 4255 3492 4288 :
3521 4250 3690 4291 naves
3705 4238 3868 4294 Mosis
3907 4239 4172 4306 devictae,

2584 4322 2778 4389 partim
2798 4322 3076 4388 demersa',
3097 4325 3290 4390 partim
3314 4337 3486 4395 capta:
3502 4337 3656 4382 sunt:
3679 4346 3848 4400 pauca
3868 4318 4175 4389 admodum

2585 4415 2823 4484 navigia,
2851 4430 2971 4484 qua:
3003 4417 3298 4480 restabant,
3335 4421 3563 4488 turpiter
3611 4420 3892 4489 fugerunt:
3931 4427 4172 4480 victoria

2583 4523 2746 4576 penes
2768 4506 3042 4562 Romanos
3075 4512 3245 4564 stetit.
3278 4511 3521 4566 Similem
3555 4514 3604 4566 in
3645 4524 3784 4568 terra
3811 4516 4032 4573 cladem
4063 4518 4152 4572 M0

906 4604 1186 4658 constitit:
1214 4610 1292 4664 ct,
1323 4617 1444 4656 cnin
1483 4603 1534 4656 in
1563 4603 1745 4656 Asiam
1802 4604 2123 4672 trajecisset,
2178 4607 2475 4664 Musulina-
2503 4605 2556 4663 D
2582 4616 2669 4653 $88

2386 4627 2475 4664 ηπ-
2503 4605 2556 4663 D
2582 4616 2669 4653 ses
2693 4600 2920 4669 accepit.
2951 4599 3077 4654 llaac
3107 4602 3195 4654 ubi
3216 4602 3546 4668 audiit,cum
3569 4605 3858 4672 ignominia
3912 4614 4173 4664 recessit.

908 4711 1036 4747 num
1064 4694 1284 4747 fratrem
1309 4694 1620 4754 adorturus,
1650 4695 1701 4746 in
1730 4694 2110 4764 Cappadocum
2135 4699 2329 4755 finibus
2351 4717 2473 4754 cum

903 4799 972 4838 co
999 4798 1346 4850 congressus,
1381 4783 1598 4850 fugatus
1626 4792 1704 4838 est
1747 4794 1823 4848 el,
1859 4786 1909 4838 in
1961 4786 2081 4857 fuga
2119 4793 2475 4858 comprehen-

907 4892 1018 4936 sus,
1059 4876 1123 4927 ad
1155 4874 1375 4944 fratrem
1408 4877 1693 4938 azldurtus,
1729 4880 1816 4945 qui
1846 4893 1967 4933 eum
2008 4883 2477 4951 slrangularijus-

903 4968 992 5021 sit.
1032 4967 1257 5032 imperio
1290 4967 1514 5031 potitum
1546 4981 1752 5018 menses
1783 5008 1794 5020 .
1822 5009 1835 5021 .
1865 5009 1876 5020 .

972 5057 1066 5112 28.
1095 5056 1280 5126 Reguo
1312 5073 1340 5110 a
1377 5057 1712 5112 Musulmauo
1744 5072 2026 5127 occupato,
2069 5062 2308 5119 Dcmircs
2360 5066 2470 5120 Μο-

902 5163 1039 5210 scm,
1096 5148 1321 5202 fratrem
1355 5148 1493 5216 ejus,
1533 5149 1754 5203 liberum
1815 5151 2042 5216 dimisit,
2093 5156 2182 5221 qui
2222 5156 2360 5208 clam
2418 5157 2468 5209 iu

901 5241 1170 5307 Europam
1214 5249 1591 5306 transgressus
1613 5251 1663 5294 et
1697 5256 1723 5293 a
1755 5241 1972 5310 despota
2026 5243 2229 5299 Servire
2270 5247 2470 5300 suflici-

899 5339 1024 5382 ente
1060 5345 1217 5382 manu
1280 5331 1580 5384 insuuctus
1615 5341 1668 5385 et
1724 5333 1959 5401 adjutus,
1998 5348 2057 5387 ea
2098 5345 2249 5404 parte
2303 5353 2468 5406 supe-

902 5421 1007 5474 rior
1038 5423 1115 5474 tit.
1148 5420 1255 5473 lloc
1285 5437 1405 5473 cum
1435 5423 1666 5488 primum
1694 5421 2088 5490 Musulinanus,
2135 5427 2304 5479 frater
2332 5428 2468 5496 ejus,

899 5513 952 5566 in
976 5514 1100 5565 Asia
1150 5514 1374 5582 accepit,
1399 5514 1447 5565 in
1479 5513 1748 5581 Europam
1783 5513 2016 5583 trajecit,
2045 5527 2100 5570 ut
2128 5533 2219 5586 per
2271 5518 2473 5588 Byzan-

899 5606 1032 5658 tium
1076 5605 1223 5656 fratri
1254 5606 1465 5657 obviam
1499 5606 1636 5669 iret;
1670 5612 1744 5668 et,
1778 5605 2032 5671 quoniam
2077 5622 2194 5662 eum
2221 5625 2323 5664 non
2359 5613 2473 5664 vul-

896 5692 1039 5759 garis
1071 5695 1304 5746 amicitia
1337 5708 1456 5747 eum
1518 5693 1851 5762 imperatore
1911 5695 2286 5766 coniungebat,
2319 5702 2470 5771 isque

896 5784 1163 5838 Theodori
1196 5786 1435 5854 despota:
1457 5785 1618 5838 tiliam
1637 5786 1684 5839 ei
1710 5785 1934 5838 dederat
1958 5787 2010 5839 in
2038 5791 2465 5858 matrimonium,

897 5876 1014 5931 dics
1047 5877 1246 5935 aliquot
1300 5878 1355 5930 in
1397 5876 1526 5932 urbe
1584 5885 1966 5939 commoratus.
2027 5887 2214 5936 contra
2265 5882 2465 5942 Moseni

2585 4691 2879 4762 Imperator
2903 4698 3076 4747 denuo
3107 4697 3425 4765 excogitatis
3457 4698 3685 4762 artibus,
3711 4699 3908 4768 quibus
3934 4717 4177 4768 prorsus

2585 4783 2892 4838 devinceret
2951 4780 3174 4848 Mosem,
3202 4788 3385 4842 missis
3409 4789 3461 4841 in
3485 4789 3666 4843 Asiam
3698 4791 3912 4859 legatis.
3949 4791 4178 4849 Orcha-

2584 4893 2728 4940 uem,
2760 4875 3077 4932 Musuluiani
3103 4877 3290 4945 filium,
3310 4881 3590 4935 arcessivit
3613 4892 3661 4935 et
3686 4885 3737 4936 in
3757 4884 3970 4951 Europa
4000 4889 4182 4941 domi—

2585 4985 2708 5021 num
2728 4971 3034 5036 constituit,
3051 4982 3105 5025 at.
3124 4972 3334 5025 collatis
3353 4973 3540 5041 signis,
3561 4975 3838 5028 succubuit
3857 4975 4176 5037 Orclianes.

2583 5074 2610 5111 a
2632 5060 2766 5113 duce
2795 5078 2894 5114 suo
2913 5071 2964 5112 et
2986 5063 3241 5128 primario
3269 5066 3448 5118 veziro
3475 5064 3692 5118 Sabane
3729 5067 4006 5133 proditth.
4037 5073 4179 5137 Cap-

2584 5162 2691 5205 tum
2724 5148 2898 5208 Moses
2926 5164 3152 5221 patruus
3183 5155 3355 5209 oculis
3405 5156 3655 5222 privavit.
3694 5157 4035 5215 Meliemetes
4081 5181 4176 5218 au»

2584 5253 2714 5309 tem,
2747 5246 2887 5298 filius
2918 5245 3185 5314 Bajazelis
3219 5257 3345 5301 natu
3378 5248 3654 5312 minimus,
3712 5248 3945 5303 fratrum
3986 5259 4173 5309 omni-

2582 5352 2669 5388 um
2703 5345 2865 5401 metu,
2897 5351 3020 5389 cum
3059 5338 3292 5402 quodam
3342 5337 3552 5391 artifice
3594 5341 3843 5390 arcuario
3903 5343 3954 5393 in
3989 5345 4174 5398 Im'tttn

2580 5425 2868 5493 quemdam
2906 5427 3135 5495 aufugit,
3165 5429 3250 5481 ubi
3282 5429 3651 5480 mercenarius
3688 5429 3838 5488 vixit,
3874 5444 3941 5480 ne
3975 5431 4174 5485 fratri-

2581 5518 2681 5572 bus
2749 5522 3133 5573 lunotesceret.
3169 5519 3350 5574 Etate
3385 5519 3545 5586 paulo
3576 5522 3835 5589 grandior
3895 5521 4083 5577 factus
4125 5529 4170 5578 in

2580 5610 2666 5662 vili
2733 5610 2834 5664 hac
2861 5613 3190 5677 conditione,
3223 5626 3390 5680 quum
3437 5626 3616 5664 rerum
3671 5620 3876 5664 statum
3914 5618 4166 5670 conside-

2578 5711 2774 5764 rasset,
2812 5702 2923 5768 ipse
2957 5717 3174 5770 quoque
3208 5702 3434 5757 fortuna;
3461 5715 3520 5757 se
3553 5703 3815 5771 permisit,
3861 5715 3916 5757 et
3951 5708 4026 5759 ad
4063 5707 4164 5760 Ca-

2579 5806 2859 5845 rauianum
2888 5807 3125 5846 amet-aui
3153 5795 3207 5847 in
3241 5793 3636 5864 Cappadociam
3667 5795 4022 5862 confugiens,
4051 5799 4165 5864 ejus

2577 5885 2836 5940 auxilium
2870 5886 3155 5952 implorat:
3190 5891 3363 5945 amice
3386 5891 3453 5944 ab
3484 5903 3548 5945 co
3571 5898 3818 5956 receptus
3841 5899 3896 5943 ct
3923 5891 4162 5946 instrue
