4526 6514
341 449 452 512 709

1419 442 1863 505 CHRONICON
1906 444 2173 509 MAJUS.
2202 471 2273 482 --
2313 445 2456 512 LIB.
2508 450 2549 509 ῐ.

3485 454 3593 522 710

346 567 457 623 Καὶ
484 568 511 620 ό
544 566 767 635 ἀμηράς
798 564 1137 633 Καραμάνος
1191 562 1483 630 δεξάμενος
1527 561 1690 615 αὐτὸν
1747 562 1917 629 ήδέως
1951 563 1994 619 Δ
2024 561 2231 627 ἐδίωξε,
2262 562 2363 634 τὴν
2387 564 2656 619 Γαλατίαν
2688 566 3089 621 Καππαδοκίαν
3124 585 3181 621 τε
3232 569 3326 622 καὶ
3387 570 3592 625 Πόντον

346 660 441 713 καὶ
467 662 629 727 χεῖρα
657 657 835 718 δώσεις
867 655 1090 725 ἐξῆλθεν
1113 648 1269 717 οὗτος
1324 657 1466 707 κατὰ
1509 652 1605 705 τοῦ
1655 652 1912 704 αὑταδέλ-

344 768 450 830 φου
480 750 674 817 Μωσῆ.
720 747 953 818 Πρώτης
984 749 1078 801 καὶ
1105 748 1365 816 δευτέρας
1402 748 1580 815 μάχης
1612 742 1911 812 γενομένης

340 844 371 896 ὁ
402 842 495 896 τοῦ
533 842 708 910 Μωσῆ
738 842 967 910 στρατδς
1008 841 1342 910 ὐπερίσχυσε
1389 840 1483 891 καὶ
1536 841 1563 890 ὁ
1622 836 1912 904 Μεεμέτης

342 935 482 989 καὶὸ
506 933 737 1004 στρατὸς
779 932 946 986 αὐτοῦ
996 931 1517 1000 διεσκορπίσθησαν.
1584 929 1679 981 Ἐκ
1726 928 1910 995 τρίτου

341 1024 399 1078 δὲ
424 1024 523 1095 τὴν
546 1023 717 1096 τύχην
737 1024 1097 1092 λογισάμενος
1139 1023 1456 1092 δοκιμάσαι,
1513 1020 1651 1091 πρὸς
1686 1022 1780 1073 τὸν
1812 1020 1911 1088 τῆς

346 1115 574 1185 Σερδῐας
601 1122 696 1169 καὶ
728 1115 1070 1184 Βουλγαρίας
1104 1114 1370 1182 αὐθέντην
1397 1112 1493 1167 καὶ
1525 1114 1661 1181 πρὸς
1701 1112 1790 1166 τὸν
1822 1110 1912 1178 βα-

346 1208 507 1262 σιλέα
564 1207 736 1261 ἒλθὼν
794 1207 1050 1276 βοήθειαν
1107 1207 1330 1276 αἰτῆσαι
1396 1205 1529 1275 παρ’
1574 1205 1775 1269 αὐτῶν,
1819 1205 1912 1257 καὶ

340 1298 611 1362 δὼσαντες
640 1298 789 1367 αὐτῷ
830 1301 987 1368 χεῖρα
1022 1299 1216 1367 ἱκανὴν
1269 1299 1363 1351 καὶ
1408 1297 1640 1368 στρατὸν
1692 1296 1912 1366 ἐξῆλθεν

338 1390 500 1453 αὖθις
556 1392 696 1444 κατά
736 1392 827 1444 τοῦ
879 1392 1054 1455 Μωσῆ
1090 1409 1103 1422 ·
1150 1392 1241 1444 καὶ
1301 1391 1479 1461 μάχης
1533 1390 1831 1459 γενομένης
1885 1391 1912 1441 ὁ

338 1484 631 1551 Μεεμέτης
675 1484 960 1552 ἀπατήσας
1006 1486 1144 1551 μετὰ
1188 1485 1487 1553 χρημάτων
1533 1482 1759 1543 πολλοῦς
1802 1479 1912 1542 τῶν

338 1576 595 1646 πρώτων
631 1576 976 1644 στρατηγοὺς
1022 1575 1119 1629 καὶ
1173 1576 1514 1644 κυϐερνήτας
1565 1573 1658 1626 τοῦ
1715 1574 1909 1639 Μωσῆ,

337 1670 572 1735 ἀφέντες
596 1669 760 1721 αὐτὸν
796 1668 995 1736 ἔφυγον
1024 1667 1161 1736 πρὸς
1217 1666 1307 1720 τὸν
1359 1664 1667 1733 Μεεμέτην.
1738 1662 1797 1717 Ὀ
1856 1663 1911 1716 δδ

335 1761 548 1829 Μωσῆς
579 1760 702 1813 ίδὼν
726 1762 821 1814 καὶ
852 1759 1011 1821 αὐτὸς
1040 1759 1122 1821 είς
1171 1759 1349 1827 φυγὴν
1402 1758 1615 1825 ἐτράπη
1680 1758 1768 1808 καὶ
1822 1758 1910 1808 ἑλ-

340 1850 457 1904 θὼν
484 1852 542 1903 ἔν
589 1869 699 1904 τινι
737 1850 889 1920 τόπῳ
949 1849 1143 1904 ὑλώδει
1206 1848 1455 1917 ὲκρύδηο
1505 1847 1562 1900 δν
1609 1847 1782 1916 εὑρών
1828 1865 1911 1909 τις

342 1944 654 2012 στρατηγὸς
686 1943 779 1996 τοῦ
815 1943 1075 2013 Μεεμέτη
1116 1945 1236 1995 ἐκεῖ
1286 1942 1547 2007 ἀπέπνιξε
1615 1940 1909 2010 προστάξει

334 2036 438 2089 τοῦ
464 2035 728 2089 αὐθέντου
758 2035 945 2091 αὐτοῦ.
989 2036 1222 2102 Ἐστάθη
1249 2033 1344 2088 οὖν
1391 2036 1423 2102 ή
1478 2034 1617 2102 αὑτὴ
1663 2033 1911 2102 βασιλεία

338 2128 729 2182 κινδυνεύουσα
773 2129 861 2183 διά
915 2129 1014 2189 τάς
1069 2129 1337 2198 διχονοίας
1378 2127 1477 2191 τάς
1536 2127 1595 2178 ἰν
1661 2126 1909 2195 ἀλλήλοις

335 2222 457 2283 τοῖς
486 2223 779 2291 τέσσαρσιν
817 2221 1068 2290 ἀδελφοῖς
1106 2220 1201 2288 ἔτη
1255 2220 1384 2291 τρία
1443 2220 1535 2272 καὶ
1573 2222 1744 2289 μῆνας
1794 2217 1909 2283 δύο,

337 2313 637 2382 Μεεμέτης
664 2312 720 2365 δὲ
747 2313 1023 2385 ἐγκρατὴς
1052 2313 1233 2382 πάσης
1263 2312 1363 2381 τῆς
1394 2310 1569 2380 ἀρχῆς
1606 2311 1698 2363 καὶ
1758 2312 1914 2379 βασι·-

336 2405 495 2467 λείας
526 2406 622 2475 τῆς
658 2405 772 2475 89
801 2403 1080 2473 πατρικῆς
1115 2404 1251 2473 μετὰ
1298 2402 1570 2456 τοσούτων
1601 2401 1786 2455 κόπων
1818 2400 1912 2454 καὶ

336 2496 560 2547 ὀδυνῶν
588 2494 812 2559 γέγονεν
848 2494 907 2547 ἔν
931 2494 1043 2545 ἔτει
1070 2493 1210 2559 ςῇζς
1239 2490 1568 2551 ίνδικτιῶνος
1592 2488 1659 2557 γ’.

413 2583 481 2638 λ’.
512 2584 729 2652 Πρῶτον
762 2582 859 2650 μὶν
883 2582 1044 2650 ἔργον
1080 2582 1219 2650 μετά
1264 2581 1324 2631 ab
1346 2580 1534 2632 λαϐεῖν
1583 2578 1680 2646 τὴν
1736 2578 1911 2647 ἀρχὴν

336 2675 567 2743 ἐποίησε
634 2673 813 2729 τοῦτο.
867 2674 950 2725 Τά
1008 2671 1137 2740 τέλη
1193 2671 1295 2739 τῆς
1356 2669 1765 2738 Μολδοϐλαχίας
1819 2669 1911 2721 καὶ

337 2766 720 2833 Μπογδανίας,
743 2767 866 2819 ὅσον
900 2759 967 2835 ἦν
999 2763 1243 2826 δυνατὸν,
1277 2763 1531 2833 ἐϐάρυνε,
1584 2764 1677 2813 καὶ
1732 2762 1910 2812 πᾶσαν

338 2858 535 2927 χώραν
569 2858 663 2911 καὶ
697 2858 861 2910 τόπον
920 2858 978 2909 ἐν
1027 2859 1094 2927 τῇ
1152 2855 1308 2924 Ἀσίᾳ
1362 2856 1419 2906 ὲν
1472 2848 1553 2917 οἷς
1597 2838 1661 2906 Δοί
1710 2852 1912 2904 Σκύθαι

340 2949 590 3013 ἐγίνοντο
614 2948 898 3015 ἐγκρατεῖς
932 2945 1066 3014 μετὰ
1100 2944 1200 3013 τὴν
1229 2942 1609 3011 αἰχμαλωσίαν
1660 2940 1755 2993 τοῦ
1807 2957 1913 2994 πα-

340 3039 496 3103 τρδς,
534 3038 692 3092 πάλιν
724 3037 839 3104 μετ’
865 3035 1049 3102 ὀλίγον
1091 3035 1180 3101 ὑφ’
1207 3034 1395 3085 ἑαυτὸν
1449 3031 1856 3097 ἀπεκατέστησε
1895 3047 1909 3061 ·

340 3133 443 3183 καὶ
485 3133 610 3192 τοὺς
645 3130 953 3197 ὁμοφύλους
980 3130 1071 3180 καὶ
1102 3127 1428 3195 ὀμοπίστους
1473 3126 1733 3186 αὐθέντας
1764 3123 1858 3185 οὓς
1884 3124 1912 3175 ὁ

2018 654 2111 707 καὶ
2144 654 2244 707 ὅσα
2271 656 2372 725 τῆς
2400 656 2608 711 άνωθεν
2650 658 2837 719 Ἀσίας
2869 659 3149 729 ἐκέρδησε.
3199 658 3304 713 Τὸν
3370 660 3592 728 Ἰσμαὲλ

2016 746 2241 814 άμηρᾶν
2265 746 2360 800 τοῦ
2405 746 2680 800 Σινωπίου
2738 748 2975 817 ὑποτελῆ
3034 751 3277 820 ἐποίησε,
3331 752 3426 805 καὶ
3482 752 3594 803 ἀπὸ

2014 838 2216 897 Λυδίας
2258 839 2361 902 ἕως
2396 839 2637 899 Αίολίδος
2700 842 2793 894 καὶ
2851 843 2982 912 ἄχρι
3026 844 3243 902 Μυσίας
3300 845 3398 913 τῆς
3455 846 3592 913 τρλς

2016 929 2110 982 τὸν
2173 928 2573 1000 Ἑλλήσποντον
2627 932 2814 1000 κύριος
2867 934 3104 1003 ἐγένετο,
3170 936 3263 987 καὶ
3316 936 3449 1001 μετά
3496 938 3593 1001 τῆς

2018 1020 2311 1089 γερουσίας
2330 1022 2438 1075 τῶν
2483 1022 2719 1076 Ἐνετῶν
2771 1026 2947 1094 μάχην
2979 1026 3234 1095 ποιήσας.
3283 1026 3343 1079 ⁸0
3369 1026 3460 1079 οὖν
3482 1028 3592 1079 τῶν

2026 1110 2260 1164 Ἐνετῶν
2292 1113 2477 1175 στόλος
2507 1109 2656 1183 εἶχεν
2682 1116 2963 1185 ναυάρχην
2985 1118 3076 1169 τὸν
3102 1118 3311 1188 Πέτρον
3336 1118 3544 1188 Λορδᾶν
3569 1135 3585 1150 ·

2018 1203 2113 1255 καὶ
2144 1202 2311 1271 άμφω
2338 1205 2387 1256 οἱ
2412 1204 2590 1257 στόλοι
2616 1206 3062 1274 συναντηθέντες,
3099 1207 3242 1275 λέγω
3275 1207 3382 1261 τῶν
3442 1206 3594 1261 Ἑνε-

2016 1294 2123 1346 τῶν
2154 1296 2245 1348 καὶ
2266 1295 2361 1349 τοῦ
2386 1296 2597 1366 άμηρᾶ,
2624 1298 2900 1366 ἀναμέσον
2922 1300 3293 1367 Προικονήσου
3316 1301 3409 1353 καὶ
3443 1300 3591 1355 Καλ-

2016 1388 2363 1451 λιουπόλεως,
2396 1389 2490 1442 καὶ
2520 1387 2825 1458 ναυμαχίας
2863 1391 3165 1459 γενομένης
3193 1390 3387 1443 πολλαὶ
3433 1394 3589 1460 τριή-

2017 1498 2132 1551 ρεις
2162 1482 2257 1533 καὶ
2288 1482 2411 1543 νῆες
2445 1481 2555 1533 τῶν
2581 1481 2841 1548 Τούρκων
2869 1484 3371 1551 κατεποντίσθησαν
3399 1500 3411 1512 ·
3452 1484 3590 1549 μετά

2014 1573 2071 1624 δὲ
2108 1572 2281 1625 ταῦτα
2303 1573 2525 1641 ἀγάπην
2554 1573 2840 1641 ἐποίησαν.
2881 1574 3097 1639 Ἦγάπα
3135 1575 3190 1627 δὲ
3221 1577 3311 1628 τὶν
3364 1576 3588 1640 βασιλέα

2015 1662 2121 1729 κὺρ
2174 1662 2430 1727 Μανουὴλ
2457 1658 2608 1725 οὗτος
2631 1663 2658 1714 ὁ
2691 1664 2911 1734 άμηρᾶς
2939 1664 3033 1717 καὶ
3066 1666 3191 1727 τοὺς
3226 1667 3443 1735 ἑτέρους
3492 1667 3586 1717 αύ-

2017 1755 2207 1817 θέντας
2232 1755 2596 1821 Χριστιανοὺς
2616 1756 2745 1818 τοὺς
2798 1757 2963 1823 ἐγγὺς
3002 1757 3112 1810 τῶν
3151 1760 3315 1826 ὁρίων
3368 1758 3533 1811 αὑτοῦ
3570 1774 3582 1785 ⁸

2017 1847 2109 1897 καὶ
2174 1847 2231 1896 ἐν
2276 1846 2351 1914 τῷ
2418 1847 2634 1914 μέλλειν
2686 1847 2848 1900 αὐτὸν
2896 1848 3156 1917 τελευτᾷν
3204 1851 3313 1919 90
3360 1850 3434 1918 τῷ
3485 1852 3590 1919 υίῷ

1946 1910 1984 1963 Β
2025 1910 2337 2008 Ἀμουράτη
2363 1910 2733 2007 παρήγγειλεν
2764 1938 2832 1991 ἵν’
2867 1940 3058 2008 ἔσηται
3100 1910 3374 2007 ιρίὶιξζιαὶ
3399 1910 3586 2009 βοηθὸς

2010 2032 2087 2100 τῷ
2141 2030 2352 2100 βασιλεῖ
2410 2031 2518 2099 κὺρ
2570 2031 2848 2098 Μανουήλ.
2904 2025 3071 2095 Οὗτος
3136 2033 3355 2101 πρῶτος
3412 2035 3466 2084 ὲν
3517 2036 3582 2103 τῇ

2024 2121 2463 2191 Ἀδριανουπόλει
2496 2123 2593 2192 τὴν
2630 2122 2898 2191 καθέδραν
2943 2125 3222 2193 ἐποίησεν,
3263 2125 3332 2195 ἢν
3384 2125 3433 2176 oi
3480 2124 3585 2191 πρὸ

2013 2214 2180 2267 αὐτοῦ
2200 2215 2258 2265 ἐν
2280 2216 2343 2282 τῇ
2374 2214 2591 2285 Προύσῃ
2621 2210 2788 2283 εἶχον.
2834 2212 3076 2283 Ύπῆρχε
3118 2215 3173 2267 δὲ
3207 2214 3327 2268 λίαν
3361 2215 3585 2284 φιλόδω-

2016 2323 2105 2375 ρος
2127 2307 2219 2359 καὶ
2249 2310 2358 2369 τοῖς
2383 2308 2559 2372 φίλοις
2596 2307 2822 2376 ἀριστος
2855 2323 2869 2337 ·
2898 2308 3096 2375 ὁμοίιος
3123 2307 3178 2358 δὲ
3223 2310 3335 2371 τοῖς
3369 2307 3585 2376 ἐχθροῖς

2012 2398 2123 2475 ἓως
2144 2396 2331 2457 τέλους
2356 2397 2503 2466 ζωῆς
2534 2395 2911 2466 καμηλοειδῶς
2948 2397 3203 2461 διέκειτο,
3230 2400 3323 2450 καὶ
3351 2400 3591 2452 πάντοτε-

2013 2488 2106 2540 νέα
2142 2487 2503 2555 ὲφευρήματα
2535 2488 2628 2539 καὶ
2658 2490 2911 2558 μηχανάς
2948 2489 3215 2557 γυρεύων.
3250 2490 3337 2541 ῐνα
3370 2489 3585 2559 βλάπτῃ

2014 2581 2108 2632 καὶ
2129 2580 2363 2651 ἀφανίζῃ
2396 2581 2522 2643 τοὺς
2552 2581 2740 2641 κακῶς
2787 2580 3164 2649 διακειμένους
3227 2582 3342 2649 μετ’
3392 2582 3583 2638 αὐτοῦ.

2025 2672 2286 2726 Ἀπέθανε
2308 2672 2362 2725 δὲ
2398 2673 2725 2741 βασιλεύσας
2755 2674 2847 2742 ἔτη
2907 2674 3038 2726 δέκα
3077 2676 3169 2727 καὶ
3201 2675 3361 2729 ἑπτά.

2083 2763 2183 2818 λα’.
2231 2764 2615 2827 Ἀποθανόντος
2645 2765 2738 2817 οὖν
2785 2764 2880 2818 τοῦ
2935 2767 3131 2835 ἀμηρά
3184 2766 3437 2836 Μεεμέτη
3496 2767 3589 2820 καὶ

2014 2858 2257 2926 Κυρίτζη
2282 2858 2715 2927 ὀνομαζομένου,
2771 2859 2799 2910 δ
2851 2859 2962 2921 υίὸς
3020 2859 3185 2912 αὐτοῦ
3245 2860 3587 2929 Ἀμουράτης

2015 2948 2188 3001 ἐλθὼν
2230 2948 2328 3017 τὴν
2354 2950 2529 3018 ἀρχὴν
2593 2948 2867 3013 διεδέξατο
2938 2952 2996 3001 ὲν
3040 2950 3150 3002 ἔτει
3203 2950 3407 3021 ,ςῧκδκ
3462 2951 3589 3003 ίνδια

2014 3042 2240 3104 κτιῶνος
2298 3040 2368 3109 η’,
2428 3044 2524 3097 καὶ
2579 3042 2673 3095 τοῦ
2740 3042 3084 3114 φθινοπώρου
3138 3044 3427 3112 ίσταμένου
3486 3044 3587 3095 οὐκ

2012 3133 2259 3202 ἠρέμησε
2283 3134 2368 3185 διὰ
2391 3133 2482 3185 τὸν
2509 3135 2776 3203 χειμῶνα,
2808 3134 2943 3187 ἀλλά
2990 3134 3083 3187 τὸν
3141 3135 3370 3205 στρατὸν
3420 3134 3589 3187 αὐτοῦ

343 3218 533 3286 πατὴρ
591 3218 784 3281 ἐξέωσε
823 3220 923 3285 τῆς
976 3218 1151 3284 ἀρχῆς
1182 3217 1274 3267 καὶ
1310 3217 1339 3269 ὁ
1403 3215 1679 3283 Ντεμίρης
1738 3212 1907 3265 ἐλθὼν
1938 3235 1983 3296 c
2017 3226 2249 3289 συνάξας
2278 3225 2651 3294 ἔρχεταικατὰ
2681 3225 2777 3278 τοῦ
2832 3227 2978 3278 θείου
3038 3226 3200 3279 αὑτοῦ
3259 3228 3583 3293 Μουσταφᾶ,

340 3311 511 3362 πάλιν
539 3310 842 3379 μετέδωκεν
870 3310 1076 3371 αὐτοῖς,
1110 3301 1262 3371 οὗτος
1296 3310 1445 3378 νόμῳ
1471 3307 1705 3376 πολέμου
1759 3305 1912 3369 αὖθις

340 3500 434 3543 tus
470 3488 661 3556 copiis,
697 3486 956 3542 adversus
1013 3486 1211 3543 Mosen:
1247 3487 1465 3541 fratrem
1524 3484 1909 3554 proﬁciscitur.

338 3585 579 3649 Atquee
628 3579 805 3648 primo
858 3578 1076 3644 quidem
1124 3588 1175 3631 et
1228 3579 1462 3632 secundo
1514 3576 1698 3644 praelia
1752 3576 1913 3631 Mosis

342 3672 626 3726 exercitus
693 3670 942 3739 superior
991 3670 1260 3734 discessit,
1320 3668 1641 3722 Mehemctes
1691 3669 1913 3738 ejusque

340 3764 622 3819 exercitus
651 3763 815 3833 fugati
840 3773 996 3828 sunt;
1046 3768 1138 3817 sed
1173 3763 1389 3816 tertium
1450 3761 1718 3815 lortunam
1755 3775 1915 3827 expe-

341 3858 594 3914 riendam
624 3871 746 3911 esse
783 3865 953 3919 ratus,
1003 3856 1296 3925 principem
1334 3854 1535 3909 Servize
1568 3862 1620 3907 et
1652 3852 1913 3922 Bulgaria;

340 3958 398 4003 et
451 3948 835 4017 imperatorem
870 3946 1002 4001 adiit
1031 3959 1328 4014 eorumque
1378 3945 1681 4013 imploravit
1732 3959 1912 4013 opem,

344 4052 517 4108 atque
542 4040 779 4109 acceptis
812 4040 880 4093 ab
927 4038 993 4092 iis
1030 4038 1198 4105 copiis
1238 4038 1470 4103 idoneis,
1506 4039 1681 4090 denuo
1718 4036 1914 4090 adver-

339 4148 443 4189 sus
497 4131 696 4187 Mosen)
734 4130 906 4185 duxit.
969 4130 1160 4185 Prmlio
1192 4129 1344 4195 inito,
1377 4145 1405 4183 ε
1445 4129 1720 4199 primariis
1759 4128 1911 4181 multi

341 4223 517 4277 duces
542 4220 994 4289 centurionesque
1045 4218 1230 4286 Mosis,
1282 4220 1509 4289 pecunia
1555 4233 1584 4273 a
1614 4217 1913 4273 Mehemete

338 4313 613 4383 corrupti,
660 4312 750 4367 illo
784 4310 996 4376 relicto,
1054 4313 1120 4365 ad
1176 4312 1316 4365 hunc
1369 4309 1756 4379 transfugiunt.
1795 4307 1911 4365 Hoc

333 4420 467 4458 Cum
507 4401 975 4457 animadvertisset
1007 4400 1205 4463 Moses,
1241 4401 1293 4456 in
1319 4400 1498 4470 fugam
1528 4410 1581 4456 et
1619 4400 1733 4468 ipse
1775 4414 1911 4454 con-

335 4510 559 4559 versus,
598 4494 652 4548 in
688 4493 807 4548 loco
837 4493 1034 4548 silvosa
1056 4492 1287 4556 delituit,
1318 4493 1412 4547 sed
1442 4509 1470 4546 a
1500 4494 1636 4547 duce
1678 4494 1913 4563 quodam

2014 3320 2106 3371 καὶ
2133 3317 2361 3388 νικήσας
2389 3317 2551 3371 αὐτὸν
2583 3318 2911 3371 ἐθανάτωσε.
2945 3320 3056 3373 Καὶ
3087 3318 3248 3382 εὐθὺς
3283 3321 3423 3389 μετὰ
3482 3320 3587 3390 τὴν

2016 3501 2242 3569 SinOpes
2305 3512 2567 3564 ameram,
2614 3497 2928 3567 vectigalem
2969 3498 3113 3559 fecit,
3150 3507 3201 3552 et
3234 3513 3260 3552 ο
3310 3498 3474 3569 Lydia
3518 3485 3587 3552 ad

2014 3590 2282 3647 Eolidem
2317 3606 2489 3659 usque
2507 3601 2560 3644 et
2586 3589 2832 3660 Mysiam,
2865 3605 2983 3659 quze
3014 3599 3096 3645 est
3127 3592 3179 3644 in
3210 3589 3584 3659 Hellesponto,

2016 3681 2421 3745 dominabatur,
2450 3681 2613 3737 etiam
2660 3697 2783 3736 cum
2817 3682 3041 3740 Venetis
3082 3686 3265 3753 praelia
3305 3685 3579 3741 conﬂicta-

2014 3777 2121 3830 tus,
2157 3782 2383 3836 quorum
2414 3768 2572 3824 classi
2625 3770 2821 3825 Petrus
2865 3769 3080 3827 Lordan
3143 3783 3393 3841 praeerat.
3448 3774 3581 3828 Cum

2015 3860 2191 3915 amba:
2241 3859 2466 3925 classes,
2530 3861 2860 3916 Venetorum
2895 3874 2943 3917 et
2974 3880 3196 3929 ameraa,
3265 3867 3406 3921 inter
3454 3868 3587 3920 Pro-

2016 3967 2310 4008 connesum
2351 3960 2403 4007 et
2437 3951 2773 4022 Calliopolim
2799 3964 2982 4009 essent
3036 3971 3343 4026 congressae
3389 3968 3442 4011 et
3485 3974 3583 4025 pu-

2016 4058 2117 4113 gna
2143 4043 2451 4109 commissa,
2488 4044 2669 4099 multm
2694 4044 2994 4100 Turcarum
3045 4063 3210 4103 naves
3240 4060 3291 4103 et
3335 4050 3588 4106 trirenws

2015 4132 2288 4200 depressae
2337 4138 2487 4185 sunt.
2552 4130 2752 4185 Deinde
2786 4149 2884 4201 pax
2945 4137 3085 4189 inter
3113 4151 3207 4191 eos
3253 4140 3577 4208 composita.

2013 4220 2203 4275 Amice
2231 4220 2319 4275 hic
2341 4234 2559 4275 ameras
2589 4221 3019 4291 amplectebatur
3049 4224 3434 4295 imperatorem
3469 4228 3584 4281 Ma-

2015 4312 2227 4367 nuelem
2263 4319 2317 4367 et
2347 4312 2585 4379 reliquos
2612 4312 2883 4381 principes
2936 4315 3274 4371 Christianos
3320 4318 3421 4372 sibi
3452 4311 3583 4373 vicr-

2014 4417 2132 4470 nos,
2156 4412 2210 4458 et
2240 4404 2593 4458 moribundus
2640 4409 2910 4459 Amurata:
2943 4405 3050 4460 lilio
3112 4410 3411 4472 mandavit,
3444 4420 3497 4461 ut
3538 4412 3583 4455 ie

2013 4510 2226 4566 quoque
2254 4495 2459 4551 amicus
2489 4506 2544 4548 et
2575 4496 2756 4551 socius
2802 4506 2946 4552 esset
2980 4497 3236 4554 Manueli.
3276 4498 3422 4554 Idem
3472 4506 3585 4571 pri-

332 4584 663 4638 Meliemetis
717 4591 981 4651 repertus,
1040 4581 1201 4650 hujus
1254 4580 1407 4649 jussu
1464 4580 1761 4636 sull'ocatus
1809 4590 1913 4636 est.
1944 4568 1991 4624 Ῑ)
2021 4603 2142 4642 mus
2197 4586 2544 4657 Adrianopoli
2576 4591 2757 4642 sedem
2817 4591 3017 4658 regiam
3055 4589 3362 4656 collocavit,
3408 4568 3575 4662 quam

340 4677 579 4729 Versata
650 4675 811 4741 igitur
861 4675 915 4727 in
974 4673 1285 4727 discrimine
1351 4672 1525 4726 fuerat
1600 4671 1761 4740 liujus
1813 4672 1913 4726 im-

337 4768 490 4835 perii
522 4766 674 4820 salus
698 4775 915 4833 propter
951 4764 1241 4819 intestinas
1274 4772 1506 4831 quatuor
1534 4759 1763 4813 fratrum
1795 4760 1912 4812 dis-

332 4857 565 4912 cordias
589 4872 759 4911 annos
789 4867 895 4911 tres
920 4867 972 4910 et
992 4869 1201 4910 menses
1235 4854 1395 4916 duos,
1443 4860 1603 4920 atque
1639 4850 1912 4905 Meheme-

335 4960 427 5003 tes
452 4949 690 5002 universi
713 4948 859 5016 regni
880 4956 930 5001 et
951 4945 1160 5013 imperii
1177 4944 1387 5013 paterni
1409 4959 1527 4997 cum
1545 4944 1707 4996 lautis
1724 4957 1918 4995 :erum-

330 5043 431 5097 nis
460 5050 516 5095 et
546 5040 807 5093 molestiis
824 5039 1019 5106 potitus
1041 5044 1126 5091 est
1163 5051 1304 5090 anno
1329 5034 1493 5098 6907,
1544 5035 1840 5089 indictione
1860 5034 1915 5087 5.

418 5133 518 5185 50.
556 5128 798 5184 Primum
836 5139 962 5197 post
1000 5136 1312 5197 susceptum
1339 5127 1623 5196 imperium
1653 5139 1788 5194 opus
1816 5125 1916 5177 hoc

329 5224 544 5277 edidit.
594 5220 997 5275 Moldoblacbize
1040 5228 1097 5273 et
1152 5218 1436 5285 Bogdania‘.
1494 5218 1699 5270 tributa
1752 5230 1913 5284 quam

330 5321 566 5387 poterat
619 5311 940 5381 gravissima
981 5310 1303 5377 imperabat,
1349 5317 1406 5361 et
1442 5307 1702 5377 quidquid
1740 5309 1915 5376 regio-

329 5421 480 5462 num
520 5405 573 5457 in
604 5404 727 5459 Asia
760 5400 995 5473 Scythae,
1032 5408 1191 5468 capto
1225 5402 1342 5464 ejus
1399 5408 1569 5466 patre,
1612 5412 1915 5466 occupave-

333 5506 495 5559 rant,
528 5495 679 5549 brevi
714 5492 993 5547 intervallo
1024 5492 1247 5559 recepit,
1284 5498 1445 5556 atque
1503 5506 1613 5543 suae
1650 5490 1825 5559 gentis
1853 5504 1918 5545 ac

328 5586 634 5657 religionis
687 5586 959 5655 principes
1000 5599 1117 5644 eos,
1151 5598 1286 5652 quos
1315 5599 1343 5634 ιι
1392 5592 1543 5651 patre
1575 5583 1791 5636 sedibus
1823 5597 1919 5637 ex-

322 5682 535 5748 pulsos
587 5677 830 5731 Demires
861 5661 1194 5738 restituerat,
1258 5675 1325 5728 de
1356 5675 1566 5743 integro
1626 5674 1806 5742 ejecit,
1865 5684 1920 5727 et

322 5770 644 5832 Galatiam,
698 5768 1114 5836 Cappadociam,
1154 5765 1382 5821 Pontum
1430 5774 1703 5832 totamque
1733 5765 1914 5818 Asiam

321 5863 685 5937 superiorem
717 5863 766 5914 in
802 5867 1116 5929 potestatem
1150 5874 1301 5911 suam
1354 5859 1580 5926 redegit,
1615 5857 1914 5922 lsmaclem,

2016 4678 2251 4747 majores
2275 4676 2393 4747 ejus
2420 4676 2601 4732 Prusae
2629 4679 2948 4734 habuerant.
2970 4679 3101 4734 Erat
3132 4682 3574 4739 muniﬁcentissi-

2015 4780 2158 4831 mus,
2189 4775 2243 4819 et
2274 4765 2411 4819 sicut
2442 4766 2495 4819 in
2515 4766 2719 4821 amicos
2758 4768 3187 4831 liberalissimus,
3219 4769 3294 4824 ita
3330 4772 3578 4827 hostibus

2014 4870 2184 4925 usque
2221 4857 2285 4910 ad
2316 4856 2472 4909 linem
2508 4859 2628 4912 vitae
2679 4858 3099 4926 inlensissimus,
3131 4876 3449 4932 semperque
3484 4882 3577 4917 no-

2016 4963 2204 5002 varum
2265 4948 2464 5002 artium
2504 4951 2987 5020 machinarumque
3023 4953 3323 5017 studiosus,
3380 4955 3576 5024 quibus

2016 5042 2156 5098 male
2202 5056 2327 5112 erga
2384 5058 2440 5097 se
2475 5044 2726 5095 animatis
2787 5046 3041 5096 damnum
3080 5054 3240 5113 atque
3292 5046 3573 5101 interitum

2016 5131 2261 5187 allerret.
2284 5132 2527 5187 Mortuus
2551 5141 2632 5187 est
2652 5149 2792 5189 anno
2820 5134 2967 5202 regni
2990 5136 3199 5189 decimo
3221 5139 3473 5205 septimo.

2086 5223 2174 5277 51.
2214 5223 2424 5277 Mortuo
2464 5222 2760 5279 Mehemete
2805 5239 3005 5289 amera,
3042 5227 3132 5292 qui
3163 5229 3580 5295 cognominatur

2017 5313 2286 5383 Cyritzes,
2309 5314 2612 5376 Amurates,
2630 5314 2746 5382 ejus
2769 5315 2930 5381 ﬁlius,
2953 5317 3233 5385 imperium
3266 5320 3575 5387 capessivit,

2017 5418 2162 5457 anno
2210 5402 2369 5469 6924,
2408 5403 2701 5457 indictione
2738 5403 2792 5469 8,
2841 5414 3207 5475 autumnoque
3243 5405 3480 5471 ineunte,
3520 5419 3580 5462 ut

2019 5494 2347 5560 quiesceret,
2383 5493 2618 5546 instante
2648 5492 2819 5546 hieme
2848 5496 3176 5548 commoveri
3201 5510 3305 5549 non
3333 5506 3572 5565 poterat,

2020 5585 2135 5649 sed,
2164 5583 2393 5638 collecto
2411 5586 2674 5649 exercitu,
2707 5593 2956 5652 patruum
2985 5585 3322 5656 Mustapham
3353 5603 3575 5657 aggresv

2020 5690 2113 5729 sus
2139 5685 2241 5740 est,
2276 5676 2581 5744 victumque
2614 5677 2830 5730 occidit.
2864 5678 2939 5731 Ac
2963 5679 3147 5731 statim
3180 5688 3302 5747 post
3318 5666 3434 5731 eam
3466 5680 3579 5733 vic-

2023 5766 2215 5819 toriam
2239 5767 2515 5833 praemisso
2536 5767 2742 5834 Cpolim
2772 5767 3157 5837 Michaelbego,
3189 5770 3303 5837 ipse
3320 5785 3581 5839 superve-

2022 5858 2100 5911 nit
2155 5871 2381 5926 eamque
2437 5864 2624 5914 urbem
2651 5861 2895 5915 obsedit:
2952 5861 3106 5929 cujus
3139 5863 3214 5916 rei
3246 5878 3404 5919 causa
3438 5873 3575 5929 erat,
