4526 6514
857 458 962 519 ’115

2071 454 2399 515 GEORGII
2434 455 2862 516 ΡΙῙΠΛΝΤΖΕ

3980 452 4093 518 ’116

857 592 993 636 σεως
1020 571 1087 624 τά
1113 571 1342 640 φρούρια
1371 569 1598 636 ἀφέντες
1631 568 1694 619 ἐκ
1739 568 1834 635 τῆς
1871 566 2098 628 Ἰταλίας
2130 565 2413 636 ἀνεχώρη-
2445 570 2490 626 Α
2519 570 2847 638 ἀειμνήστου
2901 570 3136 639 μεγάλου
3201 565 3593 628 Ἰουστινιανοῦ,
3625 565 3721 636 οὐχ
3750 565 3891 636 ὑπὲρ
3919 569 4097 635 ἀνάτ-

857 683 957 717 σιν
978 680 991 694 ’
1025 664 1119 715 καὶ
1150 661 1320 723 οὕτως
1342 660 1409 712 τά
1442 661 1498 712 ἑν
1521 662 1584 728 τῇ
1619 657 1900 727 Καλαϐρία
1929 649 2414 724 γεγόνασιν.Ἐ6α-

854 758 1096 810 ιιίλευσεν
1123 753 1179 805 δὲ
1212 752 1309 820 ἔτη
1363 751 1457 803 δύο
1489 751 1586 803 καὶ
1613 750 1930 819 τριάκοντα,
1960 750 2059 801 καὶ
2095 749 2230 802 δέκα
2261 745 2415 816 βασι-

855 846 1000 906 λείας
1033 841 1267 905 ὑπέταξε
1312 839 1408 892 καὶ
1439 839 1723 899 ὲδοὺλωσε.
1783 840 1878 892 καὶ
1905 837 2185 899 διακοσίας
2231 838 2417 898 πόλεις

854 945 922 990 tu
943 937 1050 990 τῶν
1078 934 1419 1006 Χριστιανῶν
1447 931 1628 984 ἔλαϐε.
1661 932 1826 984 Πέντε
1850 931 1906 982 δὲ
1931 931 2271 996 διαλέκτους,
2308 946 2416 998 χω·

856 1031 940 1097 ρὶς
965 1027 1066 1096 τῆς
1105 1025 1294 1088 αὑτοῦ,
1329 1024 1501 1092 ὀρθῶς
1547 1022 1762 1092 ὡμίλει,
1808 1021 2147 1093 Ἑλληνικήν,
2197 1023 2417 1075 Δατινιο

855 1120 976 1188 κήν,
1021 1116 1336 1185 Ἀραϐικὴν,
1378 1114 1688 1181 Χαλδαῖκὴν
1727 1114 1823 1166 καὶ
1845 1113 2145 1182 Περσικήν.
2189 1114 2326 1168 Δίαν
2351 1106 2418 1181 ἦν

855 1211 1276 1279 εὐφραινόμενος
1301 1209 1506 1276 ὁμιλεῖν
1553 1209 1645 1259 καὶ
1670 1207 2019 1273 διαλέγεσθαι
2069 1205 2204 1275 μετὰ
2240 1205 2420 1272 σοφῶν

857 1301 950 1351 καὶ
983 1299 1217 1350 συνετῶν
1247 1298 1454 1367 ἀνδρῶν
1473 1315 1486 1328 ·
1523 1299 1609 1350 διὰ
1640 1297 1798 1349 τοῦτο
1829 1297 2040 1349 καὶτὸν
2069 1298 2420 1366 πατριάρχην

858 1391 964 1457 κὺρ
994 1389 1275 1440 Γεννάδιον
1304 1388 1492 1454 ἠγάπα
1525 1389 1618 1439 καὶ
1669 1389 1866 1458 ἤκουεν
1898 1386 2066 1440 αὑτοῦ
2100 1389 2191 1439 καὶ
2223 1388 2420 1455 συχνά-

861 1501 945 1545 κις
971 1482 1162 1544 ὡμίλει
1193 1481 1362 1548 αὐτῷ.
1391 1481 1582 1546 Ἔλεγε
1635 1481 1690 1531 δὲ
1711 1483 1794 1533 ὅτι
1830 1481 1893 1532 ὲκ
1923 1482 2019 1549 τῆς
2056 1479 2164 1531 τῶν
2203 1479 2420 1547 ἄστρων

861 1574 1128 1642 κινήσεως
1157 1570 1448 1639 ἐγνώριζεν
1483 1572 1564 1623 ὅτι
1618 1571 1855 1639 βασιλεῖς
1885 1570 2111 1640 ἔμελλεν
2151 1570 2419 1634 ὑποτάξαι

863 1665 957 1714 καὶ
987 1662 1214 1724 πολλοὺς
1245 1661 1440 1723 τόπους
1474 1661 1736 1713 δουλῶσαι
1795 1663 1884 1712 καὶ
1912 1661 2082 1724 οὕτως
2117 1662 2350 1729 ἐγένετο.

933 1751 1042 1804 Καὶ
1063 1750 1233 1811 οὕτως
1269 1751 1389 1817 μὲν,
1434 1749 1612 1811 καθὼς
1658 1751 2028 1820 ἱστορήσαμεν
2075 1754 2195 1804 κατ’
2243 1755 2423 1804 ἐπιτο-

869 1841 995 1908 μὴν,
1025 1841 1055 1908 ή
1081 1840 1220 1906 ἀρχὴ
1252 1838 1345 1890 τοῦ
1379 1841 1573 1905 γένους
1606 1839 1700 1890 τοῦ
1736 1842 1926 1909 ἀμηρᾶ
1967 1841 2296 1908 Ὀτθμάνου,
2327 1841 2421 1892 καὶ

2519 662 2754 730 κηςλὸτι
2784 663 2944 722 αὐτὸς
2997 661 3104 729 γὰρ
3154 660 3335 728 σχεδὸν
3363 660 3536 711 εἰπεῖν
3558 660 3648 711 τὸν
3687 657 3893 726 κόσμον
3911 660 4065 712 ἅπαν
4083 689 4094 698 -

2518 773 2585 807 τα
2618 753 2898 820 ὖπέταξι),
2949 752 3084 804 ἀλλὰ
3125 752 3285 820 μόνον
3334 752 3510 816 ιφάνη
3543 749 3692 817 αὺτῷ
3733 749 3933 802 καλόν·
3971 748 4097 799 επεὶ

2519 845 2611 899 καὶ
2637 845 2802 907 ἄλλας
2828 845 3017 914 ἐτέρας
3047 843 3256 900 κτίσεις
3310 842 3403 894 καὶ
3438 839 3728 907 οἰκοδομὰς
3759 838 3965 900 ἐποίει,
3995 840 4096 900 τὴν

2532 938 2816 1005 Ῥωμαίων
2845 935 3019 1005 ἀρχὴν
3054 928 3414 996 καλλωπίζων
3443 973 3456 998 ,
3495 932 3676 997 ἔδοξεν
3728 931 3882 998 αὐτῷ
3929 931 4029 983 καὶ
4059 932 4094 997 ή

2521 1029 2698 1089 κτίσις
2723 1026 2817 1078 τοῦ
2854 1023 3094 1092 Ἰσθμοῦ.
3133 1021 3451 1093 Προστάξας
3499 1021 3722 1086 ἐγένετο
3751 1024 3807 1071 ἐν
3835 1019 3912 1088 τῷ
3943 1020 4099 1087 τόπῳ

2520 1120 2647 1172 ἔνθα
2676 1119 2732 1170 ἐν
2765 1134 2869 1170 τινι
2910 1116 3087 1185 καιρῷ
3126 1117 3224 1167 καὶ
3254 1116 3282 1166 ό
3316 1112 3607 1179 πατρίκιος
3640 1111 3888 1178 Νικήτας
3917 1113 3946 1161 ὁ
3971 1112 4100 1160 ἑπο-

2521 1210 2886 1278 νομαζόμενος
2934 1206 3194 1275 Ὀρειφᾶς
3227 1205 3319 1267 τὰς
3353 1205 3484 1270 νῆας
3514 1204 3678 1270 ήγουν
3702 1202 3800 1264 τὰς
3843 1203 4099 1270 τριήρεις

2519 1301 2626 1370 97
2661 1302 2759 1362 τὰς
2795 1298 3108 1366 Ῥωμαϊκὰς
3160 1295 3250 1349 διὰ
3283 1297 3381 1364 τῆς
3432 1293 3601 1362 ξηρᾶς
3633 1293 3724 1346 τοῦ
3769 1293 3994 1360 Ἰσθμοῦ
4036 1294 4100 1342 έχ

2521 1397 2619 1463 τῆς
2657 1392 2971 1457 Ἐλλαδικῆς
2997 1390 3267 1458 Θαλάττης
3313 1390 3394 1440 είς
3443 1387 3542 1454 τὴν
3567 1385 3792 1453 δοτικὴν
3843 1384 4100 1451 περάσας

2521 1485 2645 1546 τοὺς
2688 1482 2912 1551 Κρῆτας
2950 1480 3282 1548 Ἀγαρηνοὺς
3330 1477 3696 1546 ἑτροπώσατο.
3766 1475 3936 1527 Ἀλλὰ
3977 1474 4100 1534 πῶς

2522 1575 2618 1627 καὶ
2642 1573 2730 1627 διὰ
2759 1573 2811 1626 τί
2843 1573 2904 1624 τὸ
2933 1571 3062 1624 αὐτὸ
3091 1572 3233 1638 μέγα
3267 1561 3633 1638 στρατήγημα
3662 1567 3760 1619 καὶ
3794 1565 3960 1633 ἔργον
4000 1581 4102 1615 πε-

2527 1665 2750 1736 ριφανὲς
2785 1665 2876 1716 καὶ
2913 1663 3061 1726 ἄξιον
3090 1663 3310 1730 μνήμης
3339 1659 3604 1725 ἐγεγόνει,
3635 1658 3736 1709 οὑκ
3763 1655 4101 1722 ἐγκαταλεί-

2522 1760 2626 1828 ψω,
2658 1756 2793 1810 ἀλλὰ
2820 1760 2886 1826 τῇ
2918 1754 3166 1824 ἡμετέρᾳ
3211 1753 3397 1804 ἑνώσω
3440 1751 3714 1817 διηγήσει,
3755 1749 3834 1800 ἔτι
3887 1749 3946 1798 δὲ
4002 1749 4100 1799 καὶ

2526 1851 2640 1914 πῶς
2671 1853 2703 1920 ή
2744 1853 2905 1919 νῆσος
2937 1849 3125 1917 Κρήτη
3171 1848 3271 1899 καὶ
3301 1846 3408 1897 τίνι
3450 1843 3637 1910 τρόπῳ
3671 1842 3775 1893 ὑπὸ
3799 1840 3899 1908 τὴν
3942 1838 4100 1900 ἐξου-

859 1931 968 1982 τῶν
991 1931 1049 1993 ἐξ
1080 1928 1244 1981 αὐτοῦ
1271 1930 1552 1995 ἀπογόνων
1577 1930 1686 1999 96
1715 1933 1840 2001 ἄχρι
1885 1933 1980 1984 καὶ
2031 1931 2124 1984 τοῦ
2161 1931 2415 2001 Μεεμέτη
2451 1912 2496 1972 Β
2528 1912 2648 1995 σία,
2677 1912 3136 2008 ἑῶνλΑταρῆᾁῶζ,
3182 1937 3338 2006 ἔτυχε
3373 1934 3649 2002 γενέσθαι,
3673 1933 3765 1985 καὶ
3791 1926 3950 1992 αὖθις
3981 1929 4098 1989 πῶς

861 2022 1055 2089 dixqu
1101 2021 1158 2073 ἐν
1197 2021 1317 2081 ταῖς
1360 2020 1526 2082 ζωαῖς
1559 2020 1738 2072 αὐτῶν
1786 2021 1964 2089 μάχας
2005 2021 2103 2073 καὶ
2152 2019 2422 2087 πολέμους

863 2112 956 2174 καὶ⁵
985 2113 1140 2172 νίκας
1192 2110 1619 2178 ἐπολιτεὺθησαν
1667 2112 1764 2164 καὶ
1812 2112 2097 2176 ἐποίησαν.
2139 2112 2331 2178 Ἡμεῖς
2367 2110 2422 2162 δὲ

860 2209 956 2275 τῆς
993 2206 1090 2270 τῆς
1120 2203 1362 2272 ἱστορίας
1391 2201 1512 2254 ὁδοῦ
1545 2203 1686 2254 κατά
1717 2202 1871 2268 τάξιν
1919 2201 2074 2265 αὖθις
2103 2200 2422 2272 ἀρξώμεθα.

933 2301 1040 2365 λγθ.
1075 2297 1165 2349 Ἐν
1181 2297 1236 2349 δὲ
1259 2295 1336 2364 τῷ
1369 2294 1575 2363 Ἰουλίῳ
1598 2295 1732 2364 μηνὶ
1759 2294 1855 2348 τοῦ
1877 2297 2066 2364 ,ςῇκσέ
2087 2295 2244 2357 ἔτους
2271 2293 2424 2361 ἐξῆλ-

863 2393 956 2445 θεν
988 2390 1095 2444 άπὸ
1117 2387 1215 2456 τῆς
1239 2387 1446 2448 πόλεως
1471 2386 1500 2437 ὁ
1531 2385 1780 2455 βασιλεὺς
1806 2386 1910 2456 κὺρ
1930 2388 2209 2457 Μανουήλ.
2229 2388 2424 2441 ’Δπελ-

862 2484 969 2537 θὼν
1003 2484 1084 2544 είς
1131 2481 1227 2551 τὴν
1275 2479 1441 2546 νῆσον
1484 2478 1661 2532 Θάσον
1714 2480 1919 2549 ἐπῇρεν
1972 2479 2142 2550 αὐτὴν
2185 2483 2242 2534 ὲν
2292 2483 2424 2548 μηνὶ

863 2573 1224 2643 Σεπτεμδρίῳ
1253 2569 1347 2623 τοῦ
1383 2570 1570 2641 ,ςῇκβν
1620 2571 1811 2632 ἔτους·
1861 2570 1955 2624 καὶ
2006 2567 2159 2632 αὖθις
2213 2571 2422 2623 ἐκεῖθεν

864 2665 1106 2733 ἀπῆλθεν
1138 2665 1218 2720 είς
1266 2663 1363 2731 τὴν
1401 2661 1825 2728 Θεσσαλονίκην,
1877 2657 1996 2714 εἶτα
2020 2663 2118 2724 «είς
2155 2662 2245 2714 τὸν
2295 2663 2424 2715 Μω-

867 2761 1015 2825 ρέαν,
1056 2754 1187 2818 ἔνθα
1212 2752 1531 2821 ᾠκοδόμησε
1564 2752 1625 2801 τὸ
1664 2751 1976 2816 Ἐξαμίλιον
2014 2753 2071 2804 ὲν
2110 2753 2304 2820 ἐκείνῳ
2345 2751 2424 2820 τῷ

865 2847 1016 2914 τόπῳ
1049 2847 1184 2898 ὅπου
1219 2843 1315 2896 καὶ
1353 2845 1411 2895 ἐν
1438 2842 1652 2911 ἑτέροις
1679 2845 1887 2911 καιροῖς
1917 2841 2264 2912 ᾠκοδομήθη,
2295 2844 2424 2896 ὅταν

864 2940 892 2994 ὁ
933 2935 1299 3005 Ἀρταξέρξης
1330 2936 1357 2986 ό
1399 2933 1654 3002 βασιλεὺς
1699 2935 1947 3003 περάσας
1989 2935 2052 2985 ὲκ
2097 2938 2195 3002 τῆς
2238 2934 2426 2995 Ἀσίας

873 3028 1012 3094 μετὰ
1050 3025 1144 3077 τοῦ
1203 3023 1644 3094 μυριαριθμήτου
1697 3024 1904 3075 ἐκείνου
1957 3023 2189 3092 στρατοῦ
2228 3024 2426 3092 ἤρχετο

871 3117 991 3170 κατ’
1020 3115 1221 3169 αὐτῶν.
1280 3111 1412 3169 Εἶτα
1442 3113 1529 3166 διά
1552 3114 1613 3165 τὸ
1655 3114 1862 3182 μάκρος
1890 3114 1983 3166 τοῦ
2013 3113 2204 3183 καιροῦ
2254 3115 2313 3166 τὸ
2358 3114 2425 3166 τὰ

2525 2034 2630 2086 ὑπὸ
2679 2032 2777 2102 τὴν
2825 2031 3074 2098 ίξουσίαν
3115 2028 3403 2098 Ῥωμαίων
3437 2027 3674 2092 ἐγένετο,
3722 2024 3965 2080 καὶπῶς
3993 2021 4099 2071 ὑπ’,

2524 2126 2620 2195 τὴν
2651 2125 2899 2188 ἐξουσίαν
2934 2124 3033 2192 τῆς
3083 2121 3378 2191 γερουσίας
3411 2119 3520 2171 τῶν
3583 2117 3810 2168 Ἐνετῶν
3841 2114 4096 2166 ἐνέπεσε.

2525 2217 2633 2270 Καὶ
2667 2217 2828 2269 πάλιν
2876 2214 2970 2267 τοῦ
3015 2213 3284 2283 ἡμετέρου
3338 2212 3500 2280 ἔργου
3554 2206 3822 2277 ἁψώμεθα
3869 2208 3968 2256 καὶ
4005 2203 4098 2255 τὸν

2525 2307 2692 2361 πλοῦν
2718 2307 2816 2376 τῆς
2846 2306 2973 2368 νέας
3010 2305 3253 2374 ἱστορίας
3290 2304 3628 2372 ποιήσωμεν.

2595 2396 2690 2451 λδ’.
2721 2399 2783 2451 Οί
2811 2397 2906 2450 τοῦ
2946 2397 3258 2466 καταράτου
3288 2395 3534 2462 Μωάμεθ
3571 2393 3825 2459 ἀπόγονοι
3857 2390 4098 2458 διάδοχοι

2523 2504 2584 2538 τε
2611 2485 2704 2538 καὶ
2733 2485 3062 2554 κληρονόμοι
3086 2484 3184 2553 τῆς
3212 2481 3378 2536 αὑτοῦ
3414 2480 3590 2551 ἀρχῆς
3617 2481 3834 2550 πρῶτον
3860 2480 3963 2546 μὲν
3994 2479 4094 2544 τῆς

2524 2579 2631 2631 τῶν
2669 2577 2892 2646 Περσῶν
2913 2576 3087 2645 ἀρχῆς
3125 2576 3411 2643 ἐγκρατεῖς
3439 2573 3722 2640 γενόμενοι
3753 2570 3849 2623 καὶ
3878 2569 4093 2636 Μηδίας

2524 2673 2620 2724 καὶ
2643 2669 2960 2731 Βαϐυλῶνος
2986 2669 3081 2721 καὶ
3121 2666 3424 2736 Ἀσσυρίων
3452 2665 3861 2735 κυριεύσαντες,
3911 2665 4012 2730 ήδη
4036 2662 4091 2713 δὲ

2527 2762 2916 2829 καὶΔίγύπτου
2948 2759 3039 2811 καὶ
3067 2757 3266 2823 Συρίας
3298 2756 3394 2808 καὶ
3427 2755 3720 2824 ’Δσσυρίας
3752 2758 3846 2806 καὶ
3888 2751 4092 2804 ῐῐαλαι⁹

2528 2855 2713 2924 στίνης
2742 2853 2834 2904 καὶ
2855 2849 3059 2917 Λιϐύης
3087 2847 3183 2902 καὶ
3211 2846 3483 2915 ’Δφρικῆς
3509 2848 3602 2899 καὶ
3629 2845 3825 2913 μέρους
3850 2844 3952 2894 οὐκ
3979 2843 4091 2892 diti—

2527 2963 2624 3012 γου
2653 2946 2715 2994 ὲκ
2739 2943 2835 3009 τῆς
2872 2939 3162 3010 Εὐρώπης,
3199 2939 3334 3007 μετὰ
3366 2937 3422 2988 δέ
3469 2953 3590 2988 τινα
3623 2935 3811 3002 καιρὸν
3839 2935 4090 3002 ἀλλήλοις

2531 3035 2941 3096 στασιάσαντες,
2999 3033 3032 3100 ή
3072 3030 3168 3099 μία
3208 3030 3346 3098 αὕτη
3387 3028 3594 3098 μεγάλη
3633 3027 3773 3096 ἀρχή
3804 3028 3886 3088 εἰς
3914 3026 4089 3077 πολλὰ

2527 3124 2868 3194 διεμερίσθη,
2900 3124 2993 3174 καῖ
3019 3121 3180 3176 ἄλλον
3219 3120 3316 3188 μὲν
3344 3120 3588 3189 ἀρχηγὸν
3613 3113 3758 3186 εῖχεν
3796 3117 3830 3185 ή
3861 3117 4087 3183 "epota,

870 3207 1048 3259 πάντα
1078 3207 1320 3274 δαμάζον
1346 3205 1440 3258 καὶ
1463 3204 1864 3272 ἁνεπιμέλητον
1895 3205 2093 3271 άφεθὲν
2123 3206 2384 3275 διεφθάρη
2406 3223 2422 3238 ο
2451 3235 2494 3290 C
2528 3213 2687 3266 ἄλλον
2716 3211 2773 3262 δὲ
2819 3213 2849 3279 ἡ
2894 3208 3173 3270 Βαϐυλὼν,
3209 3208 3397 3275 ἕτερον
3429 3207 3483 3258 δὲ
3519 3206 3588 3257 τὰ
3627 3209 3722 3272 τῆς
3760 3204 3947 3264 Ἀσίας
3979 3205 4090 3255 άνω

869 3301 932 3352 ὲκ
966 3300 1219 3367 δευτέρου
1267 3298 1322 3350 δὲ
1346 3295 1560 3350 κτισθὲν
1601 3291 1670 3368 ἦν
1724 3296 1875 3365 παρὰ
1903 3297 1996 3349 τοῦ
2025 3297 2084 3349 ιν
2113 3296 2424 3366 βασιλεῦσιν
2530 3306 2620 3356 καὶ
2649 3305 2797 3357 κάτω
2830 3302 2971 3372 μέρη
2998 3318 3012 3334 ο
3045 3301 3141 3354 ἕνα
3175 3299 3274 3370 μὲν
3314 3298 3559 3369 ἀρχηγὸν
3597 3292 3743 3366 εἶχεν
3779 3297 3811 3364 ή
3855 3295 4089 3365 Ταρσὸς,

876 3493 975 3530 nos
1007 3476 1145 3528 duos
1180 3485 1234 3527 et
1275 3475 1491 3541 triginta
1525 3491 1538 3538 ;
1569 3474 1854 3542 acquisivit
1885 3483 1938 3528 et
1965 3474 2195 3541 subjecit
2222 3475 2320 3528 sibi
2353 3490 2429 3530 re-

873 3583 972 3635 gtta
1015 3566 1220 3628 decem,
1253 3573 1307 3618 et
1349 3563 1673 3618 Christianis
1707 3564 1864 3619 urbes
1914 3566 2173 3618 ducentas
2207 3566 2424 3633 eripuit.

880 3653 1128 3722 Quinque
1165 3653 1376 3719 linguas
1408 3661 1597 3717 praeter
1630 3667 1780 3705 suam
1811 3655 1974 3722 probe
2011 3662 2249 3716 noverat,
2287 3653 2425 3708 Grae-

873 3758 1018 3809 cam,
1067 3742 1332 3805 Latinam,
1365 3742 1674 3806 Arabicam,
1718 3743 2084 3807 Chaldaicam,
2135 3747 2424 3802 Persicam.

877 3835 933 3887 In
970 3833 1354 3900 congressibus
1395 3843 1448 3887 et
1479 3833 1760 3902 colloquiis
1794 3851 1913 3889 cum
1967 3837 2272 3891 hominibus
2302 3853 2428 3890 eru-

875 3927 1003 3979 ditis
1030 3939 1092 3979 ac
1124 3923 1476 3993 prudentibus
1503 3924 1687 3979 hilaris
1713 3936 1830 3979 erat
1858 3943 1871 3978 :
1901 3939 2066 3995 quare
2097 3928 2254 3981 etiam
2292 3928 2432 3982 Gen-

877 4018 1096 4072 nadium
1128 4014 1489 4084 patriarcham
1525 4015 1780 4085 diligebat
1813 4025 1867 4071 et
1890 4017 2142 4072 audiebat
2177 4019 2432 4089 frequen-

879 4116 1064 4173 terque
1087 4104 1465 4158 conveniebat.
1493 4103 1730 4168 Dicebat,
1767 4106 2024 4161 didicisse
2055 4121 2112 4162 se
2150 4122 2215 4163 ex
2249 4119 2431 4164 astro-

875 4211 994 4250 rum
1019 4194 1486 4256 conversionibus,
1512 4208 1569 4247 se
1592 4208 1744 4264 reges
1765 4204 1818 4248 et
1839 4194 1957 4251 loca
1989 4197 2154 4252 multa
2179 4198 2432 4255 subactu-

874 4302 990 4340 rum
1023 4300 1143 4341 esse
1170 4301 1186 4338 :
1227 4286 1278 4339 id
1309 4283 1454 4353 quod
1484 4299 1612 4339 sane
1633 4285 1834 4340 evenit.

943 4376 1075 4431 Tale
1109 4377 1293 4445 igitur,
1323 4375 1478 4445 quale
1507 4376 1690 4443 paucis
1720 4377 2176 4444 adumbravimus,
2209 4378 2433 4436 Otltma-

874 4470 959 4523 nis
982 4483 1176 4521 amara:
1199 4466 1422 4535 ejusque
1440 4474 1775 4534 posterorum
1799 4481 1969 4534 genus
1988 4484 2157 4537 usque
2177 4473 2240 4523 ad
2260 4472 2432 4526 Mehe-

874 4571 1070 4613 metem
1098 4573 1335 4613 ameram
1373 4557 1494 4622 fuit,
1531 4559 1973 4626 eorumdemque,
2005 4560 2128 4612 dum
2161 4562 2426 4626 vixerunt,

873 4651 973 4705 ista
1007 4652 1166 4715 bella,
1199 4665 1389 4718 pugna:
1421 4657 1475 4702 et
1497 4650 1755 4703 victorias.
1789 4649 1941 4705 Nunc
1967 4653 2032 4704 ad
2068 4652 2428 4721 interruptum

875 4741 1117 4795 historia!
1134 4741 1373 4794 ordinem
1397 4749 1754 4793 revertamur.

942 4831 1031 4882 55,
1094 4827 1278 4880 Mense
1334 4825 1474 4880 Julio
1521 4827 1647 4879 anni
1697 4825 1827 4880 692i
1875 4826 2162 4897 imperator
2223 4832 2430 4888 Manno!

873 4920 1026 4986 Cpoli
1044 4918 1311 4972 discessit.
1335 4916 1571 4970 Thasum
1594 4918 1825 4972 insulam
1849 4919 2140 4986 profectus,
2161 4937 2432 4993 expugna-

875 5014 950 5064 vit
989 5026 1105 5063 eam
1157 5023 1340 5062 mense
1375 5006 1679 5075 Septembri
1733 5009 1856 5061 anni
1883 5009 2020 5064 6922
2050 5027 2064 5074 ;
2097 5011 2216 5065 inde
2249 5029 2430 5066 rursus

872 5098 1310 5153 Thessalonicam
1365 5098 1518 5160 abiit,
1550 5098 1815 5151 deindein
1851 5098 2110 5166 Moream,
2139 5103 2224 5156 ubi
2260 5091 2432 5156 Hexa-

873 5189 1080 5241 milium
1113 5187 1381 5241 exstruxit
1401 5202 1464 5240 eo
1489 5186 1633 5249 loco,
1663 5203 1770 5254 quo
1796 5200 1921 5241 ante
1951 5200 2288 5245 exstructum
2319 5194 2431 5245 t‘ue-

873 5289 976 5345 rat,
1010 5279 1226 5347 quando
1270 5280 1596 5330 Artaxerxes
1629 5293 1721 5330 rex
1758 5293 1875 5328 tum
1909 5279 2117 5332 infinito
2153 5283 2242 5333 illo
2277 5299 2431 5336 exer-

871 5371 980 5423 citu
1035 5384 1098 5421 ex
1145 5369 1269 5420 Asia
1319 5379 1510 5440 contra
1554 5368 1769 5421 Graecos
1801 5370 2030 5438 trajecit.
2068 5373 2280 5437 Postea,
2307 5391 2426 5426 cum

873 5458 1231 5510 diuturnitate
1254 5457 1510 5524 temporis
1538 5458 1715 5509 omnia
1744 5463 2108 5513 consumentis
2137 5472 2190 5514 et
2224 5465 2426 5519 incuria

873 5550 1156 5602 hominum
1188 5549 1483 5616 collapsum
1508 5548 1715 5609 luissvt,
1745 5550 2096 5604 instauratum
2121 5564 2280 5605 erata
2320 5571 2429 5607 ma-

870 5633 1319 5698 gnoJustiniano,
1353 5637 1678 5702 imperatore
1705 5639 2028 5706 sempiterna
2066 5644 2289 5696 colendo
2316 5660 2428 5698 me-

871 5729 1058 5791 moria,
1092 5742 1194 5778 non
1241 5728 1456 5794 quidem
1491 5740 1707 5797 propter
1753 5731 2130 5784 necessitatem
2166 5735 2425 5802 aliquam,

871 5818 1300 5888 quandoquidem
1333 5819 1380 5873 ei
1412 5820 1629 5888 parebat
1662 5821 1807 5875 orbis
1844 5830 2110 5877 terrarum
2139 5840 2276 5894 pene
2306 5829 2424 5881 uni-

2528 3500 2738 3548 versus,
2766 3482 2860 3539 sed
2888 3481 3013 3549 quia
3033 3477 3301 3534 laudabile
3328 3491 3448 3532 esse
3473 3485 3777 3544 susceptum
3805 3475 3853 3530 ei
3879 3473 4095 3528 videbac

2531 3587 2654 3630 tur:
2681 3589 2802 3628 nam
2831 3573 2972 3628 sicut
3003 3571 3107 3625 alia
3139 3569 3386 3638 quadam
3411 3566 3632 3621 aediﬁcia
3665 3565 3956 3628 exstruxit,
3981 3565 4097 3631 qui~

2528 3669 2628 3721 bus
2657 3666 2882 3720 ornabat
2909 3663 3192 3731 imperium
3228 3660 3558 3718 Romanum,
3591 3662 3660 3710 lta
3696 3655 3955 3709 Isthmum
3977 3669 4096 3706 mu-

2530 3759 2647 3811 nire
2678 3755 2850 3809 eidem
2881 3751 3102 3821 placuit.
3126 3749 3347 3803 Factum
3373 3747 3622 3815 estjussu
3642 3746 3760 3813 ejus
3785 3747 3835 3797 in
3860 3758 3924 3797 eo
3951 3744 4091 3804 loco,

2533 3844 2584 3896 in
2638 3857 2747 3911 quo
2805 3841 3075 3911 quondam
3125 3837 3387 3908 patricius
3437 3834 3674 3897 Nieetas,
3723 3843 4095 3904 cognomento

2533 3933 2786 4002 Uriphas.
2817 3945 2985 3984 naves
3012 3931 3125 3984 sive
3180 3928 3428 3982 triremes
3463 3926 3731 3980 Romanas
3765 3940 3860 3993 per
3914 3927 4098 3978 conti-

2533 4032 2746 4077 nentem
2773 4030 2971 4074 terram
2992 4018 3178 4073 Isthmi
3204 4032 3268 4072 ex
3305 4020 3436 4072 mari
3469 4017 3655 4072 Graco
3677 4019 3728 4070 in
3753 4017 4094 4072 occidentale

2533 4111 2696 4166 traxit
2729 4108 2973 4176 fuditque
3025 4109 3303 4175 Agarenos
3333 4106 3641 4160 Cretenses.
3672 4103 3957 4171 Quomodo
3991 4122 4095 4158 au-

2534 4210 2637 4254 tem
2669 4209 2724 4252 et
2764 4213 2929 4266 quare
2968 4200 3064 4251 hoc
3102 4197 3416 4265 praclarum
3464 4204 3785 4262 strategema
3823 4206 3878 4248 et
3913 4211 4102 4264 perpe-

2537 4303 2626 4345 tuo
2655 4290 3028 4345 celebrandum
3067 4288 3276 4342 facinus
3310 4295 3574 4353 patratum
3607 4286 3787 4350 fuerit,
3820 4303 3925 4339 non
3959 4303 4104 4354 prmo

2535 4383 2826 4436 termittam
2872 4382 3070 4444 dicere,
3103 4381 3194 4434 sed
3243 4379 3537 4432 narrationi
3575 4389 3772 4445 nostra
3803 4383 4041 4434 inseram
4083 4399 4098 4445 ;

2537 4473 2665 4526 item
2703 4472 3163 4531 commemorabo,
3197 4485 3303 4538 quo
3333 4482 3492 4536 pacto
3529 4471 3690 4524 Creta
3719 4471 3891 4523 insula
3923 4473 3978 4524 in
4004 4489 4102 4539 po-

2539 4571 2783 4615 testatem
2811 4560 3182 4630 Agarenorum
3207 4562 3502 4623 venerit,et
3524 4574 3732 4618 rursus.
3757 4575 3862 4627 qua
3887 4565 4102 4617 ratione

2535 4653 2600 4703 ad
2635 4651 2906 4705 Romanos
2956 4649 3198 4712 redierit,
3245 4662 3299 4702 et
3331 4648 3547 4702 tandem
3605 4649 3706 4704 sub
3767 4651 4099 4704 Venetorum

2534 4745 2790 4796 ditionem
2839 4741 3169 4795 concesserit
3203 4759 3216 4793 :
3251 4750 3360 4793 tum
3411 4741 3645 4808 denique
3675 4741 3741 4794 ad
3785 4742 4102 4798 institutum

2535 4834 2832 4886 redibiinns
2862 4843 2914 4886 et
2945 4832 3264 4886 reccntioris
3289 4831 3529 4884 historiae
3554 4832 3697 4885 tilum
3726 4846 4101 4901 pertexemns.

2602 4923 2689 4976 δι.
2720 4922 3043 4976 Exsecrandi
3081 4921 3399 4975 Mohametis
3439 4925 3638 4987 posteri
3673 4932 3728 4976 et
3751 4937 4105 4979 successores

2533 5025 2581 5064 et
2611 5014 2814 5080 imperii
2856 5011 2975 5080 ejus
3011 5013 3272 5074 heredes,
3308 5012 3542 5079 primum
3594 5011 3881 5066 Persarum
3928 5030 4102 5084 regno

2534 5114 2694 5169 atque
2741 5103 2935 5166 Media,
2984 5102 3274 5172 Babylonia
3307 5113 3361 5156 et
3399 5103 3623 5171 Assyria
3673 5102 3849 5171 potiti,
3896 5108 4103 5160 deinde

2533 5201 2692 5249 cliam
2748 5194 3061 5264 Egyptnm,
3096 5194 3333 5264 Syriam,
3391 5195 3690 5263 Assyriam,
3725 5193 4101 5262 Palaestinam,

2535 5289 2777 5357 Libyam,
2807 5288 3043 5340 Africam
3070 5296 3122 5339 et
3162 5287 3390 5355 Enropre
3447 5289 3693 5355 regiones
3747 5302 3853 5341 non
3889 5304 4102 5355 paucas

2532 5380 2824 5443 consecuti,
2871 5378 3149 5445 aliquanto
3201 5386 3321 5445 post
3349 5377 3628 5432 discordes
3680 5378 3819 5431 inter
3862 5393 3922 5432 se
3971 5380 4102 5433 [ai-ti

2532 5478 2674 5532 sunt,
2698 5468 2836 5520 unde
2867 5483 3032 5520 unum
3065 5467 3192 5521 illud
3223 5484 3474 5537 magnum
3519 5468 3800 5535 imperium
3831 5469 3883 5521 in
3929 5471 4102 5523 multa

2535 5573 2693 5627 regna
2726 5559 2954 5611 divisum
2979 5566 3082 5622 est,
3118 5568 3172 5611 et
3206 5558 3371 5610 alium
3409 5560 3701 5627 principem
3729 5560 3907 5612 Persis
3929 5575 4097 5615 nacua

2529 5661 2631 5715 est,
2662 5652 2826 5705 alium
2859 5651 3075 5720 Babylo.
3125 5652 3288 5704 alium
3329 5652 3577 5720 superior
3605 5662 3659 5705 et
3689 5651 3909 5706 inferior
3937 5655 4094 5716 Asia,

2531 5743 2690 5795 alium
2726 5742 2948 5804 Tarsus,
2989 5742 3150 5795 alium
3185 5743 3380 5813 Tyrus,
3422 5747 3586 5799 alium
3621 5745 3882 5805 Iconium,
3924 5747 4092 5797 alium

2532 5833 2716 5890 multis
2768 5833 2856 5888 illa
2886 5841 2938 5888 et
2971 5835 3244 5902 praeclaris
3275 5839 3436 5892 rebus
3483 5837 3766 5892 abundans
3813 5834 4067 5888 Meliteue
