4526 6514
272 495 384 562 717

1335 487 1786 554 CHRONICON
1822 483 2067 544 MAJUS
2138 507 2192 516 ’-
2251 483 2399 542 LII}.
2450 483 2499 540 Ι.

3411 460 3517 534 718

262 609 460 680 ἕτερον
481 608 536 661 δέ
566 608 601 680 ή
647 608 845 678 Τύρος,
883 608 1042 664 ἄλλον
1093 609 1153 662 τὸ
1195 607 1418 662 Ίκόνιον
1459 607 1554 658 καὶ
1580 603 1770 672 ἕτερον
1802 601 1835 668 ή
1869 603 1912 658 Α
1942 597 2185 660 εὔϐοτος.
2223 616 2239 647 ι
2301 596 2411 650 Καὶ
2459 594 2612 648 οὐδὲν
2651 591 2811 646 πλέον
2845 591 2949 660 ἔφη
2980 589 3189 652 αὐτοῖς,
3232 589 3324 641 καὶ
3377 586 3520 639 οὕτω

264 703 545 772 Μελιτηνή
573 705 604 770 ή
642 703 710 755 τά
744 702 915 755 πολλά
944 701 1083 757 καλά
1117 703 1212 755 καὶ
1242 701 1423 768 ἀγαθά
1445 698 1643 768 ῥέουσα
1668 712 1680 725 ·
1715 694 1834 746 ἓτε·

269 809 366 859 ρον
403 793 460 845 δέ
504 794 567 848 τὸ
589 794 797 849 Χαλέπι.
823 790 971 864 εἶχεν
1018 794 1112 850 καὶ
1145 792 1258 862 98
1287 790 1445 846 ἀλλον
1476 790 1508 858 ή
1541 784 1834 855 Δαμασκδς

263 884 366 936 καὶ
402 883 590 954 ἐτερον
615 887 650 955 ή
678 887 958 952 Αῐγυωτος
1013 870 1110 941 κᾶιὶ
1153 885 1314 941 ἄλλον
1345 883 1379 952 ἡ
1419 879 1622 949 Λιδῦηο
1673 879 1765 930 καὶ
1802 878 1835 945 ἡ

277 973 514 1044 Ἀφρικὴ
545 977 751 1043 ἐτερον,
775 975 869 1030 καλ
889 975 1076 1044 ἕτερον
1110 975 1170 1028 ἐν
1198 975 1268 1044 τῇ
1296 971 1538 1042 Εὐρώπῃ
1562 971 1595 1038 ή
1625 967 1836 1036 ἰϐηρία

266 1059 438 1131 εἶχεν,
468 1067 502 1134 ή
531 1064 749 1132 λέγεται
812 1065 1085 1119 Ἱσπανία.
1142 1065 1253 1118 Καὶ
1283 1063 1422 1131 πρὸς
1480 1060 1742 1128 ἀλλήλους
1785 1057 1836 1110 oi.

267 1149 613 1222 γειτνιῶντες
664 1155 787 1210 καθ’
819 1156 1060 1225 ἐκάστην
1091 1154 1357 1224 διαφορὰς
1390 1147 1537 1223 εἶχον
1564 1149 1839 1220 ἀναμέσον

268 1245 454 1298 αὐτῶν
475 1246 750 1314 enen-ivi:
780 1246 878 1300 καὶ
909 1247 1198 1317 ἐμάχοντο.
1239 1245 1306 1301 Οἱ
1337 1245 1394 1299 δέ
1426 1246 1524 1315 τήν
1556 1241 1840 1297 Ἱσπανίαν

266 1337 546 1398 οἰκοῦντες
595 1339 891 1408 Ἀγαρηνοὶ
932 1340 1014 1401 είς
1054 1337 1510 1408 πολυανθρωπίαν
1567 1335 1838 1398 ἐλθόντες,

267 1424 370 1476 καὶ
393 1426 461 1494 ἢν
491 1428 802 1496 ἐκατῴκουν
824 1427 930 1497 γῆν
953 1427 1166 1494 λυπράν
1195 1427 1291 1483 καὶ
1313 1424 1556 1496 μετρίως
1589 1423 1842 1493 εὐδαίμο-

267 1533 340 1571 να
371 1517 602 1585 ὀρῶντες
637 1519 734 1570 καὶ
762 1518 852 1572 διά
886 1517 1045 1570 τοῦτο
1077 1519 1300 1586 τρέφειν
1351 1517 1548 1578 αὐτοὺς
1579 1514 1654 1585 μὴ
1675 1514 1836 1566 δυναο

271 1608 462 1677 μένην,
498 1609 805 1678 προσῆλθον
825 1608 903 1679 τῷ
924 1609 1147 1679 ἄρχοντι
1173 1608 1356 1662 αὑτῶν
1391 1606 1642 1676 ’Λποχάψ
1666 1607 1839 1675 ἀμερ-

271 1702 446 1769 μουνῇ
477 1702 570 1753 καὶ
621 1701 1022 1770 μετανάστασιν
1055 1700 1300 1770 ἀπῄτουν
1328 1698 1586 1768 γενέσθαι
1634 1700 1837 1760 αὐτοῖς.

269 1794 443 1846 πολλὰ
471 1793 962 1864 στενοχωρούμενοι
989 1793 1258 1861 λέγοντες,
1285 1792 1510 1846 καὶτῶν
1531 1793 1838 1859 ἀναγκαίων

267 1886 586 1948 ἐσπάνιζον.
635 1887 696 1938 Ὀ
721 1887 779 1940 δὲ
808 1887 946 1955 μετά
982 1887 1158 1955 χαρᾶς
1200 1885 1292 1938 τὸν
1322 1885 1481 1953 λόγον
1521 1885 1834 1953 δεξάμενος,

1935 692 2026 744 τδν
2055 690 2245 743 στόλον
2273 688 2564 760 ἐμπλήσας
2595 685 2794 749 παντὸς
2826 683 3032 753 ἀγαθοῦ
3057 682 3194 752 πρὸς
3216 680 3518 750 τὴνἸσπα-

1936 784 2054 836 νίαν
2076 780 2499 851 ἐπανέστρεψεν.
2535 780 2625 841 Ὠς
2653 780 2711 832 δέ
2757 780 2785 831 ὀ
2822 775 3034 847 χειμὼν
3056 774 3305 844 παρῆλθε
3336 774 3431 826 καὶ
3458 771 3518 822 τὸ

1936 875 2037 943 ἔαρ
2071 871 2379 942 ἐπέλαμψε,
2419 870 2836 943 τεσσαράκοντα
2885 868 3024 936 νῆας
3080 864 3372 933 πληρώσας
3424 864 3520 918 ἀν-

1936 937 2080 1034 δρών
2108 937 2363 1035 μαχίμων
2395 963 2488 1017 καὶ
2513 937 2717 1032 ίνεμον
2749 960 3058 1032 ἐπιτήδειον
3097 958 3343 1028 τηρήσας
3376 955 3518 1024 πρὸς

1938 1058 2166 1133 Κρήτην
2198 1057 2289 1110 τὸν
2318 1054 2487 1109 πλοῦν
2537 1056 2783 1124 ἐποίησε,
2831 1053 2929 1118 τάς
2977 1051 3145 1114 ἀλλας
3199 1051 3308 1103 τῶν
3336 1049 3519 1118 νήσων

1942 1148 2322 1218 παρατρέχων.
2370 1146 2587 1210 Φθάσας
2617 1146 2675 1200 δέ
2703 1147 2760 1198 ἐν
2804 1147 2872 1216 τῇ
2900 1145 3050 1215 νήσῳ
3079 1145 3138 1197 ἐν
3185 1140 3521 1213 ἀκρωτηρίῳ

1937 1240 2016 1310 τῷ
2044 1239 2322 1312 λεγομένῳ
2352 1238 2571 1311 Χάρακι
2593 1238 3050 1310 προσορμίζεται,
3083 1237 3176 1291 καὶ
3201 1235 3354 1288 οὑδέν
3393 1233 3518 1287 οὔτε

1938 1335 2078 1386 κατὰ
2097 1334 2196 1403 τήν
2220 1333 2493 1387 ἀπόϐασιν
2522 1332 2647 1386 οὔτε
2675 1331 2819 1386 κατά
2842 1330 2941 1401 τὴν
2962 1329 3188 1407 ἀγωγὴν
3209 1328 3386 1396 ἐφάνη
3422 1343 3522 1378 πο-

1938 1424 2145 1492 λέμιον.
2184 1424 2385 1477 Ἐλθὼν
2410 1425 2467 1477 δέ
2493 1424 2829 1495 πορρωτέρω
2851 1420 3086 1475 σταδίων
3104 1419 3180 1482 ὡς
3203 1418 3402 1471 ἑκατὸν
3423 1419 3519 1469 καὶ

1939 1515 2050 1586 πῦρ
2077 1515 2332 1584 ἐμϐαλὼν
2356 1517 2454 1578 τὰς
2491 1517 2623 1585 νῆας
2649 1516 2827 1578 πάσας
2854 1511 3205 1582 κατέφλεξεν,
3257 1510 3518 1578 οὐδεμιᾶς

1939 1606 2292 1679 φεισάμενος.
2307 1607 2370 1664 Ὀ
2395 1607 2452 1662 δέ
2487 1607 2717 1677 στρατὸς
2741 1606 3039 1678 ταραχθεὶς
3073 1605 3161 1657 ἐπὶ
3185 1604 3245 1656 τὸ
3268 1601 3514 1671 πραχθὲν

1939 1700 2033 1752 καὶ
2064 1699 2509 1770 καταπληγέντες
2559 1699 2661 1770 τήν
2693 1700 2878 1753 αἰτίαν
2916 1697 3240 1767 ἐπηρώτων,
3273 1696 3518 1758 ἐλθόντες

1939 1791 2032 1842 καὶ
2063 1791 2140 1853 είς
2169 1790 2362 1856 λόγους
2395 1791 2778 1858 νεωτερικούς.
2805 1790 2975 1852 Αὐτὸς
3005 1790 3061 1842 δέ
3089 1790 3280 1858 μανεὶς
3303 1787 3517 1842 ἀκούων

1942 1878 2093 1935 εἷπεν
2116 1896 2130 1909 ⁸
2154 1903 2172 1934 ι
2198 1881 2390 1952 Ὑμεῖς
2418 1882 2622 1936 τούτων
2644 1882 2807 1937 αἴτιοί
2839 1881 3254 1947 ἐστε,ἀποικίαν
3295 1879 3518 1947 ζητοῦν-

267 1981 405 2046 νῆας
463 1941 680 2047 μακρὰς
731 1941 893 2041 εὐθὺς
940 1941 1315 2040 ἐπισκευάσας
1355 1941 1451 2030 καὶ
1509 1941 1742 2046 δύναμιν
1869 1941 1913 1999 Β
1943 1987 2036 2031 τες
2063 1972 2156 2024 καὶ
2324 1941 2586 2044 άγαθήν.“
2612 1975 2769 2042 Ἐμοὶ
2812 1974 2869 2026 δέ
2907 1941 3114 2042 ταύτης
3144 1941 3396 2040 ἐτέρανού
3429 1989 3516 2023 νε-

269 2070 457 2123 αὐτῶν
486 2070 815 2138 ἐμϐιϐάσας,
851 2071 944 2123 ἐπὶ
975 2068 1232 2139 λῃστείαν
1280 2069 1417 2139 ἔχων
1465 2068 1562 2140 τήν
1605 2069 1839 2129 ἔννοιαν,

271 2161 410 2230 πρὸς
444 2161 540 2218 τάς
572 2163 628 2213 ἐν
667 2161 744 2230 τῷ
778 2160 985 2229 Αἰγαίῳ
1011 2161 1271 2229 κειμένας
1292 2161 1511 2228 νήσους,
1542 2159 1841 2229 ἐτράποντο

272 2254 373 2306 καὶ
413 2252 580 2305 πολλά
619 2252 837 2304 ἐποίουν
886 2251 1007 2312 ταῖς
1037 2251 1246 2319 νήσοις,
1271 2251 1460 2304 οὐδένα
1491 2250 1839 2321 εὑρίσκοντες

271 2344 922 2412 ἀντιπαρατασσόμενονο
982 2345 1155 2396 πᾶσαι
1203 2345 1310 2412 γάρ
1365 2343 1530 2412 ᾔτουν
1585 2343 1837 2411 βοήθειαν

272 2437 370 2489 καὶ
419 2437 519 2489 οὐκ
569 2435 879 2503 ἐλάμϐανον
906 2436 994 2489 διά
1025 2435 1087 2488 τὸ
1131 2435 1222 2488 τὸν
1272 2435 1500 2504 βασιλέα
1550 2435 1838 2503 Ῥωμαίων

274 2529 498 2598 Μιχαὴλ
530 2529 623 2582 τὸν
660 2529 905 2597 Τραυλὸν
945 2528 1366 2598 περισπώμενον
1404 2527 1752 2594 εὑρίσκεσθαι
1780 2528 1837 2579 ἐν

272 2623 561 2690 ἐμφυλίοις
593 2621 875 2690 πολέμοις.
907 2619 1004 2672 Διά
1036 2619 1194 2672 τοῦτο
1230 2619 1401 2672 πολλά
1427 2620 1595 2688 κέρδη
1638 2621 1700 2671 ἐκ
1732 2637 1837 2672 πα-

271 2713 385 2764 σῶν
432 2711 540 2762 τῶν
589 2711 772 2778 νήσων
809 2708 1169 2778 ἐκαρποῦντο.
1224 2708 1467 2775 Ἔφθασε
1494 2708 1550 2760 δέ
1585 2725 1715 2760 ποτε
1744 2709 1839 2761 καὶ

267 2807 378 2864 ἕως
428 2804 524 2871 τῆς
566 2803 808 2870 Κρήτης,
849 2801 943 2853 καὶ
978 2799 1184 2869 ταύτην
1227 2799 1594 2867 καταδραμὼν
1624 2799 1716 2850 καὶ
1744 2800 1837 2851 ἀνέ-

265 2894 738 2963 δραποδισάμενος
771 2893 846 2954 ώς
874 2891 978 2952 ἔνι,
1012 2890 1107 2943 καὶ
1137 2890 1234 2956 τὴν
1269 2889 1367 2956 τῆς
1399 2892 1560 2956 νήσου
1591 2907 1838 2957 καταμα-

267 2988 382 3040 θὼν
403 2986 603 3054 ἀρετὴν
625 2987 718 3037 καὶ
747 2985 926 3052 χάριν,
951 2981 1051 3050 ἔφη
1075 2983 1208 3049 πρὸς
1224 2982 1346 3043 τοὺς
1367 2981 1637 3048 ὑπηκόους
1661 3001 1677 3032 ι
1701 2982 1835 3033 Ἰδοὺ

268 3075 348 3143 γῆ
377 3074 487 3144 99
521 3075 713 3142 ῥέουσα
739 3073 882 3140 γάλα
918 3072 1010 3124 καὶ
1048 3071 1186 3140 μέλι.
1228 3089 1246 3121 ι
1302 3070 1409 3121 Καὶ
1441 3069 1612 3122 ταῦτα
1645 3072 1672 3122 ὀ
1703 3070 1836 3140 βάρ-

269 3167 444 3233 ϐαρος
483 3161 604 3214 εἷπε
639 3162 768 3232 περὶ
790 3161 887 3228 τῆς
925 3161 1146 3230 Κρήτης
1167 3174 1180 3187 ·
1207 3160 1234 3211 ὀ
1267 3161 1323 3212 δέ
1353 3161 1584 3228 ποιητὴς
1628 3159 1834 3228 ταύτην

267 3253 638 3323 ἐγκωμιάζων
670 3252 804 3321 φησί
841 3268 854 3282 ·
891 3269 909 3302 ‹
949 3252 1135 3320 Κρήτη
1167 3252 1437 3321 τιμήεσσα
1461 3252 1653 3320 τιθήνη
1689 3251 1832 3313 Διὸς.
1865 3289 1906 3347 C

268 3340 338 3414 ἧς
368 3343 430 3395 τὸ
467 3341 696 3410 μέγεθος
730 3337 1062 3410 περιούσιον,
1099 3339 1268 3410 πολλή
1311 3356 1370 3391 τε
1416 3341 1624 3410 λιπαρά
1648 3357 1707 3392 τε
1744 3341 1838 3393 καὶ

270 3517 442 3570 alium
502 3516 749 3580 Chalepi,
776 3516 937 3570 alium
976 3516 1296 3578 Damascus,
1347 3515 1507 3568 alium
1552 3515 1834 3585 Egyptus,

267 3612 441 3664 alium
481 3609 666 3678 Libya,
705 3611 870 3663 alium
900 3608 1102 3674 Africa,
1124 3609 1287 3662 alium
1314 3611 1365 3662 in
1395 3609 1610 3677 Europa
1635 3610 1833 3670 lberi-o.

268 3715 393 3768 qua
423 3698 678 3766 Hispania
708 3699 930 3754 dicitur.
963 3698 1151 3768 Itaque
1181 3696 1382 3754 factum
1415 3711 1518 3762 est,
1553 3709 1611 3753 ut
1650 3702 1836 3765 vicini,

266 3791 515 3859 quotidie
555 3790 923 3846 exorientibus
971 3790 1114 3844 inter
1170 3803 1263 3844 eos
1314 3791 1725 3854 controversiis,
1767 3794 1834 3846 ad

273 3895 494 3950 pugnas
555 3881 961 3935 descenderem.
1015 3878 1326 3949 Hispaniam
1383 3881 1474 3950 qui
1532 3883 1837 3938 incolebant

267 3971 530 4041 Agareni.
559 3985 787 4028 numero
845 3971 1014 4037 aucti,
1041 3985 1162 4025 cum
1215 3973 1510 4040 regionem.
1547 3989 1706 4043 quam
1741 3975 1837 4028 ha-

269 4063 543 4125 bitabant,
579 4063 922 4125 steriliorem,
957 4077 1058 4117 nee
1107 4061 1396 4117 admodum
1449 4064 1659 4118 felicem
1716 4079 1835 4120 esse

269 4157 505 4224 ideoque
549 4155 759 4211 alendis
795 4155 896 4209 sibi
930 4154 1072 4209 baud
1109 4155 1356 4209 sulIicere
1389 4156 1656 4220 viderent,
1689 4158 1836 4225 Apo-

265 4249 499 4316 cbapem
522 4259 914 4310 amermunem,
931 4248 1226 4315 principem
1246 4262 1426 4311 suum,
1446 4249 1717 4315 adierunt,
1746 4264 1839 4304 ro-

267 4350 484 4410 gantes,
500 4350 562 4394 ut
586 4340 745 4394 aedes
765 4350 973 4394 mutare
993 4341 1097 4395 sibi
1120 4340 1322 4401 liceret,
1348 4347 1405 4392 ut
1427 4340 1518 4409 qni
1543 4341 1694 4395 valde
1717 4355 1836 4410 prc-

271 4442 554 4488 merentur
581 4432 846 4502 angustiis
868 4441 922 4486 et
944 4435 1104 4488 rebus
1134 4434 1346 4488 tuenda
1374 4434 1494 4488 vita
1516 4434 1835 4491 necessariis

266 4533 515 4592 egerent.
548 4522 659 4587 Ille,
689 4525 952 4594 petitione
986 4525 1220 4587 latatus,
1248 4524 1429 4578 statim
1459 4540 1618 4580 naves
1649 4526 1835 4595 longas

1947 2063 2199 2132 νόμισται
2230 2064 2494 2135 κρείττων
2515 2081 2529 2097 ·
2563 2067 2659 2119 καὶ
2686 2066 2922 2120 ἐνταῦθα
2957 2061 3120 2137 ἦλθον
3144 2066 3232 2118 ἵνα
3255 2065 3352 2126 τάς
3380 2065 3517 2132 ὑμε-

1943 2155 2106 2222 τέρας
2133 2155 2381 2225 θελήσεις
2413 2157 2508 2211 καὶ
2538 2158 2750 2228 ὀρέξεις
2781 2159 2996 2229 πράξω.
3030 2160 3142 2213 Καὶ
3172 2159 3241 2212 τά
3270 2159 3390 2221 νῦν,
3439 2160 3515 2228 μὴ

1944 2247 2141 2310 εἰδότες
2171 2247 2206 2301 ἀ
2235 2247 2346 2314 ἐγὼ
2377 2250 2538 2311 ποιῶ.
2586 2250 2903 2322 φλυαρείτε.
2938 2271 2956 2302 ι
3016 2254 3078 2304 Οἱ
3103 2253 3158 2304 δὲ
3182 2251 3518 2307 ἀκούσαντες

1944 2335 2242 2405 ἐσίγησαν
2281 2338 2369 2401 Ὠς
2424 2339 2480 2391 δέ
2519 2342 2795 2407 γυναικῶν
2836 2341 2928 2393 καὶ
2975 2343 3180 2392 τέκνων
3207 2341 3516 2410 ἐμέμνηντο

1943 2429 2036 2480 καὶ
2058 2429 2328 2496 φιλτάτων
2346 2431 2512 2497 τινές,
2527 2428 2678 2484 εἶπεν
2702 2434 2881 2496 αὐτοῖς
2898 2449 2911 2463 ’
2930 2427 3086 2485 «Ὧδε
3103 2432 3302 2502 ώραῖαι
3327 2451 3393 2501 γυ
3404 2436 3515 2484 ναῖ-

1943 2522 2036 2584 κές
2070 2525 2194 2589 sict,
2241 2525 2334 2578 καὶ
2361 2527 2557 2588 παῖδας
2586 2528 2866 2596 ποιήσετε.
2902 2548 2920 2580 ι
2955 2526 3086 2581 Εῐτα
3119 2529 3326 2598 τάφρον
3364 2530 3513 2600 ὠρυ-

1944 2613 2040 2677 ξαν
2083 2614 2311 2685 βαρεῖαν
2332 2617 2426 2670 καὶ
2456 2618 2672 2688 χάρακα
2695 2620 3033 2691 περιέπηξαν
3057 2624 3216 2692 100
3241 2625 3385 2694 (ὅθεν
3419 2628 3512 2680 καὶ

1941 2705 1969 2755 ὀ
2012 2706 2175 2769 τόπος
2214 2708 2312 2777 τὴν
2365 2710 2681 2778 ἐπωνυμίαν
2715 2712 2898 2765 λαϐὼν
2949 2714 3110 2778 σώζει
3152 2716 3254 2785 τὴν
3307 2734 3513 2787 προσησ

1942 2799 2173 2866 γορίαν,
2228 2799 2443 2864 Χάνδαξ
2503 2803 2925 2870 ὀνομαζόμενος)
2973 2806 3199 2859 κάκεῖσε
3231 2807 3509 2863 διενυκτὲ-

1946 2904 2118 2954 ρευον.
2150 2890 2353 2944 Μαθὼν
2383 2891 2440 2944 δὲ
2478 2893 2504 2944 ὀ
2530 2891 2784 2960 βασιλεὺς
2816 2894 3035 2962 Μιχαὴλ
3066 2896 3184 2964 μετ’
3218 2898 3396 2958 ὀλίγον
3443 2902 3510 2953 τὰ

1941 2982 2000 3031 ἐν
2027 2983 2092 3049 τῇ
2120 2982 2312 3051 Κρήτῃ
2335 2984 2682 3052 πραττόμενα
2714 2984 2817 3037 ὑπὸ
2838 2987 2946 3040 τῶν
2972 2987 3333 3058 Σαρακηνῶν,
3358 2994 3509 3060 παρὰ

1939 3071 2206 3124 Φωτεινοῦ
2233 3077 2728 3147 πρωτοσπαθαρίου
2760 3080 2853 3130 καὶ
2885 3081 3192 3149 στρατηγοῦ
3222 3084 3319 3151 τῆς
3352 3083 3505 3153 Κρή-

1940 3178 2060 3228 της,
2089 3163 2147 3226 ὃς
2179 3164 2408 3235 δύναμιν
2432 3168 2584 3236 ἠξίου
2617 3170 2762 3240 αὐτῷ
2782 3171 2987 3224 στεῖλαι
3012 3171 3099 3225 ἵνα
3125 3173 3251 3236 τοὺς
3278 3173 3506 3244 ἐχθροὺς

1940 3253 2282 3326 ἀποσοϐήσῃ*
2333 3258 2424 3309 καὶ
2467 3260 2739 3326 Δαμιανόν
2788 3277 2910 3312 τινα
2960 3262 3179 3332 κόμητα
3214 3262 3306 3315 τοῦ
3353 3263 3509 3333 βασι-

1941 3347 2090 3400 λικοῦ
2125 3351 2479 3401 ἱπποστασίου
2536 3352 2676 3418 μετά
2729 3351 2926 3420 πολλῆς
2955 3352 3240 3422 δυνάμεως
3273 3356 3367 3408 καὶ
3402 3371 3506 3408 πα-

1940 3519 2105 3574 verbo
2127 3531 2384 3590 praeterea
2410 3523 2611 3586 addito,
2640 3539 2763 3579 eum
2796 3526 2987 3593 classe,
3030 3530 3176 3584 omni
3207 3546 3382 3586 rerum
3415 3548 3509 3603 ge-

1940 3631 2066 3670 nere
2088 3617 2313 3684 repleta,
2339 3617 2390 3669 in
2413 3617 2724 3686 Hispaniam
2749 3623 2989 3676 revertit.
3014 3623 3303 3694 Postquam
3327 3638 3503 3682 autem

1939 3705 2110 3760 hiems
2130 3706 2260 3760 exiit
2283 3716 2337 3761 et
2361 3707 2599 3762 instabat
2630 3723 2796 3765 verna
2824 3722 3133 3782 tempestas,
3151 3718 3507 3786 quadraginta

1941 3811 2106 3850 naves
2160 3799 2399 3853 strenuis
2463 3798 2815 3857 bellatoribus
2865 3805 3120 3874 complet,
3176 3817 3507 3879 ventumque

1941 3897 2128 3942 nactus
2148 3889 2468 3948 secundum.
2491 3891 2708 3946 Cretam
2729 3909 2890 3948 cursu
2909 3899 3064 3964 petit,
3083 3901 3294 3954 eteteris
3317 3902 3506 3958 insulis

1939 3981 2345 4047 praetermissis.
2388 3979 2491 4036 Ubi
2535 3985 2774 4050 advenit,
2819 3988 2884 4042 ad
2933 3993 3379 4059 promontorium,
3415 3998 3501 4048 cui

1939 4084 2135 4124 nomen
2194 4069 2428 4133 Charax.
2477 4075 2806 4142 appellitur:
2867 4092 2966 4132 nec
3000 4079 3049 4134 ei
3094 4083 3386 4151 quidquam
3421 4086 3504 4140 vel

1939 4160 2306 4229 descendenti,
2339 4164 2421 4217 vel
2452 4165 2730 4234 populanti
2760 4168 2955 4224 hostile
3008 4175 3330 4241 comparuit.
3371 4174 3505 4231 Pro-

1937 4268 2158 4324 gressus
2183 4254 2357 4309 stadia
2388 4256 2607 4313 circiter
2629 4268 2868 4325 centum,
2907 4276 3072 4318 naves
3101 4265 3168 4318 ad
3199 4279 3360 4320 unam
3391 4283 3506 4322 om-

1939 4359 2058 4410 nes,
2103 4344 2300 4417 injecto
2324 4349 2465 4418 igne,
2491 4351 2780 4408 comburit.
2812 4351 2886 4408 Ea
2908 4368 2967 4408 re
2993 4357 3299 4413 conturbati
3321 4369 3375 4413 et
3404 4363 3503 4416 ob-

1939 4438 2223 4506 stupefacti
2275 4441 2498 4505 milites,
2552 4459 2770 4498 causam
2831 4446 3277 4509 sciscitabantur.
3339 4468 3501 4508 voces

1939 4526 2104 4582 etiam
2140 4529 2426 4584 seditiosas
2458 4532 2954 4589 immiscentes.l|le
2992 4538 3187 4602 iratus,
3223 4536 3382 4604 (Vos,
3420 4542 3501 4592 in-

269 4614 617 4668 aedificandas
664 4614 894 4677 curavit,
946 4622 1002 4668 et
1033 4613 1272 4680 piratica!
1318 4613 1575 4669 facienda:
1607 4617 1834 4670 consilio
1868 4628 1911 4682 ι)
1937 4617 2075 4687 quit,
2109 4617 2270 4690 hujus
2323 4622 2396 4676 rei
2435 4636 2600 4676 causa
2635 4624 2788 4688 estis,
2824 4624 2914 4693 qui
2952 4625 3220 4680 coloniam
3256 4632 3502 4698 queritis

273 4717 492 4756 manum
523 4702 587 4756 iis
614 4702 861 4757 idoneam
890 4702 1168 4769 imposuit,
1193 4717 1312 4770 qua:
1341 4705 1408 4756 ad
1442 4701 1610 4774 ΛΕεωί
1659 4707 1830 4759 maris

269 4794 480 4849 insulas
505 4807 787 4856 conversa,
835 4791 1023 4846 multis
1051 4806 1144 4846 eas
1175 4792 1574 4849 calamitatibus
1621 4793 1832 4859 amisit,

266 4897 401 4938 cum
436 4897 596 4937 nemo
641 4891 806 4946 esset,
841 4882 933 4949 qui
973 4882 1271 4935 resisteret.
1328 4881 1525 4937 Omnes
1575 4885 1831 4938 auxilium

266 4974 608 5040 ﬂagitabant,
664 4988 766 5030 nec
827 4973 1278 5029 naneiscebantur
1327 4983 1524 5037 tamen,
1577 4976 1830 5041 quoniam

265 5065 502 5123 Michael
551 5065 768 5130 Balbus,
805 5066 1095 5134 imperator
1126 5066 1422 5126 Romanus,
1476 5067 1630 5120 bellis
1664 5068 1836 5120 civili-

265 5165 373 5215 bus
404 5158 825 5212 distrahebatur.
879 5157 1070 5226 Itaque
1121 5157 1195 5211 illi
1231 5174 1295 5212 ει
1329 5159 1584 5213 omnbius
1648 5159 1832 5212 insulis

264 5249 555 5304 commoda
580 5249 680 5303 sibi
714 5249 881 5302 multa
923 5249 1330 5316 comparabant.
1373 5249 1506 5303 Cum
1537 5249 1831 5319 aliquando

266 5346 336 5399 ad
379 5343 596 5397 Cretam
621 5355 790 5410 usque
821 5342 1078 5404 venisset,
1112 5355 1360 5410 eamque,
1395 5351 1652 5409 quantum
1686 5351 1834 5411 pote-

267 5447 382 5499 rat,
412 5442 736 5501 pervagatus
779 5434 1152 5500 et-populatus
1182 5443 1343 5495 esset,
1378 5443 1650 5499 comperta
1679 5436 1827 5485 boniv

266 5538 383 5584 tale
407 5537 462 5581 et
497 5526 775 5580 fertilitate
815 5525 1020 5591 insulae,
1057 5525 1121 5577 ad
1150 5539 1290 5578 suos
1319 5540 1611 5580 conversus
1647 5543 1658 5578 :
1705 5545 1722 5576 ι
1753 5527 1831 5579 En

265 5634 442 5676 terra.
471 5618 665 5686 inquit,
691 5616 857 5670 fluens
884 5616 1021 5670 lacte
1051 5625 1104 5667 et
1133 5615 1309 5670 melle.
1340 5633 1357 5665 ι
1392 5615 1518 5670 Hzt'c
1570 5616 1832 5670 barbarus

263 5712 337 5765 de
387 5709 584 5763 Creta:
622 5722 782 5777 quam
842 5720 997 5775 poeta
1040 5706 1124 5760 his
1172 5707 1349 5760 verbis
1405 5709 1830 5761 commendavit:

271 5822 290 5855 ε
330 5801 518 5865 Creta,
559 5801 824 5854 honorata
860 5799 1039 5852 nutrix
1085 5797 1258 5862 Iovis,
1291 5799 1517 5865 insignis
1566 5800 1836 5868 magnitu-

266 5893 422 5954 dine,
451 5895 697 5946 ubertate
745 5899 800 5944 et
849 5903 1168 5957 pascuorum
1219 5889 1564 5945 abundantia.
1607 5909 1623 5939 ›
1676 5890 1877 5945 Nullo‘

1935 4717 1989 4764 et
2027 4718 2227 4764 terram
2261 4713 2471 4766 beatam
2503 4731 2517 4768 :
2561 4727 2797 4782 namque
2827 4715 2962 4770 mihi
3001 4717 3142 4770 nulla
3169 4717 3272 4774 hac
3308 4722 3502 4776 melior

1935 4815 2058 4855 esse
2087 4801 2323 4869 videtur,
2347 4811 2402 4858 et
2430 4804 2537 4858 huc
2569 4807 2684 4860 vela
2717 4807 2854 4872 feci,
2900 4818 2960 4862 ut
3001 4819 3196 4865 vestra:
3221 4813 3501 4869 satislace-

1935 4907 2049 4946 rem
2081 4892 2366 4948 voluntati.
2408 4882 2594 4963 Itaque
2643 4897 2823 4962 inscii,
2862 4913 2981 4968 qure
3027 4915 3129 4970 ego
3186 4917 3361 4971 agam,
3397 4905 3498 4962 ista

1936 4974 2235 5031 blateratis.
2278 4995 2298 5030 ›
2336 4977 2428 5032 His
2457 4980 2679 5045 auditis,
2710 4983 3115 5038 conticuerunt.
3151 4986 3287 5040 Cum
3313 5000 3495 5044 autem

1937 5069 2180 5122 nonnulli
2209 5085 2406 5125 uxores
2432 5082 2484 5125 et
2515 5072 2709 5126 liberos
2731 5089 3233 5142 commemorarent,
3251 5083 3494 5135 occurrit

1936 5158 2003 5212 iis
2032 5175 2046 5210 :
2089 5178 2107 5210 ε
2142 5158 2238 5213 llic
2271 5170 2396 5215 sunt
2434 5160 2682 5215 formosa:
2715 5162 2952 5226 feminae,
3013 5178 3045 5220 e
3069 5167 3266 5234 quibus
3297 5170 3491 5226 liberos

1935 5243 2313 5311 procreabitis.
2352 5263 2370 5296 ι
2414 5246 2612 5300 Deinde
2647 5250 2791 5300 fossa
2820 5248 3089 5315 profunda
3112 5249 3276 5306 ducta
3313 5266 3366 5308 et
3391 5257 3489 5325 χά.

1939 5353 2085 5405 ρακι,
2118 5335 2170 5389 id
2190 5345 2273 5391 est
2294 5337 2431 5390 vallo
2474 5341 2800 5393 communita
2845 5341 3007 5408 (unde
3038 5343 3258 5398 ductum
3295 5361 3487 5404 nomen

1934 5429 2193 5482 Chandax
2247 5428 2398 5482 locus
2444 5429 2709 5497 hodieque
2761 5433 2982 5500 servat),
3016 5433 3210 5489 ibidem
3272 5449 3489 5496 noctem

1935 5528 2332 5587 transegerunt.
2394 5519 2694 5588 Imperator
2727 5518 2951 5574 Michael
2981 5525 3127 5578 brevi
3165 5539 3284 5593 post
3320 5529 3389 5584 de
3430 5533 3498 5585 iis

1936 5625 2056 5679 quae
2089 5611 2138 5662 in
2170 5609 2328 5663 Creta
2359 5626 2386 5662 ιι
2422 5611 2710 5666 Saracenis
2737 5625 3173 5683 agerentur.-per
3205 5618 3495 5677 Photinum

1937 5704 2439 5774 protospatharium
2464 5714 2517 5760 et
2540 5705 2854 5772 praefectum
2877 5705 3052 5762 Creta:
3077 5710 3277 5764 certior
3300 5711 3495 5774 factus.

1937 5798 2028 5865 qui
2057 5797 2242 5865 c0pias
2273 5797 2375 5852 sibi
2408 5797 2544 5851 mitti
2577 5798 2763 5863 voluit,
2802 5800 3000 5868 quibus
3030 5800 3211 5856 hostes
3244 5804 3497 5872 dispelle-

1940 5901 2042 5954 ret,
2069 5890 2390 5945 Damianum
2416 5892 2721 5961 quemdam,
2757 5893 3008 5947 comitem
3041 5896 3234 5949 stabuli
3271 5897 3502 5966 impera-
