4526 6514
305 459 416 521 725

1350 451 1803 515 CHRONICON
1836 453 2110 521 MAJUS.
2145 481 2211 491 —
2246 454 2388 518 LIB.
2440 458 2485 514 I.

3434 449 3538 513 736

305 578 403 646 ρὸν
432 574 779 643 έπεπωλήκει
833 572 1004 641 αὐτὴν
1051 573 1115 640 τῇ
1156 570 1263 623 τῶν
1303 570 1534 623 Ἐνετῶν
1587 573 1868 642 γερουσίᾳ,
1904 578 1945 632 Α
1975 571 2067 624 τοῦ
2100 568 2229 624 οὖσα
2260 575 2411 626 πᾶσα
2456 574 2487 641 ἡ
2543 570 2868 636 σύγκλητος,
2907 570 2962 620 ἐν
3010 562 3049 634 ᾧ
3094 569 3221 636 μηνὶ
3267 565 3405 636 ματᾷ
3443 565 3540 633 τὴν

304 668 407 721 καὶ
428 667 602 730 οὕτως
629 666 756 735 ἄχρι
784 665 883 735 τῆς
915 666 1148 734 σήμερον
1184 662 1298 716 ὑπὸ
1347 662 1443 726 τὰς
1473 666 1661 732 χεῖρας
1696 663 1872 716 αὐτῶν

303 761 448 813 ἐστί.

385 851 494 903 Kal
522 849 727 917 ταύτην
749 849 849 918 τὴν
898 848 1141 917 ἱστορίαν
1187 846 1268 917 τῷ
1300 847 1444 915 λόγῳ
1474 844 1761 912 ἠνὼσαμεν
1799 847 1872 913 τῷ

305 941 568 1009 ἡμετέρῳ
588 940 775 1010 βιϐλίῳ
796 940 1148 1010 εὑρίσκεσθαι
1166 953 1178 966 '
1202 940 1294 992 καὶ
1311 937 1404 989 ἐπὶ
1423 938 1520 1007 τὴν
1538 937 1629 989 τοῦ
1660 936 1874 1006 ’ἰσθμοῦ

308 1032 604 1103 οἰκοδομὴν
626 1032 1034 1102 ἐπανέλθωμεν.

383 1122 478 1176 λε’.
507 1123 597 1192 Τῷ
629 1126 787 1191 ςῇιγ¹
825 1122 958 1189 έτει,
990 1122 1237 1190 Μαρτίου
1273 1110 1419 1190 ιγ’,’ό
1450 1121 1699 1190 βασιλεὺς
1740 1121 1876 1174 ἁπέο

313 1231 489 1267 σωσεν
533 1215 590 1266 ὲν
615 1213 691 1281 τῷ
722 1213 902 1283 λιμένι
932 1213 1040 1266 τῶν
1085 1212 1379 1283 Κεγχρεῶν
1416 1210 1839 1281 ὀνομαζομένων
1858 1228 1875 1243 ο

310 1308 411 1359 καὶ
439 1309 504 1375 τῇ
530 1306 693 1377 ὀγδόῃ
734 1303 1049 1373 Ἀπριλλίου
1105 1305 1311 1373 ἦρξατο
1363 1303 1752 1373 ἀνακαθαίρειν
1787 1303 1881 1355 καὶ

307 1399 688 1466 ἀνοικοδομεῖν
735 1396 898 1450 αὐτὸν
942 1395 1007 1464 δὴ
1080 1396 1241 1464 108
1294 1395 1386 1448 τὸν
1437 1394 1669 1462 Ἰσθμὸν,
1711 1395 1879 1460 οὗπέρ

309 1492 428 1541 ἐστι
456 1491 515 1541 τὸ
543 1490 715 1557 μῆκος
743 1488 777 1559 ἢ
818 1487 1023 1556 μᾶλλον
1055 1489 1234 1538 είπεῖν
1260 1486 1320 1538 τὸ
1349 1482 1510 1554 εὖρος
1541 1486 1605 1536 ἐκ
1629 1487 1755 1554 μιᾶς
1782 1484 1881 1536 θα-

309 1580 514 1649 λάττης
541 1580 617 1641 είς
648 1580 745 1647 τὴν
780 1580 971 1647 ἑτέραν
995 1578 1239 1646 ὀργυιαῐς
1260 1576 1581 1645 τρισχιλίαις
1609 1578 1701 1627 καὶ
1723 1576 1883 1626 ὀκτα-

311 1673 549 1733 κοσίαις·
580 1673 639 1724 τὸ
689 1673 747 1724 δὲ
779 1672 990 1739 μάκρος
1026 1672 1090 1721 ὲκ
1137 1667 1239 1736 τῆς
1271 1670 1471 1737 χέρσου
1502 1668 1598 1735 τῆς
1636 1668 1883 1728 Ἑλλάδος

314 1766 438 1832 ἦτοι
469 1764 570 1827 τῆς
606 1764 862 1832 Ἀττικῆς
893 1764 995 1830 γῆς
1028 1765 1166 1831 μετὰ
1202 1764 1263 1814 τὸ
1287 1761 1595 1828 καταόῆναι
1627 1760 1725 1822 τὴν
1750 1774 1884 1827 τραο

314 1860 471 1927 κεῖαν
507 1859 624 1909 ὁδὸν
654 1857 753 1927 τὴν
784 1857 1090 1924 λεγομένην
1136 1855 1373 1922 Πλάγιον
1416 1853 1619 1915 Κακὸν,
1656 1852 1757 1911 ἓως
1785 1851 1885 1916 τῆς

1975 661 2162 728 ἄφιξιν
2194 662 2361 713 αὐτοῦ
2396 661 2459 728 δὴ
2500 660 2593 713 τοῦ
2636 660 2898 729 βασιλέως
2932 657 3173 708 ἀπέθανε
3218 657 3311 709 καὶ
3364 659 3391 708 6
3436 673 3540 706 πα-

1974 754 2241 821 τριάρχης
2276 754 2379 823 κὺρ
2413 753 2706 822 Εὑθύμιος·
2744 753 2836 805 καὶ
2871 754 2936 820 τῇ
2973 751 3055 802 κα”
3090 754 3181 802 τοῦ
3236 751 3413 801 Μαΐου
3442 767 3540 816 μη-

1976 844 2063 905 νὸς
2092 842 2185 894 τοῦ
2219 843 2381 896 αὐτοῦ
2406 844 2563 906 ἔτους
2591 844 2836 911 ἐγεγόνει
2865 842 3213 911 πατριάρχης
3248 840 3407 909 109
3437 840 3542 911 xbp

1988 934 2184 1003 Ἰωσὴφ
2238 937 2265 987 ὁ
2328 936 2556 1001 Ἐφέσου
2621 935 3054 1004 μητροπολίτης.
3112 932 3221 985 Καὶ
3276 932 3352 997 τῷ
3379 910 3542 1002 ,ςθιέ

1978 1023 2089 1075 έτει
2121 1024 2363 1090 ἀπῆλθεν
2394 1026 2472 1088 είς
2500 1026 2597 1095 τὴν
2638 1025 3044 1093 Πελοπόννησον
3080 1028 3106 1076 ὁ
3152 1023 3404 1093 βασιλεὺς
3438 1023 3543 1093 κὺρ

1991 1113 2248 1180 Ἰωάννης
2277 1115 2333 1164 έν
2373 1117 2549 1184 καιρῷ
2584 1114 2952 1183 φθινοπώρου,
2995 1116 3051 1165 ὲν
3085 1108 3127 1181 ᾧ
3152 1115 3214 1182 δὴ
3246 1112 3422 1182 καιρῷ
3445 1114 3543 1181 τὴν

1979 1206 2386 1275 Θεσσαλονίκην
2435 1208 2783 1277 διερχόμενος
2839 1208 2931 1258 τὸν
3003 1207 3235 1258 πλαστὸν
3285 1207 3399 1257 υἱὸν
3451 1204 3544 1256 τοῦ

1980 1298 2380 1368 Μπαγιαζήτου
2436 1300 2645 1352 ἐκείνου
2691 1301 2784 1351 τὸν
2821 1300 3172 1363 Μουσταφᾶν,
3212 1299 3545 1364 διωκόμενον

1980 1388 2109 1441 ὂντα
2141 1388 2291 1456 παρὰ
2324 1387 2417 1440 τοῦ
2471 1389 2664 1458 άμηρᾶ
2706 1388 3046 1457 Ἀμουράτου
3082 1388 3177 1440 τοῦ
3223 1388 3360 1455 τάχα
3390 1387 3545 1438 ἁδελ-

1983 1479 2085 1545 φοῦ
2113 1478 2300 1542 αὑτοῦ,
2336 1480 2535 1548 ἐπῇρε,
2573 1481 2665 1532 καὶ
2697 1479 3023 1541 ἀποστείλας
3044 1482 3125 1540 είς
3154 1480 3391 1548 Λῆμνον,
3426 1474 3544 1530 εἶτα

1982 1569 2064 1630 εἰς
2099 1569 2392 1638 Μιζιορᾶν.

2067 1658 2154 1709 Ἐν
2186 1659 2241 1711 δὲ
2273 1660 2348 1728 τῷ
2378 1659 2603 1728 χειμῶνι
2638 1660 2732 1713 τοῦ
2780 1661 2944 1713 αὐτοῦ
2978 1660 3132 1723 ἔτους
3165 1660 3421 1729 λοιμικῆς
3463 1662 3547 1713 νά-

1986 1766 2079 1800 σου
2108 1750 2403 1818 γενομένης
2463 1751 2520 1801 ἐν
2574 1750 2650 1818 τῷ
2700 1739 2941 1821 Εὑξείὶῳ
2974 1752 3152 1820 πόντῳ
3204 1753 3325 1820 ἢτοι
3368 1754 3424 1804 ὲν
3479 1753 3545 1821 τῇ

1984 1842 2183 1909 Μαύρῃ
2230 1842 2494 1911 θαλάσσῃ,
2549 1844 2644 1894 καὶ
2680 1845 2903 1895 πανοικὶ
2956 1845 3106 1906 ὄντες
3153 1843 3209 1895 έν
3237 1861 3340 1895 τινι
3389 1845 3546 1897 ἄστει

315 1949 570 2011 πεδιάδος
596 1948 836 2002 κάτωθεν
870 1948 1099 2014 φθάσαι.
1130 1948 1187 1998 ἐν
1214 1942 1258 2012 ᾧ
1287 1946 1437 2013 τόπῳ
1484 1940 1552 2012 ἦν
1588 1940 1876 1995 κτισθέντα
1906 1941 1948 1995 Β
1982 1931 2089 1982 τῶν
2116 1932 2289 1983 ἐκεῖτῖε
2316 1932 2778 1999 κεφαλατεύοντες
2801 1936 2827 1985 ὁ
2848 1934 3097 2003 γαμϐρός
3129 1951 3229 2003 μου
3251 1934 3545 2005 ι’ρηγόριος

314 2040 393 2091 τὰ
448 2040 600 2107 τείχη
646 2038 819 2091 ταῦτα
866 2035 963 2089 τοῦ
1022 2035 1274 2103 Ἰσθμοῦ,
1330 2032 1524 2085 στάδια
1564 2032 1875 2099 τριάκοντα.

330 2128 467 2181 ’Δπὸ
497 2128 551 2179 δὲ
580 2127 688 2180 τῶν
719 2126 916 2195 τειχῶν
947 2126 1040 2178 τοῦ
1089 2124 1307 2193 Ἰσθμοῦ
1336 2122 1441 2184 ἕως
1474 2122 1576 2189 τῆς
1619 2118 1881 2188 Κορίνθου

314 2219 416 2272 τοῦ
450 2220 585 2288 ὑπὲρ
615 2219 841 2286 νεφέλας
874 2218 1140 2287 φρουρίου
1170 2215 1375 2284 βουνῶν
1408 2215 1502 2266 καὶ
1533 2212 1625 2264 τοῦ
1667 2208 1881 2278 Ἰσθμοῦ

314 2314 475 2373 τέλος
516 2312 702 2365 στάδια
752 2312 1056 2379 ὑπάρχουσι
1105 2308 1300 2361 πολλά.
1348 2307 1537 2358 Ἔοικα
1567 2304 1622 2357 δὲ
1654 2306 1685 2371 ἡ
1721 2303 1883 2353 Πελο-

318 2405 589 2472 πόννησος
621 2403 890 2455 πλατάνου
927 2401 1112 2471 φύλλῳ
1146 2402 1227 2461 είς
1256 2400 1449 2459 πάντα.
1473 2397 1567 2449 τοῦ
1592 2397 1648 2447 δὲ
1681 2395 1880 2462 φύλλου

315 2496 385 2548 τὸ
411 2495 608 2556 καῦλος
640 2496 667 2546 ὁ
701 2493 912 2561 Ἰσθμός
943 2494 1111 2544 ἐστιν.
1152 2490 1445 2557 Ἀνέστησε
1478 2489 1533 2540 δὲ
1565 2488 1803 2552 πύργους
1826 2487 1883 2537 ὲν

320 2588 476 2656 αὖτῷ
528 2587 722 2639 ἑκατὸν
765 2586 1112 2652 πεντήκοντα
1157 2582 1253 2634 καὶ
1298 2581 1469 2649 τρεῖς.
1520 2580 1629 2630 Καὶ
1680 2575 1736 2627 έν
1776 2592 1881 2627 τινι

324 2680 608 2750 μαρμάρῳ
669 2671 825 2745 εὗρον
880 2677 1180 2745 γράμματα
1240 2670 1605 2741 γεγραμμένα
1657 2667 1884 2731 λέγοντα

319 2770 520 2833 οὕτως·
553 2787 569 2819 ι
596 2769 710 2828 Φῶς
740 2769 803 2819 ἐκ
829 2767 1025 2833 φωτὸς,
1052 2764 1183 2825 Θεδς
1212 2761 1461 2831 ἀληθινὸς
1494 2762 1557 2812 ἐκ
1587 2757 1721 2809 Θεοῦ
1753 2756 1884 2823 άλη-

322 2862 497 2923 Θινοῦ,
556 2859 765 2928 φυλάξῃ
817 2858 910 2909 τὸν
944 2856 1325 2923 αὐτοκράτορα
1385 2844 1759 2905 Ἰουστινιανδν
1793 2850 1886 2901 καὶ

319 2954 420 3007 τὸν
448 2954 641 3004 πιστὸν
688 2952 877 3004 δοῦλον
925 2948 1092 3003 αὑτοῦ
1142 2949 1472 3016 Βικτωρῑνον
1529 2946 1624 2997 καὶ
1678 2943 1885 3003 πάντας

319 3047 457 3108 τοὺς
491 3047 550 3099 ἐν
578 3047 643 3114 τῇ
686 3043 901 3098 Ἐλλάδι
946 3042 1252 3106 οἰκοῦντας,
1289 3036 1418 3101 τοὺς
1472 3037 1536 3089 ὲκ
1581 3033 1714 3087 Θεοῦ
1749 3032 1886 3098 ζῶνο

319 3155 450 3200 τας.
486 3156 505 3188 ι

398 3230 489 3297 Τῷ
520 3230 577 3281 δὲ
604 3226 771 3300 ,ςὲιᾶ
798 3227 931 3288 ἔτει,
965 3226 1097 3295 μηνὶ
1120 3222 1363 3293 Μαρτίῳ,
1391 3217 1790 3287 ἐπανέστρεψεν
1807 3216 1885 3276 εις

318 3324 428 3394 τὴν
462 3320 1035 3377 Κωνσταντινούπολιν
1063 3322 1091 3371 ό
1123 3318 1377 3389 βασιλεὺς
1423 3315 1517 3369 καὶ
1546 3315 1579 3384 ἡ
1611 3317 1727 3381 μετ’
1781 3311 1882 3364 αὐ-

321 3518 577 3561 netorum
620 3504 832 3561 senatui
868 3502 1131 3567 vendidit,
1164 3501 1217 3554 in
1245 3511 1475 3568 quorum
1509 3495 1777 3564 hodieque
1802 3496 1883 3549 di-

321 3601 474 3652 tione
504 3606 605 3651 est.

399 3686 550 3741 Hanc
581 3686 744 3755 igitur
772 3686 1138 3739 narrationem
1164 3683 1303 3737 libro
1336 3682 1461 3736 huic
1522 3688 1710 3734 nostro
1747 3678 1885 3731 inte-

319 3779 560 3835 xendam
587 3779 895 3845 putavimus
930 3793 945 3841 ;
978 3786 1319 3832 revertantur
1375 3791 1518 3830 nunc
1544 3774 1613 3828 ad
1641 3786 1883 3826 commu-

321 3874 595 3927 nitionem
626 3871 838 3923 Isthmi.

399 3965 489 4020 55.
522 3966 675 4015 Anno
698 3962 857 4023 6915,
880 3962 968 4014 die
1018 3959 1195 4013 Martii
1223 3959 1311 4023 15,
1358 3959 1650 4027 imperator
1682 3957 1887 4010 incolu-

327 4056 440 4109 mis
472 4056 522 4107 in
544 4062 756 4122 put-tum
785 4052 1184 4105 Cenchrearum
1222 4050 1467 4118 pervenit
1488 4047 1591 4101 et8
1621 4048 1705 4100 die
1731 4048 1891 4111 Apri-

322 4148 401 4201 lis
443 4158 742 4211 expurgare
772 4151 827 4196 et
858 4143 1160 4195 instaurare
1186 4140 1443 4194 Isthmum
1479 4140 1650 4207 ipsum
1698 4136 1886 4205 cmpit,

322 4239 487 4305 cujus
524 4236 814 4304 longitudo,
867 4235 1001 4296 sive,
1057 4241 1116 4284 ut
1156 4232 1350 4285 melius
1404 4230 1601 4292 dicam,
1660 4230 1889 4282 latitudo

321 4329 401 4382 ab
435 4343 539 4380 uno
570 4325 706 4377 mari
739 4324 806 4376 ad
842 4324 1071 4376 alterum
1116 4322 1333 4392 orgyias
1363 4332 1445 4375 ter
1468 4322 1611 4375 mille
1636 4330 1686 4373 et
1712 4322 1887 4372 octin-

326 4426 522 4487 gentas
544 4423 710 4482 patet,
751 4412 1032 4480 longitudo
1089 4427 1117 4465 a
1164 4422 1305 4465 terra
1358 4411 1541 4465 Graeca
1573 4410 1655 4464 vel
1690 4410 1888 4475 Attica,

328 4518 616 4575 postquam
655 4505 994 4559 descentleris
1021 4505 1104 4556 via
1129 4517 1342 4570 aspera,
1373 4517 1501 4570 quae
1526 4501 1757 4566 Πλάγιον
1781 4500 1891 4555 Κα-

1982 2025 2340 2093 Παλαιολόγος
2369 2028 2675 2093 Μαμωνᾶς,
2708 2028 2845 2096 ἀνὴρ
2879 2027 3124 2096 ἄριστος,
3164 2026 3276 2091 υίὸς
3309 2029 3405 2080 τοῦ
3454 2045 3548 2097 με-

1980 2116 2145 2182 γάλου
2198 2117 2387 2179 δουκὸς
2418 2119 2673 2184 Μαμωνᾶ
2715 2117 2809 2169 τοῦ
2865 2117 3215 2188 κυριεύοντός
3268 2135 3399 2170 ποτε
3448 2120 3547 2187 τῆς

1980 2207 2370 2275 Μονεμὸασίας
2399 2209 2493 2259 καὶ
2524 2209 2633 2260 τῶν
2660 2212 2786 2274 περὶ
2834 2210 3029 2279 αὐτὴν,
3067 2210 3162 2262 καὶ
3200 2212 3297 2263 σὺν
3334 2212 3484 2278 αὐτῷ
3514 2213 3548 2279 ἠ

1980 2301 2180 2367 ἀδελφή
2212 2318 2311 2367 μου
2346 2304 2375 2368 ἡ
2408 2302 2547 2372 γυνὴ
2580 2302 2730 2371 αὐτῷ
2764 2300 2919 2355 οὖσα·
2951 2304 3044 2355 καὶ
3086 2304 3145 2355 ἓν
3189 2305 3401 2355 παιδίον
3446 2305 3547 2355 αὐ-

1979 2391 2087 2441 τῶν
2139 2391 2294 2457 θῆλυ,
2326 2392 2353 2443 ὃ
2407 2390 2575 2461 εἶχον,
2625 2393 2882 2455 ἀπέθανε,
2931 2395 3023 2445 καὶ
3079 2392 3216 2461 μετὰ
3246 2393 3343 2456 τὰς
3405 2392 3546 2445 ἑπτὰ

1986 2480 2193 2550 ἡμέρας
2228 2483 2325 2550 τῆς
2358 2481 2525 2551 θανῆς
2570 2484 2663 2535 τοῦ
2710 2483 2927 2545 παιδίου
2965 2484 3239 2537 ἀπέθανεν
3284 2488 3309 2536 ό
3341 2485 3542 2553 πατὴρ,

1983 2574 2076 2625 καὶ
2108 2573 2269 2625 πάλιν
2306 2574 2441 2643 μετά
2474 2574 2615 2626 ἑπτὰ
2645 2576 2864 2645 ἡμέρας
2897 2577 2997 2642 τῆς
3048 2576 3240 2627 τούτου
3288 2574 3545 2641 τελευτῆς

1982 2664 2298 2730 ἐτελεύτησε
2329 2665 2422 2718 καὶ
2450 2667 2481 2733 ἡ
2517 2667 2722 2736 μήτηρ,
2763 2668 2840 2719 ἔτι
2866 2667 2923 2719 δὲ
2960 2668 3053 2719 καὶ
3086 2666 3143 2733 ἓξ
3181 2667 3290 2719 τῶν
3324 2667 3546 2735 ὑποκει-

1985 2756 2115 2825 ρίων
2141 2756 2319 2806 αὐτῶν
2370 2757 2581 2826 ἀνδρῶν
2630 2775 2689 2808 τε
2740 2760 2835 2809 καὶ
2882 2758 3183 2824 γυναικῶν·
3223 2758 3316 2809 καὶ
3366 2758 3457 2809 δύο
3491 2757 3549 2820 ἐξ

1983 2845 2164 2898 αὐτῶν
2240 2848 2394 2915 μόνοι
2459 2849 2972 2919 ὲναπελείφθησαν,
3026 2851 3121 2902 καί
3173 2849 3419 2910 ἐλθόντες
3470 2853 3549 2911 είς

1986 2941 2561 2994 Κωνσταντινούπολιν
2597 2940 2750 2995 εἶπον
2794 2946 2851 2994 ἐν
2883 2945 2983 3013 μιᾷ
3038 2945 3188 3010 φωνῇ
3235 2942 3407 2995 ταῦτα
3440 2945 3551 3004 τοῖς

1983 3032 2186 3095 ἀθλίοις
2217 3050 2317 3102 μου
2351 3034 2571 3101 γονεῦσι
2597 3051 2611 3065 ⁸
2664 3037 2761 3090 καὶ
2801 3037 2864 3087 ἐκ
2890 3036 2986 3104 τῆς
3017 3036 3283 3106 τοσαύτης
3318 3036 3551 3104 θλίψεως

1986 3125 2080 3176 καὶ
2111 3126 2550 3194 ἀπαραμυθήτου
2579 3128 2754 3196 λύπης
2785 3129 2841 3180 ὲν
2872 3128 3131 3198 ἀσθενείᾳ
3168 3128 3426 3188 πεσόντες
3458 3128 3552 3180 καὶ

1990 3217 2176 3285 σχεδὸν
2213 3221 2290 3279 εἰς
2332 3218 2575 3271 κίνδυνον
2632 3217 2865 3272 θανάτου
2925 3220 3082 3287 110
3139 3214 3324 3288 ἦλθον.
3352 3219 3428 3271 Δι’
3485 3220 3551 3288 ἢν

1990 3308 2166 3360 αίτίαν
2199 3308 2299 3360 οὐκ
2348 3304 2510 3377 ἦλθεν
2542 3311 2569 3361 6
2630 3310 2897 3379 γεννήσας
2952 3325 3039 3378 με,
3102 3307 3255 3375 κάγὼ
3312 3310 3390 3370 εἰς
3449 3308 3551 3376 τὴν

1989 3492 2223 3546 excessit
2272 3508 2301 3545 e
2349 3492 2484 3545 vivis
2542 3493 2859 3563 Euthymius
2921 3497 3251 3564 patriarcha,
3313 3498 3367 3551 in
3399 3496 3553 3565 Cujus

1994 3587 2167 3638 locum
2200 3586 2287 3639 die
2323 3586 2441 3639 Maii
2474 3587 2535 3639 2|
2566 3588 2813 3655 ejusdem
2839 3592 2966 3644 anni
2991 3600 3307 3659 surrogatus
3343 3602 3419 3648 est
3462 3589 3553 3645 Jo-

1990 3679 2212 3745 sephus,
2266 3680 2598 3746 metropolita
2635 3679 2845 3746 Ephesi.
2874 3682 3029 3735 Anno
3054 3683 3217 3749 6915,
3264 3692 3553 3737 autumna-

1996 3768 2028 3821 li
2065 3779 2396 3837 tempestate,
2433 3770 2722 3837 imperator
2774 3769 3031 3836 Joannes,
3059 3790 3179 3828 cum
3214 3774 3553 3843 inPclopun-

1995 3875 2179 3914 nesum
2214 3862 2580 3927 prollriscens,
2608 3865 2861 3916 transiret
2895 3864 3365 3931 Thessalonicam,
3442 3866 3555 3919 Mn-

1994 3955 2264 4022 stapham,
2291 3954 2815 4023 spuriumBajazetis
2854 3956 3041 4021 lilium,
3071 3973 3231 4028 quem
3264 3960 3552 4012 Amurates

1995 4059 2230 4110 ameras,
2268 4046 2433 4097 frater
2472 4048 2611 4113 ejus,
2642 4050 3093 4131 persequebatur,
3151 4053 3358 4121 recepit
3390 4060 3445 4105 et
3496 4052 3549 4105 in

1996 4132 2256 4188 Lemnum
2291 4136 2519 4204 indeque
2538 4134 2839 4190 Mizithram
2860 4139 3024 4194 misit.

2071 4227 2171 4280 Per
2206 4228 2438 4282 hiemem
2476 4229 2721 4298 ejusdem
2750 4231 2877 4284 anni
2912 4234 2980 4285 ad
3020 4232 3249 4287 Pontum
3284 4234 3550 4287 Euxinum

1996 4319 2107 4373 sive
2136 4318 2280 4374 Mare
2303 4320 2521 4389 Nigrum
2554 4323 2807 4375 saeviente
2832 4324 3156 4391 pestilentia,
3200 4342 3319 4380 cum
3346 4328 3394 4379 in
3422 4330 3555 4382 urbe

1995 4412 2229 4480 quadam
2263 4411 2377 4479 ejus
2415 4414 2648 4481 regionis
2683 4430 2803 4466 cum
2844 4425 2951 4467 tota
2985 4415 3187 4468 familia
3224 4428 3368 4472 esset
3399 4434 3553 4473 eam-

1998 4517 2103 4571 que
2134 4512 2343 4571 regeret
2370 4502 2543 4557 aliinis
2574 4520 2727 4559 meus
2757 4504 3050 4572 Gregorius
3080 4507 3416 4577 Palteologus
3443 4510 3556 4562 MJ-

328 4598 429 4650 κόν
460 4596 846 4659 dicitur,douec
890 4595 941 4647 in
984 4592 1262 4661 planitiem
1307 4592 1513 4655 venias,
1545 4592 1729 4660 quoin
1777 4591 1892 4645 loco
1926 4616 1968 4671 υ
2000 4608 2210 4658 tnonas,
2238 4593 2379 4647 ﬁlius
2411 4594 2589 4659 magni
2641 4595 2795 4648 ducis
2840 4594 3122 4661 Mantonze,
3155 4597 3295 4665 ejus,
3328 4600 3418 4667 qui
3452 4601 3555 4652 ali-

329 4689 475 4743 muri
507 4688 578 4741 illi
603 4688 860 4740 exstructi
914 4697 1090 4748 erant,
1129 4686 1303 4739 stadia
1359 4685 1580 4753 triginta
1618 4700 1687 4749 ;a
1721 4685 1892 4736 muris

324 4779 531 4833 deinde
565 4792 734 4845 usque
768 4780 833 4830 ad
881 4775 1129 4829 Corinthi
1186 4776 1353 4828 colles
1397 4790 1687 4841 arcemque
1731 4789 1892 4841 supra

326 4871 503 4924 nubes
520 4870 843 4922 eminentem
875 4876 929 4922 et
961 4868 1118 4920 linem
1144 4867 1327 4921 Isthmi
1357 4868 1528 4921 stadia
1548 4869 1709 4921 multa
1742 4879 1888 4920 sunt.

329 4962 734 5027 Peloponnesus
763 4958 890 5012 folio
921 4942 1119 5027 platani
1141 4959 1416 5012 simillima
1447 4968 1553 5023 est,
1580 4959 1893 5027 cujuscau-

329 5055 442 5106 lem
467 5050 700 5105 Isthmus
723 5050 906 5103 refert.
946 5048 1002 5102 ln
1030 5065 1094 5104 eo
1117 5051 1387 5103 exstruxit
1445 5051 1738 5116 imperator
1787 5060 1896 5103 tur-

332 5160 427 5198 res
448 5153 659 5195 centum
694 5141 1085 5210 quinquaginta
1137 5150 1263 5195 tres.
1309 5143 1636 5195 Invenerunt
1690 5152 1801 5195 tum
1840 5143 1889 5195 in

331 5248 607 5287 marmore
634 5234 730 5286 has
779 5234 989 5287 litteras
1039 5233 1333 5303 insculptas
1362 5250 1377 5287 :
1416 5254 1435 5285 ι
1469 5232 1671 5287 Lumen
1709 5250 1774 5289 ex
1810 5235 1892 5287 lu—

333 5324 505 5384 mine,
558 5320 697 5375 Deus
740 5338 895 5377 verus
918 5338 984 5377 ex
1024 5322 1142 5377 Deo
1174 5338 1301 5379 vero
1355 5325 1626 5378 custodiat
1659 5325 1891 5394 impera-

329 5426 508 5467 torem
550 5410 917 5467 lustinianum
945 5425 997 5467 et
1019 5414 1227 5468 ﬁdelem
1256 5414 1376 5481 ejus
1427 5415 1731 5469 ministrum
1769 5414 1893 5469 Vic-

331 5505 569 5557 torinum
610 5514 665 5556 et
689 5520 875 5558 omnes
898 5504 1121 5559 Graeciae
1161 5506 1364 5560 incolas
1420 5507 1512 5575 qui
1557 5508 1721 5561 vitam
1759 5521 1889 5562 con-

330 5594 573 5647 formant
598 5598 664 5645 ad
688 5595 1013 5649 voluntatem
1050 5596 1163 5649 Dei.
1205 5614 1223 5647 ι

403 5686 565 5738 Anno
588 5684 751 5745 69M,
782 5702 967 5739 mense
1005 5688 1515 5758 Martio,itnperator
1544 5698 1616 5753 et,
1652 5691 1742 5757 qui
1771 5706 1891 5745 eum

331 5774 623 5829 comitatus
647 5788 785 5841 erat,
824 5795 1109 5847 procerum
1143 5783 1279 5834 ordo
1318 5782 1635 5843 universus.
1675 5782 1887 5850 Cpulim

334 5866 616 5923 redierunt
652 5884 664 5921 :
698 5884 803 5938 quo
826 5871 1012 5925 eodem
1043 5888 1247 5937 mense,
1276 5882 1395 5942 post
1413 5872 1557 5929 illius
1576 5874 1890 5944 adventum,

1995 4687 2208 4755 quando
2239 4685 2659 4742 Monembasiam
2687 4702 2808 4740 cum
2855 4688 3098 4743 finitimis
3127 4690 3342 4757 oppidis
3384 4693 3556 4743 admi-

1996 4777 2285 4841 nistrabat,
2310 4786 2366 4831 et
2386 4779 2525 4847 apud
2558 4793 2679 4833 eum
2703 4791 2849 4833 esset
2870 4796 3025 4834 soror
3052 4797 3191 4845 mea,
3223 4782 3346 4851 ejus
3395 4799 3553 4848 uxor,

1995 4883 2182 4923 eorum
2227 4868 2356 4934 ﬁlia,
2408 4885 2572 4937 quam
2622 4870 2835 4924 unicam
2883 4872 3085 4940 prolem
3131 4874 3422 4939 habebant,
3462 4893 3555 4928 ex-

1995 4963 2194 5014 stincta
2223 4970 2326 5023 est,
2354 4970 2407 5015 et
2432 4970 2553 5028 post
2576 4961 2755 5015 ﬁliola:
2789 4961 3013 5016 mortem
3044 4964 3133 5017 die
3158 4967 3387 5032 septimo
3420 4966 3557 5019 obiit

1994 5058 2165 5116 pater,
2185 5065 2507 5119 rursumque
2530 5061 2647 5119 post
2667 5052 2887 5106 totidem
2910 5054 3024 5108 dies
3040 5055 3201 5107 etiam
3226 5065 3395 5107 mater
3413 5071 3556 5107 mor-

1995 5155 2083 5192 tua
2108 5150 2209 5201 est,
2245 5150 2297 5194 et
2332 5149 2586 5209 printerea
2607 5156 2700 5195 sex
2731 5143 3008 5196 domestici
3033 5146 3314 5211 utriusque
3350 5162 3543 5204 Sexus.

1997 5231 2213 5286 duobus
2268 5240 2478 5286 tantum
2510 5234 2734 5301 relictis,
2764 5235 2852 5302 qui
2886 5236 3095 5304 Cpolim
3145 5236 3391 5305 profecti,
3442 5256 3551 5291 uno

1999 5338 2092 5378 ore
2130 5323 2349 5378 miseris
2380 5326 2698 5393 parentibus
2724 5327 2856 5381 meis
2891 5328 3049 5381 istum
3081 5330 3328 5383 nuntium
3359 5331 3554 5383 attule-

1997 5424 2141 5470 runt.
2180 5413 2245 5467 lli
2286 5430 2353 5469 ex
2393 5418 2763 5487 tnagnitudine
2792 5420 3121 5474 calamitatis
3154 5432 3205 5474 et
3232 5421 3420 5475 tlulore
3464 5440 3553 5473 eo-

1998 5506 2110 5559 latii
2136 5506 2439 5574 impatienti
2473 5508 2523 5560 in
2554 5510 2798 5562 morbum
2832 5512 2966 5563 adeo
2996 5526 3100 5564 non
3140 5511 3310 5564 levem
3345 5513 3549 5565 incide-

1997 5605 2146 5661 runt,
2180 5605 2237 5649 ut
2271 5597 2323 5650 in
2356 5598 2653 5664 periculum
2679 5600 2801 5653 vitae
2830 5600 3094 5658 venirent.
3126 5600 3240 5667 Qua
3270 5604 3336 5656 de
3365 5620 3552 5665 causa,

1998 5704 2119 5741 cum
2158 5702 2309 5757 pater
2341 5708 2491 5744 mens
2525 5702 2667 5746 esset
2696 5696 3041 5760 prtepeditos,
3072 5710 3171 5763 ego
3198 5711 3318 5747 cum
3344 5695 3552 5749 Thuma

2000 5782 2241 5850 principe
2270 5782 2320 5837 in
2347 5782 2779 5850 Peloponnesum
2800 5785 3096 5853 profectus,
3124 5787 3267 5841 illius
3293 5787 3552 5856 fungebar

2000 5874 2176 5931 ollieio
2222 5876 2276 5930 in
2319 5877 2623 5931 cmnatione
2673 5886 2731 5931 et
2761 5877 3033 5945 cubiculo,
3093 5878 3547 5950 quemadmodum
