4134 6452
247 442 357 510 ἿΞ9
1300 450 1747 515 CURONICON
1784 454 1805 511 Β

1908 451 2055 516 ΙΗΞ.
2083 480 2151 490 -
2180 454 2328 517 LIB.
2365 454 2414 515 ῐ.

3362 453 3475 515 Ἷ3θ

249 575 370 623 σας,
396 560 423 612 6
447 548 515 613 δὲ’
536 557 789 628 βασιλεὺς
820 558 913 615 καὶ
942 562 989 615 ol
1016 560 1121 615 υἱοὶ⁸
1143 562 1306 617 αὐτοῦ
1335 563 1483 616 ἔνεον
1512 564 1622 616 τῶν
1654 563 1807 632 τριή-
1837 566 1882 625 Α
1913 563 2069 618 ἔλαϐε
2104 564 2254 635 παρὰ
2285 564 2393 617 τῶν
2425 562 2940 634 συμὸουλευσάντων
2988 560 3148 617 αὐτόν
3205 576 3333 614 ποτε
3392 562 3478 614 (va

251 666 393 717 ρεων
426 650 612 719 ἢσθιον
643 652 737 705 καὶ
781 653 986 717 ἔπινον,
1026 654 1121 706 καὶ
1150 654 1458 715 ἀποστολὰς
1502 656 1802 724 τροφίμους

246 734 329 802 εἷς
360 742 492 809 πρὸς
514 742 605 794 τὸν
638 742 824 811 ἕτερον
856 743 1201 797 ἀπέστελλον.
1238 742 1372 811 Περὶ
1397 742 1491 795 οὖν
1517 744 1607 795 τὸν
1638 743 1804 794 ἐσπε-

249 834 394 902 ρινὸν
425 835 454 886 6
504 835 723 901 άμηρᾶς
769 834 1006 900 εφιππος
1054 835 1262 903 ἀπῆλθε
1312 837 1401 886 καλ⁵
1448 835 1497 886 οι
1530 835 1628 888 σὺν
1656 834 1806 898 αὐτῷ

245 926 336 978 διὰ
366 926 463 993 τῆς
509 925 627 978 ὁδοῦ
658 927 754 996 τῆς
790 927 919 994 περὶ
948 926 1044 996 τὴν
1093 928 1466 995 Νικομήδειαν
1508 927 1803 998 φερούσης,

245 1018 275 1069 6
300 1017 357 1069 δὲ
382 1016 634 1084 βασιλεὺς
661 1018 755 1070 καὶ
775 1018 823 1069 οί
861 1017 963 1069 υίοὶ
997 1016 1160 1070 αὐτοῦ
1190 1017 1432 1086 ἀπῆλθον
1460 1017 1664 1071 οἶκαδε.

316 1111 416 1179 λη’.
445 1111 531 1179 Τῴ
554 1111 608 1164 δὲ
635 1110 755 1178 ἔαρι
784 1108 877 1163 τοῦ
927 1109 1091 1162 αὐτοῦ
1127 1110 1279 1172 ετους
1335 1110 1747 1178 ἐπαναστρέψας
1779 1110 1807 1162 6

244 1202 462 1270 ἀμηρᾶς
486 1203 565 1261 είς
592 1202 689 1270 τὴν
708 1202 856 1255 δύσιν
902 1200 992 1254 διὰ
1020 1201 1117 1270 τῆς
1168 1200 1287 1254 ὁδοῦ
1332 1202 1453 1266 τῆς
1476 1200 1809 1253 Καλλιουπό-

243 1292 381 1353 λεως
411 1292 651 1360 ἀπῆλθεν
676 1294 755 1355 είς
797 1294 895 1361 τὴν
936 1293 1403 1364 ’Δνδριανούπολιν
1436 1310 1451 1325 ·
1492 1295 1519 1344 6
1553 1292 1610 1344 δὲ
1656 1292 1808 1359 βασι-

243 1382 368 1443 λεὺς
404 1383 703 1451 ἑτοιμάσας
726 1383 815 1436 τὸν
838 1384 1132 1453 Δεοντάριν
1160 1384 1469 1453 Δημήτριον
1496 1383 1630 1452 πρὸς
1667 1383 1809 1436 ἐκεῖ-

242 1489 335 1523 νον
359 1472 697 1539 ἀπέστειλεν,
722 1473 812 1526 ἴνα
837 1474 966 1544 περὶ
992 1474 1103 1527 τῶν
1128 1473 1625 1542 προμελετωμένων
1664 1474 1809 1542 μάθῃ

246 1563 339 1615 καὶ
369 1564 515 1633 αὐτῷ
545 1563 884 1634 προμηνύσῃ,
918 1564 976 1617 δν
1018 1564 1111 1619 καὶ
1146 1565 1333 1636 ὲλέγξῃ
1378 1563 1533 1634 113
1568 1564 1810 1633 περὶτῆς

244 1655 413 1723 καλῆς
443 1656 661 1725 ἀγάπης
687 1656 778 1710 καὶ
806 1656 971 1726 τιμῆς
1010 1657 1077 1726 ἣν
1106 1657 1239 1725 πρὸς
1265 1659 1471 1709 ἐκεῖνον
1502 1655 1810 1720 ἐπεδείξατο

241 1748 339 1799 καὶ
362 1745 488 1815 περὶ
524 1745 616 1798 τοῦ
638 1749 956 1817 περάματος
990 1748 1085 1800 καὶ
1112 1748 1201 1801 διὰ
1231 1747 1326 1801 τοῦ
1352 1749 1593 1801 τοιούτου
1642 1746 1811 1816 πρέσ-

241 1835 392 1899 6υος,
423 1839 517 1890 καὶ
543 1840 834 1908 πρόσωπον
862 1839 1003 1907 λέγω
1032 1841 1125 1894 καὶ
1162 1842 1228 1894 τὰ
1248 1840 1394 1910 δῶρα
1422 1840 1458 1894 ἃ.
1483 1838 1807 1908 προσεκόμι-

1908 655 2078 726 πιάσῃ
2096 655 2284 708 αὐτόν·
2313 655 2595 722 εὑρίσκετο
2623 651 2681 708 δδ
2705 655 2825 708 τότε
2855 655 2884 706 6
2917 652 3166 723 βασιλεὺς
3204 652 3270 707 δι’
3290 652 3469 705 αίτίαν

1904 745 2093 812 λοιμοῦ
2121 746 2263 816 ὲντῇ
2305 748 2439 815 μονῇ
2475 746 2568 813 τῆς
2626 744 3009 817 Περιὸλέπτου.
3067 742 3238 805 Μόλις
3280 741 3374 796 οὖν
3414 742 3464 796 δι

1907 838 2072 906 ἄλλης
2117 835 2235 889 ὁδοῦ
2294 837 2394 905 τῆς
2445 837 2579 907 πρὸς
2600 838 2697 906 τὴν
2752 835 3117 906 Μεσημϐρίαν
3163 834 3474 902 άπαγούσης

1908 928 2042 979 ποτὲ
2071 926 2303 980 ἔστειλεν
2331 930 2357 980 6
2404 928 2695 995 Λεοντάρις
2726 928 2950 997 δρομέα,
2986 930 3079 980 καὶ
3134 926 3341 979 ἐκεῖθεν
3394 926 3479 979 διὰ

1910 1017 2184 1084 θαλάσσης
2213 1015 2379 1069 ἐλθὼν
2401 1016 2690 1085 ἐκομίσατο
2723 1016 2939 1085 γραφὴν
2967 1015 3095 1085 περὶ
3124 1015 3217 1068 τοῦ
3250 1014 3478 1067 Θανάτου

1918 1108 2077 1179 ιιάΙ
2108 1108 2200 1160 τοῦ
2239 1109 2427 1179 άμηρᾶ
2451 1123 2466 1139 ⁸
2496 1108 2587 1159 καὶ
2611 1108 2822 1174 ὲγένετο
2852 1108 2906 1158 ὲν
2950 1108 3135 1176 ἐκείνῃ
3170 1108 3234 1175 τῇ
3298 1104 3477 1175 ἡμέρᾳ

1907 1200 1966 1249 τά
2010 1215 2022 1228 ⁸
2053 1219 2071 1251 ι
2122 1200 2399 1270 Ἐσπέρας
2432 1199 2830 1268 αὐλισθήσεται
2862 1197 3158 1265 κλαυθμὸς,
3199 1196 3292 1249 καὶ
3322 1198 3402 1259 είς
3421 1195 3479 1247 τὸ

1909 1290 2052 1361 πρωῒ
2078 1291 2418 1358 άγαλλίασις.
2459 1309 2477 1341 ι
2512 1292 2621 1345 Kal
2662 1291 2768 1344 ίδού
2800 1290 2994 1342 ἔπεσον
3028 1290 3105 1352 εἰς
3135 1287 3325 1357 ἑτέραν
3355 1289 3477 1357 βου-

1908 1382 2004 1451 λὴν
2042 1387 2134 1438 καὶ⁵
2172 1384 2419 1451 μελέτην,
2459 1384 2683 1451 πότερον
2710 1382 2852 1451 ἔχειν
2881 1382 3019 1451 μετὰ
3066 1380 3163 1433 τοῦ
3220 1379 3347 1433 γυίοῦ
3380 1380 3478 1433 αὐ-

1909 1474 2003 1526 τοῦ
2049 1474 2383 1542 ’Δμουράτου
2415 1473 2635 1541 ἀγάπην
2662 1474 2754 1526 καὶ
2800 1472 3268 1542 παραχωρήσωσιν
3325 1467 3465 1523 εἶναι

1910 1564 2069 1617 αὐτὸν
2096 1564 2381 1630 αὐθέντην,
2410 1563 2484 1626 ὼς
2523 1564 2713 1616 καὶτὰ
2757 1565 3105 1633 ὀρκωμοτικά
3162 1562 3326 1615 αὐτοῦ
3375 1563 3481 1614 διε-

1910 1658 2203 1727 λάμϐανον,
2232 1659 2263 1727 ἢ
2293 1659 2379 1712 ἵνα
2404 1658 2612 1727 φέρωσι
2645 1658 2735 1711 τὸν
2764 1658 3096 1724 Μουσταφᾶν
3120 1657 3225 1709 ἀπὸ
3255 1656 3355 1727 τὴν
3380 1658 3480 1710 Mt-

1913 1750 2103 1821 ζιθρᾶν
2134 1753 2227 1805 καὶ
2270 1753 2685 1821 καταστήσωσιν
2732 1750 2892 1803 αὐτὸν
2946 1748 3210 1818 αὐθέντην
3256 1749 3335 1811 είς
3386 1746 3482 1816 τὴν

1912 1843 2083 1906 δύσιν,
2108 1841 2203 1895 καὶ
2228 1844 2256 1895 6
2315 1842 2654 1911 ’Δμουράτης
2691 1841 2871 1894 εσεται
2898 1841 2957 1893 ὲν
2985 1841 3051 1909 τῇ
3097 1838 3251 1907 Ἀσίᾳ
3288 1839 3481 1892 αὐθέν-

241 1944 335 1980 σεν
392 1928 557 1998 αὐτῷ.
626 1932 773 1983 Ἰδὼν
825 1932 983 1984 αὐτὸν
1027 1934 1055 1985 6
1109 1908 1336 2003 άμτιρᾶς⁷
1355 1931 1490 2001 μετὰ
1519 1928 1685 1998 τιμῆς
1717 1928 1810 1980 καὶ
1838 1908 1885 1966 Β
1911 1950 2030 2003 της,
2058 1932 2151 1985 τοῦ
2180 1931 2278 2001 μὶν
2305 1908 2564 1998 βασιλέως
2589 1934 2679 1985 καὶ
2713 1933 2916 2001 πατρὸς
2977 1908 3040 1984 τδ
3100 1931 3315 1998 πρῶτον
3362 1930 3482 2000 βους

239 2012 461 2083 ἀγάπης
500 2015 697 2086 πολλῆς
731 2016 943 2084 ἐδέξατο
968 2016 1057 2070 τὸν
1088 2018 1345 2070 τοιοῦτον.
1391 2018 1498 2069 Kal
1522 2018 1671 2079 τέλος
1730 2010 1804 2067 εἶ-

239 2122 343 2159 πεν
377 2105 521 2176 αὐτῷ
548 2107 575 2159 6
601 2106 817 2177 άμηρᾶς
846 2111 928 2162 ὅτι
957 2109 1191 2161 ἀσθενῶν
1220 2105 1331 2178 εἶχε
1380 2110 1528 2171 τινάς
1570 2110 1801 2181 ἡμέρας,

239 2196 337 2250 καὶ
370 2198 504 2265 μετὰ
530 2198 588 2249 τὸ
617 2200 833 2267 ὑγιᾶναι
876 2200 1034 2252 αὐτὸν
1068 2199 1202 2269 ὁμοῦ
1248 2201 1655 2254 συναυλίσονται
1712 2206 1803 2256 καὶ

238 2290 707 2361 συνομιλήσουσιν.
750 2292 981 2354 Ἐκεῖνος
1014 2292 1068 2345 δὲ
1108 2292 1427 2361 μετὰ.τρεῖς
1476 2292 1685 2364 ἡμέρας
1745 2297 1803 2347 τὸ

235 2383 343 2452 ζῇν
361 2384 708 2454 ἐξεμέτρησε.
743 2385 851 2437 Kal
880 2386 928 2437 οί
965 2384 1057 2436 τοῦ
1086 2384 1350 2437 παλατίου
1404 2387 1568 2439 αὑτοῦ
1614 2387 1803 2456 βουλη-

236 2473 399 2543 φόροι
450 2475 548 2526 οὐκ
598 2474 952 2544 ἀπεκάλυψαν
996 2476 1053 2527 τὸ
1108 2476 1321 2544 συμϐὰν
1365 2477 1441 2544 τῷ
1472 2478 1759 2549 Λεοντάρει
1787 2495 1800 2509 ο

234 2564 356 2617 ἀλλ’
384 2567 438 2617 ὲν
462 2567 527 2634 τῇ
559 2569 729 2634 σκηνῇ
768 2565 930 2619 αἰτοῦ
959 2559 1049 2636 ἦν,
1082 2566 1220 2635 τάχα
1274 2566 1563 2635 θαυμάζων
1592 2568 1704 2631 πῶς
1742 2569 1801 2621 οὐ

239 2658 626 2724 προσεκαλεῖτο
650 2658 809 2712 αὐτὸν
837 2659 864 2710 6
887 2659 1125 2727 ἀμηρᾶς,
1152 2658 1297 2719 ὅπως
1322 2662 1413 2710 καὶ
1442 2658 1537 2721 τὰς
1564 2658 1804 2722 δουλείας

233 2750 411 2803 αὐτοῦ
441 2750 665 2821 ἀκούσῃ.
702 2751 835 2803 Κατ’
868 2751 1036 2819 αὐτὴν
1057 2750 1165 2819 γὰρ
1193 2748 1292 2818 τὴν
1322 2748 1471 2819 ὤραν
1498 2750 1683 2802 τούτου
1715 2751 1803 2802 τὸν

234 2843 468 2896 Θάνατον
498 2842 681 2911 μαθὼν
709 2842 933 2904 πολλοὺς
962 2844 1513 2911 γραμματοκομιστὰς
1562 2844 1588 2893 6
1642 2844 1803 2896 Λεον·

235 2935 395 3006 τάρις
435 2935 746 2988 ἀπέστειλεν
774 2937 908 3003 πρὸς
942 2932 1032 2985 τὸν
1068 2933 1310 3000 βασιλέα,
1360 2935 1450 2986 καὶ
1481 2934 1580 2985 οὐκ
1620 2934 1802 3001 ἐδυνή-

235 3026 413 3093 θησαν
451 3025 704 3077 ἀπελθεῖν
753 3025 842 3078 διὰ
868 3026 928 3077 τὸ
960 3020 1095 3077 εἶναι
1140 3023 1464 3091 κλεισμένας
1499 3025 1594 3086 τὰς
1630 3024 1803 3094 λάθρα

234 3116 507 3184 φερούσας
532 3114 681 3177 ὁδοὺς
712 3116 790 3177 είς
822 3114 919 3184 τὴν
970 3114 1141 3184 πόλιν.
1217 3114 1321 3165 Καὶ
1371 3113 1541 3175 οὕτως
1600 3115 1799 3183 ἡμέραι

232 3205 491 3258 πλεῖσται
525 3205 818 3275 παρῆλθον,
852 3203 944 3272 ἀφ’
973 3199 1032 3257 οὗ
1062 3204 1124 3270 δὴ
1153 3203 1211 3255 τδ
1273 3202 1410 3254 κατὰ
1448 3204 1543 3270 τῆς
1597 3204 1801 3265 πόλεως

234 3296 598 3363 ἀπεκαλύφθη
628 3295 944 3365 μυστήριον,
974 3295 1066 3346 καὶ
1095 3295 1253 3363 θρους
1274 3293 1445 3362 μέγας
1474 3293 1687 3361 ἐγένετο
1710 3297 1803 3346 καὶ

237 3387 406 3459 βουλὴ
433 3391 524 3441 καὶ
550 3388 877 3457 μελέτη,καὶ
909 3388 1136 3450 πολλοὺς
1176 3388 1425 3457 ἐλέγχους
1473 3390 1498 3439 6
1554 3388 1802 3459 βασιλεὺς

234 3567 338 3621 bat
372 3574 575 3635 :atque
606 3566 834 3621 invicem
866 3567 965 3621 sibi
999 3576 1183 3636 partes
1210 3568 1468 3622 delicatas
1494 3570 1798 3624 mittebant.

236 3657 359 3713 Sub
398 3672 680 3727 vesperam
718 3674 953 3723 ameras,
999 3675 1139 3729 equo
1172 3661 1431 3725 insidens,
1468 3671 1519 3713 et
1551 3662 1639 3728 qui
1681 3678 1800 3715 cum

233 3750 662 3817 comitabantur,
690 3752 1059 3807 Nicomediam
1093 3768 1284 3807 versus
1320 3752 1589 3812 abierunt,
1632 3753 1806 3820 impe-

236 3853 397 3900 rator
428 3859 549 3898 cum
589 3844 713 3899 {iiiis
745 3844 965 3899 domum
1003 3845 1275 3899 discessit.

312 3937 405 3991 38.
431 3934 569 3991 Vere
599 3937 840 4004 ejusdem
872 3937 999 3990 anni
1024 3948 1300 3991 revertens
1332 3939 1626 4003 amerasin
1656 3939 1803 3993 occi-

234 4028 483 4092 dentem,
528 4028 611 4083 via
652 4043 772 4098 qua:
806 4037 956 4084 trans
1006 4028 1344 4097 Calliopolim
1396 4030 1568 4093 ducit,
1616 4032 1805 4083 Adria-

236 4126 483 4194 nopolim
514 4126 793 4197 profectus
824 4136 931 4182 est.
967 4127 1267 4198 imperatur
1292 4128 1356 4181 ad
1384 4144 1503 4182 eum
1531 4128 1805 4197 expedivit

238 4221 580 4275 Demetrium
633 4220 965 4287 Leontarim,
1021 4233 1102 4285 ut,
1151 4238 1270 4292 qua:
1319 4221 1507 4277 inisset
1554 4222 1803 4286 consilia,

236 4324 602 4383 cognosceret
629 4315 839 4384 sibique
877 4315 1237 4381 renuntiaret,
1274 4330 1507 4385 eumque
1530 4316 1594 4370 de
1632 4316 1823 4385 gratia.

236 4416 300 4462 ct
332 4404 556 4471 bonore,
588 4422 707 4476 quas
745 4408 795 4460 ei
835 4407 1195 4475 prmstitisset,
1220 4418 1273 4462 et
1301 4408 1368 4461 de
1408 4407 1806 4462 transvectione

239 4508 517 4562 moneret,
542 4498 753 4566 legatus
789 4506 898 4551 tum
925 4512 1167 4567 persona:
1195 4499 1475 4569 dignitate,
1508 4507 1617 4549 tum
1646 4498 1809 4550 dono-

1908 2025 2205 2092 λευομένου
2236 2025 2325 2077 καὶ
2357 2024 2627 2090 κρίνοντος
2673 2024 2895 2085 δικαίως
2923 2025 2985 2076 ἐκ
3029 2023 3238 2075 πολλῶν
3295 2022 3482 2075 αἰτιῶν

1908 2117 1992 2168 ἵνα
2023 2118 2052 2167 6
2110 2115 2447 2185 Ἀμουράτης
2494 2117 2755 2182 αὐθέντης
2812 2116 3057 2186 γένηται,
3107 2114 3199 2167 τοῦ
3253 2115 3309 2167 δὲ
3365 2113 3481 2166 υἱοῖ

1905 2209 2067 2262 αὐτοῦ
2098 2210 2188 2261 καὶ
2219 2211 2310 2261 τοῦ
2340 2207 2790 2277 Καντακουζηνοῦ
2840 2209 3151 2279 Δημητρίου
3202 2209 3287 2261 ἵνα
3330 2208 3482 2274 ποιή-

1905 2316 2039 2352 σωσι
2072 2302 2162 2352 τὸν
2190 2299 2543 2370 Μουσταφᾶν,
2565 2300 2814 2366 λέγοντες
2848 2301 2930 2353 ὅτι
2964 2300 3129 2351 ἐδιδεν
3151 2300 3333 2361 αὐτοῖς
3388 2301 3482 2351 καὶ

1902 2390 2001 2460 τὴν
2038 2391 2454 2445 Καλλιούπολιν.
2488 2392 2656 2454 Μόλις
2689 2391 2745 2444 δέ
2780 2410 2909 2445 ποτε
2939 2394 3098 2445 οἱονεὶ
3134 2391 3271 2444 κατὰ
3298 2408 3479 2460 παρα-

1903 2481 2144 2551 χώρησιν
2175 2485 2202 2535 6
2240 2483 2491 2551 βασιλεὺς
2523 2483 2750 2536 δέδωκεν
2773 2482 3018 2547 ἐξουσίαν
3039 2484 3115 2552 τῷ
3144 2482 3261 2551 ζυΞῷ
3318 2482 3481 2535 αὐτοῦ

1902 2574 2072 2640 λέγων
2100 2590 2113 2604 ο
2147 2593 2165 2625 ι
2222 2573 2360 2641 Ἐγὼ
2392 2574 2499 2643 γὰρ
2533 2575 2668 2643 eiul,
2693 2576 2773 2628 υίέ
2800 2592 2923 2643 μου,
2951 2576 3129 2643 γέρων
3184 2577 3278 2627 καὶ
3322 2573 3481 2628 άσθε-

1904 2665 1997 2733 νὴς
2025 2668 2114 2716 καὶ
2142 2666 2305 2732 ἐγγὺς
2334 2666 2424 2719 τοῦ
2453 2666 2681 2719 θανάτου
2707 2682 2722 2698 ο
2770 2665 2868 2735 τὴν
2918 2661 3011 2719 οὖν
3061 2664 3336 2733 βασιλείαν
3383 2668 3478 2718 καὶ

1902 2755 1969 2806 τά
2002 2754 2169 2822 αὐτῆς
2195 2756 2398 2807 δέδωκά
2434 2772 2537 2817 σοι,
2562 2754 2654 2807 καὶ
2706 2752 2910 2823 πρᾶξον
2968 2752 3040 2815 ὡς
3081 2751 3280 2821 βούλει.
3324 2770 3342 2801 ι
3391 2751 3479 2804 Ἐν

1903 2844 1957 2896 δὲ
1988 2845 2062 2913 τῷ
2086 2845 2445 2914 Σεπτεμόρίῳ
2474 2845 2604 2913 μηνὶ
2629 2845 2720 2897 τοῦ
2750 2841 2933 2915 ,ςῶιισ
2962 2843 3112 2904 ἔτους
3149 2842 3283 2911 μετὰ
3312 2840 3475 2894 πλεί-

1905 2951 2044 2988 στων
2082 2937 2352 3005 τριήρεων
2378 2934 2619 3003 ἀπῆλθεν
2652 2935 2730 2997 είς
2760 2934 2857 3003 τὴν
2882 2932 3275 2985 Καλλιούπολιν
3306 2934 3333 2983 6
3379 2931 3474 3000 βα-

1905 3022 2085 3084 σιλεὺς
2113 3024 2214 3091 κύρ
2257 3024 2506 3093 Ἰωάννης
2539 3024 2687 3090 ἄγων
2720 3023 2814 3073 σὺν
2844 3021 2991 3090 αὐτῷ
3016 3020 3109 3073 καὶ
3135 3021 3225 3073 τὸν
3250 3020 3472 3089 άμηρᾶν

1903 3117 2242 3184 Μουσταφᾶν
2292 3116 2399 3168 ἀπὸ
2448 3116 2545 3184 τῆς
2603 3116 3025 3183 Πελοποννήσου,
3076 3114 3173 3166 καὶ
3212 3113 3477 3181 αὐθέντην

1907 3205 2153 3271 ἐξέϐαλεν
2191 3208 2267 3268 είς
2307 3206 2401 3275 τὴν
2429 3206 2603 3260 δύσιν.
2670 3206 2843 3275 Καλή
2884 3204 3275 3267 Καλλιούπολις
3311 3222 3478 3272 προσ-

1904 3297 2164 3365 εκύνησεν
2187 3296 2348 3347 αὐτόν
2381 3312 2396 3325 ’
2433 3296 2528 3347 καὶ
2561 3294 2697 3365 μετά
2729 3312 2879 3357 τινας
2925 3296 3136 3365 ἡμέρας
3183 3296 3471 3365 ζητηθεῖσα

1905 3389 2054 3459 παρὰ
2077 3388 2167 3442 τοῦ
2200 3388 2460 3460 βασιλέως
2494 3389 2631 3457 τάχα
2667 3388 2810 3442 κατὰ
2836 3387 2931 3450 τὰς
2960 3388 3297 3459 ὑποσχέσεις,
3332 3391 3472 3441 άπε-

1908 3571 2186 3624 lietnenter
2238 3570 2602 3638 reprehensus
2653 3577 2737 3623 est
2785 3568 3080 3638 imperator
3129 3567 3198 3622 ab
3249 3568 3317 3621 iis
3378 3568 3469 3636 qui

1906 3677 2142 3715 ameram
2187 3661 2753 3731 comprehendendum
2801 3674 2923 3715 esse
2984 3661 3111 3714 olim
3165 3670 3477 3718 suaserant,

1914 3754 2245 3809 Versabatur
2278 3765 2390 3808 tum
2423 3756 2718 3822 imperator
2751 3756 2920 3824 pestis
2963 3755 3197 3807 vitandae
3227 3769 3385 3807 causa
3422 3754 3471 3805 in

1912 3846 2245 3899 monasterio
2282 3846 2623 3913 Peribleptaz.
2656 3844 2754 3899 Vix
2802 3846 3016 3899 tandem
3049 3846 3151 3898 alia
3200 3846 3311 3908 via,
3347 3861 3469 3913 qua:

1911 3937 2289 3990 Mesembriam
2323 3936 2553 4001 ferebat,
2589 3935 2871 3989 Lcontaris
2904 3936 3117 3990 mittere
3147 3938 3320 4004 potuit
3348 3951 3477 3989 cur-

1908 4044 2113 4088 sorem.
2147 4030 2240 4097 qui
2295 4028 2421 4082 inde
2466 4044 2560 4097 per
2602 4043 2752 4083 mare
2798 4027 3096 4098 profectus,
3154 4028 3364 4083 litteras
3411 4030 3478 4081 de

1906 4120 2057 4173 obitu
2098 4134 2295 4172 amerre
2333 4119 2513 4172 attulit
2546 4136 2558 4173 :
2612 4129 2799 4188 atque'
2823 4117 3238 4187 comprobatum
3283 4128 3367 4173 est
3405 4135 3475 4173 eo

1907 4212 1992 4265 die
2023 4212 2226 4265 dictum
2278 4211 2408 4264 illud
2449 4226 2463 4263 :
2517 4230 2535 4257 ι
2564 4208 2786 4278 Vesperi
2833 4210 2989 4266 ﬂetus
3045 4212 3173 4273 erit,
3218 4219 3272 4265 et
3311 4226 3471 4264 mauo

1908 4303 2116 4359 laetitia.
2153 4322 2171 4355 ι
2212 4300 2289 4355 En
2325 4315 2528 4369 autem,
2561 4305 2626 4356 ad
2657 4302 2818 4357 aliam
2848 4316 3034 4357 curam
3069 4303 3318 4358 conversi
3349 4313 3477 4357 sunt

1909 4403 1963 4447 et
2011 4393 2493 4458 consultationem,
2528 4402 2706 4446 utrum
2752 4408 2872 4447 cum
2906 4392 3015 4448 tilio
3047 4393 3165 4463 ejus
3213 4394 3477 4449 Amurato

1910 4482 2206 4555 amicitiam
2236 4482 2438 4535 inirent
2464 4495 2699 4550 eumque
2731 4484 2975 4536 sinerent
3000 4484 3297 4551 principem
3327 4498 3470 4544 esse,

238 4605 390 4656 rum,
424 4603 545 4658 qua,
594 4588 833 4653 auena,
869 4588 1232 4658 ampmudine
1273 4588 1520 4657 i.,§ignis_
1579 4589 1806 4655 [πρεμίι
1842 4607 1885 4662 D
1911 4574 2363 4643 quemadmodum
2392 4586 2524 4627 sane
2553 4572 2671 4642 ejus
2692 4573 2983 4642 exigebant
3013 4584 3375 4636 sacramenta,
3404 4590 3472 4627 an

238 4695 369 4732 eum
393 4680 683 4734 admodum
715 4688 769 4735 et
796 4678 1099 4734 honoriﬁce
1140 4690 1194 4734 et
1224 4680 1397 4734 amice
1430 4694 1663 4743 ameras,
1691 4690 1809 4732 tan-

240 4773 484 4839 demque
518 4770 569 4824 ei
621 4770 786 4836 dixit,
823 4779 1085 4840 aegrotare
1123 4784 1183 4825 se
1232 4770 1352 4825 dies
1397 4771 1507 4839 jam
1555 4770 1804 4839 aliquot:

240 4871 539 4933 postquam
593 4861 984 4927 convaluisset,
1040 4876 1345 4917 sermonem
1399 4877 1458 4917 se
1511 4862 1808 4917 colhturos

237 4970 391 5010 esse.
427 4956 497 5008 At
528 4962 649 5022 post
674 4953 817 5008 diem
848 4956 1066 5008 tertium
1099 4954 1266 5007 vitam
1310 4954 1505 5023 posuit.
1540 4954 1809 5007 Consilia-

240 5046 315 5100 rii
344 5045 459 5114 ejus
481 5044 726 5114 palatini,
756 5045 897 5113 quod
918 5054 1194 5107 evenerat,
1220 5060 1324 5100 non
1350 5060 1609 5116 aperuere
1632 5045 1808 5099 Leon-

246 5137 379 5199 tari,
416 5142 508 5205 qui
541 5137 594 5191 in
627 5138 864 5193 tentorio
890 5152 989 5191 suo
1020 5136 1270 5207 degebat,
1310 5137 1540 5201 mirans,
1566 5153 1663 5192 cur
1702 5153 1807 5191 non

242 5236 544 5282 vocaretur
572 5227 640 5281 ab
686 5241 867 5282 amera
901 5229 967 5280 ad
1010 5227 1389 5297 explicandum
1439 5229 1487 5281 ei
1524 5226 1811 5297 legationis

242 5319 496 5378 consilia.
515 5322 631 5391 ipsa
650 5328 831 5374 autem
859 5317 1010 5385 hora,
1052 5333 1156 5386 qua
1183 5334 1304 5374 eum
1332 5319 1513 5373 obisse
1536 5320 1808 5386 cognovit,

246 5413 571 5469 tabellarios
619 5413 921 5481 complures
967 5412 1033 5467 ad
1063 5412 1446 5481 imperatorem
1500 5411 1670 5477 misit,
1718 5409 1809 5479 qui

244 5518 460 5570 tamen,
502 5507 758 5575 quoniam
808 5508 933 5569 vire,
962 5522 1081 5575 quas
1110 5505 1315 5575 Cpolim
1359 5504 1627 5567 ferebant,
1671 5503 1807 5556 clam

242 5596 529 5670 preclusa
554 5607 732 5660 erant,
765 5612 829 5652 eo
855 5596 1139 5665 pervenire
1161 5610 1263 5648 non
1290 5602 1595 5665 potuerunt.
1623 5591 1811 5662 itaque

244 5690 410 5745 multi
454 5689 569 5743 dies
603 5687 877 5753 eﬂluxerc,
915 5704 979 5742 ex
1028 5702 1135 5757 quo
1185 5702 1444 5741 arcanum
1495 5685 1810 5739 invadendae

249 5780 404 5834 urbis
435 5780 721 5833 consilium
748 5780 941 5847 patuit,
968 5778 1336 5846 tumultusque
1370 5780 1557 5846 ingens
1588 5786 1809 5829 exortus

245 5878 357 5937 est,
387 5870 666 5939 multaque
697 5870 1011 5925 deliberatio
1042 5877 1096 5925 rt
1130 5868 1434 5925 sollicitudo
1468 5876 1604 5931 crat,
1635 5875 1685 5921 et
1714 5882 1806 5921 rc-

1914 4665 2277 4733 Mustapbam,
2309 4664 2557 4717 Mizitbra
2585 4666 2886 4727 reductum,
2921 4664 2973 4717 in
3007 4664 3288 4719 occidente
3319 4666 3468 4733 prin-

1913 4758 2086 4826 cipem
2121 4757 2539 4819 constituerent,
2593 4755 2884 4811 Amurates
2932 4756 3185 4825 princeps
3224 4767 3365 4810 esset
3416 4757 3469 4808 in

1915 4852 2145 4906 oriente.
2197 4847 2500 4920 Imperator
2547 4856 2724 4918 pater,
2780 4850 2875 4919 qui
2911 4850 3121 4919 primus
3148 4850 3471 4905 sententiain

1914 4942 2072 5010 dixit,
2104 4941 2291 4997 multis
2318 4942 2383 4997 de
2426 4942 2611 4996 causis
2633 4955 2845 5010 wquum
2880 4940 3181 5011 judicabat,
3216 4951 3274 4994 ut
3304 4957 3474 5010 penes

1912 5036 2225 5089 Amnratem
2256 5049 2435 5088 rerum
2471 5047 2680 5087 summa
2700 5039 2867 5098 esset,
2901 5032 3041 5087 illius
3070 5042 3251 5087 autem
3282 5033 3397 5101 ejus
3418 5045 3471 5086 et

1916 5124 2223 5182 Demetrius
2272 5125 2708 5187 (latitacuzenus,
2759 5134 2818 5177 ut
2862 5122 3169 5189 Mustapbas
3218 5122 3473 5191 princeps

1916 5218 2089 5282 ﬂeret,
2119 5217 2261 5287 quod
2300 5218 2345 5272 is
2373 5216 2634 5270 Romanis
2663 5216 2898 5270 dedisset
2921 5212 3283 5283 Calliopolim.
3325 5212 3469 5267 Tan-

1913 5312 2058 5373 dem,
2084 5310 2211 5365 licet
2235 5322 2397 5379 δἐι-ο,
2426 5309 2719 5379 imperator
2746 5308 2855 5361 tilio
2877 5306 3093 5377 agendi,
3122 5305 3262 5375 quod
3288 5304 3449 5359 vellet

1912 5410 2237 5471 potestatem
2270 5401 2543 5454 concessit
2570 5399 2655 5453 bis
2681 5399 2863 5453 verbis
2901 5415 2915 5452 :
2952 5414 2970 5449 t
3002 5380 3102 5452 Fili
3144 5396 3239 5459 mi,
3270 5409 3368 5465 ego
3388 5408 3473 5449 se-

1912 5509 2016 5549 nex
2060 5494 2276 5547 infirma
2304 5493 2612 5547 valetudine
2643 5499 2699 5546 et
2731 5490 2889 5546 morti
2926 5490 3259 5559 propinquus
3290 5500 3408 5539 sum
3444 5478 3462 5543 Ξ

1913 5588 2091 5655 itaque
2145 5585 2240 5641 tibi
2264 5586 2415 5641 trado
2443 5585 2725 5654 imperium
2758 5591 2812 5637 et
2843 5597 2961 5652 qua:
2988 5582 3053 5637 ad
3079 5582 3129 5635 id
3155 5579 3421 5648 pertinent
3452 5592 3471 5634 :

1913 5679 2100 5741 facito.
2162 5678 2307 5747 quod
2360 5678 2651 5747 placuerit.
2685 5693 2705 5729 ι
2762 5676 2943 5730 Mense
2991 5674 3293 5743 Septembri
3340 5672 3469 5725 anui

1911 5770 2048 5826 6929
2084 5769 2269 5824 multis
2289 5784 2410 5823 cum
2438 5768 2754 5823 triremibus
2779 5766 3109 5833 Calliopolim
3134 5764 3277 5819 venit
3299 5762 3469 5816 Joan-

1915 5879 2011 5919 nes
2060 5863 2375 5933 imperator,
2417 5859 2753 5929 Mustapbam
2785 5876 2814 5914 ιι
2858 5857 3229 5925 Peloponneso
3280 5866 3463 5910 secum
