4134 6452
687 454 796 519 ἳ¹35

1890 453 2142 515 GEORG
2155 456 2172 513 l
2186 454 2215 514 Ι
2246 453 2669 516 ΡΠΒᾹΝΤΖᾸΞ

3804 456 3915 527 ’136

686 572 944 627 δεσπότου
970 570 1195 634 ἀπόντος
1222 572 1301 633 είς
1335 570 1394 621 τὸ
1419 570 1696 636 κυνήγιον,
1749 573 1901 637 κὶγω
1964 572 2242 639 ἀνέγνωσα
2268 568 2318 630 Δ
2342 570 2597 624 δέσποινα
2617 571 2703 624 ἵνα
2732 569 2951 641 σηρικδν
2980 570 3180 640 ἔνδυμα
3212 571 3561 641 προσφέρωσί
3595 588 3687 640 μοι
3738 572 3914 625 καλὸν

686 665 775 716 τὸν
809 665 1035 735 χάρτην,
1066 666 1157 718 καὶ
1182 665 1502 726 ἀκούσαντες
1533 665 1614 715 ὅτι
1644 664 1872 730 ὑγιαίνει
1906 668 1997 717 καὶ
2022 666 2241 735 ἔμελλεν

685 756 859 809 ἐλθεῖν
886 756 1061 819 καλῶς
1095 758 1173 819 είς
1209 757 1275 809 τὰ
1300 758 1422 825 περὶ
1456 757 1551 824 τὴν
1584 757 1822 823 μεγάλην
1849 755 2095 825 Βλαχῐαν,
2148 759 2242 811 καὶ

685 850 832 911 ὅπως
867 850 1138 902 ἀπέλῢωσι
1168 850 1409 918 τριήρεις
1433 848 1509 909 είς
1541 849 1631 900 τὸν
1660 850 1819 900 τόπον
1849 848 1941 901 τὸν
1977 851 2243 918 ἐπονομα-

685 922 911 1007 ζόμενον
956 938 1180 992 Κελλίον
1228 939 1383 1007 120
1425 940 1516 990 καὶ
1571 939 1768 1007 ἄρασαι
1821 920 1983 992 utier
2012 940 2237 1009 φέρωσι,

687 1032 963 1101 ἐχάρησαν
997 1031 1132 1085 λίαν.
1168 1032 1274 1085 Καὶ
1307 1034 1444 1101 μετὰ
1487 1038 1677 1102 μικρὸν
1717 1032 1979 1096 κελεύσας
2019 1036 2046 1087 6
2088 1035 2239 1104 βασι-

689 1122 813 1185 λεὺς
844 1124 932 1175 τὸν
965 1123 1355 1193 ίματοφύλακα,
1386 1123 1550 1177 ἔδωκέ
1593 1142 1679 1193 μοι
1723 1123 1975 1177 κασάδιον
2027 1126 2241 1193 μολιὸὸν

684 1217 962 1283 χαμουχέιν
999 1215 1138 1282 μετὰ
1164 1216 1535 1284 βαρεοκοιλίας
1587 1215 1931 1281 ἐνδεδυμένον
1988 1217 2080 1269 καὶ
2111 1234 2243 1286 χρυ-

689 1308 803 1359 σίου
833 1309 1199 1375 κεντηνάρῖον,
1225 1307 1303 1357 ἐτι
1334 1306 1389 1358 δὲ
1416 1309 1507 1358 καὶ
1534 1307 1627 1359 τὸν
1673 1309 1957 1362 κάλλιστον
2007 1310 2243 1376 γλωσσό⁶

684 1412 850 1464 κομον
873 1398 962 1449 τὸν
1009 1397 1183 1465 μέγαν
1211 1399 1301 1449 καὶ
1328 1397 1545 1467 ὡραῖον,
1570 1400 1628 1451 ὃν
1655 1401 1759 1468 πέρ
1800 1402 1919 1453 ποτ’
1938 1402 2069 1470 ἐμοῦ
2116 1403 2238 1470 ὲζήο

686 1502 765 1537 τει
789 1499 802 1514 ⁸
839 1481 951 1554 εἶχε
974 1486 1081 1553 γὰρ
1105 1488 1185 1539 ὅδε
1218 1490 1243 1536 ὁ
1264 1489 1642 1558 γλωσσόκομος
1690 1490 1835 1542 ἔνδον
1862 1492 2075 1561 λάφυρα
2114 1493 2239 1557 ἄξια

687 1574 809 1634 Θέας
836 1576 1004 1628 πολλὰ
1025 1576 1117 1628 καὶ
1144 1576 1282 1629 καλὰ
1305 1577 1394 1628 καὶ
1416 1577 1577 1646 ἔτερα
1603 1578 1714 1648 είδη
1744 1578 2040 1648 θαυμάσια,
2096 1580 2239 1650 ἅπερ

684 1663 957 1733 ἐδὼοηταν
990 1665 1211 1736 ὕστερον
1245 1668 1381 1734 μετὰ
1409 1667 1504 1735 τὴν
1528 1668 1838 1735 ἀποδημίαν
1861 1670 2023 1722 αὐτοῦ
2051 1671 2113 1723 ὲκ
2140 1672 2239 1738 τῆς

680 1754 835 1807 ἐνθεν
859 1755 1027 1823 ζωῆς,
1057 1757 1125 1809 τὰ
1157 1756 1253 1824 μὲν
1278 1758 1387 1819 τοῖς
1415 1759 1548 1821 υἱοῖς
1582 1758 1769 1825 αὐτοῦ,
1802 1760 1867 1811 τὰ
1906 1758 1962 1811 δὲ
1986 1762 2122 1831 ὑπὲρ
2145 1764 2239 1831 τῆς

2344 662 2604 732 πράσινον
2634 663 2725 716 καὶ
2757 663 3059 733 νομίσματα
3093 667 3449 735 πεντήκοντα,
3477 667 3507 734 η
3547 666 3603 717 δὲ
3635 667 3731 717 νέα
3788 667 3914 717 δέσ-

2342 771 2501 808 ποινα
2530 756 2813 823 μηνύσασα
2850 773 2939 823 μοι
2969 757 3049 809 ὅτι
3077 756 3136 808 τὸ
3162 757 3306 809 δεῖνα
3334 756 3499 825 αὐτῆς
3530 756 3738 823 ἔνδυμα
3774 757 3909 826 ἔση-

2340 860 2429 895 ται
2451 848 2515 913 τῇ
2541 844 2672 914 ἐμοῦ
2696 845 2950 912 συνεύνῳ,
2977 847 3105 898 ὅταν
3149 848 3367 912 γυναικὶ
3401 845 3782 914 συναρμοσθῶ,
3810 848 3912 898 καὶ

2342 935 2588 1002 χρυσίνοι
2612 938 3043 1007 τεσσαράκοντα.

2411 1026 2488 1095 Τῇ
2516 1026 2569 1078 δὲ
2611 1025 2694 1079 κα¹
2740 1027 2835 1080 τοῦ
2902 1030 3117 1081 ἸΙουλίου
3167 1029 3332 1098 μηνὸς
3375 1030 3469 1083 τοῦ
3526 1030 3690 1083 αὑτοῦ
3754 1031 3913 1091 ἔτους

2341 1120 2662 1188 κεκοίμηται
2691 1120 2718 1172 6
2750 1122 2807 1173 ὲν
2828 1123 2891 1190 τῇ
2920 1122 3163 1191 μακαρίᾳ
3212 1124 3277 1189 τῇ
3310 1122 3460 1190 λήξει
3506 1123 3752 1190 ἀοίδιμος
3813 1123 3913 1173 καὶ

2342 1208 2568 1278 εὐσεσὴς
2594 1209 2845 1278 βασιλεὺς
2878 1213 2982 1280 κὺρ
3046 1212 3324 1280 Μανουὴλ,
3376 1212 3430 1275 6;
3470 1212 3557 1265 διὰ
3612 1213 3709 1265 τοῦ
3760 1212 3910 1265 θείου

2342 1300 2435 1352 καὶ
2475 1301 2763 1367 ἁγγελικοῦ
2801 1303 3075 1370 σχήματος
3100 1303 3489 1372 μετωνομάσθη
3535 1303 3643 1371 πρδ
3680 1304 3913 1371 ἡμερῶν

2340 1392 2432 1444 δύο
2465 1393 2562 1461 τῆς
2600 1392 2762 1461 Θανῆς
2794 1393 2956 1445 αὑτοῦ
2989 1393 3264 1455 Ματθαῖος
3300 1395 3530 1463 μοναχός
3561 1409 3577 1424 ·
3608 1396 3698 1447 καὶ
3728 1396 3910 1463 ὲτάτρη

2341 1481 2400 1537 ἓν
2430 1484 2494 1551 τῇ
2532 1482 2801 1552 σεϐασμίᾳ
2837 1482 3085 1552 βασιλικῇ
3115 1484 3209 1535 καὶ
3265 1485 3582 1551 περικαλλεῖ
3617 1488 3756 1553 μονῇ
3811 1485 3909 1535 τοῦ

2342 1576 2815 1643 Παντοκράτορος,
2852 1576 2988 1643 μετὰ
3020 1575 3249 1638 πένθους
3277 1576 3373 1626 καὶ
3400 1575 3703 1644 συνδρομῆς
3726 1575 3817 1626 ιτα
3840 1575 3906 1625 οὔ

2340 1666 2525 1733 γέγονε
2571 1669 2779 1720 πώποτε
2840 1667 2975 1735 πρός
3036 1683 3157 1720 τινα,
3203 1667 3307 1720 τῶν
3356 1667 3551 1743 ἄλλων.
3618 1663 3805 1720 Ἦσαν
3850 1668 3912 1721 δὲ

2340 1761 2509 1812 πᾶσαι
2543 1760 2597 1811 αί
2625 1760 2826 1826 ἡμέραι
2856 1758 2951 1826 τῆς
2992 1759 3136 1828 ζωῆς
3168 1758 3332 1812 αὑτοῦ
3384 1759 3479 1829 ἐτη
3509 1756 3584 1822 ος
3625 1759 3721 1810 καὶ
3772 1760 3916 1826 ἠμέ-

683 1844 844 1911 ἀγίας
896 1844 1075 1914 ψυχῆς
1118 1845 1303 1901 αὐτοῦ.
1362 1846 1564 1900 Τοῦτον
1628 1850 1736 1919 γὰρ
1769 1849 1858 1909 τὸν
1897 1851 2095 1919 ὡραῖον
2145 1854 2239 1905 καὶ
2269 1889 2314 1949 Β
2344 1868 2431 1917 ραι
2464 1856 2561 1913 κε’,
2608 1851 2665 1915 ἐξ
2719 1843 2796 1903 ὧν
2846 1849 3193 1904 ἐϐασίλευσεν
3250 1850 3343 1920 ἔτη
3374 1851 3471 1903 δύο
3501 1851 3596 1903 καὶ
3632 1844 3913 1919 τεσσαρά-

682 1934 991 2003 οαυμαστὺν
1016 1937 1395 2007 γλωσσόκομον
1426 1939 1531 1994 ἀπὺ
1552 1940 1740 2009 καιροῦ
1762 1942 2011 2012 ὠρέχθην
2037 1942 2198 2007 αὐτόν
2223 1960 2237 1974 ·

680 2024 758 2077 διδ
791 2025 933 2090 ἔδοξέ
975 2043 1064 2095 μοι
1093 2027 1322 2097 ζητῆσαι
1342 2026 1548 2096 τοῦτον,
1569 2030 1819 2099 δεόμενος
1862 2030 1937 2101 τῷ
1966 2014 1967 2019 η
1992 2030 2233 2103 βασιλεῖ·

680 2118 706 2167 6
740 2117 794 2169 δὲ
820 2118 1149 2187 ἀπεκρίνατό
1175 2135 1264 2186 μοι
1290 2119 1373 2171 ὅτι
1404 2120 1576 2181 Αὐτὸς
1601 2121 1628 2171 6
1662 2120 2040 2189 γλωσσόκομος
2064 2122 2240 2190 ὑπῆρ-

681 2223 772 2274 χεν
806 2205 898 2257 τοῦ
940 2207 1144 2274 πατρός
1179 2224 1280 2274 μου
1319 2208 1413 2260 τοῦ
1470 2207 1750 2277 βασιλέως,
1815 2210 1908 2261 καὶ
1957 2213 2013 2262 ἐν
2066 2211 2235 2278 αὐτῷ,

678 2290 944 2358 ὡςηοῖδας,
983 2291 1094 2363 εἶχε
1121 2296 1289 2347 πολλὰ
1320 2296 1456 2347 καλὰ
1507 2296 1723 2366 λάφυρα
1750 2299 1841 2350 καὶ
1866 2297 2044 2362 λίθους
2077 2299 2239 2351 πολυο

678 2385 867 2451 τίμους
883 2386 974 2437 καὶ
994 2386 1154 2456 ἔτερα
1182 2387 1405 2438 πλεῖστα
1437 2386 1686 2455 βασιλικᾶ
1717 2388 1853 2456 εἴδη,
1904 2388 2125 2442 πλείονα
2163 2382 2237 2445 ὧν

679 2470 847 2538 οἶδας.
918 2476 1057 2542 Ἐγὼ
1102 2476 1157 2528 δὲ
1223 2476 1383 2529 πάλιν
1423 2476 1573 2551 θέλων
1601 2477 1944 2544 δωρήσασθαι
1974 2480 2133 2531 αὑτὸν
2161 2478 2238 2548 τῷ

682 2567 889 2636 βασελεί
908 2570 984 2637 τῷ
1016 2568 1116 2635 υίῷ
1139 2585 1262 2636 μου,
1297 2568 1384 2620 ἵνα
1415 2586 1472 2618 εν
1505 2568 1653 2635 αὑτῷ
1682 2568 1780 2639 ἔχῃ
1816 2570 2064 2631 κάκεῖνος
2098 2570 2238 2639 μετὰ

678 2660 779 2726 τῆς
804 2660 964 2727 εὐχῆς
1000 2659 1165 2712 αὐτοῦ
1197 2661 1286 2711 καὶ
1312 2659 1445 2728 ἐμοῦ
1470 2659 1537 2713 τὰ
1561 2660 1773 2713 ἑαυτοῦ.
1806 2660 1916 2712 Καὶ
1944 2660 2236 2729 ἀπέπεμψέ

682 2766 748 2817 με
772 2765 784 2781 ⁸
815 2750 907 2803 καὶ
940 2750 1059 2801 τότε
1092 2749 1178 2801 διὰ
1207 2749 1302 2811 τὰς
1340 2750 1579 2818 χρηστὰς
1604 2749 1883 2815 ἀγγελίας,
1916 2750 1980 2812 ἃς
2008 2752 2237 2819 ἐκόμισα

682 2840 850 2908 αὐτῷ,
881 2838 1206 2909 προσέταξεν
1238 2842 1322 2892 ἵνα
1348 2840 1495 2893 λάϐω
1520 2840 1607 2892 τὸν
1665 2842 1950 2912 εἰρημένον
2001 2841 2239 2909 γλωσσό-

680 2949 870 2999 κομον,
903 2932 959 2987 ὃν
980 2933 1070 2986 καὶ
1097 2933 1302 3004 ἔσχηκα
1340 2933 1474 3002 μετὰ
1522 2933 1620 3001 τῆς
1668 2934 1823 2999 ἁγίας
1873 2934 2034 2986 αὐτοῦ
2072 2934 2239 3003 εὐχῆς

682 3024 860 3093 πλήρη
918 3023 1127 3077 πολλῶν
1182 3026 1465 3095 χρησίμων
1519 3028 1613 3080 καὶ
1660 3028 1859 3097 τιμίων
1904 3028 2239 3095 πραγμάτων

679 3117 867 3168 τούτου
896 3116 987 3168 τοῦ
1022 3117 1250 3185 ματαίου
1282 3117 1420 3187 βίου,
1452 3117 1754 3173 κελεύσασα
1788 3121 1866 3172 ἔτι
1893 3121 1987 3173 καὶ
2021 3120 2173 3189 12],
2204 3121 2235 3187 ἡ

679 3296 917 3349 sidentes
984 3296 1053 3351 ibi
1091 3296 1403 3365 lmperatrix
1452 3306 1506 3352 et
1541 3297 1647 3351 tilia
1702 3298 1839 3367 ejus,
1873 3298 2094 3353 absente
2147 3313 2237 3352 ve-

683 3388 842 3441 nandi
876 3402 1035 3441 causa
1085 3388 1429 3457 imperatore,
1478 3405 1595 3443 cum
1639 3405 1739 3459 ego
1795 3391 2002 3445 litteras
2048 3391 2237 3460 praele-

683 3480 901 3547 g‘ssem,
958 3496 1205 3549 magnam
1272 3481 1431 3536 exiis
1477 3482 1805 3550 voluptatem
1859 3492 2235 3552 perceperunt,

683 3572 878 3637 quippe
909 3586 937 3624 e
968 3574 1162 3640 quibus
1200 3573 1488 3635 discerent,
1519 3574 1780 3628 Joannem
1831 3575 1965 3629 bona
2008 3578 2083 3629 uti
2142 3592 2236 3628 va-

682 3661 916 3715 letudine
944 3671 997 3713 ct
1038 3663 1088 3717 in
1125 3677 1369 3732 magnam
1405 3664 1677 3719 Blachiam
1723 3666 2091 3731 profecturum
2119 3680 2237 3720 esse

685 3763 845 3821 atque
876 3765 1179 3825 (‘ttpere,ut
1209 3757 1260 3809 in
1300 3757 1597 3825 regionem,
1632 3756 1857 3810 Cellium
1891 3773 2012 3826 quae
2057 3759 2239 3827 appel-

685 3846 846 3908 latur,
881 3844 1224 3898 mitterentur
1246 3845 1515 3910 triremes,
1544 3860 1663 3913 qua:
1685 3861 1743 3900 se
1766 3848 2070 3915 reciperent
2096 3858 2149 3903 et
2184 3849 2237 3902 in

686 3935 870 3987 urbem
896 3937 1238 3989 reducerent.
1296 3937 1372 3989 Ac
1420 3936 1566 3991 brevi
1619 3945 1739 4004 post
1800 3938 2093 4006 imperator
2144 3954 2241 4007 per

686 4024 996 4091 pralectunt
1019 4026 1462 4079 vestimentorum
1491 4027 1713 4082 donavit
1751 4029 1879 4082 mihi
1914 4038 2117 4085 vestem
2147 4043 2237 4084 se-

689 4118 853 4169 ricam
884 4108 1155 4185 cgregiam
1187 4125 1242 4171 et
1273 4121 1641 4172 centenarium
1675 4122 1815 4184 auri,
1841 4129 2001 4191 atque
2052 4137 2238 4176 arcam

688 4208 907 4275 insuper
925 4208 1239 4261 vestiariam‘
1260 4209 1490 4277 amplam
1512 4219 1563 4264 et
1588 4212 1723 4266 mire
1748 4210 2043 4279 pulchram,
2078 4227 2239 4281 quam

686 4300 813 4353 olim
846 4298 978 4352 mihi
1025 4309 1389 4353 recusaverat.
1445 4300 1772 4357 Coutinebat
1813 4303 1961 4357 enim
2008 4319 2071 4358 ea
2115 4317 2241 4358 arca

687 4393 911 4446 multam
939 4392 1329 4460 supellectilem
1370 4392 1489 4446 visu
1535 4392 1752 4461 dignam
1780 4403 1834 4447 et
1892 4395 2236 4462 praeclaram,

2342 1959 2499 1994 κοντα
2510 1980 2524 1996 ι

2413 2025 2578 2094 Οὗτος
2599 2027 2690 2086 οὖν
2721 2033 2748 2084 6
2781 2032 3033 2102 βασιλεὺς
3065 2033 3169 2102 κὺρ
3198 2033 3454 2104 Μανουὴλ
3480 2035 3698 2104 πρῶτον
3728 2037 3909 2104 θυγα-

2340 2123 2474 2189 τέρα
2500 2122 2752 2190 ἐγέννησε
2781 2122 2881 2190 τὴν
2918 2160 2933 2174 .
2981 2161 2994 2176 .
3040 2160 3054 2175 .
3099 2158 3115 2174 .
3155 2160 3169 2174 .
3212 2161 3226 2185 ,
3287 2116 3404 2173 εἷτα
3470 2122 3911 2186 Κωνσταντῒνον,

2353 2209 2602 2278 Ἰωάννην
2636 2211 2723 2262 τὸν
2752 2210 2976 2279 βασιλέα
2999 2213 3095 2264 καὶ
3124 2211 3465 2281 Ἀνδρόνικον
3486 2213 3577 2265 τὸν
3616 2213 3910 2282 δεσπότην,

2339 2300 2432 2353 καὶ
2499 2301 2769 2371 ουγατέρα
2821 2301 3083 2369 δευτέραν
3124 2301 3221 2370 τὴν
3259 2342 3273 2355 .
3316 2344 3327 2356 .
3480 2335 3499 2356 ε
3540 2341 3556 2356 .
3591 2344 3606 2365 ,
3636 2302 3915 2372 Θεάδωριν

2338 2391 2427 2444 τὸν
2456 2392 2716 2461 δεσπότην
2739 2393 2832 2445 καὶ
2878 2395 3398 2463 πορφυρογέννητον,
3431 2395 3651 2463 Μιχαὴλ
3681 2395 3777 2446 τὸν
3815 2396 3917 2447 αὖ-

2340 2482 2710 2551 θενιόπουλον,
2769 2484 3174 2543 Κωνσταντίνον
3217 2484 3308 2536 τδν
3371 2484 3625 2553 δεύτερον
3663 2486 3756 2537 τὸν
3818 2490 3915 2538 καὶ

2341 2571 2561 2640 βασιλέα
2614 2574 2936 2644 γενόμενον,
2982 2576 3294 2645 Δημήτριον
3343 2575 3433 2628 τὸν
3484 2576 3755 2646 δεσπότην
3815 2578 3912 2629 καὶ

2338 2667 2538 2732 Θωμᾶν
2578 2668 2668 2718 τὸν
2697 2668 2982 2737 δεσπότην.
3012 2669 3125 2721 Ζῶν
3152 2669 3209 2720 δὲ
3237 2672 3264 2721 ό
3294 2668 3544 2737 βασιλεὺς
3584 2670 3681 2721 καὶ
3718 2671 3905 2739 πατὴρ

2339 2758 2516 2809 αὐτῶν
2538 2758 2840 2828 διεμέρισεν
2892 2760 3105 2828 ἑκάστῳ
3147 2759 3350 2813 τούτων
3408 2760 3597 2813 τούσδε
3652 2762 3783 2823 τοὺς
3824 2763 3917 2814 τά·

2341 2855 2510 2908 κτους(
2526 2849 2592 2900 δι’
2623 2848 2688 2918 ἢν
2711 2850 2889 2902 αἰτίαν
2919 2851 3015 2901 καὶ
3065 2850 3207 2918 μέγα
3237 2850 3391 2917 122
3453 2852 3622 2903 κακὸν
3685 2852 3915 2915 προεξὲ-

2338 2953 2466 3004 νησε
2495 2941 2557 3008 τῇ
2592 2938 2699 2990 τῶν
2738 2939 3022 3009 Ῥωμαίων
3049 2940 3210 3009 ἀρχῇ.
3247 2943 3355 2993 Καὶ
3410 2942 3627 3010 πρῶτον
3663 2942 3766 3011 μὲν
3820 2943 3914 2993 τὸν

2350 3029 2603 3098 Ἰωάννην
2633 3028 2855 3098 βασιλέα
2887 3031 3053 3092 είασε,
3086 3030 3164 3100 τῷ
3192 3032 3246 3083 δὲ
3302 3031 3538 3102 δεσπότῃ
3606 3034 3710 3102 κῦρ
3786 3034 3916 3086 Ἀν-

2338 3119 2567 3189 δρονίκῳ
2614 3120 2711 3190 τὴν
2748 3120 3146 3191 Θεσσαλονίκην
3190 3122 3373 3175 καὶτὰ
3420 3123 3621 3190 ἑαυτῆς
3653 3124 3910 3177 δέδωκεν.

2342 3299 2501 3352 miam
2533 3297 2754 3365 prasino
2782 3299 2966 3354 colore
2996 3308 3049 3353 et
3074 3314 3325 3355 nummos
3354 3300 3747 3370 quinquaginta
3778 3300 3919 3363 mihi

2340 3389 2452 3443 dari
2483 3388 2683 3456 jussit;
2716 3389 2834 3458 ejus
2874 3390 2980 3443 lilia
3019 3400 3201 3443 autem
3234 3391 3581 3460 signiﬁcavit,
3616 3402 3913 3461 postquam

2343 3494 2563 3533 uxorem
2585 3480 2879 3545 duxissem,
2911 3480 3034 3534 huic
3058 3495 3116 3534 se
3146 3488 3348 3533 vestem
3377 3494 3529 3533 suam
3562 3482 3909 3550 praestantis—

2341 3571 2532 3625 simam
2562 3579 2877 3624 etnummos
2930 3584 3125 3625 aureos
3156 3571 3517 3641 quadraginta
3579 3572 3913 3626 donaturam

2340 3677 2393 3716 es
2401 3676 2480 3715 se.

2409 3753 2506 3807 Die
2537 3753 2660 3808 Julii
2690 3753 2752 3807 2i
2789 3754 3029 3823 ejusdem
3058 3756 3182 3810 anni
3216 3758 3495 3810 beatorum
3526 3765 3677 3811 sorte
3698 3757 3913 3812 obdor-

2341 3845 2491 3899 mivit
2521 3846 2786 3913 gloriosus
2813 3857 2865 3900 et
2888 3846 3003 3914 plus
3036 3847 3329 3917 imperator
3359 3846 3574 3905 Manuel
3634 3850 3911 3913 dominus,

2342 3934 2504 3988 biduo
2531 3942 2655 3989 ante
2686 3942 2910 3988 mortem
2945 3935 3130 3988 divino
3150 3944 3205 3988 et
3246 3936 3487 4004 angelico
3512 3937 3699 3990 habitu
3738 3938 3904 3991 induo

2341 4035 2428 4081 tus
2453 4034 2507 4079 et
2540 4025 2845 4094 appellatus
2877 4025 3157 4081 Mattheus
3188 4027 3511 4081 monachus.
3538 4027 3803 4095 Sepultus
3824 4036 3909 4081 est

2343 4120 2394 4173 in
2424 4117 2716 4172 venerabili
2768 4116 2987 4172 basilica
3044 4125 3101 4170 et
3152 4117 3519 4187 pulcherrimo
3573 4119 3911 4173 monasterio

2340 4208 2763 4274 Pantocratoris,
2798 4225 2917 4263 cum
2949 4209 3097 4263 luctu
3146 4219 3199 4263 et
3224 4224 3514 4275 concursu,
3547 4212 3725 4278 qualis
3778 4212 3912 4263 nulli

2342 4314 2577 4367 unquam
2608 4299 2699 4353 alii
2730 4299 2979 4367 contigit.
3020 4298 3254 4354 Omnino
3299 4300 3509 4353 vixerat
3538 4315 3711 4354 annos
3744 4300 3812 4353 77
3857 4310 3913 4354 et

2343 4392 2457 4447 dics
2479 4390 2569 4456 25,
2606 4404 2637 4445 e
2670 4390 2862 4467 quibus
2895 4400 3217 4459 regnaverat
3245 4406 3417 4447 annos
3472 4391 3613 4447 duos
3641 4400 3697 4446 et
3769 4408 3909 4463 qua-

689 4481 931 4551 aliasque
962 4495 1049 4536 res
1084 4480 1384 4545 mirabiles,
1414 4497 1534 4550 quae
1567 4480 1825 4551 deinceps
1852 4493 1973 4551 post
2032 4484 2237 4539 obitum
2274 4548 2298 4551 Α
2344 4480 2610 4549 draginta.

690 4548 1031 4642 imperatoris
1060 4572 1252 4640 partim
1280 4572 1405 4627 liliis
1433 4548 1571 4641 iejus
1628 4548 1865 4639 donata,-
1903 4574 2099 4644 partim
2168 4579 2239 4631 ob
2269 4548 2319 4609 Β
2412 4548 2512 4626 Hic
2531 4570 2693 4640 igitur
2719 4571 3034 4641 imperator.
3068 4569 3286 4625 Mauuel
3335 4570 3619 4632 dominus,
3670 4572 3907 4638 primum

689 4661 919 4716 salutem
945 4661 1115 4716 beata:
1142 4662 1261 4730 ejus
1285 4662 1478 4716 anima
1539 4663 1842 4719 saeriﬂcata
1877 4675 2023 4720 sunt.
2075 4665 2244 4736 llujus

690 4751 853 4821 igitur
889 4765 1029 4807 arca:
1073 4752 1301 4821 egregie
1334 4759 1390 4807 et
1451 4753 1610 4821 plane
1663 4754 1929 4811 mirabilis
1986 4770 2110 4810 cum
2153 4757 2243 4812 diu

688 4842 1000 4911 ﬂagrassem
1024 4843 1311 4903 desiderio.
1334 4842 1507 4898 visum
1532 4853 1615 4899 est
1642 4846 1770 4900 ntihl
1802 4848 1870 4900 ab
1915 4847 2244 4915 imperatore

690 4947 808 4987 eam
839 4942 1113 5001 expetere.
1139 4934 1320 4989 Atille
1352 4934 1423 4989 ita
1461 4937 1740 5002 respondit
1770 4953 1784 4993 :
1825 4957 1844 4988 ι
1877 4937 1998 4991 Fuit
2029 4954 2091 4994 ea
2119 4953 2243 4994 arca

690 5024 1026 5086 imperatori,
1054 5025 1189 5093 patri
1222 5041 1363 5088 meo,
1403 5028 1517 5095 qui,
1562 5039 1620 5082 ut
1646 5028 1811 5090 nosti,
1874 5030 2040 5083 multa
2112 5046 2247 5101 prac-

689 5116 833 5168 clara
868 5131 1051 5183 opera,
1082 5116 1286 5185 lapides
1312 5119 1578 5185 pretiosos
1642 5119 1852 5188 aliaque
1875 5120 2019 5189 regia
2078 5135 2246 5175 orna-

692 5217 873 5262 menta
902 5210 1074 5276 plura,
1098 5224 1260 5276 quam
1292 5210 1508 5273 credas,
1541 5210 1595 5264 in
1632 5226 1693 5265 ea
1738 5212 2076 5269 asservabat.
2133 5212 2246 5280 Ego

689 5313 807 5352 eam
842 5314 1030 5352 rursus
1056 5300 1391 5366 imperatori,
1458 5317 1578 5356 meo
1623 5302 1752 5368 lilio,
1806 5304 2039 5367 dauaho,
2096 5311 2155 5357 ut
2202 5306 2247 5357 is

690 5403 908 5459 quoque
945 5404 1008 5443 ex
1043 5392 1184 5445 votis
1212 5400 1321 5446 tum
1349 5392 1462 5448 suis
1486 5403 1597 5447 tum
1626 5395 1761 5447 meis
1798 5395 1850 5448 in
1908 5394 2095 5450 eadem
2158 5411 2247 5450 res

690 5497 821 5536 suns
857 5493 1121 5536 asservet.
1160 5500 1178 5534 t
1220 5481 1295 5536 lta
1330 5483 1537 5537 dimisit
1571 5500 1674 5539 me.
1723 5483 1859 5539 Tum
1893 5497 2072 5538 autem
2127 5501 2249 5554 pro-

692 5584 809 5642 ptcr
834 5574 1008 5637 lmtos,
1039 5589 1175 5642 quos
1194 5575 1241 5629 ei
1274 5576 1580 5639 attuleram,
1608 5579 1828 5632 nunties
1856 5578 2161 5645 imperavit,
2188 5587 2247 5631 ut

694 5665 1001 5719 traderetur
1026 5666 1155 5717 mihi
1180 5666 1279 5718 ista
1314 5680 1460 5728 arca,
1500 5680 1661 5733 quam
1700 5682 1821 5718 cum
1858 5668 1948 5734 pio
1975 5666 2094 5735 ejus
2122 5674 2247 5719 voto

695 5755 859 5809 rebus
885 5753 1105 5807 utilibus
1125 5764 1179 5807 et
1206 5756 1256 5807 in
1275 5754 1377 5808 hac
1421 5754 1564 5807 inani
1600 5754 1705 5807 vita
1740 5752 1965 5809 laudatis
1987 5754 2242 5822 repletam

696 5845 903 5913 :cctpi.
934 5843 1196 5898 Similiter
1224 5844 1537 5913 itnperatrix
1598 5854 1801 5901 vestem
1856 5845 2082 5900 sericam
2137 5843 2248 5897 exi-

2348 4662 2511 4717 miam
2548 4662 2847 4733 procreavit
2873 4664 3107 4729 nomine,
3130 4700 3146 4716 .
3173 4699 3190 4717 .
3212 4700 3228 4715 .
3256 4662 3451 4717 deinde
3466 4660 3908 4724 Constantinum,

2347 4753 2727 4823 imperatorem
2772 4753 3031 4809 Joannem
3060 4763 3112 4809 et
3160 4752 3535 4809 Andronicum
3596 4754 3906 4819 despotam,

2349 4855 2459 4900 tum
2489 4844 2713 4900 alteram
2747 4847 2931 4910 tiliam,
2971 4845 3055 4900 cui
3086 4859 3280 4901 nomen
3310 4853 3450 4907 erat,
3482 4883 3499 4897 .
3530 4883 3546 4898 .
3581 4882 3598 4897 .
3665 4843 3914 4899 Theodo-

2349 4950 2466 4989 rum
2538 4936 2815 5003 despotam
2872 4943 2927 4989 et
2980 4934 3516 5005 porphyrugenitum.
3577 4934 3903 4989 Michaelem

2348 5028 2665 5097 principem,
2691 5028 3107 5083 Constantinum
3154 5027 3440 5091 minorem,
3475 5027 3571 5095 qui
3602 5026 3913 5093 imperator

2350 5118 2468 5182 fuit,
2507 5120 2831 5174 Demetrium
2860 5120 3133 5186 despotatn
3168 5126 3221 5170 et
3296 5115 3571 5170 Thomam
3595 5116 3761 5184 despc
3776 5128 3911 5171 tam.

2350 5210 2442 5265 llis
2475 5212 2767 5278 imperator
2790 5218 2960 5277 pater,
2992 5223 3113 5264 cum
3150 5207 3203 5260 in
3240 5207 3372 5262 vivis
3410 5208 3591 5261 adhuc
3618 5218 3787 5269 esset,
3832 5208 3913 5261 lo-

2348 5315 2442 5354 cos
2470 5300 2633 5355 hosce
2661 5299 2934 5353 distribuit
2961 5315 2975 5352 :
3011 5313 3129 5367 quae
3162 5298 3495 5363 resituperio
3526 5296 3910 5353 Romanorum

2351 5407 2593 5459 magnam
2622 5390 3205 5445 calantitatemattttlit.
3239 5388 3317 5442 Ac
3381 5388 3619 5455 primum
3678 5390 3909 5457 quidem

2347 5483 2607 5536 Joannem
2640 5483 2764 5536 sivit
2802 5482 3179 5551 imperatorem
3205 5492 3351 5538 esse,
3377 5478 3685 5539 Andronico
3719 5490 3908 5533 autem

2350 5575 2583 5639 tlespotte
2613 5569 3047 5625 Thessalonicam
3077 5568 3304 5637 ejusque
3343 5565 3492 5621 urbis
3559 5567 3908 5620 territorium

2351 5666 2587 5717 donavit.
2618 5660 2811 5717 Visum
2835 5671 3012 5716 autem
3045 5670 3127 5715 est
3158 5659 3286 5712 huic
3343 5668 3565 5728 propter
3626 5672 3907 5713 summam

2352 5751 2797 5815 imbecillitatem,
2840 5749 3281 5805 Thessalonicam
3326 5749 3514 5801 urbem
3554 5756 3608 5800 et
3655 5761 3782 5815 quae
3834 5750 3907 5802 ad

2349 5858 2466 5897 eam
2498 5845 2764 5913 pertinent
2794 5842 3115 5898 Venetorum
3156 5840 3355 5896 civitati
3402 5841 3631 5894 vendere
3660 5840 3911 5896 nummis
