4134 6452
653 453 685 514 7
693 456 760 517 39

1887 441 2204 503 GEORGII
2247 439 2671 500 PHRANTZAE

3791 430 3914 494 ’140

653 571 764 631 θεὶς
800 567 1027 636 ὕστερον
1068 565 1168 617 οὑκ
1215 562 1437 629 ἐγένετο
1485 559 1740 629 μοναχός.
1792 558 1930 610 Μεθ’
1960 551 2034 609 ὧν
2066 553 2221 622 κάγὼ
2252 555 2296 610 Α
2323 555 2408 605 λιν
2439 551 2584 619 λέγω
2615 567 2697 604 σοι
2733 550 2865 620 περὶ
2893 548 3078 602 τούτου
3109 548 3175 619 δὴ
3207 547 3302 602 τοῦ
3327 547 3598 618 Φραντζῆ,
3625 548 3683 611 ὃς
3715 547 3914 608 καλῶς

653 663 794 730 ἀρχῇ
826 661 904 721 εἰς
957 659 1054 726 τὴν
1083 656 1495 723 Πελοπόννησον
1528 648 1711 720 ἦλθον,
1759 649 1840 712 εἰς
1888 647 2219 716 δουλοσύνην

654 749 752 802 τοῦ
785 748 1050 817 βασιλέως
1083 745 1179 797 τοῦ
1226 743 1488 798 αύθέντου
1544 759 1644 810 μου
1691 742 1788 805 ὢν,
1822 741 1916 793 καὶ
1946 739 2035 792 ἱνα
2085 739 2220 791 ἀποο

655 836 839 889 ϐλέπω
873 837 968 886 καὶ
991 835 1080 885 τὴν
1128 833 1394 900 δεσπότην
1433 834 1541 899 κϋρ
1593 831 2005 884 Κωνσταντίνον
2036 827 2108 881 δι’
2133 829 2221 880 ai-

655 928 778 980 τίαν
810 928 1088 993 τοιαύτην.
1121 923 1254 978 Ὀτε
1283 925 1311 976 ὁ
1341 923 1607 991 μακάριος
1639 921 1732 974 καὶ
1765 919 2006 989 ἀοίδιμος
2041 919 2224 988 πατὴρ

655 1020 840 1072 αὐτῶν
869 1016 1064 1089 ἧγγτζε
1096 1019 1233 1086 πρὸς
1263 1016 1324 1068 τὸ
1351 1015 1668 1076 ἀποθανεῐν,
1699 1012 2002 1080 προσιταξέ
2035 1028 2102 1079 με
2128 1010 2224 1064 καὶ

659 1109 874 1178 ἔγραψα
905 1106 1126 1158 τοιαῦτα
1155 1106 1548 1173 οίκειοχιέρως,
1586 1104 1706 1173 οὐχὶ
1736 1103 1810 1164 ὡς
1841 1102 2108 1170 διαθήκην
2126 1101 2224 1153 αύ-

659 1201 753 1253 τοῦ
780 1217 792 1230 '
817 1201 878 1252 ού
910 1201 1020 1268 γᾶρ
1051 1198 1370 1252 διατιθεῖσιν
1407 1200 1458 1250 οἱ
1497 1195 1754 1264 βασιλεῖς,
1786 1195 1921 1246 ἀλλὰ
1957 1193 2226 1263 προστάτ-

659 1309 867 1344 τουσιν.
924 1291 1014 1341 Ἑν
1131 1289 1425 1357 προστάξει
1465 1287 1750 1356 διωρίζετο
1789 1285 1915 1338 τάδε
1950 1284 2096 1353 ἅπερ
2131 1283 2256 1353 καὶ,

662 1381 897 1450 ἔγραψα,
931 1382 1014 1433 ἵνα
1044 1382 1140 1450 ἔχῃ
1175 1381 1404 1439 ἕκαστος
1431 1379 1538 1430 τῶν
1566 1378 1697 1432 υἱῶν
1727 1374 1894 1428 αὑτοῦ
1924 1377 1951 1426 ὁ
1979 1374 2078 1443 μὶν
2104 1373 2224 1426 τόδε

662 1475 690 1524 ὁ
719 1474 775 1525 δὲ
805 1473 920 1523 τόδε
953 1473 1060 1522 ἀπὸ
1091 1473 1200 1522 τῶν
1259 1471 1406 1522 ίδὲων
1451 1468 1616 1520 αὑτοῦ
1648 1467 1906 1536 λαφύρων
1937 1466 2032 1518 καὶ
2058 1462 2230 1519 λίθων

666 1554 973 1633 πολυτίμων
1008 1564 1102 1615 καὶ
1150 1562 1441 1628 ἀξιολόγων
1494 1559 1670 1621 εἱδῶν,
1713 1559 1805 1611 καὶ
1835 1557 1902 1610 τά
1931 1555 2097 1608 λοιπά
2125 1555 2227 1622 τῆς

664 1657 852 1715 οὐσίας
895 1653 1058 1706 αὐτοῦ
1089 1655 1258 1722 ἤγουν
1302 1653 1403 1712 τῆς
1455 1651 1561 1702 ἔσω
1615 1649 1904 1710 παλατίου,
1940 1647 2227 1716 ίματισμοὶ

666 1748 762 1798 καὶ
814 1743 1183 1811 παρασκευαὶ.
1220 1743 1310 1794 ἵνα
1357 1740 1590 1810 μερισθῇ
1639 1741 1718 1801 εἰς
1769 1739 2013 1807 τέσσαρα
2062 1738 2225 1806 μέρη,

667 1837 748 1897 εἰς
787 1833 1180 1904 παραστάσιμα
1236 1834 1329 1884 καὶ
1381 1831 1724 1899 λειτουργίας
1755 1829 1896 1898 ὑπὲρ
1929 1827 2096 1880 αὑτοῦ
2130 1843 2229 1878 καο

666 1897 956 1980 τεπὲκεινα
1011 1897 1120 1977 τῶν
1175 1925 1444 1994 συνήθων,
1484 1923 1520 1977 ἃ
1569 1897 1881 1983 πολυτελῶς
1922 1923 2016 1972 καὶ
2053 1919 2231 1997 καλῶς
2263 1897 2302 1951 Β

668 2021 952 2088 ἐδόθησαν.
983 2018 1054 2071 τὰ
1084 2019 1143 2070 δὲ
1179 2018 1342 2086 ἕτερα
1373 2015 1500 2083 τρία
1553 2015 1694 2083 μέρη
1738 2014 1818 2074 είς
1850 2015 2124 2082 πτωχοὺς,
2157 2015 2237 2074 εἰς

672 2113 895 2180 ίατροῦς
938 2113 1030 2163 καὶ
1079 2112 1158 2172 είς
1204 2112 1330 2170 τοὺς
1377 2105 1543 2159 αὐτοῦ
1579 2105 1876 2166 κελλιώτας
1902 2122 1915 2136 ·
1950 2105 2234 2173 ιπξτροποι

668 2205 726 2256 δὲ
758 2197 895 2256 ὦσιν
922 2204 951 2256 ὁ
982 2200 1354 2270 πνευματικὸς
1383 2197 1547 2252 αὐτοῦ
1571 2200 1600 2250 6
1628 2199 1684 2250 ἐν
1709 2200 1776 2267 τῇ
1804 2197 1910 2250 τῶν
1933 2196 2237 2250 Ξανθοπού-

671 2297 780 2348 λων
835 2294 968 2364 μονῇ
1018 2295 1303 2361 Μακάριος
1349 2295 1377 2344 ὀ
1421 2292 1480 2357 ἐξ
1525 2291 1816 2356 Ἰουδαίων,
1848 2293 1875 2342 ὁ
1917 2290 2238 2352 διδάσκαλος

682 2387 880 2454 Ἰωσὴφ
916 2387 974 2437 ἐν
1003 2388 1068 2453 τῇ
1103 2385 1198 2437 τοῦ
1222 2384 1583 2453 Χαρσιανίτου
1614 2387 1773 2454 μονῇ,
1800 2387 1894 2437 καὶ
1918 2383 2047 2449 ἐγώ.
2080 2383 2236 2452 125

673 2478 782 2529 Καὶ
810 2475 1252 2542 ἀναγνωσθείσης
1284 2475 1485 2542 ταύτης
1513 2476 1575 2543 δὴ
1598 2476 1696 2545 τῆς
1726 2475 2076 2543 προστάξεως
2108 2476 2237 2543 παρ’

673 2567 808 2636 ἐμοῦ
859 2566 1191 2636 ἔμπροσθεν,
1222 2566 1385 2620 αὐτοῦ
1430 2567 1524 2618 καὶ
1568 2566 1665 2634 τῆς
1695 2565 1983 2635 δεσποίνης
2013 2565 2108 2617 καὶ
2144 2565 2237 2616 τοῦ

675 2656 941 2725 βασιλέως
973 2657 1066 2708 καὶ
1096 2656 1212 2708 υίοῦ
1264 2656 1445 2707 αὐτῶν
1495 2657 1613 2711 καὶ
1639 2656 1818 2724 μόνον,
1853 2655 2008 2716 τέλος
2042 2653 2238 2723 προσέο

673 2749 800 2811 ταξε
852 2748 926 2814 τῷ
978 2746 1081 2816 υίῷ
1131 2745 1296 2798 αὐτοῦ
1349 2746 1549 2813 λέγωνο
1602 2764 1620 2795 t
1660 2745 1753 2797 Υἱέ
1789 2763 1911 2814 μου,
1939 2743 2239 2815 ἥκουσα.ςᾶ

678 2837 990 2904 προσέταξα
1026 2839 1124 2906 μὲν
1155 2838 1283 2906 ὑμῖν
1334 2836 1464 2905 περὶ
1510 2836 1621 2888 τῶν
1651 2836 2116 2906 ὑπηρετησάντων
2150 2851 2241 2902 μοι

680 2927 826 2980 ἰδίων
861 2945 878 2978 ι
917 2927 1147 2993 (ἔγραφε
1177 2927 1330 2993 γάρ)⁶
1370 2944 1386 2976 ι
1416 2927 1462 2976 οἱ
1494 2924 1548 2976 δὲ
1576 2923 1866 2976 κελλιῶταί
1898 2941 1999 2992 μου
2023 2925 2071 2976 οἱ
2098 2924 2239 2989 ὑπηο

683 3017 1010 3088 ρετὴσαντὲς
1042 3034 1132 3083 μοι
1155 3016 1332 3077 καλῶς
1374 3017 1464 3068 καὶ
1487 3016 1745 3074 εύνοῖκῶς
1789 3015 2241 3068 διάκεινταιὼσεὶ

679 3108 884 3176 κυρίως
917 3105 1052 3175 πρός
1086 3122 1177 3174 με,
1205 3106 1294 3156 ἵνα
1325 3105 1489 3173 ἔχωσι
1537 3103 1686 3172 παρά
1720 3103 1942 3155 πάντων
1968 3102 2080 3152 τῶν
2113 3101 2241 3150 υἱῶν

2327 661 2420 714 μοι
2451 643 2737 696 δδούλευσε
2768 642 2863 695 καὶ
2897 642 2979 704 εἰς
3013 643 3195 695 πάντα
3226 640 3297 694 τὰ
3333 641 3433 709 τῆς
3463 640 3644 708 ψυχῆς
3673 657 3780 708 μου
3809 639 3915 691 καὶ

2323 735 2574 805 σώματος
2604 733 2964 804 ἐθεράπευσε,
2992 735 3093 786 καὶ
3121 730 3218 785 νῦν
3248 733 3328 793 τίς
3373 732 3442 784 τὰ
3470 731 3572 798 τῆς
3604 731 3914 791 ἀσθενείας

2325 843 2430 894 μου
2468 827 2652 877 πλεῖον
2704 824 2817 877 τῶν
2862 824 3042 878 ἄλλων
3076 822 3401 892 θεραπεύει,
3442 822 3518 885 ὡς
3559 823 3657 876 καὶ
3693 822 3914 884 ἐλπίζω

2320 917 2404 971 δτι
2455 915 2550 970 καὶ
2600 918 2669 970 τά
2725 916 2828 982 τῆς
2864 916 3046 986 ψυχῆς
3091 933 3191 985 μου
3234 916 3374 984 μιτά
3432 915 3667 971 θάνατον
3719 913 3914 972 καλῶς

2324 1011 2681 1083 οίκονομήσῃ.
2720 1011 2788 1064 Ἥ
2823 1011 3014 1080 νεότης
3048 1011 3156 1082 γάρ
3203 1011 3373 1064 αὐτοῦ
3405 1011 3500 1063 καὶ
3531 1011 3595 1062 τὸ
3630 1011 3813 1078 ripa;
3849 1006 3915 1059 τδ

2325 1104 2456 1170 ἐμὸν
2487 1103 2588 1156 οὒκ
2637 1103 2830 1157 εῐασαν
2863 1103 3123 1169 γενέσθαι
3169 1119 3223 1154 τι
3275 1102 3414 1173 πρὸς
3442 1102 3612 1155 αὑτὸν
3643 1100 3913 1164 ἀντάξιον

2325 1192 2429 1260 τῆς
2478 1192 2702 1260 ἀγάπης
2745 1193 2844 1246 καὶ
2887 1192 3216 1260 δουλοσύνης
3248 1192 3317 1263 ἢν
3357 1192 3624 1260 ἐφύλαξεν
3650 1195 3732 1253 είς
3763 1193 3873 1258 ἐμέ
3899 1207 3913 1221 ·

2329 1284 2414 1337 διὰ
2464 1282 2621 1336 τοῦτο
2661 1285 2864 1353 ἀφίημι
2915 1284 3078 1336 αὐτόν
3129 1301 3248 1338 σοι·
3278 1287 3372 1338 καὶ
3421 1288 3566 1347 ὅπως
3599 1289 3705 1352 τῆς
3741 1285 3920 1351 εὐχῆς

2329 1377 2423 1428 καὶ
2446 1376 2696 1440 εὐλογίας
2731 1375 2831 1444 τῆς
2860 1374 3003 1443 ιμῆς
3029 1376 3222 1447 τύχῃς,
3247 1377 3275 1428 δ
3317 1378 3386 1429 δι’
3431 1378 3616 1430 αίτίαν
3645 1377 3919 1443 τοιαύτην

2331 1469 2463 1534 παρ’
2486 1466 2620 1535 ἐμοῦ
2656 1466 2759 1518 οὐκ
2787 1468 3007 1534 δγένετο
3037 1467 3207 1536 αὐτῷ,
3244 1467 3404 1532 adeo;
3435 1469 3691 1532 ποίησον.
3739 1487 3757 1517 ι
3798 1468 3918 1519 Καὶ

2329 1557 2502 1612 ταῦτα
2545 1558 2697 1625 ἔλεγε
2745 1557 2842 1609 καὶ
2892 1559 3226 1628 προσέταττε
3261 1560 3392 1628 περὶ
3436 1557 3593 1626 ἐμοῦ.
3644 1558 3809 1610 Ἐπεὶ
3862 1559 3917 1610 ἐξ

2329 1649 2424 1701 καὶ
2464 1648 2601 1716 μετά
2633 1646 2728 1700 τοῦ
2779 1647 3044 1700 δεσπότου
3096 1649 3203 1715 κὺρ
3236 1649 3658 1701 Κωνσταντίνου
3703 1649 3918 1715 πολλὴν

2331 1737 2551 1806 ἀγάπην
2602 1733 2750 1808 εἶχον
2801 1737 2957 1804 κάγὼ
3005 1740 3101 1791 καὶ
3153 1739 3557 1809 πληροφορίαν,
3608 1741 3676 1808 ἠν
3714 1741 3742 1792 δ
3778 1739 3917 1800 Sed;

2332 1830 2649 1897 ἀπεδέχετο,
2698 1831 2758 1892 ἐξ
2793 1829 2976 1892 αίτίας
3009 1830 3267 1899 τοιαύτης
3298 1832 3383 1884 ὅτι
3429 1831 3523 1882 τοῦ
3559 1833 3777 1900 πατρός
3812 1848 3917 1897 μου

2333 1925 2361 1975 ὁ
2405 1923 2629 1991 ἀδελφὸς
2659 1917 2729 1993 ἦν
2768 1922 2931 1974 αὑτοῦ
2979 1923 3352 1991 παιδαγωγὸς,
3395 1925 3489 1976 καὶ
3523 1925 3572 1975 οἱ
3610 1927 3718 1976 υἱοὶ
3755 1925 3920 1995 126

2335 2014 2501 2067 αὐτοῦ
2528 2015 2576 2065 οἱ
2603 2014 2726 2083 ἐμοὶ
2757 2014 3040 2082 ὲξάδελφοι
3074 2015 3470 2084 συνανάτροφοι
3506 2015 3660 2082 αύτῷ
3697 2019 3794 2065 καὶ
3827 2017 3916 2080 φί-

2334 2107 2416 2160 λοι
2444 2109 2539 2159 καὶ
2571 2106 2745 2160 δοῦλοι
2777 2105 2944 2174 αὐτῷ,
2973 2107 3068 2159 καὶ
3118 2107 3229 2173 ἐγὼ
3263 2107 3382 2174 μετ’
3408 2107 3612 2159 αὐτῶν.
3651 2103 3791 2158 Εἶτα
3821 2106 3916 2158 τοῦ

2335 2198 2530 2268 καιροῦ
2571 2200 2830 2267 φέροντος
2881 2199 3159 2252 οίκείωσιν
3196 2198 3331 2268 ἐμοῦ
3377 2201 3511 2268 πρὸς
3543 2201 3639 2251 τὸν
3673 2200 3916 2267 μάκαρες

2335 2307 2439 2357 την
2491 2292 2586 2343 καὶ
2633 2291 2880 2358 ἀοίδιμον
2928 2291 3145 2359 πατέρα
3180 2290 3365 2353 αὐτοῦ,
3394 2293 3485 2342 καὶ
3513 2291 3614 2344 ὅσα
3659 2291 3817 2359 αὖτῷ
3849 2285 3920 2357 ἦν

2337 2383 2613 2448 ἀναγκαῖα
2640 2381 2707 2433 δι’
2737 2381 2874 2448 ἐμοῦ
2908 2381 3192 2450 εὕρισκεν.
3255 2382 3480 2447 Ἦγάπα
3507 2382 3618 2449 γάρ
3650 2381 3806 2451 ἔχειν
3849 2397 3918 2448 με

2339 2470 2568 2522 καθόλου
2620 2471 2700 2532 είς
2748 2470 2847 2540 τὴν
2896 2471 3062 2524 αὑτοῦ
3097 2471 3423 2540 δουλοσύνην
3450 2487 3464 2502 ⁶
3501 2470 3773 2535 συνήθεια
3807 2471 3918 2537 γὰρ

2338 2558 2405 2632 ἦν
2437 2563 2531 2615 καὶ⁵
2566 2562 2718 2625 τάξις
2766 2563 2824 2614 ἐν
2854 2564 2968 2624 τοῖς
3015 2562 3125 2614 τῶν
3181 2561 3450 2631 βασιλέων
3501 2563 3675 2623 οίκοις
3708 2563 3918 2629 χωρεῖν

2339 2652 2467 2714 τοὺς
2496 2651 2604 2704 τῶν
2634 2651 2890 2721 πατέρων
2924 2652 3222 2716 κελλιὼτας
3251 2655 3309 2705 ἐν
3335 2655 3448 2714 τοῖς
3475 2653 3583 2705 τῶν
3624 2653 3761 2704 υἱῶν
3789 2653 3916 2704 κελ-

2340 2742 2500 2807 λίοις,
2550 2742 2666 2796 ἀλλ’
2712 2744 2836 2812 οὐχὶ
2889 2743 3015 2805 τοὺς
3065 2743 3176 2795 τῶν
3207 2744 3342 2796 υίῶν
3373 2743 3673 2803 κελλιώτας
3705 2744 3767 2794 ἐν
3804 2746 3920 2803 τοῖς

2341 2834 2432 2886 τοῦ
2466 2834 2673 2905 πατρός
2697 2849 2712 2864 ⁸
2737 2833 2894 2886 τοῦτο
2914 2834 2971 2887 δὲ
2995 2834 3076 2886 ἔτι
3102 2834 3324 2897 ζώντων
3349 2837 3460 2887 τῶν
3488 2835 3774 2903 πατέρων,
3801 2834 3920 2886 ἀλλ’

2343 2925 2461 2993 οὐχὶ
2497 2924 2635 2991 μετὰ
2662 2924 2915 2980 θάνατον.
2973 2925 3061 2987 Ὠς
3109 2926 3202 2980 οῦν
3239 2927 3510 2979 ἀπέθανεν
3536 2929 3562 2978 ὁ
3598 2926 3920 2994 μακαρίτης

2343 3018 2438 3068 καὶ
2483 3015 2726 3085 ἀοίδιμος
2776 3017 2962 3086 πατὴρ
3011 3017 3198 3080 αὐτοῦ⁹
3234 3017 3370 3085 μετὰ
3404 3017 3462 3068 τὸ
3497 3017 3716 3086 πρῶτον
3750 3016 3922 3069 αὑτοῦ

2346 3108 2690 3176 μνημόσυνον
2724 3108 3147 3176 ὲπεττρέψαμεν
3183 3108 3384 3169 πάντες
3423 3109 3470 3159 οί
3501 3106 3799 3160 κελλιῶται
3823 3107 3920 3159 αύ-

685 3217 786 3268 μου
825 3198 1046 3264 ἀγάπην
1075 3213 1132 3247 τε
1169 3196 1263 3247 καὶ
1293 3194 1558 3263 ἀναδοχὴν
1593 3195 1686 3246 καὶ
1729 3192 2073 3262 προμήθειαν
2101 3190 2242 3241 κατά
2271 3220 2312 3276 c
2344 3199 2437 3252 τοῦ
2467 3201 2545 3261 είς
2591 3200 2651 3254 τὸ
2683 3197 2942 3252 παλάτιον
2965 3212 2981 3228 ο
3016 3200 3135 3261 ἔθος
3181 3201 3292 3267 γάρ
3325 3201 3442 3252 ὲστι
3475 3199 3568 3254 καὶ
3601 3198 3789 3258 τοῦτο.
3836 3199 3920 3250 δτι

681 3290 744 3341 τὸ
781 3286 1075 3352 ἀναλογοῦν
1105 3286 1184 3338 ἑνὶ
1220 3286 1435 3353 ἑκάστῳ
1458 3284 1658 3337 αὐτῶν.
1699 3282 2024 3352 Ἐξαιρέτως
2052 3281 2110 3334 δὲ
2135 3281 2239 3334 πά-

681 3475 864 3519 nouut
904 3473 1286 3518 testamentum
1352 3473 1529 3518 tamen
1565 3479 1708 3517 :non
1770 3464 1916 3517 enim
1972 3471 2243 3517 testantur

681 3558 1058 3626 imperatores,
1079 3558 1174 3610 sed
1201 3557 1395 3624 jubent
1421 3574 1436 3609 :
1461 3558 1576 3610 haec
1611 3557 1804 3624 igitur,
1847 3570 1967 3624 quae
1994 3555 2082 3610 ille
2115 3571 2244 3609 con—

681 3645 961 3706 stituebat,
992 3659 1092 3714 ego
1124 3645 1190 3697 ab
1214 3645 1402 3697 eodem
1423 3643 1607 3710 jussus
1655 3642 1846 3709 scripsi
1883 3658 1898 3694 :
1931 3649 1989 3694 ut
2046 3638 2242 3708 singuli

682 3738 799 3803 ejus
835 3736 924 3788 filii
949 3736 1086 3788 alius
1117 3736 1264 3789 aliud
1287 3733 1355 3788 de
1379 3735 1717 3788 ornamentis
1753 3735 1872 3803 ejus
1905 3742 1959 3787 et
2017 3729 2246 3801 gemmis

685 3829 950 3892 rebusque
979 3825 1100 3877 aliis
1133 3824 1397 3892 pretiosis
1424 3823 1757 3891 accipereut,
1783 3823 1993 3890 reliqua
2061 3828 2242 3873 autem

697 3918 864 3981 bona,
905 3931 1022 3984 qua~
1053 3915 1270 3984 quidem
1319 3914 1372 3967 in
1407 3915 1609 3983 palatio
1663 3923 1868 3976 essent,
1927 3913 2245 3967 vestimenta

684 4021 732 4061 ct
769 4019 1081 4076 apparatus,
1105 4010 1162 4082 in
1206 4017 1440 4077 quatuor
1469 4018 1650 4077 partes
1677 4008 2047 4062 dividerentur
2085 4024 2250 4076 :qua-

684 4116 807 4153 rum
841 4115 943 4153 una
970 4109 1381 4152 consumeretur
1438 4100 1492 4150 in
1537 4098 1770 4167 liturgiis
1830 4107 1878 4152 et
1897 4098 2248 4151 ecclesiarum

684 4189 1018 4245 ornamentis
1046 4204 1207 4257 supra
1239 4190 1453 4243 solitum
1482 4190 1698 4243 modum
1761 4188 2112 4253 adornandis,
2134 4203 2252 4256 qua:

686 4299 814 4336 sane
834 4295 1025 4351 magno
1038 4295 1158 4335 cum
1188 4290 1404 4347 sumptu
1436 4290 1490 4334 et
1508 4279 1794 4348 splendore
1817 4279 2065 4334 instituta
2090 4287 2249 4345 sunt;

688 4371 907 4438 re"quae
929 4381 1039 4425 tres
1070 4369 1529 4424 distribuerentur
1563 4368 1917 4438 pauperibus,
1951 4367 2174 4421 medicis
2195 4377 2250 4420 et

687 4462 1002 4518 omestieis
1022 4461 1160 4528 ejus.
1195 4460 1491 4514 Curatores
1522 4469 1700 4513 autem
1760 4467 1946 4513 essent
1991 4457 2250 4525 spiritua-

2343 3292 2394 3344 ol
2423 3290 2714 3344 κελλιῶται
2741 3290 2908 3344 αὐτοῦ
2942 3291 3008 3360 δὴ
3036 3290 3130 3344 τοῦ
3167 3291 3433 3361 βασιλέως
3461 3289 3804 3360 καταμνειν
3830 3291 3924 3342 ἐπὶ

2345 3465 2466 3519 dem
2496 3465 2683 3528 etiam,
2709 3480 2828 3536 quae
2857 3466 2922 3520 ad
2957 3466 3194 3522 animam
3228 3482 3403 3520 meam
3433 3475 3558 3537 post
3587 3466 3806 3522 obitum
3824 3481 3924 3520 ex-

2345 3555 2597 3624 piandam
2629 3558 2928 3626 pertinent,
2980 3556 3147 3624 probe
3198 3557 3707 3612 administraturum
3767 3572 3917 3613 esse.

2348 3646 2452 3700 Per
2479 3647 2649 3714 ipsius
2685 3648 2832 3700 enim
2870 3647 3211 3717 jurentutem
3241 3656 3294 3702 et
3346 3659 3684 3704 senectutem
3742 3664 3922 3704 meam

2349 3751 2453 3790 non
2486 3737 2658 3801 licuit,
2691 3739 2836 3809 quod
2866 3753 3051 3793 amore
3077 3754 3137 3794 ac
3171 3741 3379 3805 studio,
3410 3757 3530 3811 qua:
3549 3741 3678 3795 mihi
3707 3744 3928 3810 praesti-

2350 3828 2433 3890 tit,
2471 3829 2686 3899 dignum
2717 3838 2885 3893 esset,
2911 3831 2987 3884 illi
3020 3831 3244 3888 referre.
3272 3833 3453 3900 Quare
3477 3832 3572 3889 tibi
3601 3849 3728 3888 eum
3766 3847 3923 3888 com-

2349 3919 2524 3985 mitto,
2560 3928 2723 3989 atque
2745 3935 2925 3989 spero,
2953 3931 3026 3988 te,
3081 3932 3168 3986 ut,
3215 3939 3334 3994 qua:
3363 3934 3556 3994 empto
3615 3938 3928 3992 precorque

2349 4010 2469 4076 tibi,
2497 4011 2836 4078 adipiscaris,
2864 4014 3236 4082 suppleturum
3263 4029 3411 4078 esse,
3470 4017 3616 4085 quod
3647 4016 3799 4068 illam
3857 4015 3928 4068 ob

2350 4114 2563 4153 causam
2597 4099 2883 4155 Pbrantza’.
2907 4104 3023 4171 ipse
3055 4115 3312 4174 praestare
3341 4121 3447 4159 non
3496 4105 3674 4173 potui.
3724 4124 3746 4156 ι
3798 4107 3930 4158 Hac

2353 4191 2444 4245 ille
2474 4191 2540 4245 de
2564 4206 2647 4245 me
2681 4193 2813 4246 dixit
2850 4203 2905 4248 et
2949 4197 3228 4266 precepit.
3295 4195 3680 4252 lntercedebat
3738 4209 3924 4251 autem

2352 4281 2516 4335 etiam
2572 4297 2696 4336 cum
2747 4283 3105 4340 Constantino
3159 4285 3404 4355 despota,
3455 4287 3693 4342 numinis
3753 4289 3924 4342 divini

2354 4372 2550 4441 gratia,
2585 4389 2778 4444 magna
2818 4375 2950 4429 mihi
2992 4373 3357 4442 familiaritas,
3382 4391 3508 4434 eum
3573 4379 3754 4445 patris
3822 4381 3925 4433 mei

2355 4463 2522 4519 frater
2554 4474 2850 4534 praeceptor
2878 4467 3001 4535 ejus
3030 4477 3194 4532 esset,
3223 4479 3278 4524 et
3331 4469 3492 4538 hujus
3545 4469 3663 4536 ﬁlii,
3727 4473 3928 4526 fratres

692 4553 758 4605 lis
788 4562 940 4618 pater
968 4549 1086 4619 ejus
1110 4550 1397 4611 Macarius.
1447 4549 1562 4618 qui,
1583 4563 1650 4604 ex
1698 4546 1898 4603 Iudaeis
1961 4550 2247 4626 oriundus,
2282 4563 2325 4618 ι)
2353 4555 2456 4609 mei
2489 4557 2778 4622 patrueles,
2804 4572 2911 4612 una
2952 4573 3077 4613 eum
3114 4558 3210 4614 illo
3237 4561 3629 4622 educarentur,
3666 4562 3720 4615 in
3782 4567 3926 4630 ejus-

691 4643 743 4694 in
765 4639 1231 4708 Xantbopulorum
1267 4639 1602 4693 monasterio
1626 4647 1744 4692 erat
1776 4677 1792 4703 ,
1821 4622 2107 4709 Joseplius,
2140 4654 2253 4693 mo-

692 4732 914 4786 llaslﬂ'll
963 4730 1379 4786 Charsianensis
1413 4732 1699 4797 magister,
1762 4739 1924 4798 atque
1951 4744 2069 4799 ego.
2130 4729 2275 4784 llaec-

692 4838 813 4876 cum
846 4837 1029 4875 coram
1075 4823 1193 4888 ipso
1250 4821 1516 4886 Manuele,
1562 4821 1907 4890 imperatrice
1946 4830 2001 4875 et
2059 4835 2245 4876 eorum

695 4915 804 4969 [ilio
850 4915 1197 4982 imperatore,
1241 4923 1295 4966 et
1338 4913 1403 4965 iis
1449 4913 1578 4966 solis
1641 4914 1883 4982 quidem,
1915 4913 2252 4980 recitassem,

696 5013 968 5072 postremo
998 5005 1294 5072 imperator
1315 5004 1385 5056 ita
1408 5003 1633 5058 filiosuo
1658 5005 1912 5073 praecepit
1946 5019 1962 5058 :
1990 5004 2252 5070 «Audisti,

697 5099 769 5148 fdi
809 5092 905 5157 mi,‘
933 5110 1054 5164 qure
1080 5095 1229 5148 vobis
1255 5110 1416 5164 super
1441 5097 1711 5149 ministris
1742 5097 1877 5150 meis
1916 5096 2069 5163 jussa
2104 5097 2253 5152 dedi.

695 5183 1052 5238 Cubiculariis
1083 5192 1261 5236 autem
1292 5222 1308 5248 ,
1341 5185 1432 5252 qui
1474 5185 1702 5253 pulchre
1756 5186 1887 5239 milii
1914 5196 1970 5239 et
2017 5187 2257 5241 studiose

696 5276 1020 5335 servierunt,
1053 5274 1378 5344 praecipuam
1410 5277 1641 5343 gratiam
1674 5275 1866 5341 habeo,
1922 5287 2081 5346 atque
2108 5278 2252 5340 volo,

697 5373 753 5416 ut
786 5364 853 5416 ab
880 5365 1130 5416 omnibus
1159 5364 1281 5418 filiis
1331 5366 1466 5418 meis
1495 5365 1544 5418 id
1583 5365 1687 5419 illis
1711 5368 1929 5433 amoris,
1977 5368 2155 5423 tutela:
2201 5380 2258 5424 et

698 5454 860 5506 studii
899 5456 1197 5521 contingat,
1240 5458 1380 5523 quod
1407 5457 1607 5525 cuique
1635 5460 1910 5512 convenit.
1947 5459 2133 5529 itaque
2201 5462 2252 5515 iu

700 5547 885 5613 primis
914 5548 1052 5600 hunc
1089 5548 1183 5599 tibi
1214 5547 1524 5602 Phrantzen
1563 5553 1904 5615 commendo,
1930 5553 2018 5618 qui
2045 5553 2258 5621 egregie

697 5638 827 5689 unbi
860 5638 1206 5701 ministravit,
1251 5640 1613 5708 omnibusque
1675 5641 1840 5695 animi
1900 5656 1953 5696 et
2011 5646 2257 5713 corporis

698 5730 994 5782 «ιιιιιιιηοιιίε
1013 5743 1132 5782 cum
1171 5741 1294 5782 ante
1314 5731 1670 5800 prospexerit,
1704 5740 1813 5787 tum
1837 5749 1978 5788 ntuic
2005 5737 2056 5789 in
2085 5752 2258 5803 aegro-

699 5812 902 5872 tatione
935 5833 1047 5872 mea
1080 5833 1188 5888 pra:
1229 5823 1440 5875 caeteris
1483 5822 1763 5890 prospicit,
1799 5838 1862 5878 ac
1891 5839 2070 5892 spero,
2113 5841 2262 5881 cum-

2353 4643 2584 4713 demque
2628 4659 2811 4700 essent
2870 4647 3062 4702 amicis
3095 4656 3152 4702 et
3206 4649 3530 4704 ministris:
3592 4652 3925 4720 quibuscum

2354 4748 2453 4802 ego
2484 4736 2538 4788 in
2573 4735 2719 4791 illius
2751 4737 2878 4792 veni
2906 4736 3362 4794 familiaritatem.
3422 4740 3653 4804 Deinde,
3717 4742 3927 4797 ferente

2355 4824 2425 4878 ita
2452 4836 2713 4894 tempore,
2747 4828 2804 4882 in
2831 4828 2977 4882 beati
3015 4836 3070 4882 et
3103 4829 3323 4898 gloriosi
3353 4831 3527 4900 patris
3581 4833 3700 4901 ejus
3768 4836 3929 4886 mini-

2354 4916 2574 4968 sterium
2606 4919 2818 4982 Iransii,
2849 4919 2938 4987 qui
2963 4918 3014 4972 in
3039 4921 3186 4973 omni
3218 4936 3277 4975 re
3305 4921 3406 4975 sibi
3427 4924 3742 4977 necessaria
3767 4940 3927 4993 opera

2356 5021 2473 5059 mea
2503 5007 2772 5062 utebatur.
2825 5007 3058 5064 Prorsus
3102 5012 3248 5067 enim
3275 5013 3529 5082 cupiebat
3560 5015 3614 5067 in
3684 5030 3790 5069 suo
3845 5032 3927 5070 me

2358 5093 2559 5148 habere
2619 5096 2944 5151 ministerio.
3010 5097 3158 5152 More
3208 5109 3391 5154 autem
3425 5112 3479 5155 et
3526 5108 3926 5159 consuetudine

2359 5195 2632 5252 receptum
2661 5198 2782 5241 erat
2811 5188 2864 5242 in
2919 5190 3306 5259 imperatorum
3341 5194 3582 5262 palatiis,
3623 5206 3684 5249 ut
3713 5207 3921 5264 patrum

2363 5277 2685 5331 cubicularii
2710 5279 2760 5331 in
2782 5280 3024 5334 cubicula
3051 5281 3281 5335 ﬁliorum
3304 5284 3592 5350 intrarent,
3612 5303 3719 5341 non
3742 5300 3925 5342 COIIUI

2363 5369 2588 5421 filiorum
2610 5371 2921 5424 cubicularii
2949 5373 2999 5425 in
3022 5373 3269 5428 cubicula
3290 5377 3477 5442 patris,
3500 5377 3663 5446 idque
3681 5380 3820 5434 vivis
3843 5395 3927 5446 pa-

2366 5459 2556 5523 tribus,
2586 5475 2688 5512 non
2713 5469 2832 5528 post
2853 5462 3161 5517 earumdem
3182 5475 3432 5519 mortem.
3451 5465 3745 5536 Postquam
3775 5470 3926 5535 igitur

2360 5551 2493 5603 obiit
2519 5553 2704 5606 beatus
2724 5554 3058 5622 ctgloriosus
3108 5567 3262 5624 pater
3282 5559 3421 5625 ejus,
3448 5563 3692 5628 peractis
3725 5562 3804 5616 illi
3827 5564 3928 5628 pri-

2363 5645 2466 5696 mis
2495 5643 2682 5711 justis,
2743 5661 2934 5702 omnes
2979 5649 3301 5703 cubicularii
3373 5653 3495 5718 ejus
3569 5653 3621 5706 iu
3672 5655 3921 5723 palatium

2366 5735 2566 5787 reversi
2600 5751 2810 5790 sumus.
2836 5737 2968 5791 Nam
3014 5740 3103 5795 hic
3137 5755 3356 5810 quoque
3392 5758 3507 5796 mos
3534 5753 3705 5809 tenet,
3737 5757 3796 5799 ut
3833 5761 3922 5796 cu-

2367 5825 2610 5881 bicularii
2644 5829 2993 5899 imperatoris
3025 5835 3169 5888 circa
3203 5835 3513 5902 sepulcrum
3581 5838 3699 5904 ejus
3759 5852 3924 5891 mane~
