4134 6452
229 461 338 525 ’141

1261 443 1702 511 CHRONICON
1733 438 2004 501 MAIUS.
2050 464 2118 478 -
2163 437 2308 498 LIB.
2362 436 2444 496 Π.

3355 439 3460 503 742

230 575 327 629 τὸν
375 573 546 643 τάφον
598 571 762 627 αὑτοῦ
796 572 962 642 μέχρι
996 568 1092 623 106
1148 568 1366 639 πρώτου
1423 558 1793 635 μνημοσύνου.
1825 559 1871 615 Δ
1898 552 2084 621 νήσου,
2107 554 2203 605 καὶ
2235 552 2284 603 εί
2321 550 2422 618 μὲν
2449 550 2477 600 ό
2504 548 2733 620 ἀδελφός
2783 569 2884 621 μου
2935 552 3092 626 μείνῃ
3125 554 3323 624 ἐκεῖσε,
3358 578 3457 630 μες

229 670 347 723 Καὶ
375 667 550 729 οὕτως
594 667 912 736 ἀπήλθομεν
962 665 1043 727 είς
1087 665 1188 734 τὴν
1239 661 1442 723 οίκίαν,
1477 657 1605 710 ἔνθα
1634 654 1797 706 κατέ·
1870 645 2033 736 ’γέτφ
2060 645 2154 696 καὶ
2202 643 2364 702 αὐτὸς
2403 643 2523 736 μετ’
2550 643 2742 736 αὑτοῦ,
2787 645 2912 736 ἐπεὶ
2945 646 3044 702 καὶ
3074 650 3107 717 ἡ
3156 651 3322 718 κυρία
3354 668 3456 720 μου

233 778 402 830 μενεν
433 762 462 811 6
492 758 684 828 ῥηθεὶς
724 757 995 825 δεσπότης
1030 756 1137 824 κὺρ
1165 752 1596 812 Κωνσταντίνος,
1641 747 1794 801 καθί-

233 869 430 915 σαντες
455 852 559 916 ἐξω
592 849 667 912 ὡς
719 851 768 901 οί
804 846 1010 900 πολλοί.
1041 845 1247 899 Μαθὼν
1275 843 1331 896 δὲ
1364 842 1522 896 τοῦτο
1550 844 1578 894 6
1602 839 1794 894 δεσπό-

231 961 333 1015 της
363 941 694 1003 ἀποστείλας
736 939 827 991 τὸν
874 937 1014 990 θεῖόν
1048 953 1172 1005 μου,
1209 934 1302 987 καὶ
1327 931 1520 1003 εζρηκέ
1551 947 1642 1000 μοι
1673 929 1793 982 δεσ⁶

235 1031 448 1102 ποτικῷ
471 1031 855 1102 προστάγματι
887 1030 968 1082 δτι
1001 1029 1072 1082 Σὺ
1112 1027 1210 1095 μὲν
1235 1026 1542 1095 τετήρηκας
1572 1021 1669 1091 τὴν
1697 1021 1794 1074 τά·

237 1125 323 1187 ξιν
358 1123 451 1175 καὶ⁵
483 1123 580 1174 οὐκ
622 1119 870 1188 εἰσῆλθες
917 1121 998 1181 είς
1045 1115 1360 1171 τὸςκελλίον
1391 1132 1491 1184 μου
1522 1113 1578 1178 ἐξ
1604 1110 1790 1182 ὀρθοῦ,

233 1215 314 1278 ὡς
346 1214 466 1275 ἔθος
501 1229 584 1265 σοι
615 1207 683 1282 ἦν
735 1210 814 1264 ετι
860 1211 1063 1274 ζῶντος
1103 1209 1196 1261 106
1246 1201 1501 1269 αὐθεντός
1549 1223 1650 1274 μου
1695 1203 1792 1256 καὶ

233 1305 502 1375 βασιλέως
535 1306 627 1357 καὶ
677 1305 883 1373 πατρός
911 1318 926 1332 ’
962 1302 1101 1371 πλὴν
1145 1303 1306 1371 ἡμεῖς
1337 1299 1611 1369 ὀφειλέται
1640 1297 1793 1356 δντες

229 1399 336 1467 τῆς
365 1397 586 1464 ἀγάπης
615 1396 708 1463 καὶ
737 1394 1068 1462 δουλοσύνης
1097 1395 1197 1464 τῆς
1227 1395 1378 1463 παρὰ
1410 1392 1505 1445 σοῦ
1533 1393 1670 1462 πρὸς
1695 1392 1794 1444 αὒ-

232 1489 329 1540 τὸν
356 1489 449 1540 καὶ
480 1487 616 1552 πρὸς
649 1488 819 1556 ἡμᾶς,
865 1486 1271 1555 εὑεργετοῦμέν
1299 1502 1357 1537 σε
1407 1483 1504 1536 τοῦ
1535 1483 1793 1538 δύνασθαι

237 1581 496 1650 ἔρχεσθαι
527 1579 588 1643 ἐξ
615 1578 778 1648 ὀρθοῦ
818 1579 910 1630 καὶ
954 1579 1035 1641 είς
1088 1578 1151 1630 16
1199 1576 1408 1631 κελλίον
1443 1594 1568 1646 μου,
1596 1575 1670 1638 ὡς
1698 1575 1792 1627 καὶ

232 1675 502 1740 πρότερον
540 1671 696 1739 127
731 1671 936 1732 ἐποίεις
967 1669 1046 1721 ἔτι
1077 1670 1278 1733 ζῶντος
1305 1668 1396 1721 τοῦ
1429 1669 1637 1738 πατρός
1665 1684 1790 1734 μου.

233 1759 606 1828 Προσταχθεὶς
637 1755 732 1811 06v
771 1759 921 1827 παρὰ
969 1758 1064 1811 τοῦ
1115 1756 1380 1827 βασιλέως
1428 1758 1517 1808 καὶ
1561 1755 1792 1822 ἀδελφοῦ

230 1850 402 1904 αὐτοῦ
453 1851 539 1904 ἵνα
581 1849 959 1902 συνακολουθῶ
999 1850 1148 1918 αὐτῷ
1189 1847 1550 1919 ἀπερχομένῳ
1580 1849 1658 1910 είς
1689 1847 1793 1899 Πε-
1819 1881 1866 1941 Β

229 1942 582 2009 λοπὸννησον,
607 1941 675 1992 δι’
722 1941 904 1993 αἰτίαν
937 1942 1005 2008 ἢν
1055 1939 1432 2008 ἐδηλώσαμεν,
1479 1939 1791 2007 προστάξας

233 2051 329 2101 μοι
355 2033 574 2103 εἴρηκεν
603 2032 801 2101 ἐξόχως
828 2033 855 2084 6
879 2031 1064 2101 ῥηθεὶς
1086 2030 1354 2099 δεσπότης
1375 2029 1482 2098 κὺρ
1503 2030 1792 2080 Κωνσταν-

227 2124 376 2183 ττνος
409 2120 658 2190 περὶτοῦ
693 2120 909 2191 μέλλειν
940 2121 1354 2175 συνακολουθεῖν
1393 2119 1486 2172 καὶ
1515 2119 1614 2172 σὺν
1644 2118 1789 2184 αὐτῷ

233 2208 378 2264 εἷναί
416 2228 483 2280 με
511 2225 526 2243 ο
556 2211 710 2280 κάγὼ
757 2212 1036 2280 ἀναφέρας
1086 2211 1238 2282 αὐτῷ
1279 2206 1408 2264 είπα
1436 2211 1518 2263 δτι
1551 2211 1645 2264 καὶ
1681 2209 1791 2276 ἐγὼ

236 2303 423 2370 μεῖζον
448 2301 652 2354 τούτων
681 2302 963 2372 ἐπιθυμῶ,
1001 2301 1310 2371 σωζομένου
1339 2303 1500 2372 μόνον
1535 2303 1622 2355 ῐνα
1649 2302 1790 2370 μετά

233 2391 503 2460 ἀποδοχῆς
530 2393 623 2444 καὶ
649 2394 1069 2461 προστάγματος
1086 2372 1195 2446 ‘106
1221 2393 1490 2462 βασιλέως
1520 2394 1614 2446 καὶ
1639 2394 1792 2446 ἀδελ-

234 2479 338 2547 φοῦ
386 2479 553 2534 αὑτοῦ
601 2483 848 2552 γένηται.
912 2484 975 2536 '0
1001 2483 1057 2536 δὲ
1107 2467 1352 2555 ζητήσας
1404 2502 1470 2554 με
1512 2484 1665 2555 παρά
1694 2484 1787 2537 τοῦ

230 2571 469 2641 ἀδελφοῦ
513 2573 677 2627 αὐτοῦ
731 2576 870 2644 μετά
922 2575 1094 2643 λόγων
1126 2575 1553 2647 παρακλητικῶν
1580 2577 1674 2630 καὶ
1708 2578 1791 2629 αί-

227 2666 366 2718 τιῶν
414 2665 755 2731 ἀναγκαίων,
802 2665 862 2730 ἐξ
913 2661 988 2722 ὧν
1039 2668 1384 2736 ἠναγκάζετο
1436 2667 1583 2736 ἔχειν
1625 2667 1789 2721 αὑτὸν

230 2755 420 2824 χρείαν
454 2754 610 2822 ἐμοῦ,
655 2756 860 2818 ἐκεῖνος
893 2756 947 2809 δὲ
975 2758 1305 2827 ἀπεκρίνατο
1323 2758 1399 2820 ὡς
1431 2759 1492 2810 16
1513 2757 1790 2827 ζητούμε-

229 2863 322 2898 νον
341 2846 598 2899 ἀδύνατόν
614 2847 780 2910 ἐστιν,
806 2844 950 2918 οὑΙδι¹
968 2847 1124 2900 ἀλλον
1144 2849 1191 2900 εί
1215 2848 1287 2917 μὴ
1351 2849 1437 2902 ἴνα
1452 2851 1525 2920 μὴ
1548 2850 1788 2920 ἀθετήσῃ

250 2935 318 2988 16
367 2936 459 2991 106
511 2937 716 3006 πατρὸς
769 2940 1096 3008 πρόσταγμα
1152 2941 1244 2991 καὶ
1267 2939 1366 3008 τὴν
1400 2941 1537 3008 πρὸς
1584 2943 1790 2994 ἐκεῖνον

229 3027 374 3095 ἐμὴν
400 3027 486 3079 διὰ
512 3028 779 3096 στόματος
809 3029 1130 3096 παράδοσιν.
1185 3030 1245 3081 '0
1274 3029 1330 3083 δὲ
1363 3031 1525 3082 πάλιν
1553 3030 1786 3099 ιζήτησε

229 3117 391 3170 τοῦτο
423 3117 510 3170 διὰ
529 3118 628 3184 τῆς
659 3118 947 3188 δεσποίνης
976 3120 1069 3172 καὶ
1103 3121 1306 3190 μητρὸς
1333 3120 1498 3173 αὐτοῦ
1521 3122 1616 3173 καὶ
1647 3123 1787 3188 μετά

230 3208 424 3260 αἰτιῶν
450 3209 785 3276 ἀναγκαίων,
813 3212 910 3263 καὶ
937 3210 1092 3278 μόλις
1115 3213 1415 3279 προσέταξε
1437 3212 1594 3265 10610
1614 3211 1784 3265 εἰπὼν
1811 3227 1853 3284 c

231 3299 319 3350 61t
352 3298 582 3353 Ἐλθέτω
613 3299 731 3369 μεθ’
753 3298 907 3370 ἡμῶν
929 3302 954 3354 6
971 3303 1247 3371 Φραντζῆς
1272 3303 1376 3364 ἕως
1403 3305 1498 3373 τῆς
1526 3303 1788 3356 Πελοπον-

229 3487 330 3531 aut
359 3491 528 3544 usque
557 3477 621 3529 ad
651 3478 821 3544 prima
848 3493 1003 3532 sacra
1026 3477 1307 3533 funeralia.
1344 3479 1417 3533 Ita
1445 3484 1654 3535 demum
1719 3483 1786 3535 ad

231 3569 400 3632 aedes,
423 3568 475 3620 in
506 3568 702 3635 quibus
731 3567 1122 3623 Constantinus
1150 3571 1371 3635 despota
1411 3573 1785 3625 commoraba-

234 3673 346 3724 tur,
372 3659 736 3722 discessimus,
776 3658 1016 3726 forisque
1049 3668 1107 3712 ut
1125 3661 1306 3713 caeteri
1334 3660 1602 3728 plerique,
1658 3679 1788 3717 eon-

229 3749 492 3802 sedimus.
519 3747 670 3813 Quod
731 3748 816 3801 ubi
843 3748 1048 3802 audivit
1095 3749 1337 3817 despota,
1403 3753 1550 3805 misit
1583 3755 1647 3806 ad
1705 3769 1787 3808 me

228 3848 480 3909 patruum
501 3854 701 3903 meum,
716 3840 806 3908 qui
835 3851 936 3894 suo
957 3841 1167 3894 nomine
1186 3841 1256 3894 ita
1276 3843 1402 3896 mibi
1423 3846 1784 3898 renuntiaret:

235 3949 256 3982 ι
283 3930 445 3984 Recte
467 3940 517 3984 tu
545 3931 760 4000 quidem
785 3945 986 3987 morem
1009 3933 1331 3994 observasti.
1354 3942 1407 3987 ut
1430 3951 1533 3988 non
1557 3936 1786 3991 intrares

228 4023 414 4076 statim
436 4023 487 4076 in
511 4023 813 4077 cubiculum
830 4039 1030 4087 meum,
1054 4034 1112 4078 ut
1132 4033 1275 4091 ante,
1295 4027 1419 4080 vivo
1439 4028 1783 4095 imperatore,

229 4122 385 4185 patre
403 4129 543 4177 meo,
571 4113 782 4170 solebas
803 4113 983 4170 facere
1011 4132 1026 4178 ;
1053 4116 1146 4172 sed
1177 4128 1409 4183 nosmet,
1439 4117 1658 4188 obligati
1692 4120 1785 4174 tibi

230 4215 458 4275 propter
479 4220 715 4261 amorem
774 4215 828 4262 et
855 4205 1054 4270 obicis,
1102 4222 1221 4277 qua:
1279 4223 1406 4279 erga
1449 4219 1649 4277 patrem
1685 4225 1785 4264 uo-

228 4310 404 4353 strum
434 4308 488 4352 et
505 4313 631 4366 erga
660 4313 760 4353 nos
785 4299 1107 4369 praestitisti,
1138 4310 1455 4368 potestatem
1481 4302 1572 4355 tibi
1598 4304 1786 4358 damus

228 4391 405 4444 libere
428 4388 663 4446 intrandi
693 4389 1003 4445 cubiculum
1028 4399 1298 4457 nostrum,
1335 4391 1782 4457 quemadmodum

1894 735 1928 804 ὴ
1981 734 2243 787 δέσποινα
2296 733 2600 803 προσέταξέ
2658 751 2750 801 μοι
2811 733 2983 798 οὕτως
3035 739 3129 790 καὶ
3185 743 3461 809 συγχωρεῖ

1892 825 2028 879 αὐτό
2053 841 2068 857 ·
2095 828 2144 878 εί
2173 827 2229 879 δι
2253 827 2652 896 έπαναστρέψει
2680 827 2915 881 ἐνταῦθα
2946 829 3067 897 μετ’
3092 832 3228 900 ἐμοῦ
3252 837 3280 885 6
3306 834 3461 886 ἀδελ-

1895 919 1994 987 φός
2029 935 2152 987 μου,
2202 919 2271 971 οὐ
2319 923 2425 988 χρὴ
2475 922 2520 971 εί
2576 921 2652 989 μὴ
2708 915 2851 974 εἶναι
2881 921 3045 975 αὐτὸν
3077 919 3174 977 δὺν
3218 926 3459 994 ὲμοῖ,ὦς

1892 1010 2047 1080 παρά
2096 1009 2190 1063 τοῦ
2243 1010 2508 1080 βασιλέως
2555 1011 2653 1064 τοῦ
2701 1013 2961 1078 αὑθεντός
2992 1033 3096 1084 μου
3130 1019 3222 1068 καὶ
3253 1020 3456 1091 πατρὸς

1891 1099 2261 1169 προσετάχθη.
2305 1101 2516 1170 1286
2547 1101 2638 1153 καὶ
2679 1103 2905 1167 δικαίως
2955 1104 3247 1175 ὀφείλομεν
3294 1109 3452 1177 ἡμεῖς

1891 1193 2115 1262 ποιῆσαι
2147 1192 2303 1247 αὐτό.
2349 1192 2697 1264 Ἐρχομένων
2728 1195 2821 1248 οὖν
2865 1199 2945 1260 είς
2983 1199 3082 1269 τὴν
3115 1201 3454 1271 Πελοπόννη-

1893 1301 1985 1337 σον
2011 1285 2087 1353 τῷ
2120 1285 2219 1353 μὲν
2247 1285 2395 1356 ήμην
2425 1285 2650 1350 τελείως
2691 1288 3027 1359 ὑποχείριος,
3061 1291 3136 1355 ὡς
3166 1297 3451 1362 προεῖπον,

1889 1376 1968 1444 τῷ
1996 1374 2052 1426 δὲ
2086 1375 2275 1446 ἀγάπῃ
2310 1377 2405 1429 καὶ
2432 1376 2610 1429 ἐλπίδι
2643 1379 3100 1446 προσαπέϐλεπον
3129 1384 3317 1437 αὐτόν.

1973 1466 2375 1528 Ἀποσωθέντες
2401 1467 2494 1518 οὖν
2523 1470 2603 1531 είς
2637 1469 3044 1540 Πελοπόννησον
3075 1475 3168 1525 καὶ
3194 1477 3332 1527 κατὰ
3359 1476 3452 1529 τοῦ

1888 1554 2058 1608 τόπου
2090 1556 2294 1618 παντὸς
2340 1556 2437 1608 τοῦ
2487 1558 2641 1619 ἐντὸς
2681 1560 3093 1630 Πελοποννήσου
3129 1564 3187 1628 ὃς
3222 1567 3325 1620 61:6
3359 1570 3452 1622 τοῦ

1889 1647 2152 1700 δεσπότου
2201 1649 2448 1718 Καρόλου
2490 1652 2788 1720 ἐκρατεῖτο,
2821 1653 3154 1718 ἀπελθόντες
3193 1657 3287 1711 οὖν
3320 1662 3453 1715 πάν-

1891 1757 1982 1802 τες
2013 1741 2061 1792 οί
2098 1740 2357 1796 αὐθένται
2392 1744 2485 1798 καὶ
2516 1745 2735 1813 ἀδελφοὶ
2784 1748 2879 1800 καὶ
2917 1749 3113 1822 βουλὴν
3145 1756 3453 1825 ποιησάμε-

1892 1848 1972 1883 νοι
1996 1832 2275 1903 τοιαύτην,
2311 1834 2387 1904 μὴ
2426 1833 2759 1906 θαρροῦντες
2790 1839 2899 1908 γὰρ
2924 1841 3160 1906 εὐκόλως
3191 1846 3453 1913 ὑποτάξαι

1891 1923 1981 1975 τὸν
2011 1925 2175 1976 τόπον
2226 1926 2411 1990 αὐτοῖς
2457 1926 2516 1979 6v
2551 1925 2697 1997 εῖχεν
2732 1932 2759 1982 6
2811 1931 3080 2000 Κάρολος,
3108 1935 3310 2002 ὁμοίως
3356 1942 3453 1990 καὶ

1891 2015 2052 2076 αὐτὸς
2079 2015 2178 2067 οὐκ
2207 2015 2430 2087 ἐθάρρει
2466 2019 2759 2091 δυνηθῆναι
2788 2023 3024 2092 φυλάξαι
3046 2025 3138 2078 16v
3169 2028 3452 2080 ἐπίλοιπον

1889 2105 2055 2157 τόπον
2083 2107 2172 2158 τὸν
2199 2107 2642 2178 ὲναπομείναντα
2677 2113 2829 2183 αὐτῷ
2854 2129 2868 2144 ·
2899 2115 2995 2168 καί
3035 2134 3188 2181 τινας
3213 2119 3322 2171 τῶν
3356 2123 3454 2173 αὖ-

1889 2197 1982 2251 106
2017 2199 2197 2252 τόπων
2222 2199 2418 2254 ἔλαϐον
2448 2204 2498 2255 οἱ
2547 2205 2706 2273 ἡμῶν
2734 2207 3012 2272 αὐθένται,
3041 2211 3120 2273 είς
3152 2213 3454 2280 συμϐάσεις

1890 2289 2175 2353 ἐλθόντων,
2210 2293 2303 2344 καὶ
2335 2294 2734 2366 εὐδοκήσαντος
2758 2300 2852 2352 106
2879 2300 3143 2356 δεσπότου
3169 2306 3273 2374 κὺρ
3298 2307 3456 2358 Κων-

1893 2380 2173 2434 σταντίνου
2196 2383 2281 2435 τνα
2303 2383 2445 2457 λάϐῃ
2473 2387 2551 2448 εἰς
2576 2387 2809 2458 νόμιμον
2835 2394 3072 2458 γυναῖκα
3101 2395 3199 2462 τήν
3226 2380 3454 2467 ἀνεψιάν

1889 2472 2038 2525 τοῦδε
2071 2474 2164 2526 τοῦ
2207 2475 2471 2530 δεσπότου
2519 2478 2791 2548 Καρόλου,
2830 2483 2926 2536 καὶ
2959 2484 3058 2538 ὅσα
3089 2486 3155 2539 ἂν
3189 2484 3303 2558 εἶχε
3351 2492 3452 2542 κὰ-

1891 2580 2026 2633 στρα
2055 2567 2135 2628 είς
2164 2567 2261 2635 τὴν
2291 2568 2699 2637 Πελοπόννησον
2731 2572 2870 2644 λάϐῃ
2900 2576 2977 2638 είς
3000 2579 3233 2646 προῖκαν
3257 2580 3450 2651 αὐτῆς,

1887 2653 2031 2708 οὕτω
2056 2657 2356 2728 γενομένης
2385 2661 2484 2730 τῆς
2511 2665 2855 2730 συμφωνίας.

1962 2747 2027 2815 β’.
2064 2750 2141 2819 Τῇ
2187 2749 2280 2802 οὖν
2312 2754 2502 2826 πρώτῃ
2533 2755 2710 2808 Μαΐου
2745 2758 2840 2810 τοῦ
2880 2760 3046 2813 αὐτοῦ
3091 2762 3247 2828 ἔτους
3289 2767 3451 2819 σταλ-

1889 2839 2002 2900 θεὶς
2019 2828 2127 2903 ἐγὼ
2151 2844 2460 2910 παρέλαϐον
2478 2845 2575 2917 τὴν
2591 2848 2957 2920 Γλαρέντζαν,
2974 2854 3070 2906 καὶ
3093 2856 3243 2909 ἄλλοι
3260 2859 3447 2913 τᾶλλα.

1888 2929 1996 2982 Καὶ
2046 2933 2557 3009 ἐπαναστρέψαντες
2599 2940 2679 3000 εἰς
2723 2941 2980 3011 Σπάρτην
3027 2946 3314 3016 ἐνηργεῖτο
3363 2951 3449 3002 ἵνα.

1886 3020 2023 3092 λάϐῃ
2057 3023 2118 3076 16
2156 3027 2448 3095 μοναχικὺν
2495 3030 2683 3100 σχῆμα
2718 3033 2745 3085 6
2774 3034 3044 3105 δεσπότης
3089 3040 3195 3107 κὺρ
3242 3043 3452 3096 Θεόδωο

1890 3127 2000 3180 ρος,
2029 3114 2122 3165 καὶ
2153 3115 2354 3183 τρόπον
2397 3119 2491 3171 καὶ
2535 3121 2806 3192 ἀναϐολὴν
2834 3125 3110 3195 ποιήσωσι
3138 3130 3233 3182 τοῦ
3267 3150 3449 3202 παρα-

1887 3202 2073 3255 λαϐεῖν
2107 3205 2268 3274 129
2301 3205 2399 3276 τὴν
2430 3209 2675 3279 Πάτραν,
2708 3214 3009 3280 ἀναγκαῖον
3046 3221 3140 3272 καὶ
3175 3224 3448 3291 χρήσιμον

1888 3295 2074 3362 τόπον,
2100 3296 2187 3349 ἵνα
2229 3297 2327 3366 τὴν
2379 3299 2698 3369 κατοίκησιν
2733 3306 2782 3356 οί
2812 3304 3070 3360 δεσπόται
3103 3311 3197 3363 καὶ
3229 3312 3449 3383 ἀδελφοὶ

1891 3488 1992 3526 nos
2033 3472 2336 3530 Phrantzes
2369 3477 2420 3530 in
2453 3475 2905 3546 Peloponnesum,
2957 3484 3208 3551 atqueibi
3240 3486 3285 3539 si
3333 3503 3448 3541 ma-

1888 3573 2015 3621 neat
2051 3566 2219 3620 frater
2237 3581 2406 3628 meus.
2435 3577 2651 3621 maneto
2674 3569 2764 3622 ille
2780 3585 2995 3640 quoque.
3017 3590 3136 3627 eum
3162 3591 3246 3638 eo,
3277 3593 3442 3646 quan.

1890 3657 2173 3726 doquidem
2202 3658 2272 3711 ita
2303 3659 2498 3713 suadet
2531 3661 2888 3730 conceditque
2919 3665 3049 3718 mibi
3090 3667 3400 3735 imperatrix
3429 3687 3443 3733 ;

1890 3750 1972 3802 sin
2009 3749 2204 3803 redibit
2238 3766 2447 3803 mecum
2492 3752 2681 3815 frater,
2728 3751 2872 3806 illum
2899 3770 3122 3810 necesse
3169 3767 3252 3812 est
3304 3764 3444 3827 apud

1889 3856 1974 3895 me
2001 3856 2143 3904 esse,
2175 3843 2624 3912 quemadmodum
2651 3845 2789 3912 jussi
2812 3862 2999 3901 sumus
3021 3848 3088 3900 ab
3121 3849 3446 3918 imperatore

1891 3947 2097 3999 nosque
2118 3931 2297 3985 facere
2321 3932 2491 3986 decet.
2529 3950 2546 3982 ι
2574 3932 2704 3988 Cum
2735 3935 2898 4008 igitur
2928 3936 2979 3990 in
3016 3935 3446 4003 Peloponnesum

1889 4023 2376 4091 proficisceremur,
2407 4023 2584 4091 alteri,
2634 4008 2844 4081 utante
2872 4028 3007 4094 dixi,
3059 4029 3298 4098 perfecte
3344 4032 3446 4086 ob-

1886 4113 2270 4181 teinperabam,
2299 4113 2526 4169 alterum
2568 4131 2686 4172 eum
2741 4132 2926 4174 amore
2962 4128 3017 4174 et
3059 4135 3152 4193 spe
3183 4124 3447 4194 suspicie-

1886 4204 2030 4257 bam.

1956 4294 2130 4351 Delati
2169 4296 2336 4364 igitur
2378 4297 2431 4352 in
2497 4297 2949 4368 Peloponnesum,
3023 4302 3257 4360 vidimus
3329 4307 3443 4362 loca

1885 4389 2066 4442 omnia
2107 4404 2226 4459 quae
2282 4405 2310 4442 a
2357 4389 2550 4446 Carolo
2600 4392 2824 4457 despota
2898 4396 3241 4454 tenebantur.
3306 4399 3442 4454 Tum

228 4489 362 4533 ante
385 4477 640 4546 faciebas,
682 4495 804 4535 cum
831 4489 991 4550 pater
1011 4483 1233 4536 mcusin
1273 4483 1411 4536 vivis
1430 4493 1592 4538 esset,
1619 4503 1637 4536 ι
1660 4499 1782 4539 cum
1815 4543 1854 4552 _
1888 4479 2156 4548 principes
2182 4488 2238 4534 et
2283 4479 2482 4535 fratres
2535 4495 2745 4549 omnes,
2787 4483 3175 4541 deliberatione
3233 4488 3442 4552 habita,

226 4569 429 4623 deinde
459 4543 772 4626 mandasset
793 4543 925 4625 mihi
957 4571 1286 4638 imperator,
1325 4572 1469 4625 illius
1499 4573 1688 4638 frater,
1725 4584 1783 4627 ut
1812 4543 1863 4603 D
1890 4543 2013 4622 cum
2038 4543 2245 4635 partem
2281 4583 2309 4622 a
2333 4568 2528 4624 Carolo
2551 4582 2882 4640 occupatam
2925 4576 3178 4646 subigere
3211 4593 3267 4631 se
3286 4593 3445 4646 posse

227 4663 287 4716 in
325 4660 749 4730 Peloponnesum
775 4664 1062 4717 abeuntem
1087 4677 1144 4718 se
1187 4665 1499 4730 eomitarer,
1558 4675 1782 4734 propter

224 4766 374 4813 eam,
411 4766 570 4819 quam
617 4765 779 4819 supra
844 4753 1283 4818 commemoravi,
1333 4769 1572 4814 causam.
1667 4754 1783 4822 ipse

224 4841 626 4895 Constantinus
658 4841 1005 4897 vehementer
1024 4857 1110 4896 me
1140 4843 1423 4907 invitabat,
1469 4853 1523 4898 ut
1548 4844 1648 4898 sibi
1670 4845 1782 4897 vel-

226 4935 337 4985 lem
393 4946 580 4986 comes
634 4945 772 4986 esse.
819 4933 917 4987 Cui
965 4949 1065 5002 ego
1132 4934 1403 5002 respondi,
1428 4951 1511 4988 me
1566 4950 1782 5004 quoque

1889 4657 2212 4720 difﬁderent,
2247 4673 2346 4712 nec
2379 4659 2467 4714 ille
2492 4663 2885 4726 conﬂderet,se
2907 4675 3070 4719 totam
3097 4668 3234 4721 tueri
3259 4684 3440 4736 posse,

1887 4748 2138 4813 pactione
2189 4750 2360 4814 facta,
2413 4751 2582 4803 nostri
2627 4755 2902 4823 principes
2937 4757 3193 4811 nonnulla
3228 4760 3295 4812 ab
3349 4762 3444 4814 illo

1887 4836 2003 4890 loca
2032 4847 2360 4904 acceperunt
2395 4857 2412 4908 ;
2446 4841 2755 4912 placuitque
2784 4844 3144 4901 Constantino
3177 4851 3440 4921 despota,

1888 4939 1946 4984 ut
1973 4930 2214 4998 ejusdem
2250 4933 2631 4987 consobrinam
2665 4935 2902 5002 legitimo
2929 4938 3033 4992 sibi
3093 4941 3442 4996 matrimonio

228 5025 410 5089 ipsum
450 5023 596 5076 istud
649 5033 973 5092 praoptare,
1049 5025 1208 5077 modo
1255 5027 1304 5078 id
1361 5027 1691 5094 approbante
1728 5033 1782 5080 et
1879 5021 2148 5089 iungeret,
2178 5030 2228 5075 et
2262 5038 2601 5091 quacunque
2627 5025 2713 5078 ille
2762 5035 2943 5078 castra
2979 5027 3029 5078 in
3073 5025 3441 5097 Peloponneso

217 5112 448 5183 jubente
487 5113 833 5181 imperatore,
860 5113 1185 5183 fratreejus,
1243 5117 1418 5169 ﬁeret.
1455 5115 1642 5185 Itaque
1691 5119 1780 5172 ille

226 5203 554 5257 meafratre
584 5205 833 5270 precibus
867 5207 1072 5274 petivit,
1110 5208 1405 5278 propositis
1457 5209 1780 5276 rationibus,

221 5297 299 5349 ob
327 5309 461 5364 quas
486 5298 789 5350 necessaria
811 5299 912 5353 sibi
933 5311 1074 5353 esset
1105 5313 1221 5353 mea
1250 5317 1434 5370 opera.
1468 5300 1534 5353 At
1559 5317 1783 5370 respon-

221 5388 483 5452 ditalter,
517 5389 631 5442 fieri
661 5403 766 5442 non
799 5405 973 5458 posse.
1030 5391 1173 5460 quod
1207 5401 1443 5460 rogaret,
1503 5402 1786 5461 propterea

219 5477 369 5546 quod
405 5493 510 5532 non
550 5478 735 5533 liceret
761 5482 1028 5549 negligere
1060 5481 1392 5536 voluntatem
1446 5485 1615 5549 patris
1638 5484 1784 5551 ejus-

220 5575 457 5636 demque
525 5572 1066 5637 commendationem,
1095 5588 1198 5641 qua
1232 5573 1282 5626 is
1322 5589 1421 5626 suo
1453 5589 1546 5628 ore
1580 5576 1680 5640 ipsi
1702 5591 1787 5629 me

223 5660 560 5714 tradidisset.
596 5661 831 5714 Instabat
857 5678 1040 5718 rursus
1063 5664 1473 5730 Constantinus,
1496 5682 1655 5733 opera
1673 5682 1788 5718 ma-

221 5753 325 5805 tris
355 5753 721 5820 imperatricis
752 5755 1041 5823 causisque
1103 5756 1312 5810 idoneis
1378 5773 1532 5814 usus.
1588 5758 1784 5824 quibus

219 5844 315 5898 ille
369 5853 694 5909 commotus,
746 5861 888 5914 πει-ε
932 5847 1142 5901 tandem
1205 5849 1370 5901 edixit
1406 5865 1416 5899 :
1446 5866 1464 5898 ι
1527 5847 1779 5916 Sequitur

1887 5112 2127 5171 haberet.
2162 5128 2221 5165 ea
2253 5114 2394 5166 dotis
2448 5115 2661 5167 nouiine
2713 5115 2982 5184 acciperet
3017 5135 3031 5172 :
3072 5119 3266 5185 quibus
3315 5121 3442 5188 qui-

1887 5205 2006 5255 dem
2039 5204 2436 5257 conditionibus
2455 5205 2742 5258 concordia
2774 5206 2983 5261 firmata
3016 5219 3123 5263 est.

1957 5294 2011 5348 3.
2046 5296 2307 5349 Kalendis
2341 5296 2504 5362 igitur
2538 5295 2660 5349 Maii
2687 5299 2922 5364 eiusdem
2960 5301 3087 5352 anni
3119 5301 3317 5355 missus
3341 5317 3440 5374 ego

1890 5382 2261 5449 Glarentzam,
2287 5385 2375 5438 alii
2407 5386 2610 5455 reliqua
2631 5389 2742 5442 loca
2794 5398 3130 5459 receperunt.
3189 5392 3440 5463 Spartam

1892 5477 2115 5539 reversi,
2153 5478 2432 5547 principes
2468 5480 2518 5532 in
2548 5481 2648 5534 hoc
2670 5493 2959 5550 occupatos
3005 5484 3328 5552 invenimus,
3380 5499 3442 5545 ut

1897 5567 2213 5622 Theodorus
2248 5568 2469 5637 despota
2503 5573 2862 5626 monasticum
2896 5574 3136 5629 habitum
3170 5577 3437 5642 indueret,

1891 5662 2262 5728 rationemque
2294 5676 2356 5713 ac
2380 5662 2515 5712 viam
2548 5663 2870 5730 invenirent,
2917 5680 3018 5735 qua
3065 5664 3241 5723 Patras
3293 5673 3442 5721 subi-

1884 5762 2155 5819 gerentur,
2183 5751 2330 5805 locus
2360 5753 2657 5820 praecipuus
2689 5755 2750 5809 et
2791 5766 3144 5825 opportunus,
3187 5757 3274 5812 ubi
3327 5759 3438 5810 fru-

1886 5855 1993 5898 tres
2038 5843 2363 5897 domicilium
2401 5845 2748 5915 collocarent,
2821 5862 2953 5904 neve
3012 5846 3224 5919 Sparta:
3275 5847 3440 5908 simul
