4134 6452
236 470 351 534 ⁸245

1268 469 1706 530 CHRONICON
1745 469 2012 534 MAJUS.
2046 494 2110 506 -·
2140 469 2285 532 LIB.
2329 467 2414 529 ῘῙ.

3372 463 3478 528 ’146

241 578 630 650 Μεσσηνιακοῦ
662 579 865 640 κόλπου
893 594 904 608 ·
953 580 1009 642 6;
1042 580 1232 646 γέγονε
1275 580 1366 633 καὶ
1399 578 1801 647 μητροπολίτης
1839 583 1878 638 Α
1909 580 2002 634 καλ⁸
2059 582 2117 632 ἐν
2157 582 2275 642 ταῖς
2340 581 2622 649 χρονικαῖς
2678 579 2942 649 ίστορίαις
3008 577 3184 642 οὕτως
3239 579 3482 648 ἔγραφον

253 670 775 740 ’Δνδριανουπόλεως
813 668 1196 737 ἀποθανούσης
1230 668 1329 738 τῆς
1365 669 1622 735 γυναικὸς
1644 669 1809 721 αὑτοῦ

239 761 334 815 διὰ
377 762 579 823 πολλάς
609 763 701 814 καὶ
734 761 1047 830 ἀναγκαίας
1083 761 1263 825 αἰτίας
1316 763 1397 823 εἰς
1449 761 1637 828 κοινὴν
1668 761 1812 828 ὠφέ-

240 854 414 916 λειαν,
449 854 501 905 εἰ
530 851 626 905 καὶ
659 853 718 904 τὸ
752 853 931 924 ἄωρον
961 852 1057 905 τοῦ
1091 851 1327 907 θανάτου
1375 852 1813 922 ἥρπαξεν.αὑτδν

239 941 340 995 καὶ
368 941 556 1004 ἀτελὲς
582 943 642 993 τὸ
671 941 833 1013 ἔργον
863 940 1153 1010 ἀπέμεινε.
1200 941 1464 1003 Εἰπόντες
1497 939 1588 993 οὖν
1633 940 1814 1011 ἐτεροι

241 1034 434 1086 πολλοί
466 1033 567 1095 τάς
593 1034 772 1096 αἰτίας
806 1034 886 1096 εἰς
920 1033 1140 1097 πλάτος,
1162 1034 1274 1101 ἐγὼ
1296 1032 1707 1101 ἐγκατέλειπον.
1749 1034 1814 1086 Ἥ

241 1125 306 1176 δέ
356 1122 501 1177 αἰτία
532 1124 634 1194 τῆς
680 1124 940 1194 τοιαύτης
995 1125 1358 1194 ἐπιτροπικῆς
1389 1125 1815 1195 τοιουτοτρόπως

240 1212 412 1285 εἶχεν,
466 1213 566 1285 τῆς
600 1216 740 1286 πρὸς
789 1216 884 1270 τὸν
937 1217 1206 1285 δεσπότην
1240 1217 1347 1286 κὺρ
1399 1216 1696 1286 Θεόδωρον.
1757 1217 1816 1271 Ὀ

242 1307 585 1378 προρῤηθεὶς
611 1308 928 1378 Νικηφόρος
948 1309 976 1360 6
997 1307 1338 1378 Μελισσηνὸς
1369 1306 1526 1378 ἔσχεν
1555 1307 1669 1362 υἰδν
1698 1307 1816 1360 ὀνό-

245 1416 384 1466 ματι
435 1397 726 1463 Νικόλαον,
759 1398 819 1451 δν
869 1399 1200 1469 ἀνεγέννησε
1233 1398 1322 1452 διὰ
1353 1397 1448 1451 τοῦ
1484 1399 1641 1466 ἁγίου
1676 1398 1818 1468 βαπ-

243 1488 511 1556 τίσματος
532 1489 560 1539 6
579 1487 849 1558 δεσπότης
871 1487 978 1555 κὺρ
1000 1487 1276 1555 Θεόδωρος
1305 1502 1318 1515 ·
1345 1490 1441 1540 καὶ
1463 1488 1522 1538 ἐν
1544 1487 1621 1556 τῷ
1641 1485 1816 1556 καιρῷ

239 1577 349 1644 τῆς
383 1577 774 1645 μεταστάσεως
800 1576 968 1630 αὑτοῦ
990 1577 1072 1640 εἰς
1093 1576 1189 1639 τὰς
1217 1575 1417 1638 άΰλους
1441 1576 1608 1645 μονὰς
1635 1578 1686 1644 (ὁ
1707 1577 1816 1648 γὰρ

264 1668 362 1730 »ἰὸς
394 1666 560 1744 αὑτοῦ
600 1669 824 1738 τριετὴς
869 1670 1068 1737 νήπιος
1114 1668 1212 1736 ὣν)
1264 1668 1530 1737 διαθήκην
1583 1669 1816 1735 ποιήσας

215 1758 439 1820 ,τοῦτον
470 1760 735 1813 κατέλιπε
764 1760 858 1812 τὸν
886 1759 1160 1829 δεσπότην
1185 1758 1293 1828 κὺρ
1325 1758 1602 1829 Θεόδωρον
1627 1758 1817 1828 κύριον

245 1850 346 1902 καὶ
378 1851 646 1920 δεσπότην
674 1851 770 1904 καὶ
809 1850 1104 1918 ἐπίτροπον
1131 1849 1226 1903 τοῦ
1256 1850 1445 1911 παιδὸς
1477 1851 1574 1903 καὶ
1597 1849 1816 1905 πάντων

1914 673 2044 734 τοὺς
2078 672 2475 741 ’Μελισσηνοὺς
2543 670 3094 739 Στρατηγοπούλους,
3167 671 3238 724 δι’
3297 672 3484 725 αἰτίαν

1914 762 2191 828 τοιαύτηνο
2226 762 2317 831 τὸν
2349 764 2457 829 γὰρ
2483 759 2724 825 Ἀλέξων
2751 761 3012 830 Καίσαρα
3068 762 3160 812 τὸν
3201 762 3485 833 Μελισση-

1916 853 2026 914 νδν,
2057 854 2148 905 τὸν
2184 854 2276 907 καὶ
2312 854 2410 921 τὴν
2435 853 3021 906 Κωνσταντινούπολιν
3041 853 3488 922 ἐλευθερώσαντα

2110 945 2174 996 ἐκ
2207 943 2306 1007 τῆς
2343 943 2598 994 Λατίνων
2612 943 2818 1012 χειρὸς,
2838 941 3328 1010 Στρατηγόπουλον
3347 944 3490 994 ἐπω-

1917 1033 2152 1103 νόμαζον
2184 1034 2272 1086 διὰ
2302 1032 2399 1102 τὴν
2435 1032 2671 1101 μάμμην
2713 1032 2903 1096 αὑτοῦ,
2934 1033 3030 1086 καὶ
3061 1032 3249 1086 ἔκτοτε
3274 1031 3334 1085 τὸ
3371 1033 3490 1084 ἐπί-

1920 1123 2055 1191 κλην
2090 1123 2248 1177 τοῦτο
2277 1123 2357 1186 εἴς
2388 1141 2542 1186 τινας
2560 1122 2658 1175 τοῦ
2690 1124 2880 1191 γένους
2901 1123 3094 1176 τούτου
3119 1125 3487 1192 ἐπεκράτησε·

1915 1212 2009 1264 τὸν
2061 1213 2116 1264 δὲ
2144 1211 2459 1283 Νικηφόρον
2492 1213 2588 1267 καὶ
2632 1213 2807 1282 μέγαν
2861 1216 3320 1285 πρωτοστράτορα
3373 1215 3470 1268 καὶ

1917 1304 2332 1374 Μελισσουργδν
2363 1305 2752 1373 ἐπωνόμασαν.

1991 1397 2259 1465 Διὴρχετο
2289 1395 2346 1457 δὲ
2379 1395 2477 1466 τὴν
2508 1396 2809 1465 εἰρημένην
2851 1396 3223 1466 ἐπιτροπικὴν
3247 1413 3341 1449 και
3357 1397 3488 1450 διοί-

1920 1503 2081 1555 κησιν
2116 1486 2210 1540 καὶ
2242 1488 2270 1538 6
2319 1487 2766 1556 πρωτοστράτωρ
2803 1487 2958 1541 Λέων
3007 1490 3035 1541 6
3067 1487 3487 1557 Φραγκόπουλος

1919 1576 2099 1646 καιρῷ
2123 1576 2234 1629 τινί
2263 1577 2561 1645 προστάξει
2601 1577 2696 1630 τοῦ
2745 1577 3008 1631 δεσπότου
3048 1579 3154 1648 κὺρ
3180 1577 3487 1648 Θεοδώρου,

1919 1668 2045 1720 ἐπεὶ
2106 1667 2185 1737 τῷ
2226 1666 2442 1737 ἀδελφῷ
2492 1665 2588 1719 καὶ
2650 1667 2887 1739 δεσπότῃ
2924 1668 3031 1738 κὺρ
3089 1670 3490 1739 Κωνσταντίνῳ

1920 1757 2233 1828 ἐδωρήσατο
2263 1759 2405 1826 μετά
2435 1758 2656 1813 πάντων
2720 1759 2831 1811 τῶν
2865 1760 3176 1830 προνομίων
3217 1757 3293 1815 ὧν
3349 1758 3487 1831 εἶχε,

1921 1847 2226 1913 τουτέστιν,
2254 1850 2351 1902 ἐὰν
2379 1852 2408 1903 6
2434 1851 2658 1918 γνήσιος
2692 1852 2906 1914 ἐκεῖνος
2961 1851 3303 1920 κληρονόμος
3354 1852 3493 1904 ἀπο-

251 1942 362 1994 τῶν
393 1942 558 1995 αὑτοῦ
591 1910 892 2012 κτημάτων
924 1910 1019 1995 καὶ
1047 1942 1347 2012 χρημάτων
1392 1941 1548 2011 133
1580 1942 1817 2006 κινητῶν
1850 1910 1890 1966 Β
1923 1937 2061 2010 θάνῃ
2117 1910 2246 2011 πρὶν
2292 1939 2388 1994 τοῦ
2445 1910 2536 2004 sic.
2581 1910 2748 2003 νόμου
2805 1910 3023 2012 ἠλικίαν
3052 1910 3259 2014 φθάση,
3283 1910 3489 1997 γπάντα

253 2034 346 2087 καὶ
376 2033 672 2103 ἀκινήτων,
697 2035 784 2087 ὅτι
817 2034 913 2088 ἐάν
954 2034 985 2086 6
1032 2033 1145 2096 υἰδς
1169 2032 1336 2086 αὑτοῦ
1365 2034 1460 2086 καὶ
1482 2031 1821 2101 κληρονόμος

249 2123 410 2187 εὐθὺς
444 2125 690 2196 ἀποθάνῃ
719 2127 890 2195 χωρὶς
919 2124 1296 2195 κληρονόμων,
1325 2123 1503 2176 πάντα
1529 2121 1598 2175 τά
1627 2120 1821 2178 ἑαυτοῦ

248 2216 446 2280 ἄστεα,
479 2216 665 2285 κῶμαι
708 2217 802 2268 καὶ
841 2216 1018 2285 χῶραι
1053 2217 1150 2268 καὶ
1185 2215 1425 2284 φρούρια
1478 2214 1693 2267 ἐσονται
1743 2213 1822 2283 τῷ

249 2305 488 2376 δεσπότῃ
515 2308 623 2376 κὺρ
655 2305 937 2378 Θεοδώρῳ,
965 2306 1033 2360 τὰ
1061 2305 1216 2367 ἐκτὸς
1261 2309 1358 2358 καὶ
1391 2304 1543 2368 ἐντὸς
1575 2305 1674 2373 τῆς
1712 2305 1818 2356 [Is-

246 2395 608 2466 λοποννήσου.
638 2396 820 2452 *Ησαν
855 2399 962 2468 γὰρ
1004 2398 1074 2450 τά
1101 2397 1276 2460 ἐντὸς,
1333 2395 1627 2466 ’Δνδροῦσα
1673 2394 1816 2464 λέγω

249 2485 350 2536 καὶ
407 2485 736 2556 Καλαμάτα,
779 2473 1102 2551 Μαντίνεια,
1145 2485 1435 2548 ἰάννιτζα,
1482 2484 1700 2553 Πίδημα
1732 2485 1823 2537 καὶ

251 2576 418 2642 Μάνη
452 2579 548 2631 καὶ
579 2578 755 2646 Νησὶν
804 2579 900 2630 καὶ
944 2576 1207 2631 Σπιτάλιν
1255 2577 1350 2629 καὶ
1386 2576 1680 2647 Γρεμπενῆ
1728 2575 1822 2628 καλ¹

266 2669 452 2731 Ἀετὸς
482 2672 578 2722 καὶ
610 2669 961 2739 Νεόκαστρον
995 2669 1089 2722 καὶ
1135 2666 1336 2736 Ἰθώμη
1369 2669 1401 2736 ή
1435 2667 1528 2719 νῦν
1551 2665 1822 2738 λεγομένη

253 2759 519 2827 Μεσσήνη
553 2761 649 2812 καὶ
688 2758 1058 2828 ’Δρχὰγγελος
1090 2757 1187 2810 καλ⁵
1211 2756 1554 2824 Σαυλάουρος
1580 2757 1678 2808 καὶ
1711 2757 1827 2808 Ἰω-

255 2849 448 2901 άννινα
478 2849 573 2901 καὶ
604 2848 953 2916 Διγούδιστα,
1003 2845 1072 2900 τά
1118 2846 1177 2898 δέ
1229 2846 1384 2908 ἐκτὸς
1419 2845 1632 2914 μεγάλη
1664 2841 1822 2910 Αἶνος

255 2939 356 2992 καὶ
388 2940 421 3007 ὴ
459 2939 587 3006 περὶ
617 2940 784 3007 αὐτὴν
819 2937 1084 3009 παροικία
1119 2939 1290 3002 πᾶσα,
1319 2938 1506 3005 κῶμαι
1536 2938 1629 2990 καί
1651 2937 1826 3008 χῶραι

253 3033 362 3093 ἓως
391 3033 486 3084 καὶ
518 3031 891 3101 Περιθεωρίου
915 3046 928 3060 ο
955 3031 992 3084 ἀ
1019 3029 1113 3083 καί
1137 3029 1355 3091 σταλεὶς
1379 3028 1492 3095 ἐγὼ
1517 3030 1826 3098 παρέλαϐον

253 3123 423 3176 αὑτά.
560 3129 578 3163 θ

1921 2030 2092 2083 ταῦτα
2120 2033 2189 2085 τὰ
2211 2032 2311 2101 τῆς
2343 2033 2706 2103 ἐπιτροπικῆς
2739 2035 3002 2105 κτήματα
3032 2034 3263 2093 ἐσωνται
3284 2034 3362 2104 τῷ
3384 2035 3492 2106 κὺρ

1922 2123 2342 2193 Κωνσταντίνῳ.

1994 2221 2066 2282 γ’.
2103 2216 2213 2268 Καὶ
2251 2217 2330 2285 τῷ
2359 2216 2504 2286 αὖτῷ
2535 2216 2647 2271 ἔτει
2681 2219 2933 2289 Μαρτίου
2961 2221 3201 2291 τετάρτῃ
3228 2219 3492 2288 τέθνηκεν

1923 2308 2245 2378 ὁδεσπότης
2293 2310 2400 2379 κὺρ
2477 2310 2842 2381 Ἀνδρόνικος,
2891 2313 2919 2365 6
2945 2311 3033 2365 διά
3066 2311 3161 2366 τοῦ
3193 2312 3338 2365 θείου
3398 2314 3495 2368 καὶ

1926 2397 2221 2464 ἀγγελικοῦ
2279 2398 2557 2468 σχήματος
2608 2400 3037 2468 μετονομασθεὶς
3080 2399 3366 2463 Ἀκάκιοςυ
3395 2398 3493 2452 καὶ

1927 2487 2101 2557 ἐτάφη
2147 2490 2206 2541 ἐν
2235 2491 2302 2558 τῇ
2330 2488 2429 2540 τοῦ
2463 2489 2910 2559 Παντοκράτορος
2944 2492 3104 2560 μονῇ,
3152 2488 3282 2542 ἔνθα
3327 2488 3496 2543 κατέ·

1928 2580 2316 2649 μενε.Βουλῆς
2348 2581 2405 2633 δὲ
2425 2560 2748 2650 ἀποκριῗφου
2802 2582 2926 2650 ἐμοὶ
2986 2581 3288 2652 γενομένης
3342 2582 3497 2652 παρά

1925 2671 2022 2724 τοῦ
2062 2671 2320 2735 αὐθεντός
2352 2689 2454 2742 μου
2508 2673 2600 2725 καὶ
2629 2673 2890 2726 δεσπότου
2932 2673 3022 2726 ἵνα
3069 2674 3214 2728 κατά
3244 2674 3347 2743 τῆς
3382 2675 3496 2727 Πά-

1928 2779 2066 2832 τρας
2097 2762 2448 2833 ἀπέλθωμεν,
2489 2764 2583 2817 καὶ
2633 2765 2681 2816 εἰ
2714 2764 2813 2832 μέν
2864 2764 3274 2834 παραλάϐωμεν
3303 2764 3495 2835 αὐτὴν,

1931 2855 2209 2923 μείνωμεν
2266 2855 2347 2915 εἰς
2402 2853 2505 2924 τὴν
2541 2855 2974 2924 Πελοπόννησον,
3011 2856 3103 2910 καὶ
3155 2858 3182 2909 6
3226 2857 3388 2920 τόπος
3436 2857 3498 2909 δν

1928 2941 2072 3014 εἶχεν
2095 2947 2154 2997 ἐν
2187 2947 2252 3014 τῇ
2303 2945 2490 3017 μαύρῃ
2523 2945 2769 3014 δηλονότι
2828 2947 3076 3021 θαλάσσῃ
3106 2948 3316 3020 δοθείη⁴
3356 2951 3494 3013 πρὸς

1926 3035 2020 3088 τέν
2046 3034 2274 3103 ἀδελφὸν
2304 3036 2472 3089 αὑτοῦ
2504 3037 2598 3090 τὸν
2633 3038 2884 3108 βασιλέα,
2915 3040 3041 3093 εἰδὲ
3063 3041 3123 3094 οὐ
3160 3042 3497 3111 παραλάϐω·

1931 3143 2033 3196 μεν
2057 3127 2155 3194 τὴν
2189 3127 2429 3196 Πάτραν,
2493 3129 2822 3201 ἀπέλθωμεν
2844 3146 2861 3165 ο
2894 3133 2978 3194 εἰς
3007 3132 3106 3202 τὴν
3147 3135 3500 3188 Κωνσταντι-

345 3217 432 3278 Ὠς
459 3216 551 3268 ἐπὶ
569 3179 631 3269 :6
681 3215 934 3268 πλεῖστόν
976 3231 1128 3276 τινας
1167 3215 1232 3267 ἐκ
1254 3213 1446 3267 τούτου
1489 3215 1584 3266 τοῦ
1634 3215 1826 3282 γένους
1854 3257 1898 3313 C
1930 3179 2204 3286 νούπολιν,
2237 3179 2330 3273 καί
2389 3179 2548 3286 αὐτὸς
2609 3179 2755 3293 ἐχειιν
2807 3223 2888 3285 είς
2924 3179 3027 3291 τῖὴν
3061 3179 3494 3297 ΙΠελοπόννησον

255 3307 369 3359 τῶν
400 3307 757 3377 Μελισσηνῶν
784 3307 880 3360 καὶ
899 3304 1424 3376 Στρατηγοπούλους
1447 3305 1824 3374 ἐπωνόμαζον,

258 3486 444 3550 batur,
469 3494 523 3540 et
554 3487 717 3540 totius
744 3488 895 3565 sinus
926 3484 1264 3541 Messeniaci.
1287 3487 1439 3540 Idem
1473 3498 1592 3555 post
1621 3487 1826 3541 obitum

263 3577 458 3631 moris
495 3577 837 3646 metropolita
864 3578 1244 3647 Adrianopolis
1300 3579 1475 3631 factus
1532 3587 1637 3643 est,
1684 3593 1832 3632 com-

264 3668 418 3720 muni
473 3668 709 3722 utilitate
771 3670 954 3723 multis
1009 3679 1061 3723 et
1124 3669 1543 3724 necessariisde
1571 3669 1751 3724 causis
1777 3669 1830 3723 id

264 3758 572 3823 postulante
627 3777 642 3813 :
692 3775 1000 3829 quanquam
1066 3775 1217 3822 mors
1273 3761 1648 3830 intempestiva
1709 3776 1830 3814 eum

265 3851 472 3918 rapuit,
500 3852 752 3919 alqueita
783 3865 870 3905 res
904 3851 1082 3904 caruit
1102 3859 1317 3906 eventu.
1350 3850 1617 3905 Caeterum
1637 3864 1832 3906 causas

262 3933 405 3996 illas
432 3957 551 3997 cura
582 3941 890 4012 complures
926 3943 1144 4012 capiose
1202 3943 1586 4012 explicuerint,
1610 3942 1832 4012 egoillis

260 4032 653 4102 supersedebo.
708 4031 883 4088 Causa
965 4041 1145 4087 autem
1201 4033 1598 4100 procurationis
1662 4032 1830 4100 illius,

264 4139 431 4193 qnam
466 4120 784 4181 Theodorus
813 4126 1033 4198 despota
1067 4125 1323 4191 habebat,
1361 4125 1483 4181 talis
1510 4125 1631 4181 fuit.
1662 4125 1833 4193 Quem

263 4219 540 4274 nominavi
614 4217 954 4291 Nicephorus
999 4218 1318 4277 Heiissenus
1401 4220 1570 4276 filium
1647 4220 1838 4278 habuit

261 4310 576 4377 Nicolaum,
609 4325 769 4380 quem
819 4325 1029 4368 esacro
1084 4311 1231 4367 fonte
1291 4319 1601 4379 susceperat
1653 4307 1834 4366 Theo-

263 4400 442 4454 dorus
459 4400 704 4469 despota.
731 4398 921 4471 Itaque
942 4400 1010 4456 ad
1037 4400 1194 4456 sedes
1209 4401 1514 4456 animarum
1543 4402 1834 4467 transiens,

265 4505 395 4542 cum
454 4490 596 4544 filius
639 4497 752 4545 tres
806 4504 986 4546 annos
1047 4499 1212 4545 natus
1265 4500 1432 4555 esset,
1489 4487 1835 4545 Theodorum

1936 3307 2092 3378 135
2147 3311 2215 3363 τὰ
2244 3310 2345 3381 τῆς
2402 3312 2628 3382 προικὸς
2654 3312 2823 3366 αὑτοῦ
2873 3313 3088 3384 κάστρα
3138 3317 3232 3368 καὶ
3281 3316 3352 3370 τὰ
3401 3314 3498 3370 τοῦ

1933 3489 2204 3543 chronicis
2242 3491 2309 3543 ita
2362 3506 2456 3546 eos
2491 3493 2855 3561 appellarunt,
2907 3493 3228 3552 Mclisseuos
3280 3496 3496 3551 Strate-

1931 3581 2179 3649 gopulos,
2226 3585 2295 3637 ub
2338 3599 2560 3639 causam
2597 3586 2757 3641 hanc.
2793 3587 3046 3642 Alexium
3082 3588 3356 3642 Caesarem
3386 3589 3498 3646 Me-

1933 3671 2216 3738 lissenum,
2250 3676 2340 3742 qui
2368 3675 2580 3742 Cpolim
2615 3693 2643 3730 a
2680 3677 2890 3732 Latinis
2925 3679 3247 3745 vindicavit,
3283 3680 3499 3736 Strate-

1933 3764 2186 3832 gOpqum
2211 3781 2239 3818 a
2269 3775 2443 3822 matre
2473 3769 2590 3838 ejus
2617 3769 2991 3836 nominarunt,
3017 3781 3180 3840 atque
3204 3772 3330 3826 inde
3353 3773 3498 3826 istud

1933 3866 2348 3925 cognomentum
2383 3860 2435 3914 in
2469 3861 2797 3930 quibusdam
2836 3863 3068 3930 posteris
3091 3861 3207 3929 ejus
3237 3863 3492 3919 obtinuit.

1934 3944 2294 4015 Nicephorum
2347 3963 2476 4004 vero
2517 3958 2568 4005 et
2620 3965 2872 4021 magnum
2939 3962 3398 4021 protostratorem
3439 3963 3498 4011 et

1936 4036 2315 4110 Melissurgum
2352 4041 2709 4112 appellarunt.

2005 4126 2184 4185 Gessit
2205 4129 2523 4199 aliquandiu
2548 4133 2770 4189 tutelam
2801 4143 2854 4190 et
2877 4139 3320 4206 procurationem
3347 4138 3496 4196 illam

1936 4224 2098 4278 etiam
2136 4221 2246 4280 Leo
2289 4224 2694 4298 Francopulus,
2736 4229 2895 4300 jussu
2927 4229 3199 4289 Theodori
3232 4236 3493 4305 despotte,

1937 4328 2061 4369 cum
2088 4326 2209 4369 eam
2262 4313 2628 4373 Constantino
2657 4319 2899 4390 despata
2922 4319 3077 4378 fratri
3101 4323 3355 4380 donasset
3373 4339 3498 4382 cum

1937 4401 2190 4457 omnibus
2223 4402 2537 4473 privilegiis,
2571 4404 2674 4461 hoc
2703 4416 2808 4473 est,
2837 4407 2881 4462 si
2905 4407 3176 4478 legitimus
3206 4411 3297 4467 ille
3326 4412 3501 4471 heres

1939 4501 2265 4560 moreretur,
2300 4503 2591 4566 antequam
2612 4496 2814 4567 justam
2856 4500 3130 4570 attigisset
3152 4512 3395 4572 aetatem,
3437 4515 3499 4563 ut

264 4581 551 4648 despotam
602 4588 924 4636 testamento
951 4589 1184 4637 tutorem
1220 4583 1374 4648 pueri
1404 4581 1664 4647 instituit,
1713 4595 1835 4635 om-
1867 4577 1914 4636 υ
1942 4593 2053 4637 tum
2089 4585 2272 4639 omnia
2313 4585 2477 4656 hujus
2498 4588 2688 4659 pupilli
2716 4589 2856 4646 bona
2889 4592 3249 4649 Constantino
3281 4596 3500 4652 domino

266 4673 533 4739 niumque
572 4670 889 4734 facultatum
921 4688 1170 4737 suarum,
1196 4674 1471 4727 mobilium
1499 4683 1556 4728 et
1585 4672 1836 4727 immobi-

268 4764 434 4826 -ium,
488 4773 921 4830 procuratorem,
970 4773 1049 4827 ut,
1074 4763 1124 4817 si
1163 4763 1302 4818 filius
1332 4772 1388 4818 et
1441 4763 1616 4818 haeres
1667 4764 1837 4833 ipsius

269 4867 459 4907 enoxe
502 4852 611 4904 vita
664 4851 974 4919 decederet,
1025 4853 1189 4907 nullis
1244 4854 1450 4906 relictis
1501 4853 1834 4918 heredibus,

264 4941 456 4996 omnia
481 4941 698 5010 oppida,
724 4943 852 5004 vici,
884 4944 1022 5008 loca,
1073 4944 1295 4998 castella
1351 4943 1640 4998 Theodoro
1681 4944 1840 4999 cede-

273 5041 442 5096 rent,
528 5033 646 5085 sive
733 5045 928 5099 extra,
1008 5036 1124 5089 sive
1209 5036 1346 5087 intra
1410 5032 1838 5102 Peloponnesum

270 5124 400 5178 sita.
443 5122 584 5176 Intra
605 5121 1029 5191 Peloponnesum
1063 5134 1217 5179 erant
1244 5122 1510 5189 Andrusa,
1541 5124 1840 5186 Calainata.

275 5213 574 5281 Mantinea,
604 5210 876 5276 Jannilza,
913 5213 1155 5276 Pidetna,
1184 5213 1360 5277 Mane,
1382 5213 1565 5276 .Nesis,
1598 5214 1841 5282 Spitalis,

272 5306 605 5372 Grempene,
635 5305 826 5367 Aetus,
857 5302 1236 5369 Neocastruiu,
1268 5303 1494 5368 Ithome,
1523 5301 1641 5372 qua:
1699 5322 1846 5363 nunc

277 5396 524 5450 Messene
552 5394 1173 5463 dicitur,Archangelus,
1194 5394 1509 5460 Saulaurus,
1526 5396 1844 5464 Iohannina,

277 5483 609 5553 Ligudista;
657 5491 810 5537 extra
855 5483 1281 5552 Peloponnesum
1335 5501 1524 5554 magna
1573 5482 1748 5542 Enos
1794 5499 1848 5542 et

277 5577 399 5644 eius
434 5576 635 5628 vicinia
675 5584 809 5642 tela,
849 5575 951 5628 vici
996 5575 1253 5629 nimirum
1282 5587 1335 5629 et
1372 5577 1487 5631 loca
1509 5593 1676 5648 usque
1702 5577 1849 5633 Peri-

281 5668 555 5724 theorium
592 5683 748 5737 ;qu:e
780 5683 879 5737 ego
905 5669 1106 5723 missus
1141 5671 1338 5737 recepi.

354 5757 684 5820 Plerumque
715 5756 975 5825 quosdam
1014 5758 1077 5809 de
1106 5757 1211 5810 hoc
1237 5755 1648 5813 Melissenorum
1686 5776 1851 5829 gene-

280 5866 341 5907 re
373 5858 537 5904 etiam
567 5848 982 5917 Strategopulos
1015 5849 1492 5917 engnoniinarunt,
1520 5862 1571 5906 et
1605 5853 1656 5905 in
1698 5853 1849 5910 libris

565 5943 828 6004 PATRUL.
879 5942 994 6002 Gn.
1037 5942 1224 6002 CLVI.

1938 4673 2216 4728 cederent.

2009 4766 2065 4820 3.
2108 4765 2309 4821 Eodem
2341 4783 2509 4834 anno,
2540 4780 2734 4839 quarto
2765 4771 2853 4827 die
2878 4770 3079 4838 Μαι-ιη,
3127 4791 3158 4830 e
3191 4777 3298 4832 vita
3337 4781 3505 4834 cessit

1939 4857 2289 4912 Andronicus
2312 4859 2560 4930 despota,
2583 4863 2680 4931 qui
2711 4877 2807 4931 per
2837 4864 3082 4918 divinum
3114 4878 3166 4920 et
3197 4869 3496 4937 angelicum

1942 4947 2188 5000 habitum
2237 4949 2415 5006 dictus
2451 4960 2533 5006 est
2577 4954 2830 5009 Aeacius.
2883 4953 3143 5024 Sepultus
3173 4967 3256 5011 est
3301 4960 3351 5013 in
3386 4975 3502 5014 mo-

1943 5039 2187 5092 nasterio
2209 5039 2631 5108 Pantocratoris,
2655 5045 2745 5098 ubi
2772 5045 3022 5113 degebat.
3050 5045 3184 5103 Cum
3209 5048 3347 5103 clam
3372 5066 3501 5106 cono

1944 5127 2194 5181 Stitutum
2225 5139 2371 5184 esset
2399 5146 2428 5183 a
2455 5132 2814 5189 Constantino
2837 5136 3082 5206 despota,
3111 5139 3329 5194 domino
3357 5157 3498 5211 meo,

1947 5227 2003 5270 ut
2053 5216 2241 5272 Patras
2291 5220 2804 5288 proficisceremur,
2866 5235 2921 5278 et
2982 5226 3027 5279 si
3089 5228 3394 5295 potiremur
3435 5251 3502 5287 eo

1947 5307 2086 5373 loco,
2131 5309 2182 5361 in
2229 5308 2603 5378 Peloponneso
2633 5328 2994 5378 maneremus,
3031 5325 3083 5369 et
3129 5316 3304 5384 locus,
3342 5335 3500 5388 quem

1950 5399 2183 5453 habebat
2227 5402 2292 5454 ad
2341 5417 2490 5456 mare
2535 5403 2778 5473 Nigrum,
2839 5407 3146 5463 traderetur
3191 5410 3504 5480 imperatori

1952 5491 2102 5545 fratri
2133 5507 2274 5546 suo:
2324 5494 2405 5546 sin
2445 5509 2548 5548 non
2581 5496 2906 5563 potiremur,
2952 5500 3224 5557 abiremus
3272 5503 3508 5572 Cpolim,

1951 5581 2067 5650 ipse
2113 5584 2164 5636 in
2199 5583 2571 5653 Peloponneso
2619 5597 2821 5650 castra,
2868 5603 2988 5655 qua:
3033 5591 3156 5644 dote
3201 5605 3508 5663 acceperat,

1952 5689 2178 5743 qumque
2215 5675 2279 5728 ad
2327 5686 2551 5745 pontum
2597 5677 2865 5731 Euxinum
2915 5688 3093 5746 erant,
3145 5682 3424 5751 retineret,
3480 5701 3511 5741 a

1953 5761 2119 5816 fratre
2145 5773 2327 5816 autem
2365 5764 2653 5820 Theodoro
2683 5767 2784 5821 sibi
2815 5767 3036 5835 donata,
3063 5777 3118 5822 et
3147 5785 3265 5836 quae
3297 5773 3514 5828 nomine

1955 5854 2134 5908 tutelae
2167 5853 2454 5924 Nicephori
2481 5855 2750 5912 Melisseui
2783 5858 3323 5927 administrabantur,
3348 5865 3410 5924 ad
3434 5865 3515 5921 si-

3126 5951 3201 6013 21s
