4134 6452
302 467 406 528 749

1322 464 1766 523 CHRONKCON
1806 465 2168 523 MAIUS.—
2198 464 2339 525 LIB.
2385 465 2462 538 Il.

3411 456 3522 513 Ἷ5υ

293 587 373 636 ἔνι
410 584 493 653 (οὐ
516 585 620 654 γὰρ
664 585 1036 656 προενὸμισαν
1067 582 1126 634 τὺ
1163 583 1346 651 τυχὸν)
1378 582 1705 634 ἀπέστειλαν
1758 581 1854 634 ἕνα
1881 589 1926 643 Α
1959 583 2062 633 νῶν
2097 581 2362 646 τοξεύσας
2386 582 2474 632 τὸν
2508 577 2602 630 τοῦ
2643 577 2905 630 δεσπότου
2947 576 3137 633 ἵππον,
3192 573 3248 633 ὃς
3282 573 3374 622 καὶ
3430 570 3522 622 εύ-

291 675 405 728 τῶν
429 677 708 744 ἀρχόντων
740 677 832 728 καὶ
855 676 954 728 ἕνα
981 673 1266 729 κανονικὸν
1307 674 1539 741 Μάρκον
1589 672 1852 741 τοῦνομα,

297 769 441 831 μετά
491 785 635 828 τινος
699 768 992 837 ἀνθρώπου
1059 767 1194 836 πρὸς
1224 766 1286 818 τὸ
1333 765 1706 840 μεταφράζειν
1762 767 1856 816 καὶ

291 859 477 915 ἄλλων
504 860 831 928 ἀνθρώπων,
864 861 1013 922 ὅπως
1045 860 1258 928 μάθωσι
1292 859 1437 919 τίνες
1463 858 1510 909 oi
1553 858 1858 926 ἐπερχόμε-

292 968 378 1003 νοι
403 953 498 1004 καὶ
531 953 619 1004 διὰ
643 953 714 1009 τί.
767 953 855 1014 Ὠς
885 947 979 1004 οὖν
1003 947 1142 1004 εἶδον
1166 952 1337 1020 ἡμᾶς,
1372 949 1467 1002 καὶ
1517 949 1635 1012 πῶς
1691 950 1880 1017 ἡμεῖς·

293 1044 570 1113 ζητοῦμεν
607 1047 666 1096 τὸ
693 1045 928 1114 κάστρον
964 1045 996 1113 ἢ
1049 1044 1190 1111 μετὰ
1238 1043 1514 1110 συνθήκης
1569 1042 1601 1111 ἢ
1657 1041 1754 1110 οἴῳ
1791 1041 1858 1110 δὴ

294 1137 486 1204 τρόπῳ
517 1136 882 1204 δυνησὼμεθα
939 1134 1346 1206 παραλάϐωμεν
1385 1135 1538 1198 αὐτὸ,
1598 1133 1857 1206 ἐπιστρέ-

292 1227 498 1292 ψαντες
556 1227 691 1294 μετὰ
754 1226 992 1292 σπουδῆς
1024 1205 1310 1294 ἔκρουσαν
1388 1223 1488 1284 τὰς
1545 1205 1857 1288 σάλπιγγας

293 1317 392 1367 καὶ
459 1318 563 1368 πᾶν
616 1317 850 1385 ὄργανον
912 1317 1234 1384 πολεμικὸν,
1285 1313 1381 1366 καὶ
1439 1313 1600 1374 εὐθὺς
1651 1313 1854 1373 πάντες

290 1409 340 1458 oi
403 1408 553 1466 ἐντὸς
604 1407 698 1459 καὶ
756 1408 914 1472 ὲκτρς
973 1407 1323 1475 συνήχθησαν
1387 1407 1465 1466 είς
1525 1403 1583 1455 τὸ
1636 1402 1860 1464 ὁπλίζε-

295 1498 443 1551 σθαι.
516 1498 709 1568 Ἡμεῖς
773 1499 831 1552 δὲ
900 1499 991 1552 ἐπὶ
1047 1499 1147 1567 τὴν
1217 1495 1406 1567 αὔριον
1461 1493 1709 1566 ἤρξαμεν
1761 1496 1854 1550 τοῦ

292 1590 558 1658 πολέμου.

370 1686 433 1738 δ’.
479 1684 603 1737 Ἐπὶ
654 1682 753 1753 τὴν
808 1681 999 1754 αὔριον
1027 1679 1121 1735 οῦν
1160 1683 1400 1752 τυχοῦσα
1435 1686 1466 1750 ἡ
1528 1684 1690 1752 ἑορτὴ
1746 1682 1855 1734 τῶν

291 1781 462 1850 βαῖων
490 1775 766 1846 ὲκόψαμεν
803 1776 930 1843 βάῖα
964 1776 1256 1844 μυρσίνης,
1283 1776 1380 1827 καὶ
1409 1777 1518 1828 πᾶν
1543 1775 1606 1827 τδ
1627 1775 1857 1842 στρατό-

296 1873 459 1924 πεδον
488 1871 748 1938 φέροντες
775 1869 934 1939 138
973 1869 1148 1922 ταῦτα
1174 1868 1277 1922 ἀνὰ
1303 1871 1494 1939 χεῖρας
1525 1871 1620 1922 καὶ
1677 1867 1858 1920 ἐλθόν-

1961 670 2092 735 θέως
2132 670 2331 721 ἔπεσεν
2367 670 2456 720 ἐπὶ
2488 670 2584 736 τῆς
2615 668 2738 736 γῆς,
2777 667 2869 718 καὶ
2905 667 3204 734 δραμόντες
3249 664 3297 714 οἱ
3336 661 3522 730 ἐχθροὶ

1959 763 2046 814 ἵνα
2098 762 2498 814 ἀποκτείνωσιν
2529 760 2691 812 αὐτὸν
2787 759 3077 821 πιάζωσιν,
3132 755 3366 825 εύρὲοην
3411 751 3521 818 ἐγὼ

1961 853 2077 904 ἐκεῖ
2107 851 2447 920 ὑπερμαχος.
2513 852 2781 912 Κάκεῖνος
2833 850 2930 916 μὲν
2961 848 3095 898 Θεοῦ
3129 846 3352 916 βοηθείᾳ
3383 847 3521 898 ἀπο-

1962 944 2190 1007 πλακεὶς
2211 945 2304 998 τοῦ
2336 945 2504 997 ἵππου
2539 945 2709 1012 ἔφυγε
2741 943 2901 1006 πεζός
2926 958 2941 972 ⁶
2976 942 3084 1009 ἐγὼ
3115 942 3169 993 δὲ
3203 942 3320 991 κατ’
3344 939 3522 992 αὐτῶν

1963 1038 2272 1106 μαχόμενος
2323 1036 2524 1088 ὲπίασα
2585 1038 2705 1088 τινὰ
2763 1032 2879 1089 υΐὸν
2939 1036 3310 1102 Σαματέὶλου.
3383 1034 3522 1087 Ἀλλ’

1960 1131 2108 1199 ἢμην
2137 1128 2350 1193 βαρέως
2382 1127 2814 1196 τραυματισθεὶς
2846 1129 2961 1195 ἅμα
2996 1128 3072 1195 τῷ
3106 1129 3280 1197 ἵππῳ,
3330 1127 3387 1189 6;
3434 1130 3525 1180 οὑ-

1960 1224 2076 1274 κέτι
2110 1221 2283 1290 ῐσχυε,
2327 1223 2420 1274 καὶ
2453 1221 2652 1274 ἔπεσεν
2681 1223 2709 1272 6
2741 1221 2908 1282 ἵππος
2943 1220 2972 1270 6
3008 1221 3249 1289 ἄριστος,
3288 1221 3344 1281 ὃς
3372 1222 3524 1290 παρὰ

1959 1312 2052 1369 τοῦ
2084 1315 2277 1382 ὰμηρᾶ
2304 1312 2459 1382 ἐδόθη
2490 1312 2566 1380 τῷ
2612 1313 2810 1382 Ἀσάνῃ
2857 1313 3110 1380 Ἰσαακίῳ
3137 1314 3299 1382 ἡνίκα
3327 1313 3522 1380 συνήν-

1957 1422 2120 1474 τησεν
2158 1405 2375 1474 ἐκείνῳ,
2403 1407 2498 1458 ὁδ’
2548 1407 2778 1474 Ἀσάνης
2811 1407 2889 1475 τῷ
2934 1405 3167 1476 γαμϐρῷ
3231 1407 3398 1459 αὐτοῦ
3448 1408 3524 1473 τῷ

1957 1497 2407 1566 Φιλανθρωπηνῷ
2443 1497 2727 1566 Γεωργίῳ,
2760 1499 3010 1560 κάκεῖνος
3255 1499 3331 1565 τῷ
3396 1499 3525 1550 sau-

1958 1587 2051 1639 τοῦ
2081 1587 2290 1656 ἀνεψιῷ
2319 1587 2397 1656 τῷ
2451 1588 2724 1656 Κομνηνῴ
2770 1589 2844 1657 τῷ
2894 1590 2987 1640 τοῦ
3041 1592 3525 1661 πρωτοστρὰτορος

1956 1677 2348 1744 Καντακουξοῦ
2384 1679 2637 1749 γαμϐρῷ,
2692 1682 2749 1734 ὃν
2797 1683 3069 1749 φεύγοντα
3114 1686 3247 1750 πρὸς
3279 1685 3524 1738 Γαλατᾶν

1959 1769 2176 1836 φθάσας
2207 1771 2232 1821 6
2254 1769 2480 1837 ἀδελφός
2510 1788 2615 1837 μου
2648 1773 2741 1824 καὶ
2771 1775 2997 1826 ἐπίασεν
3017 1776 3198 1838 αὑτὸν,
3234 1779 3327 1830 καὶ
3349 1776 3525 1839 οὕτως

1957 1862 1987 1913 6
2013 1862 2241 1931 ἀδελφός
2277 1880 2379 1930 μου
2410 1864 2755 1932 εὐηργετήθη
2791 1865 2879 1916 τὸν
2917 1865 3085 1917 ἵππον
3118 1867 3268 1932 παρὰ
3303 1867 3394 1919 τοῦ
3430 1869 3525 1936 βα-

291 1979 384 2024 τες
420 1935 701 2030 ἑπέσαμεν
729 1935 864 2029 πεζρῖ
890 1935 989 2018 τὰς
1018 1957 1194 2021 πύλας
1228 1935 1611 2026 τοῦήκᾶστρου.
1671 1957 1760 2018 Ὦς
1798 1956 1854 2008 δὲ
1889 1935 1928 1989 Β
1961 1953 2149 2015 σιλέως
2175 1968 2188 1983 ⁶
2223 1952 2398 2020 ἔγωγε
2429 1952 2606 2006 λαϐὼν
2631 1949 2760 2023 παρ’
2791 1958 3001 2007 ἐκείνου
3025 1959 3113 2009 τὸν
3146 1959 3310 2010 ἵππον
3345 1935 3524 2028 ἀπῆλ-

292 2053 557 2122 ὲκείμεθα
595 2055 661 2122 τῇ
695 2049 787 2114 κς¹
820 2049 914 2102 τοῦ
945 2049 1112 2101 αὐτοῦ
1175 2049 1347 2118 μηνὸς
1401 2049 1650 2118 Μαρτίου
1719 2049 1853 2117 μετὰ

293 2147 395 2216 τὴν
428 2145 524 2199 τοῦ
591 2145 830 2215 μεγάλου
890 2142 1169 2196 Σαϐϐάτου
1217 2141 1542 2195 ἀκολουθίαν
1589 2142 1704 2210 ἤτοι
1758 2145 1854 2212 τὴν

287 2239 448 2290 θείαν
493 2237 906 2305 μυσταγωγίαν,
951 2234 1348 2303 ἀριστήσαντες
1384 2232 1733 2302 καθεζόμεθα
1797 2236 1853 2286 ὲν

288 2333 356 2398 τῇ
394 2327 713 2398 παρεμϐολῇ
754 2328 875 2396 ἦτοι
909 2328 1083 2395 σκηνῇ
1125 2325 1221 2376 τοῦ
1250 2326 1509 2377 αὑθέντου
1547 2326 1704 2394 ἡμῶν
1732 2341 1857 2376 συν-

287 2421 612 2490 σμιλοῦντες
653 2420 784 2488 περὶ
815 2419 1047 2472 πολλῶν.
1114 2418 1246 2471 Ἰδοὺ
1297 2418 1449 2485 ἄφνω
1484 2417 1629 2480 τινες
1681 2419 1852 2486 ὀλίγοι

289 2511 520 2579 ἔφιπποι
548 2510 770 2578 ἐξῆλθον
796 2509 897 2577 τῆς
935 2508 1110 2577 πύλης
1132 2507 1236 2575 τῆς
1269 2507 1610 2577 καλουμένης
1637 2507 1855 2578 Ἐϐραῖ-

288 2601 462 2670 κῆςῆ
520 2599 617 2652 τοῦ
672 2599 1072 2666 Ζευγαλατείου
1118 2598 1283 2669 (οὕτω
1322 2598 1429 2668 γὰρ
1485 2599 1849 2667 ὠνομάζετο),

289 2696 392 2748 καὶ
414 2693 488 2755 ὡς
523 2695 822 2759 ἐφάνησαν,
855 2692 1182 2760 διωχθέντες
1220 2689 1470 2758 εἰσῆλθον
1497 2690 1583 2742 διὰ
1623 2693 1721 2760 τῆς
1759 2692 1853 2744 τοῦ

289 2783 546 2853 αἰγιαλοῦ
607 2784 820 2852 πύλης·
889 2783 1071 2835 ἐκεῖσε
1136 2781 1658 2844 κατασκευαστικῶς
1713 2777 1854 2850 ἦσαν

287 2877 491 2935 πάντες
523 2874 572 2925 οἱ
602 2873 695 2924 τοῦ
722 2873 961 2944 κάστρου
1013 2873 1151 2940 μετὰ
1185 2873 1478 2941 τξαγκρῶν
1529 2874 1624 2924 καὶ
1681 2873 1854 2935 τόξων

287 2970 387 3019 καὶ
419 2966 717 3017 σκολόπων.
750 2966 1008 3034 Εὖρεθεὶς
1037 2961 1130 3017 οὖν
1160 2967 1187 3017 6
1225 2965 1493 3033 δεσπότης
1529 2966 1684 3030 κάγὼ
1723 2983 1855 3034 προ-

290 3054 605 3117 ϐαδίξοντες
641 3057 742 3125 πρὸ
781 3055 874 3108 τοῦ
898 3056 1140 3124 διωγμοῦ
1182 3057 1290 3107 τῶν
1315 3058 1643 3123 εὲρημένων,
1680 3057 1768 3108 διὰ
1793 3056 1854 3106 τὸ

288 3147 420 3206 τοὺς
478 3147 678 3207 ἵππους
739 3147 897 3215 ἡμῶν
980 3147 1273 3215 εὑρεθῆναι
1343 3150 1481 3199 κατὰ
1549 3147 1853 3214 συγκυρίαν

1957 2049 2047 2101 θον
2079 2050 2160 2110 εἰς
2185 2049 2618 2116 Πελοπόννησον.
2654 2049 2844 2099 Πεσὼν
2871 2047 2964 2099 οὖν
2990 2051 3014 2100 6
3035 2049 3222 2113 ἵππος,
3252 2051 3521 2117 ὲπιάσθην

1948 2140 2466 2210 νπολλαῖςιπληγαῖς
2508 2138 2918 2207 πεπληγμένος.
2977 2141 3085 2192 Καὶ
3141 2143 3522 2207 ἀπαγαγόντες

1958 2245 2025 2296 με
2075 2228 2357 2298 ἐμὸλησαν
2389 2232 2468 2290 είς
2516 2230 2606 2281 τὸν
2660 2230 2857 2296 γουλᾶν
2890 2231 3009 2300 ἦτοι
3059 2231 3150 2284 τὸν
3203 2233 3412 2300 πύργον
3461 2234 3520 2285 ἐν

1955 2321 2090 2388 οἴκῳ
2120 2322 2403 2388 σκοτεινῷ,
2435 2321 2562 2373 ἔνθα
2589 2317 2726 2391 ἦσαν
2761 2325 3092 2392 μύρμυγκες
3117 2325 3212 2375 καὶ
3246 2327 3520 2394 σιτόφθει-

1959 2430 2049 2481 ρες
2087 2416 2182 2467 καὶ
2213 2416 2347 2481 μύες
2377 2414 2464 2465 διὰ
2489 2414 2548 2465 τὸ
2571 2409 2712 2466 εἷναί
2740 2431 2873 2466 ποτε
2905 2416 3052 2467 σίτου
3086 2416 3336 2487 ἀποθήκη
3370 2434 3383 2449 ο
3425 2420 3520 2470 καὶ

1955 2504 2280 2573 χειροπέδας
2318 2507 2538 2573 σιδηρᾶς
2569 2506 2902 2575 περιέθηκαν
2940 2512 3054 2570 τοῖς
3092 2511 3215 2560 ποσί
3269 2527 3371 2574 μου
3424 2513 3518 2562 κειὶ

1957 2595 2152 2664 σειρὰν
2214 2597 2334 2648 λίαν
2404 2597 2715 2666 βαρυτάτην
2766 2599 2861 2651 xxi.
2927 2601 3157 2668 στερεὰν
3199 2602 3337 2668 μετὰ
3397 2604 3521 2654 σκό-

1954 2688 2116 2750 λοπος
2171 2689 2407 2756 μεγάλου
2464 2692 2603 2742 κατὰ
2657 2691 2760 2757 γῆς
2823 2693 3174 2761 πεπηγότος’
3234 2693 3358 2745 ἔνθα
3424 2712 3522 2747 κα-

1953 2781 2066 2841 κῶς
2139 2783 2450 2849 ἐκοιτὼμην
2504 2787 2560 2834 ἐν
2612 2785 2674 2851 τῇ
2733 2785 2957 2855 τοιαύτῃ
3010 2789 3244 2857 φρουρᾷ,
3303 2788 3516 2855 πικρῶς

1952 2870 2231 2938 διαγαγὼν
2266 2873 2372 2924 ἀπὸ
2410 2891 2460 2924 τε
2523 2875 2630 2924 τῶν
2657 2873 2881 2940 πληγῶν
2907 2878 3001 2928 καὶ
3032 2877 3139 2929 τῶν
3169 2877 3385 2946 δεσμῶν
3423 2883 3517 2931 καὶ

1951 2962 2059 3012 τῶν
2083 2963 2278 3026 ἄλλων,
2313 2965 2385 3025 ὡς
2416 2965 2734 3034 δεδήλωται,
2775 2966 2810 3019 ἃ
2870 2967 3120 3036 ὑπῆρχον
3174 2971 3231 3020 ἐν
3280 2971 3405 3039 τῇδε
3449 2975 3514 3041 τῇ

1957 3055 2188 3122 φρουρᾷ-

2025 3143 2086 3198 ε’.
2129 3146 2389 3198 Ἐνταῦθα
2419 3148 2475 3199 δὲ
2507 3149 2610 3216 χρὴ
2647 3149 3016 3218 διηγήσασθαι
3063 3154 3214 3220 ἡμᾶς
3245 3155 3338 3205 καὶ
3387 3155 3519 3223 περὶ

293 3239 733 3306 ⁴ἢτοιμασμένους
763 3239 990 3306 πλησίον
1022 3240 1121 3308 τῆς
1142 3239 1382 3308 γεφύρας
1425 3240 1528 3308 τῆς
1584 3240 1700 3292 ὁδοῦ
1752 3242 1850 3310 τῆς
1880 3282 1921 3338 C
1959 3235 2058 3303 τῆς
2095 3239 2394 3306 ὁσιωτάτης
2428 3240 2734 3309 Θωμαῖδος.
2762 3243 2908 3312 Αῦτη
2938 3245 2999 3294 ὲκ
3020 3244 3210 3311 γένοος
3242 3247 3515 3314 χρησίμου

287 3326 610 3395 ὰπαγούσης
645 3329 722 3388 είς
751 3328 840 3378 τὸν
866 3330 1020 3394 ἅγιοι
1050 3330 1332 3397 Ἀνδρέαν,
1369 3330 1452 3392 τὶς
1493 3331 1604 3382 τῶν
1634 3332 1850 3401 Πατρη-

285 3506 370 3560 sis
403 3504 749 3559 commodum
805 3518 925 3560 esse
963 3505 1261 3567 videretur,
1302 3518 1432 3558 ecce
1462 3504 1716 3572 oppidani
1754 3516 1852 3558 nos
1902 3513 1905 3515 '

287 3595 559 3658 videntes,
606 3601 660 3647 et
692 3593 823 3662 quid
876 3595 978 3647 hoc
1007 3594 1084 3646 rei
1129 3603 1280 3646 esset
1312 3594 1458 3646 dubii
1508 3594 1676 3661 (nibil
1706 3594 1848 3645 enim

288 3683 596 3750 lmjusmodi
637 3683 889 3751 opinione
936 3681 1352 3750 praeceperant),
1399 3696 1560 3733 unum
1596 3696 1624 3733 e
1655 3682 1853 3750 magis.

289 3778 544 3839 tratibus,
577 3786 630 3836 et
657 3777 977 3830 canonicum
1003 3777 1314 3842 quemdam,
1343 3773 1576 3826 Marcum
1608 3773 1846 3836 nomine,

283 3883 412 3920 cum
448 3867 552 3920 alio
585 3866 818 3934 quodam
851 3866 1068 3918 nomine
1096 3878 1160 3917 ex
1192 3865 1313 3916 aliis
1346 3873 1718 3930 percontatuttt
1745 3863 1850 3914 mi-

279 3969 498 4023 serunt,
528 3961 618 4028 qui
650 3968 828 4012 essent
853 3957 941 4026 qui
975 3958 1219 4011 venirent
1246 3968 1299 4009 et
1325 3971 1484 4023 quam
1515 3956 1582 4008 ob
1606 3969 1845 4008 causam.

283 4053 388 4118 Qui
423 4061 704 4119 postquam
739 4066 838 4103 nos
871 4058 1206 4117 agnoverunt
1232 4048 1592 4113 oppidumque
1628 4061 1654 4096 a
1691 4045 1848 4097 nobis

281 4146 455 4214 quaeri
486 4147 597 4198 sive
626 4144 897 4212 pactione,
925 4142 1039 4194 sive
1072 4153 1390 4207 quocunque
1423 4139 1531 4191 alio
1559 4137 1740 4201 modo,
1770 4138 1850 4190 in-

285 4236 637 4298 tellexerunt,
691 4232 1021 4286 festinanter
1065 4230 1292 4294 reversi,
1341 4229 1478 4281 tubis
1527 4238 1579 4281 et
1631 4229 1848 4298 reliquis

283 4325 666 4378 instrumentis
718 4322 927 4376 bellicis
957 4321 1025 4374 ad
1071 4335 1220 4374 arma
1268 4329 1486 4380 vocant,
1535 4328 1588 4371 et
1642 4320 1846 4382 cuncti,

283 4416 487 4484 quique
525 4416 686 4476 intra,
721 4412 920 4480 quique
966 4420 1118 4465 extra
1157 4410 1357 4462 mtenia
1406 4417 1584 4473 erant,
1637 4410 1704 4462 ad
1740 4410 1845 4462 vim

281 4505 573 4560 arcendam
622 4511 977 4557 concurrunt.
1021 4502 1130 4556 Nos
1180 4501 1425 4568 sequenti
1478 4499 1594 4554 luce
1641 4501 1840 4554 bellum

277 4613 399 4651 01⁵51
423 4610 633 4649 ευιιιιιςι.

352 4689 411 4741 4.
439 4685 706 4741 Postridie
735 4685 920 4754 igitur,
954 4683 1210 4751 quoniam
1238 4684 1539 4751 palmarum
1567 4681 1681 4737 dies
1702 4693 1837 4747 erat,

279 4795 466 4833 ramos
499 4777 659 4846 myrti
695 4777 1116 4844 amputavimus,
1169 4790 1305 4842 quos
1344 4775 1594 4828 manibus
1626 4787 1844 4843 gestans

279 4884 430 4925 totus
465 4869 738 4922 exercitus
776 4876 961 4936 portas
995 4867 1156 4920 castri
1191 4868 1416 4918 adortus
1450 4876 1552 4919 est.
1581 4866 1840 4932 Ejusdem

281 4961 489 5013 mensis
518 4957 689 5010 Martii
717 4958 806 5010 die
832 4957 921 5019 96,
946 4971 1065 5008 cum
1090 4964 1210 5023 post
1234 4955 1468 5009 odit-ium
1503 4957 1679 5024 magni
1707 4956 1844 5009 Sab-

279 5053 395 5102 liati
431 5051 540 5100 sive
573 5047 812 5105 divinant
847 5046 1226 5108 initiationem,
1266 5059 1292 5095 a
1328 5047 1554 5112 prandio
1583 5047 1634 5097 in
1666 5055 1841 5101 lento-

278 5144 367 5194 rio
399 5140 599 5194 domini
639 5138 810 5190 nostri
836 5137 1271 5190 consedissemus
1299 5146 1353 5188 et
1389 5138 1565 5189 varios
1595 5137 1844 5191 miscere-

279 5247 408 5283 mns
435 5243 740 5292 sermones,
766 5237 986 5294 repente
1024 5227 1228 5292 aliquot
1249 5227 1460 5293 equites
1483 5242 1578 5294 per
1607 5238 1840 5294 portam,

274 5324 369 5377 cui
425 5334 618 5372 nomen
652 5328 732 5372 est
778 5318 1054 5370 llebraieae
1085 5317 1165 5368 vel
1214 5314 1508 5384 Zeugalatii
1555 5320 1651 5384 (ita
1697 5319 1840 5370 enim

275 5413 614 5481 appellatur)
655 5419 1048 5478 prorumpunt;
1083 5410 1198 5471 sed,
1252 5409 1342 5462 ubi
1372 5400 1841 5477 rcomparuerunt,

278 5521 410 5558 mox
436 5503 657 5570 repulsi,
684 5517 775 5569 per
803 5511 1010 5568 portant
1038 5503 1197 5553 littori
1225 5503 1522 5568 oppositam
1545 5502 1839 5567 refugiunt.

277 5596 357 5649 lbi
393 5609 584 5647 omnes
614 5594 822 5655 incola),
855 5593 1078 5656 labaris,
1114 5594 1344 5644 arcubus
1373 5603 1429 5643 et
1463 5594 1595 5659 palis
1623 5595 1837 5657 armati,

276 5686 534 5740 aderant.
577 5682 694 5737 Jatn
748 5700 867 5738 cum
916 5685 1141 5752 despota
1175 5697 1227 5736 et
1271 5699 1390 5749 ego,
1445 5693 1731 5752 antequam
1766 5685 1839 5738 illi

279 5790 381 5830 nos
407 5785 878 5844 persequerentur,
906 5775 1042 5840 fugae
1078 5791 1172 5828 nos
1191 5776 1680 5837 etntnnisissemus,
1714 5779 1839 5844 quia

273 5881 408 5937 εφη
442 5867 611 5920 nostri
639 5866 783 5935 iuxta
821 5878 1032 5934 portam
1069 5867 1189 5928 vim,
1220 5884 1336 5934 qtu:
1380 5871 1443 5919 ad
1477 5867 1530 5919 Β.
1570 5867 1837 5921 Andream

1954 3329 2200 3396 ὑπῆρχεν
2237 3330 2294 3379 ὲν
2323 3333 2384 3398 τῇ
2433 3332 2662 3401 ἀνατολῇ
2704 3335 2800 3401 τῆς
2848 3334 3072 3396 Ἀσίας·
3129 3337 3224 3388 καὶ
3269 3339 3544 3406 ἀπορφαο-

1955 3507 2123 3570 ducit,
2169 3507 2309 3563 forte
2357 3512 2530 3576 parati
2581 3522 2759 3574 erant,
2820 3521 2874 3565 et
2911 3528 2937 3565 a
2989 3512 3232 3568 Patrensi
3279 3519 3510 3585 quodam

1955 3614 2122 3666 equus
2146 3600 2485 3656 Constantini
2522 3606 2716 3670 sagitta
2751 3604 3030 3671 perfossus
3059 3615 3224 3672 esset,
3253 3613 3511 3665 nt‘statim

1957 3691 2316 3744 enllaberetur
2354 3694 2525 3756 humi,
2557 3693 2973 3748 Constantinum
3004 3698 3070 3749 ab
3105 3699 3514 3767 insequentibus

1958 3781 2229 3843 hostibus,
2261 3784 2351 3851 qui
2389 3795 2479 3835 aut
2512 3799 2707 3851 capere
2739 3795 2827 3838 aut
2856 3789 3106 3842 occidere
3135 3806 3253 3843 eum
3289 3795 3510 3860 vellent,

1955 3888 2056 3942 ego
2088 3872 2324 3927 defendi.
2361 3873 2544 3942 Itaque
2572 3876 2753 3928 divino
2790 3879 2994 3930 auxilio
3023 3879 3114 3931 ille
3147 3897 3234 3934 rex
3262 3898 3513 3950 equoex-

1953 3962 2188 4028 peditus,
2227 3964 2385 4028 pedes
2439 3978 2496 4014 se
2535 3965 2600 4018 iis
2648 3965 2950 4030 subtraxit;
2989 3983 3088 4036 ego
3125 3971 3380 4025 adversus
3418 3976 3514 4026 lm-

1952 4063 2065 4105 stes
2100 4053 2404 4115 decertans,
2440 4053 2606 4105 filium
2634 4057 2920 4121 quemdam
2955 4057 3230 4115 Satnatelli
3257 4065 3393 4130 cepi.
3419 4070 3511 4119 sed

1952 4150 2006 4192 et
2041 4139 2156 4206 ipse
2184 4140 2422 4206 graviter
2454 4141 2772 4196 vulneratus
2817 4159 2932 4196 smn
2976 4161 3094 4199 cum
3125 4162 3260 4216 equo
3290 4166 3514 4218 genero-

1953 4231 2191 4295 sissimo,
2242 4232 2334 4299 qui
2391 4247 2511 4284 mox
2565 4231 2776 4286 defectu
2831 4235 3022 4288 virium
3075 4242 3328 4295 concidit.
3370 4245 3507 4298 Eum

1951 4335 2147 4386 equum
2174 4324 2395 4374 dederat
2417 4337 2627 4375 ameras
2648 4321 2850 4376 lsaacio
2872 4325 3057 4386 Asani,
3078 4330 3142 4379 ad
3164 4343 3222 4381 se
3247 4333 3507 4397 proferto,

1950 4411 2159 4464 Asaues
2188 4411 2420 4480 Georgio
2444 4411 2924 4482 Pbilantbropeno,
2970 4433 3166 4485 genero
3189 4435 3306 4484 Suo,
3347 4432 3508 4492 atque

1953 4502 2039 4554 hic
2080 4517 2269 4556 rursus
2295 4502 2571 4557 Comneno
2598 4506 2950 4571 consobrino,
2987 4509 3350 4565 Caulacuzeni
3382 4532 3508 4582 pro-

1870 4616 1923 4674 D
1954 4592 2257 4645 tostratoris
2295 4606 2510 4658 genero,
2539 4607 2699 4659 quem
2736 4593 2979 4648 Galataut
3008 4596 3300 4665 fugientem
3338 4601 3506 4657 frater

1952 4696 2100 4734 meus
2127 4682 2556 4750 comprehendit.
2589 4684 2634 4736 Is
2670 4699 2868 4752 equum
2893 4685 3036 4739 dono
3079 4692 3283 4756 accepit
3311 4691 3377 4744 ab
3406 4695 3505 4747 in:-

1948 4779 2220 4838 peratore,
2259 4783 2423 4841 atque
2472 4788 2570 4840 ego
2618 4777 2810 4828 eodem
2850 4791 2876 4826 a
2931 4775 3100 4830 fratre
3148 4778 3398 4848 donatus,
3447 4787 3498 4839 in

1947 4859 2374 4936 Peloponnesum
2426 4885 2548 4923 eum
2582 4869 2805 4923 abduxi.
2855 4869 3109 4938 Collapso
3151 4874 3310 4941 igitur
3337 4894 3498 4946 equo,

1948 4957 2061 5022 ipse
2084 4959 2266 5012 multis
2291 4959 2462 5026 plagis
2485 4974 2799 5028 percussus,
2826 4961 2877 5011 in
2911 4970 3228 5028 potestatem
3257 4966 3493 5022 hostium

1948 5048 2090 5112 veni,
2129 5049 2220 5115 qui
2273 5049 2561 5101 abductum
2599 5065 2682 5102 me
2733 5051 2782 5100 in
2824 5065 3100 5103 carcerem
3152 5053 3262 5106 sive
3304 5059 3496 5111 turrim

1944 5137 2159 5191 aedilicii
2191 5139 2467 5191 tenebrosi
2527 5138 2895 5207 coniecerunt,
2935 5141 3199 5195 formicis.
3233 5147 3499 5201 curculio-

1949 5226 2102 5279 nibus
2133 5234 2188 5280 et
2221 5230 2467 5281 muribus
2500 5238 2820 5288 scatentem,
2851 5230 3048 5297 quippe
3085 5247 3204 5298 quae
3229 5238 3493 5299 quondam

1950 5317 2139 5370 fuisset
2167 5319 2496 5386 granarium.
2539 5318 2764 5371 Brachia
2797 5328 2849 5370 et
2885 5321 3044 5386 pedes
3072 5321 3300 5377 vinculis
3328 5337 3381 5379 et
3408 5345 3498 5380 ea-

1948 5418 2067 5461 tena
2103 5409 2250 5478 gravi
2283 5419 2337 5461 et
2375 5410 2548 5462 solida
2594 5410 2657 5461 ad
2712 5410 2889 5476 palum
2947 5426 3204 5477 magnum
3259 5414 3309 5466 in
3356 5427 3496 5472 terra

1948 5499 2176 5553 defixum
2213 5503 2672 5553 constrinxerunt.
2710 5501 2844 5554 Male
2873 5504 2924 5554 iu
2959 5519 3019 5556 ea
3054 5507 3298 5558 custodia
3331 5512 3496 5564 cuba-

1949 5595 2068 5646 bam
2115 5601 2331 5660 propter
2369 5593 2571 5660 plagas,
2612 5593 2848 5658 vincula,
2889 5603 2942 5648 e't
2991 5595 3220 5664 reliqua,
3264 5615 3383 5667 quae
3425 5604 3496 5658 ibi

1947 5683 2111 5736 fuisse
2139 5684 2473 5736 incommoda
2503 5686 2824 5752 significavi.

2017 5775 2069 5827 5.
2112 5774 2207 5828 llic
2234 5775 2336 5827 loci
2370 5777 2435 5828 de
2464 5777 2810 5830 sanctissima
2838 5777 3134 5833 Tbomaide
3166 5792 3497 5837 narrandum

1951 5865 2102 5919 nobis
2125 5875 2224 5919 est.
2255 5866 2329 5919 Ex
2350 5868 2570 5922 honesta
2599 5867 2798 5920 familia
2823 5869 3058 5925 Orientis
3088 5871 3138 5924 in
3160 5873 3283 5927 Asia
3312 5890 3502 5945 proge-
