4134 6452
706 457 800 521 151

1921 461 2242 519 GEORGII
2290 458 2709 519 ΡΙΙΒΑΝΤΖῈ

3815 453 3929 516 752

697 569 974 620 νισθεῖσαν
1001 569 1050 618 oi.
1108 571 1306 637 ἑαυτῆς
1342 574 1627 638 συγγενεῖς
1680 575 1885 640 ἤγαγον
1949 575 2121 638 αὐτὴν
2169 574 2245 632 εἰς
2280 581 2320 631 Α
2351 577 2414 641 τῇ
2441 575 2648 640 Λήμνῳ
2683 576 2710 624 ὁ
2746 573 2961 634 πάππος
2999 590 3102 639 μου
3144 574 3437 639 εὑρίσκετο
3471 570 3611 640 μετά
3666 571 3772 640 τῆς
3825 589 3930 636 γυ-

693 658 1290 724 Κωνσταντινούπολιν,
1339 663 1431 712 καὶ
1456 662 1671 714 ἔδωκαν
1727 665 1896 730 αὐτὴν
1933 666 1997 730 τῇ
2047 663 2250 729 ἀδελφῇ

691 747 799 800 τῶν
823 750 989 815 τριῶν
1026 751 1329 820 ἀρχιερέων
1359 754 1454 803 καὶ
1512 753 1762 818 ἀδελφῶν
1828 755 1920 805 καὶ
1980 754 2251 822 βασιλέων

696 840 794 891 καὶ
824 842 992 909 μητρὶ
1026 841 1119 893 τοῦ
1158 844 1470 910 σοφωτάτου
1517 845 1804 897 Καϐασίλα
1831 833 2127 906 Νικολάου,
2157 847 2252 896 καὶ

691 927 837 998 εἶχεν
873 933 1043 1001 αὑτὴν
1079 935 1173 984 καὶ
1228 935 1502 987 ἐπαίδευε.
1547 935 1656 987 Καὶ
1707 936 1847 1003 μετά
1897 955 2021 990 τινα
2058 939 2249 1006 καιρὸν

693 1023 938 1090 ἀπῆλθεν
965 1025 1042 1086 είς
1073 1025 1482 1094 Θεσσαλονίκην
1517 1027 1605 1079 διὰ
1646 1028 1706 1078 τὸ
1736 1032 1914 1081 ἐκεῖσε
1966 1025 2104 1082 εἶναι
2158 1031 2250 1082 τὸν

692 1115 922 1181 ἀδελφὸν
977 1116 1149 1183 αὐτῆς
1205 1118 1523 1170 Καϐασιλαν
1583 1119 1739 1190 140
1801 1123 2086 1192 ἀρχιερέα,
2158 1123 2252 1174 καὶ

694 1202 911 1271 ᾤκησεν
946 1207 1026 1268 είς
1051 1206 1148 1275 τὴν
1181 1209 1352 1274 μονὴν
1375 1214 1472 1276 τῆς
1505 1212 1666 1276 ἀγίας
1685 1210 1966 1282 Θεοδὼρας
1998 1215 2136 1281 μετὰ
2153 1215 2251 1282 τῆς

698 1296 1147 1364 Παλαιολογίνης,
1180 1298 1438 1366 ἐναρέτου
1469 1301 1564 1352 καὶ
1597 1301 1781 1367 λογίας
1822 1303 2098 1369 γυναικὸς,
2123 1302 2253 1371 περὶ

693 1382 760 1456 ἦς
794 1389 1050 1450 πολλάκις
1081 1391 1308 1454 πολλοὺς
1338 1393 1543 1461 ηκουσα
1569 1398 1720 1464 παρὰ
1747 1395 1841 1448 τοῦ
1880 1398 2130 1464 ἀοιδίμου
2154 1398 2252 1467 βα-

699 1477 891 1536 σιλέως
930 1480 1034 1545 κὺρ
1093 1480 1351 1545 Μανουὴλ
1385 1483 1664 1548 ἐπαίνους,
1699 1487 1793 1538 καὶ
1828 1486 2055 1548 πολλοὺς
2093 1489 2254 1540 κανό-

695 1586 789 1627 νας
812 1567 890 1630 εἷς
917 1585 975 1618 τε
1005 1570 1095 1620 τὸν
1138 1570 1291 1636 ἆγιον
1329 1573 1640 1644 Δημήτριον
1680 1576 1772 1626 καὶ
1833 1577 1996 1643 ἁγίαν
2045 1577 2252 1632 Θεοδώ-

700 1660 925 1724 ραν-καὶ
969 1660 1050 1722 είς
1109 1660 1300 1724 ἀλλους
1336 1664 1523 1728 ἁγίους
1575 1667 1856 1733 ἀνέγνωσα
1897 1672 2007 1735 ἐγὼ
2041 1670 2254 1737 ἐκείνης

696 1751 980 1817 ποιήματα
1001 1768 1013 1780 ·
1051 1751 1106 1804 αἳ
1137 1748 1280 1819 εἶχον
1316 1754 1413 1806 σὺν
1448 1758 1638 1818 αὑταῖς
1693 1762 1786 1811 καὶ
1814 1762 1913 1830 τὴν
1947 1762 2112 1827 ἁγίαν
2131 1763 2252 1816 Θωο

697 1841 883 1910 μαῖδα,
913 1842 1006 1893 καὶ
1034 1844 1321 1896 ἐπαίδευον
1351 1847 1430 1908 εἴς
1450 1863 1508 1898 τε
1548 1849 1649 1914 τὴν
1680 1851 1887 1920 ἀρετήν
1941 1854 2034 1905 καὶ
2064 1855 2246 1922 λόγον.

2357 662 2541 722 ναικὸς
2579 661 2744 712 αὑτοῦ
2777 663 2868 713 καὶ
2894 663 3123 715 τέκνων.
3173 663 3235 715 'll
3267 663 3360 715 οὖν
3390 663 3586 732 πρώτη
3610 665 3721 713 τῶν
3749 661 3926 713 αὑτοῦ

2357 749 2673 816 θυγατέρων
2705 750 2885 802 ἰδοῦσα
2914 750 3013 816 τὴν
3047 750 3199 802 ὁσίαν
3225 751 3318 802 καὶ
3357 751 3455 820 τὴν
3511 751 3680 814 αὐτῆς
3713 750 3929 817 ἀρετὴν

2356 838 2450 888 καὶ
2479 838 2568 890 τὸν
2607 838 2764 905 λόγον
2799 839 3128 904 ἐγκατέλιπε
3158 841 3336 906 γονεῖς
3392 842 3484 890 καὶ
3516 840 3783 907 ἀδελφοὺς
3830 843 3928 890 καὶ

2361 927 2512 998 14],
2558 929 2793 996 ἀδελφὰς
2823 931 2916 983 καὶ
2939 930 2997 981 ὃν
3029 931 3445 998 ἐμνηστεύσατο
3485 932 3564 992 είς
3593 932 3766 997 ἀνδρα
3807 932 3929 996 Ξιμα

2355 1022 2466 1081 τοῖς
2496 1019 2676 1082 παίσὶ,
2710 1023 2804 1072 καὶ
2828 1020 3143 1074 ἀπελθοῦσα
3189 1025 3268 1084 είς
3302 1023 3701 1091 Θεσσαλονίκην
3733 1023 3928 1088 γέγο-.ε

2360 1111 2592 1179 μοναχῆ,
2639 1113 2735 1163 καὶ
2761 1114 2818 1164 ἐν
2847 1113 3099 1181 ὑποταγῇ
3132 1113 3305 1179 αὐτῆς
3353 1113 3418 1181 δη
3480 1113 3578 1180 τῆς
3626 1114 3787 1173 ὁσίας
3825 1113 3930 1162 κά-

2356 1203 2506 1252 κεῖσε
2540 1202 2905 1270 ἀπομείνασα.
2937 1203 3205 1257 Κάκεῖθεν
3241 1190 3298 1256 δέ
3325 1202 3638 1268 ἐξελθοῦσαι
3669 1204 3733 1252 αἱ
3777 1204 3929 1269 τρεῖς

2355 1291 2450 1342 καὶ
2486 1292 2643 1359 μόναι
2698 1297 2755 1344 ἐν
2804 1296 2868 1362 τῇ
2900 1295 3318 1346 Κωνσταντίνου
3384 1295 3538 1345 πόλει
3571 1297 3929 1358 κατήντησαν

2354 1383 2499 1452 ἀρχῇ
2527 1387 2585 1435 ἐν
2623 1389 2686 1454 τῇ
2722 1387 2858 1454 μονῇ
2890 1388 2954 1455 τῇ
2988 1385 3450 1456 ἐπονομαζομένῃ
3479 1387 3576 1452 τῆς
3624 1385 3927 1451 Κλερένας.

2355 1475 2664 1527 Διαδοθεῖσα
2689 1476 2745 1526 δέ
2773 1478 2804 1544 ή
2840 1477 3004 1544 ἀρετὴ
3023 1476 3118 1542 τῆς
3148 1477 3301 1537 ὁσίας
3334 1479 3428 1528 καὶ
3464 1479 3494 1544 ή
3528 1478 3608 1538 είς
3631 1478 3735 1540 τὴν
3773 1474 3931 1526 θεέαν

2353 1567 2577 1636 Γραφὴν
2640 1568 2808 1635 αὑτῆς
2853 1570 3118 1637 ἐμπειρία
3180 1568 3258 1629 εἶς
3307 1584 3368 1619 τε
3410 1569 3498 1620 τὸν
3547 1567 3780 1636 βασιλέα
3835 1569 3930 1618 καὶ

2355 1660 2706 1728 πατριάρχην
2754 1660 2850 1712 καὶ
2896 1661 3106 1724 πάντας
3140 1661 3266 1724 τοὺς
3304 1660 3404 1729 τῆς
3449 1661 3681 1725 πόλεως,
3735 1663 3765 1712 δ
3829 1661 3929 1727 μὲν

2358 1751 2610 1818 βασιλεὺς
2643 1751 2826 1822 ἐζήτει
2858 1752 3042 1804 λαϐεῖν
3079 1752 3209 1805 ἀλλο
3236 1752 3346 1804 τῶν
3379 1752 3772 1821 μοναστηρίων
3806 1768 3926 1812 μει-

2357 1838 2579 1908 ζότερον
2613 1839 2705 1890 καὶ
2757 1840 3328 1910 είσοδηματικώτερον
3363 1842 3547 1894 δοῦναι
3604 1842 3777 1908 αὐτῇ,
3805 1843 3836 1892 ὁ
3870 1841 3928 1891 δέ

706 1903 794 1992 Ὦς
815 1931 871 1982 δὲ
895 1927 1023 2001 ἦλθε
1051 1933 1110 1982 τδ
1139 1934 1294 1995 τέλος
1327 1903 1532 2002 αὐτῶν,
1563 1903 1858 1991 aestumo;
1892 1903 2031 2011 αοέῇ
2065 1903 2250 1996 ita;
2288 1903 2329 1962 ³
2360 1903 2704 1999 πατὲιάρχης
2762 1932 3008 2000 ἐνταλμα
3040 1933 3445 2002 πατριαρχικῆς
3499 1932 3753 1996 ἐξουσίας

690 2025 760 2074 τὰ
794 2024 996 2087 αὑτῶν,
1027 2024 1160 2075 ἀλλὰ
1189 2022 1254 2088 δὴ
1276 2025 1372 2078 καὶ
1403 2028 1501 2094 τὴν
1520 2027 1613 2080 τοῦ
1645 2030 1961 2099 Κυπριανοῦ
1993 2035 2247 2099 γυναῖκα.

692 2116 813 2184 ητις
846 2117 1279 2184 ἀγανακτήσασα
1331 2118 1393 2169 τὸ
1428 2120 1664 2188 σκληρὸν
1703 2121 1799 2174 τοῦ
1831 2123 2024 2192 ἀνδρὸς
2078 2126 2246 2192 αὑτῆς

691 2210 783 2258 καὶ
809 2205 1123 2260 ἀπελθοῦσα
1156 2209 1292 2276 πρὸς
1351 2210 1451 2272 τὰς
1511 2213 1769 2281 ῥηθείσας
1805 2217 1974 2280 μονὰς
2038 2218 2248 2288 μοναχῆ

690 2299 931 2365 ἐγένετο,
989 2301 1116 2351 ἐπεὶ
1165 2300 1221 2352 δὲ
1257 2301 1317 2354 τὸ
1379 2302 1532 2366 τέλος
1583 2305 1767 2358 αὑτῶν
1806 2308 2042 2372 ἐγένετο,
2084 2309 2248 2362 πάλιν

689 2391 935 2460 ὑπετάγη
968 2395 1032 2460 τῇ
1061 2393 1284 2445 ἐκείνων
1317 2395 1642 2466 κληρονόμῳ
1673 2399 1770 2450 καὶ
1810 2397 1903 2450 τοῦ
1936 2399 2078 2467 βίου,
2099 2403 2248 2464 ὅπως

685 2483 888 2551 δήποτε
920 2485 1013 2534 καὶ
1043 2485 1162 2544 ταῖς
1195 2486 1418 2552 ἀρεταῖς
1449 2487 1723 2557 ὑπετάγη,
1781 2489 1875 2540 καὶ
1923 2489 2105 2554 καλῶς
2135 2491 2248 2560 διή-

686 2590 816 2627 νυσε
844 2573 935 2626 τὸν
968 2573 1068 2642 τῆς
1101 2574 1380 2644 ὑποταγῆς
1431 2579 1630 2645 δρομον
1679 2579 1841 2649 μέχρι
1864 2580 2127 2636 θανάτου.
2177 2583 2245 2636 Ἦ

687 2667 1002 2734 Κυπριανοῦ
1039 2668 1182 2734 λέγω
1238 2672 1372 2737 γυνὴ
1403 2665 1472 2740 ἦν
1508 2671 1649 2740 α’ύτη
1708 2672 1805 2726 τοῦ
1864 2675 2112 2739 ἐλθόντος
2161 2679 2245 2739 είς

686 2755 1260 2810 Κωνσταντινούπολιν
1291 2761 1384 2811 καὶ
1445 2761 1544 2828 τὴν
1601 2765 1768 2832 μονὴν
1822 2766 2104 2828 κτίσαντος
2147 2765 2246 2836 τήν

683 2845 762 2903 είς
823 2844 994 2913 ὄνομα
1042 2847 1151 2898 τῶν
1219 2848 1392 2914 ἀγίων
1454 2850 1677 2915 ἐνδόξων
1740 2853 2245 2925 μεγαλομαρτύρων

677 2936 996 3006 Θεοδῶρων,
1035 2939 1514 3010 ἐπονομαζομένην
1547 2943 1639 2995 τοῦ
1669 2945 2016 3014 Κυπριανοῦ.
2049 2947 2243 3001 Τῶνδὲ

680 3029 896 3080 ἀσεϐῶν
917 3031 1017 3098 τὴν
1046 3032 1451 3102 Θεσσαλονίκην
1495 3037 1925 3102 παραλαϐόντων
1955 3039 2242 3103 ἐξελθοῦσα

682 3120 714 3184 ή
752 3120 871 3170 ὁσία
903 3119 1126 3189 Θωμαῒς
1173 3125 1309 3191 μετὰ
1349 3124 1448 3191 τῆς
1490 3125 1863 3195 ὑποτακτικῆς
1916 3128 2090 3196 αὐτῆς
2143 3129 2241 3197 τῆς

684 3211 997 3276 Κπριανοῦ
1029 3213 1291 3278 γυναικὸς
1337 3217 1583 3284 ἀπῆλθεν
1617 3221 1695 3278 είς
1721 3222 1961 3288 Λῆμνον,
1991 3221 2077 3273 ῖνα
2095 3222 2238 3273 ἐκεῖ·

681 3302 771 3352 οεν
802 3303 964 3354 πάλιν
987 3305 1066 3365 είς
1093 3305 1194 3372 τὴν
1222 3307 1632 3360 Κωνσταντίνου
1700 3310 1989 3381 ἐπανέλθῃ.
2044 3313 2132 3365 Ἐν
2182 3312 2238 3364 δὲ

675 3492 862 3534 nerata
914 3491 1051 3535 erat.
1107 3481 1432 3539 Parentibus
1475 3488 1718 3542 orbatam
1768 3495 1983 3561 cognati
2027 3493 2230 3562 Cpolim

676 3573 1064 3638 perduxerunt,
1101 3586 1155 3627 et
1183 3576 1359 3629 sorori
1401 3577 1568 3630 trium
1601 3581 2139 3652 archiepiscoporum
2173 3599 2237 3640 ac

672 3662 903 3714 fratrum
953 3674 1008 3716 et
1042 3666 1450 3732 imperatorum,
1507 3671 1664 3722 matri
1715 3672 2102 3737 sapientissimi
2132 3678 2232 3732 viri

672 3753 880 3806 Nicolai
930 3753 1220 3820 Cabasilm,
1267 3758 1632 3820 tradiderunt,
1675 3777 1702 3813 a
1754 3779 1859 3830 qua
1897 3764 2128 3819 educata
2179 3778 2234 3822 et

674 3844 919 3898 instituta
953 3857 1057 3900 est.
1086 3848 1179 3910 Ea,
1219 3849 1506 3916 iuterjecto
1536 3853 1718 3919 aliquo
1763 3865 2026 3921 tempore,
2059 3857 2231 3914 Thes-

672 3938 966 3989 salonicam
996 3939 1150 3999 abiit,
1185 3940 1236 3991 in
1273 3957 1374 4006 qua
1406 3943 1539 3995 urbe
1568 3943 1868 4011 Cabasilas,
1913 3948 2085 4016 ipsius
2124 3950 2230 4003 fra-

675 4038 776 4087 ter,
833 4037 979 4079 esset
1027 4027 1499 4098 archiepiscopus,
1553 4033 1867 4104 abdiditque
1917 4053 1976 4091 se
2023 4040 2075 4093 in
2116 4055 2231 4095 mo-

673 4116 965 4168 nasterium
1005 4117 1217 4170 Sancta:
1246 4118 1543 4175 Theodone
1577 4138 1698 4178 cum
1738 4125 2116 4199 Palaeologina,
2149 4131 2230 4185 fe-

673 4207 815 4259 mina
848 4207 1065 4260 virtutis
1089 4219 1142 4260 et
1167 4209 1469 4264 litterarum
1500 4214 1761 4278 studiosa,
1792 4220 1948 4285 cujus
1972 4235 2071 4285 ego
2093 4221 2233 4275 mula

671 4305 754 4350 tas
794 4311 934 4366 saepe
969 4299 1155 4353 laudes
1192 4315 1223 4355 e
1258 4306 1565 4358 venerando
1600 4307 1948 4375 imperatore,
1985 4310 2230 4367 Manuele

670 4389 910 4451 domino,
941 4392 1144 4455 audivi,
1179 4401 1235 4445 et
1257 4391 1492 4460 hymnos
1527 4411 1633 4449 non
1663 4413 1865 4466 paucos
1889 4402 1942 4454 in
1978 4412 2226 4459 sanctum

675 4480 1005 4535 Demetrium
1039 4493 1093 4537 et
1125 4494 1369 4539 Sanctam
1396 4488 1735 4543 Theodoram
1759 4505 1807 4546 el
1845 4493 1980 4548 alios
2009 4505 2227 4552 sanctos

2353 2021 2524 2074 δωκεν
2575 2027 2656 2083 είς
2695 2023 2793 2085 τὰς
2844 2024 3176 2092 βουλομένας
3235 2024 3336 2092 τῆς
3385 2026 3591 2086 πόλεως
3650 2027 3925 2091 γυναῖκας

2355 2116 2639 2182 προσιέναι
2690 2116 2863 2184 αὑτῇ·
2900 2116 2949 2166 οί
2988 2115 3043 2167 δέ
3087 2116 3186 2185 τῆς
3247 2119 3453 2180 πόλεως
3489 2118 3682 2186 ᾗθελον
3735 2118 3923 2170 δοῦναι

2351 2207 2544 2267 αὑταῖς
2590 2208 2698 2258 πᾶν
2738 2208 3037 2274 ἀναγκαῖον
3089 2211 3169 2272 είς
3219 2210 3280 2262 τὸ
3330 2211 3769 2262 ἐπισκέπτεσθαι
3829 2214 3922 2261 καὶ

2352 2297 2677 2364 θεραπεύειν
2730 2299 2798 2350 τὰ
2847 2300 2980 2368 πρὸς
3039 2301 3228 2369 χρείαν
3274 2302 3487 2354 αὐτῶν·
3528 2303 3628 2370 οὑχ
3669 2302 3922 2369 ὑπῆρχεν

2352 2390 2457 2457 γὰρ
2491 2391 2732 2453 ἐκείναις
2755 2391 2878 2443 οὔτε
2911 2395 3135 2462 χρυσίον
3167 2393 3292 2446 οὗτε
3338 2394 3626 2462 ἀργύριον,
3653 2396 3756 2446 οὑκ
3792 2395 3920 2448 ἀλλο

2348 2484 2473 2534 τιεί
2503 2482 2578 2552 μὴ
2613 2483 2670 2534 τὸ
2728 2486 3052 2554 ἐργόχειρον
3107 2486 3200 2539 καὶ
3253 2490 3286 2555 ή
3353 2486 3448 2538 τοῦ
3484 2486 3623 2538 Θεοῦ
3671 2487 3762 2538 διὰ
3810 2487 3917 2537 τῶν

2346 2578 2624 2646 ἀρχόντων
2661 2579 3000 2648 προμήθεια.
3034 2579 3290 2632 Λαϐοῦσα
3328 2581 3382 2632 δὲ
3435 2584 3636 2648 μικρόν
3669 2597 3723 2630 τι
3757 2580 3918 2632 κάθιο

2349 2686 2485 2736 apd,
2520 2671 2859 2740 συνέδραμον
2883 2673 2964 2732 εἰς
2997 2672 3278 2740 ὑποταγὴν
3301 2672 3471 2740 αὐτῆς
3499 2671 3768 2724 τοσαῦται
3791 2673 3916 2722 ὅσαι

2345 2760 2444 2810 οὑκ
2483 2760 2768 2828 ἐχώρησαν
2784 2761 2872 2822 είς
2912 2777 2972 2812 τε
3004 2758 3102 2830 τὴν
3139 2761 3232 2813 τοῦ
3265 2762 3430 2822 Λιϐὸς
3479 2761 3651 2827 μονὴν
3684 2761 3784 2810 καί
3817 2760 3914 2824 τῆς

2345 2851 2517 2918 κυρᾶς
2579 2851 2833 2919 Μάρθας.
2916 2851 2979 2904 Ἢ
3032 2853 3089 2904 δέ
3121 2852 3182 2904 οὑ
3226 2853 3446 2914 πλείους
3491 2853 3524 2922 η
3585 2850 3917 2902 δυοκαίδεκα

2345 2942 2746 3010 προσελάϐετο·
2783 2945 2875 2996 καὶ
2899 2941 3043 3014 ἦσαν
3078 2945 3326 2998 τοιαῦται
3353 2945 3434 3005 εἰς
3488 2961 3548 2994 τε
3589 2944 3919 3009 ἀκτημοσύ-

2343 3050 2440 3102 νην
2467 3038 2559 3084 καὶ
2595 3035 2846 3105 ὑπακοὴν
2882 3038 2977 3089 καὶ
3013 3037 3373 3106 σωφροσύνην
3404 3037 3499 3088 καὶ
3533 3037 3648 3086 πᾶν
3675 3035 3729 3086 εῖ
3751 3051 3804 3084 τι
3836 3033 3920 3093 είς

2348 3125 2506 3194 142
2537 3126 2670 3178 Θεὸν
2701 3127 3084 3192 εὑαπόδεκτον,
3120 3129 3202 3180 ὅτι
3233 3129 3525 3180 κατέλιπον
3555 3127 3606 3176 ot
3666 3125 3768 3192 τῆς
3818 3124 3920 3173 πό-

2342 3215 2477 3280 λεως
2510 3217 2689 3284 λέγειν
2721 3218 2786 3271 Ἦ
2822 3220 2975 3286 ἀγία,
2995 3219 3111 3271 ἀλλ’
3145 3219 3210 3270 Δί
3236 3219 3388 3284 ἆγιαι
3419 3234 3432 3247 ·
3471 3218 3566 3268 καὶ
3593 3215 3730 3268 αὑτδ
3759 3215 3825 3281 δὴ
3854 3213 3914 3264 τὸ

2340 3310 2509 3377 ὄνομα
2539 3305 2686 3378 εἶχον
2722 3310 2812 3372 Et;
2845 3309 2944 3373 τὰς
2986 3310 3167 3376 ἁγίας.
3201 3311 3310 3363 Καὶ
3343 3311 3404 3360 τὸ
3443 3310 3544 3378 μὲν
3597 3309 3710 3359 τῶν
3746 3323 3918 3376 μονα·

2340 3487 2596 3558 Cypriaui
2628 3488 2881 3557 conjuge,
2913 3489 2963 3541 iu
2994 3487 3252 3542 Lemnum
3304 3488 3575 3546 discessit,
3615 3485 3743 3539 inde
3768 3483 3914 3552 (lpo-

2340 3581 2430 3633 “lll
2476 3595 2780 3634 reversura.
2816 3580 2871 3634 In
2897 3579 3103 3634 Lemno
3135 3590 3245 3634 ιιιιιι
3273 3591 3391 3634 erat
3423 3594 3558 3631 avus
3594 3592 3754 3630 meus
3784 3591 3913 3629 Clllll

2340 3685 2508 3724 uxore
2538 3683 2592 3725 et
2615 3671 2822 3725 liberis.
2853 3671 3042 3739 itaque
3079 3680 3207 3724 natu
3240 3671 3471 3723 maxima
3507 3669 3752 3721 ﬁliarum
3787 3670 3910 3728 ejus

2337 3775 2459 3813 cum
2488 3769 2732 3816 sanctam
2757 3762 2898 3815 hanc
2928 3760 3188 3814 feminam
3225 3761 3449 3813 vidisset
3475 3769 3528 3813 et
3553 3759 3913 3811 ohservasset

2340 3853 2588 3905 virtutem
2637 3851 2754 3918 ejus
2789 3868 2851 3905 ac
2903 3867 3232 3915 sermonem,
3284 3852 3493 3904 relictis
3549 3849 3909 3918 parentibus,

2339 3940 2615 4005 fratribus,
2645 3943 2948 4002 sororibus,
2983 3953 3037 3994 et
3064 3958 3294 4008 quocum
3320 3943 3617 4009 conjuncta
3642 3950 3765 3993 erat
3789 3954 3910 3992 ma-

2338 4036 2460 4096 rito,
2499 4043 2660 4102 atque
2693 4035 2901 4097 liberis,
2937 4033 3375 4088 Thessalonicam
3412 4033 3678 4102 profecta,
3712 4046 3912 4084 mona~

2335 4127 2454 4179 chis
2486 4140 2544 4178 se
2589 4127 2842 4194 ascripsit
2874 4125 3058 4192 ibique
3091 4125 3192 4180 sub
3224 4126 3465 4192 imperiis
3497 4135 3705 4177 sanctae
3742 4124 3909 4188 hujus

2336 4217 2580 4269 mulieris
2602 4213 2753 4268 vixit.
2784 4217 2911 4268 lude
2941 4217 3020 4269 lue
3045 4227 3152 4270 tres
3184 4215 3538 4282 solmtlpolim
3567 4214 3910 4279 emigrantes

2333 4306 2601 4373 principio
2651 4306 2701 4358 in
2736 4308 3119 4359 monasterium
3151 4306 3392 4360 Clerenae
3429 4315 3726 4358 venerunt.
3769 4307 3906 4357 Cum

2333 4410 2513 4449 autem
2568 4408 2766 4450 sanctae
2805 4398 2953 4453 illius
3004 4399 3217 4451 feiniuaz
3251 4398 3423 4450 virtus
3456 4405 3510 4448 et
3563 4395 3906 4448 Litterarum

2330 4504 2608 4542 sacrarum
2647 4489 2836 4557 peritia
2879 4489 3191 4555 imperatori
3234 4499 3288 4542 et
3319 4489 3646 4556 patriarchae
3676 4488 3908 4540 univer-

667 4570 790 4637 legi.
827 4569 1115 4626 Habebam
1143 4582 1324 4628 autem
1352 4590 1532 4630 secum
1557 4590 1802 4634 sanctam
1838 4598 2051 4652 quoque
2079 4586 2227 4642 'l'ho-
2259 4582 2302 4638 D
2335 4596 2514 4648 satque
2533 4581 2737 4634 civitati
2773 4582 3122 4644 iunotuisset,
3150 4581 3440 4649 imperator
3460 4581 3508 4632 ei
3541 4581 3689 4632 aliud
3722 4581 3904 4646 majus

668 4660 900 4715 maidem
933 4678 1163 4732 eamque
1207 4667 1272 4718 ad
1309 4667 1526 4722 virtutis
1563 4678 1616 4723 et
1650 4672 1950 4727 litterarum
1981 4677 2225 4743 discipli-

665 4765 790 4803 nam
821 4752 1165 4808 erudiebant.
1219 4754 1356 4810 Cum
1389 4757 1619 4814 instaret
1665 4762 1797 4831 ipsis
1839 4766 2046 4820 vivendi
2079 4768 2223 4834 linis,

663 4843 839 4895 eidem
875 4859 996 4911 quae
1029 4846 1299 4900 habebant
1336 4851 1520 4904 omnia
1562 4853 1917 4921 reliquerunt,
1963 4875 2068 4912 una
2101 4875 2222 4914 cum

664 4951 836 4990 uxore
867 4937 1152 5006 Cypriani,
1176 4955 1296 5006 qua:
1325 4956 1574 5010 asperam
1600 4946 1700 4998 viri
1739 4947 1823 5000 sui
1847 4958 2093 5003 naturam
2114 4968 2222 5006 non

660 5027 866 5090 ferens,
907 5028 960 5080 in
1002 5028 1128 5080 illud
1160 5029 1398 5096 profecta
1431 5037 1835 5099 monasterium,
1871 5041 2010 5093 inter
2040 5057 2225 5096 mona-

658 5119 792 5172 chas
821 5133 1016 5172 nomen
1067 5120 1319 5174 dederat.
1362 5121 1653 5189 Postquam
1690 5138 1872 5181 autem
1932 5132 2038 5184 illa:
2081 5135 2219 5186 diem

656 5210 932 5273 obierunt,
981 5213 1440 5278 quemadmodum
1494 5215 1680 5272 virtuti
1739 5234 1796 5272 se
1847 5222 2096 5287 subjecit,
2147 5223 2220 5278 ita

657 5300 874 5353 illarum
911 5311 1023 5353 tum
1057 5305 1320 5356 bonorum
1351 5315 1462 5358 tum
1499 5307 1620 5359 vita:
1651 5323 1708 5361 se
1737 5309 1970 5376 subjecit
1997 5314 2218 5377 lneredi,

653 5401 710 5444 et
745 5391 905 5461 hujus
957 5392 1322 5460 subiectionis
1373 5410 1594 5450 cursum
1639 5400 1893 5463 prmclare
1928 5417 2098 5471 usque
2153 5406 2218 5458 ad

653 5491 886 5536 mortem
931 5481 1184 5538 confecit.
1225 5483 1437 5553 Conjux
1480 5486 1592 5540 hanc
1636 5488 1916 5558 Cypriani,
1967 5493 2216 5558 inquam,

653 5572 802 5627 illius
824 5582 966 5638 erat,
999 5574 1091 5641 qui
1121 5573 1330 5643 Cpolim
1371 5577 1537 5642 venit,
1565 5589 1618 5632 et
1662 5581 2055 5634 monasterium
2091 5598 2220 5636 san-

648 5671 861 5713 ctorum
893 5673 1190 5733 martyrum
1221 5666 1482 5719 nobilium
1508 5666 1919 5721 Theodororum
1953 5679 2210 5725 constru-

647 5751 746 5811 xit,
777 5755 919 5819 quod
946 5751 1199 5821 Cypriani
1250 5756 1680 5822 cognominatur.
1718 5756 2106 5815 ThessaIOnica
2149 5762 2214 5813 ab

645 5838 828 5907 impiis
853 5851 1138 5912 occupata,
1175 5853 1361 5898 sancta
1393 5844 1648 5901 Thomais
1674 5863 1796 5901 cum
1831 5850 2050 5903 alumna
2089 5868 2208 5915 sua,

2329 4685 2384 4726 et
2417 4672 2736 4741 locupletius
2768 4671 3154 4723 mouasterium
3191 4670 3328 4722 tradi
3355 4667 3548 4734 jussit;
3577 4667 3901 4733 patriarcha

2329 4760 2687 4832 patriarchali
2709 4760 3033 4814 auctoritate
3062 4757 3331 4820 omnibus,
3353 4770 3472 4825 quae
3493 4757 3720 4818 vellent,
3749 4756 3902 4808 urbis

2328 4853 2642 4906 mulieribus
2674 4859 2992 4917 potestatem
3019 4849 3185 4910 dedit,
3214 4848 3288 4900 illi
3321 4862 3378 4900 se
3407 4845 3745 4914 aggregandi
3779 4861 3794 4909 ;
3823 4847 3904 4898 ci-

2324 4958 2420 4997 ves
2462 4958 2581 5011 quae
2630 4951 2812 4996 essent
2863 4941 3170 4994 necessaria
3215 4939 3280 4994 ad
3335 4953 3419 4991 res
3464 4938 3812 4991 ordinandas
3844 4948 3902 4989 et

2325 5031 2790 5086 administrandas
2826 5041 3084 5099 praestare
3109 5031 3175 5084 iis
3210 5028 3483 5083 volebant.
3527 5028 3718 5096 Neque
3746 5029 3895 5079 enim

2324 5125 2430 5177 illis
2479 5133 2595 5176 erat
2658 5123 2738 5173 vel
2790 5138 3001 5184 aurum,
3051 5121 3133 5174 vel
3212 5129 3518 5189 argentum,
3584 5117 3670 5170 vel
3744 5119 3898 5169 aliud

2323 5215 2616 5282 quidquam
2657 5213 2758 5266 nisi
2802 5227 2937 5278 opus
2966 5227 3221 5265 manuum
3255 5221 3309 5265 et
3339 5210 3520 5262 divina
3552 5224 3652 5275 per
3685 5210 3898 5276 magis-

2324 5314 2497 5357 tratus
2546 5303 2902 5372 providentia.
2943 5303 3150 5371 ltaque,
3202 5316 3323 5356 cum
3359 5315 3464 5354 non
3516 5302 3588 5352 ita
3642 5300 3892 5366 amplum

2321 5396 2656 5450 domicilium
2689 5397 2936 5460 haberet,
2958 5395 3024 5450 ad
3051 5396 3215 5448 vitam
3240 5409 3304 5449 ex
3329 5393 3558 5463 imperio
3581 5393 3699 5460 ejus
3723 5406 3894 5460 agen-

2319 5488 2441 5539 dam
2490 5497 2567 5540 tot
2616 5485 3012 5552 conﬂuxerunt,
3067 5497 3199 5555 quot
3229 5500 3332 5538 non
3389 5494 3792 5538 concesserunt
3824 5484 3889 5534 in

2321 5581 2706 5631 monasterium
2761 5579 2908 5632 Libis
2937 5590 2995 5632 et
3030 5579 3252 5632 Martha:
3286 5577 3541 5632 dominae.
3574 5576 3644 5630 At
3671 5576 3891 5643 recepit

2319 5668 2406 5720 illa
2440 5684 2546 5720 non
2577 5670 2695 5735 plus
2728 5671 3030 5733 duodecim,
3059 5679 3220 5739 atque
3250 5681 3405 5722 erant
3435 5682 3630 5722 omnes
3656 5668 3724 5719 ad
3753 5681 3890 5732 pau-

2317 5769 2600 5829 pertatem,
2630 5760 3021 5824 obedientiam,
3065 5760 3414 5821 modestiam,
3448 5759 3684 5825 denique
3713 5769 3887 5821 quid-

2317 5851 2446 5917 qui]
2477 5847 2586 5902 Deo
2623 5861 2835 5916 gratum
2870 5861 2974 5916 est,
3006 5861 3112 5904 tam
3147 5852 3360 5920 egregie
3407 5857 3631 5918 parum,
3664 5859 3725 5898 ul
3773 5859 3882 5908 1³⁵⁸
