4134 6452
220 457 312 521 753

1230 462 1678 523 CllRONICON
1722 464 1984 523 ill-\JUS.
2027 489 2085 498 ’-
2125 463 2273 525 LIB.
2315 464 2400 524 lI'.

3335 464 3437 526 751

221 573 322 642 λῶν
357 573 579 627 ἐκείνων
608 575 886 641 γυναικῶν
938 576 1118 628 κοινὸν
1147 577 1207 628 τὸ
1264 577 1365 643 τῆς
1415 579 1625 647 τροφῆς
1669 582 1763 631 καὶ
1797 597 1837 650 Α
1868 581 2228 648 συγχωρήσας
2279 579 2371 630 τὸν
2429 578 2759 648 πειρασμὸν,
2824 580 3124 648 χορηγήσει
3177 580 3273 632 καὶ
3332 583 3432 650 τὴν

225 664 527 730 ἓνδυμάτων
559 665 655 717 καί
683 666 741 716 τὸ
776 666 851 734 μὴ
880 665 1024 735 ἔχειν
1062 666 1196 720 ῐδιον
1231 669 1324 720 καὶ
1356 669 1415 720 τδ
1447 671 1519 736 μὴ
1552 671 1774 737 ποιῆσαι

222 753 282 806 τὸ
314 757 636 825 μικρότερον
679 758 712 824 ἢ
751 758 886 826 πρὸς
941 761 1126 829 κοινὴν
1161 762 1192 829 ῆ
1237 761 1372 830 πρὸς
1413 762 1554 813 ίδίαν
1586 763 1775 831 χρείαν

223 849 270 899 εί
300 849 368 916 μὴ
403 849 546 915 μετά
580 851 839 920 συγχωρή
854 869 994 914 σεως
1044 854 1290 922 ὑπῆρχεν
1317 855 1528 918 αὐταῖς,
1568 857 1686 910 -καὶ
1715 857 1777 907 τὸ

1880 669 2136 738 βοήθειαν
2162 669 2535 722 καὶ’διάλ.υσιν
2581 670 2748 722 αὐτοῦ
2792 671 2853 738 δὴ
2889 671 2981 722 τοῦ
3041 673 3374 742 πειρασμοῦ.
3412 694 3430 722 ι

1880 760 1987 811 Καὶ
2015 759 2301 828 ἱστάμεναι
2330 759 2554 824 ἔψαλλον
2580 763 2661 824 είς
2695 762 2794 831 τὴν
2823 762 3092 816 Θεοτόκον
3146 765 3439 833 παράκλη-

1881 864 1975 901 σιν
1995 850 2360 917 δακρύουσαι.
2392 851 2597 904 Τούτου
2640 853 2694 905 τί
2732 855 2981 922 κρεῖττον
3009 856 3089 916 εἱς
3135 855 3444 924 μαρτύριον

225 939 550 1009 ἀνυπόδητον
582 945 676 994 καὶ
705 942 1066 1012 ὀλιγότροφον
1096 947 1196 999 καὶ
1233 947 1406 1016 χαμαὶ
1433 948 1650 1000 κεῖσθαι
1680 951 1777 1001 καὶ
1877 941 1975 1009 τῆς
2000 943 2077 1004 εἰς
2109 942 2246 994 θεὸν
2269 943 2436 1011 αὐτῆς
2468 945 2668 1022 ἀρετῆς
2700 947 2794 997 καὶ
2817 946 3186 1011 οἰκειώσεωςς
3221 947 3445 1013 Ζῆσασα

224 1031 286 1083 ἐν
316 1033 563 1105 εὐτελείᾳ
615 1035 711 1088 καὶ
733 1036 904 1090 τᾶλλα
949 1038 1048 1090 ὅσα
1101 1039 1210 1091 τῶν
1260 1041 1470 1108 ἀρετῶν
1527 1042 1662 1094 εἰσὶν
1713 1043 1779 1094 ὲκ

227 1125 525 1192 μαρτυρίας
557 1125 665 1178 τῶν
696 1129 974 1197 περισσῶν
999 1129 1113 1183 ἐστι
1166 1130 1501 1201 διηγεῖσθαι.
1545 1133 1780 1201 Ὁμοίως

224 1216 281 1267 δέ
328 1217 492 1268 πάλιν
524 1219 619 1271 καὶ
665 1219 763 1286 τῆς
824 1222 1007 1278 αὐτῶν
1061 1222 1218 1285 ὁσίας
1278 1226 1372 1277 καὶ
1404 1219 1780 1293 πνευματικῆς

230 1308 428 1374 μητρὸς
458 1308 561 1373 τῆς
585 1309 813 1362 ἐκείνων
841 1313 1152 1381 συνδρομῆς
1186 1315 1282 1366 καὶ
1306 1310 1648 1383 ἐπισκέψεως
1670 1313 1779 1366 τῶν

226 1396 492 1460 βασιλέων
515 1400 610 1452 καὶ
639 1400 942 1455 δεσποινῶν
1000 1405 1097 1456 καὶ
1130 1406 1409 1474 ἀρχόντων
1464 1406 1559 1458 καὶ
1588 1409 1781 1475 ἀρχον-

226 1477 440 1553 mam,
483 1491 540 1541 αί
592 1491 692 1558 μέν
726 1493 888 1562 χάριν
934 1494 1386 1565 ἐξομολογήσεως
1412 1500 1466 1549 αί
1517 1497 1572 1550 δέ
1615 1497 1781 1567 εὐχῆς

226 1579 312 1630 καὶ
341 1579 714 1649 ἐπισκέψεως,
766 1585 850 1646 τίς
884 1584 950 1638 ἂν
975 1586 1220 1654 ἀκριϐῶς
1257 1586 1431 1640 ταῦτά
1456 1605 1513 1640 τε
1553 1589 1645 1639 καὶ
1685 1588 1782 1656 τὴν

226 1668 436 1737 ἐκείνης
472 1671 675 1739 ἀρετὴν
709 1673 967 1743 δυνηθείη
996 1675 1401 1743 διηγήσασθαι;
1440 1679 1499 1729 ἓν
1533 1677 1588 1728 δὲ
1624 1679 1781 1744 μόνον

1879 1026 1971 1079 οὖν
1998 1027 2170 1089 οὕτως
2215 1031 2419 1094 καλῶς,
2471 1031 2568 1084 καὶ
2618 1033 2791 1085 πολλὰ
2855 1036 2936 1097 είς
2992 1035 3298 1104 μαρτυρίαν
3348 1037 3448 1102 τῆς

1882 1120 2084 1189 ἀρετῆς
2109 1121 2281 1189 αὐτῆς
2326 1125 2602 1187 ἐπιδείξας
2632 1128 2658 1178 ὁ
2682 1125 2833 1191 Θεὸς,
2863 1127 3009 1188 τέλος
3039 1130 3132 1180 καὶ
3163 1130 3189 1179 ὁ
3219 1128 3448 1190 θάνατος

1882 1213 2054 1279 αὐτῆς
2090 1213 2545 1285 τίμιοςιὲναντίον
2581 1217 2790 1285 Κυρίου
2823 1218 3045 1284 ἐγένετο
3095 1218 3190 1270 καὶ
3217 1219 3323 1269 τῶν
3353 1219 3448 1270 ἀν-

1882 1302 2118 1373 θρώπιον
2150 1281 2386 1374 προέὶὸη.
2426 1281 2699 1376 Ἡμέραις
2737 1281 2876 1380 γάρ*
2903 1327 3046 1362 τισιν
3098 1311 3448 1378 ἀσθενήσασα

1888 1395 2106 1465 μικρὸν,
2132 1399 2230 1451 καὶ
2262 1399 2446 1460 πάσας
2496 1400 2595 1460 τὰς
2651 1402 2898 1469 μοναχὰς
2940 1401 3138 1463 κοινῶς
3195 1400 3451 1468 νουθετήσ

1887 1504 2049 1552 σασα,
2086 1488 2180 1540 καὶ
2210 1491 2596 1558 καταλείψασα
2628 1494 2707 1552 είς
2736 1492 2834 1562 τὴν
2871 1493 3136 1562 ὑποδοχὴν
3163 1495 3260 1561 τῆς
3299 1494 3453 1546 ἀδελ-

1886 1578 1993 1646 φῆς
2023 1579 2122 1648 τῆς
2153 1580 2295 1648 ἐμῆς
2333 1583 2560 1648 μητρὸς,
2593 1582 2745 1653 ἠκαὶ
2773 1583 2966 1651 πρῶτα
2999 1587 3076 1643 είς
3102 1585 3301 1651 ἀρετὴν
3356 1586 3452 1637 καὶ

1885 1672 2161 1740 ὑποταγὴν
2196 1673 2369 1741 αὐτῆς
2391 1668 2585 1744 ἦνκαὶ
2640 1675 2818 1728 πάντα
2857 1677 2924 1728 τά
2971 1673 3316 1728 τοῦκελλίου
3350 1674 3451 1724 αὖ·

225 1759 619 1826 διηγησάμενοι
661 1762 927 1832 δείξαιμεν
965 1765 1035 1817 τά
1099 1769 1274 1819 πάντα
1313 1767 1510 1837 ἀληθῆ.
1569 1769 1656 1834 Τῷ
1690 1770 1783 1837 ρη-
1824 1823 1831 1830 ,
1882 1765 1993 1818 τῶν
2021 1766 2204 1832 ἐκείνη
2230 1765 2444 1829 διοίκει,
2484 1762 2604 1819 εἶτα
2657 1767 2733 1830 ὡς
2773 1767 2958 1828 ἔνθους
3001 1766 3269 1835 γενομένη
3320 1764 3451 1817 ἐκά-

225 1851 367 1901 οέντι
410 1852 631 1923 μεγάλῳ
689 1854 976 1926 Σαϐϐάτῳ,
1027 1857 1218 1927 ὥσπερ
1284 1876 1375 1927 μοι
1432 1859 1780 1929 συμόἐόηκεν
1885 1855 2041 1922 θητο,
2088 1856 2214 1919 τοὺς
2246 1857 2346 1926 μὲν
2370 1858 2688 1926 ὀφθαλμοὺς
2718 1858 2918 1928 ἔχουσα
2975 1858 3452 1926 κεκαλυμμένους,

224 1940 364 2009 ἆπερ
392 1941 793 2013 ἐδιηγησάμην,
822 1947 1142 2018 καθημένης
1185 1949 1323 2017 μετά
1362 1949 1461 2019 τὴν
1511 1949 1618 2017 τῆς.
1672 1949 1780 2000 λει-
1816 1952 1854 2007 Β
1883 1948 1945 2000 τὺ
1971 1948 2026 1999 δὲ
2057 1949 2230 2016 στόμα
2267 1951 2352 2003 ἀεὶ
2386 1950 2614 2003 κινοῦσα
2670 1952 2804 2019 πρὸς
2849 1952 3054 2019 ὕμνους
3107 1953 3202 2003 καὶ
3240 1951 3457 2019 εὐχαρι-

225 2032 482 2101 τουργίας
516 2036 744 2107 τελετὴν
793 2038 852 2092 ἐν
913 2041 978 2109 τῇ
1023 2040 1314 2109 ἐκκλησία,
1366 2042 1462 2094 καὶ
1507 2043 1607 2093 σὺν
1643 2042 1781 2110 αὐτῇ

229 2125 394 2178 πᾶσαι
425 2126 481 2178 αἱ
515 2131 748 2198 μοναχαλ⁵
779 2132 953 2200 αὐτῆς
1002 2135 1411 2206 προσμένουσαι
1449 2135 1535 2186 ἵνα
1591 2134 1786 2202 μικρόν

225 2232 281 2267 τι
304 2215 393 2269 καὶ
425 2218 847 2284 ἀπογεύσωνται
876 2224 974 2275 διὰ
1006 2225 1107 2295 τὴν
1145 2223 1240 2277 τοῦ
1272 2225 1573 2293 ἀντιδιὶιρου
1627 2234 1787 2288 μετὰ·

227 2307 418 2378 ληψιν·
452 2306 572 2363 εἶτα
610 2314 688 2373 είς
720 2314 817 2376 τὰς
845 2315 1080 2383 Πράξεις
1103 2317 1213 2368 τῶν
1258 2318 1577 2370 ἀποστόλων
1624 2320 1785 2383 τεθῆ-

226 2417 314 2453 ναι
337 2401 434 2469 τὴν
466 2403 776 2471 ἀνάγνωσιν
802 2421 816 2436 ·
859 2405 1011 2473 λέγει
1038 2402 1131 2460 οὗν
1183 2411 1215 2477 ἡ
1277 2409 1423 2462 ὁσία·
1464 2429 1480 2462 ι
1517 2411 1786 2479 Μοναχαὶ,

226 2494 524 2561 ἐγείρεσθε.
583 2514 602 2547 ι
659 2497 724 2548 M
753 2497 809 2548 δέ
838 2514 852 2528 ·
901 2514 922 2548 ι
963 2499 1028 2550 Τί
1088 2501 1172 2552 σοί
1217 2502 1332 2553 ἐστι
1391 2504 1574 2571 χρεία,
1619 2504 1791 2571 κυρία

224 2587 380 2652 ἡμῶν
412 2586 580 2653 ἁγίας
617 2606 636 2640 ι
692 2589 755 2641 Ἦ
787 2590 880 2643 δέ’
922 2607 940 2641 ι
975 2591 1067 2660 Τῷ
1124 2593 1228 2661 κίιρ
1277 2594 1540 2662 Γεωργίῳ
1591 2594 1791 2661 ἐπῆλθε

239 2677 394 2747 143
429 2681 754 2748 πειρασμὸς,
781 2684 871 2735 καὶ
900 2682 1184 2753 δεηθῶμεν
1210 2687 1309 2752 τῆς
1341 2686 1609 2737 Θεοτόκου
1651 2688 1791 2756 ὑπὲρ

236 2773 472 2824 ἐκείνου.
519 2792 536 2823 ι
603 2774 733 2826 Τόδε
793 2776 1100 2828 ἀκούσασαι
1166 2779 1336 2829 πᾶσαι
1414 2777 1793 2847 προσέδραμον

229 2862 370 2930 αὐτῇ
405 2864 544 2929 μετὰ
573 2865 852 2934 δακρύων,
906 2867 1200 2936 ἐξαιρέτως
1255 2867 1311 2919 δὲ
1353 2868 1407 2920 αί
1457 2870 1555 2937 τῆς
1589 2869 1792 2937 μητρός

230 2970 336 3016 μου
364 2954 625 3020 ἀδελφαί·
653 2958 747 3008 καὶ
804 2956 910 3025 γὰρ
954 2958 1116 3027 ἑτέρα
1172 2957 1376 3026 ἀδελφὴ
1438 2955 1524 3028 ἦν,
1569 2959 1794 3028 ὕστερον

227 3050 491 3112 γεγονυῖα
545 3048 772 3114 κάκείνη
839 3050 1049 3118 μοναχῆ
1098 3051 1190 3102 καὶ
1251 3051 1592 3121 ὑποτακτικὴ
1623 3053 1796 3119 αὐτῆς

224 3135 394 3200 καλή.
427 3137 784 3206 Προσέδραμε
819 3138 994 3206 καύτὴ
1029 3139 1169 3207 μετά
1212 3140 1489 3209 δακρύων,
1525 3144 1792 3195 πυνθανο-

227 3230 408 3296 μένη·
445 3247 461 3279 ι
501 3229 564 3280 Τί
599 3229 757 3282 τοῦτο
789 3231 817 3282 ὃ
866 3232 1070 3298 λέγεις,
1103 3233 1272 3301 κυρία
1323 3235 1478 3302 ἡμῶν
1542 3236 1712 3301 ἁγίας
1768 3256 1786 3288 ι

1893 2040 2044 2102 στίας
2073 2040 2208 2109 πρὸς
2255 2041 2420 2092 Θεόνο
2485 2044 2740 2110 ἐμιμεῖτο
2805 2043 2913 2111 γάρ
2974 2044 3273 2110 πάντοτεὴ
3327 2043 3457 2107 ἁγία

1885 2134 1947 2185 τὸ
1975 2134 2069 2185 τοῦ
2117 2134 2262 2186 θείου
2298 2136 2750 2205 χρυσορρήμονος
2806 2138 3020 2205 Πατρδς
3065 2137 3237 2206 ῥητὸν
3275 2138 3333 2188 τδ
3368 2137 3458 2186 λέ-

1888 2241 2019 2291 γον·
2077 2243 2095 2276 ι
2135 2226 2224 2296 Μὴ
2281 2229 2444 2279 τάσιν
2528 2230 2712 2297 φωνῆς
2794 2231 2996 2302 νοήσῃς
3050 2231 3153 2283 καὶ
3229 2232 3460 2299 μέγεθος

1891 2310 2103 2380 (χρῆμα
2127 2314 2235 2382 γὰρ
2265 2315 2610 2383 ἀνάρμοστον
2639 2318 2816 2384 ἀγίοις
2842 2321 2873 2386 ἡ
2912 2320 3173 2388 κραυγή),
3219 2320 3353 2373 ἀλλά
3395 2321 3456 2371 τὸ

1891 2401 2076 2468 νοερὸν
2106 2403 2202 2468 τῆς
2232 2403 2475 2466 διανοίας
2512 2409 2606 2459 καὶ
2633 2407 2732 2475 τὴν
2986 2409 3302 2478 θερμότητα
3357 2411 3456 2476 τῆς

1891 2489 2064 2559 ψυχῆς
2095 2494 2189 2544 καὶ
2219 2495 2317 2562 τὴν
2351 2498 2634 2549 συντονίαν
2665 2501 2765 2568 τῆς
2798 2499 3061 2569 δεήσεως,
3090 2502 3213 2553 καθ’
3266 2502 3334 2571 ἣν
3362 2503 3458 2553 καὶ

1896 2581 2227 2634 σιωπώντων
2252 2585 2438 2638 ἀκούει
2466 2591 2492 2640 ὁ
2525 2589 2678 2652 Θεὸς.
2738 2609 2756 2641 ι
2809 2590 2872 2642 Ἠ
2902 2589 2996 2644 οὖν
3037 2593 3180 2658 ἀγία
3226 2595 3366 2661 μήτε
3407 2611 3458 2645 τι

1896 2674 2358 2744 προλαμϐάνουσα
2416 2682 2686 2750 τροφίμου
2743 2685 2777 2755 ἢ
2817 2685 3084 2754 ποσίμου,
3153 2687 3288 2754 μήτε
3340 2690 3460 2754 ὁμι-

1894 2764 2063 2817 λοῦσα
2112 2769 2174 2818 τὸ
2213 2770 2378 2837 τυχὸν
2426 2772 2559 2824 ἀνευ
2610 2774 2702 2826 τοῦ
2753 2775 3121 2846 καθ’ὴμέραν
3161 2777 3460 2846 ἐρχομένου

1898 2859 2088 2925 ίερέως
2114 2862 2194 2921 είς
2225 2863 2285 2913 τὺ
2319 2865 2760 2932 μεταλαμϐάνειν
2801 2869 2972 2936 αὐτὴν
3023 2870 3129 2920 τῶν
3173 2869 3332 2920 θείων
3367 2887 3464 2938 μυ-

1900 2951 2161 3020 στηρίων,
2201 2955 2335 3006 τότε·
2365 2957 2464 3009 καὶ
2487 2957 2585 3020 τὰς
2617 2961 2802 3028 χεῖρας
2868 2963 2963 3013 καὶ
2993 2963 3116 3024 τοὺς
3148 2961 3463 3030 ὀφθαλμοὺς

1897 3041 1978 3102 είς
2007 3043 2098 3095 τὸν
2124 3045 2351 3112 οὐρανὸν
2402 3049 2634 3116 αῐρουσα
2689 3052 2782 3102 καὶ
2843 3053 3189 3122 συγχώρησιν
3233 3053 3460 3105 αἰτοῦσα

1897 3130 2085 3184 λαὸεἶν
2121 3133 2349 3205 ὕστερον
2376 3138 2808 3207 μετελάμϐανεν.
2871 3142 3031 3193 Ἀλλά
3082 3144 3176 3194 καὶ
3210 3141 3306 3194 τοῦ
3365 3143 3460 3211 βα-

1902 3225 2095 3288 σιλέως
2130 3227 2235 3296 κὺρ
2271 3230 2526 3282 Ἰωάννου
2559 3232 2654 3283 καὶ
2683 3233 2791 3284 τῶν
2828 3233 3125 3286 δεσποινῶν
3159 3237 3248 3286 καὶ
3285 3235 3461 3286 ἄλλων

236 3316 304 3370 'H
346 3317 404 3370 δὲ
442 3318 575 3386 πρὸς
603 3319 772 3382 αὑτὰς
800 3319 902 3388 ἔφη
927 3337 940 3351 ·
984 3339 1001 3371 σ
1049 3323 1138 3392 Μὴ
1199 3321 1447 3392 θροεῖσθε
1473 3341 1487 3357 ο
1519 3328 1545 3376 δ
1587 3325 1720 3386 Θεὸς
1767 3329 1794 3380 δ
1820 3315 1863 3339 ν
1897 3315 2111 3372 πολλῶν
2134 3319 2394 3385 πολλάκις
2424 3325 2889 3395 προσερχομένων
2919 3325 3081 3396 αὐτῇ,
3122 3326 3336 3392 ἀλλάδὴ
3365 3326 3462 3376 καὶ

224 3513 339 3552 non
370 3509 599 3566 sanctae,
625 3502 720 3558 sed
751 3513 1062 3558 sanctarum
1097 3505 1358 3560 vocabulo
1400 3515 1682 3562 uterentur
1716 3510 1795 3564 ci-

222 3606 327 3645 ves
359 3601 410 3644 et
466 3594 851 3648 monasterium
894 3596 973 3647 Ad
1007 3606 1222 3651 sanctas
1261 3598 1553 3654 diceretur.
1605 3599 1798 3654 Fuisse

223 3685 515 3737 monachis
547 3683 654 3736 illis
688 3683 905 3738 feminis
936 3702 1260 3741 comnunem
1314 3688 1518 3752 cibum,
1559 3705 1799 3743 commu-

223 3787 354 3828 nem
399 3775 674 3840 vestitum,
707 3791 998 3830 commune
1026 3778 1215 3843 etiam,
1261 3787 1319 3832 ut
1347 3779 1494 3832 nihil
1521 3780 1798 3848 proprium

222 3866 597 3933 possiderent,
634 3868 789 3931 nihil,
819 3871 1069 3934 quamvis
1103 3871 1399 3934 modicum,
1434 3872 1520 3925 vel
1561 3873 1626 3925 ad
1654 3888 1801 3927 com-

223 3977 488 4022 munem.
533 3961 616 4014 vel
650 3963 715 4014 ad
751 3963 1015 4030 privatam
1069 3963 1354 4017 utilitatem
1398 3964 1656 4028 facerent,
1695 3963 1798 4018 nisi

220 4069 556 4110 concessum
587 4054 651 4106 iis
686 4065 862 4118 esset;
895 4057 1113 4107 easdem
1141 4053 1524 4109 calceamentis
1555 4055 1721 4110 nullis
1747 4064 1802 4109 et

218 4145 491 4198 alimento
522 4146 666 4198 tenui
693 4161 822 4199 tISaS
854 4161 995 4209 esse,
1030 4146 1177 4200 humi
1212 4147 1468 4201 cubuisse
1493 4155 1548 4201 et
1577 4146 1801 4202 omnino

218 4236 398 4288 vitam
431 4235 587 4288 vilem
618 4237 792 4304 egisse
817 4246 871 4288 et
901 4235 1124 4300 reliquis
1150 4236 1444 4290 virtutibus
1467 4237 1799 4290 monachicis

217 4327 452 4380 dedisse
486 4341 730 4394 operam,
769 4342 1228 4394 supervacaneum
1262 4337 1346 4381 est
1386 4327 1591 4383 dicere.
1635 4327 1800 4382 Simi-

217 4422 356 4473 liter
388 4421 454 4472 ad
492 4421 661 4487 ipsam
693 4429 919 4473 matrem
952 4430 1192 4473 sanctam
1226 4429 1281 4473 et
1308 4420 1644 4488 spiritualem
1674 4436 1803 4475 con-

213 4528 454 4566 cursum
518 4513 928 4579 imperatorum,
987 4513 1436 4579 imperatricum,
1493 4513 1797 4580 principum

212 4608 475 4658 virorum
528 4602 960 4670 feminarumque
1011 4615 1333 4665 conventus,
1394 4619 1622 4671 quarmn
1678 4605 1796 4679 alia:
1831 4622 1874 4678 ι)

209 4697 648 4759 benedictionis,
673 4696 789 4749 aliae
810 4697 927 4766 ejus
949 4697 1247 4749 salutanda:
1272 4707 1324 4750 et
1350 4698 1601 4766 precibus
1629 4700 1797 4765 ipsius

205 4806 355 4846 sese
386 4787 805 4843 commendandi
836 4787 1008 4854 gratia
1044 4791 1408 4853 ventitabant,
1441 4790 1560 4855 quis
1591 4789 1724 4854 haec,
1747 4799 1799 4842 et

205 4885 490 4935 virtutem
524 4881 666 4932 illius
692 4878 863 4947 digne
884 4879 1054 4946 possit
1084 4881 1388 4934 enarrare?
1420 4878 1534 4933 Una
1563 4882 1795 4948 quadam

201 4989 280 5028 rc
321 4973 625 5026 enarranda
652 4988 868 5026 omnem
898 4972 1249 5026 05tendcmus
1275 4973 1574 5026 veritatem.
1601 4971 1795 5041 Magno

203 5067 324 5119 illo
369 5065 459 5117 die
491 5064 734 5126 Sabhati,
760 5078 867 5130 quo
896 5080 1015 5132 qnze
1051 5064 1265 5116 narravi
1303 5064 1431 5116 mihi
1462 5065 1795 5126 acciderunt,

202 5170 377 5213 cum,
448 5153 596 5204 {inita
651 5152 892 5219 liturgia,
930 5152 1272 5204 consedisset
1316 5151 1368 5202 in
1413 5150 1643 5203 ccc|--sia
1675 5167 1795 5200 cum

206 5243 457 5311 reliquis
495 5241 780 5296 monachis
825 5242 942 5294 Suis
965 5249 1416 5306 exspectaretque
1450 5241 1603 5306 panis
1635 5240 1800 5291 ομηρ-

1898 3500 2090 3554 matris
2146 3517 2276 3555 mea:
2329 3517 2568 3557 sorores.
2621 3504 2754 3557 Nam
2808 3506 2977 3558 altera
3029 3520 3243 3574 quoque
3307 3521 3464 3558 soror

1898 3600 2094 3658 postea
2125 3605 2182 3644 se
2213 3591 2415 3645 iecerat
2451 3594 2769 3646 monacham
2814 3595 3065 3664 illiusque
3117 3613 3173 3649 se
3215 3596 3464 3660 subiece-

1900 3691 1982 3733 rat
2016 3681 2264 3750 imperio.
2313 3681 2501 3751 itaque
2559 3687 2671 3738 haec
2720 3701 2932 3754 quoque
2961 3702 3080 3740 cmn
3111 3688 3466 3741 lacrimis‘ac-

1901 3774 2092 3837 currit,
2122 3789 2370 3841 qumrens
2399 3793 2412 3827 :
2451 3794 2467 3826 ι
2498 3774 2634 3840 Quid
2688 3777 2815 3830 illud
2847 3787 2948 3840 est,
2983 3779 3121 3845 quod
3154 3779 3309 3841 dicis,
3340 3794 3466 3832 sau-

1899 3875 1984 3918 cta
2020 3866 2238 3918 domina
2270 3868 2499 3918 nostra?
2535 3885 2551 3916 ι
2589 3868 2654 3920 At
2687 3869 2775 3920 illa
2817 3885 2833 3922 :
2876 3887 2894 3918 ι
2931 3868 3006 3922 Ne
3034 3869 3460 3933 tumultuamini,

1900 3956 2073 4024 inquit
2101 3972 2114 4019 ;
2149 3958 2240 4024 qui
2267 3957 2640 4012 sollicitationi
2670 3959 2846 4012 locum
2868 3961 3010 4014 dedit
3034 3961 3194 4020 Deus,
3218 3961 3460 4027 ejusdem

1900 4052 2064 4104 etiam
2107 4051 2413 4119 praesidium
2443 4059 2497 4103 et
2530 4052 2824 4103 remedium
2880 4053 3182 4119 praestabit.
3215 4070 3231 4102 ι
3273 4052 3462 4120 Itaque

1901 4143 2002 4196 illae
2028 4141 2215 4196 ﬂentes
2238 4141 2463 4195 Matrem
2496 4143 2584 4196 Dei
2614 4143 2975 4211 implorabant
2994 4144 3460 4211 celebrabantque

1901 4234 2138 4304 hymnis.
2176 4236 2285 4288 Hac
2321 4251 2378 4288 re
2407 4235 2534 4304 quid
2568 4246 2748 4302 potest
2773 4251 2892 4291 esse
2937 4237 3196 4290 disertius
3242 4241 3461 4292 virtutis

1899 4325 2221 4394 pietatisque
2274 4327 2688 4379 testimonium?
2743 4325 2821 4380 Ita
2865 4329 3033 4395 igitur
3078 4344 3198 4381 cum
3238 4330 3464 4397 pulchre

1904 4418 2128 4470 vixisset
2159 4429 2210 4471 et
2241 4419 2653 4472 sanctimoniam
2675 4420 2789 4488 eius
2825 4420 3004 4472 multis
3038 4422 3201 4474 rebus
3237 4431 3466 4474 testatus

1901 4521 2042 4562 esset
2068 4511 2231 4568 Deus.
2268 4511 2483 4562 tandem
2509 4526 2655 4562 mors
2680 4512 2727 4563 ei
2761 4511 2997 4577 gloriosa
3017 4526 3198 4565 coram
3231 4513 3466 4566 Domino

1903 4597 2116 4666 obtigit,
2158 4614 2262 4666 qua
2298 4615 2326 4652 e
2359 4600 2522 4653 rebus
2561 4603 2813 4655 humanis
2860 4605 3116 4656 excessit.
3153 4602 3283 4656 Nam
3333 4619 3459 4656 cum

1906 4689 2094 4741 leviter
2119 4691 2326 4757 aliquot
2365 4691 2482 4747 dies
2523 4701 2838 4760 :egrotasset
2878 4703 2931 4748 et
2982 4696 3272 4750 .nmtachas
3311 4711 3464 4750 com-

1906 4783 2143 4835 muniter
2175 4789 2237 4834 ad
2262 4783 2512 4836 virtutem
2535 4794 2677 4838 esset
2696 4785 3252 4849 cohortata,sororem
3275 4789 3465 4841 matris

1905 4888 2057 4937 mem,
2104 4888 2224 4940 quae
2258 4875 2308 4926 in
2351 4873 2470 4942 ejus
2512 4875 2828 4942 integritate
2861 4876 3120 4929 imitanda
3154 4887 3209 4930 et
3251 4877 3466 4946 subjec-

1904 4967 2048 5017 tione
2079 4966 2248 5032 prima
2275 4975 2411 5028 erat,
2436 4968 2684 5018 etomnia
2711 4967 2760 5018 in
2787 4967 2917 5019 cella
2944 4967 3090 5020 illius
3114 4970 3462 5036 procurabat,

1906 5053 1956 5105 in
1991 5054 2166 5106 locum
2201 5069 2358 5106 suum
2395 5054 2632 5121 delegit;
2665 5055 2861 5108 deinde
2892 5066 3146 5124 tanquam
3180 5057 3361 5110 divino
3387 5057 3467 5109 af-

1903 5143 2030 5195 ilatu
2058 5144 2326 5196 concitata
2375 5145 2618 5208 sedebat,
2651 5144 2849 5198 clausis
2897 5147 3070 5200 oculis
3100 5156 3154 5200 et
3200 5148 3359 5202 labiis
3395 5149 3461 5201 ad

1905 5233 1997 5286 Dei
2036 5234 2223 5284 laudes
2276 5241 2330 5286 et
2374 5233 2671 5302 gratiarum
2725 5236 2968 5288 actiOnes
3005 5251 3225 5304 semper
3281 5237 3463 5290 motis.

1905 5325 2167 5378 Servabat
2199 5326 2340 5377 enim
2371 5340 2596 5378 omnino
2620 5336 2808 5379 sancta
2845 5327 2979 5389 haec,
3005 5328 3146 5394 quod
3190 5334 3344 5395 pater
3364 5343 3466 5382 au.
3530 5361 3532 5364 μ

1906 5433 1996 5471 rea
2051 5419 2212 5470 verba
2261 5415 2493 5473 fundens
2526 5419 2659 5472 dicit
2706 5435 2718 5472 :
2757 5417 2834 5472 Ne
2873 5420 3283 5479 contentionem
3317 5422 3468 5475 vocis

1903 5522 1956 5565 et
1983 5504 2375 5563 vehementiam
2410 5511 2626 5565 noveris
2651 5510 2762 5579 (res
2805 5511 2947 5567 enim
2976 5511 3178 5565 sanctis
3210 5511 3465 5566 indecora

1903 5605 2110 5658 clamor
2136 5605 2267 5672 est),
2318 5604 2411 5658 sed
2448 5604 2802 5661 attentionem
2853 5603 3048 5661 mentis
3097 5612 3148 5656 et
3198 5602 3466 5658 fervorem

1905 5697 2070 5749 animi
2103 5705 2155 5753 et
2190 5696 2439 5757 ardorem
2479 5695 2824 5763 precationis,
2861 5695 3059 5762 quibus
3087 5693 3166 5759 lll,
3199 5705 3266 5773 ut
3296 5696 3467 5750 etiam

1907 5797 2143 5854 tacentes
2175 5787 2314 5843 Deus
2336 5789 2537 5843 audiat.
2576 5806 2592 5839 ι
2623 5786 2818 5843 Sancta
2849 5787 3014 5856 igitur
3040 5801 3142 5843 nec.
3166 5788 3344 5846 cibum
3373 5804 3471 5844 nec

1910 5893 2092 5953 potum
2153 5881 2441 5945 sumebat,
2498 5896 2594 5934 nec
2651 5880 2971 5948 loquebatur
3019 5879 3313 5949 quidquam
3362 5881 3468 5938 nisi

201 5336 358 5388 dicti
416 5335 882 5396 communionem,
920 5333 1113 5386 deinde
1140 5335 1204 5384 ad
1247 5336 1376 5384 Acta
1429 5334 1796 5399 apostolorum

202 5426 454 5494 legenda
478 5439 535 5477 se
557 5424 936 5482 convertisset.
964 5424 1144 5475 subito
1173 5441 1186 5476 :
1223 5441 1240 5473 ι
1274 5422 1568 5485 Monachae,
1599 5423 1797 5490 inquit,

199 5512 691 5582 expergiscimini.
722 5533 739 5565 ι
801 5512 892 5568 liae
924 5529 1047 5567 cum
1098 5525 1384 5582 rogassent
1420 5531 1432 5564 :
1490 5535 1506 5563 ι
1533 5514 1647 5578 Qua
1704 5513 1797 5565 tihi

205 5622 277 5658 re
317 5619 460 5671 opus
489 5613 592 5665 est,
635 5615 824 5657 sancta
875 5605 1137 5658 domina?
1175 5623 1193 5655 ι
1239 5606 1416 5673 pergit
1455 5604 1546 5658 illa
1587 5623 1599 5657 :
1632 5604 1797 5658 Geor-

197 5699 347 5762 gius
376 5695 632 5749 dominus
680 5695 730 5748 in
775 5697 1206 5750 sollicitationem
1244 5697 1470 5758 incidit;
1519 5711 1800 5764 precemur

202 5790 292 5842 ob
329 5801 457 5842 eum
493 5786 717 5840 Matrem
754 5787 866 5842 Dei.
906 5807 922 5838 ι
965 5787 1057 5841 llis
1088 5789 1306 5848 auditis,
1340 5789 1701 5857 lucrymantcs
1730 5789 1795 5839 ad

199 5893 346 5935 eam
396 5893 782 5936 acccurrerunt
839 5899 956 5934 cum
1031 5883 1270 5950 reliquae,
1331 5893 1442 5935 tum
1507 5884 1554 5932 in
1609 5897 1640 5949 p
1677 5882 1797 5936 imis
