4134 6452
280 524 389 588 ⁸157
1296 528 1394 587 CH
1409 526 1747 589 RONICON
1792 526 1912 587 MA.

1895 525 2066 589 .JUS.
2094 553 2157 561 —
2206 526 2353 588 LIB.
2385 526 2472 585 lI.
3423 518 3527 582 758

279 638 569 711 χαμουχᾶν
616 638 820 708 χρυσὸν
876 639 1143 711 πράσινον
1194 641 1286 695 καὶ
1344 644 1499 710 φωᾶν
1536 644 1846 712 προῦσινον,
1881 646 1923 701 Α
2024 644 2092 717 η’.
2138 645 2249 715 Τῆς
2286 645 2342 697 δὲ
2398 641 2740 712 προθεσμίας
2773 635 3036 705 ἐλθούσης
3081 633 3175 686 καὶ
3230 634 3302 702 μὴ
3343 632 3562 686 ἐλθόν·-⁴

278 732 379 784 xui.
409 730 626 799 σπάθην
648 734 1170 803 ὲγκεκοσμημένην,
1216 736 1549 807 καὶφλωρία
1582 736 1700 808 ⁴ἦτοι
1734 735 1853 789 νού-
1956 756 2047 801 τος
2076 738 2169 791 τοῦ
2231 726 2652 806 μητροπολίτου,
2701 735 2764 802 τῇ
2823 739 2871 786 α’
2935 729 3157 783 Ἰουνίου
3216 724 3310 778 τοῦ
3361 725 3526 779 αὐτοῦ

285 840 388 890 μία
416 825 595 893 χρυσᾶ
622 824 871 893 χιλιάδας
901 829 1073 895 τρεῖς·
1714 884 1717 887 λ
1956 830 2115 893 ἔτους
2170 826 2537 899 ἀπηρχόμεθα
2603 826 2928 893 κινήσαντες
2987 822 3068 882 εἰς
3118 820 3363 883 Πάτραν.
3439 817 3528 870 Ἐν

358 917 424 969 θ’.
470 917 595 970 Ἐπὶ
618 917 719 987 τὴν
742 918 937 989 αὔριον
954 915 1050 973 οὖν
1102 922 1429 987 ἀπελθόντες
1465 926 1544 987 εἰς
1582 923 1853 993 Γλαρέντ-
1956 920 2181 983 ταύταις
2212 918 2303 972 οῦν
2330 921 2449 981 ταῖς
2480 917 2719 988 ἡμέραις
2748 914 2842 967 καλ⁴
2872 915 2898 966 6
2951 912 3112 983 148
3164 909 3527 963 αὐθεντόπηυ-

280 1008 403 1071 ξανν
431 1008 541 1062 ίδού
566 1026 650 1071 τις
681 1010 866 1079 ἄρχων
891 1011 989 1064 τοῦ
1038 1012 1229 1083 ἀμηρᾶ
1280 1014 1418 1083 μετά
1469 1033 1620 1078 τινας
1658 1015 1852 1083 ὀλίγας
1955 1014 2047 1077 λος
2078 1017 2104 1067 6
2138 1013 2246 1083 κῦρ
2291 1013 2491 1082 Θωμᾶς
2540 1011 2599 1063 τὸ
2631 1007 2724 1062 τοῦ
2786 1007 3085 1078 πριγκὶπου
3152 1002 3531 1069 Κεντηρίωνος

279 1100 495 1169 ἡμέρας
540 1096 670 1170 ἦλθε
712 1103 888 1169 λέγων
942 1104 1023 1158 ὅτι
1071 1107 1103 1174 ἡ
1147 1107 1332 1176 [Ιάτρα
1365 1106 1511 1160 τελεῖ
1548 1107 1625 1177 τῷ
1658 1109 1851 1178 ἀμηρᾷ
1959 1106 2275 1176 πτολίεθρον
2323 1103 2420 1173 τὴν
2483 1101 2889 1171 Χαλατρίτζαν,
2939 1097 3030 1151 τοῦ
3074 1096 3167 1149 καὶ
3232 1094 3529 1161 μετέπειτα

276 1189 435 1259 τέλη,
469 1191 564 1243 καὶ
609 1192 861 1264 διαϐαίνῃ
889 1195 1036 1265 αὐτῷ
1085 1194 1262 1250 εἶναι·
1310 1200 1389 1251 διδ
1451 1200 1623 1271 ἄπεχε
1681 1201 1850 1269 αὐτῆς
1956 1200 2244 1269 γεγονότος
2283 1196 2549 1265 πενθεροῦ
2586 1194 2773 1252 αὐτοῦ,
2800 1191 3115 1259 ἐπολιόρκει
3142 1206 3155 1220 σ
3194 1190 3220 1240 6
3248 1189 3301 1241 δὲ
3326 1186 3523 1238 αλέθέν-

282 1282 380 1334 καὶ
416 1281 490 1352 μὴ
524 1283 807 1354 πολιόρκει
836 1288 1032 1355 αὐτήν.
1068 1288 1135 1342 El
1164 1290 1208 1341 δ’
1231 1289 1317 1353 οὒ,
1357 1291 1649 1362 πέμψομεν
1686 1309 1853 1361 στρα-
1955 1309 2055 1361 της
2086 1308 2189 1359 μου
2225 1289 2345 1358 ἅμα
2372 1287 2450 1357 τῷ
2476 1285 2692 1355 ἀδελφῷ
2740 1282 2905 1337 αὐτοῦ
2937 1282 3227 1349 διήρχοντο
3280 1279 3368 1329 διὰ
3423 1275 3528 1342 τῆς

290 1373 373 1426 τὸν
402 1375 543 1427 κατὰ
567 1376 687 1429 σοῦ.
725 1378 783 1429 '0
816 1379 862 1430 δ’
894 1380 1161 1453 αὐθέντης
1193 1401 1294 1453 μου
1337 1385 1657 1455 ἀποκριθεὶς
1694 1385 1850 1456 147
1954 1382 2076 1435 ὁδοῦ
2103 1381 2204 1448 τῆς
2236 1380 2316 1441 εἰς
2346 1378 2571 1448 Πάτραν
2640 1374 2920 1454 φερούσης
2945 1389 2960 1405 ·
3023 1368 3379 1427 κατελθόντες
3432 1363 3525 1418 οὖν

280 1464 433 1533 αὐτῷ
458 1461 648 1519 εἶπεν⁸
677 1486 696 1519 ι
748 1469 943 1538 Ἡμεῖς
964 1473 1281 1540 ἠκούσαμεν
1303 1476 1386 1528 ὅτι
1423 1477 1633 1530 Θέλουσι
1664 1493 1849 1547 παρα·
1953 1474 2254 1541 ἐμείναμεν
2301 1468 2436 1540 ὁμοῦ
2488 1470 2570 1531 εἰς
2635 1467 2734 1536 τὴν
2778 1464 3145 1534 Καρενίτζαν.
3198 1459 3530 1518 Ἰωαννίκιος

278 1555 465 1611 δοῦναι
499 1559 672 1630 αὐτὴν
715 1563 830 1624 τοῖς
872 1564 1235 1627 Καταλάνοις.
1262 1567 1376 1619 Οὐκ
1424 1567 1518 1619 οῦν
1564 1567 1715 1620 δοκεῖ
1754 1585 1845 1637 μοι
1954 1566 2191 1628 Βαλότας
2221 1561 2315 1619 οὖν
2367 1562 2396 1615 ὀ
2446 1562 2537 1615 τοῦ
2598 1560 2903 1630 πριγκίπου
2954 1559 3131 1609 ἐκεῖσε
3188 1556 3394 1624 ἄρχων,
3450 1551 3528 1612 ὼς

280 1649 497 1713 πρέπον
558 1644 702 1705 εἶναι
760 1654 921 1707 ἐᾶσαι
969 1656 1117 1725 ἡμᾶς
1156 1658 1283 1721 τούς
1320 1675 1381 1723 γε
1438 1658 1564 1722 τοὺς
1613 1659 1848 1728 ἐχθροὺς
1956 1660 2128 1728 ἔμαθε
2176 1658 2357 1723 τοῦτο,
2397 1656 2625 1725 αἰτήσας
2680 1654 2979 1724 ἀφιέρωσιν
3047 1650 3132 1702 ἵνα
3186 1649 3531 1715 ἀμφοτέρους

278 1738 438 1808 ἡμῶν
465 1746 559 1795 καὶ
585 1744 813 1814 ἐχθροὺς
860 1748 954 1799 τοῦ
1007 1748 1240 1816 ἀδελφοῦ
1304 1767 1405 1820 μου
1459 1751 1554 1805 τοῦ
1611 1752 1848 1821 μεγάλου
1952 1754 2081 1815 τοὺς
2114 1749 2379 1825 αὐθέντας
2435 1746 2563 1816 ἔλθῃ
2592 1744 2976 1814 προσκυνῆσαι
3034 1741 3254 1804 αὐτοὺς,
3291 1739 3385 1789 καὶ
3448 1735 3535 1786 ὲ).-

277 1832 477 1902 ἀμηρᾶ
518 1837 614 1888 καὶ
665 1837 829 1906 ἡμῶν
893 1840 1239 1909 παραλαϐεῖν
1281 1844 1478 1908 αὐτοὺς
1502 1846 1559 1898 τὸ
1605 1845 1849 1897 τοιοῦτον
1954 1846 2064 1897 θὼν
2092 1844 2253 1905 εὐθὺς
2285 1842 2385 1904 τὰς
2428 1840 2522 1894 τοῦ
2580 1838 2903 1907 πτολιέθρου
2946 1835 3093 1895 κλεῖς
3142 1830 3386 1885 ὲκϐαλὼν
3447 1828 3533 1880 δέ·

279 1927 525 1995 κάστρον
553 1928 615 1980 τὺ
645 1931 706 1981 έν
729 1930 884 2001 μέσῳ
918 1932 1030 1985 τῶν
1061 1934 1223 2003 ὁρίων
1251 1936 1408 2005 ἡμῶν
1440 1939 1714 2008 κείμενον.
1749 1939 1847 1991 Διά
1880 1986 1922 2008 η
1953 1939 2093 1991 δωκε
2130 1936 2331 1999 ταύτας
2357 1934 2434 2005 τῷ
2480 1931 2718 2005 αὐθέντῃ
2749 1948 2850 2000 μου
2898 1927 2977 1998 τῷ
3010 1926 3268 1993 δεσπότῃ,
3319 1921 3487 1973 εἰπών
3514 1937 3528 1951 ·

273 1986 444 2069 τοῦτο
477 1986 801 2088 ἀπήλθομεν
822 1986 958 2083 εκεῖ.
986 1986 1595 2090 καὶιέξετάσαντεςντιδ-
1880 1986 1923 2041 Β
2394 1986 2718 2091 πτολίεθρον
2749 1986 2923 2081 ’ἰδίως
2948 1986 3060 2070 ⁸τοῦ
3102 1986 3364 2068 αὐθέίντου
3429 2029 3530 2080 μου

279 2110 595 2179 δστήσαμεν
616 2112 701 2164 ἶνα
739 2114 816 2182 μὴ
844 2116 1069 2183 γένηται
1105 2133 1118 2145 ⁸
1148 2119 1242 2171 καὶ
1277 2120 1411 2185 ἰδοὺ,
1464 2121 1541 2184 ὡς
1601 2123 1846 2191 βλέπεις,
1958 2122 2055 2175 καὶ
2093 2118 2454 2188 συγγάμϐρου
2489 2114 2591 2184 τῆς
2652 2111 2931 2181 βασιλείας
2991 2125 3084 2161 σου
3117 2126 3135 2160 3
3177 2107 3293 2175 (καὶ
3334 2105 3444 2172 γὰρ
3504 2106 3531 2155 6

274 2201 599 2273 ἠγέρθημεν
634 2204 1023 2270 ἐπανελθόντες
1075 2208 1279 2265 οἴκαδε.
1340 2212 1415 2265 Οὐ
1468 2216 1605 2282 μετά
1649 2216 1849 2281 πολλὰς
1959 2215 2053 2268 τοῦ
2089 2214 2391 2281 πριγκίπου
2436 2208 2550 2269 υίὸς
2588 2204 2892 2276 προέλαϐεν
2924 2204 3002 2264 εἰς
3037 2202 3268 2268 νόμιμον
3292 2197 3530 2263 γυναῖκα

275 2293 504 2362 ἡμέρας
541 2295 651 2364 ἔχω
700 2298 845 2352 κατά
893 2297 1021 2354 νοῦν
1078 2302 1164 2354 ἵνα
1208 2304 1514 2359 ἀποστείλω
1568 2308 1705 2377 πρὸς
1758 2308 1850 2361 τὸν
1956 2310 2055 2376 τὴν
2115 2304 2350 2373 ἀδελφὴν
2412 2302 2511 2370 τῆς
2564 2299 2886 2368 βασιλίσσης
2946 2295 3145 2364 κυρίας
3203 2288 3529 2356 Θεοδώρας).

273 2386 513 2455 ἀδελφόν
543 2404 644 2456 μου
683 2391 776 2443 τὸν
812 2392 988 2460 μέγαν
1023 2395 1246 2466 ἀμηρᾶν
1290 2397 1481 2451 τοῦτον
1528 2400 1593 2471 δὴ
1625 2402 1718 2453 τὸν
1748 2399 1850 2468 ἄρα
1964 2422 1982 2455 ε
2016 2403 2073 2464 ὃς
2105 2416 2197 2468 μοι
2232 2394 2567 2465 προσέταξεν
2599 2393 2684 2444 ἵνα
2742 2387 3054 2456 παραδώσω
3102 2382 3264 2437 τοῦτο
3307 2383 3374 2449 τῇ
3435 2379 3531 2447 βα-

276 2495 465 2548 χοντα,
508 2498 526 2531 3
588 2480 850 2540 δεικνύων
912 2485 1013 2554 ἐμὲ
1041 2525 1055 2549 ,
1124 2505 1143 2539 ι
1174 2487 1231 2551 ός
1288 2486 1636 2560 δηλοποιήσει
1677 2492 1847 2559 αὐτῷ,
1960 2494 2137 2563 σιλείᾳ
2168 2509 2281 2545 σου.
2310 2510 2328 2542 3
2376 2488 2433 2541 Ὀ
2461 2488 2516 2541 δὲ
2544 2483 2868 2555 ἀποκριθεὶς
2889 2476 3042 2533 εἶπεν
3071 2475 3248 2546 αὐτῷ’
3284 2492 3305 2526 ε
3340 2471 3529 2534 Οὕτως

278 2571 378 2623 καὶ
404 2572 626 2627 πλείονα
656 2575 790 2631 ἀλλα
843 2578 879 2632 ἃ
924 2581 1238 2649 ἀναμεταξὺ
1294 2583 1454 2654 ἡμῶν
1487 2585 1569 2637 δεῖ
1612 2566 1852 2653 ἐνεργεῖ·
1959 2588 2097 2657 ἔχει,
2156 2587 2240 2637 ὅτι
2283 2578 2581 2649 συγγενοῦς
2624 2576 2724 2646 μού
2774 2577 2922 2627 ἐστιν
2975 2575 3003 2624 6
3054 2568 3298 2629 τοιοῦτος
3340 2564 3531 2657 τόποςι

280 2662 432 2717 σθαι.
475 2683 494 2717 3
540 2665 600 2719 Ὀ
630 2664 726 2722 οὖν
758 2670 1006 2740 Τοῦρκος
1037 2673 1276 2739 ἀκούσας
1311 2679 1538 2738 τούτους
1586 2678 1712 2742 τοὺς
1767 2679 1852 2730 λό-
1960 2679 2080 2734 ἀλλ’
2105 2679 2167 2732 οὐ
2194 2672 2589 2744 γνησιεστέρου
2625 2669 2718 2723 τοῦ
2770 2663 3005 2733 ἀδελφοῦ
3064 2679 3189 2731 μου.
3247 2658 3446 2712 Λοιπὸν
3484 2656 3533 2708 εί

278 2760 599 2824 γους,ἐτιδὲ
631 2764 726 2817 καὶ
748 2764 1141 2836 φιλοδωρηθεὶς
1166 2767 1371 2833 καλῶς,
1408 2770 1617 2839 ἀπῆλθε
1643 2770 1852 2841 χαίρων
1960 2770 2399 2843 προγενέστερον
2455 2762 2629 2816 ἐποίει
2684 2758 2862 2824 τοῦτο,
2912 2756 2941 2808 6
2988 2752 3213 2821 ἀδελφός
3270 2766 3372 2820 μου
3410 2746 3532 2843 κη’

294 2852 541 2905 Ἐκείνου
571 2855 615 2907 δ’
649 2857 1114 2926 ἀναχωρήσαντος
1146 2860 1455 2927 προσέταξέ
1502 2880 1593 2931 μοι
1623 2862 1803 2931 λέγων
1833 2881 1847 2896 ’
1963 2841 2096 2932 ἐμοῦ
2121 2862 2223 2915 οὐκ
2259 2856 2625 2929 ἐνεχειρίζετο
2653 2852 2809 2906 οὐδὲν
2855 2850 2883 2902 ὃ
2911 2848 3020 2916 ἐγὼ
3048 2843 3216 2915 εἶχον,
3242 2845 3338 2897 καὶ
3367 2841 3531 2902 αὐτὸς

287 2962 308 2994 ε
360 2944 493 2999 Ἰδοὺ
512 2948 877 3018 προετοίμαζε
909 2950 979 3002 τὰ
1017 2951 1154 3022 πρὸς
1182 2952 1374 3023 χρείαν
1396 2954 1494 3022 τῆς
1525 2954 1667 3010 ὀδοῦ.
1701 2975 1718 3006 3
1745 2958 1856 3011 Καὶ
1962 2958 2056 3011 καὶ
2088 2958 2115 3010 6
2163 2955 2426 3022 αὐθέντης
2480 2966 2575 3003 σου
2642 2943 2991 3016 ἀλλοτρόπως
3051 2936 3197 3009 εἶχον
3239 2934 3389 2989 αὐτό.
3450 2934 3530 2986 Τὰ

284 3032 367 3102 μὴ
389 3034 546 3098 είδὼς
581 3038 693 3105 ἐγὼ
731 3040 793 3091 τδ
838 3041 1024 3109 τυχὸν,
1055 3040 1321 3113 ἀνέφερον
1371 3043 1521 3113 αὐτῷ
1564 3046 1645 3097 ὅτι
1679 3044 1737 3098 εί
1780 3047 1853 3116 μὴ
1964 3048 2056 3104 νῦν
2082 3046 2175 3104 οῦν
2210 3050 2258 3101 εἱ
2288 3042 2590 3115 παραλάϐω
2637 3039 2789 3102 αὐτὸ,
2838 3035 3056 3102 ἀνάγκη
3093 3032 3241 3085 ἐστὶν
3284 3030 3375 3083 ἵνα
3417 3027 3527 3080 δια-

280 3126 421 3199 ελθῃ
454 3130 481 3182 6
511 3132 948 3201 μητροπολίτης,
968 3134 1104 3187 Θεοῦ
1126 3136 1497 3201 εὐδοκοῦντος,
1524 3140 1618 3191 καὶ
1641 3139 1855 3193 δώσωσι
1963 3143 2265 3215 φερώμεθα
2294 3137 2434 3209 μετά
2464 3134 2558 3189 τοῦ
2588 3131 2826 3198 ἀδελφοῦ
2861 3146 2986 3199 μουν
3025 3126 3118 3179 καὶ
3150 3125 3212 3176 οὐ

281 3221 425 3289 ἡμῖν
469 3222 532 3274 τδ
581 3223 842 3294 κάστρον,
874 3226 1032 3294 κάγὼ
1062 3227 1401 3299 ἀναρρωσθῶ
1434 3229 1633 3297 ὀλίγον.
1672 3231 1854 3284 «Ἀλλ’
2078 3210 2214 3285 πολύ
2277 3247 2351 3293 τι,
2412 3223 2592 3294 πολλῷ
2653 3222 2852 3293 μᾶλλον
2909 3218 3000 3271 διά
3048 3216 3323 3270 τοσοῦτον.
3391 3210 3530 3265 Ἀλλ’

280 3312 463 3383 ὅμως,
497 3309 625 3368 εἶπέ
668 3335 782 3386 μοι,
822 3320 1195 3388 προετοίμαζε
1226 3322 1405 3377 πάντα
1436 3322 1504 3375 τά
1536 3323 1615 3388 είς
1650 3324 1857 3392 ὲκπλή-
1884 3339 1924 3395 ς
1959 3326 2159 3382 ἀπελθε
2187 3325 2244 3376 ὲν
2274 3319 2444 3389 αὐτῷ,
2498 3316 2593 3370 καλ.
2650 3314 2725 3377 ὡς
2776 3312 3003 3366 δύνασαι
3064 3310 3310 3377 ποίησον.
3354 3323 3373 3356 3
3446 3302 3531 3365 Ὠς

285 3423 463 3475 ρωσιν
488 3408 588 3476 τῆς
624 3411 977 3480 προστάξεως
1004 3429 1122 3466 σου.
1160 3431 1179 3464 3
1963 3414 2055 3473 οὖν
2076 3419 2278 3488 ἢκουσε
2309 3411 2501 3475 ταῦτα,
2550 3408 2750 3479 ᾔτησεν
2802 3405 2888 3457 ἵνα
2940 3402 3163 3464 ἀκάκως
3214 3397 3434 3468 εἰσέλθῃ
3477 3400 3531 3448 έ“⁸

282 3592 564 3647 ornatum,
628 3574 989 3643 curtzubacas
1044 3590 1255 3646 sericus
1316 3606 1517 3646 aureus
1573 3593 1856 3662 prasinus,
1964 3594 2388 3651 convaluissem.
2443 3586 2678 3641 Atille:
2715 3601 2735 3635 ι
2775 3579 3167 3643 Nihilominus,
3216 3575 3417 3647 inquit,
3464 3574 3533 3629 ad

283 3673 506 3742 gladius
548 3679 888 3731 ornamentis
930 3679 1261 3749 conspicuus
1288 3690 1342 3735 et
1381 3680 1712 3738 ﬂorenorum
1743 3685 1858 3740 sive
1965 3684 2394 3756 perliciendum,
2440 3677 2587 3747 quod
2640 3672 2957 3729 mandatum
3011 3671 3109 3724 tibi
3170 3678 3293 3735 est,
3351 3666 3535 3722 omnia

283 3782 640 3821 nummorum
680 3782 969 3823 aureorum
999 3773 1101 3825 tria
1129 3773 1316 3827 millia.
1964 3789 2265 3845 pi-:rpara.3

365 3856 419 3908 7.
449 3855 583 3909 Cum
610 3858 880 3926 postridie
907 3858 1252 3915 Glarentzatn
1310 3861 1537 3931 profecti
1581 3878 1857 3929 essemus,
2035 3868 2084 3923 8.
2123 3866 2224 3921 Uhi
2256 3864 2402 3918 venit
2423 3863 2539 3918 dies
2564 3859 2896 3931 praestituta,
2932 3873 3033 3913 nec
3062 3856 3237 3911 adfuit
3260 3865 3535 3923 metropo-

283 3965 419 4006 ecce
451 3952 637 4020 paucis
681 3960 801 4021 post
821 3952 1014 4009 diebus
1046 3957 1264 4023 quidam
1308 3972 1371 4009 ex
1399 3973 1596 4012 amet-ae
1627 3960 1858 4025 Oplitltn-
1965 3962 2079 4025 lim,
2134 3958 2396 4013 Kalendis
2454 3953 2631 4008 Juniis
2659 3952 2904 4021 ejusdem
2943 3950 3071 4006 anni
3096 3951 3314 4005 Patram
3349 3948 3527 4002 ntovi-

286 4044 438 4098 tibus
472 4046 723 4097 nuntium
753 4047 908 4099 nobis
961 4047 1147 4111 θῆρε-ι,
1182 4049 1405 4102 Patram
1436 4066 1636 4105 amerae
1664 4052 1861 4105 tributa
1967 4070 2112 4107 mus.
2149 4052 2251 4104 Per
2281 4049 2500 4103 eosdem
2531 4046 2648 4101 dies
2674 4046 2836 4099 etiam
2868 4044 3107 4098 Thomas
3136 4041 3374 4097 dominis
3396 4040 3537 4095 Cen-

283 4137 528 4204 pendere
566 4136 617 4190 in
643 4138 995 4207 ejusdemque
1019 4144 1365 4193 concessisse
1398 4141 1687 4196 ditionem.
1726 4145 1864 4197 Abs—
1969 4144 2194 4199 terionis
2233 4140 2521 4209 principis,
2575 4138 2732 4205 cujus
2762 4136 2905 4190 idem
2934 4144 3121 4204 postea
3156 4149 3327 4203 gener
3354 4131 3533 4186 factus

288 4229 490 4282 tineret
542 4230 770 4298 proinde
814 4248 876 4283 ea
932 4231 1061 4285 urbe
1087 4269 1105 4295 ,
1152 4248 1287 4289 neve
1318 4249 1434 4287 eam
1471 4235 1785 4289 obsideret:
1816 4236 1862 4289 si
1965 4247 2068 4299 est,
2104 4233 2426 4304 oppidulum
2462 4230 2859 4285 Cbalatritzam
2906 4226 3212 4282 obsidebat.
3275 4223 3538 4278 Dominus

286 4321 475 4375 minus
519 4330 712 4375 contra
740 4337 864 4375 eum
915 4324 1215 4377 exercitum
1262 4326 1492 4379 missum
1523 4326 1610 4377 iri.
1649 4326 1743 4377 Cui
1783 4327 1854 4379 ita
1967 4331 2131 4396 igilttr
2165 4341 2321 4380 meus
2354 4339 2477 4379 cum
2542 4321 2711 4375 fratre
2752 4320 2973 4373 Patram
3001 4316 3542 4388 processit.diverti-

286 4413 573 4481 Γθδβοηάίι
602 4414 854 4482 Princeps
888 4430 1078 4468 meus:
1119 4414 1257 4469 «Nos
1320 4417 1691 4479 audieramus,
1726 4419 1863 4471 velle
1969 4436 2200 4483 muSqne
2234 4433 2340 4470 una
2377 4429 2571 4469 omnes
2588 4412 2989 4467 Camenitzam.
3044 4409 3234 4479 Itaque
3263 4408 3537 4463 Johanni-

286 4522 387 4559 eos
445 4509 632 4560 urbem
681 4507 954 4560 Catelanis
1003 4508 1237 4562 tradere.
1294 4507 1428 4562 Nam
1478 4500 1864 4578 parum,'milti
1970 4513 2088 4567 cius
2128 4513 2366 4573 llalotas,
2393 4507 2661 4578 principis
2696 4505 2770 4561 ibi
2820 4513 3164 4573 procurator,
3198 4503 3291 4557 ubi
3324 4505 3424 4557 hoc
3448 4502 3535 4555 di—

284 4612 509 4665 aequum
569 4597 802 4662 videtnr,
861 4599 973 4666 pati
1016 4595 1117 4653 nos
1165 4615 1485 4655 communes
1514 4600 1702 4654 fratris
1735 4605 1862 4668 mei,
1969 4605 2121 4663 dicit.
2154 4603 2426 4673 posutlata
2478 4599 2836 4659 admissione,
2890 4598 3084 4652 ambos
3114 4598 3370 4651 do‘minos
3401 4598 3533 4649 adn-

286 4690 473 4757 tnagui
507 4704 728 4754 amerte,
779 4702 1110 4759 noSIresque
1147 4693 1337 4747 hostes
1362 4695 1469 4748 tale
1500 4705 1739 4749 castrum
1774 4711 1864 4750 oc-
1896 4703 1940 4762 υ
1971 4703 2145 4748 ratum
2176 4694 2346 4757 venit;
2382 4700 2436 4743 et.
2467 4692 2611 4743 illico
2640 4691 2881 4757 prolatas
2908 4689 3091 4757 oppidi
3119 4689 3301 4741 claves
3332 4689 3535 4755 despo-

284 4792 519 4843 cnpare,
545 4777 598 4829 in
635 4778 830 4830 mediis
877 4778 1077 4833 ﬁnibus
1111 4774 1315 4834 nostris
1351 4783 1541 4835 situtn.
1571 4782 1686 4847 Qua
1716 4785 1782 4837 de
1805 4798 1863 4836 re
1972 4796 2061 4847 tae,
2089 4787 2312 4839 domino
2342 4798 2480 4845 meo,
2508 4784 2587 4836 his
2607 4784 2785 4837 verbis
2812 4782 3070 4836 tradidit:
3110 4779 3408 4850 tOppidnnt
3438 4782 3539 4835 hoc

288 4870 399 4922 hoc
447 4868 548 4921 iter
574 4869 938 4938 suscepimus,
962 4880 1035 4935 et,
1061 4886 1119 4925 re
1139 4874 1381 4942 cognita,
1417 4875 1465 4927 id
1501 4875 1779 4943 negotium
1808 4885 1866 4929 ut
1972 4876 2255 4944 proprium
2310 4881 2393 4925 est
2451 4871 2673 4941 domino
2718 4885 2840 4924 meo
2899 4870 3200 4937 majestatis
3260 4878 3364 4922 tua:
3393 4868 3540 4921 affini

286 4960 706 5025 impediremus,
760 4961 1014 5017 dedimus
1048 4978 1291 5032 operam.
1342 4969 1521 5033 Atque
1550 4967 1703 5020 vides
1742 4982 1862 5029 nos,
1971 4968 2190 5036 (etenim
2228 4965 2494 5035 principis
2540 4964 2681 5017 filius
2720 4976 2971 5018 sororem
3010 4960 3319 5015 Themlurae
3363 4962 3538 5030 impe-

285 5048 540 5103 collectis
588 5050 841 5120 sarcinis,
891 5050 1115 5105 domum
1149 5053 1260 5119 jam
1314 5056 1511 5109 redire.
1543 5055 1862 5125 Propediem
1969 5059 2185 5112 ratricis
2239 5057 2495 5126 legitimis
2555 5056 2762 5124 nuptiis
2827 5054 2931 5108 sibi
2994 5054 3402 5122 coniunxerat),
3440 5055 3533 5120 qui

288 5150 478 5192 autem
512 5140 575 5190 ad
616 5141 833 5194 fratrem
862 5157 1067 5206 meum,
1094 5158 1349 5213 magnum
1375 5160 1639 5210 atneram,
1683 5148 1863 5200 mitte-
1969 5148 2247 5202 mandavit
2271 5149 2430 5213 mihi,
2466 5156 2523 5201 ut
2556 5148 2834 5218 majeSIati
2858 5156 2965 5201 tua:
2996 5149 3050 5202 id
3076 5147 3387 5200 dederema
3428 5146 3535 5199 Be-

288 5250 353 5287 re
388 5232 643 5286 constitui
673 5235 816 5286 hunc
848 5234 1118 5289 illustrem
1143 5238 1321 5290 virum
1344 5238 1455 5305 (me
1478 5248 1657 5292 autem
1682 5248 1865 5294 osteu-
1969 5240 2196 5309 spondet
2217 5240 2611 5295 Constantinus
2638 5258 2652 5293 :
2697 5259 2715 5291 t
2744 5240 2817 5294 lta
2845 5256 2903 5294 se
2938 5255 3023 5294 res
3044 5240 3227 5305 habet,
3251 5240 3404 5294 locus
3435 5240 3534 5293 iste

288 5326 478 5391 debat)
511 5326 603 5392 qui
633 5325 709 5378 illi
734 5326 900 5379 etiam
944 5327 1047 5381 alia
1082 5329 1249 5381 multa
1282 5341 1538 5398 exponet,
1565 5332 1630 5384 de
1662 5334 1863 5400 quibus
1969 5331 2145 5385 alIinis
2176 5332 2279 5385 mei
2314 5342 2420 5395 est,
2454 5348 2560 5387 non
2597 5333 2786 5387 fratris
2808 5332 2943 5385 mihi
2976 5332 3336 5398 eognatioris.
3365 5332 3532 5386 Caete-

288 5418 441 5471 inter
497 5430 597 5468 nos
638 5419 720 5487 agi
753 5433 973 5472 necesse
999 5430 1101 5473 est.
1142 5437 1160 5470 3
1197 5418 1397 5487 Turca,
1438 5423 1522 5477 his
1553 5438 1620 5477 au
1646 5424 1777 5488 litis,
1807 5435 1863 5479 et
1968 5441 2087 5481 runt
2113 5426 2156 5478 si
2188 5424 2341 5493 prius
2376 5427 2477 5480 hoc
2502 5426 2743 5491 fecisset,
2796 5426 2965 5479 frater
3000 5441 3156 5479 meus
3194 5426 3352 5488 nihil,
3388 5428 3529 5492 quod

288 5508 619 5562 muneribus
676 5509 809 5563 bene
839 5510 1179 5577 cumulatus,
1215 5512 1338 5566 laeto
1376 5513 1561 5567 animo
1589 5514 1860 5570 discessit.
1966 5532 2067 5587 ego
2124 5525 2388 5580 tenerem,
2446 5526 2636 5571 contra
2684 5532 2772 5570 me
2825 5526 3145 5585 occuparet,
3170 5527 3335 5586 atque
3366 5517 3452 5569 ille
3483 5528 3537 5570 et

290 5600 401 5665 Qui
438 5615 559 5652 rum
610 5599 837 5663 abisset,
887 5601 1283 5658 Constantinus
1320 5605 1484 5673 jussit
1523 5623 1608 5661 me
1644 5624 1859 5675 parare,
1968 5611 2223 5679 princeps
2245 5621 2371 5664 tuus
2396 5610 2749 5663 incommode
2783 5610 2834 5663 id
2867 5611 3143 5664 tenebant.
3180 5609 3333 5663 Nunc
3354 5620 3535 5663 autem

289 5706 418 5760 qua!
449 5690 513 5755 ad
545 5691 646 5743 iter
673 5690 981 5746 faciendum
1004 5698 1311 5750 necessaria
1344 5709 1545 5752 essent.
1578 5698 1709 5769 Ego,
1733 5700 1863 5768 quid
1969 5706 2013 5757 si
2042 5703 2299 5771 oppidum
2332 5703 2564 5772 accipio,
2585 5702 2724 5756 inter
2748 5718 2830 5756 tne
2858 5703 3190 5774 lratremque
3220 5718 3397 5755 tnetttn
3425 5703 3539 5757 dis-

291 5781 374 5834 τθί
408 5790 554 5833 esset
616 5781 859 5848 ίίέιικτυθο
922 5786 1198 5854 respondi.
1232 5786 1309 5840 ίιᾶ
1354 5787 1495 5849 fore.
1523 5790 1568 5841 Si
1612 5792 1719 5843 1)θο
1751 5792 1864 5857 pla-
1970 5796 2171 5849 sidium
2202 5794 2406 5848 exoriri
2428 5810 2653 5848 necesse
2685 5806 2790 5858 est,
2820 5797 2967 5863 quod
2993 5812 3059 5849 ne
3084 5811 3292 5864 magna:
3314 5796 3536 5860 quidem

290 5874 525 5935 cuisSet,
590 5884 646 5925 ut
696 5890 799 5927 non
855 5878 1065 5930 veniret
1106 5881 1475 5947 tnetropolita.
1527 5896 1588 5933 ac
1619 5892 1859 5935 castrum
1968 5901 2046 5939 ret
2081 5900 2271 5947 causa,
2299 5887 2498 5939 nedum
2550 5886 2774 5938 tantilla:
2810 5887 2925 5940 fieri
2949 5897 3185 5955 Oportet.
3219 5885 3323 5939 Sed
3354 5896 3412 5939 tu
3442 5887 3531 5938 abi

289 5964 455 6019 nobis
476 5966 735 6021 traditum
769 5978 936 6025 esset.
965 5980 1015 6024 ct
1053 5980 1343 6043 postquam
1371 5974 1487 6043 ipse
1519 5975 1854 6047 altquantutn
1977 5978 2033 6029 in
2060 5976 2247 6031 urbem
2276 5987 2348 6036 ct.
2379 5977 2522 6045 quod
2558 5975 3049 6045 potes.cllice.3llis
3074 5976 3298 6041 auditis,
3323 5974 3531 6042 petivit,
