4134 6452
723 447 833 505 739

1916 444 2167 503 GEORG
2188 445 2239 502 il
2283 447 2581 505 ΡΙΙΒΛΝἹ
2602 447 2708 506 ΖΕ

3859 439 3959 500 760

723 555 799 623 τῷ
825 551 988 605 αὐτοῦ
1040 549 1362 619 πτολιέθρῳ.
1406 548 1767 617 Προσταχθεὶς
1833 549 1989 619 149
2039 551 2132 603 οῦν
2181 553 2287 617 ἐγὼ
2318 554 2680 611 Αλάὸωσιτδ
2744 553 3081 621 πτολίεθρον,
3141 554 3278 621 ὅπερ
3325 554 3420 605 καὶ
3472 553 3736 622 πρότερον
3788 546 3956 616 εἶχον,

719 643 1030 696 συνώδευσα
1062 641 1210 708 αὐτῷ
1259 640 1395 708 μετά
1459 640 1824 706 στρατιωτῶν.
1860 643 1967 691 Καὶ
2011 643 2138 709 περὶ
2189 646 2288 707 τὴν

717 737 834 788 ὁδὸν
866 735 1106 802 εὑρεθεὶς
1150 733 1344 785 Ῥαούλ
1382 735 1410 784 ὁ
1450 733 1671 799 Θωμᾶς,
1727 734 1822 786 καὶ
1868 736 2098 801 νομίσας
2134 735 2289 787 εὐκο-

716 827 808 878 λον
835 823 974 878 εἶναι
1032 827 1119 876 ἵνα
1143 827 1249 893 ἄρῃ
1285 825 1446 876 αὐτὸν
1481 826 1576 876 ἀπ’
1609 825 1766 893 ἐμοῦ,
1800 826 1892 878 καὶ
1927 828 2006 886 είς
2045 828 2288 878 κίνδυνον

719 915 848 986 ἦλθε
888 917 978 968 τοῦ
1012 921 1204 984 φυέναι
1235 916 1337 968 ἀνὰ
1383 916 1488 968 τῶν
1529 899 1775 985 ἀδελφῶν
1821 934 1870 970 τι
1909 917 2150 985 μάχιμον
2195 919 2289 969 καὶ

718 1005 993 1075 λυπηρόν·
1034 1006 1182 1073 ὅμως
1218 1000 1310 1057 οῦν
1342 1004 1477 1056 Θεοῦ
1531 1004 1879 1066 εὐδοκοῦντος
1925 1007 2134 1056 ἐκεῖνον
2189 1004 2288 1074 μὲν

721 1098 858 1148 σῶον
895 1097 1314 1161 ἀπεκατέστησα
1364 1095 1570 1156 οἴκαδε,
1633 1091 1789 1159 κάγὼ
1841 1095 2174 1161 ἐπιστρέψας
2197 1093 2287 1144 εῦ-

719 1205 813 1254 ρον
843 1188 934 1236 τὸν
962 1187 1228 1253 αὐθέντην
1286 1203 1386 1253 μου
1419 1187 1476 1237 ἐν
1523 1184 1598 1252 τῷ
1655 1183 1747 1236 τοῦ
1806 1184 1962 1250 ἁγίου
2037 1183 2286 1252 Ἀνδρέου

717 1278 812 1329 τοῦ
840 1278 1229 1346 πρωτοκλήτου
1265 1277 1377 1344 ναῷ
1408 1278 1501 1327 καὶ
1519 1276 1676 1343 τάφῳ
1721 1274 2077 1327 ἀποσωθέντα
2129 1277 2194 1344 τῇ
2245 1275 2287 1326 δ’

737 1369 959 1420 Ἰουνίου
1016 1371 1279 1437 ἑσπέρας.
1313 1369 1391 1438 Τῇ
1435 1365 1475 1419 ε’
1529 1367 1677 1436 πρωῒ
1726 1368 1818 1419 τοῦ
1877 1367 2063 1430 αὐτοῦ,
2106 1367 2292 1436 ἡμέρᾳ

719 1456 912 1525 πρώτῃ
949 1457 1048 1523 τῆς
1121 1457 1436 1525 ἐδδυμάδος,
1489 1456 1800 1522 ἐξελθόντες
1855 1457 2055 1517 πάντες
2091 1457 2138 1506 oi
2197 1455 2288 1506 τοῦ

717 1547 959 1614 κάστρου
988 1546 1233 1615 ἐγκριτοι
1282 1547 1417 1616 μετά
1456 1547 1657 1607 παντὸς
1707 1547 1800 1598 τοῦ
1853 1546 2005 1610 λαοῦ,
2057 1546 2149 1596 καὶ
2204 1545 2289 1596 ἐλ-

719 1639 900 1700 θῦντες
962 1640 1128 1707 μέχρι
1187 1639 1284 1690 καὶ
1328 1637 1421 1690 τοῦ
1479 1638 1740 1707 ῥηθέντος
1791 1636 1918 1690 ναοῦ
1987 1636 2079 1688 τοῦ
2134 1635 2288 1702 ἁγίου

729 1729 1004 1798 Ἀνδρέου,
1038 1730 1129 1781 τὸν
1157 1729 1424 1796 δεσπότην
1485 1729 1576 1781 καὶ
1621 1727 1890 1796 αὐθέντην
1937 1743 2038 1794 μου
2096 1743 2292 1792 προσε-

719 1821 962 1887 κύνησαν
1009 1818 1097 1869 καὶ
1154 1819 1253 1878 τὰς
1309 1817 1458 1878 κλεῖς
1511 1815 1599 1867 τοῦ
1669 1818 1906 1884 κάστρου
1970 1815 2291 1881 παρέδωκαν

720 1913 887 1978 αὐτῷ.
915 1912 1026 1962 Καὶ
1073 1911 1243 1970 οὕτως
1276 1910 1601 1976 κινήσαντες
1639 1907 1781 1975 μετά
1820 1907 2085 1974 πλείστης
2115 1907 2290 1978 χαρᾶς

722 2002 1012 2071 ἀμφότερα
1042 2001 1110 2053 τὰ
1136 2001 1300 2070 μέρη,
1323 2000 1466 2066 λέγω
1491 1998 1585 2051 τοῦ
1609 1999 1866 2051 αὐθέντου
1903 2015 2006 2067 μου
2059 1998 2152 2050 καὶ
2195 1997 2289 2049 τοῦ

726 2094 1075 2162 πτολιέθρου.
1113 2093 1258 2153 τινὲς
1311 2091 1654 2159 ἐφιπποικαί
1683 2107 1826 2152 τινες
1860 2091 2037 2155 πεζοὶ,
2061 2091 2290 2151 ἕκαστος

729 2187 864 2236 κατά
894 2186 990 2252 τὴν
1038 2183 1234 2237 ἑαυτοῦ
1291 2184 1654 2252 πηλικότητα,
1709 2185 1803 2236 καὶ
1828 2183 2161 2245 εἰσελθόντες
2211 2183 2289 2244 εις

721 2279 780 2326 τὸ
812 2279 1046 2344 κάστρον
1079 2277 1241 2344 μέχρι
1279 2277 1370 2328 καὶ
1415 2276 1526 2327 τῶν
1571 2275 1710 2329 κατὰ
1737 2276 1826 2329 τδν
1857 2275 1984 2327 ναὸν
2005 2275 2100 2329 τοῦ
2134 2276 2287 2342 ἁγίου

725 2367 993 2420 Νικολάου
1024 2366 1314 2433 δωματίων
1341 2366 1784 2435 ἀπήλθομεν,τῆς
1818 2366 1916 2434 μὲν
1948 2366 2068 2419 ὁδοῦ
2111 2368 2290 2434 πάσης

727 2461 1183 2528 κατεστρωμέκοης
1230 2458 1393 2528 οὐσης
1436 2437 1654 2512 πάντων
1708 2459 1935 2522 ἀνθέων,
1985 2459 2078 2509 καὶ
2132 2459 2288 2508 εὐκο-

725 2553 890 2618 σμίας
909 2554 969 2603 ἐκ
984 2550 1176 2616 δεξιῶν
1201 2568 1258 2603 τε
1286 2552 1378 2603 καὶ
1396 2551 1454 2616 ἐξ
1472 2549 1787 2618 εὐωνύμων,
1806 2551 1868 2601 ἐκ
1892 2548 2072 2617 δόμων
2099 2548 2291 2599 πάντο-

721 2644 814 2694 θεν
834 2644 1171 2712 ραινομένων
1193 2643 1662 2713 ροδοσταμμάτων
1695 2642 1787 2694 καὶ
1808 2641 1978 2709 ῥόδων
2019 2641 2113 2692 καί⁵
2132 2657 2292 2708 cpta-

723 2733 1128 2800 κονταφύλλων.
1184 2733 1316 2784 Ἀπὸ
1367 2733 1410 2783 δ’
1453 2733 1659 2785 ἀνωθεν
1720 2731 1813 2782 τοῦ
1865 2732 2125 2799 φρουρίου
2174 2732 2291 2799 ητοι

721 2825 816 2876 τοῦ
847 2827 1057 2894 πύργου
1093 2824 1184 2876 διὰ
1206 2825 1418 2877 σκευῶν
1443 2825 1540 2878 καὶ
1568 2822 1860 2891 τζαγγρῶν
1909 2823 2066 2892 150
2105 2823 2292 2884 κακῶς

722 2915 1022 2978 ἐδεξιοῦντο
1047 2916 1213 2982 ἡμᾶς,
1251 2915 1365 2967 ἀλλ’
1416 2915 1570 2968 οὐδὲν
1603 2915 1844 2984 ἔϐλαψαν
1879 2932 1892 2944 ·
1924 2918 1973 2967 οἱ
2031 2917 2140 2984 γὰρ
2196 2917 2290 2966 τοῦ

729 3008 1131 3075 μητροπολίτου
1150 3009 1524 3077 κρατήσαντες
1546 3008 1914 3077 τὺλρρούριον,
1958 3009 2038 3059 ἐτι
2098 3009 2152 3059 δὲ
2201 3009 2292 3058 καὶ

724 3100 1110 3152 τααύθεντικᾶ
1158 3100 1394 3153 παλάτια
1425 3101 1492 3154 τὰ
1536 3100 1762 3168 πλησίον
1806 3101 1971 3154 αὐτοῦ
2015 3102 2290 3170 οἰκήματα

2407 648 2590 714 Ἠμῶν
2619 647 2672 698 δὲ
2707 648 2798 698 ἐπὶ
2827 647 2925 714 τὴν
2963 647 3153 713 αὐριον
3195 646 3570 714 συναχθέντων
3628 645 3685 693 ἐν
3731 643 3812 708 τῷ
3870 642 3959 691 τοῦ

2393 736 2544 800 ἁγίου
2581 734 2849 788 Νικολάου
2874 736 3005 803 ναῷ,
3063 736 3159 788 καὶ
3201 735 3404 795 παντὸς
3436 733 3531 786 τοῦ
3565 733 3676 786 τῶν
3723 731 3960 782 πολιτῶν

2389 825 2582 893 δήμου,
2612 825 2834 893 ὤμοσαν
2865 825 3003 893 μετὰ
3057 826 3235 894 ὅρκων
3286 826 3353 877 ἶν’
3382 819 3487 877 ὧσι
3536 825 3723 876 πιστοὶ
3783 823 3962 875 δοῦλοι

2390 917 2483 967 καὶ
2518 917 2872 967 ὐποτακτικοδ.
2907 915 3000 967 τοῦ
3037 916 3297 968 αὐθέντου
3329 916 3484 983 ἡμῶν
3522 915 3614 967 τοῦ
3651 913 3920 966 δεσπότου
3946 931 3959 943 ·

2391 997 2513 1056 εἶτα
2578 1001 2850 1071 ἐζήτησαν
2903 1005 3045 1069 κάμὲ
3111 1003 3205 1055 τοῦ
3264 1003 3472 1071 κρίνειν
3527 1004 3584 1054 ἐν
3635 1002 3824 1061 αὐτοῖς
3875 1002 3963 1050 καὶ

2394 1093 2612 1146 ἰθύνειν.
2676 1094 2733 1145 '0
2786 1094 2842 1146 δὲ
2893 1095 3158 1162 αὐθέντης
3204 1111 3306 1162 μου
3354 1094 3688 1159 ἀπεκρίνατο
3754 1092 3958 1157 λέγων’

2400 1200 2417 1232 ι
2454 1184 2561 1235 Καὶ
2595 1184 2798 1253 μᾶλλον
2827 1183 2986 1236 τοῦτο
3020 1184 3170 1252 αὐτῷ
3198 1184 3513 1250 ὀφείλομεν,
3545 1184 3640 1236 καὶ
3671 1184 3839 1252 χάριν
3872 1183 3962 1247 τῆς

2392 1274 2547 1340 ὑμῶν
2579 1276 2850 1343 αἰτήσεως
2899 1275 3087 1327 ἔσεται
3120 1275 3282 1336 αὐτὸς
3315 1277 3394 1336 είς
3447 1273 3692 1341 κεφαλὴν
3756 1273 3909 1337 ὑμῖν.
3943 1289 3958 1318 ι

2392 1370 2472 1440 Τῇ
2494 1369 2546 1420 δέ
2579 1369 2738 1438 ὀγδόῃ
2766 1371 2862 1421 τοῦ
2890 1368 3060 1421 αὐτοῦ
3117 1368 3340 1421 Ἰουνίου
3377 1369 3543 1436 μηνὸς
3607 1365 3962 1434 διερχομένου

2395 1477 2496 1528 μου
2528 1463 2608 1522 είς
2635 1461 2987 1524 Ναύπακτον,
3021 1461 3108 1512 ἵνα
3153 1459 3291 1528 πρὸς
3320 1457 3412 1509 τδν
3463 1455 3689 1524 βασιλέα
3750 1454 3966 1522 πρῶτον

2393 1552 2614 1605 ἀπέλθω
2657 1553 2923 1605 ἀκουστὸν
2977 1552 3201 1618 ποιῆσαι
3246 1549 3395 1618 αὐτῷ
3442 1550 3509 1602 τὰ.
3550 1551 3611 1600 ἐν
3656 1551 3724 1617 τῇ
3783 1549 3967 1615 Harp;

2394 1639 3102 1713 παρακολουθήσαντα,εῐτ⁹
3153 1642 3252 1694 ἀπ’
3293 1642 3474 1692 ἐκεῖσε
3532 1639 3652 1707 μετ’
3705 1639 3968 1707 ἄρχοντος

2393 1732 2556 1785 αὐτοῦ
2589 1733 2725 1799 πρὸς
2755 1733 2847 1784 τὸν
2912 1733 3158 1800 ἀμηρᾶν,
3205 1731 3344 1782 κατά
3389 1731 3490 1799 τὴν
3547 1730 3828 1797 τετάρτην
3881 1729 3969 1780 τοῦ

2394 1824 2560 1878 αὐτοῦ
2603 1821 2770 1894 μηνὸς
2802 1822 3107 1890 φθάσαντες
3137 1820 3435 1889 ἐπείναμεν
3493 1821 3552 1871 ἐν
3577 1819 3656 1886 τῷ
3683 1818 3782 1870 τοῦ
3815 1820 3969 1884 ἁγίου

2407 1916 2658 1984 Ἀνδρέου
2689 1914 2823 1983 ναῷ.
2872 1915 3003 1965 Ἰδοὺ
3043 1914 3140 1965 καὶ
3195 1913 3288 1963 δύο
3331 1910 3568 1978 Τοῦρκοι
3625 1911 3970 1977 διερχόμενοι

2392 2011 2492 2076 τὴν
2524 2007 2875 2071 Ναύπακτον,
2907 2009 2935 2058 δ
2971 2007 3068 2074 μὲν
3099 2005 3193 2058 τοῦ
3221 2006 3434 2074 ἀμηρᾶ,
3475 2007 3504 2056 ὀ
3535 2003 3590 2055 δέ
3628 2002 3725 2054 τοῦ
3758 2004 3968 2071 Τουρα-

2393 2103 2551 2169 χάνη,
2579 2101 3082 2170 προσαγγέλλοντες
3114 2101 3169 2150 ἐν
3206 2100 3591 2168 προστάγματι
3631 2098 3720 2148 ἵνα
3758 2100 3837 2164 μὴ
3874 2101 3968 2165 τὴν

2395 2194 2613 2258 Πάτραν
2635 2192 3060 2261 παραλάϐωμεν.
3091 2192 3302 2252 Οἴτινες
3341 2191 3398 2242 δέ
3426 2190 3586 2242 πάλιν
3617 2190 3970 2256 ὑπέστρεψαν

2397 2283 2516 2350 μετ’
2544 2283 2677 2351 ἐμοῦ
2709 2283 3010 2347 ἀπολογίαν
3037 2281 3292 2342 λαϐόντες
3343 2281 3576 2344 τοιάνδε,
3623 2282 3705 2331 ὅτι
3765 2281 3890 2331 ἐπεὶ
3946 2281 3973 2328 δ

2394 2373 2584 2441 παρὼν
2620 2373 2776 2441 ἡμῶν
2803 2372 2986 2442 ἄρχων
3037 2372 3344 2439 ἀπέρχεται
3395 2369 3532 2436 πρὸς
3586 2368 3680 2418 τὸν
3741 2367 3974 2432 ἀδελφόν

2396 2481 2498 2531 μου
2531 2466 2621 2516 τὸν
2649 2465 2821 2533 μέγαν
2849 2466 3070 2533 άμηρᾶν
3093 2463 3378 2533 (δεικνύων
3408 2462 3509 2528 ἐμὲ
3553 2462 3658 2529 ἔφη
3691 2462 3888 2521 αὐτοῖς
3948 2463 3974 2510 ὁ

2398 2557 2549 2626 151
2583 2557 2847 2624 δεσπότης
2878 2557 2906 2607 ὁ
2961 2555 3232 2619 αὐθέντης
3294 2553 3446 2622 μου),
3498 2553 3595 2604 καὶ
3639 2553 3718 2612 ὡς
3765 2555 3972 2611 ἐκεῖνος

2393 2650 2713 2720 προστάξει,
2747 2648 2921 2710 οὕτως
2955 2649 3048 2700 καὶ
3077 2648 3403 2715 ποιήσομεν.
3464 2644 3972 2711 Ἀναχωρησάντων

2393 2737 2486 2793 οἷν
2516 2741 2671 2808 ἡμῶν
2703 2743 2759 2792 ἐν
2807 2741 3124 2807 Ναυπάκτῳ
3167 2741 3486 2806 ἐμείναμεν.
3545 2736 3698 2804 11ρωῖ
3751 2737 3972 2794 σκοτίας

2392 2833 2473 2884 ἐτι
2503 2831 2666 2896 οὔσης
2705 2833 2813 2883 ἰδοὺ
2847 2833 3036 2882 ἐκεῖσε
3061 2831 3154 2881 καὶ
3204 2831 3230 2880 ὁ
3284 2829 3530 2880 παλαιῶν
3583 2827 3825 2894 Πατρῶν
3870 2843 3972 2894 μη-

2393 2926 2727 2994 τροπολίτης
2755 2924 2996 2992 τοῦνομα
3027 2922 3368 2988 Πανδοῦλφος
3427 2919 3796 2979 Μαλατέστας
3835 2918 3974 2985 μετά

2394 3019 2660 3087 τριήρεως
2716 3016 3097 3083 Καταλανικῆς
3156 3013 3399 3082 ἔφθασεο
3459 3011 3820 3080 διερχόμενος
3864 3009 3972 3076 γὰρ

2395 3109 2609 3178 περὶτὰ
2641 3107 2905 3176 νησύδρια
2940 3103 3008 3157 τά
3066 3105 3228 3170 μέσον
3287 3106 3386 3167 τῆς
3442 3101 3585 3164 ὁδοῦ,
3633 3099 3710 3162 ὡς
3767 3098 3973 3166 ἔμαθεν

723 3196 1152 3262 σιταρχήσαντες
1185 3193 1279 3245 καὶ
1299 3190 1705 3262 ἀφιερώσαντες
1735 3195 2016 3262 κατέσχον.
2041 3194 2285 3256 ἐλπίζον·
2317 3212 2358 3268 C
2394 3201 2472 3252 ὅτι
2507 3200 2659 3268 ἐδόθη
2717 3199 2776 3251 τὸ
2831 3198 3150 3267 πτολίεθρον
3199 3196 3278 3264 τῷ
3327 3195 3587 3263 δεσπότῃ,
3646 3192 3742 3244 τὸν
3801 3190 3972 3243 πλοῦν

721 3301 814 3346 τες
840 3286 920 3338 ὅτι
950 3286 1195 3347 ἐλθόντος
1226 3285 1321 3340 τοῦ
1357 3285 1754 3355 μητροπολίτου
1780 3285 1866 3341 διὰ
1901 3287 2090 3338 τούτου
2129 3285 2292 3339 πάλιν

724 3474 918 3519 uttute
953 3465 1142 3518 urbem
1182 3464 1429 3518 intraret.
1461 3464 1645 3534 itaque
1675 3464 1863 3534 jussus
1896 3480 1996 3534 ego
2020 3479 2126 3518 una
2172 3479 2294 3532 per-

725 3560 842 3610 rexi
865 3572 985 3611 cum
1013 3572 1175 3610 manu
1204 3556 1461 3612 militum.
1486 3556 1544 3609 lu
1566 3556 1760 3610 itinere
1787 3558 1838 3608 in
1871 3557 2133 3609 Thomam
2153 3555 2295 3608 liau-

724 3648 832 3700 lum
853 3649 1171 3703 incidimus:
1199 3650 1290 3718 qui
1316 3662 1438 3702 cum
1459 3647 1615 3702 facile
1642 3664 1698 3702 se
1724 3664 1881 3715 pOSse
1904 3647 2289 3701 Johannicium

725 3758 753 3792 τι
791 3759 876 3794 me
907 3743 1213 3794 distrahere
1262 3742 1646 3804 arbitraretur,
1699 3740 2002 3800 perieulum
2048 3749 2187 3799 erat,
2227 3753 2293 3790 ne

723 3835 864 3887 inter
903 3833 1098 3888 fratres
1133 3849 1322 3904 pugnae
1349 3843 1404 3887 et
1451 3833 1592 3888 mala
1620 3833 2010 3887 excitarentur.
2065 3832 2168 3887 Sed
2214 3835 2290 3885 la-

724 3935 883 3978 vente
903 3922 1036 3986 Deo,
1060 3925 1211 3978 illum
1229 3925 1438 3978 salvum
1466 3926 1686 3978 domum
1723 3927 1960 3990 restitui,
1990 3937 2152 3994 atque
2180 3927 2293 3992 ipse

723 4031 997 4081 reversus,
1029 4018 1080 4069 in
1111 4019 1310 4086 templo
1333 4027 1384 4070 et
1409 4018 1660 4086 sepulcro
1691 4017 1863 4071 sancti
1904 4018 2157 4076 Andrew.
2187 4019 2278 4083 qui

726 4109 938 4176 primus
956 4108 1022 4162 ad
1063 4110 1432 4177 apostolatum
1465 4118 1702 4163 vocatus
1725 4118 1829 4168 est,
1862 4109 2287 4162 Constantinum

724 4201 931 4262 iuveni,
966 4210 1164 4269 quarto
1192 4201 1278 4254 die
1305 4199 1477 4261 Junii,
1514 4203 1579 4252 ad
1611 4216 1916 4268 vesperam.
1948 4201 2040 4253 Die
2070 4201 2288 4269 quinto,

724 4291 818 4359 qui
849 4301 970 4345 erat
1030 4291 1240 4360 primus
1278 4291 1660 4355 hebdomadis,
1696 4307 1855 4344 mane
1887 4307 2079 4346 omnes
2105 4292 2288 4360 oppidi

727 4384 1000 4440 primores
1036 4394 1089 4436 et
1119 4383 1270 4452 plebs
1316 4384 1576 4438 universa
1621 4384 1684 4435 ad
1742 4384 2029 4452 templum,
2077 4385 2143 4438 de
2183 4400 2292 4452 quo

723 4473 930 4526 dictum
960 4482 1065 4538 est,
1089 4474 1385 4542 progressi.
1408 4473 1688 4541 despOIam
1715 4514 1730 4539 ,
1766 4473 2050 4526 dominum
2088 4488 2290 4534 meum,

2397 3295 2695 3361 ἐποιήσατο
2723 3291 2809 3344 διὰ
2831 3289 2926 3342 τοῦ
2955 3292 3131 3342 ἐκεῖσε
3195 3289 3400 3342 κόλπου
3452 3285 3602 3355 παρὰ
3651 3285 3754 3354 τὴν
3801 3284 3977 3335 Αιτω-

2396 3480 2704 3532 tenuerant.
2765 3470 3090 3538 reciperent.
3146 3466 3369 3523 Postera
3429 3467 3551 3521 luce
3599 3474 3716 3519 tota
3746 3467 3971 3528 civitas.

2397 3563 2677 3618 uobiscum
2711 3561 2763 3614 in
2794 3560 2908 3614 aede
2935 3559 3109 3613 sancti
3160 3557 3369 3612 Nieolai
3399 3567 3759 3626 congregata,
3789 3574 3978 3613 sacra-

2396 3654 2593 3708 mentis
2630 3651 2788 3705 lidem
2823 3661 2875 3704 et
2902 3651 3273 3704 obedientiam
3309 3649 3520 3702 addixit
3550 3648 3804 3717 despone
3828 3689 3844 3712 ,
3871 3651 3972 3704 do-

2396 3747 2545 3798 mino
2580 3755 2787 3798 nostro.
2819 3743 3023 3796 Deinde
3048 3757 3174 3795 eum
3214 3757 3300 3796 me
3329 3741 3652 3810 praelectum
3683 3751 3741 3795 et
3773 3744 3979 3812 guber-

2397 3835 2768 3888 natorem-sibi
2806 3842 3152 3901 exoptarent,
3177 3831 3737 3901 responditdominns
3773 3848 3973 3886 meus:

2401 3927 2496 3978 «Et
2533 3925 2632 3992 ipsi
2670 3923 2962 3976 admodum
3005 3925 3105 3976 hoc
3145 3924 3338 3985 debeo,
3381 3932 3434 3975 et
3465 3923 3787 3989 petentihus
3819 3926 3978 3978 vobis

2395 4014 2695 4076 satisfacio,
2725 4024 2781 4067 ut
2820 4015 2971 4067 vobis
3026 4014 3266 4080 praesit.»
3294 4013 3430 4067 Cum
3465 4024 3661 4067 octavo
3687 4015 3971 4084 die'ejus—

2395 4107 2518 4160 dem
2574 4106 2774 4158 mensis
2837 4103 2983 4156 Junii
3018 4102 3356 4171 Naupactum
3395 4104 3814 4166 discessissem,
3858 4106 3972 4172 pri-

2397 4212 2542 4250 mum
2621 4193 2935 4263 imperatori
2993 4195 3238 4246 nuntium
3271 4194 3540 4246 allaturos
3587 4195 3655 4247 de
3687 4196 3866 4248 rebus
3904 4197 3974 4248 ad

2395 4284 2608 4337 Patram
2641 4282 2964 4342 transactis,
3018 4283 3217 4335 deinde
3273 4298 3395 4334 cum
3436 4298 3545 4336 uno
3571 4298 3603 4337 ο
3643 4288 3977 4353 proceribus

2395 4378 2510 4441 ejus
2547 4375 2886 4444 profecturus
2918 4377 2983 4427 ad
3017 4388 3282 4436 ameram,
3311 4375 3396 4427 die
3425 4386 3625 4444 quarto
3655 4378 3784 4445 ejus
3819 4396 3975 4432 men-

2397 4473 2474 4525 sis
2517 4473 2568 4523 iu
2630 4470 2833 4536 templo
2893 4469 3068 4522 sancti
3109 4470 3338 4522 Δηὼ-οε
3361 4474 3694 4525 commorati
3757 4488 3979 4527 sumus.

723 4566 1094 4625 venerabundi
1143 4567 1450 4622 salutarunt
1504 4566 1958 4634 tradideruutque
2014 4569 2064 4619 ei
2109 4565 2290 4632 oppidi
2329 4544 2369 4596 θ
2399 4563 2747 4615 Advenerunt
2778 4571 2892 4612 tum
2924 4559 3266 4627 Naupactum
3295 4558 3434 4613 forte
3461 4561 3572 4614 duo
3610 4562 3842 4626 Terea,
3879 4581 3976 4616 ve-

721 4661 923 4712 claves.
957 4658 1245 4727 ltallatitia
1280 4659 1514 4713 maxima
1542 4674 1668 4727 pars
1699 4667 1952 4725 utraque,
1985 4667 2039 4711 et
2071 4655 2280 4709 domini

725 4749 852 4810 mei.
882 4758 937 4802 et
961 4748 1168 4817 oppidi,
1203 4749 1293 4802 alii
1324 4759 1628 4818 equestres,
1667 4749 1759 4802 alii
1810 4749 2040 4816 pedites,
2072 4765 2167 4816 pro
2193 4765 2285 4800 sna

724 4844 961 4910 quisque
997 4841 1334 4906 conditione,
1361 4841 1704 4901 incedebant,
1743 4849 1906 4908 atque
1932 4847 2173 4892 Castrum
2211 4840 2289 4890 in~

721 4935 897 5003 gressi
951 4950 1125 5002 usque
1176 4935 1244 4990 ad
1303 4933 1563 4989 aediculas
1589 4934 1745 5002 juxta
1786 4933 2042 5002 templum
2111 4934 2286 4985 sancti

733 5023 928 5077 \'icolai
966 5025 1101 5077 sitas
1165 5025 1558 5092 processimus,
1605 5034 1713 5078 tota
1741 5024 1823 5075 via
1853 5032 2129 5076 constrata
2168 5040 2290 5077 om-

735 5116 806 5168 iis
823 5115 1037 5184 generis
1059 5113 1285 5173 ﬂoribus
1305 5123 1356 5168 et
1379 5116 1444 5168 ad
1476 5115 1720 5170 dextram
1743 5116 2041 5184 laevamque
2072 5127 2287 5174 ornata.

729 5221 850 5261 :um
883 5222 913 5259 e
972 5206 1225 5260 domibus
1256 5206 1478 5274 insuper
1531 5207 1772 5275 undique
1805 5223 1945 5274 aqua
1987 5223 2204 5261 rosacea
2241 5216 2293 5260 et

755 5314 865 5351 oste
910 5307 964 5350 et
1017 5296 1299 5351 odorifera
1345 5297 1472 5351 folia
1509 5308 1918 5368 spargerentur.
1970 5297 2042 5350 De
2073 5313 2292 5350 summo

732 5401 912 5446 autem
937 5390 1164 5444 castello
1191 5404 1307 5444 suve
1352 5404 1479 5443 arce
1515 5389 1640 5444 teiis
1673 5390 2023 5458 arcubusqne
2053 5390 2289 5442 baleari-

734 5483 834 5536 hus
867 5481 1006 5535 male
1057 5495 1156 5534 nos
1195 5480 1561 5549 excipiebant,
1620 5497 1720 5534 nec
1760 5480 2029 5534 laedebant
2085 5489 2286 5533 tamen.

725 5572 858 5626 Nam
889 5573 1030 5640 quia
1059 5573 1398 5641 metropolita
1439 5573 1676 5635 stabant,
1727 5573 2010 5626 castellum
2052 5588 2291 5640 occupa-

727 5677 870 5726 rant,
913 5678 966 5719 et
992 5678 1251 5736 praeterea
1276 5667 1474 5736 palatia
1513 5669 1781 5736 principis
1817 5667 1868 5720 in
1910 5669 2054 5721 illius
2088 5670 2286 5721 vicinia

723 5759 1012 5822 a‘dilicala,
1042 5773 1136 5825 spe
1165 5758 1338 5823 ducti,
1377 5758 1495 5811 fore
1531 5772 1609 5822 ut,
1666 5776 1787 5813 eum
1821 5760 2055 5813 redisset
2078 5769 2287 5812 metro—

728 5849 921 5925 polita,
943 5848 1102 5918 hujus
1124 5849 1448 5905 auctoritate
1471 5851 1750 5918 oppidum,
1781 5849 1926 5919 quod
1950 5850 2117 5905 etiam
2139 5849 2290 5918 prius

2397 4661 2574 4705 tantes
2607 4668 2749 4704 unus
2797 4665 3018 4713 autem.
3054 4652 3195 4703 alter
3238 4649 3581 4706 Turachanis
3618 4657 3875 4714 nomine.
3911 4674 3977 4709 ne

2399 4744 2612 4796 Patrum
2659 4744 2710 4795 in
2745 4743 3011 4794 ditionem
3051 4752 3295 4794 nostram
3333 4745 3733 4812 acciperemus.
3771 4748 3834 4800 lli
3870 4767 3982 4800 me-

2397 4852 2518 4889 eum
2552 4835 2778 4898 reversi,
2803 4835 2907 4885 tale
2931 4849 2958 4885 a
2987 4832 3353 4888 Constantino
3380 4851 3708 4900 responsum
3741 4843 3940 4893 lerunt
3965 4861 3977 4893 :

2403 4948 2418 4979 ι
2460 4927 2725 4993 Quoniam
2794 4941 3036 4994 praesens
3090 4925 3176 4979 hic
3223 4927 3307 4979 vir
3341 4927 3407 4979 ad
3469 4926 3695 4981 fratrem
3763 4948 3975 4991 meum,

2398 5037 2649 5088 magnum
2674 5034 2936 5081 ameram,
2968 5019 3343 5098 proﬁciscitur
3379 5019 3490 5089 (me
3523 5030 3705 5074 autem
3745 5024 3833 5078 his
3857 5041 3975 5076 ver-

2400 5114 2482 5165 his
2507 5111 2897 5180 signiﬁcabat),
2943 5119 3000 5161 ut
3028 5109 3121 5163 ille
3150 5111 3455 5163 decreverit
3477 5153 3490 5171 ,
3527 5113 3598 5162 ita
3635 5111 3971 5169 faciemus.»

2398 5203 2489 5256 Sic
2526 5203 2690 5271 igitur
2723 5203 3074 5261 recessimus.
3148 5202 3611 5269 eonstitimnsque
3672 5202 3975 5272 Naupacu.

2398 5295 2704 5360 Antequam
2766 5307 2930 5360 porro
2994 5292 3288 5354 diluxerat,
3343 5308 3471 5346 ecce
3511 5295 3679 5346 etiam
3711 5309 3974 5350 veterum

2401 5387 2688 5439 Patrarum
2723 5384 3090 5451 metroiiolita,
3119 5383 3470 5450 Pandulphus
3492 5385 3806 5449 Malatesta,
3845 5389 3978 5441 illuc

2402 5479 2664 5534 advectus
2720 5489 2804 5531 est
2840 5478 3044 5530 triremi
3074 5477 3382 5530 Catelaniea
3408 5517 3420 5528 .
3458 5478 3661 5532 Obiem
3696 5483 3851 5533 enim
3892 5484 3980 5534 in-

2403 5571 2573 5632 sulas,
2604 5582 2753 5622 trans
2785 5583 2923 5636 quas
2953 5568 3034 5619 via
3061 5569 3287 5629 ferebat,
3320 5583 3442 5621 cum
3476 5571 3742 5638 oppidum
3773 5572 3979 5640 despo-

2404 5673 2468 5715 t:e
2501 5661 2757 5714 traditum
2786 5674 2906 5713 esse
2937 5660 3204 5720 audisset,
3225 5675 3447 5712 cursum
3477 5677 3573 5728 per
3593 5664 3778 5715 sinum
3815 5664 3974 5717 illum

2405 5754 2650 5822 proxime
2701 5761 2898 5804 terram
2936 5751 3218 5804 i-Etolicam
3259 5753 3424 5810 ﬂexit.
3481 5753 3968 5823 Naupactumqne.

2407 5848 2596 5901 urbem
2623 5844 2858 5908 Etolia',
2897 5853 2954 5895 ut
2991 5843 3192 5899 factum
3255 5845 3539 5912 explorate
3581 5859 3974 5915 cognosceret,
