4134 6452
189 453 295 516 761

1203 463 1647 547 CIIRONICON
1690 468 1960 528 MAJUS.
2002 494 2070 503 —
2106 471 2254 533 LIB.
2290 471 2371 531 Il.

3331 479 3438 539 752

183 572 348 643 λικὴν
380 574 573 643 χέρσον
598 574 849 642 ἔγγιστα,
882 578 978 629 καὶ
1004 579 1262 647 ἀπεσώθη
1291 583 1370 642 είς
1421 582 1756 637 Ναύπακτον
1788 592 1826 642 Α
1866 588 2019 639 ἐνθεν
2052 591 2139 640 καλ
2171 591 2199 641 6
2229 590 2414 657 ἔτερος
2465 591 2680 643 ἐκεῖθεν
2729 591 2909 661 πο),λῷ
2953 592 3283 663 διαστήματι
3344 599 3441 659 τῆς

182 664 349 717 πόλιν
380 666 477 734 τῆς
508 665 799 729 Αἰτωλίας,
830 669 978 729 ὅπως
1036 670 1218 731 καλῶς
1275 671 1423 743 μάθῃ
1488 673 1617 740 περὶ
1666 674 1760 725 τοῦ

180 755 495 822 γεγονότος.
538 755 765 826 Ἐδεήθη
790 759 884 810 οὐν
912 760 1199 825 ἐπιμεῖναι
1224 764 1368 827 κάμὲ
1428 765 1605 816 ἐκεῖσε
1670 765 1765 815 καὶ

182 846 409 916 ἑπὶτὴν
467 845 697 915 αὔριον·
760 848 937 916 ἔγωγε
996 852 1305 920 ὐπεσχέθην
1366 853 1525 905 τοῦτο
1574 855 1764 907 ἕνεκεν

180 937 286 989 δύο
318 938 506 991 αίτιῶν
529 954 545 971 ⁸
578 939 677 1006 τῆς
708 944 807 1007 μὲν
838 943 926 994 ῐνα
988 944 1214 1012 μηνύσω
1248 944 1323 1011 τῷ
1378 946 1612 1016 αὐθέντῃ
1662 966 1763 1013 μου

179 1029 431 1097 περὶτοῦ
463 1033 770 1095 γεγονότος,
795 1034 822 1084 6
864 1037 955 1086 καὶ
1021 1035 1153 1105 παρ’
1190 1037 1325 1102 ἐμοῦ
1386 1036 1556 1105 ἔμαθε
1612 1039 1763 1107 πρῶ-

180 1135 306 1182 τον,
335 1120 434 1189 τῆς
462 1122 519 1175 δὲ
555 1122 643 1175 ῖνα
686 1124 847 1191 μάθω
874 1124 959 1186 τίς
1004 1126 1033 1176 6
1087 1126 1290 1188 σκοπὸς
1319 1127 1486 1180 αὐτοῦ
1544 1128 1607 1197 δὴ
1665 1129 1761 1180 τοῦ

185 1212 618 1283 μητροπολίτου.
652 1214 754 1267 Διά
790 1216 996 1277 ταύτας
1021 1209 1116 1268 οὖν
1140 1217 1239 1278 τὰς
1270 1217 1362 1269 δύο
1391 1219 1571 1280 αίτίας
1624 1219 1765 1270 ἀπέ-

190 1317 361 1368 μεινα
419 1304 551 1372 παρ’
610 1304 782 1372 αὐτῷ.
842 1306 1023 1358 Μέσον
1082 1307 1138 1359 δὲ
1184 1308 1482 1375 γενομένου
1531 1310 1763 1364 καὶτοῦ

184 1394 463 1463 Βικάρδου
521 1396 847 1464 Μαρκέλλου
915 1399 1187 1466 ἡγεμόνος
1238 1401 1597 1465 Ναυπάκτου,
1668 1406 1763 1456 καὶ

182 1487 406 1555 εἴδομεν
461 1488 748 1557 ἀλλήλους,
795 1489 855 1540 6v
898 1490 1053 1557 κάγὼ
1099 1490 1302 1558 βλέψας
1349 1492 1637 1561 ἐθαύμασα
1681 1496 1763 1546 ὅτι

184 1581 371 1634 ἔοικεν
394 1582 475 1642 είς
499 1581 677 1634 πάντα
703 1582 781 1651 τῷ
808 1582 903 1635 τοῦ
932 1584 1095 1653 Σίδης
1140 1585 1537 1658 μητροπολίτῃ.
1592 1578 1765 1639 Συνα-

183 1671 517 1741 νακείμενος
538 1669 631 1726 οὖν
664 1674 774 1741 ἐγὼ
818 1675 970 1743 αὐτῷ
1036 1679 1130 1729 καὶ
1186 1678 1514 1746 συνομιλῶν,
1570 1680 1627 1731 ἑν
1685 1678 1764 1747 τῷ

182 1763 537 1829 διαλέγεσθαι
561 1766 648 1817 ἀεὶ
711 1766 1132 1835 μηχανούμενος
1193 1765 1263 1839 ἦν
1308 1771 1455 1832 ὅπως
1514 1771 1763 1843 γνωρίσῃ

182 1854 337 1917 τινος
361 1855 547 1908 ἕνεκεν
579 1856 776 1926 ἧθελον
810 1858 920 1923 ἐγὼ
947 1859 1204 1912 ἀπελθεῖν
1234 1860 1371 1929 πρὸς
1394 1862 1487 1913 τὸν
1513 1863 1761 1929 ἀμηρᾶν,

185 1948 351 2014 κάγὼ
410 1948 618 1999 ικεῖνον
669 1950 1077 2018 πυνθανόμενος
1128 1952 1212 2013 τίς
1265 1954 1293 2003 6
1337 1954 1540 2013 σκοπὸς
1595 1951 1759 2005 αὐτοῦ

187 2043 327 2106 περὶ
359 2039 467 2091 τῶν
496 2041 638 2093 κατὰ
665 2040 765 2109 τῆς
818 2041 1043 2111 Πάτρας
1078 2041 1234 2111 152
1265 2043 1609 2111 συμϐάντων,
1671 2046 1764 2097 καὶ

189 2131 276 2199 μὴ
308 2131 597 2200 δυνάμενοι
624 2127 705 2194 εἷς
730 2131 827 2186 τοῦ
868 2133 1057 2202 ἑτέρου
1101 2134 1171 2186 τὰ
1218 2133 1425 2203 κρύφια
1475 2136 1760 2204 γνωρίσαι.

191 2220 422 2273 Ἔοικεν
452 2221 562 2291 γὰρ
585 2222 661 2285 ὥς
686 2238 831 2285 τινες
855 2223 1137 2293 κερδαλέοι
1173 2226 1438 2292 ἐποίησαν
1468 2227 1762 2292 ἐμπορίας.

198 2312 268 2365 '0
299 2314 397 2381 μιν
437 2314 659 2382 φορτίον
688 2309 838 2383 εἶχεν
894 2316 1016 2367 ἀντὶ
1068 2316 1311 2384 σηρικῆς
1377 2314 1612 2384 μετάξης
1669 2318 1766 2377 τὰς

186 2406 294 2474 τῆς
320 2404 594 2474 Θαλάσσης
621 2405 846 2475 βρὺνας,
875 2408 904 2457 ό
926 2408 983 2459 δὲ
1031 2408 1152 2459 ἀντὶ
1208 2408 1496 2476 πεπέρεως
1551 2408 1765 2476 σχοίνου

192 2503 404 2568 σπόρον
429 2498 591 2567 ξηρόν
627 2516 643 2531 ·
702 2500 798 2551 καὶ
854 2500 1364 2567 συναπαντηθέντες
1406 2501 1542 2567 ὁμοῦ
1601 2499 1767 2551 ἐπυν-

191 2592 424 2645 θάνοντο
459 2590 706 2660 ἀλλήλων
740 2608 760 2642 ι
794 2592 845 2643 τί
873 2592 934 2645 τὸ
966 2592 1223 2662 φορτίον;
1250 2612 1270 2642 ›
1306 2596 1333 2644 6
1366 2592 1489 2659 μὲν,
1531 2609 1547 2641 ι
1584 2591 1769 2644 Μέτα-

192 2685 287 2748 ξα,
321 2702 339 2735 ι
383 2683 484 2753 ἐφη
518 2702 535 2734 ι
576 2684 715 2749 ἐστὶ,
744 2684 806 2737 τὸ
837 2683 1002 2753 ὲμόν·
1040 2704 1060 2736 ι
1097 2686 1126 2736 6
1161 2685 1239 2748 δὲ,
1274 2702 1292 2735 ι
1328 2685 1568 2751 Πέπερι·
1600 2702 1616 2734 ι
1676 2684 1769 2734 καὶ

190 2777 433 2836 ἕκαστος
456 2776 638 2828 αὐτῶν
664 2774 883 2843 ἐνόμιζε
915 2776 1113 2843 μήπως
1145 2777 1235 2826 τον
1264 2775 1452 2841 ἕτερον
1522 2774 1767 2844 συμπαί-

194 2869 289 2937 ξῃ.
332 2868 443 2919 Καὶ
483 2866 655 2929 οὕτως
698 2868 776 2929 εἰς
823 2867 1102 2939 συνθήκην
1136 2864 1302 2938 ἦλθον
1356 2869 1442 2921 ἵνα
1499 2867 1771 2920 ἀνταλλά-

194 2960 366 3021 ξωσιν
397 2962 465 3014 τὰ
506 2962 723 3030 φορτία,
750 2961 952 3031 καὶμὴ
990 2960 1275 3028 γινώσκων
1325 2966 1353 3013 6
1415 2955 1493 3022 εἷς
1548 2962 1616 3013 τὰ
1677 2959 1770 3011 τοῦ

192 3052 393 3121 ἑτέρου
446 3051 637 3105 ἔλαόον
694 3054 912 3123 φορτία,
959 3054 1053 3107 καὶ
1102 3054 1408 3115 σπουδαίως
1476 3055 1773 3121 ἐπορεύετο

194 3146 432 3204 ἕκαστος
459 3144 553 3196 ἵνα
574 3144 763 3214 πόρρω
792 3144 1051 3214 μακρύνῃ
1084 3144 1192 3197 ἀπὸ
1220 3144 1313 3195 τοῦ
1337 3140 1521 3208 ἀλλου,
1548 3132 1621 3213 μή
1654 3161 1770 3207 πως

1873 679 1996 732 ὁδοῦ
2021 680 2116 732 καὶ
2164 680 2476 745 ἀνοίξαντες
2512 684 2608 751 οὐχ
2671 678 2829 752 εὖρον
2864 683 3035 737 οὐδέν.
3069 687 3253 747 Οὕτως
3308 688 3444 741 ἑπά-

1868 772 2038 840 οομεν
2069 774 2294 842 χήμεῖς.
2330 776 2533 827 Λοιπὸν
2564 779 2591 829 6
2627 777 3033 846 μητροπολίτης
3076 779 3273 832 δέδωκε
3330 785 3443 843 τοῖς

1866 866 2304 933 ἀπεσταλμένοις
2334 867 2599 936 Τούρκοις
2630 873 2779 939 παρὰ
2825 870 2920 923 τοῦ
2966 872 3159 939 ἀμηρᾶ
3207 876 3299 925 καὶ
3347 874 3441 926 τοῦ

1867 960 2189 1027 Ἰόυραχάνη
2225 964 2335 1021 τοῖς
2402 962 2518 1027 μετ’
2573 962 2703 1029 ἐμοῦ
2762 961 2881 1015 οὖσι
2937 963 3243 1031 γράμματα
3307 966 3443 1033 πρὸς

1866 1052 1991 1112 τοὺς
2027 1052 2239 1104 ἑαυτῶν
2271 1051 2538 1113 αὐθέντας
2583 1054 2709 1116 τοὺς
2744 1057 3177 1117 ἀποστείλαντας
3222 1056 3439 1119 αὐτοὺς,

1868 1143 2041 1211 κάμοὶ
2067 1143 2124 1195 δὲ
2164 1144 2327 1205 πολὺς
2360 1144 2555 1212 συνέὄη
2580 1148 2866 1214 λογισμὸς,
2907 1148 2979 1215 μή
3020 1166 3146 1200 ποτε
3203 1150 3444 1218 ὑπόσχη-

1867 1250 1960 1287 ται
2002 1232 2185 1286 δοῦναι
2234 1236 2403 1288 ἄστεά
2444 1254 2568 1290 τινα
2620 1238 2719 1306 τῆς
2775 1239 3016 1305 Πάτρας,
3084 1242 3242 1306 εἴπερ
3298 1242 3443 1311 αὐτῷ

1872 1325 2117 1396 βοηθήσῃ
2144 1327 2484 1395 παραλαϐεῖν
2520 1329 2765 1399 αὐτὴν,ῆ
2801 1330 3003 1397 πλῆθός
3034 1350 3084 1383 τι
3118 1335 3440 1401 χρημάτων.

1870 1419 1979 1471 Καὶ
2017 1419 2090 1487 μὴ
2118 1420 2426 1487 παυόμενος
2454 1419 2534 1488 τῷ
2557 1420 2805 1489 λογισμῷ
2841 1422 2946 1483 ἕως
2977 1416 3036 1475 οὐ
3087 1425 3242 1491 μάθω
3282 1424 3340 1476 τὸ
3391 1427 3443 1476 τί

1874 1511 2158 1576 περιεῖχον
2189 1510 2255 1559 τά
2290 1511 2625 1577 γράμματα,
2673 1510 2765 1561 καὶ
2821 1511 2993 1563 πολλὰ
3045 1513 3315 1573 κοπιάσας
3349 1516 3443 1566 καὶ

1869 1598 2168 1651 συνεσθίων
2198 1601 2378 1656 αὐτοῖς
2412 1601 2653 1667 ὲμέθυσα
2676 1601 2874 1662 αὐτοὺς
2899 1602 2967 1653 τὰ
3012 1604 3243 1669 μέγιστα
3273 1606 3439 1655 ἀκου-

1867 1690 1997 1751 σίως
2030 1691 2116 1741 διὰ
2138 1691 2194 1743 τὸ
2214 1695 2600 1759 συγκοινωνεῖν
2803 1695 2946 1761 κάμὲ
2967 1694 3061 1746 σὺν
3081 1696 3263 1757 αὐτοῖς
3305 1698 3442 1765 πρὸς

1865 1781 1925 1831 τὸ
1957 1784 2120 1845 πιεῖν,
2148 1783 2241 1833 καὶ
2264 1782 2451 1850 σχεδὸν
2478 1783 2783 1850 ὲμεθύσθην
2812 1801 2826 1814 ’
2857 1786 2949 1835 καὶ
2972 1784 3225 1837 τοσοῦτον
3250 1787 3445 1853 ἐμέθυ-

1868 1889 1969 1925 σαν
1997 1874 2195 1925 ἐκεῖνοι
2224 1872 2368 1926 ὥστε
2395 1875 2583 1942 ἀπῆρα
2616 1875 2710 1927 ἀπ’
2742 1876 2921 1929 αὐτῶν
2975 1878 3074 1938 τὰς
3123 1877 3441 1943 ἐπιστολάς,

1864 1964 1963 2016 καὶ
2030 1963 2355 2030 ἀνεγνωκὼς
2409 1966 2579 2028 αὐτὰς
2643 1967 2736 2019 καὶ
2811 1970 3193 2039 μεταγράψας,
3278 1971 3443 2024 πάλιν

1866 2055 2175 2121 σφραγίσας
2234 2058 2390 2109 εἴασα
2445 2058 2665 2119 αὐτούς.
2718 2060 2807 2121 Ὦς
2833 2062 2888 2113 δὲ
2956 2061 3163 2128 ἔφθασα
3217 2064 3297 2124 είς
3345 2064 3443 2129 τὴν

1866 2146 2043 2207 πόλιν,
2074 2148 2228 2213 ὲδόθη
2271 2166 2361 2215 μοι
2418 2151 2774 2217 συμπρέσϐυς
2816 2151 3041 2217 Μάρκος
3078 2156 3104 2204 6
3151 2152 3445 2205 Παλαιολό-

1866 2254 1961 2303 γος
1988 2239 2015 2288 6
2054 2239 2320 2305 Ἴαγροςὸ
2354 2243 2446 2292 καὶ
2512 2240 2739 2309 ὕστερον
2804 2245 3271 2312 πρωτοστράτωρ,
3322 2244 3441 2296 τότε

1870 2329 1927 2382 δὲ
1993 2332 2556 2401 πρωτοόεστιαρίτης.
2614 2335 2723 2386 Καὶ
2782 2336 2901 2387 ἀντὶ
2954 2335 3045 2388 τοῦ
3111 2339 3444 2407 συμϐοηθεῖν

1872 2440 1961 2491 μοι
1995 2426 2235 2487 ἐναντίος
2257 2420 2326 2495 ἦν
2360 2427 2497 2479 κατὰ
2530 2428 2625 2493 τῆς
2678 2428 2986 2490 ὑποθέσεως
3026 2428 3093 2481 δι’
3144 2431 3212 2499 ἢν
3271 2431 3446 2497 ἐπηρ-

1868 2515 2063 2584 χόμην,
2090 2518 2186 2569 καὶ
2212 2518 2309 2568 οὐκ
2343 2514 2460 2570 οῖδα
2489 2520 2549 2570 τὸ
2576 2520 2771 2576 αἴτιον,
2828 2520 2940 2571 ἀλλ’
2969 2520 2999 2588 ἢ
3048 2522 3110 2572 τὸ
3169 2524 3195 2574 6
3250 2521 3444 2586 φθόνος

1868 2607 1968 2657 οὐκ
2006 2602 2114 2657 οἶδε
2160 2610 2439 2677 προτιμᾷν
2496 2610 2557 2659 τὸ
2612 2610 2912 2676 συμφέρον.
2994 2611 3348 2673 Ἀπελθόντες
3400 2611 3443 2661 δ’

1870 2697 2005 2763 ὁμοῦ
2052 2697 2188 2763 πρὸς
2246 2699 2339 2748 τὸν
2401 2699 2623 2766 ἅμηρᾶν
2684 2698 2951 2765 ἐλάϐομεν
3011 2699 3308 2767 ἀπολογίαν
3358 2700 3445 2751 ἵνα

1871 2784 2024 2849 αὖθις
2060 2788 2427 2854 ἀποδώσωμεν
2449 2791 2548 2857 τὴν
2577 2790 2798 2859 Πάτραν
2836 2785 2919 2851 οἷς
2965 2794 3217 2859 προεῖχον
3246 2792 3444 2856 αὐτήν.

1884 2881 2331 2949 Ἀπελογισάμην
2368 2877 2462 2935 οὖν
2499 2882 2653 2946 κάγὼ
2704 2882 2780 2949 τῷ
2833 2884 3039 2952 πρώτῳ
3083 2885 3183 2951 τῆς
3247 2884 3445 2950 βουλῆς

1872 2971 1964 3023 τοῦ
2017 2973 2212 3041 ἀμηρᾶ
2259 2973 2496 3043 τοῦνομα
2560 2974 2990 3043 Ἰϐραὴμ-πασιᾶ
3050 2976 3132 3026 ὅτι
3182 2973 3441 3041 τοιαύτην

1872 3066 2166 3134 ἀπόκρισιν
2192 3066 2303 3131 ἐγὼ
2333 3067 2393 3118 οὐ
2416 3067 2600 3134 τολμῶ
2648 3068 2829 3118 είπεῖν
2882 3065 2961 3133 τῷ
3003 3066 3241 3136 αὐθέντῃ
3296 3083 3398 3130 μου
3427 3082 3443 3095 ο

1875 3151 2046 3221 ὅμως,
2088 3154 2211 3205 ἐπεὶ
2247 3155 2452 3218 ἐκεῖνος
2500 3156 2822 3207 ἀπέστειλεν
2866 3157 2967 3223 ἐμὲ
3002 3156 3137 3224 πρὸς
3194 3156 3287 3207 τὸν
3353 3157 3446 3223 μέ-

196 3238 233 3304 ή
269 3235 487 3305 μηχανὴ
540 3234 925 3304 φανερωθείηο
983 3237 1569 3304 καὶκπαραγενόμενοι
1618 3239 1645 3289 ὁ
1694 3231 1842 3309 εἶςρ
1876 3261 1979 3313 γαν
2034 3246 2281 3314 ἀμηρᾶν,
2337 3244 2698 3314 προσταξάτω
2748 3247 2844 3299 καὶ
2914 3246 3083 3307 αὐτός
3152 3262 3274 3297 τινα
3334 3246 3443 3297 τῶν

196 3420 445 3475 devenit.
501 3418 733 3489 Rogavit
792 3420 979 3491 igitur,
1034 3430 1092 3472 ut
1121 3436 1228 3489 ego
1254 3436 1478 3489 quoque
1523 3421 1587 3473 al
1622 3419 1767 3474 diem

196 3521 525 3583 sequentem
558 3512 633 3566 ibi
664 3526 939 3566 manerem
965 3529 977 3563 :
1003 3512 1150 3579 quod
1186 3513 1232 3565 ei
1251 3513 1462 3565 duabus
1489 3512 1557 3565 de
1587 3512 1769 3565 causis

198 3605 477 3675 promisi:
536 3611 667 3663 u'na,
742 3612 800 3656 ut
848 3602 1146 3656 indicarem
1209 3603 1433 3657 domino
1482 3618 1604 3656 meo
1639 3604 1767 3670 quid

198 3696 544 3765 contigisset,
571 3696 718 3764 quod
750 3695 798 3751 is
823 3710 955 3753 sane
988 3711 1052 3749 ex
1088 3710 1174 3749 me
1210 3696 1445 3763 primum
1475 3697 1767 3765 cognovit;

195 3789 397 3851 altera,
439 3797 498 3841 ut
530 3788 823 3841 consilium
856 3787 1217 3855 metropolitaz
1239 3788 1533 3840 discerem.
1569 3786 1651 3840 0b
1679 3802 1771 3841 eas

196 3881 340 3934 duas
369 3894 564 3933 causas
601 3879 764 3948 igitur
800 3894 926 3932 cum
961 3879 1056 3932 illo
1090 3880 1289 3932 mansi.
1343 3877 1461 3932 Vidi
1494 3878 1568 3932 ibi
1600 3879 1766 3933 etiam

199 3973 674 4027 iutervenientem
735 3971 1032 4025 Bicardum
1103 3971 1453 4033 Marcellum,
1503 3969 1769 4040 Naupacti

195 4061 542 4133 praefectum,
561 4077 721 4130 quem
758 4063 998 4116 mirabar
1021 4064 1247 4116 omnino
1277 4062 1617 4116 simillimum
1650 4076 1772 4116 esse

196 4154 565 4223 metropolitaa
586 4155 824 4210 Sidensi.
847 4153 1153 4216 Malalesta,
1176 4170 1298 4209 cum
1322 4154 1771 4210 accubuissemus

195 4260 313 4300 una
354 4253 406 4299 et
433 4246 902 4314 colloqueremur,
934 4246 987 4299 in
1025 4248 1376 4301 sermmiibus
1407 4246 1655 4299 studiose
1678 4259 1772 4299 co-

195 4338 437 4393 nabatur
459 4338 753 4405 expiscari,
786 4354 893 4408 qua
933 4338 1001 4394 de
1039 4354 1100 4395 re
1174 4353 1278 4407 ego
1312 4339 1374 4392 ad
1406 4353 1645 4392 ameram
1670 4339 1773 4393 iter

196 4432 487 4498 suscipere
524 4431 739 4493 vellem,
779 4438 947 4500 atque
977 4445 1081 4501 ego
1111 4430 1355 4485 vicissim
1390 4445 1457 4484 ex
1491 4430 1587 4485 illo
1612 4446 1769 4500 qua:-

196 4522 388 4576 rcbam
408 4521 620 4584 audire,
651 4521 784 4591 quid
812 4522 930 4591 ipse
961 4523 1028 4578 de
1058 4523 1225 4578 rebus
1252 4522 1517 4576 adversus
1546 4521 1764 4576 Patratn

195 4617 370 4687 gestis
423 4615 698 4671 sentiret:
732 4628 970 4683 cumque
1029 4622 1221 4668 neuter
1265 4628 1330 4666 ex
1362 4612 1533 4667 altero
1565 4612 1767 4667 elicere

194 4716 387 4775 posset
448 4714 657 4761 secreta
705 4706 827 4774 ejus
859 4706 1117 4770 consilia,
1154 4706 1354 4760 accidit
1406 4705 1585 4766 nobis,
1622 4702 1769 4773 quod

195 4799 532 4867 quaestuosis
562 4797 888 4867 quibusdam
923 4797 1124 4851 accidit
1158 4806 1524 4851 mercaturam
1562 4794 1772 4849 facien-

198 4892 373 4953 tibus,
418 4904 653 4958 quorum
682 4890 819 4944 alter
845 4904 944 4957 pro
976 4890 1154 4944 serico
1181 4891 1421 4958 plantam
1456 4888 1756 4957 quamdam

201 4982 535 5037 maritimam
561 4982 834 5049 portabat.
851 4983 989 5036 alter
1016 4997 1116 5050 pro
1143 4982 1330 5052 pipere
1355 4981 1507 5050 junci
1546 4982 1765 5034 baccam

198 5076 436 5130 aridam.
478 5073 544 5127 lli
568 5088 691 5127 cum
727 5074 831 5129 sibi
856 5074 1256 5137 occurrissent,
1334 5074 1771 5141 quaesissentqne

196 5166 471 5228 vicissim,
506 5165 764 5234 quidnam
817 5166 1083 5220 mercium
1114 5173 1422 5234 portarent,
1458 5179 1599 5217 unus
1633 5164 1768 5216 seri?

198 5274 353 5323 cum,
388 5257 524 5311 alter
548 5257 699 5325 piper
728 5257 888 5311 dixit.
922 5258 1108 5326 itaque
1138 5271 1263 5310 cum
1289 5268 1518 5325 uterque
1541 5257 1769 5311 alterius

198 5349 494 5405 deludendi
549 5349 778 5415 cupidus
840 5360 1006 5411 esset,
1069 5350 1330 5404 convenit
1386 5351 1529 5403 inter
1564 5362 1683 5409 eos.
1710 5357 1771 5403 ut

197 5447 584 5509 permutarent
614 5454 847 5502 merces,
872 5449 1039 5507 atque
1073 5446 1302 5506 uterque
1326 5439 1453 5507 quid
1494 5438 1631 5491 alter
1662 5438 1761 5491 ha-

194 5534 353 5587 beret
408 5532 648 5600 ignarus,
673 5532 791 5601 ejus
848 5546 988 5585 onus
1018 5532 1232 5600 accepit
1274 5531 1569 5598 abibalque
1610 5530 1763 5584 festi-

196 5633 416 5685 nanter,
442 5630 503 5676 ut
526 5623 686 5693 longe
712 5622 989 5677 recederet
1015 5638 1082 5678 ne
1099 5622 1252 5678 fraus
1272 5623 1424 5677 ﬁeret
1454 5622 1763 5676 manifesta.

196 5714 412 5769 Diversi
477 5714 647 5784 igitur
696 5730 818 5769 cum
882 5716 1225 5771 abiissentet
1264 5714 1567 5785 longojam
1596 5715 1764 5768 inter-

189 5806 342 5860 mllo
398 5806 699 5871 distarent,
736 5814 1014 5876 postremo
1069 5806 1270 5875 apertis
1319 5806 1579 5871 sarcinis,
1619 5808 1763 5874 quod

193 5901 517 5970 qumrebant
573 5900 714 5954 haud
750 5911 1093 5971 repererunt.
1125 5900 1256 5956 Tale
1290 5899 1421 5970 quid
1460 5900 1623 5953 etiam
1659 5916 1757 5954 no-

1800 4581 1847 4638 Ι)

1871 3424 1958 3478 bis
2002 3442 2105 3481 usu
2179 3425 2347 3480 venit.
2382 3423 2650 3491 Deinceps
2708 3423 3054 3491 metropolita
3108 3422 3329 3487 Turcis,
3373 3423 3443 3474 ab

1873 3530 2057 3569 amera
2084 3524 2137 3568 et
2167 3514 2492 3567 Turacliane
2524 3512 2735 3573 missis,
2775 3512 2869 3580 qui
2911 3526 3123 3572 mecum
3155 3524 3337 3573 erant,
3370 3512 3438 3563 ad

1872 3622 2063 3661 eorum
2115 3608 2368 3659 dominos
2410 3621 2451 3659 -a
2479 3605 2679 3672 quibus
2722 3605 2873 3658 missi
2907 3613 3194 3665 venerant,
3230 3604 3441 3659 litteras

1873 3698 2058 3751 dedit:
2122 3711 2186 3749 ac
2225 3695 2520 3749 vehemens
2569 3708 2655 3748 me
2683 3695 2856 3747 subiit
2908 3694 3175 3762 suspicio,
3207 3709 3274 3748 ne
3302 3693 3443 3752 forte

1874 3790 2067 3861 oppida
2108 3789 2356 3855 quaedam
2420 3786 2700 3839 Patrensis
2749 3788 3032 3850 territorii,
3069 3795 3161 3839 aut
3193 3786 3445 3846 aliquan-

1873 3892 1989 3936 tum
2031 3882 2276 3951 pecuniae
2337 3879 2701 3949 promisisset,
2737 3880 2781 3931 si
2826 3893 2887 3932 se
2921 3878 2973 3930 in
3017 3877 3331 3946 occupanda
3377 3892 3441 3931 ea

1876 3975 2013 4028 urbe
2039 3975 2343 4043 adiuvaret.
2403 3970 2513 4026 Nec
2577 3972 2792 4024 cessavi
2830 3987 2857 4023 a
2891 3970 3224 4037 suspicione,
3257 3970 3433 4023 donec

1872 4065 2277 4135 cognovissem,
2304 4064 2435 4133 quid
2464 4078 2541 4117 ea:
2567 4064 2761 4117 litterae
2791 4064 3153 4123 continerent,
3182 4062 3443 4115 multum-

1873 4174 1983 4228 que
2015 4172 2195 4226 operte
2242 4157 2563 4224 impendens
2593 4163 2649 4209 et
2678 4170 2804 4207 cum
2850 4155 2915 4209 iis
2944 4154 3269 4214 convivans,
3324 4154 3439 4206 ine-

1872 4251 2049 4305 briari
2090 4264 2186 4304 eos
2221 4248 2475 4317 quamvis
2506 4255 2902 4315 repugnantes,
2935 4261 3060 4298 cum
3090 4260 3197 4299 una
3224 4258 3346 4297 cum
3371 4243 3441 4299 iis

1874 4355 2140 4414 putarem,
2172 4357 2271 4396 nec
2302 4343 2491 4395 aberat
2518 4341 2777 4403 multum,
2810 4338 2942 4407 quin
2967 4338 3270 4391 inebriarer
3302 4336 3440 4402 ipse.

1873 4434 1954 4490 llli
1975 4443 2154 4488 autem
2183 4447 2247 4488 eo
2260 4432 2542 4487 ebrietatis
2569 4439 2989 4499 processerunt,
3010 4436 3070 4509 ut
3096 4426 3356 4494 epistolas
3375 4425 3446 4478 iis

1874 4526 2276 4588 subtraherem,
2301 4523 2502 4593 quibus
2530 4522 2690 4575 lectis
2712 4531 2766 4574 et
2792 4519 3082 4583 descriptis
3113 4529 3447 4583 rursumque

1876 4618 2200 4687 obsignatis,
2254 4616 2402 4684 ipsos
2437 4614 2637 4667 missos
2676 4612 2801 4666 feci.
2833 4609 3129 4678 Postquam
3166 4609 3220 4661 in
3255 4609 3442 4660 urbem

1876 4710 2024 4772 veni,
2064 4708 2279 4761 Marcus
2318 4705 2653 4773 Palaeologus
2680 4702 2893 4771 lagrus,
2917 4701 3010 4770 qui
3043 4711 3229 4769 postea
3252 4708 3443 4767 proto-

1877 4809 2080 4857 strator
2140 4800 2262 4862 fuit,
2320 4808 2435 4851 tum
2472 4805 2653 4850 autem
2706 4791 3112 4864 protovestiarii
3171 4792 3438 4859 dignitate

1878 4895 2224 4964 fungebatur,
2279 4892 2567 4961 legationis
2602 4892 2783 4943 socius
2816 4888 2947 4940 mihi
3000 4885 3293 4952 adjunctus
3321 4893 3430 4936 est.

1876 4983 1927 5037 ls
1964 4992 2174 5036 tantum
2204 4983 2414 5042 aberat,
2435 4979 2827 5047 utmejuvaret
2850 4977 2903 5029 in
2933 4976 3174 5045 negotio,
3208 4973 3280 5027 ob
3295 4972 3439 5040 quod

1874 5088 2157 5135 veneram,
2198 5082 2256 5126 ut
2285 5073 2668 5125 adversaretur
2696 5068 2827 5121 mihi
2858 5085 2871 5118 :
2906 5065 3067 5133 cujus
3090 5079 3193 5131 ego
3212 5062 3286 5115 rei
3322 5062 3442 5114 nul-

1872 5167 1983 5219 lam
2026 5164 2185 5218 aliam
2248 5175 2469 5217 causam:
2534 5161 2680 5222 novi,
2720 5159 2827 5213 nisi
2863 5156 3006 5222 quod
3038 5155 3241 5208 invidia
3273 5153 3448 5204 bono-

1879 5272 2001 5309 rare
2030 5254 2320 5308 utilitatem
2347 5267 2454 5305 non
2501 5250 2809 5304 consuevit.
2859 5244 2974 5300 Una
3005 5246 3174 5313 igitur
3197 5242 3262 5294 ad
3291 5256 3444 5295 ame-

1874 5362 1988 5400 ram
2024 5344 2272 5413 profecti,
2328 5356 2649 5411 responsum
2710 5338 2958 5401 tulimus,
2997 5349 3056 5389 ut
3095 5333 3315 5387 Patram
3352 5334 3438 5394 iis,

1873 5441 2107 5504 quorum
2167 5434 2378 5493 fuisset,
2433 5430 2877 5489 restitueremus;
2921 5442 3027 5493 qua
3050 5424 3118 5478 de
3162 5438 3219 5477 rc
3247 5436 3345 5491 ego
3370 5421 3444 5494 ei,

1873 5529 1964 5597 qui
1985 5541 2183 5580 amera
2217 5525 2431 5593 primus
2455 5532 2572 5577 erat
2601 5536 2630 5573 a
2659 5520 2929 5581 consiliis,
2959 5511 3441 5583 lbraemi—pasiani

1873 5621 2113 5681 nomine,
2151 5618 2321 5680 edixi,
2359 5616 2465 5669 tale
2503 5628 2824 5683 responsum
2862 5626 2969 5663 nou
3000 5608 3203 5661 audere
3238 5620 3323 5659 tne
3351 5620 3438 5658 re-

1873 5714 2018 5767 l'crre
2044 5711 2112 5765 ad
2172 5710 2454 5764 dominum
2493 5722 2671 5761 meum
2701 5724 2713 5757 :
2752 5719 2939 5758 verum
2976 5712 3182 5761 tamen,
3214 5712 3337 5751 cum
3367 5695 3438 5750 ad

1874 5821 2130 5876 magnum
2156 5818 2397 5858 ameram
2426 5802 2515 5855 ille
2551 5815 2634 5853 me
2657 5798 2921 5860 misisset,
2953 5796 3069 5863 ipse
3111 5790 3430 5860 quempiam

1874 5912 2082 5954 mecum
2124 5896 2342 5965 iuberet
2379 5894 2551 5959 abire,
2584 5890 2673 5961 qui
2721 5890 2902 5960 magni
2925 5901 3121 5943 amera:
3152 5886 3438 5939 decretum
