4134 6452
241 464 355 529 765

1251 459 1692 520 CIIRONICON
1738 461 2009 522 MAI’US.
2043 487 2112 498 —
2143 464 2287 525 LIB.
2327 467 2404 526 ΙΙ.

3375 463 3478 524 766

243 573 420 657 αὑτῆς
448 575 626 626 πάντα
652 571 726 633 ὡς
753 571 883 624 ἴδιον
916 569 1075 641 156
1112 569 1275 622 αὐτοῦ
1306 569 1490 638 κτῆμα
1542 573 1570 623 ὁ
1623 570 1810 623 δεσπό-
1843 580 1886 634 Α
1918 577 2038 645 ἐμοὶ
2065 577 2291 645 μήνυμα
2340 575 2487 645 παρὰ
2538 575 2632 628 τοῦ
2677 576 2938 629 αὐθέντοῡ
3005 593 3106 643 μου
3148 572 3216 628 δι’
3265 575 3477 627 ἐκείνου

243 682 350 730 της
399 666 503 731 κὺρ
554 661 895 730 ’Δνδρόνικῆς
958 665 1070 719 τοῖς
1125 660 1406 722 Ἐνετίοις.
1439 660 1552 714 Νῦν
1605 661 1662 714 δὲ
1716 664 1814 714 οὐκ

243 755 476 818 ἔξεστιν,
509 754 656 806 ἐάσω
686 750 858 821 αὐτὴν
888 755 944 804 ἐν
975 753 1125 821 μέσῳ
1171 752 1263 804 τοῦ
1306 753 1470 804 τόπου
1503 753 1658 821 ἡμῶν
1723 756 1815 808 καὶ

243 849 406 915 ὑμῶν
436 847 701 917 ἄρχεσθαι
749 847 852 900 ὑπὸ
884 849 990 899 τῶν
1036 847 1283 900 Ἐνετῶν.
1325 868 1343 900 ι
1381 849 1490 900 Καὶ
1517 847 1690 908 οὕτως
1739 845 1814 913 τῷ

256 940 560 1010 Ἀπριλλίῳ
622 941 753 1010 μηνὶ
822 939 917 992 τοῦ
967 939 1132 992 αὐτοῦ
1184 939 1335 1001 ἔτους
1392 940 1665 1008 παρέλαϐε
1716 941 1814 1009 τὴν

243 1031 568 1106 θαυμαστὴν
595 1031 998 1097 Θεσσαλονίκην
1039 1033 1067 1083 6
1101 1033 1322 1102 άμηρᾶς
1348 1032 1595 1100 πολέμῳ.

329 1122 390 1174 ’0
412 1122 466 1174 δὲ
499 1122 768 1190 δεσπότης
801 1125 894 1176 καὶ
933 1121 1198 1190 αὐθέντης
1233 1140 1333 1188 μου
1364 1123 1470 1190 κὺρ
1525 1125 1814 1176 Κωνσταν-

240 1212 581 1280 τίνος-Μαΐῳ
599 1212 693 1264 τοῦ
716 1211 881 1264 αὐτοῦ
900 1213 1052 1275 ἔτους
1081 1231 1154 1264 πα
1165 1212 1354 1282 ρέ>.αϐε
1385 1213 1443 1264 τὸ
1460 1213 1558 1283 τῆς
1593 1215 1812 1285 Πάτρας

250 1302 548 1372 πολίχνιον,
571 1305 730 1373 λιμοῦ
760 1306 906 1377 αἰτίᾳ
934 1308 1027 1358 καὶ
1057 1307 1222 1375 ἄλλης
1282 1308 1650 1376 κακοπαθείας
1705 1310 1812 1361 τῶν

248 1391 400 1444 ἔνδον
431 1394 616 1448 αὐτοῦ.
653 1397 760 1449 Καὶ
798 1399 863 1466 τῇ
910 1398 1109 1464 δεκάτῃ
1150 1398 1352 1468 ἐϐδόμῃ
1434 1398 1654 1450 Ἰουλίου
1717 1400 1809 1452 τοῦ

246 1483 418 1535 αὐτοῦ
461 1484 610 1545 ἔτους
636 1485 942 1553 παρέλαϐον
980 1489 1029 1538 οἱ
1060 1491 1367 1541 Καταλάνοι
1429 1490 1527 1559 τὴν
1581 1491 1814 1559 Γλαρέν-

245 1571 407 1637 τζαν,
438 1575 532 1626 καὶ
552 1577 927 1645 κρατήσαντές
953 1596 1060 1630 τινι
1111 1580 1286 1647 καιρῷ
1339 1576 1458 1633 εῐτα
1524 1581 1811 1647 ἐπώλησαν

247 1662 423 1733 αὐτὴν
451 1664 536 1717 διὰ
563 1666 828 1736 χρυσίνων
866 1668 1104 1744 νρυμίων
1131 1670 1372 1738 χιλιάῗας
1420 1672 1513 1723 δύο
1547 1673 1638 1724 καὶ
1679 1672 1812 1725 δέκα

243 1752 328 1820 τῷ
354 1752 584 1825 αὐθέντῃ
618 1773 742 1823 μου,
779 1757 872 1810 καὶ
903 1757 1022 1826 μετ’
1047 1760 1225 1827 ὀλίγον
1273 1760 1584 1832 προστάξας
1636 1766 1812 1817 πάντα

243 1847 318 1895 τὰ
347 1847 500 1916 τείχη
534 1849 700 1919 αὐτῆς
727 1850 1021 1920 ἐπόρθησε.
1053 1855 1158 1907 Καὶ
1215 1854 1291 1922 τῷ
1339 1855 1632 1924 Αὐγούστῳ
1684 1856 1812 1925 μηνὶ

1921 666 2249 733 γράμματος
2276 665 2340 716 ἐκ
2368 667 2464 734 τῆς
2494 665 2803 729 Βοστίτζας,
2842 665 2924 718 ὅτι
2975 665 3066 716 τοῦ
3115 661 3481 732 παρελθόντος

1934 756 2263 825 ἰανουαρίου
2320 755 2364 820 ξ’
2419 757 2644 825 τέθνηκε
2699 757 2954 824 λοιμώδει
2996 757 3135 825 νόσῳ
3182 759 3207 806 6
3260 755 3479 822 ἄριστος

1920 849 2088 916 κάμοι
2123 849 2275 915 φίλος
2310 849 2596 918 Μακάριος
2630 851 2656 900 6
2687 850 2782 901 καὶ
2837 847 3072 916 Μακρὴς
3127 846 3478 912 καλούμενος,

1919 940 1946 991 6
1979 927 2107 1006 παρ’
2134 939 2398 1008 ὀφθαλμῷ
2424 937 2521 1005 μὲν
2564 939 2942 1006 πατριαρχικῷ
2995 936 3329 1004 ὑπερηφάνῳ
3380 935 3476 986 καὶ

1921 1031 2145 1084 πλεῖστα
2169 1031 2429 1100 άγερώχῳ
2453 1032 2966 1100 καρδίᾳάἱρετικος,
2999 1030 3147 1094 παρὰ
3187 1029 3243 1079 δὲ
3281 1027 3481 1094 ὀφθαλ-

1924 1126 2009 1194 μῷ
2044 1126 2529 1195 παντοκράτορικῷ
2575 1128 2863 1193 ἀκοιμήτῳ
2919 1124 3012 1175 καὶ
3054 1123 3278 1191 ἀληθείᾳ
3326 1120 3483 1172 δικα-

1919 1217 2088 1287 ζούσῃ
2113 1218 2389 1288 ὀρθόδοξος
2419 1217 2510 1269 ὧν.
2545 1218 2641 1279 '0;
2685 1234 2789 1270 τινι
2842 1215 3015 1283 καιρῷ
3055 1215 3150 1266 καὶ
3200 1216 3277 1275 εἰς
3331 1213 3482 1262 Κων-

1923 1310 2364 1363 σταντινούπολιν
2418 1310 2720 1377 ἐπανῆλθεν
2773 1309 2880 1363 ἀπὸ
2933 1309 3027 1360 τοῦ
3099 1308 3256 1371 ἁγίου
3322 1304 3482 1369 ὅρους

1919 1403 2014 1454 καὶ
2047 1403 2146 1469 τὴν
2210 1402 2378 1469 μονὴν
2409 1401 2504 1452 τοῦ
2551 1401 2996 1469 Παντοκράτορος
3033 1399 3190 1451 ἔλαϐε
3240 1410 3482 1459 παρακι-

1919 1493 2068 1558 νήσει
2096 1491 2188 1543 καὶ
2219 1491 2476 1560 συνεργίᾳ
2503 1491 2632 1558 ἐμῇ,
2669 1491 2742 1552 ὡς
2782 1492 2828 1541 οἱ
2887 1493 3086 1548 πάντες
3135 1487 3428 1538 ἐπίσταντο
3463 1498 3477 1512 °

1915 1584 2012 1635 καὶ
2043 1583 2303 1651 συνάρσει
2342 1585 2439 1650 μὲν
2462 1585 2675 1653 πρῶτον
2708 1583 2812 1634 τοῦ*
2827 1580 3265 1646 παντοκράτορος
3315 1574 3477 1635 Θεοῦ,

1918 1677 2112 1730 ἔπειτα
2132 1677 2187 1729 δὲ
2219 1677 2426 1745 σπουδῇ
2459 1693 2514 1726 τε
2548 1676 2644 1726 καὶ
2692 1675 2986 1743 ἐπιμελείᾳ
3031 1672 3161 1738 ἐμοῦ
3192 1688 3249 1720 τε
3292 1669 3482 1720 κάκεί-

1918 1785 2008 1820 νου
2043 1769 2150 1819 πᾶν
2193 1767 2354 1818 καλὸν
2411 1769 2546 1834 πρὸς
2621 1765 2879 1816 σύστασιν
2931 1763 3022 1814 καὶ
3063 1759 3359 1826 εὐκοσμίαν
3399 1760 3482 1820 είς

1895 1858 2017 1928 ,τὴν
2041 1859 2212 1927 αὐτὴν
2246 1859 2414 1925 μονὴν
2461 1857 2836 1926 προεχώρησε.
2881 1856 2990 1906 Kal.
3046 1854 3123 1921 τῷ
3178 1854 3322 1904 τέλει
3386 1848 3478 1902 106

244 1935 342 1988 τοῦ
370 1939 537 1991 αὐτοῦ
569 1940 720 2003 ἔτους
755 1943 1266 2014 ἐπαναστρέψαντες
1298 1948 1346 1998 οἱ
1401 1948 1510 2000 ἀπὸ
1564 1947 1657 2000 τοῦ
1712 1947 1808 2015 βα·
1845 1933 1885 1988 Β
1915 1951 2075 2021 ἔαρος
2142 1950 2306 2002 αὐτοῦ
2370 1950 2433 2018 δὴ
2482 1950 2576 2000 τοῦ
2641 1949 2793 2010 ἔτους
2843 1944 3007 2014 ἦλθεν
3053 1948 3081 1998 6
3126 1944 3482 2012 Τουραχάνης

246 2029 440 2092 σιλέως
491 2031 595 2099 κὺρ
656 2029 903 2088 Ἰωάννου
978 2037 1111 2105 πρὸς
1160 2038 1252 2090 τὸν
1309 2038 1499 2090 πάπαν
1535 2040 1811 2108 Μαρτίνον

245 2122 536 2190 πρέσϐεις,
566 2126 789 2193 Μάρκος
816 2126 961 2195 λέγω
987 2129 1014 2180 6
1047 2129 1267 2196 Ἵαγρος
1294 2133 1386 2182 καὶ
1423 2131 1595 2198 μέγας
1650 2148 1814 2199 στρα-

243 2217 610 2287 τοπεδάρχης,
635 2221 727 2271 καὶ
750 2222 776 2272 6
811 2221 982 2288 μέγας
1018 2221 1464 2289 πρωτοσύγκελος
1518 2226 1611 2274 καὶ
1645 2222 1814 2292 ἡγού-

251 2323 414 2376 μενος
469 2309 566 2376 τῆς
621 2311 925 2380 σεϐασμίας
989 2317 1156 2382 μονῆς
1197 2314 1290 2365 τοῦ
1344 2315 1812 2383 Παντοκράτορος,

252 2399 350 2450 καὶ
401 2402 428 2452 6
485 2401 836 2471 ἱερομόναχος
886 2403 980 2455 καὶ
1039 2403 1409 2471 πνευματικὸς
1452 2404 1740 2471 Μακάριος
1790 2407 1818 2456 6

251 2493 489 2561 Μακρὴς
517 2495 940 2563 ὀνομαζόμενος,
974 2495 1113 2565 ἀνὴρ
1148 2496 1369 2565 ἄριστος
1417 2497 1558 2548 κατά
1619 2513 1677 2546 τε
1734 2497 1818 2547 λό-

253 2601 352 2650 γον
376 2587 470 2636 ml
504 2586 704 2656 ἀρετὴν
733 2588 828 2639 καὶ
871 2588 1088 2641 σύνεσιν
1117 2604 1131 2618 ·
1198 2590 1290 2640 καὶ
1349 2587 1682 2655 διερχόμενοι
1720 2587 1818 2652 τὴν

255 2676 672 2744 Πελοπόννησον
739 2679 1003 2746 ἐποίησαν
1047 2679 1114 2730 δι’
1155 2678 1381 2746 ὁρισμοῦ
1425 2677 1519 2729 τοῦ
1556 2677 1820 2746 βασιλέως

255 2765 522 2834 δεσπότην
543 2769 633 2820 τὸν
657 2769 1079 2822 αὐθεντόπουλον
1110 2771 1212 2839 κὺρ
1251 2770 1468 2837 Θωμᾶν.

330 2860 437 2911 Καὶ
467 2859 543 2926 τῷ
564 2862 733 2926 ,ἢλλω
767 2862 876 2914 ἔτει
904 2862 1032 2930 μηνὶ
1059 2861 1418 2931 Σεπτε”μϐρίῳ
1441 2863 1821 2930 εὐηργετήθην

254 2947 370 3016 ἐγὼ
583 2952 680 3018 τὴν
701 2952 799 3020 τῆς
831 2953 1048 3019 Πάτρας
1077 2953 1395 3021 ἠγεμονίαν.
1431 2953 1537 3004 Καὶ
1559 2952 1636 3020 τῷ
1672 2951 1821 3018 αὐτῷ

255 3041 371 3093 ἔτει
410 3041 718 3111 Ὀκτωϐρίῳ
752 3045 883 3112 μηνὶ
931 3044 1140 3112 ἀπῆρεν
1173 3046 1198 3095 6
1231 3044 1475 3113 μπεγ).ἐρ
1513 3045 1688 3110 μπὲης
1715 3043 1823 3096 τῶν

256 3132 521 3200 Τούρκων
578 3133 812 3203 τούνομα
861 3136 1090 3203 Σινάνης
1120 3137 1187 3187 τά
1246 3136 1519 3187 Ἰωάννινα
1580 3135 1822 3204 καὶ’τὴν

1915 2046 2005 2097 καὶ
2031 2044 2401 2111 κατεχάλασεν
2437 2039 2593 2103 αὖθις
2624 2041 2692 2092 τά
2737 2040 2828 2091 τοῦ
2875 2037 3090 2106 Ἰσθμοῦ
3149 2037 3324 2104 τείχη,
3374 2034 3482 2086 Καὶ

1917 2135 2086 2204 πολλὴ
2111 2135 2333 2204 λοιμικὴ
2364 2135 2518 2196 νόσος
2541 2133 2764 2200 γέγονεν
2797 2133 2855 2182 ἐν
2886 2133 2949 2200 τῇ
2983 2129 3197 2198 Πάτρᾳ.

1990 2273 2042 2327 ι’.
2081 2274 2190 2326 Καὶ
2231 2273 2294 2340 τῇ
2329 2269 2407 2322 λα’
2443 2267 2776 2336 ’ἰανουαρίου
2803 2266 2894 2318 τοῦ
2930 2263 3087 2336 ,ςεῇμ’
3120 2265 3272 2325 ἔτους
3323 2265 3485 2316 στα).-

1919 2368 2032 2430 θεὶς
2067 2367 2176 2433 ἐγὼ
2213 2365 2458 2433 ἀπῆλθον
2513 2361 2758 2430 πρέσϐυς
2799 2361 2934 2429 πρὸς
2987 2361 3080 2412 τὸν
3134 2358 3358 2425 άμηρᾶν
3389 2357 3486 2408 καὶ

1916 2460 2008 2511 τὸν
2061 2458 2304 2526 βασιλέα,
2353 2457 2447 2524 ἀφ’
2483 2448 2542 2505 06
2589 2455 2652 2524 δὴ
2686 2452 2782 2506 τοῦ
2835 2451 3104 2520 βασιλέως
3141 2449 3237 2499 καὶ
3285 2448 3345 2499 τὸ
3390 2447 3484 2498 τοῦ

1920 2549 2423 2620 πρωτοϐεστιαρίου
2447 2547 2702 2614 ὀφφίκιον
2739 2545 2898 2613 158
2926 2544 3048 2594 τότε
3077 2539 3484 2609 εὐηργετήθην.

1934 2648 2020 2699 Ἐν
2049 2640 2091 2712 ᾧ
2126 2644 2232 2694 ἔτει
2263 2642 2339 2712 τῷ
2363 2641 2593 2711 Μαρτίῳ
2626 2641 2756 2708 μηνὶ
2788 2640 2884 2688 καὶ
2913 2639 2943 2706 ἡ
2974 2635 3241 2700 ἐναλλαγὴ
3265 2632 3374 2683 τῶν
3402 2633 3490 2682 τό-

1923 2757 2038 2792 πων
2085 2738 2405 2805 ἀμφοτέρων
2451 2734 2560 2786 τῶν
2613 2730 2855 2798 ἀδελφῶν
2914 2730 3008 2781 καὶ
3052 2727 3329 2779 δεσποτῶν
3379 2723 3488 2793 κὺρ

1922 2829 2335 2886 Κωνσταντίνου
2367 2830 2458 2879 καὶ
2487 2828 2592 2893 κίιρ
2623 2825 2798 2892 Θωμᾶ
2823 2821 3059 2887 ἐγένετο·
3089 2821 3116 2870 6
3144 2819 3240 2886 μὲν
3272 2817 3491 2884 ἀπῆρεν

1922 2923 1990 2973 τά
2016 2920 2350 2988 Καλάϐρυτα
2383 2918 2482 2968 x11
2513 2916 2690 2966 πάντα
2721 2914 2787 2964 τὰ
2835 2914 3036 2973 ἐκεῖσε,
3067 2910 3094 2960 6
3126 2910 3182 2962 δὲ
3229 2908 3328 2977 τὴν
3355 2907 3494 2959 Γλιιμ⁸

1927 3012 2154 3082 ρέντζαν
2185 3011 2281 3061 καὶ
2309 3009 2376 3060 τά
2405 3004 2566 3075 πέριξ
2593 3005 2760 3064 αὐτῆς
2786 3003 2985 3054 πάντα.

1995 3141 2106 3194 Καὶ
2145 3139 2222 3209 τῷ
2254 3141 2448 3211 γςῇμω
2498 3137 2606 3190 ἔτει
2661 3136 2982 3205 τέθνηκενή
3041 3135 3134 3186 τοῦ
3167 3134 3492 3187 Μαλατέστα

257 3224 442 3276 αὐτῶν
474 3227 756 3294 περιοχὴν.
808 3228 917 3280 Καὶ
960 3231 1024 3297 τῇ
1075 3233 1164 3290 κς-¹
1220 3228 1464 3295 Μαρτίου
1501 3227 1594 3279 τοῦ
1655 3227 1892 3313 αὐτοῦς
1927 3234 2193 3302 θυγάτηρ,
2252 3231 2389 3300 γυνὴ
2445 3230 2540 3282 τοῦ
2586 3230 2847 3282 δεσπότου
2898 3230 3004 3297 κὺρ
3053 3228 3332 3297 Θεοδώρου
3395 3227 3490 3278 τοῦ

255 3315 438 3378 ἔτους,
473 3318 530 3368 ἐν
563 3318 743 3386 ἡμέρᾳ
777 3320 868 3370 καὶ
915 3317 1034 3388 ὥρᾳ
1087 3321 1151 3386 τῇ
1201 3319 1349 3388 ἀὐτῇ
1406 3318 1463 3368 ἐν
1611 3317 1706 3368 καὶ
1757 3316 1826 3368 τὰ

256 3409 634 3477 προγεγοιότα
669 3427 758 3477 μοι
786 3410 1004 3478 συνέϐη,
1038 3408 1307 3479 ἐδεξάμην
1339 3411 1431 3462 καὶ
1491 3410 1552 3462 τὸ
1584 3409 1825 3480 λυπηρὸν

258 3593 479 3662 imperii
508 3593 676 3647 teneri
715 3608 743 3646 a
771 3593 1022 3648 Venetis.
1064 3613 1080 3644 ι
1118 3595 1293 3662 Atque
1323 3595 1393 3648 ita
1441 3611 1627 3648 mense
1655 3595 1822 3664 Aprili

257 3685 508 3751 ejusdem
563 3686 688 3738 anni
747 3685 1009 3754 inclytam
1087 3685 1534 3739 'l‘hessalonicam
1614 3701 1824 3741 ameras

255 3778 308 3828 vi
337 3778 504 3844 cepit.

329 3868 726 3922 Constantinus
776 3869 1003 3938 despota
1065 3879 1270 3934 autem,
1338 3871 1596 3926 dominus
1647 3887 1820 3937 meus,

253 3975 449 4014 mense
476 3959 613 4014 Maio
637 3960 880 4027 ejusdem
933 3963 1061 4034 anni
1115 3961 1332 4016 Patram
1389 3963 1439 4016 in
1498 3973 1818 4030 potestatem

252 4053 488 4120 redegit.
528 4053 665 4120 pesti
697 4053 929 4121 aliisque
961 4055 1160 4107 civium
1213 4055 1576 4109 incommodis
1625 4058 1820 4111 subae-

257 4160 393 4198 tam.
426 4145 642 4198 Decimo
701 4147 934 4213 septimo
974 4145 1104 4198 Julii
1145 4148 1270 4204 anui
1301 4147 1543 4214 ejusdem
1576 4136 1821 4203 Gatelani

254 4240 608 4292 Glarenlzam
642 4248 996 4305 occuparunt,
1029 4253 1260 4307 eamque
1291 4239 1602 4308 aliquandiu
1642 4253 1822 4294 reten-

256 4340 394 4388 tam,
458 4327 747 4380 duodecim
808 4343 1101 4381 aureorum
1138 4329 1375 4383 millibus
1432 4331 1655 4384 domino
1702 4347 1825 4386 meo

251 4419 641 4484 \cndidernnt,
679 4420 770 4488 qui
810 4421 956 4473 brevi
994 4429 1116 4488 post
1140 4422 1339 4474 mmnia
1383 4421 1503 4488 ejus
1563 4422 1820 4476 universa

254 4509 468 4562 destrui
497 4508 682 4575 jussit.
716 4509 900 4564 Mense
934 4513 1181 4581 Augusto
1205 4511 1445 4576 ejusdem
1471 4512 1598 4565 anni
1650 4512 1824 4566 redie-

258 4611 390 4654 runt
422 4601 492 4652 ab
539 4604 866 4668 imperatore
921 4601 1126 4667 Joanne
1161 4603 1227 4656 ad
1285 4603 1575 4657 Martinam
1627 4621 1818 4674 papam

255 4692 615 4760 iiiiSsiJegati.
636 4691 1079 4760 MarcusJagrus,
1106 4709 1336 4760 magnus
1356 4694 1824 4762 stratnpedarcha.

253 4793 310 4835 et
343 4798 577 4851 inaguus
607 4784 1028 4852 protosynrelus
1062 4795 1115 4835 et
1150 4787 1460 4837 venerando
1497 4787 1827 4838 monasterio

254 4874 668 4927 Pantocratoris
691 4873 999 4940 pra-fectus,
1035 4875 1498 4929 hieronionachus
1533 4884 1587 4928 et
1654 4877 1820 4942 s‘piri-

254 4966 425 5018 tualis
479 4973 629 5031 pater
685 4962 976 5027 Macarius,
1007 4967 1332 5033 cegnoniine
1368 4966 1569 5028 Macra,
1605 4967 1688 5018 vir
1715 4969 1828 5020 elo-

253 5055 502 5126 quentia.
533 5057 812 5109 virtuteet
842 5053 1127 5124 prudentia
1164 5059 1678 5125 prteslautissimus.
1737 5058 1826 5121 Hi,

258 5164 358 5215 per
383 5135 1268 5214 Piloponnesumproﬁciscentes.
1337 5149 1602 5203 Thomam
1674 5152 1832 5220 prin-

253 5242 434 5308 Cipcm
461 5239 615 5307 jussu
651 5240 994 5307 imperatoris
1019 5241 1301 5308 dcspotam
1328 5240 1592 5296 l‘e’eerunt.

334 5331 490 5382 A'nnn
525 5329 684 5392 6939,
720 5346 907 5384 mense
953 5331 1280 5398 Septembri,
1338 5332 1657 5399 praefectura
1729 5335 1829 5388 Pa-

256 5421 433 5473 trensi
472 5423 865 5475 eohoiwslatus
923 5437 1069 5477 sum.
1140 5423 1340 5476 l'lmleni
1415 5440 1580 5492 anno,
1645 5443 1831 5483 mense

255 5514 507 5574 Octobri,
588 5515 947 5583 llcglerbegus
1017 5513 1214 5579 Turea,
1289 5518 1509 5570 nomine
1574 5520 1826 5585 Siuanes,

253 5605 531 5661 Joannim
566 5607 922 5673 regionesque
946 5606 1260 5674 adjacentrs
1284 5611 1576 5676 occupavit
1607 5628 1621 5672 ;
1649 5621 1703 5665 et
1755 5613 1832 5664 vi-

255 5695 467 5749 ei-sinio
497 5703 650 5748 Sexto
676 5692 850 5746 Martii
887 5694 973 5748 die
1006 5707 1061 5748 et
1119 5698 1250 5750 hora
1284 5700 1497 5761 eadem,
1530 5715 1636 5768 qua
1703 5712 1829 5756 ante

256 5795 480 5839 narrata
517 5785 641 5836 mihi
667 5786 1006 5847 arciderunt,
1037 5804 1132 5853 per
1166 5789 1376 5841 litteras
1439 5791 1643 5845 domini
1696 5796 1823 5855 mei,

265 5878 510 5931 Uustilza
544 5879 794 5945 scriptas,
830 5880 1034 5933 tristem
1071 5884 1319 5934 nuntium
1357 5884 1565 5952 accepi,
1599 5896 1824 5952 [inetur-

1928 3320 2471 3388 πορφυρογεννήτου,
2523 3321 2556 3389 ή
2598 3317 2766 3387 κυρία
2815 3317 3052 3369 Κλεώπα
3080 3315 3320 3386 τοῦνομα
3353 3333 3364 3346 ·
3397 3317 3492 3369 καὶ

1927 3415 2100 3484 ἐτάφη
2131 3415 2189 3466 ὲν
2223 3417 2289 3483 τῇ
2325 3413 2419 3464 τοῦ
2456 3413 2728 3465 Ζωοδότου
2774 3413 2932 3481 μονῇ.

1927 3597 1985 3650 iti
2044 3594 2287 3649 Januarii
2319 3597 2406 3650 die
2433 3598 2664 3664 septimo
2713 3602 2990 3648 mortuum
3054 3607 3177 3646 esse
3228 3591 3490 3662 pestifero

1925 3686 2119 3739 morbo
2137 3686 2312 3740 virum
2341 3687 2605 3754 optimum
2625 3693 2676 3738 et
2709 3684 2843 3737 mihi
2872 3683 3272 3737 amicissimum
3315 3683 3491 3734 Maca-

1926 3779 2065 3832 rium
2094 3778 2329 3834 Macram
2359 3797 2372 3832 :
2407 3778 2501 3848 qui
2533 3792 2656 3834 cum
2682 3777 3000 3845 patriarchae
3027 3775 3204 3829 oculis
3238 3775 3495 3842 superbis

1924 3880 1979 3924 et
2008 3874 2190 3926 animo
2217 3872 2555 3926 ferocissimo
2588 3869 2874 3924 hiereticus
2915 3868 3207 3928 videretur,
3245 3867 3497 3934 omnipo-

1927 3964 2056 4017 tenti
2105 3979 2428 4030 semperque
2470 3963 2615 4028 vigili
2675 3970 2728 4014 et
2757 3961 2822 4014 ad
2879 3959 3163 4014 veritatem
3223 3955 3496 4023 judicanti

1925 4058 2080 4108 oculo
2099 4053 2432 4107 orthodoxos
2461 4062 2597 4106 erat.
2634 4052 2682 4105 ls
2707 4053 2939 4119 quodam
2964 4061 3210 4118 tempore
3259 4049 3492 4116 ()polim,

1925 4163 1952 4200 a
1985 4156 2169 4200 monte
2196 4154 2383 4198 saneto
2408 4159 2680 4204 reversus,
2741 4157 2826 4194 me
2871 4151 3098 4195 auctore
3125 4150 3179 4194 et
3244 4140 3497 4206 azljutore

1926 4248 1985 4291 ut
2044 4237 2290 4291 sciebant
2346 4252 2560 4299 omnes,
2609 4234 3006 4288 monasterium
3081 4232 3490 4284 Pantocratnris

1926 4329 2224 4394 regendum
2287 4327 2518 4394 accepit,
2571 4335 2624 4378 et
2705 4325 2912 4378 auxilio
2971 4324 3190 4393 quidem
3249 4323 3487 4389 primum

1927 4419 2315 4486 omnipotentis
2349 4419 2461 4482 Dei,
2511 4418 2710 4472 deinde
2766 4433 2885 4470 meo
2922 4426 2977 4470 et
3036 4417 3209 4484 ipsius
3239 4415 3420 4467 studio
3444 4419 3498 4463 et

1931 4511 2230 4578 diligentia,
2261 4511 2324 4563 ad
2359 4526 2446 4564 res
2479 4509 2790 4563 monasterii
2820 4510 2937 4577 ejus
2963 4509 3295 4564 ordinandas
3321 4507 3500 4559 admi-

1934 4602 2360 4669 nistrandasque
2397 4602 2579 4654 omnia
2615 4601 3031 4668 praeclarissime
3060 4599 3208 4653 fecit.
3247 4601 3492 4652 Exeunte

1935 4705 2059 4743 vere
2094 4692 2338 4758 ejusdem
2373 4692 2501 4743 anni
2534 4691 2910 4754 Turachanes,
2948 4690 3314 4758 impressione
3335 4688 3475 4740 facta

1929 4781 2127 4849 drjecit
2159 4797 2350 4835 rursus
2383 4797 2568 4835 muros
2617 4782 2831 4841 litbmi,
2857 4797 2918 4835 ac
2976 4779 3148 4833 Patre:
3208 4780 3501 4833 vehemens

1929 4872 2237 4939 pestilentia
2266 4871 2387 4924 l'uit.

2014 4966 2096 5019 10.
2133 4964 2226 5019 Die
2253 4966 2427 5032 primo
2456 4973 2511 5016 et
2541 4962 2825 5016 tricesimo
2865 4960 3112 5015 Januarii
3173 4964 3300 5013 anni
3359 4961 3504 5015 6950

1931 5062 2134 5115 missus
2167 5075 2286 5113 sum
2335 5057 2545 5126 legatus
2603 5056 2666 5108 ad
2749 5072 2988 5110 ameram
3014 5065 3066 5109 et
3118 5056 3500 5121 inqirraiorem

1929 5154 2017 5220 qui
2049 5161 2158 5202 tum
2199 5149 2599 5216 protovestiarii
2635 5148 2898 5218 dignitate
2933 5163 3018 5200 me
3079 5147 3313 5199 ornavit.
3381 5145 3498 5209 Qun

1929 5246 2118 5298 eodem
2163 5257 2326 5300 anno.
2358 5257 2547 5293 mense
2607 5239 2824 5302 Martio,
2886 5241 3208 5308 permutatio
3255 5239 3498 5290 locorum

1932 5338 2072 5388 inter
2112 5337 2248 5388 duos
2286 5333 2482 5385 initi-es
2506 5342 2558 5384 et
2593 5333 2884 5400 principes,
2954 5330 3374 5384 Constantinum
3441 5343 3496 5380 et

1930 5429 2217 5488 Thomam,
2274 5428 2414 5478 farta
2471 5437 2553 5481 est
2617 5440 2886 5486 :quorum
2951 5425 3086 5475 alter
3137 5423 3426 5491 Calabryta
3448 5429 3502 5475 et

1933 5533 2051 5585 qua:
2083 5528 2204 5569 sunt
2262 5517 2312 5568 in
2365 5518 2583 5575 vicinia,
2638 5517 2772 5569 alter
2816 5515 3163 5569 Glarentz‘am
3186 5512 3492 5564 etcilruai-

1929 5610 2164 5678 iacentia
2200 5609 2313 5659 Ima
2348 5610 2547 5674 arci-pit
2569 5641 2584 5656 .

2001 5703 2157 5752 Anno
2174 5699 2303 5752 6941
2347 5700 2638 5751 Malatesta:
2671 5699 2800 5757 lilia,
2841 5713 2974 5750 uxor
3009 5693 3281 5749 Theodori
3303 5695 3494 5755 despoo

1935 5802 1999 5843 t.e
2045 5790 2521 5858 pm-phyrogeuiti,
2587 5790 2784 5856 (lli-(ipa
2835 5790 3078 5848 domina,
3141 5787 3276 5838 obiit
3331 5794 3382 5836 et
3440 5787 3494 5836 in

1933 5885 2267 5936 nimiast-rio
2304 5883 2503 5936 Christi
2541 5880 2840 5935 διιιγυιυγὶδ
2883 5881 3092 5946 sepulta
3119 5891 3220 5932 est.
