4134 6452
681 438 788 501 767

1877 449 2196 509 GEORGII
2239 447 2668 510 ΡΗΒΛΝΤΖΕ

752 556 860 606 Καὶ
886 553 963 624 τῷ
994 555 1189 626 ,ςᾏμβ
1220 557 1332 610 ἔτει
1370 559 1697 630 ’ῐανουαρίου
1734 564 1776 626 ζ’
1809 566 1972 618 πάλιν
2004 568 2247 634 ἀπῆλθον
2279 570 2316 624 Α
2352 568 2526 634 χῶραι
2549 569 2642 620 καὶ
2667 569 2845 627 πόλεις
2871 569 2960 618 καὶ
2984 567 3941 636 κ‹τ›μαι,⁹Αατρον,Ἄγιος-Πέτρος.

685 649 924 711 πρέσϐυς
954 650 1086 717 πρὸς
1117 652 1209 702 τὸν
1246 652 1349 719 κὺρ
1398 653 1678 706 Ἀντώνιον
1709 658 1798 708 τὸν
1825 659 2112 726 Κομνηνὺν
2153 662 2244 710 τὸν

679 739 790 788 τῶν
849 737 1089 807 Ἀθηνῶν
1119 740 1386 810 αὐθέντην
1440 745 1531 796 καὶ
1582 745 1720 813 πρὸς
1767 748 1858 799 τὸν
1893 749 2116 818 άμηρᾶν
2151 752 2245 801 καὶ

681 829 819 896 πρὸς
849 831 943 882 τὸν
975 831 1218 898 βασιλέα.
1261 833 1352 886 Ἐν
1390 828 1516 902 ᾧδὴ
1569 837 1890 908 Ἰανουαρίῳ
1936 844 1998 909 τῇ
2037 848 2119 893 κθ⁹
2151 843 2247 894 αὐ-

678 920 798 984 τοῦ,
833 924 1027 985 νυκτὸς
1058 923 1175 995 ῶρᾳ
1217 925 1376 996 τρίτη
1397 967 1412 989 ,
1460 929 1849 998 ἐπυρπόλησαν
1881 934 2072 995 παῖδές
2103 951 2247 994 τινες

681 1013 1109 1079 ἀρχοντόπουλοι
1143 1015 1234 1067 τὸν
1297 1018 1352 1067 ὲν
1412 1019 1749 1089 Βλαχέρναις
1803 1026 1883 1084 εἰς
1934 1026 2104 1089 ὄνομα
2147 1026 2244 1092 τῆς

683 1102 1032 1170 Θεορήτορος
1067 1105 1210 1158 θεῖον
1236 1109 1363 1159 ναὸν
1414 1111 1505 1161 τὸν
1533 1114 1835 1182 περικαλλῆ
1888 1120 1982 1167 καὶ
2034 1119 2248 1184 θαυμα-

681 1198 936 1263 τουργὸν,
970 1199 1215 1262 θέλοντες
1256 1206 1450 1254 πιάσαι
1496 1207 1643 1266 τινὰς
1691 1208 1946 1269 νεοττοὺς
1993 1227 2248 1277 περιστε-

685 1287 814 1353 ρῶν·
854 1287 912 1349 ὃς
943 1291 1069 1348 ναὸς
1096 1291 1271 1343 ἔκειτο
1307 1295 1364 1343 έν
1399 1297 1463 1361 τῇ
1499 1296 2072 1350 Κωνσταντινουπόλει
2111 1302 2248 1368 πλη-

683 1377 800 1429 σίον
849 1380 940 1432 τοῦ
988 1383 1286 1447 κερατικοῦ
1341 1384 1546 1436 κόλπου
1597 1389 1656 1438 ὲν
1698 1388 1774 1456 τῷ
1832 1389 2103 1458 αἰγιαλῷ.
2139 1394 2250 1446 Kal

682 1466 839 1519 τοῦτο
870 1470 1185 1538 ἀκηκόαμεν
1230 1475 1288 1523 ὲν
1332 1477 1395 1540 τῇ
1452 1476 2026 1532 Κωνσταντινουπόλει
2073 1483 2247 1550 άπερ-

683 1558 900 1626 χόμενοι
959 1563 1026 1629 τῇ
1068 1561 1260 1632 πρώτῃ
1321 1565 1724 1636 ⁴ιεὸρουςιρίου,
1776 1571 1895 1640 ῶρᾳ
1956 1574 2095 1639 μετὰ
2158 1575 2250 1627 τὸν

686 1650 967 1718 ἐσπερινδν
999 1654 1098 1718 τῆς
1123 1657 1457 1724 Δεσποτικῆς
1505 1659 1698 1729 ἑορτῆς
1723 1663 1821 1732 τῆς
1868 1665 2246 1733 ’Υπαπαντῆς.

685 1740 797 1791 Kal
850 1741 1026 1794 ὲπεὶό
1083 1745 1325 1812 εἰρηκὼς
1377 1749 1476 1800 οὐκ
1542 1751 1833 1821 ἐγνώσθη,
1883 1755 2249 1826 ἐλογισάμεθα

683 1828 880 1894 ψεῦδος
911 1827 1074 1894 εἶναι,
1113 1839 1206 1885 καὶ
1247 1835 1552 1902 διελθόντες
1605 1843 2033 1913 παρέμπροσθεν
2081 1850 2251 1915 μονὰς

687 1921 848 1971 πέντε
880 1923 1031 1975 οὐδὲν
1062 1926 1192 1993 περὶ
1237 1930 1429 1981 τούτου
1462 1932 1808 2001 ἠκούσαμεν,
1836 1938 1928 1989 καὶ
2170 1942 2250 2002 είς

686 2013 786 2080 τὴν
822 2016 877 2064 ἐν
909 2015 984 2083 τῷ
1031 2016 1326 2084 Ῥαιδεστῷ
1375 2021 1509 2092 ἕκτῃ
1566 2027 1701 2093 μονῇ
1759 2027 1917 2094 ἡμῶν
1976 2030 2250 2100 ἐμάθομεν

689 2104 847 2158 τοῦτο
923 2109 1190 2176 άκριὸῶς,
1242 2113 1360 2176 πῶς
1411 2119 1504 2168 καὶ
1551 2119 1682 2170 πότε
1720 2123 1956 2188 ἐγένετο,
1989 2125 2128 2195 ὅπερ
2157 2119 2252 2180 καὶ

689 2215 765 2248 πα
773 2200 1017 2266 ράδοξον,

759 2290 867 2342 Καὶ
905 2296 1026 2344 κατ’
1073 2296 1246 2364 ἀρχάς
1294 2299 1386 2352 τοῦ
1438 2302 1630 2370 θέρους
1670 2306 1765 2358 τοῦ
1794 2310 1990 2377 ,ς-ᾓμῇ
2018 2312 2253 2366 ἀπέθανε

689 2380 782 2475 iul
813 2384 842 2433 ό
870 2383 980 2435 τῶν
1023 2385 1264 2454 Ἀθηνῶν
1291 2393 1558 2461 αὐθέντης
1589 2399 1681 2449 καὶ
1714 2401 1908 2470 Θηϐῶν
1938 2404 1964 2453 ό
2009 2407 2254 2475 προῤῥη·

691 2471 807 2566 θεὶς
833 2475 936 2540 κὺρ
981 2477 1264 2541 Ἀντώνιος
1300 2484 1636 2552 Λαντζιόλης
1658 2493 1685 2540 ό
1717 2493 2020 2560 Κομνηνός·
2048 2471 2139 2546 καλ
2163 2471 2257 2566 ζη-

691 2563 845 2628 τήσει
895 2568 994 2632 τῆς
1041 2569 1254 2622 ἐκείνου
1300 2577 1560 2638 γυναικὸς
1611 2581 1828 2647 Μαρίας
1885 2563 2254 2653 Μελισσηνῆς,

694 2652 965 2723 θυγατρὸς
992 2659 1219 2722 Λέοντος
1261 2666 1354 2715 τοῦ
1389 2667 1755 2738 Μελισσηνοῦ,
1791 2675 2010 2740 πρώτου
2047 2652 2261 2738 ἐξαδέλ-

693 2760 797 2810 φου
830 2747 1150 2818 Νικηφόρου
1182 2753 1272 2804 τοῦ
1299 2757 1642 2825 Μελίσσηνοῦ
1689 2761 1747 2813 ὃν
1775 2766 2256 2835 προεδηλώσαμεν,

691 2837 924 2906 ἐστάλην
957 2841 1067 2905 ἐγὼ
1100 2843 1241 2910 μετὰ
1270 2846 1493 2915 ὲνόρκου
1522 2851 1961 2920 ἀργυροὸούλλου
1994 2858 2088 2909 καὶ
2124 2861 2256 2911 πολ-

691 2927 799 2979 λῶν
831 2934 1200 2999 στρατιωτῶν,
1237 2935 1322 2988 ἵνα
1368 2941 1674 3008 παραλάϐω
1726 2946 1825 3010 τὴν
1881 2948 2109 3016 Ἀθήναν
2161 2953 2256 3003 καὶ

690 3018 894 3088 Θήϐαν,
927 3024 1020 3076 καὶ
1054 3025 1212 3077 ἄλλον
1246 3027 1359 3079 ἀντ’
1393 3033 1574 3082 αὐτῶν
1605 3036 1684 3094 εἰς
1714 3036 1811 3102 τὴν
1845 3038 2257 3108 Πελοπόννησον

691 3112 828 3181 αὐτῇ
853 3113 1008 3202 δώσω
1055 3118 1241 3183 τόπον,
1275 3122 1421 3174 κατὰ
1464 3125 1532 3175 τὰ
1575 3125 1714 3195 μέρη
1763 3128 1863 3191 τῆς
1911 3132 2252 3202 Λακωνικῆς,

2350 658 2856 723 Ἄγιος-Ἰωάννης.
2893 657 3273 723 Πλαταμόνας,
3301 657 3566 722 Μελίγον,
3587 657 3944 724 Προὰστεισν

2348 748 2640 808 Λεωνίδας,
2675 749 3048 814 Κυπαρισσία,
3107 749 3359 810 Ῥέοντας
3401 753 3494 799 καὶ
3529 750 3790 811 Σίτανας,
3839 749 3946 799 καὶ

2347 838 2522 899 οὕτως
2556 840 2721 904 ἐγγὺς
2770 839 2951 888 αὐτῶν
3002 837 3160 890 δώσω
3208 840 3346 907 αὐτῇ
3408 841 3575 891 τόπον
3603 842 3810 891 ὁπόσον
3841 842 3946 889 καὶ

2348 922 2458 980 οἷον
2489 927 2803 996 φανήσηταί
2843 945 2931 995 μοι
2965 930 3044 988 εἰς
3092 927 3320 995 γνώμην
3367 928 3462 978 καὶ
3493 927 3690 998 βουλὴν
3729 928 3942 990 ninia.

2352 1018 2724 1082 Προλαϐόντος
2777 1019 2834 1070 δὲ
2889 1017 2982 1068 τοῦ
3040 1018 3364 1085 Τουραχᾶνη
3421 1019 3518 1068 καὶ
3568 1018 3666 1085 τὴν
3738 1015 3945 1082 Θήϐα-ο

2351 1111 2802 1174 άποκλείσαντος,
2825 1111 2890 1178 ἣν
2920 1111 3014 1162 καὶ
3044 1110 3321 1178 παρέλαϐε
3349 1111 3487 1178 μετὰ
3508 1127 3659 1163 τινας
3686 1111 3794 1176 ἡμέ
3808 1126 3944 1176 ρας,

2349 1204 2632 1272 ἄπρακτος
2669 1202 2782 1269 ἐγὼ
2812 1202 3198 1271 ἐπανέστρεψα
3230 1205 3338 1254 ἀπὸ
3359 1203 3454 1254 τοῦ
3494 1202 3735 1268 Ἰσθμοῦ,
3769 1203 3944 1252 τοῦτο

2351 1297 2731 1362 παραγγελίαν
2773 1296 2880 1364 γὰρ
2914 1295 3131 1361 ἔχοντός
3194 1311 3320 1362 μου.
3356 1295 3448 1355 El;
3479 1295 3536 1345 δὲ
3562 1295 3631 1346 τὰ
3656 1295 3944 1360 Σωλὰρια

2351 1387 2746 1455 εὑρισκομένου
2820 1384 2913 1447 τοῦ
2966 1383 3232 1435 δεσπότου
3302 1385 3398 1434 καὶ
3469 1383 3732 1443 αὑθεντός
3830 1399 3948 1450 μου

2351 1477 2444 1527 καὶ
2466 1479 2565 1536 τὰς
2593 1476 2700 1526 τῶν
2732 1474 2965 1526 Ἑνετῶν
2984 1474 3296 1540 ἐμπορικὰς
3317 1473 3474 1542 ια)
3491 1474 3740 1541 τριήρεις
3767 1488 3944 1537 προισ-

2350 1567 2614 1627 δοκῶντος
2646 1567 2732 1617 ἵνα
2761 1565 2935 1633 ἐμϐὰς
2965 1567 3046 1628 εἰς
3092 1565 3192 1634 τὴν
3226 1565 3381 1616 πόλιν
3413 1563 3647 1632 ἀπέλθῃ,
3681 1565 3796 1615 ἰδοὺ
3825 1565 3944 1628 ἐγὼ

2351 1660 2634 1725 ἄπρακτος
2660 1657 2896 1724 ἔφθασα.

2427 1747 2515 1804 ια’.
2551 1750 2661 1802 Kal
2691 1748 2960 1815 ἐμϐάντες
2989 1750 3069 1808 είς
3122 1748 3222 1808 τὰς
3251 1747 3363 1798 τῶν
3403 1745 3639 1798 Ἐνετῶν
3683 1749 3943 1814 τριήρεις

2353 1839 2447 1889 καὶ
2483 1837 2796 1905 φθάσαντες
2836 1839 2917 1897 είς
2949 1837 3214 1904 Εὕριπον,
3252 1836 3400 1900 εδοξε
3441 1835 3521 1901 τῷ
3550 1835 3792 1904 αὐθέντῃ
3831 1852 3940 1901 μου

2355 1932 2520 1982 καλὸν
2551 1925 2692 1982 εἶναι
2723 1929 3047 1982 ἀποστεῖλαί
3089 1946 3156 1996 με
3189 1931 3326 1994 πρὸς
3347 1928 3439 1979 τὸν
3465 1926 3837 1995 Τουραχάνην
3883 1929 3941 1976 ἐν

2354 2025 2510 2093 Θήϐῃ
2540 2023 2956 2090 εὑρισκόμενον,
2986 2023 3072 2074 ἴνα
3101 2022 3168 2073 τὰ
3199 2021 3329 2090 περὶ
3373 2020 3471 2088 τῆς
3514 2019 3752 2086 Ἀθήνης
3785 2015 3940 2083 αὑτῷ

2354 2107 2748 2187 δηλοποιήσωξ
2796 2115 2906 2168 Kal
2956 2113 3415 2183 παραγενομένου
3465 2130 3567 2180 μου
3617 2111 3817 2180 ἐδέχθη
3871 2129 3939 2178 με

2359 2211 2498 2279 μετὰ
2533 2212 2732 2279 χαρᾶς,
2765 2209 2858 2260 καὶ
2905 2208 3324 2277 ἑπληροφόρησέ
3369 2216 3458 2273 μοι
3497 2206 3618 2274 μεθ’
3649 2207 3821 2272 ὅρκου
3850 2205 3940 2254 λέ-

2356 2320 2468 2369 γων
2495 2303 2575 2353 ὃτι
2614 2301 2676 2354 Εἰ
2726 2301 2942 2367 ἔγνωκα
2975 2299 3134 2351 τοῦτο
3169 2300 3297 2366 πρὶν
3344 2297 3556 2349 οἴκοθεν
3589 2296 3835 2362 ἐξελθεῖν
3868 2312 3936 2361 ps

2356 2391 2618 2453 ἐνταῦθα,
2676 2390 2866 2441 ἕνεκεν
2909 2389 3011 2455 τῆς
3062 2389 3198 2456 πρὶς
3245 2390 3337 2439 τὸν
3383 2389 3654 2455 δεσπότην
3708 2389 3936 2452 arm;

2357 2484 2452 2534 καὶ
2481 2483 2616 2550 πρὸς
2655 2482 2713 2532 σὲ
2748 2481 3060 2548 γνωριμίας
3089 2481 3393 2548 χαριέντως
3421 2480 3450 2531 ὂ
3495 2481 3667 2540 αΞτεῖς
3703 2481 3938 2544 πληρῖ-

2359 2593 2446 2627 σαι
2474 2570 2640 2642 εἰχον,
2693 2575 2816 2624 ἐπεὶ
2874 2572 3002 2624 ἄνευ
3061 2573 3489 2640 προστάγματος
3537 2571 3632 2622 τοῦ
3689 2572 3940 2636 μεγάλου

2359 2667 2617 2720 αὑθέντου
2664 2666 2897 2733 ἐποίησα
2953 2664 3134 2725 τοῦτο,
3229 2664 3366 2715 διότι
3424 2664 3514 2716 ὅτε
3565 2665 3719 2731 ήμην
3756 2664 3815 2714 ὲν
3863 2663 3941 2730 τῷ

2358 2759 2490 2824 οἴκῳ
2525 2774 2626 2821 μου
2663 2754 2926 2816 πλείστας
2953 2755 3260 2822 προφάσεις
3289 2754 3565 2822 ἐδυνάμην
3600 2755 3809 2822 εὑρεῖν,
3844 2755 3942 2804 vis

2357 2849 2412 2906 δὲ
2441 2849 2715 2916 πρόφασιν
2767 2848 2866 2898 οὐκ
2914 2846 3021 2915 ἔχω
3070 2845 3368 2914 οὐδεμίαν.
3417 2846 3850 2914 Φιλοφρονηθεὶς
3887 2846 3942 2895 δὲ

2359 2941 2655 3009 φιλοτίμως
2681 2939 2791 3004 ἐγὼ
2823 2939 2956 3005 παρ’
2995 2937 3232 2999 ἐκείνου,
3270 2938 3362 2988 καὶ
3402 2938 3530 2999 τοὺς
3584 2938 3738 2997 υἱοὺς
3773 2937 3940 2988 αὑτοῦ

2358 3032 2670 3101 προσέφερέ
2705 3048 2794 3100 μοι
2847 3034 2925 3090 εἰς
2967 3028 3343 3098 προσκύνησίν
3405 3047 3530 3096 μου,
3580 3030 3676 3080 καὶ
3709 3030 3941 3097 παρετί-

2359 3125 2481 3177 θετο
2511 3124 2708 3186 αὐτοὺς
2733 3124 2854 3191 ἐμοὶ
2883 3122 2978 3175 καὶ
3007 3121 3085 3189 τῷ
3115 3121 3356 3192 αὐθέντῃ
3393 3137 3514 3187 μου,
3549 3120 3609 3184 ἐξ
3649 3114 3726 3173 ῶν
3759 3116 3829 3191 ἦν
3860 3116 3942 3179 εἷς

693 3203 925 3292 πλησίον
957 3198 1144 3277 ὦνπερ
1193 3205 1306 3277 εἶχε
1357 3212 1458 3279 τῆς
1488 3214 1656 3283 αὐτῆς
1687 3221 1962 3287 πατρικῆς
1998 3198 2254 3292 κληρουοζ
2279 3227 2328 3289 c
2357 3215 2388 3266 ὁ
2411 3212 2506 3266 νῦν
2529 3213 2698 3273 πολὺς
2727 3213 2820 3264 καὶ
2841 3212 3023 3280 μέγας
3042 3212 3287 3279 ἀμὴρης.
3320 3211 3426 3263 Kal
3443 3210 3616 3262 οὖτιικ
3655 3213 3767 3262 τῶν
3795 3215 3943 3263 ἐκεῖ·

695 3290 824 3358 μίας
855 3293 949 3345 καὶ
981 3297 1231 3363 προικὸς,
1263 3299 1322 3350 αῖ
1367 3301 1508 3354 εἰσιν
1556 3302 1616 3353 αι
1665 3303 1816 3356 κάτω
1866 3290 2257 3378 γεγραμμέναι
2361 3305 2452 3358 θεν
2475 3302 2851 3373 ἐπανέστρεψα
2881 3302 3189 3373 ἄπρακτος.
3229 3302 3340 3355 Καὶ
3389 3303 3508 3354 ἐπεὶ
3564 3303 3944 3370 προλαϐόντες

762 3472 918 3529 Anno
950 3476 1110 3537 6942,
1144 3479 1231 3532 die
1254 3479 1506 3535 Januarii
1541 3483 1796 3552 septimo,
1824 3502 2016 3543 rursus
2047 3488 2258 3560 legatus

695 3564 760 3615 ad
795 3566 1087 3619 Antonium
1133 3567 1499 3634 Comnenum,
1556 3572 1892 3627 Athenarum
1951 3576 2256 3643 dominum,

695 3654 762 3707 ad
787 3670 1024 3709 ameram
1053 3667 1108 3709 et
1158 3659 1224 3711 ad
1293 3659 1682 3729 imperatorem
1740 3665 2023 3728 profectus
2085 3683 2257 3724 sum:

695 3748 850 3815 cujus
885 3750 1086 3804 mensis
1106 3750 1193 3805 die
1226 3752 1492 3806 vicesimo
1519 3769 1688 3817 nono,
1723 3758 1906 3812 noctis
1938 3759 2073 3814 hora
2102 3764 2260 3817 tertia

696 3840 850 3907 pueri
888 3841 1105 3907 quidam
1133 3843 1364 3904 nobiles,
1397 3845 1577 3912 pullos
1611 3846 1949 3904 columbinos
2002 3867 2262 3921 compre-

699 3933 936 3987 hendere
963 3934 1304 4001 laborantes,
1322 3937 1684 3993 incenderunt
1707 3940 1799 3995 Dei
1833 3941 2022 3997 Matris
2039 3948 2260 4001 nomine

695 4027 1020 4080 aediﬁcatum
1056 4028 1110 4081 in
1147 4027 1463 4085 Blacbernis
1512 4033 1768 4101 templum
1832 4037 2259 4104 pulcherrimum

696 4127 746 4170 ct
777 4118 1054 4173 miraculis
1082 4120 1286 4185 nobile,
1337 4123 1496 4175 situm
1542 4122 1695 4192 Cpoli
1743 4125 1797 4178 in
1857 4127 2039 4181 littore
2093 4145 2262 4198 prape

697 4209 872 4259 Sinlllll
911 4209 1233 4262 ceratinum.
1281 4209 1604 4267 Audivimus
1664 4214 1766 4268 hoc
1829 4215 1985 4283 Cpoli
2036 4217 2089 4270 in
2141 4219 2261 4286 ipso

700 4299 967 4362 discessu,
1037 4301 1284 4355 kalendis
1337 4302 1677 4368 Februariis,
1738 4307 1866 4360 hora
1918 4309 2092 4377 prima
2141 4320 2262 4379 post

701 4391 980 4444 meridiem
1014 4392 1120 4445 diei
1155 4392 1300 4456 festi,
1331 4394 1425 4460 qui
1467 4396 1765 4466 ὑπαπαντὴ
1795 4398 2030 4465 dicitur;
2103 4418 2262 4456 cum-

699 4495 804 4547 que
838 4481 1121 4548 homo,qui
1159 4498 1271 4536 rem
1296 4485 1569 4551 narravit,
1635 4488 1850 4555 ignotus
1885 4490 2041 4544 nobis
2089 4502 2256 4557 esset,

2364 3486 2636 3540 habebat:
2668 3500 2789 3553 qua:
2817 3485 3034 3553 quidem
3067 3485 3336 3553 regiones,
3373 3485 3567 3554 Oppida
3597 3496 3651 3538 et
3675 3487 3781 3538 vici
3824 3487 3941 3540 hac

2362 3586 2490 3632 sunt
2527 3575 2817 3641 :Astrum,
2858 3575 3340 3640 Sanctus-Petrus,
3401 3576 3942 3652 Sanetus-Joannes,

2363 3664 2740 3726 Platamonas,
2820 3664 3112 3733 Meligum,
3200 3665 3566 3730 Proasteum,
3634 3667 3943 3728 Leonidas,

2361 3755 2694 3825 Cyparissia,
2729 3755 3032 3821 Rheontas,
3080 3756 3324 3811 Sitanas.
3387 3754 3482 3811 llis
3542 3757 3711 3826 igitur
3772 3758 3943 3810 ﬁniti-

2362 3862 2510 3900 mum
2536 3849 2712 3900 locum
2747 3847 2794 3900 ei
2819 3847 3024 3909 darem,
3086 3848 3304 3915 qualem
3359 3859 3735 3916 quantumque
3803 3849 3937 3900 mihi

2366 3940 2656 4005 videretur,
2691 3948 2744 3993 et
2782 3939 2878 4008 qui
2908 3940 2975 3992 ad
3006 3939 3178 4007 ipsius
3232 3942 3560 3994 sententiam
3591 3955 3655 3994 ac
3679 3941 3942 3993 volunta—

2363 4040 2469 4085 tem
2501 4041 2667 4084 esset.
2715 4030 2820 4084 Sed
2873 4030 3135 4098 quoniam
3180 4042 3526 4087 antevertens
3577 4031 3943 4087 Turachanes

2363 4114 2578 4169 Thebas
2599 4117 2712 4185 jam
2759 4116 3068 4184 obsidebat,
3112 4133 3247 4188 quas
3289 4119 3430 4173 idem
3475 4123 3663 4189 paucis
3719 4121 3943 4183 diebus,

2362 4208 2710 4276 expugnavit,
2769 4222 2891 4276 ego,
2949 4219 3008 4261 ut
3055 4209 3370 4262 mandatum
3428 4211 3559 4262 mihi
3612 4212 3827 4276 luerat,
3874 4228 3942 4266 ex

2367 4297 2566 4352 Isthqu
2597 4313 2653 4350 re
2680 4299 2876 4352 infecu
2913 4299 3071 4358 redii,
3110 4309 3272 4367 atque
3305 4299 3368 4350 ad
3415 4300 3697 4352 dominum
3755 4319 3939 4356 meum

2366 4388 2617 4458 Stylariis
2655 4400 2904 4459 agentem
2944 4390 3306 4458 triremesque
3335 4388 3668 4444 Venetorum
3726 4409 3943 4446 merca-

2367 4482 2537 4533 torias
2558 4490 2986 4548 exspectantem,
3039 4482 3240 4548 quibus
3281 4482 3333 4533 iu
3391 4481 3576 4535 urbem
3620 4483 3940 4546 veheretur,

699 4573 1123 4625 commentitiam
1163 4587 1281 4627 eam
1321 4589 1444 4630 esse
1468 4577 1801 4643 putavimus,
1839 4590 1891 4632 et
1925 4595 2021 4648 per
2052 4582 2256 4638 itineris

2368 4571 2566 4626 frustra
2594 4581 2848 4639 suscepto
2881 4572 3094 4633 itinere,
3119 4573 3369 4645 perveni.

701 4664 963 4718 stationes
996 4665 1239 4734 quinque
1273 4667 1410 4720 nihil
1442 4667 1510 4721 de
1547 4670 1736 4723 eadem
1787 4671 1988 4734 edocti,
2045 4674 2262 4728 tandem

704 4756 994 4819 Rliaidesti,
1025 4772 1145 4825 qua:
1176 4766 1293 4811 erat
1315 4758 1476 4812 statio
1500 4769 1677 4818 sexta,
1700 4772 1850 4814 certo
1874 4763 2260 4832 cognovimus,

701 4863 809 4915 quo
842 4848 1001 4900 modo
1031 4858 1084 4902 et
1138 4859 1380 4917 tempore
1439 4850 1720 4915 acciderit,
1782 4855 2135 4921 quantumvis
2182 4871 2267 4911 res

702 4939 973 4991 videretur
1001 4939 1336 4994 incredibilis
1374 4956 1518 4995 esse.

772 5029 997 5083 Ineunte
1026 5040 1215 5085 :estate
1258 5032 1385 5084 anni
1420 5031 1561 5086 6943
1607 5034 1770 5088 etiam
1825 5035 2097 5090 Antonius
2130 5035 2269 5089 Lan-

704 5123 861 5174 tziola
893 5121 1231 5184 Comncuus,
1259 5122 1600 5177 Athenarum
1639 5125 2056 5195 Thebarumque
2083 5129 2266 5180 ιίοιιιῑ-

702 5231 822 5278 nus,
857 5230 885 5267 e
916 5217 1020 5266 vita
1048 5216 1214 5270 cessit
1244 5232 1347 5280 ;ac
1378 5227 1602 5286 rogante
1628 5219 1859 5287 conjuge
1905 5219 2046 5285 ejus,
2098 5220 2265 5272 Maria

703 5303 1005 5366 MeliSSena,
1035 5306 1141 5359 tilia
1181 5305 1379 5361 Leonis
1419 5305 1718 5369 Melisseni,
1760 5308 1921 5376 primi
1985 5326 2013 5361 e
2049 5319 2266 5376 patrue-

702 5397 844 5452 libus
868 5397 1156 5466 Nicephori
1213 5397 1510 5462 Melisseui,
1546 5398 1704 5467 cujus
1732 5415 1898 5466 supra
1933 5401 2262 5453 mentionem

703 5486 952 5551 fecimus,
980 5503 1080 5557 ego
1104 5503 1224 5542 cum
1259 5488 1455 5541 litteris
1481 5487 1790 5555 juratoriis.
1831 5490 1975 5542 bulla
2011 5501 2266 5558 argentea

702 5579 993 5648 insignitis,
1022 5566 1314 5647 multisque
1338 5579 1604 5632 militibus
1638 5581 1838 5633 missus
1869 5582 2266 5634 sum-Athenas

701 5683 754 5725 et
782 5670 998 5725 Thebas
1031 5685 1330 5742 receptum,
1375 5664 1471 5740 pro
1496 5672 1698 5739 quibus
1735 5672 1809 5723 illi
1869 5671 2040 5724 alium
2085 5674 2264 5725 locum

704 5764 759 5817 in
794 5762 1166 5831 Peloponneso
1198 5765 1408 5826 darem,
1436 5763 1488 5816 in
1545 5763 1765 5829 regione
1794 5761 2078 5827 Laconica,
2140 5763 2264 5817 ﬁni-

709 5857 902 5909 timunt
937 5856 1000 5909 iis
1027 5871 1146 5925 quae
1175 5872 1240 5910 ex
1285 5855 1596 5910 haereditate
1644 5865 1869 5923 paterna
1919 5863 1973 5909 et
2000 5856 2122 5909 dote
2164 5872 2262 5910 sua

2439 4662 2526 4714 il.
2559 4662 2694 4716 Cum
2721 4663 3039 4717 conscensis
3073 4663 3402 4718 Venetorum
3460 4665 3788 4720 triremibus
3848 4683 3938 4719 ve-

2370 4754 2639 4809 nissemus
2674 4755 2726 4807 in
2787 4756 3076 4823 Euripum,
3129 4757 3304 4809 visum
3358 4765 3441 4810 est
3496 4756 3720 4810 domino
3793 4774 3937 4817 meo,

2369 4849 2582 4901 mittere
2607 4863 2690 4900 me
2715 4847 2780 4900 ad
2817 4845 3194 4901 Turachanem
3227 4847 3429 4903 Thebis
3480 4859 3815 4915 versantem,
3884 4863 3937 4904 ut

2369 4941 2435 4993 de
2467 4941 2692 4994 Athenis
2713 4956 2836 4993 cum
2858 4955 2924 4992 eo
2951 4955 3192 5007 agerem.
3225 4943 3275 4993 ls
3299 4941 3673 4995 advenientem
3712 4959 3802 4995 me
3856 4945 3936 4996 hic

2369 5036 2555 5088 lariter
2603 5036 2833 5103 excepit,
2903 5034 3306 5102 allirmavitque
3351 5032 3728 5102 jurejurando,
3791 5036 3936 5087 istud

2369 5129 2412 5180 si
2439 5128 2699 5188 novisset,
2737 5127 3049 5194 priusquam
3079 5126 3242 5179 dumo
3273 5129 3379 5178 huc
3436 5124 3715 5193 profectus
3767 5135 3934 5184 esset.

2369 5231 2466 5283 pro
2501 5231 2709 5278 amore,
2729 5231 2837 5284 quo
2873 5216 2926 5268 in
2952 5215 3238 5284 despotam
3267 5224 3437 5277 esset,
3463 5222 3517 5266 et
3563 5226 3789 5282 propter
3845 5231 3936 5268 no-

2370 5307 2542 5358 titiatn
2572 5306 2698 5365 mei,
2717 5305 2969 5370 libenter,
2989 5305 3131 5373 quod
3150 5312 3412 5373 peterem,
3436 5304 3708 5358 facturum
3733 5303 3929 5366 fuisse,

2370 5397 2633 5466 siquidem
2662 5397 2872 5464 injussu
2898 5396 3076 5464 magni
3103 5412 3300 5449 amem
3336 5397 3436 5449 hoc
3457 5395 3680 5450 fecisset
3710 5409 3765 5448 et
3788 5395 3932 5449 domi

2374 5487 2632 5556 plurimas
2657 5487 3137 5553 potuissetcausas
3161 5485 3515 5554 praetendere,
3549 5501 3695 5538 nunc
3727 5487 3929 5538 nullam

2373 5587 2572 5646 posset.
2609 5575 3052 5629 llabebatautem
3084 5592 3168 5630 me
3215 5577 3446 5642 benigne
3503 5586 3559 5628 et
3606 5575 3929 5637 hOIIOI‘iﬁCt‘,

2372 5685 2435 5723 ac
2467 5670 2604 5721 lilios
2627 5667 2786 5720 etiam
2815 5682 2902 5719 me
2931 5666 3223 5720 salutatum
3259 5664 3505 5729 adduxit,
3535 5680 3744 5732 eosque
3801 5665 3928 5716 mihi

2371 5773 2423 5816 et
2449 5761 2668 5814 domino
2693 5774 2815 5812 meo
2845 5759 3243 5812 commendavit
3278 5775 3292 5808 :
3329 5772 3358 5810 e
3384 5757 3584 5825 quibus
3617 5772 3763 5807 unus
3812 5757 3926 5821 luit,

2373 5855 2463 5922 qui
2494 5853 2653 5906 hodie
2686 5850 2881 5905 nobilis
2905 5858 2962 5906 et
2986 5863 3215 5920 magnus
3242 5863 3456 5904 ameras
3486 5857 3591 5906 est.
3621 5847 3737 5902 lloc
3767 5850 3924 5917 igLur
