4134 6452
219 496 327 558 769

208 608 260 660 τί
291 608 349 658 ἐν
382 602 457 669 τῷ
482 598 707 667 Εὐρίπῳ
730 592 871 665 ἦραν
904 592 1002 660 τὴν
1025 588 1271 657 γέφυραν
1302 587 1569 645 ἀκουσίως
1602 585 1670 651 τῇ
1702 580 1784 633 κει
1815 584 1856 638 Α

210 695 546 764 Αὐγούστου,
581 691 744 759 ἡμεῖς
776 684 1075 755 ἐμείναμεν
1108 685 1167 733 ἐν
1193 681 1377 749 ἐκείνῃ
1412 683 1477 749 τῇ
1511 676 1666 729 νυκτὶ⁵
1696 676 1779 735 είς

209 791 306 850 τὰς
338 785 541 849 ἔξωθεν
571 783 669 850 τῆς
682 775 1168 848 γεφύραςηπέτρας·
1192 773 1284 825 καὶ
1304 773 1362 824 ἐν
1380 771 1567 839 ἐκείνῃ
1596 770 1663 836 τῇ
1690 783 1779 817 νυ-

212 879 304 931 κτὶ
330 876 499 927 πολλὰ
518 871 735 926 ἐναντία
755 868 1033 934 ἐπάθομεν
1049 864 1157 919 άπό
1169 880 1229 916 τε
1248 860 1453 931 ψύχους
1473 860 1569 911 καὶ
1589 856 1779 920 πείνας

211 970 308 1021 καὶ
337 968 442 1020 ἀπὸ
455 966 555 1032 τῆς
572 962 867 1033 ξηρότητος
887 957 997 1011 τῶν
1020 955 1236 1025 πετρῶν
1257 954 1365 1008 ἀπό
1389 968 1448 1005 τε
1468 951 1638 1018 φόϐου
1668 949 1778 1002 τῶν

212 1057 424 1128 λῃστῶν
453 1056 543 1108 καὶ
570 1054 680 1105 τῶν
714 1052 821 1105 ἀπὸ
848 1048 945 1102 τοῦ
974 1048 1299 1117 Τουραχάνη
1337 1044 1568 1114 στρατοῦ
1622 1042 1775 1112 16],

213 1147 307 1200 διὰ
338 1147 395 1199 16
426 1146 612 1209 ξένους
641 1144 767 1204 τοὺς
803 1142 1003 1203 ἵππους
1026 1137 1191 1205 εἶναι,
1216 1136 1306 1194 οὓς
1338 1138 1402 1189 ἐκ
1427 1134 1521 1189 τοῦ
1549 1133 1779 1201 Διὲθρου

213 1237 637 1307 ἐδανεισάμεθα,
670 1236 699 1288 ὃ
726 1253 781 1289 τι
812 1235 910 1287 καὶ
940 1232 1211 1303 παροιμία
1249 1230 1465 1298 ἐγένετο
1486 1227 1580 1279 ἐπὶ
1626 1225 1783 1295 κακῷ

212 1334 325 1393 τοῖς
352 1329 468 1399 μετ’
498 1328 635 1395 ἐμοῦ
673 1328 795 1380 τότε
838 1325 992 1379 οὐσιν
1032 1325 1112 1387 εἰς
1164 1323 1259 1375 τὸν
1320 1319 1617 1391 μετέπειτα
1663 1318 1782 1386 ἦτοι

214 1423 442 1475 ἐπιόντα
465 1424 677 1490 χρόνον.
743 1416 1077 1476 Ἀναϐάντες
1125 1409 1220 1467 οὖν
1276 1414 1355 1474 εἰς
1405 1411 1503 1473 τὰς
1535 1412 1783 1478 τριήρεις

215 1515 311 1566 ἐπὶ
336 1514 433 1582 τὴν
468 1510 682 1580 αὐριον,
711 1512 777 1580 τῇ
808 1507 892 1577 κγ’
928 1505 1023 1560 τοῦ⁹
1061 1503 1439 1575 Σεπτεμϐρίου
1483 1503 1651 1582 μηνὸς
1689 1500 1781 1553 τοῦ

213 1577 409 1677 ,ςὲμέ
432 1577 584 1667 ἔτους
609 1607 688 1666 είς
710 1577 809 1671 την
835 1596 1410 1654 Κωνσταντινούπολιν
1442 1577 1783 1663 ἐφθάσαμεν.

291 1697 381 1765 ιβ’.
415 1698 495 1767 Τῇ
522 1697 580 1749 δέ
609 1700 687 1748 κε’
720 1694 970 1761 Μαρτίου
998 1690 1092 1745 τοῦ
1140 1689 1303 1743 αὐτοῦ
1332 1688 1485 1750 ἔτους
1512 1682 1676 1757 ἦλθεν
1704 1684 1784 1749 είς

214 1794 318 1862 τὴν
385 1792 539 1846 πόλιν
586 1791 621 1859 ἡ
680 1789 774 1841 τοῦ
834 1784 1289 1858 Παρασπονδήλου
1322 1780 1561 1849 μεγάλου
1598 1776 1787 1838 δουκδς

216 1886 469 1954 θυγάτηρ
516 1883 743 1951 ὀνόματι
800 1878 944 1947 Ζωὴ,
995 1875 1131 1945 μετὰ
1189 1872 1471 1963 βασιλικῆς
1512 1869 1786 1939 τριήρεως
1819 1906 1859 1963 Β

218 1977 527 2045 ἐσταλμένη
556 1973 697 2043 μετὰ
719 1970 977 2038 Μανουὴλ
1003 1968 1098 2020 τοῦ
1151 1962 1534 2028 ιιαλαιολόγου,
1583 1961 1670 2012 ἵνα
1696 1974 1785 2010 κο-

220 2069 461 2139 μίσωσιν
490 2064 685 2134 αὐτὴν,
713 2063 778 2134 ῆν
804 2062 867 2129 δὴ
896 2061 992 2113 καὶ
1026 2059 1164 2128 μετά
1196 2073 1345 2117 τινας
1377 2052 1595 2122 ἡμέρας
1626 2050 1787 2119 ηὐλο-

219 2160 366 2230 γήθη
385 2162 412 2211 6
434 2158 701 2225 δεσπότης
731 2157 759 2207 6
784 2156 890 2221 κὺρ
922 2151 1261 2219 Δημήτριος·
1297 2147 1417 2215 μεθ’
1438 2139 1506 2216 ἧς
1533 2144 1597 2213 δὴ
1634 2141 1788 2211 τριή-

223 2267 365 2321 ρεως
391 2247 730 2317 παρεγένετο
756 2245 838 2306 εἰς
868 2242 968 2312 τὴν
998 2240 1156 2292 πόλιν
1181 2239 1277 2290 καὶ
1309 2239 1336 2289 6
1375 2236 1644 2301 δεσπότης
1682 2234 1787 2301 κὺρ

221 2342 499 2411 Θεόδωρος
548 2339 636 2392 διά
665 2338 725 2389 τὸ
756 2332 897 2389 εἶναι
954 2333 1114 2385 αὐτὸν
1146 2334 1202 2385 ἐν
1231 2333 1298 2399 τῇ
1352 2328 1503 2381 πόλει
1544 2325 1788 2395 διάδοχον

221 2434 328 2501 τῆς
356 2431 633 2502 βασιλείας
657 2429 732 2493 ὡς
759 2427 1010 2495 δεύτερος
1030 2422 1279 2490 ἀδελφὸς,
1312 2420 1339 2473 6
1363 2424 1454 2473 καὶ
1476 2422 1502 2472 6
1533 2417 1788 2487 βασιλεὺς

225 2522 500 2593 ἐπεκύρου
531 2520 680 2590 αὐτῴ
701 2518 994 2579 ἀκουσίως,
1025 2516 1104 2567 ὅτι
1126 2514 1219 2567 τὸν
1253 2514 1358 2582 κὺρ
1383 2510 1789 2563 Κωνσταντϊνον

221 2617 318 2669 16v
373 2615 641 2681 αὐθέντην
678 2629 777 2681 μου
828 2610 922 2662 καὶ
950 2607 1177 2676 ἀδελφὺν
1222 2604 1387 2657 αὐτοῦ
1419 2602 1606 2654 πλεῖον
1651 2599 1790 2667 ὠρέο

224 2724 358 2776 γετο
391 2706 535 2774 ἔχειν
559 2703 724 2770 ἐγγὺς
752 2698 919 2753 αὐτοῦ
944 2701 1001 2750 ἐν
1027 2700 1093 2766 τῇ
1131 2695 1308 2757 πόλει,
1336 2694 1410 2755 ὼς
1444 2697 1540 2744 καὶ
1566 2694 1592 2743 6
1630 2691 1789 2758 λόγος

225 2795 438 2867 προῖὼν
467 2794 722 2862 δηλώσει.
766 2790 921 2843 Ἐπεὶ
955 2787 1013 2840 δέ
1041 2786 1213 2850 οὕτως
1248 2781 1700 2855 παρηκολούθησε
1730 2781 1791 2833 16

225 2892 488 2958 πρᾶγμα,
522 2884 853 2949 ἐσπούδαζεν
885 2884 971 2936 ῐνα
1026 2885 1105 2944 εἰς
1134 2881 1233 2949 τὴν
1266 2877 1671 2945 Πελοπόννησον
1698 2874 1790 2925 καὶ

226 2981 357 3041 τοὺς
380 2980 529 3048 τρεῖς
556 2975 815 3043 ἀδελφοὺς
845 2970 1234 3041 ἐγκατοικήσῃ.
1277 2967 1337 3022 '0
1374 2966 1503 3035 γοῦν
1526 2964 1790 3031 αὐθέντης

229 3090 340 3142 μου
371 3070 533 3123 πάλιν
567 3071 596 3122 6
625 3067 893 3136 δεσπότης
920 3064 1024 3134 κὺρ
1068 3062 1477 3120 Κωνσταντῖνος
1509 3057 1648 3127 μετὰ
1692 3056 1787 3107 τοῦ

225 3162 464 3230 ἀδελφοῦ
490 3159 656 3215 αὐτοῦ
684 3160 791 3229 κύρ
815 3159 989 3226 Θωμᾶ
1013 3155 1106 3208 τοῦ
1136 3152 1395 3206 δεσπότου
1428 3148 1514 3220 (ἦν
1536 3150 1644 3217 γάρ
1670 3147 1788 3217 μεθ’

1242 472 1695 536 CllRONlCON
1736 468 2013 529 MAJUS.
2053 488 2121 501 --
2158 463 2304 522 LIB.
2340 460 2417 520 II.

3342 446 3447 508 770

1892 576 1989 645 μὲν
2020 574 2114 625 σὺν
2136 570 2214 637 τῷ
2247 567 2457 635 βασιλεῖ
2483 562 2744 632 μείνωσιν
2776 563 2833 612 ἐν
2866 563 2927 628 τῇ
2960 559 3133 620 πόλει,
3155 555 3376 611 οὖτοιδέ
3398 560 3448 611 οἱ

1879 668 1973 721 δύο
2001 666 2258 718 αὐθένται
2286 664 2365 723 εἰς
2390 659 2487 727 τὴν
2522 654 2953 722 Πελοπόννησον.
3007 651 3162 719 162
3193 653 3290 703 Δια
3318 650 3453 702 ταύ-

1878 779 1977 830 την
2004 758 2066 826 δὴ
2113 758 2212 824 τὴν
2254 753 2432 807 αἰτίαν
2462 752 2557 804 καὶ
2605 747 2685 818 τῷ
2720 746 2928 810 Ἰουνίῳ
2976 745 3109 812 μηνὶ
3153 742 3249 794 τοῦ
3283 741 3449 795 αὐτοῦ

1881 853 2035 911 ἔτους
2065 847 2216 917 διέϐη
2251 846 2358 901 ἀπὸ
2388 844 2485 912 τῆς
2514 842 2719 903 πόλεως
2750 840 2831 900 είς
2863 835 2963 905 τὴν
2993 833 3400 901 Πελοπόννησον
3422 834 3452 883 6

1880 943 2149 1012 δεσπότης
2179 942 2286 1009 κὺρ
2318 936 2726 993 Κωνστανττνος
2755 930 2828 991 ὡς
2865 927 3086 998 φεύγων
3142 924 3281 993 μετὰ
3318 925 3455 975 ἀκα-

1882 1033 2000 1088 τίου
2034 1031 2195 1097 τινδς,
2239 1026 2399 1093 κάγὼ
2454 1025 2510 1078 δὲ
2543 1024 2673 1091 παρ’
2720 1019 2883 1074 αὐτοῦ
2936 1016 3155 1076 σταλεὶς
3182 1014 3319 1082 πρὸς
3362 1012 3454 1063 16v

1884 1126 2111 1196 ἀμηρᾶν
2142 1121 2232 1175 διὰ
2260 1118 2465 1187 ταύτην
2495 1116 2560 1182 δὴ
2596 1114 2695 1184 τὴν
2730 1112 2935 1173 αἰτίαν,
2981 1110 3068 1161 ἵνα
3113 1107 3275 1161 αὐτὸν
3312 1104 3453 1170 ὑπὲρ

1885 1217 2098 1271 ἑαυτῶν
2125 1215 2314 1282 ἐχωσι.
2355 1211 2466 1263 Καὶ
2516 1206 2688 1266 οὕτως
2743 1200 2997 1256 ἀπελθὼν
3053 1199 3121 1252 τὰ
3174 1196 3454 1249 ἀνατεθει-

1889 1309 2025 1378 μένα
2061 1323 2149 1373 μοι
2177 1303 2354 1364 καλῶς
2383 1300 2733 1370 ᾠκονόμησα,
2761 1295 2857 1347 καὶ
2876 1292 2963 1345 διὰ
2985 1292 3155 1362 ξηρᾶς
3181 1291 3259 1350 είς
3292 1287 3441 1338 Πελο

1886 1377 2153 1463 πόννησον
2206 1390 2440 1458 ἔφθασα.
2477 1381 2654 1455 Εὐρον
2687 1384 2743 1436 δέ
2785 1383 2912 1445 τοὺς
2944 1382 3205 1447 ἀδελφοὺς
3236 1380 3330 1429 καὶ
3359 1377 3458 1427 αὑ·-

1886 1489 2078 1547 θέντας
2126 1485 2350 1553 ἔχοντας
2400 1480 2625 1550 ὃχλησιν
2664 1475 2849 1544 μάχης
2898 1472 3182 1542 μεγάληνο
3230 1470 3456 1521 ὄπισθεν

1885 1582 1995 1652 γὰρ
2020 1578 2116 1631 τοῦ
2144 1578 2249 1646 κὺρ
2282 1572 2695 1628 Κωνσταντίνου
2732 1569 2824 1621 τοῦ
2870 1566 3130 1620 αὐθέντου
3183 1579 3284 1632 μου
3319 1577 3455 1614 στα-

1885 1651 1999 1733 λεὶς
2035 1670 2172 1738 μετὰ
2200 1668 2475 1737 τριήρεως
2508 1668 2535 1717 6
2560 1663 2665 1731 κὺρ
2701 1661 3005 1728 Θεόδωρος,
3047 1657 3134 1708 ἵνα
3167 1655 3307 1707 κατὰ
3346 1651 3457 1703 τῶν

1887 1764 1980 1819 δύο
2012 1761 2259 1831 ἀδελφῶν
2292 1756 2459 1812 αὐτοῦ
2487 1755 2756 1825 μάχηται,
2788 1752 2882 1805 καὶ
2910 1746 3145 1819 στρατοῦ
3194 1744 3456 1797 πλείστου

1890 1855 2374 1927 συναθροισθέντος
2398 1849 2565 1920 ἄμφω
2593 1850 2706 1909 τοῖς
2742 1844 2957 1916 μέρεσι,
2984 1842 3079 1895 καὶ
3109 1839 3345 1908 πόλεμός
3374 1853 3458 1899 τις

1886 1951 1993 2005 άνά
2040 1948 2219 2002 αὐτῶν
2272 1945 2485 2013 γέγονε.
2541 1940 2631 2011 Τῷ
2665 1941 2854 2011 ,ςιῇμέ
2898 1937 3009 1989 ἐτει
3068 1932 3457 1999 ἀπεστάλησαν

1889 2043 2043 2112 παρὰ
2083 2039 2178 2093 τοῦ
2218 2036 2480 2108 βασιλέως
2527 2032 2788 2102 πρέσϐεις
2828 2028 2963 2095 πρὸς
3013 2027 3142 2087 τοὺς
3193 2024 3457 2091 ἀδελφοὺς

1890 2132 2053 2189 αὐτοῦ
2080 2135 2107 2185 6
2141 2131 2281 2200 ἄγαν
2312 2126 2543 2197 χρηστὸς
2569 2122 2840 2182 Διονύσιος
2868 2120 3238 2188 ἱερομόναχος,
3271 2117 3299 2168 6
3323 2130 3459 2185 χρη-

1893 2223 2129 2294 ματίσας
2186 2218 2284 2271 καὶ
2319 2212 2727 2286 μητροπολίτης
2765 2211 3043 2279 Σάρδεων,
3095 2210 3189 2261 καὶ
3234 2209 3266 2259 6
3299 2205 3459 2257 Δισύ-

1891 2330 2061 2375 πατος
2081 2310 2372 2380 ιἐὠργιος,
2389 2308 2485 2360 καὶ
2514 2296 2660 2357 οὗτοι
2680 2303 2777 2371 τὴν
2800 2302 2981 2371 μάχην
3006 2298 3201 2367 μικρόν
3215 2315 3270 2349 τι
3291 2310 3458 2349 κατε-

1891 2408 2156 2474 πράῦναν.
2184 2402 2347 2463 Τέλος
2371 2400 2426 2453 δὲ
2456 2398 2618 2451 πάλιν
2650 2396 2822 2449 ἄλλων
2858 2392 3122 2446 ἐλθόντων
3149 2389 3454 2459 πρέσϐεων,

1892 2498 1986 2553 τοῦ
2040 2491 2382 2562 Μελισσηνοῦ
2421 2491 2569 2557 λέγω
2620 2488 2926 2560 Γρηγορίου
2977 2483 3331 2553 ἱερομονέιχου
3362 2483 3457 2533 καὶ

1892 2586 2291 2656 πνευματικοῦ,
2321 2583 2415 2636 τοῦ
2469 2584 2565 2635 καὶ
2617 2580 3060 2649 χρηματίσαντος
3098 2574 3321 2643 ὓστερον
3358 2591 3458 2624 παο

1893 2686 2154 2754 τριάρχου
2185 2677 2838 2739 Κωνσταντινουπόλεως,
2873 2675 2929 2735 ὃς
2978 2675 3071 2724 καὶ
3103 2670 3235 2738 παρ’
3277 2670 3459 2729 ἄλλοις

1895 2772 2381 2844 Στρατηγόπουλος
2408 2768 2795 2834 ἐπωνομάζετο
2831 2765 2926 2816 καὶ
2967 2764 3062 2815 σὺν
3089 2760 3238 2830 αὐτῴ
3270 2761 3331 2827 δὴ
3366 2761 3459 2809 καὶ

1893 2869 1973 2937 τῷ
2011 2866 2303 2936 Γρηγορίῳ
2339 2864 2505 2915 πάλιν
2538 2860 2632 2911 τοῦ
2666 2856 2975 2910 Δισυπάτου
3011 2855 3105 2907 καὶ
3151 2852 3283 2922 ἐμοῦ
3325 2868 3459 2917 aug.-

1897 2960 2237 3013 ϐιϐασάντων
2269 2957 2364 3010 καὶ
2415 2953 2915 3023 συμφροκησάντων
2940 2951 3138 3009 αὐτοὺς
3172 2947 3256 2997 ἵνα
3301 2948 3328 2997 ὁ
3359 2944 3459 3011 μὲν

1895 3047 2156 3119 αὐθέντης
2194 3068 2295 3119 μου
2328 3050 2419 3100 καὶ
2440 3048 2710 3114 δεσπότης
2752 3041 3003 3097 ἀπελθὼν
3057 3040 3365 3108 παροικήσῃ
3404 3038 3459 3087 ἐν

1895 3151 1959 3217 τῇ
2018 3142 2611 3206 Κωνσταντινουπόλει,
2655 3142 2683 3193 6
2726 3140 2781 3192 δὲ
2813 3139 2917 3207 κύρ
2973 3134 3126 3205 163
3186 3133 3460 3200 Θεόδωρος

228 3225 394 3326 ἡμῶν
419 3253 476 3304 ἐν
505 3253 572 3323 τῇ
605 3225 771 3303 πόλει*
797 3251 827 3303 6
857 3225 1072 3317 πρῶτος
1115 3245 1299 3313 ἄρχων
1326 3244 1418 3295 τοῦ
1467 3242 1615 3294 οἴκου
1651 3240 1793 3291 ἐκεί-
1822 3251 1864 3306 c
1898 3239 1989 3290 καὶ
2025 3237 2128 3305 κύρ
2170 3236 2373 3303 Θωμᾶς
2420 3236 2470 3286 οἱ
2521 3234 2776 3285 δεσπόται
2823 3232 2881 3281 ἐν
2923 3230 2988 3297 τῇ
3047 3225 3457 3293 Πελοποννήσῳ.

227 3363 324 3400 νου
346 3344 571 3414 ὀνόματι
630 3339 826 3395 Ῥαούλ
852 3337 1090 3409 Μιχαὴλ)
1128 3335 1462 3399 ἐσπούδαζον
1493 3335 1578 3387 ἵνα
1610 3333 1658 3386 οἱ
1697 3330 1790 3384 δύο

227 3526 392 3579 modo
423 3523 617 3578 infesta
643 3536 701 3575 re
738 3520 896 3574 redii.
943 3518 1081 3573 Cum
1141 3525 1320 3569 autem
1380 3511 1636 3579 Euripum
1700 3510 1789 3577 qui

225 3615 570 3675 accolebant,
639 3611 761 3665 licet
823 3610 1001 3672 inviti,
1052 3618 1271 3673 pontem
1330 3602 1792 3658 sustulisscntdie

228 3706 461 3774 Augusti
500 3704 594 3769 29,
628 3718 729 3757 nos
758 3718 880 3757 eam
911 3709 1122 3754 noctem
1175 3708 1327 3751 extra
1389 3704 1605 3763 pontem
1653 3694 1793 3745 inter

228 3812 363 3851 saxa
394 3793 781 3863 transegimus,
811 3799 865 3845 et
896 3790 1064 3844 multa
1092 3789 1316 3841 adversa
1342 3801 1371 3839 a
1399 3787 1618 3853 frigore,
1656 3783 1795 3837 fame

227 3898 288 3942 ct
312 3886 512 3941 duritie
559 3898 839 3944 saxorum,
886 3897 915 3935 a
950 3882 1145 3934 timore
1215 3879 1340 3931 item
1400 3877 1670 3929 latronum
1739 3882 1791 3925 et

231 3975 477 4028 militum
518 3968 860 4024 Turachanis
937 3966 1280 4037 pertulimus,
1358 3964 1612 4032 quoniam
1669 3960 1793 4027 equi

227 4064 431 4125 llOSlri,
455 4075 595 4130 quos
623 4074 653 4113 e
682 4058 911 4113 Lietltro
952 4056 1184 4111 mutuati
1243 4069 1485 4114 eramus,
1521 4050 1794 4122 peregrini

224 4161 435 4207 erant:
498 4162 619 4217 quae
684 4162 769 4201 res
828 4144 1150 4214 procemium
1197 4144 1466 4211 quOddam
1521 4140 1787 4193 malorum

228 4244 356 4304 fuit,
380 4256 502 4311 quae
528 4246 718 4309 postea
782 4237 990 4304 experti
1048 4245 1197 4297 sunt,
1227 4235 1319 4303 qui
1385 4242 1515 4285 tunc
1578 4244 1791 4283 mecum

224 4340 409 4390 erant.
432 4327 761 4387 Conscettsis
808 4327 1071 4397 postridie
1126 4326 1460 4385 triremibus,
1535 4320 1797 4375 vicesimo

228 4429 396 4481 tertio
446 4424 534 4479 die
587 4421 962 4493 Septembris,
1011 4432 1156 4471 anno
1208 4414 1370 4478 69H,
1424 4412 1635 4481 Cpolim
1676 4424 1800 4479 per-

226 4531 506 4571 νοηιιιιιις.

1895 3331 2001 3381 Καὶ
2033 3331 2099 3398 τῇ
2126 3334 2166 3379 ε’
2196 3325 2285 3378 τοῦ
2308 3324 2683 3395 Σεπτεμϐρίου
2706 3321 2781 3392 τῷ
2810 3321 3010 3388 ,ςῶμψ
3043 3315 3192 3385 διέϐη
3224 3314 3330 3367 ἀπὸ
3358 3311 3461 3381 τῆς

1893 3501 2143 3567 Michael)
2174 3499 2511 3560 nitebantur,
2568 3504 2622 3550 ut
2655 3496 2796 3564 apud
2826 3484 3206 3562 imperatorem
3243 3489 3296 3543 in
3328 3472 3462 3541 urbe

1893 3595 2002 3649 duo
2034 3593 2185 3646 alteri
2236 3600 2534 3656 manerent,
2572 3587 2673 3655 ipsi
2710 3586 3051 3639 discederent
3100 3586 3153 3635 in
3188 3578 3460 3647 Pelopon-

1895 3701 2105 3739 nesum.
2138 3684 2314 3750 Atque
2355 3682 2452 3733 hac
2496 3680 2562 3732 de
2588 3692 2752 3731 causa
2798 3674 2959 3729 Ju’nio
3003 3688 3187 3726 mense
3217 3671 3459 3739 ejusdem

1896 3778 2019 3831 anni
2055 3773 2449 3830 Constantinus
2515 3772 2739 3838 despnta
2794 3769 2943 3822 velut
2992 3765 3253 3835 fugitivus
3286 3778 3452 3831 parvo

1896 3869 2110 3936 navigio
2163 3868 2314 3934 Cpoli
2348 3865 2401 3917 in
2456 3864 2889 3930 Peloponnesum
2947 3857 3101 3921 abiit,
3157 3867 3211 3910 et
3258 3870 3359 3924 ego
3391 3853 3458 3907 ad

1895 3975 2135 4014 amcratn
2170 3960 2371 4012 missus
2405 3972 2543 4019 sum,
2578 3964 2638 4009 ut
2678 3957 2822 4007 hunc
2861 3954 2914 4007 in
2968 3952 3212 4020 ipsorum
3274 3956 3457 4018 partes

1897 4052 2290 4120 pertraherent.
2345 4046 2577 4099 Discessi
2637 4044 2801 4112 igitur
2843 4053 2897 4097 et
2953 4041 3266 4096 mandatum
3326 4037 3459 4091 mihi

1899 4143 2171 4211 negotium
2202 4139 2429 4193 feliciter
2461 4139 2696 4205 transegi
2726 4154 2740 4200 ;
2789 4135 2986 4188 deinde
3025 4148 3121 4202 per
3144 4145 3371 4187 'terram
3407 4134 3461 4185 in

1898 4235 2327 4303 Pel0ponnesum
2384 4242 2662 4291 reversus,
2700 4226 2879 4280 inveni
2938 4224 3135 4279 fratres
3188 4225 3461 4294 principes

1900 4327 2112 4393 magnis
2165 4324 2430 4379 bellorum
2469 4322 2642 4375 turbis
2674 4320 3005 4391 implicatos.
3039 4317 3459 4373 Constantinum

1899 4422 2069 4483 enim,
2117 4418 2394 4471 dominum
2464 4430 2665 4474 meum.
2707 4424 2766 4466 ut
2823 4415 3201 4481 insequeretur
3236 4421 3290 4467 et
3323 4411 3462 4467 duos

1903 4512 2105 4565 fratres
2136 4507 2453 4571 debellaret,
2492 4514 2718 4560 avectus
2754 4513 2835 4559 est
2871 4520 2994 4559 cum
3032 4504 3236 4557 triremi
3280 4503 3457 4561 Theo-

309 4609 395 4665 12.
445 4607 714 4662 Vicesimo
766 4606 955 4675 quinto
1013 4600 1189 4655 Martii
1253 4599 1495 4665 ejusdem
1551 4592 1678 4647 anni
1734 4593 1788 4645 in

1896 4606 2066 4658 dorus
2105 4602 2381 4665 dominus,
2430 4607 2597 4668 atque
2648 4598 2909 4666 utrinque
2964 4597 3175 4663 magnis
3226 4596 3464 4650 collectis

238 4704 425 4755 urbem
459 4700 607 4755 venit
632 4696 1039 4766 ParaSpondeli,
1069 4693 1246 4763 magni
1291 4691 1473 4754 ducis,
1526 4687 1653 4750 lilia,
1695 4701 1792 4737 no-

228 4797 383 4845 mine
414 4790 542 4855 Zoe,
603 4790 806 4844 triremi
865 4785 1236 4855 imperatoria,
1292 4797 1395 4850 qua
1429 4794 1547 4833 eam
1596 4777 1792 4832 adduci

228 4884 409 4935 \‘Oltlil
435 4880 747 4949 imperator,
774 4895 894 4931 eum
936 4877 1178 4931 Manuele
1213 4872 1513 4938 Palaologo
1542 4870 1791 4934 advecta,

226 4985 398 5042 atque
428 4972 612 5040 nupsit
641 4980 759 5038 post
808 4971 924 5022 dies
970 4969 1173 5037 aliquot
1232 4965 1502 5019 Demetrio
1535 4970 1792 5031 despotic.

231 5068 294 5120 ltt
346 5064 533 5118 eadem
582 5064 788 5116 triremi
825 5061 966 5115 venit
998 5063 1163 5114 etiam
1196 5057 1515 5110 Theodorus
1543 5056 1791 5124 despota,

229 5153 327 5220 qui
365 5161 422 5204 ut
447 5150 615 5205 frater
644 5160 774 5205 natu
808 5152 1078 5203 secundus
1123 5147 1333 5217 imperii
1372 5147 1425 5200 in
1458 5144 1588 5198 urbe
1622 5144 1795 5197 haeres

230 5254 377 5302 erat.
412 5244 553 5313 quod
603 5244 649 5296 ei
681 5243 773 5312 jus
806 5242 1098 5310 imperator
1127 5254 1235 5293 non
1268 5240 1373 5293 nisi
1433 5238 1637 5292 invitus
1668 5251 1799 5291 con-

231 5337 430 5397 cessit,
470 5337 671 5404 quippe
733 5334 826 5402 qui
861 5333 1283 5387 Constantinum
1324 5330 1569 5394 fratrem,
1622 5330 1798 5383 domi-

236 5443 368 5479 num
402 5442 602 5489 meum,
638 5440 820 5479 secum
858 5425 911 5477 iu
943 5424 1075 5479 urbe
1107 5425 1306 5477 habere
1330 5423 1532 5485 mallet,
1565 5423 1615 5477 id
1648 5423 1794 5492 quod

236 5517 547 5587 procedens
581 5518 822 5569 narratio
884 5526 1066 5570 nostra
1117 5514 1436 5570 declarabit.
1498 5513 1635 5581 Quia
1668 5530 1796 5569 vero

237 5615 320 5667 sic
350 5620 624 5672 evenerat,
658 5608 807 5664 dedit
830 5624 1071 5677 operam,
1103 5620 1162 5663 ut
1194 5610 1247 5663 in
1281 5610 1656 5678 Peloponneso
1689 5618 1799 5664 tres

241 5704 443 5755 fratres
478 5702 793 5756 collocaret.
860 5701 1047 5769 Itaque
1074 5701 1491 5764 Constantinus,
1542 5701 1800 5756 dominus

240 5809 412 5853 meus.
456 5803 509 5847 et
544 5794 708 5847 frater
739 5794 880 5861 ejus,
914 5793 1152 5846 Thomas
1202 5794 1421 5860 despota
1481 5795 1620 5865 (erat
1653 5793 1796 5847 enim

240 5887 526 5941 uobiscum
560 5887 613 5941 itt
649 5887 782 5941 urbe
816 5887 1024 5956 primus
1064 5889 1211 5943 illius
1256 5890 1453 5945 domus
1505 5891 1610 5943 dux
1637 5888 1798 5954 ,Baul

1900 4697 2093 4765 copiis,
2145 4694 2340 4747 bellum
2395 4690 2621 4745 exarsit.
2658 4692 2813 4743 Auno
2845 4687 2983 4742 6945
3015 4688 3084 4740 ah
3137 4686 3463 4755 imperatore

1903 4794 1968 4845 ad
2006 4791 2202 4843 fratres
2230 4785 2393 4852 legati
2424 4782 2785 4853 probissimus
2821 4782 2905 4834 vir
2956 4778 3244 4849 Dionysius
3280 4778 3463 4832 hiero-

1906 4881 2227 4942 monachus,
2266 4878 2357 4948 qui
2388 4877 2732 4945 metropolita
2771 4873 3025 4929 Sardium
3062 4872 3185 4935 fuit,
3208 4882 3263 4926 ct
3290 4872 3463 4926 Geor-

1904 4976 2026 5044 gius
2078 4974 2366 5042 Disypalus
2431 4968 2744 5023 bellantium
2796 4966 3057 5034 impetum
3126 4965 3462 5033 aliquantum

1904 5067 2218 5134 mitigarunt
2242 5082 2255 5128 ;
2283 5060 2611 5129 tandemque
2640 5058 2730 5112 alii
2765 5057 2913 5113 missi
2946 5059 3131 5125 legati,
3171 5057 3464 5125 Gregm-ius

1848 5224 1851 5229 _
1906 5156 2230 5207 Melissenus
2293 5152 2756 5205 hieromonachus
2816 5158 2871 5202 et
2923 5158 3080 5218 pater
3141 5148 3461 5217 spiritualis,

1904 5248 1997 5315 qui
2033 5245 2195 5298 etiaut
2246 5242 2571 5312 patriarcha:
2597 5239 2918 5309 Cpolitanus
2960 5247 3147 5307 postea
3211 5236 3314 5291 fuit
3342 5249 3395 5290 et
3432 5252 3463 5291 a

1905 5337 2182 5392 nonnullis
2213 5333 2631 5403 Strategopulus
2682 5332 3075 5401 appellabatur,
3133 5338 3188 5383 et
3237 5345 3359 5384 cum
3395 5345 3464 5384 eo

1904 5445 2121 5484 rursum
2150 5427 2434 5498 Disypatus
2459 5436 2515 5482 et
2535 5441 2655 5496 ego,
2685 5427 2757 5480 ita
2789 5440 2884 5480 eos
2913 5425 2965 5477 in
3008 5423 3302 5478 amicitiam
3331 5440 3467 5478 eon-

1905 5523 2257 5591 cordiautque
2282 5521 2616 5585 reduximus,
2641 5519 2969 5573 utdominus
2988 5533 3141 5573 meus
3159 5517 3463 5572 discederet

1907 5613 2063 5681 ϐροιὶ
2108 5613 2431 5675 hahitatum,
2457 5610 2777 5666 Theodorus
2797 5620 2850 5664 et
2872 5609 3109 5664 Thomas
3132 5612 3370 5678 despotie
3408 5611 3463 5664 in

1908 5704 2280 5771 Peloponneso
2307 5714 2511 5758 essent.
2529 5704 2718 5774 Itaque
2744 5703 3136 5758 Constantinus
3160 5701 3250 5756 die
3271 5703 3303 5756 5
3333 5700 3464 5771 Sep-

1910 5798 2134 5851 tembris
2156 5800 2283 5851 anni
2309 5796 2449 5851 6958
2471 5797 2630 5852 Patro
2659 5813 2753 5867 per
2776 5808 2973 5851 terram
2995 5796 3061 5850 ad
3086 5794 3343 5864 Euripum
3368 5811 3465 5848 no-

1911 5891 2118 5945 biscum
2151 5889 2301 5956 abiit,
2321 5901 2373 5945 et
2405 5890 2519 5943 vela
2548 5889 2773 5945 fecimus
2796 5888 2865 5944 ab
2894 5889 3029 5945 urbe
3056 5888 3260 5956 Euripi,
3288 5890 3339 5941 itt
3370 5888 3467 5943 tri-
