4134 6452
217 464 326 526 ’ΠἿ

1258 466 1704 526 ειιιωπιευπ
1742 468 1767 525 ἢ

1868 464 2008 523 IUS.
2043 488 2112 499 -
2140 463 2286 526 LIB.
2323 464 2409 527 ιῐ.
3342 464 3407 523 77

209 573 304 635 ὃος
335 570 490 633 αὖθις
518 571 819 640 περιφανὲς
846 571 1008 639 αὐτὸν
1034 567 1178 626 εἶναι
1217 575 1310 627 τὸν
1336 574 1604 628 Μεσσίαν.
1647 571 1784 624 οὐδὲ
1819 576 1862 631 Α
1889 570 2063 626 ταῦτα
2114 572 2248 639 γοῦν
2294 569 2485 634 Ἠλίας
2542 570 2648 625 ὑπὸ
2681 570 2819 625 Θεοῦ
2872 570 3256 641 πεμφθήσεται
3305 574 3446 633 τότε,

208 662 323 731 γὰρ
358 661 544 724 Ἦλίας
562 657 747 731 ἦλθεν,
784 660 861 723 ῶς
891 679 1079 731 φασιν,
1109 662 1271 715 αὐτὸν
1289 664 1616 730 γεννηθέντα
1657 664 1778 732 χρί-

213 769 327 807 σαι.
353 770 373 803 ι
392 753 451 806 Ὀ
472 752 731 821 βασιλεὺς
753 753 1074 823 άποκριθείς
1098 770 1114 787 ο
1136 771 1157 805 ι
1191 748 1493 818 Πλανᾶσθε,
1518 754 1668 817 Ξένε,
1703 752 1779 823 μὴ

206 845 418 907 εἰδότες
465 845 564 907 τὰς
608 844 833 916 Γραφὰς
889 845 1025 916 μηδὲ
1053 846 1155 915 τὴν
1200 846 1431 917 δύναμιν
1476 847 1572 901 τοῦ
1617 846 1775 900 θεοῦ.
1819 838 1825 844 ’

211 935 409 1000 Ἥξειν
445 934 547 1005 μὲν
594 936 705 1005 γάρ
751 936 843 994 τιν
876 935 1147 1007 Θεσσίτην
1188 938 1376 991 Ἠλίαν
1416 941 1513 992 καὶ
1560 938 1777 1005 λέγεται

209 1026 309 1079 καὶ
342 1025 683 1090 πιστεύεται,
725 1028 825 1084 οὐκ
856 1021 947 1080 ἐπὶ
976 1028 1035 1081 τὸ
1074 1029 1266 1098 -χρῖσαί
1296 1046 1361 1097 γε
1388 1029 1501 1098 μὴν
1532 1031 1622 1083 τὸν
1663 1031 1778 1084 Κύ-

205 1132 366 1186 ριον·
401 1118 515 1171 ἀλλ’
543 1118 778 1189 ἐπείπερ
826 1120 1116 1173 ἀπόκειταί
1146 1137 1265 1173 τινα
1308 1122 1635 1189 γεννηθῆναι
1672 1138 1776 1190 μυ-

208 1207 385 1275 σαρὸν
418 1208 707 1278 ἄνθρωπον
737 1214 800 1263 ὲκ
829 1210 922 1263 τοῦ
962 1211 1173 1278 γένους,
1198 1211 1276 1275 ῶς
1304 1213 1436 1278 φασί
1465 1231 1631 1277 τινες,
1666 1214 1777 1267 τῶν

217 1297 516 1369 Ἐϐραίων,
549 1302 734 1354 πᾶσαν
771 1303 829 1354 ὲν
874 1303 1057 1373 ἑαυτῷ
1088 1304 1374 1373 δεξόμενον
1404 1305 1496 1358 τοῦ
1523 1306 1775 1359 διαϐόλου

206 1388 315 1456 τὴν
350 1389 656 1457 ἐνέργειαν,
682 1394 774 1446 καὶ
803 1395 977 1446 ποιεῖν
1008 1393 1076 1446 δι’
1108 1394 1282 1465 αὐτῆς
1327 1400 1531 1466 σημεῖα
1560 1397 1655 1450 καὶ
1686 1398 1775 1451 τέ-

210 1494 374 1546 ρατα,
408 1479 543 1533 Θεὸν
586 1481 781 1534 ἑαυτὸν
832 1484 926 1535 καὶ
955 1483 1195 1551 Χριστὸν
1241 1484 1594 1556 ὀνομάζοντα,
1633 1486 1776 1540 ὥστε

207 1571 292 1639 μὴ
324 1569 485 1638 μόνον
513 1570 746 1635 πολλοὺς
787 1573 897 1626 τῶν
927 1573 1037 1628 τότ’
1068 1575 1240 1628 ὄντων
1267 1575 1606 1647 πλανηθῆναι
1642 1579 1776 1649 Χρι-

207 1660 469 1727 στιανῶν,
502 1662 637 1715 ἀλλὰ
659 1664 720 1716 τὸ
751 1665 1249 1736 καταλελειμμένον
1274 1667 1460 1734 ὀλίγον
1492 1660 1658 1739 μέρος
1678 1669 1774 1722 τοῦ

204 1753 405 1820 γένους
432 1755 543 1806 τῶν
565 1753 838 1809 Ἰουδαίων
864 1758 984 1826 ἦτοι
1006 1757 1199 1823 ἔθνους
1226 1762 1293 1830 τῇ
1324 1760 1494 1833 πλάνῃ
1524 1761 1617 1813 τοῦ
1661 1763 1776 1813 Ἀν-

200 1841 487 1910 τιχρίστου
520 1846 868 1916 συναπαχθῇ,
897 1848 1051 1917 ἥξειν
1095 1848 1231 1916 φασὶ
1262 1852 1563 1920 τηνικαῦτα
1598 1853 1689 1905 τόν
1715 1869 1773 1905 τε

1880 663 2003 731 οὐχὶ
2036 662 2105 727 δ’,
2131 664 2207 727 ὼς
2231 665 2412 732 ὑμεῖς,
2440 664 2646 735 χρίσων
2676 664 2768 716 τὸν
2797 664 3048 718 Μεσσίαν
3072 680 3086 695 ·
3122 663 3184 716 τδ
3208 663 3319 733 γὰρ
3345 682 3446 715 τοι·

1880 752 2024 806 αὔτα
2058 754 2369 821 λογοποιεῖν
2395 756 2628 824 ἀμαθῶν
2660 759 2833 819 ὲστιν,
2867 755 2942 818 ὣς
2978 755 3079 809 πού
3105 771 3169 824 γε
3210 758 3448 826 εἰρηκὼς

1880 844 2073 913 ἔφθην,
2124 846 2343 912 καὶτῆς
2391 847 2613 915 Γραφῆς
2670 848 3020 901 παντάπασιν
3069 848 3350 915 ἀμυήτων.
3392 849 3448 899 ’1)

1876 934 1935 988 δὲ
1965 935 2219 1003 Χριστὸς,
2245 936 2380 989 καθὸ
2404 938 2509 1005 μὲν
2528 939 2685 1003 Θεὸς,
2715 940 2809 993 καὶ
2839 941 2897 992 ὲν
2919 937 2996 1009 τῷ
3026 938 3241 1009 οὐρανῷ
3274 941 3365 993 καὶ
3392 944 3449 992 ὲν

1877 1028 1944 1096 τῇ
1969 1029 2038 1096 γῇ
2070 1029 2185 1081 ἐστι
2217 1030 2309 1081 καὶ
2335 1032 2391 1082 ἐν
2413 1029 2491 1099 τῷ
2513 1034 2788 1085 παντὶκαὶ
2810 1032 2948 1099 ὑπὲρ
2965 1032 3027 1084 τὸ
3048 1033 3155 1084 πᾶν
3181 1031 3320 1096 (Τὸν
3340 1048 3372 1098 γ
3392 1049 3449 1100 ,ρ

1877 1119 2137 1190 οὐρανὸν
2169 1120 2268 1173 καὶ
2300 1120 2415 1188 τῆν
2455 1120 2571 1190 γῆν
2597 1122 2714 1189 ἐγὼ
2741 1122 2968 1189 πληρῶ,
2996 1122 3148 1190 λέγει
3178 1122 3405 1192 Κύριος)
3428 1141 3443 1154 ’

1880 1209 2016 1263 καθὸ
2056 1212 2115 1264 δὲ
2144 1211 2454 1282 ἄνθρωπος,
2492 1212 2617 1267 οὔτε
2655 1212 2804 1283 χίλια
2835 1214 2931 1284 ἒτη
2978 1214 3173 1284 ἔζησεν
3200 1213 3327 1267 οὕτε
3359 1218 3445 1266 ἐν-

1877 1301 2054 1355 ταῦθα
2083 1304 2251 1374 ἤγουν
2299 1307 2354 1357 ὲν
2383 1308 2447 1373 τῇ
2491 1309 2561 1375 γῇ
2616 1309 2790 1372 ἐστιν,
2826 1307 2942 1359 ἀλλ’
2978 1306 3139 1376 ἔζησε
3177 1310 3276 1376 μὲν
3306 1308 3446 1376 ὑπὲρ

1876 1393 1952 1444 τὰ.
1966 1393 2263 1461 τριάκοντα
2290 1394 2413 1463 ἔτη,
2449 1396 2785 1462 σταυρωθείς
2812 1396 2867 1447 δὲ
2899 1397 3004 1448 ὑπὸ
3037 1395 3145 1448 τῶν
3172 1396 3447 1449 κακίστων

1877 1485 2134 1556 πατέρων
2180 1484 2332 1551 ὑμῶν
2378 1484 2609 1553 τέθνηκε
2637 1502 2650 1515 ·
2683 1487 2776 1539 καὶ
2820 1485 2880 1539 τὸ
2921 1486 3021 1555 μὲν
3068 1486 3225 1554 ἅγιον
3281 1486 3444 1538 αὐτοῦ

1878 1573 2037 1639 σῶμα
2068 1576 2229 1642 ἐτέθη
2257 1578 2313 1627 ὲν
2350 1576 2625 1643 μνημείῳ,
2663 1576 2866 1645 φθορὰν
2898 1579 3000 1647 μὲν
3035 1578 3350 1646 δεξάμενον,
3384 1580 3444 1629 οὐ

1873 1665 2176 1734 διαφθορὰν
2202 1668 2258 1721 δέ
2280 1684 2294 1699 ’
2341 1669 2374 1739 ἡ
2404 1669 2458 1722 δὲ
2493 1669 2612 1722 θεία
2650 1671 2967 1734 ὑπόστασις,
3012 1670 3336 1739 ἁχωρίστως
3367 1671 3446 1737 τῷ

1877 1756 2275 1825 προσλήμματι
2329 1759 2603 1829 ἡνωμένη,
2651 1760 2919 1827 κατῆλθεν
2976 1761 3055 1823 είς
3089 1760 3221 1830 ᾅδου
3275 1760 3442 1830 σ;ότη

1878 1845 1975 1897 σὺν
2003 1849 2068 1913 τῇ
2101 1846 2219 1917 θείᾳ
2257 1848 2423 1917 ψυχῇ,
2458 1849 2667 1910 πάντας
2720 1849 2823 1917 μὲν
2857 1848 2965 1900 τῶν
3012 1848 3242 1917 χρονῖων
3289 1850 3443 1900 ὲλευ-

216 1931 409 1986 Ἠλίαν
430 1936 526 1987 καὶ
542 1935 717 2006 Ἑνὼχ
737 1940 1186 2008 ἀπεσταλμένους
1208 1942 1312 1994 ὑπὸ
1333 1944 1466 1996 Θεοῦ
1491 1946 1773 2015 σπλάγχνα
1810 1928 1850 1980 θ
1878 1936 2169 2003 θερὼτασα
2217 1940 2458 2008 δεσμῶνο
2514 1942 2871 2008 ἀναστήσασα
2913 1941 2969 1992 δδ
3020 1943 3139 2009 μετ’
3191 1942 3444 2005 ἐξουσίας

198 2023 511 2093 οίκτιρμῶν
543 2025 817 2093 λαϐόντος,
846 2025 1056 2097 διδάξαι
1086 2045 1148 2083 τε
1182 2033 1278 2087 καὶ
1301 2035 1628 2104 ἐπιστρέψαι
1652 2037 1777 2099 τούς

204 2133 270 2194 ’τε
337 2117 529 2181 ἄλλους
575 2120 673 2173 καὶ⁵
724 2120 790 2189 δὴ
844 2122 904 2174 τδ
953 2123 1300 2194 ταλαίπωρον
1356 2124 1464 2177 τῶν
1504 2126 1776 2194 Ἐϐραίων

202 2190 363 2270 έθνος
389 2209 467 2269 sic
503 2210 600 2279 τὴν
624 2212 714 2263 τοῦ
743 2212 1004 2281 Χριστοῦ,
1038 2217 1235 2267 ταυτὸν
1260 2216 1316 2268 δὲ
1342 2218 1541 2281 εἰπεῖν,
1574 2220 1653 2281 εἰς
1680 2218 1776 2288 τὴν

203 2297 307 2364 τῆς
333 2298 494 2365 ἁγίας
554 2301 593 2351 Τ
596 2302 777 2369 ρ;άὸο;
814 2304 1018 2367 πίστιν,
1045 2305 1129 2359 ἵνα
1160 2304 1239 2376 μὴ
1290 2306 1351 2359 τὸ
1387 2307 1608 2377 σύμπαν
1670 2310 1775 2363 ὑπὸ

202 2388 305 2441 τοῦ
351 2390 598 2444 διαϐόλου
646 2394 999 2465 καταποθείη,
1041 2394 1101 2448 El
1146 2398 1256 2465 γὰρ
1307 2399 1403 2451 καὶ
1431 2399 1519 2451 διὰ
1572 2400 1664 2453 τδν
1693 2402 1774 2464 είς

202 2481 301 2531 τὸν
335 2481 569 2549 Χριστὸν
599 2484 756 2551 φόνον
786 2486 1013 2554 ἐχθροὺς
1048 2488 1279 2551 ἑαυτοὺς
1316 2491 1646 2558 εἰργάσαντο
1679 2492 1771 2545 τοῦ

204 2570 349 2621 θεοῦ
390 2570 484 2622 καὶ
521 2572 613 2623 τοῦ
660 2573 1015 2642 Εὖαγγελίου,
1063 2576 1178 2630 ἀλλ’
1211 2579 1489 2649 ἀγαπητοὶ
1533 2582 1641 2634 είσι
1683 2582 1774 2635 διὰ

203 2660 310 2728 τὴν
339 2662 418 2723 είς
448 2663 574 2723 τοὺς
604 2665 845 2733 πατέρας
876 2668 1053 2721 αὐτῶν
1082 2668 1176 2721 τοῦ
1216 2670 1352 2724 Θεοῦ
1388 2672 1634 2742 ἀγάπην.
1663 2672 1771 2737 Οὓς

207 2751 315 2820 μὲν
365 2752 458 2805 οὖν
490 2748 631 2809 οἶδεν
664 2758 698 2826 ἠ
738 2757 893 2827 171
926 2758 1046 2813 θεία
1091 2761 1317 2831 πρόνοια
1354 2763 1771 2834 άνεπιστρόφως

202 2840 433 2912 ἔχοντας
464 2846 598 2915 πρὸς
628 2850 944 2917 μετάνοιαν,
977 2852 1306 2905 κατέλιπεν⁹
1346 2853 1439 2916 οὓς
1467 2856 1522 2906 is
1561 2856 1678 2926 ᾔδει
1711 2856 1770 2908 τὸ

199 2931 364 2987 Θείον
384 2936 741 3005 εὐγνωμόνως
766 2940 826 2991 τὸ
851 2940 945 2993 tofi
975 2942 1312 3010 Εὑαγγελίου
1341 2946 1603 3015 κήρυγμα
1625 2946 1771 3010 δεξο-

207 3025 434 3092 μένους,
465 3025 529 3079 οὐ
583 3030 826 3098 παρεῖδε.
861 3031 1213 3087 Τότεττοίνυν
1263 3035 1689 3106 πληρωθήσεται
1734 3041 1767 3108 ἡ

205 3111 446 3180 λέγουσα
478 3120 785 3186 προφητεία
818 3122 913 3173 τοῦ
959 3121 1180 3176 Ἡσαΐου
1213 3141 1228 3155 ο
1269 3145 1286 3177 t
1326 3125 1509 3199 Ἐάνῇ
1554 3132 1581 3181 ὁ
1610 3131 1764 3199 apto.

1876 2025 2066 2094 θεῐκῆς
2096 2030 2338 2097 τδ-σῶμα
2368 2032 2395 2084 ὃ
2426 2034 2821 2101 προσελάϐετο,
2847 2035 2947 2105 τὴν
2981 2037 3078 2106 μὲν
3106 2036 3310 2106 φθορὰν
3338 2037 3440 2107 ἤδη

1880 2118 1975 2169 καὶ
2012 2118 2100 2171 τὸν
2137 2120 2369 2175 θάνατον
2417 2124 2817 2194 άποόεόληκὸς,
2862 2129 3175 2200 ἀφθαρσίαν
3231 2132 3286 2184 δὲ
3347 2133 3441 2184 καὶ

1878 2207 2179 2262 ἀθανασίαν
2204 2212 2504 2277 ἐνδεδυκός.
2532 2217 2769 2287 Χριστὸς
2798 2220 3021 2285 μὲνοῦν
3044 2223 3187 2276 οὓτω
3214 2227 3443 2293 τριήμε-

1875 2319 1971 2370 ρος
2003 2303 2241 2365 ἀναστὰς
2278 2306 2370 2357 καὶ
2424 2307 2515 2359 τόν
2544 2308 2716 2379 ’Λδὰμ
2760 2312 2868 2364 τῶν
2910 2312 3128 2381 δεσμῶν
3170 2315 3315 2377 ἀνεὶς
3348 2320 3443 2371 καλ⁵

1874 2392 1974 2460 τὴν
1999 2394 2130 2462 πρὶν
2164 2394 2372 2449 δίαιταν
2411 2397 2568 2466 172
2598 2400 2689 2452 τὸν
2733 2403 3063 2472 παράδεισον
3104 2404 3253 2476 αὖτῷ
3290 2406 3436 2473 δοὺς,

1871 2483 1985 2543 τοῖς
2014 2482 2392 2552 ὑπολειφθεῖσι
2435 2488 2541 2539 τῶν
2572 2489 2834 2561 μαθητῶν
2884 2494 3076 2550 ἕνδεκα
3110 2500 3435 2568 συγγενόμε-

1872 2589 1962 2634 νος
1995 2572 2045 2642 (δ
2089 2577 2200 2643 γὰρ
2228 2575 2430 2640 Ἰούδας
2462 2581 2705 2649 ἀπῆλθεν
2750 2585 2828 2645 είς
2859 2584 2917 2636 ὃν
2947 2587 2995 2638 οἱ
3030 2588 3310 2658 προφῆται
3350 2593 3440 2643 τό·

1873 2678 1973 2713 πον
2004 2665 2342 2734 είρὴκεισαν,
2375 2669 2455 2731 είς
2492 2670 2712 2725 κόλασιν
2746 2672 2987 2742 δηλονότι
3018 2677 3118 2748 τὴν
3142 2679 3434 2750 ἀτελεύτη-

1871 2754 2008 2823 τον),
2064 2757 2184 2825 μεθ’
2218 2758 2432 2828 ἡμέρας
2487 2762 2897 2831 τεσσαράκοντα
2943 2765 3044 2834 τῆς
3102 2769 3165 2821 ἐκ
3221 2772 3430 2841 νεκρῶν

1870 2846 2223 2912 ἀναστάσεως
2275 2852 2553 2920 ἀνελήφθη
2591 2854 2670 2915 είς
2715 2854 2842 2918 τοὺς
2877 2856 3162 2927 οὐρανοὺς,
3214 2862 3430 2915 πάντων

1867 2938 2019 3006 αὐτῷ
2070 2942 2179 2994 τῶν
2217 2943 2479 3012 μαθητῶν
2522 2945 2656 3013 ὁμοῦ
2698 2949 2763 3016 τῇ
2798 2949 3042 3019 παναγίᾳ
3074 2951 3260 3021 Μητρὶ
3291 2966 3430 3018 συμ-

1873 3035 2154 3100 παρόντων
2195 3051 2255 3085 τε
2282 3037 2375 3087 καὶ
2414 3036 2687 3105 ὁρώντων,
2727 3040 2821 3092 καὶ
2848 3058 2945 3093 νυν
2995 3043 3142 3096 ἑστιν
3165 3045 3222 3096 ἐν
3260 3046 3428 3115 οὖρα-

1867 3124 1977 3183 νοῖς
2020 3124 2096 3193 τῷ
2147 3125 2266 3189 Θεῷ
2315 3128 2407 3179 καὶ
2462 3130 2640 3199 Πατρὶ
2692 3131 3105 3202 συγκαθήμενος
3156 3137 3249 3189 καὶ
3293 3154 3433 3206 συμ-

208 3202 313 3270 μὸς
336 3204 444 3256 τῶν
466 3205 594 3258 υἱῶν
614 3208 827 3278 Ἰσραὴλ
854 3211 995 3281 ὑπὲρ
1014 3213 1113 3283 τὴν
1137 3212 1320 3283 ἄμμον
1342 3216 1439 3285 τῆς
1468 3219 1764 3288 θαλάσσης,
1793 3254 1837 3315 C
1872 3217 2346 3288 προσκυνούμενος
2395 3222 2483 3290 ὑφ’
2532 3223 2753 3294 ἀπάσης
2804 3232 2901 3298 τῆς
2947 3230 3196 3298 οὐρανίου
3246 3202 3430 3302 ἱεραρ-

202 3293 270 3345 τό
324 3295 676 3367 κατάλειμμα
713 3300 808 3351 τοῦ
835 3301 1053 3373 Ἰσραὴλ
1108 3305 1430 3378 σωθήσεται.
1471 3327 1490 3359 ι
1530 3311 1637 3362 Καὶ
1682 3311 1768 3364 δια
1794 3293 1837 3315 υ
1873 3308 2011 3376 χίας.
2048 3327 2069 3359 ι

205 3469 355 3527 Fieri
378 3487 491 3527 non
521 3484 716 3545 potest.
751 3477 845 3533 Sin
878 3490 1060 3536 autem
1087 3494 1361 3540 mortuum
1388 3502 1511 3542 eum
1542 3505 1663 3545 esse
1684 3494 1768 3545 tli-

201 3563 368 3629 catis,
400 3564 503 3619 hoc
526 3581 715 3624 rursus
744 3571 1088 3627 manifestum
1118 3573 1464 3632 mendacium
1492 3582 1616 3646 erit,
1642 3598 1765 3636 eum

205 3651 463 3709 Messiam
486 3672 626 3713 esse.
646 3659 832 3730 Neque
849 3663 992 3718 enim
1018 3665 1167 3721 Elias
1198 3669 1341 3721 venit
1366 3680 1442 3736 ut,
1469 3674 1644 3740 aiunt,
1668 3692 1767 3730 na-

198 3753 325 3799 tum
360 3759 647 3808 uncturus.
684 3771 703 3803 l
727 3754 1083 3825 llespondens
1114 3759 1454 3830 imperator:
1494 3783 1512 3816 ι
1541 3765 1767 3835 Erratis,

205 3840 409 3909 inquit,
442 3840 610 3911 Xene,
644 3846 956 3915 ignorantes
983 3851 1226 3906 Litteras
1253 3866 1305 3907 et
1329 3858 1621 3922 potentiam
1646 3860 1760 3914 Dei.

206 3932 481 3991 Venturns
499 3938 647 3992 enim
678 3954 798 3995 esse
821 3941 1258 3999 Elias’l‘hesbites
1288 3956 1342 4001 et
1367 3948 1565 4003 dicitur
1583 3960 1637 4005 et
1654 3968 1769 4007 cre-

200 4024 379 4093 ditur,
411 4044 516 4083 non
535 4039 718 4085 tamen
754 4034 1038 4102 Dominum
1062 4048 1327 4093 uncturus
1365 4057 1379 4102 ;
1406 4042 1498 4094 sed
1531 4043 1658 4111 quia
1681 4044 1764 4097 iu-

200 4131 396 4175 turum
425 4135 528 4192 est,
559 4137 617 4179 ut
648 4138 907 4182 nascatur
935 4129 1099 4184 homo
1120 4133 1475 4189 exsecrabilis
1496 4151 1559 4189 ex
1581 4146 1765 4206 gente,

201 4221 269 4272 ut
300 4217 518 4284 quidam
548 4220 766 4285 volunt,
819 4219 1195 4287 Hebraerum,
1224 4226 1317 4294 qui
1367 4239 1584 4280 omnem
1612 4238 1764 4295 pote-

200 4320 410 4367 statem
443 4311 642 4367 diaboli
669 4310 888 4368 habebit
918 4324 970 4367 et
1001 4329 1096 4383 per
1116 4329 1233 4368 eam
1264 4316 1418 4385 signa
1437 4328 1491 4372 et
1514 4328 1764 4387 portenta

197 4402 427 4466 efﬁciet,
456 4402 620 4456 Deum
654 4418 715 4458 se
735 4412 789 4456 et
817 4402 1097 4459 Christum
1127 4406 1441 4472 nominans,
1468 4418 1652 4463 utnon
1676 4426 1764 4465 so-

196 4497 316 4549 lum
352 4480 507 4549 multi
533 4493 974 4550 Christianorum
999 4504 1126 4551 tunc
1182 4499 1475 4553 viventium
1528 4504 1763 4556 erraturi

1871 3506 1989 3543 rum
2010 3491 2223 3547 lsraelis
2246 3500 2583 3564 superaverit
2612 3516 2836 3557 arenam
2866 3507 3052 3573 maris,
3087 3511 3330 3581 reliquiae
3352 3515 3430 3570 ls-

1870 3580 2031 3635 raelis
2068 3583 2441 3641 salvabuntur.
2480 3608 2497 3640 ι
2531 3588 2681 3645 Hanc
2709 3595 2779 3647 ob
2808 3610 3031 3651 causam
3067 3580 3233 3671 igitur
3286 3606 3425 3663 Elias

1869 3682 1998 3725 tunc
2029 3687 2058 3725 a
2081 3672 2189 3728 Deo
2219 3678 2484 3744 mittetur,
2518 3694 2648 3745 non,
2684 3694 2743 3737 ut
2777 3688 3127 3757 vosjactatis,
3174 3693 3426 3752 Messium

1869 3771 2154 3819 unt-turus.
2187 3765 2322 3821 Nam
2364 3771 2501 3825 tales
2533 3774 2844 3841 conﬁngere
2889 3777 3128 3847 fabulas,
3186 3786 3424 3842 indoctu-

1869 3869 1986 3907 rum
2020 3856 2302 3911 hominum
2331 3869 2433 3924 est,
2457 3871 2515 3915 ut
2546 3875 2670 3919 ante
2699 3867 2833 3935 dixi,
2865 3879 2918 3924 et
2945 3886 3225 3929 sacrarum
3254 3877 3423 3931 Litte-

1868 3960 2051 4008 rarum
2098 3963 2322 4013 prorsus
2371 3956 2699 4023 expertium.
2762 3960 3013 4017 Christus
3069 3976 3276 4033 autem,
3319 3987 3423 4040 qua

1867 4034 2029 4100 Deus,
2056 4039 2110 4092 in
2136 4043 2276 4095 coelo
2306 4054 2359 4097 et
2390 4045 2605 4101 interra
2631 4060 2713 4102 est
2738 4052 2862 4104 etin
2890 4054 3146 4110 universo
3180 4071 3231 4113 et
3259 4076 3421 4129 supra

1866 4130 2183 4185 universum
2218 4133 2447 4203 (Casium
2480 4139 2623 4191 enim
2657 4151 2704 4192 et
2732 4151 2930 4195 terram
2961 4160 3053 4214 ego
3090 4148 3300 4218 impleo,
3343 4156 3421 4207 di-

1864 4219 1937 4272 cit
1963 4219 2247 4290 Dominus)
2276 4240 2291 4288 ;
2326 4240 2436 4293 qua
2466 4238 2648 4282 autem
2674 4230 2857 4297 homo,
2885 4249 3060 4305 neque
3079 4239 3225 4294 mille
3251 4243 3422 4299 annos

1866 4314 1998 4367 vixit
2024 4318 2324 4386 nequeliic,
2345 4321 2395 4374 id
2431 4323 2590 4377 estin
2622 4328 2804 4391 terris,
2832 4340 2938 4395 est,
2970 4334 3062 4387 sed
3092 4336 3249 4402 vixit,
3282 4339 3421 4393 ultra

1864 4419 2036 4461 annos
2076 4409 2321 4479 triginta,
2358 4414 2572 4479 deinde,
2621 4433 2648 4469 a
2704 4420 3148 4479 sceleratissimis
3200 4430 3420 4496 majori-

1863 4495 1965 4551 bus
1996 4497 2187 4553 vestris
2218 4500 2365 4553 cruci
2399 4502 2614 4570 alIixus,
2649 4516 2898 4563 mortuus
2920 4520 3003 4565 est
3031 4528 3044 4576 ;
3075 4521 3131 4566 et
3165 4495 3411 4570 sanctum

196 4587 337 4650 sint,
370 4583 467 4639 sed
498 4583 660 4637 etiam
684 4599 805 4652 quae
841 4584 1117 4639 restabant
1150 4587 1357 4653 exigua:
1384 4587 1626 4657 reliquia:
1663 4587 1762 4642 ιιι-
1791 4603 1838 4660 υ
1864 4601 2062 4655 corpus
2090 4589 2232 4657 ejus,
2252 4590 2304 4644 in
2331 4606 2683 4651 monumento
2708 4600 3261 4669 repositum,admisit
3280 4609 3419 4663 intc-

193 4674 441 4729 daeornm
461 4673 785 4728 Antichristi
806 4673 951 4727 illius
970 4675 1249 4728 erroribus
1277 4676 1605 4744 abripienda:
1624 4679 1757 4739 sint,

204 4774 476 4820 venturos
508 4764 598 4818 illo
628 4772 872 4833 tempore
902 4766 1057 4819 aiunt
1080 4762 1254 4819 Eliam
1276 4778 1329 4819 et
1354 4766 1562 4831 Enoch,
1590 4783 1620 4819 a
1652 4766 1758 4821 Deo

196 4856 578 4910 misericordia
610 4864 883 4910 commoto
912 4857 1133 4922 missos,
1170 4865 1228 4909 ut
1255 4858 1487 4912 doceant
1527 4869 1584 4912 et
1630 4874 1759 4913 cum

194 4947 341 5002 alios
373 4958 483 5000 tum
526 4947 784 5001 miseram
810 4945 1160 5001 Hebmorum
1193 4949 1470 5003 nationem
1490 4935 1566 5002 ad
1593 4950 1756 5005 Chri-

192 5046 347 5094 stum
370 5045 708 5100 convertant,
725 5034 973 5105 autquod
994 5035 1131 5089 idem
1152 5044 1257 5099 est,
1279 5036 1344 5089 ad
1363 5045 1560 5090 sanctae
1578 5037 1758 5092 Triui-

192 5129 329 5183 tatis
360 5128 541 5188 Iidem,
569 5142 635 5181 ne
655 5133 763 5180 tota
794 5141 823 5179 a
843 5126 1063 5183 diabolo
1098 5127 1475 5180 absorbeatur.
1528 5128 1754 5184 Etiamsi

188 5221 587 5291 enim‘propter
613 5216 817 5271 caedem
843 5217 897 5271 in
917 5216 1199 5271 Christum
1234 5218 1432 5272 factam
1454 5229 1627 5273 semet
1657 5220 1754 5274 Dei

192 5323 250 5364 et
280 5311 559 5380 Evangelii
598 5310 782 5364 hostes
808 5311 1062 5375 fecerint,
1094 5320 1274 5364 tamen
1304 5312 1456 5365 chari
1486 5310 1597 5366 Deo
1626 5321 1753 5367 sunt

191 5412 417 5473 propter
437 5402 783 5459 charitatem.
814 5416 920 5470 qua
938 5401 985 5471 is
1013 5416 1203 5455 eorum
1238 5409 1421 5470 patres
1467 5402 1753 5471 amplexus

188 5493 629 5562 est.Quosigitur
650 5492 993 5547 Providentia
1012 5492 1193 5547 divina
1211 5491 1585 5560 penitentiam
1603 5508 1752 5548 aver-

191 5596 418 5641 saturos
436 5601 557 5641 esse
576 5588 746 5650 novit,
763 5600 857 5641 eos
874 5586 1282 5653 deseruitzquos
1306 5595 1486 5639 autem
1507 5585 1747 5639 divinam

190 5680 476 5747 Evangelii
502 5679 934 5749 praedicationem
967 5680 1212 5734 studiose
1238 5680 1586 5748 atnplexuros
1609 5695 1745 5747 prae-

190 5772 353 5836 vidit,
375 5786 469 5826 eos
500 5786 609 5824 non
639 5772 891 5840 neglexit.
925 5769 1081 5825 Tunc
1109 5772 1496 5839 igiturcsituut
1525 5770 1747 5825 habebit

189 5862 350 5917 l:ai;e
373 5862 709 5930 vaticinium,
736 5864 876 5932 quod
898 5864 1004 5916 talo
1020 5874 1103 5917 est
1133 5882 1147 5916 :
1184 5881 1202 5913 ι
1238 5862 1296 5917 Si
1329 5878 1589 5918 numerus
1610 5863 1749 5916 lilio-

533 5957 803 6017 PATROL.
841 5960 955 6016 De.
1003 5956 1205 6020 CLVI.

1864 4679 2049 4742 ritum,
2079 4697 2186 4736 non
2223 4687 2674 4755 corruptionem;
2707 4692 2888 4747 divina
2925 4706 3111 4750 autem
3167 4701 3418 4770 hyposta-

1860 4770 1958 4833 sis,
1988 4772 2267 4829 insolubili
2306 4777 2519 4831 vinculo
2553 4795 2675 4835 cum
2708 4797 2794 4847 eo,
2834 4787 2980 4852 quod
3023 4802 3412 4860 assumpserat,

1859 4862 2169 4931 conjuncta,
2192 4881 2314 4920 cum
2335 4869 2515 4923 anima
2541 4872 2722 4928 divina
2744 4875 2812 4929 ad
2840 4876 3134 4935 inferorum
3162 4882 3423 4942 teut-bras

1858 4949 2163 5017 descendit,
2201 4970 2504 5028 omnesque
2543 4962 2868 5021 ediutnrno
2911 4983 3131 5024 carcere
3189 4980 3414 5045 νεονρξι,

1858 5053 2021 5112 atque
2046 5050 2414 5117 corpus,quod
2439 5065 2831 5123 assumpserat,
2863 5059 3060 5115 virtute
3081 5061 3263 5118 divina
3290 5083 3399 5120 sus.

1856 5135 2064 5199 citavit,
2105 5136 2323 5193 interitu
2354 5150 2409 5193 et
2433 5150 2609 5198 morte
2641 5145 2949 5212 liberatum,
2998 5150 3411 5223 incorruptione

1854 5233 1908 5277 et
1930 5223 2338 5282 immortalitate
2364 5223 2634 5288 indutum.
2654 5234 3096 5304 ltaqueChristus
3115 5257 3239 5299 eum
3258 5247 3404 5301 hunc

1856 5314 1908 5367 in
1945 5318 2160 5371 modum
2179 5318 2266 5371 die
2282 5321 2442 5374 tertio
2462 5326 2874 5391 resurrexisset,
2907 5338 2960 5383 et
2976 5330 3266 5398 Adamum,
3286 5339 3372 5391 vin
3392 5369 3405 5377 -

1855 5405 1997 5462 culis
2020 5408 2282 5472 solutum,
2301 5411 2354 5464 in
2375 5412 2539 5466 vitam
2562 5415 2851 5484 pristinam
2875 5423 3108 5490 paradisi
3133 5428 3403 5483 restituis-

1851 5497 1956 5563 set,
1978 5507 2033 5552 et
2058 5516 2180 5554 cum
2203 5503 2425 5572 reliquis
2442 5506 2722 5576 discipulis
2742 5512 2989 5567 undecim
3008 5530 3148 5584 saepe
3162 5530 3410 5574 versatus

1850 5600 1992 5645 esset
2014 5592 2034 5661 (
2054 5591 2222 5649 ludas
2247 5596 2391 5648 enim
2444 5597 2651 5653 abierat
2675 5601 2727 5654 in
2758 5602 2961 5669 locutu,
2984 5620 3141 5673 quem
3178 5610 3409 5677 prOphe-

1852 5693 1917 5737 tat
1934 5683 2205 5748 dixerant,
2232 5686 2283 5738 in
2307 5690 2630 5756 supplicium
2660 5692 2907 5747 videlicet
2941 5697 3361 5766 sempiternum)
3387 5740 3403 5762 ,

1850 5781 1973 5839 post
2006 5774 2124 5828 dies
2182 5790 2210 5827 a
2274 5781 2679 5835 resurrectione
2730 5786 3112 5854 quadraginta,
3151 5788 3405 5842 omnibus

1848 5865 2136 5936 discipulis
2171 5877 2224 5922 et
2259 5871 2607 5927 sanctissima
2646 5873 2817 5942 ipsius
2844 5873 3010 5930 Matre
3050 5880 3300 5943 praesenti
3343 5894 3406 5931 us

3021 5970 3101 6030 ‘25
