4134 6452
716 447 818 510 7‘83

1921 440 2256 503 GEORGII
2295 441 2724 501 ΡΗΒΛΝΤΖΕ

3837 437 3956 505 784

711 559 822 627 σὴφ
855 555 950 607 καὶ
980 551 1074 608 τοῦ
1118 552 1377 606 δεσπότου
1412 553 1515 623 κῦρ
1566 553 1879 623 Δημητρίου
1913 554 2009 605 καὶ
2056 552 2268 606 πολλῶν
2299 555 2342 611 Α
2368 569 2507 621 νηνς
2542 571 2562 604 ο
2602 552 2679 604 ού
2731 551 2820 606 διὰ
2866 550 3070 620 ταύτην
3098 551 3192 604 οὖν
3225 551 3323 621 τὴν
3364 552 3548 604 αἰτίαν
3583 550 3740 605 εἷπον
3781 555 3846 606 τλ
3875 554 3950 614 ὼς

709 650 984 719 ἀρχόντων
1033 649 1131 716 τῆς
1163 647 1470 714 συγκλήτου
1514 647 1736 714 καὶτῆς
1780 645 2077 715 ἐκκλησίας
2112 645 2270 714 1⁷7

709 744 803 794 καὶ
833 741 1050 794 πάντων
1082 739 1265 808 σχεδὸν
1307 737 1418 790 τῶν
1473 738 1888 808 μητροπολιτῶν
1920 739 2013 791 καὶ
2051 737 2269 789 ἐπισκό-

712 849 827 884 πων
859 831 946 882 διὰ
996 829 1095 899 τὴν
1133 829 1526 897 μελετηθεῖσαν
1565 831 1659 882 καὶ
1702 828 1776 898 μὴ
1826 828 2205 898 ὠφεληθεῖσαν
2237 828 2270 895 ἢ

713 923 914 992 μᾶλλον
941 922 1117 973 εἰπεῖν
1159 920 1233 988 μὴ
1263 918 1629 988 ὡφελήσασαν
1661 919 1877 971 σύνοδον
1909 918 2009 989 τὴν
2040 920 2096 970 ἐν
2121 917 2271 970 Φλω-

713 1015 896 1085 ρεντίᾳ
949 1013 1458 1080 συναθροισθεῖσαν,
1508 1012 1636 1064 ἔνθα
1686 1015 1778 1064 καὶ
1819 1013 1879 1064 ού
1935 1012 2272 1082 συνεπέρασε

708 1109 821 1167 τοῖς
857 1106 1013 1157 πᾶσι.
1045 1104 1117 1155 Ού
1149 1103 1291 1170 λέγω
1322 1103 1480 1156 τοῦτο
1512 1104 1651 1156 κατὰ
1674 1105 1782 1155 τῶν
1806 1105 1904 1171 τῆς
1945 1102 2272 1171 Ἐκκλησὶας

708 1198 1001 1267 δογμάτων
1027 1211 1038 1224 ·
1073 1195 1247 1248 ταῦτα
1304 1196 1410 1264 γὰρ
1444 1197 1577 1265 παρ’
1627 1195 1807 1257 ἄλλοις
1843 1194 2104 1262 ἐδόθησαν
2140 1197 2273 1272 ,κρί-

709 1291 925 1341 νεσθαι·
970 1288 1095 1356 ἐμοὶ
1123 1287 1179 1338 δὲ
1210 1288 1369 1356 ἀρκεῖ
1402 1288 1434 1354 ἡ
1485 1286 1727 1354 πατρική
1778 1303 1878 1352 μου
1919 1285 2139 1354 διαδοχὴ
2174 1285 2273 1352 τῆς

713 1385 967 1445 πίστεως,
1021 1381 1154 1431 διότι
1189 1380 1250 1430 οὐ
1299 1379 1451 1448 παρά
1481 1394 1628 1440 τινος
1671 1377 1778 1430 τῶν
1828 1379 2056 1431 ἐκείνων
2088 1378 2272 1446 μερῶν

709 1475 816 1528 τῶν
853 1475 910 1536 ἐξ
965 1473 1210 1535 ἐναντίας
1262 1472 1474 1540 ἤκουσα
1517 1470 1698 1538 λέγειν
1747 1470 1817 1522 τὰ
1850 1471 2093 1538 ἡμέτερα
2127 1469 2272 1522 κακὰ

707 1562 872 1623 εἶναι.
911 1563 1044 1616 ἀλλὰ
1089 1563 1288 1630 μᾶλλον
1324 1560 1461 1614 καλὰ
1502 1561 1597 1611 καὶ
1631 1561 1858 1629 ἀρχαῖα,
1894 1559 1986 1611 καὶ
2015 1559 2082 1611 τὰ
2127 1560 2273 1611 ἐκεί-

708 1675 816 1709 νων
849 1655 1011 1707 πάλιν
1040 1655 1100 1706 οὐ
1150 1652 1317 1716 κακὰ,
1357 1650 1494 1704 ἀλλὰ
1542 1650 1703 1704 καλά.
1739 1652 1849 1703 Καὶ
1890 1649 1965 1710 ὡς
2008 1650 2185 1701 εἰπεῖν
2215 1650 2272 1700 ἐν

706 1745 1138 1814 παραδείγματι,
1186 1745 1268 1794 ὅτι
1312 1741 1411 1812 τὴν
1447 1744 1618 1812 μέσην
1647 1741 1764 1793 ὁδὸν
1793 1742 1891 1810 τῆς
1935 1741 2140 1802 πόλεως
2172 1741 2272 1810 τὴν

709 1841 975 1892 πλατεῖαν
1025 1840 1121 1890 καὶ
1152 1835 1467 1904 εὐρύχωρον
1498 1833 1840 1902 διηρχόμεθα
1881 1834 2112 1894 πολλοὺς
2143 1832 2271 1904 χρό-

708 1949 831 1991 νους
881 1929 1020 1998 μετά
1061 1945 1247 1989 τινων,
1282 1927 1350 1978 δι’
1378 1922 1446 1997 ἦς
1483 1926 1841 1993 καταντῶμεν
1865 1926 1944 1988 είς
1978 1925 2076 1994 τὴν
2111 1925 2273 1989 ἁγίαν

710 2025 937 2093 Σοφίαν·
965 2018 1085 2074 εἶτα
1112 2021 1251 2089 μετά
1277 2037 1426 2080 τινας
1455 2018 1682 2086 καιροὺς
1710 2018 1908 2087 εὑρέθη
1940 2019 2091 2084 παρὰ
2111 2033 2273 2069 τινων

708 2117 803 2167 καὶ
837 2112 972 2180 ἄλλη
1023 2111 1140 2171 όδὺς
1190 2109 1536 2170 καταντῶσα,
1570 2107 1645 2168 ὡς
1694 2106 1936 2174 λέγουσι,
1981 2111 2079 2159 καὶ
2130 2105 2270 2176 αὐτὴ

706 2209 843 2268 ἐκεῖ,
874 2207 970 2258 καὶ
1008 2201 1413 2272 παροτρύνουσί
1470 2217 1536 2268 με
1589 2199 1840 2265 λέγοντες
1864 2215 1878 2227 ·
1921 2217 1939 2250 ι
1991 2198 2142 2251 Ἐλθὲ
2180 2201 2274 2252 καὶ

710 2300 773 2350 σὺ
806 2298 892 2350 διὰ
913 2298 1008 2366 τῆς
1042 2295 1162 2348 ὁδοῦ
1195 2293 1419 2360 ταύτης,
1452 2294 1518 2360 ἢν
1545 2291 1778 2361 εὕρομεν
1801 2304 1815 2319 ⁸
1850 2290 2073 2358 καὶγὰρ
2105 2290 2152 2340 εί
2180 2288 2272 2341 καί

707 2395 858 2444 ἐστιν
907 2389 1048 2458 αὕτη
1094 2382 1252 2458 δι’ἦς
1306 2386 1525 2458 ἀπέρχῃ
1558 2383 1699 2454 καλὴ
1755 2385 1846 2437 καὶ
1891 2382 2114 2452 ἀρχαία,
2177 2383 2273 2434 καὶ

709 2483 844 2551 ἡμῖν
896 2478 1137 2549 ἀρχῆθεν
1186 2478 1404 2546 γνωστὴ
1444 2476 1540 2529 καὶ
1596 2479 1692 2529 σὺν
1753 2476 1881 2544 ὑμῖν
1925 2473 2300 2554 διερχομένημ

713 2573 848 2629 ἀλλὰ
865 2573 964 2626 καὶ
992 2569 1151 2640 αὕτη,
1183 2570 1249 2640 ἣν
1283 2568 1513 2640 εὕρομεν
1550 2569 1666 2631 νῦν,
1695 2569 1832 2636 καλή
1879 2569 2028 2620 ἐστιν
2051 2582 2066 2597 ·
2107 2584 2126 2617 ι
2164 2564 2273 2632 ἐγὼ

711 2665 768 2718 δὲ
803 2664 1017 2718 ἀκούων
1074 2662 1225 2729 παρὰ
1265 2659 1362 2728 μὶν
1391 2659 1499 2711 τῶν
1543 2659 1623 2712 ὅτι
1657 2658 1794 2727 καλή
1829 2659 1965 2722 ἐστι,
2022 2657 2173 2726 παρὰ
2213 2655 2272 2708 δὲ

708 2755 816 2807 τῶν
841 2755 926 2807 ὅτι
955 2753 1015 2804 οὐ
1041 2751 1200 2820 καλὴ,
1239 2751 1334 2803 καὶ
1367 2749 1695 2816 ἀσυμφωνία
1725 2747 1860 2799 οὖσα
1895 2750 1952 2799 ἐν
1981 2745 2060 2815 τῷ
2101 2747 2270 2814 μέσῳ,

709 2848 796 2901 διὰ
823 2846 874 2899 τι
905 2845 979 2914 μὴ
1009 2843 1150 2895 εἴπω
1194 2844 1311 2911 μετ’
1355 2843 1580 2910 εἰρήνης
1607 2855 1621 2870 ο
1666 2858 1684 2889 ι
1721 2837 2054 2909 ’Ᾱττέρχεσθε
2093 2836 2272 2898 καλῶς

709 2941 788 3000 είς
833 2937 930 3006 τὴν
963 2935 1125 3002 ἁγίαν
1173 2933 1372 3000 Σοφίαν
1423 2931 1548 2985 ὅθεν
1593 2931 1885 3001 βούλεσθε⁶
1956 2928 2066 2995 ἐγὼ
2106 2929 2271 2982 πάλιν

709 3028 904 3082 διέλθω
935 3026 1022 3079 διὰ
1044 3029 1142 3094 τῆς
1174 3023 1295 3077 ὁδοῦ
1330 3025 1396 3093 ἠν
1423 3023 1518 3075 καὶ
1543 3022 1672 3091 ,μεθ’
1702 3020 1855 3084 ὑμῶν
1885 3019 2066 3088 πολλῷ
2096 3022 2271 3088 χρόνῳ

715 3118 877 3188 178
910 3116 1237 3186 διηρχόμην,
1285 3116 1380 3165 καὶ
1415 3112 1585 3179 καλὴν
1621 3112 1793 3179 αὐτὴν
1830 3111 1924 3163 καὶ
1953 3103 2095 3178 παρ’
2117 3108 2271 3176 ὑμῶν

2376 641 2454 710 μὴ
2481 641 2867 710 ὠφελήσασαν,
2906 641 3025 694 ἀλλ’
3057 642 3246 695 ἕνεκεν
3270 644 3368 710 τῆς
3401 644 3783 711 ἀσυμφωνίας.
3824 645 3950 699 FN:

2370 732 2566 794 ἕνωσις
2595 733 2683 801 ειη
2713 732 2824 784 τῶν
2846 732 3185 799 ἐκκλησιῶν,
3210 735 3304 784 καὶ
3331 734 3631 802 ὑστερῆσαι
3664 751 3730 801 με
3758 736 3786 784 ό
3815 736 3951 791 θεὸς

2370 825 2484 877 τῶν
2513 823 2812 893 ὀφθαλμῶν
2851 841 2977 893 μου.
3003 825 3167 876 Ἀλλὰ
3195 825 3284 878 διὰ
3326 825 3419 890 τί;
3469 828 3552 878 ὅτι
3608 825 3703 878 καὶ
3733 827 3879 891 αὐτή
3914 828 3946 893 ἡ

2371 919 2472 988 τῆς
2501 917 2724 969 συνόδου
2771 917 3031 979 ὑπόθεσις
3064 912 3134 985 ἦν
3169 917 3316 969 αίτία
3353 915 3558 990 πρώτη
3582 919 3677 969 καὶ
3726 920 3949 984 μεγάλη

2374 1010 2462 1062 ἶνα
2492 1012 2719 1078 γένηται
2769 1011 2801 1079 ἡ
2834 1011 2974 1062 κατὰ
3016 1013 3117 1078 τῆς
3161 1010 3790 1070 Κωνσταντινουπόλεως
3837 1011 3951 1058 τῶν

2374 1099 2590 1152 ἀσεϐῶν
2615 1100 2828 1166 ἔφοδος,
2857 1102 2954 1152 καὶ
2982 1099 3091 1152 ἀπὸ
3138 1102 3343 1167 ταύτης
3373 1099 3536 1154 πάλιν
3577 1102 3611 1166 ἡ
3655 1099 3951 1164 πολιορκία

2372 1192 2469 1242 καὶ
2500 1191 2850 1260 αἱχμαλωσία
2884 1192 2981 1244 καὶ
3011 1191 3241 1260 τοιαύτη
3289 1191 3386 1244 καὶ
3416 1191 3651 1258 τοσαύτη
3684 1194 3949 1258 σύμφορα

2374 1285 2562 1352 ἡμῶν·
2599 1286 2695 1336 καὶ
2722 1284 2992 1336 ἀκούσατε
3025 1283 3212 1349 λόγους
3253 1283 3498 1351 ἀληθεῖς,
3535 1283 3631 1351 τὴν
3656 1284 3948 1347 Ᾱύτοαὶή-

2373 1375 2526 1429 θειαν
2558 1375 2967 1444 προϐαλομένου
3005 1393 3106 1443 μου
3135 1377 3461 1444 μαρτυρίαν.

2446 1464 2614 1518 Εἶπεν
2647 1469 2675 1519 ὁ
2699 1467 2945 1535 ἀοίδιμος
2984 1466 3239 1533 βασιλεὺς
3269 1467 3375 1535 κῖιρ
3403 1467 3656 1518 Μανουίηλ
3685 1467 3819 1534 πρδς
3849 1468 3949 1517 τὸν

2372 1559 2492 1611 υἱὸν
2524 1557 2714 1623 αὓτοῦ,
2756 1557 2849 1610 τὸν
2899 1557 3125 1625 βασιλέα
3153 1560 3257 1627 κύρ
3283 1556 3562 1627 Ἰωάννην,
3609 1559 3767 1625 μόνος
3795 1559 3948 1625 πρὶς

2375 1651 2557 1718 μόνον,
2600 1649 2782 1718 κάμοῦ
2819 1650 2985 1716 μόνου
3032 1651 3330 1715 ἱσταμένου
3365 1650 3674 1719 ἔμπροσθεν
3719 1650 3949 1701 αὑτῶν-

2373 1741 2467 1793 καὶ
2509 1742 2831 1802 ἐκπεσόντος
2875 1742 3036 1808 λόγου
3079 1743 3208 1808 περὶ
3231 1745 3332 1809 τῆς
3362 1742 3583 1794 συνόδου
3615 1741 3714 1810 ἔφη
3747 1757 3758 1768 ·
3788 1759 3808 1791 ι
3849 1742 3949 1792 Υἰέ

2377 1850 2506 1899 μου,
2538 1833 2769 1901 βεϐαίως
2804 1833 2898 1884 καὶ
2928 1833 3150 1901 ἀληθῶς
3175 1833 3518 1900 ἐπιστάμεθα
3553 1835 3614 1884 ἐκ
3645 1833 3806 1900 μέσον
3843 1832 3949 1897 τῆς

2376 1924 2604 1991 καρδίας
2630 1926 2812 1978 αὐτῶν
2837 1925 2901 1993 δὴ
2930 1925 3040 1976 τῶν
3069 1924 3302 1989 ἀσεϐῶν,
3341 1927 3424 1977 ὅτι
3453 1925 3572 1977 λίαν
3603 1926 3948 1989 δισταζουσι,

2375 2015 2702 2084 φοϐούμενοι
2756 2016 2829 2083 μή
2878 2031 2994 2077 πως
3032 2018 3486 2084 συμφωνήσωμεν
3527 2018 3621 2069 καὶ⁵
3650 2016 3952 2084 ἐνωθῶμεν

2373 2109 2486 2168 τοῖς
2526 2107 2767 2169 δυτικοῖς
2814 2107 2856 2159 Χ
2868 2109 3163 2175 ριστιανοῖς
3187 2122 3201 2136 ·
3234 2107 3386 2159 δοκεῖ
3413 2108 3521 2175 γὰρ
3566 2107 3747 2167 αὐτοῖς
3779 2107 3867 2158 ὅτι
3899 2110 3950 2157 εί

2370 2196 2530 2250 τοῦτο
2553 2197 2801 2266 γένηται,
2829 2197 3121 2266 γενήσεταί
3146 2215 3197 2249 τι
3231 2199 3402 2249 κακὸν
3433 2199 3576 2266 μέγα
3607 2197 3726 2249 κατ’
3757 2198 3950 2249 αὐτῶν

2374 2289 2526 2357 παρὰ
2555 2288 2661 2342 τῶν
2707 2289 3013 2357 εἰρημένων
3055 2289 3290 2340 δυτικῶν
3318 2288 3386 2340 δι’
3417 2290 3586 2357 ἡμᾶς.
3633 2289 3836 2340 Λοιπὸν
3886 2291 3951 2337 re

2373 2380 2631 2446 περὶτῆς
2663 2379 2886 2432 συνόδου
2939 2379 3140 2448 μελέτα
3179 2379 3280 2448 μὲν
3316 2380 3446 2431 αὐτὸ
3496 2381 3590 2431 καὶ
3628 2378 3803 2446 ζήτει,
3846 2379 3951 2428 καὶ

2375 2471 2609 2539 μάλιστα
2639 2473 2769 2523 ὅταν
2792 2471 2983 2538 χρείαν
3009 2470 3157 2544 ξχεις
3191 2470 3428 2538 φοϐῆσαι
3459 2471 3585 2534 τοὺς
3610 2471 3850 2533 ἀσεϐεῖς,
3886 2471 3949 2521 τὸ

2372 2563 2430 2615 δὲ
2471 2563 2699 2629 ποιῆσαι
2739 2563 2913 2632 αὐτὴν
2960 2565 3158 2632 μηκέτι
3195 2563 3570 2633 ἐπιχειρισθῇς
3613 2564 3766 2626 αὐτὸ,
3798 2564 3947 2623 διότι

2371 2655 2448 2716 ὡς
2480 2653 2664 2722 βλέπω
2695 2656 2821 2717 τοὺς
2853 2656 3184 2724 ἡμετέρους,
3215 2654 3314 2708 οῦκ
3345 2657 3481 2707 είσιν
3512 2656 3763 2724 ἁρμόδιοι
3800 2658 3947 2723 πρὶς

2373 2747 2435 2798 τὸ
2461 2747 2643 2813 εὑρεῖν
2693 2747 2919 2815 μέθοδον
2950 2749 3046 2798 καὶ
3092 2747 3294 2817 τρόπον
3329 2748 3573 2810 ἐνὼσεως
3619 2749 3949 2817 συμφωνίας

2373 2855 2432 2891 τε
2463 2839 2556 2891 καὶ
2595 2839 2818 2907 εἰρήνης
2856 2838 3016 2908 179
3057 2839 3151 2890 καὶ
3181 2840 3402 2908 ἀγάπης
3446 2840 3540 2890 καὶ
3581 2841 3858 2908 ὁμονοίας,
3897 2842 3948 2892 εί

2376 2930 2450 2999 μὴ
2482 2930 2824 2999 φροντίζουσι
2868 2932 3002 2998 πρὸς
3049 2931 3109 2982 τὸ
3145 2930 3469 3000 ἐπιστρέψαι
3518 2931 3741 2993 αὐτοὺς,
3793 2932 3946 2997 λέγω

2371 3023 2498 3084 τοὺς
2521 3021 2799 3086 δυτικοῦς,
2826 3021 2901 3082 ὡς
2929 3016 3070 3090 ἦμεν
3094 3022 3358 3091 ἀρχῆθεν.
3386 3023 3556 3076 Τοῦτο
3586 3023 3643 3077 δέ
3673 3024 3949 3077 ἀδύνατον

2372 3110 2540 3173 ὅντως
2563 3129 2574 3141 ·
2611 3111 2798 3181 σχεδὸν
2831 3115 2939 3181 γὰρ
2973 3111 3247 3181 φοϐοῦμαι
3279 3113 3355 3184 μὴ
3385 3115 3477 3166 καὶ
3511 3117 3695 3184 χεῖρον
3732 3117 3948 3184 σχίσμα

711 3214 807 3264 καὶ
855 3209 960 3262 τῶν
1005 3207 1284 3277 προγόνων
1343 3204 1796 3277 μαρτυρουμένην
1845 3203 1938 3254 καὶ
1990 3199 2270 3272 διερχομέ-
2295 3201 2342 3262 C
2374 3201 2625 3273 γένηταιο
2655 3205 2744 3254 καὶ
2770 3203 2878 3255 ἰδοὺ
2900 3203 3369 3274 ἁπεκαλύφθημεν
3395 3208 3506 3268 τοίς
3529 3206 3810 3258 ἀσεϐέσι.»
3832 3207 3947 3259 Τοῦ

713 3392 894 3457 tisque
942 3398 1047 3440 tam
1100 3383 1361 3441 senatorii
1395 3382 1623 3446 ordinis,
1655 3396 1817 3449 quam
1855 3378 2108 3433 Ecclesiae
2140 3378 2267 3432 viris

714 3480 1046 3550 primoribus
1094 3487 1147 3531 et
1178 3475 1444 3530 universis
1475 3473 1864 3542 propemodum
1911 3471 2268 3539 metropolitis

711 3583 766 3627 ct
794 3571 1089 3639 episcopis,
1125 3575 1344 3636 propter
1383 3579 1525 3627 eam,
1556 3577 1717 3632 quam
1744 3561 2127 3622 meditabatur,
2173 3560 2266 3613 sed

711 3667 798 3721 rui
831 3679 939 3718 non
968 3661 1188 3730 profuit,
1226 3660 1328 3723 vel,
1362 3666 1421 3711 ut
1450 3657 1627 3726 aptius
1666 3655 1864 3717 dicam,
1896 3666 2016 3721 quae
2041 3653 2152 3720 ipsa
2187 3651 2270 3702 ni-

713 3761 787 3814 hil
814 3756 1039 3828 profuit,
1076 3750 1360 3807 Florentiae
1405 3757 1649 3803 coactam
1693 3745 1956 3815 synodum
1996 3741 2266 3797 discessit.

711 3853 769 3906 lu
803 3867 862 3904 ea
905 3849 1067 3917 igitur
1114 3860 1236 3898 cum
1288 3841 1512 3909 reliquis
1551 3839 1808 3893 omnibus
1847 3836 1983 3890 nihil
2045 3833 2270 3902 profecit

713 3944 1009 4010 imperator
1039 3957 1054 3989 :
1093 3934 1240 4004 quod
1282 3948 1388 3984 non
1428 3930 1496 3984 de
1526 3929 1797 3997 dogmatis
1829 3924 2086 3979 Ecclesia:
2109 3925 2264 4010 dico:

712 4047 774 4085 ca
800 4009 953 4083 enim
985 4026 1105 4078 aliis
1139 4028 1261 4076 data
1303 4027 1428 4073 sunt
1453 4017 1767 4085 iudicanda,
1803 4028 1868 4068 ac
1904 4011 2036 4064 mihi
2073 4009 2270 4064 snﬂicit

709 4125 870 4197 quasi
906 4120 1220 4176 haereditate
1259 4131 1288 4168 a
1331 4113 1631 4181 majoribus
1676 4117 1895 4176 accepta
1937 4107 2091 4170 ﬁdes,
2137 4120 2270 4197 quo-

711 4196 860 4273 niam
900 4230 928 4268 a
962 4217 1177 4267 neruine
1197 4207 1487 4262 contraria:
1511 4203 1680 4272 partis
1707 4200 1915 4254 assecla
1941 4198 2143 4259 audivi,
2170 4196 2269 4251 do-

714 4319 892 4381 gmata
928 4316 1110 4360 nostra
1140 4315 1300 4368 prava
1339 4312 1479 4360 esse,
1513 4297 1621 4349 imo
1647 4295 1822 4362 potius
1852 4293 2074 4362 pulchra
2095 4299 2148 4344 et
2173 4304 2271 4342 an-

717 4380 887 4470 tiqua,
910 4407 1217 4467 quanquam
1242 4405 1337 4444 nec
1363 4404 1458 4443 sua
1478 4388 1725 4455 dogmata
1751 4399 1933 4452 prava,
1967 4383 2131 4435 sedet
2154 4380 2269 4444 ipsa

2373 3396 2535 3450 quam
2569 3382 2846 3436 vobiscum
2879 3383 2970 3437 diu
3003 3386 3285 3453 usurpavi,
3323 3393 3375 3440 et
3395 3387 3676 3456 pulchram
3707 3389 3857 3442 illam
3893 3401 3950 3444 et

2372 3489 2401 3526 a
2435 3474 2703 3527 nobismet
2720 3490 2780 3527 ac
2807 3477 3102 3543 majoribus
3122 3480 3401 3546 probatam
3425 3492 3855 3550 usurpatamque
3877 3483 3936 3533 τι

2375 3564 2489 3618 Non
2524 3566 2624 3618 hac
2683 3567 2749 3618 de
2779 3581 2943 3619 causa
2981 3567 3146 3634 igitur
3181 3571 3448 3639 synodum
3499 3573 3634 3625 nihil
3665 3574 3947 3642 profuisse

2372 3656 2507 3722 dixi,
2537 3657 2630 3711 sed
2663 3667 2883 3726 propter
2916 3657 3269 3716 discordiam.
3303 3661 3522 3716 Utinam
3561 3666 3710 3719 fieret
3755 3671 3954 3721 conci—

2374 3750 2525 3804 liatio
2549 3750 2910 3803 ecclesiarum
2947 3750 2961 3803 !
2996 3751 3078 3805 sic
3101 3766 3200 3820 ego
3227 3769 3333 3806 non
3363 3769 3700 3818 recusarem,
3735 3761 3945 3825 privari

2374 3856 2460 3895 me
2515 3856 2546 3895 a
2583 3840 2691 3894 Deo
2712 3840 2908 3894 oculis.
2949 3840 3215 3895 Nimirum
3246 3844 3361 3910 ipsa
3396 3845 3541 3901 illius
3567 3849 3762 3917 synodi
3790 3866 3947 3917 qua‘o

2373 3934 2479 3987 stio
2518 3948 2681 3986 causa
2735 3934 2910 4000 prima
2949 3942 3004 3987 et
3040 3937 3362 4002 gravissima
3400 3947 3515 3990 erat
3575 3942 3951 4008 expeditionis

2371 4027 2438 4080 ab
2465 4027 2644 4094 impiis
2663 4035 2850 4079 contra
2882 4025 3089 4094 Cpolim
3119 4038 3385 4095 suscepta:
3410 4041 3574 4098 atque
3592 4032 3790 4087 deinde
3809 4050 3950 4088 con.

2370 4126 2573 4172 secutae
2601 4117 2939 4170 obsessionis
2969 4127 3024 4171 et
3052 4122 3480 4188 expugnationis
3503 4133 3559 4175 et
3587 4133 3756 4177 tantae
3781 4125 3951 4190 hujus

2371 4207 2542 4260 cladis
2599 4216 2796 4260 nostra:
2829 4225 2841 4259 :
2884 4208 3026 4276 agite
3057 4209 3243 4261 audite
3277 4227 3290 4273 ;
3326 4213 3612 4266 audituros
3667 4231 3767 4268 vos
3824 4234 3951 4272 esse

2373 4299 2712 4352 narrationes
2745 4314 2923 4362 veras,
2961 4308 3131 4352 testor
3174 4315 3321 4366 eum,
3348 4304 3540 4370 quiest
3576 4306 3688 4374 ipsa
3719 4309 3947 4361 veritas.

2443 4391 2732 4446 Gloriosus
2763 4393 3061 4459 imperator
3095 4393 3306 4448 Manuel
3343 4395 3605 4450 Joannem
3647 4400 3819 4452 tilium
3843 4404 3948 4454 im-

713 4490 938 4562 pnlclira
961 4501 1082 4541 esse
1115 4480 1470 4537 contendunt.
1508 4478 1679 4542 Quam
1708 4490 1820 4528 rem
1847 4475 1920 4526 ita
1953 4470 2137 4525 licebit
2166 4483 2265 4578 εει·
2293 4517 2346 4578 D
2373 4493 2673 4552 pel-Morem
2697 4483 2847 4536 εοιυε
2872 4484 3073 4546 solum,
3101 4499 3187 4536 me
3211 4486 3374 4538 unico
3402 4494 3778 4552 astante’cum
3809 4488 3951 4545 forte

712 4560 890 4647 emplo
918 4577 1207 4630 illustrare.
1247 4569 1303 4622 Si
1337 4569 1417 4620 via
1450 4567 1538 4620 illa
1564 4580 1658 4633 per
1697 4563 1929 4618 mediam
1967 4563 2154 4615 urbem
2186 4560 2265 4613 fe-

715 4684 867 4726 rente
903 4669 1061 4738 plaua
1096 4673 1148 4717 et
1172 4662 1350 4728 ampla
1381 4674 1474 4728 per
1504 4658 1720 4725 longum
1744 4655 2006 4720 temporis
2037 4654 2266 4720 spatium

714 4778 840 4817 cum
899 4758 1022 4811 aliis
1072 4751 1397 4822 quibusdam
1436 4746 1664 4815 profecti
1704 4758 1949 4798 essemus
1970 4741 2040 4794 ad
2069 4753 2270 4796 sancta:

717 4852 936 4921 Sophia:
967 4845 1247 4913 templum,
1291 4839 1504 4900 deinde,
1545 4845 1666 4904 post
1707 4833 1920 4902 aliquod
1950 4844 2162 4900 tempus
2191 4832 2272 4883 in-

721 4953 878 4998 venta
916 4956 943 4991 a
998 4935 1275 4990 nonnullis
1320 4931 1425 4984 alia
1457 4930 1562 4992 via,
1591 4937 1644 4980 et
1683 4927 1825 4994 ipsa,
1869 4924 2026 4976 utilli
2054 4924 2269 4988 quidem

716 5038 981 5094 dicerent,
1004 5029 1193 5082 eodem
1225 5026 1450 5086 ferente,
1481 5022 1895 5075 cohortarentur
1926 5030 2011 5069 me
2038 5016 2119 5068 bis
2154 5030 2273 5066 ver-

718 5129 834 5182 bis:
865 5143 882 5175 ι
911 5122 1076 5177 Utare
1103 5128 1158 5172 tu
1185 5129 1404 5186 quoque
1433 5113 1555 5177 bac,
1585 5125 1747 5180 quam
1785 5110 2114 5172 invenimus,
2137 5107 2222 5159 via
2250 5122 2266 5170 ;

717 5217 930 5273 etiamsi
958 5214 1102 5268 enim
1127 5212 1372 5278 ista,qua
1406 5215 1461 5259 tu
1490 5204 1677 5267 uteris,
1716 5202 1940 5272 pulchra
1969 5208 2023 5254 et
2046 5199 2268 5267 antiqua

718 5318 803 5366 est
832 5323 894 5361 ac
936 5300 1337 5379 nobis.pridem
1379 5306 1504 5350 nota
1545 5303 1598 5348 et
1627 5294 1904 5346 vobiscum
1941 5291 2158 5350 usitata,
2193 5299 2270 5340 ta-

722 5416 842 5456 men
858 5397 1020 5452 etiam
1043 5395 1155 5447 haec
1176 5390 1398 5459 pulchra
1421 5397 1521 5447 est,
1542 5399 1705 5454 quam
1727 5398 1870 5437 nunc
1886 5381 2221 5442 invenimus;
2250 5397 2268 5428 ι

718 5509 819 5560 ego
855 5498 1035 5542 autem
1078 5485 1145 5537 ab
1187 5481 1307 5535 aliis
1340 5479 1607 5540 audirem,
1646 5475 1923 5543 pulchram
1961 5485 2079 5523 eam
2125 5483 2271 5531 esse,

721 5588 788 5633 ab
812 5580 952 5641 aliis,
985 5591 1091 5630 non
1125 5571 1423 5642 pulchram,
1444 5577 1690 5634 essetque
1714 5566 1855 5618 inter
1873 5574 2130 5630 utrosque
2155 5563 2277 5616 dis-

721 5671 907 5726 sensio
937 5677 992 5721 et
1017 5661 1286 5719 discordia
1313 5677 1327 5713 :
1363 5657 1549 5727 quidni
1591 5670 1690 5724 ego
1718 5655 1897 5723 quiete
1940 5653 2013 5706 ita
2045 5668 2273 5719 respon-

720 5765 940 5817 derem:
974 5777 992 5808 ι
1033 5757 1106 5811 Ite
1154 5768 1270 5818 vos,
1296 5765 1406 5820 qua
1443 5749 1637 5818 placet,
1666 5748 1732 5800 ad
1786 5745 2036 5813 templum
2081 5752 2280 5798 sanctae

728 5852 944 5923 Sophia!
979 5868 999 5915 ;'
1025 5849 1125 5918 ego
1157 5845 1383 5916 pdbtbac
1412 5856 1628 5912 quoque
1656 5839 1934 5907 usurpabo
1967 5838 2102 5891 viam
2136 5842 2277 5902 eam,

2377 4577 2441 4627 de
2472 4575 2678 4643 synodo
2716 4574 2921 4627 mentio
2955 4575 3258 4637 incidisset,
3297 4577 3378 4629 sic
3411 4587 3492 4630 est
3522 4578 3716 4632 all‘atns
3745 4597 3759 4634 :
3800 4599 3819 4632 ι
3847 4581 3946 4634 Fili

2379 4665 2473 4729 mi,
2495 4665 2693 4732 inquit,
2729 4679 2856 4717 vere
2910 4679 2974 4718 ac
2997 4673 3147 4718 certo
3186 4667 3395 4720 scimus
3425 4669 3726 4736 exploratis
3756 4673 3950 4740 impio-

2379 4771 2494 4808 rum
2517 4755 2726 4809 mtimis
2751 4756 3026 4818 sensibus,
3060 4759 3411 4839 vehementer
3441 4776 3538 4815 eos
3569 4764 3692 4829 angi
3737 4779 3803 4817 ac
3836 4765 3949 4819 for-

2379 4848 2606 4911 midare,
2665 4862 2731 4899 ne
2795 4848 3012 4916 quando
3063 4851 3418 4904 conciliemur
3452 4863 3504 4906 et
3544 4856 3950 4922 coniungantur

2379 4953 2500 4990 cum
2524 4937 2849 4993 Christianis
2875 4937 3326 4992 occidentalibus.
3360 4940 3469 4996 Hoc
3493 4945 3638 4996 enim
3671 4947 3715 4997 si
3741 4947 3858 5011 fiat,
3881 4951 3947 5001 ab

2381 5032 2468 5093 iis,
2515 5045 2650 5098 quos
2694 5030 2826 5090 dixi,
2870 5030 3296 5085 oet-identalibus
3344 5049 3542 5102 magno
3581 5052 3702 5092 sese
3741 5042 3946 5096 damno

2379 5134 2598 5192 propter
2622 5138 2720 5177 nos
2749 5132 3037 5176 mactatum
3063 5124 3126 5174 iri
3153 5133 3364 5190 putant.
3384 5125 3650 5179 Caeterum
3673 5131 3858 5198 cogita
3882 5137 3946 5188 de

2377 5216 2583 5285 synodo
2612 5221 2667 5267 et
2701 5227 2812 5267 rem
2856 5228 3000 5266 curat
3039 5215 3199 5280 habe,
3239 5220 3565 5283 praesertim,
3622 5235 3750 5275 cum
3798 5226 3947 5294 impii

2377 5307 2471 5358 tibi
2503 5303 2728 5357 timendi
2759 5312 2919 5368 sunt;
2950 5319 3140 5374 cogere
3171 5317 3350 5359 autem
3383 5323 3497 5360 eam
3524 5325 3586 5362 ne
3613 5311 3727 5378 jam
3762 5330 3951 5384 aggre-

2377 5397 2547 5458 diarc,
2575 5396 2834 5462 quoniam
2867 5403 3158 5458 nostrates,
3191 5405 3247 5449 ut
3278 5398 3410 5449 mihi
3452 5400 3674 5468 quidem
3707 5404 3947 5468 videtur,

2378 5487 2443 5538 ad
2472 5486 2843 5538 inveniendam
2870 5487 3137 5539 rationem
3165 5488 3949 5561 modumqueconjunc1ionis,

2378 5591 2698 5639 consensus,
2740 5578 2909 5644 pacis,
2961 5576 3247 5632 charitatis
3273 5588 3327 5632 et
3383 5583 3692 5642 concordiae
3746 5602 3952 5655 nequa-

2382 5681 2543 5734 quam
2583 5666 2691 5733 apti
2749 5676 2898 5730 snnt,
2931 5668 3023 5723 sed
3073 5682 3190 5734 eos,
3230 5671 3596 5727 occidentales
3627 5675 3776 5739 dico,
3828 5681 3954 5732 tates

2387 5757 2563 5810 facere
2581 5760 2821 5810 animum
2845 5760 3133 5826 inducunt,
3156 5761 3348 5830 quales
3382 5763 3590 5819 fuimus
3623 5770 3949 5837 antiquitus.

2388 5848 2538 5913 Quod
2587 5848 2828 5918 profecto
2858 5851 2973 5907 ﬁeri
3005 5867 3110 5909 non
3144 5864 3358 5923 potest;
3394 5871 3455 5912 ac
3483 5859 3651 5914 timeo
3689 5875 3849 5928 pene,
3893 5878 3952 5914 ne
