  <div class='ocr_page' id='page_1' title='image "/cluster/home/n/w/nwhite01/storage/ocr_20150623/156/nnc1.0046980911/388.png"; bbox 0 0 4134 6452; ppageno 0'>
   <div class='ocr_carea' id='block_1_1' title="bbox 199 467 312 532">
    <p class='ocr_par' dir='ltr' id='par_1_1' title="bbox 199 467 312 532">
     <span class='ocr_line' id='line_1_1' title="bbox 199 467 312 532; baseline -0.027 0"><span class='ocrx_word' id='word_1_1' title='bbox 199 467 312 532; x_wconf 66' lang='grc'><strong>785</strong></span> 
     </span>
    </p>
   </div>
   <div class='ocr_carea' id='block_1_2' title="bbox 1246 469 2404 535">
    <p class='ocr_par' dir='ltr' id='par_1_2' title="bbox 1246 469 2404 535">
     <span class='ocr_line' id='line_1_2' title="bbox 1246 469 2404 535; baseline 0.001 -4"><span class='ocrx_word' id='word_1_2' title='bbox 1246 469 1688 534; x_wconf 75' lang='lat' dir='ltr'><strong>CHRONICON</strong></span> <span class='ocrx_word' id='word_1_3' title='bbox 1719 470 1993 534; x_wconf 74' lang='lat' dir='ltr'><strong>MMUS.</strong></span> <span class='ocrx_word' id='word_1_4' title='bbox 2019 495 2082 506; x_wconf 83' lang='grc'><strong><em>-·</em></strong></span> <span class='ocrx_word' id='word_1_5' title='bbox 2127 472 2278 535; x_wconf 81' lang='lat' dir='ltr'><strong>LIB.</strong></span> <span class='ocrx_word' id='word_1_6' title='bbox 2321 471 2404 532; x_wconf 77' lang='lat' dir='ltr'><strong>II.</strong></span> 
     </span>
    </p>
   </div>
   <div class='ocr_carea' id='block_1_3' title="bbox 3309 469 3432 531">
    <p class='ocr_par' dir='ltr' id='par_1_3' title="bbox 3309 469 3432 531">
     <span class='ocr_line' id='line_1_3' title="bbox 3309 469 3432 531; baseline -0.008 0"><span class='ocrx_word' id='word_1_7' title='bbox 3309 469 3432 531; x_wconf 80' lang='lat'><strong>785&#39;</strong></span> 
     </span>
    </p>
   </div>
   <div class='ocr_carea' id='block_1_4' title="bbox 183 574 3417 654">
    <p class='ocr_par' dir='ltr' id='par_1_4' title="bbox 183 574 3417 654">
     <span class='ocr_line' id='line_1_4' title="bbox 183 574 3417 654; baseline 0.002 -24"><span class='ocrx_word' id='word_1_8' title='bbox 183 577 242 630; x_wconf 69' lang='grc' dir='ltr'><strong>δδ</strong></span> <span class='ocrx_word' id='word_1_9' title='bbox 276 574 558 644; x_wconf 80' lang='grc' dir='ltr'>βασιλέως,</span> <span class='ocrx_word' id='word_1_10' title='bbox 579 575 749 643; x_wconf 71' lang='grc' dir='ltr'>εδοξε,</span> <span class='ocrx_word' id='word_1_11' title='bbox 777 578 851 648; x_wconf 85' lang='grc' dir='ltr'>μὴ</span> <span class='ocrx_word' id='word_1_12' title='bbox 883 577 1182 648; x_wconf 73' lang='grc' dir='ltr'>δεξαμένου</span> <span class='ocrx_word' id='word_1_13' title='bbox 1213 581 1305 634; x_wconf 79' lang='grc' dir='ltr'><strong>τὸν</strong></span> <span class='ocrx_word' id='word_1_14' title='bbox 1327 582 1486 650; x_wconf 86' lang='grc' dir='ltr'>λόγον</span> <span class='ocrx_word' id='word_1_15' title='bbox 1512 583 1608 635; x_wconf 79' lang='grc' dir='ltr'>τοῦ</span> <span class='ocrx_word' id='word_1_16' title='bbox 1641 601 1749 638; x_wconf 73' lang='grc' dir='ltr'>παο</span> <span class='ocrx_word' id='word_1_17' title='bbox 1775 581 1826 641; x_wconf 74' lang='grc' dir='ltr'><strong>Α</strong></span> <span class='ocrx_word' id='word_1_18' title='bbox 1853 584 1946 636; x_wconf 81' lang='grc' dir='ltr'>τοῦ</span> <span class='ocrx_word' id='word_1_19' title='bbox 2002 584 2272 653; x_wconf 72' lang='grc' dir='ltr'>βασιλέως</span> <span class='ocrx_word' id='word_1_20' title='bbox 2328 584 2438 637; x_wconf 82' lang='grc' dir='ltr'><strong>ἀπὸ</strong></span> <span class='ocrx_word' id='word_1_21' title='bbox 2484 585 2579 654; x_wconf 82' lang='grc' dir='ltr'>τῆς</span> <span class='ocrx_word' id='word_1_22' title='bbox 2614 585 2819 645; x_wconf 87' lang='grc' dir='ltr'>πόλεως</span> <span class='ocrx_word' id='word_1_23' title='bbox 2873 586 2968 638; x_wconf 78' lang='grc' dir='ltr'>καὶ</span> <span class='ocrx_word' id='word_1_24' title='bbox 3013 584 3417 653; x_wconf 63' lang='grc' dir='ltr'>ἀπερχομένου,</span> 
     </span>
    </p>
   </div>
   <div class='ocr_carea' id='block_1_5' title="bbox 184 668 1752 745">
    <p class='ocr_par' dir='ltr' id='par_1_5' title="bbox 184 668 1752 745">
     <span class='ocr_line' id='line_1_5' title="bbox 184 668 1752 745; baseline 0.004 -24"><span class='ocrx_word' id='word_1_25' title='bbox 184 671 316 741; x_wconf 82' lang='grc' dir='ltr'>τρδς</span> <span class='ocrx_word' id='word_1_26' title='bbox 348 668 537 736; x_wconf 76' lang='grc' dir='ltr'>αὐτοῦ,</span> <span class='ocrx_word' id='word_1_27' title='bbox 577 671 742 741; x_wconf 81' lang='grc' dir='ltr'>μηδὲν</span> <span class='ocrx_word' id='word_1_28' title='bbox 781 671 951 724; x_wconf 76' lang='grc' dir='ltr'>εἰπὼν</span> <span class='ocrx_word' id='word_1_29' title='bbox 985 674 1222 736; x_wconf 76' lang='grc' dir='ltr'>ἀναστάς</span> <span class='ocrx_word' id='word_1_30' title='bbox 1251 675 1484 744; x_wconf 81' lang='grc' dir='ltr'>ἀπῆλθε.</span> <span class='ocrx_word' id='word_1_31' title='bbox 1522 678 1631 728; x_wconf 75' lang='grc' dir='ltr'><strong>Καὶ</strong></span> <span class='ocrx_word' id='word_1_32' title='bbox 1668 695 1752 745; x_wconf 82' lang='grc' dir='ltr'>μι-</span> 
     </span>
    </p>
   </div>
   <div class='ocr_carea' id='block_1_6' title="bbox 183 761 1751 837">
    <p class='ocr_par' dir='ltr' id='par_1_6' title="bbox 183 761 1751 837">
     <span class='ocr_line' id='line_1_6' title="bbox 183 761 1751 837; baseline 0.003 -22"><span class='ocrx_word' id='word_1_33' title='bbox 183 762 320 831; x_wconf 81' lang='grc' dir='ltr'>κρὸν</span> <span class='ocrx_word' id='word_1_34' title='bbox 379 761 601 824; x_wconf 87' lang='grc' dir='ltr'>σύννους</span> <span class='ocrx_word' id='word_1_35' title='bbox 654 764 891 830; x_wconf 85' lang='grc' dir='ltr'>γεγονὼς</span> <span class='ocrx_word' id='word_1_36' title='bbox 933 767 962 817; x_wconf 82' lang='grc' dir='ltr'><strong>ό</strong></span> <span class='ocrx_word' id='word_1_37' title='bbox 998 768 1312 836; x_wconf 79' lang='grc' dir='ltr'><strong>μακαρίτης</strong></span> <span class='ocrx_word' id='word_1_38' title='bbox 1362 770 1457 820; x_wconf 73' lang='grc' dir='ltr'><strong>καὶ</strong></span> <span class='ocrx_word' id='word_1_39' title='bbox 1508 769 1751 837; x_wconf 81' lang='grc' dir='ltr'>ἀοίδιμος</span> 
     </span>
    </p>
   </div>
   <div class='ocr_carea' id='block_1_7' title="bbox 185 854 1751 932">
    <p class='ocr_par' dir='ltr' id='par_1_7' title="bbox 185 854 1751 932">
     <span class='ocr_line' id='line_1_7' title="bbox 185 854 1751 932; baseline 0.004 -26"><span class='ocrx_word' id='word_1_40' title='bbox 185 855 372 924; x_wconf 77' lang='grc' dir='ltr'>πατὴρ</span> <span class='ocrx_word' id='word_1_41' title='bbox 396 854 583 919; x_wconf 79' lang='grc' dir='ltr'>αὑτοῦ,</span> <span class='ocrx_word' id='word_1_42' title='bbox 636 856 915 932; x_wconf 75' lang='grc' dir='ltr'>ἐμϐλέψας</span> <span class='ocrx_word' id='word_1_43' title='bbox 966 860 1101 928; x_wconf 82' lang='grc' dir='ltr'>πρὸς</span> <span class='ocrx_word' id='word_1_44' title='bbox 1136 860 1202 928; x_wconf 84' lang='grc' dir='ltr'>μὲ</span> <span class='ocrx_word' id='word_1_45' title='bbox 1248 855 1402 912; x_wconf 67' lang='grc' dir='ltr'>εἶπεο</span> <span class='ocrx_word' id='word_1_46' title='bbox 1433 880 1451 912; x_wconf 72' lang='grc' dir='ltr'><strong>ι</strong></span> <span class='ocrx_word' id='word_1_47' title='bbox 1490 864 1645 914; x_wconf 83' lang='grc' dir='ltr'>Δοκεῖ</span> <span class='ocrx_word' id='word_1_48' title='bbox 1671 862 1751 930; x_wconf 80' lang='grc' dir='ltr'>τῷ</span> 
     </span>
    </p>
   </div>
   <div class='ocr_carea' id='block_1_8' title="bbox 187 946 1747 1024">
    <p class='ocr_par' dir='ltr' id='par_1_8' title="bbox 187 946 1747 1024">
     <span class='ocr_line' id='line_1_8' title="bbox 187 946 1747 1024; baseline 0.005 -26"><span class='ocrx_word' id='word_1_49' title='bbox 187 947 403 1014; x_wconf 74' lang='grc' dir='ltr'>βασιλεῖ</span> <span class='ocrx_word' id='word_1_50' title='bbox 428 946 505 1016; x_wconf 84' lang='grc' dir='ltr'>τῷ</span> <span class='ocrx_word' id='word_1_51' title='bbox 536 946 636 1016; x_wconf 88' lang='grc' dir='ltr'>υίῷ</span> <span class='ocrx_word' id='word_1_52' title='bbox 673 965 777 1018; x_wconf 84' lang='grc' dir='ltr'><strong>μου</strong></span> <span class='ocrx_word' id='word_1_53' title='bbox 809 947 948 1002; x_wconf 84' lang='grc' dir='ltr'>εἶναι</span> <span class='ocrx_word' id='word_1_54' title='bbox 992 951 1156 1004; x_wconf 74' lang='grc' dir='ltr'>αὑτὸν</span> <span class='ocrx_word' id='word_1_55' title='bbox 1186 953 1451 1022; x_wconf 80' lang='grc' dir='ltr'><strong>ἁρμόδιον</strong></span> <span class='ocrx_word' id='word_1_56' title='bbox 1499 954 1747 1024; x_wconf 77' lang='grc' dir='ltr'><strong>βασιλέα,</strong></span> 
     </span>
    </p>
   </div>
   <div class='ocr_carea' id='block_1_9' title="bbox 186 1028 1746 1118">
    <p class='ocr_par' dir='ltr' id='par_1_9' title="bbox 186 1028 1746 1118">
     <span class='ocr_line' id='line_1_9' title="bbox 186 1028 1746 1118; baseline 0.008 -28"><span class='ocrx_word' id='word_1_57' title='bbox 186 1040 332 1110; x_wconf 71' lang='grc' dir='ltr'>πλὴν</span> <span class='ocrx_word' id='word_1_58' title='bbox 358 1039 420 1092; x_wconf 85' lang='grc' dir='ltr'><strong>ού</strong></span> <span class='ocrx_word' id='word_1_59' title='bbox 446 1040 540 1093; x_wconf 83' lang='grc' dir='ltr'>τοῦ</span> <span class='ocrx_word' id='word_1_60' title='bbox 567 1041 836 1110; x_wconf 80' lang='grc' dir='ltr'><strong>παρόντος</strong></span> <span class='ocrx_word' id='word_1_61' title='bbox 865 1028 1063 1114; x_wconf 76' lang='grc' dir='ltr'>καιροῦ</span> <span class='ocrx_word' id='word_1_62' title='bbox 1081 1062 1095 1076; x_wconf 76' lang='grc' dir='ltr'><strong>ο</strong></span> <span class='ocrx_word' id='word_1_63' title='bbox 1123 1045 1314 1114; x_wconf 81' lang='grc' dir='ltr'><strong>βλέπει</strong></span> <span class='ocrx_word' id='word_1_64' title='bbox 1345 1050 1454 1116; x_wconf 89' lang='grc' dir='ltr'><strong>γάρ</strong></span> <span class='ocrx_word' id='word_1_65' title='bbox 1481 1050 1575 1100; x_wconf 74' lang='grc' dir='ltr'>καὶ</span> <span class='ocrx_word' id='word_1_66' title='bbox 1612 1065 1746 1118; x_wconf 80' lang='grc' dir='ltr'>φρο-</span> 
     </span>
    </p>
   </div>
   <div class='ocr_carea' id='block_1_10' title="bbox 184 1130 1751 1208">
    <p class='ocr_par' dir='ltr' id='par_1_10' title="bbox 184 1130 1751 1208">
     <span class='ocr_line' id='line_1_10' title="bbox 184 1130 1751 1208; baseline 0.007 -29"><span class='ocrx_word' id='word_1_67' title='bbox 184 1131 271 1180; x_wconf 80' lang='grc' dir='ltr'>νεῖ</span> <span class='ocrx_word' id='word_1_68' title='bbox 301 1130 534 1198; x_wconf 81' lang='grc' dir='ltr'>μεγάλα,</span> <span class='ocrx_word' id='word_1_69' title='bbox 576 1133 668 1184; x_wconf 76' lang='grc' dir='ltr'><strong>καὶ</strong></span> <span class='ocrx_word' id='word_1_70' title='bbox 693 1135 917 1203; x_wconf 77' lang='grc' dir='ltr'>τοιαῦτα</span> <span class='ocrx_word' id='word_1_71' title='bbox 947 1130 1034 1187; x_wconf 74' lang='grc' dir='ltr'>οἷα</span> <span class='ocrx_word' id='word_1_72' title='bbox 1083 1138 1132 1188; x_wconf 83' lang='lat' dir='ltr'><strong>oi</strong></span> <span class='ocrx_word' id='word_1_73' title='bbox 1163 1139 1349 1206; x_wconf 76' lang='grc' dir='ltr'>καιροὶ</span> <span class='ocrx_word' id='word_1_74' title='bbox 1395 1139 1625 1208; x_wconf 75' lang='grc' dir='ltr'>ἔχρῃζον</span> <span class='ocrx_word' id='word_1_75' title='bbox 1657 1139 1751 1192; x_wconf 80' lang='grc' dir='ltr'><strong>ἐπὶ</strong></span> 
     </span>
    </p>
   </div>
   <div class='ocr_carea' id='block_1_11' title="bbox 189 1220 1750 1301">
    <p class='ocr_par' dir='ltr' id='par_1_11' title="bbox 189 1220 1750 1301">
     <span class='ocr_line' id='line_1_11' title="bbox 189 1220 1750 1301; baseline 0.01 -33"><span class='ocrx_word' id='word_1_76' title='bbox 189 1220 290 1285; x_wconf 80' lang='grc' dir='ltr'>τῆς</span> <span class='ocrx_word' id='word_1_77' title='bbox 319 1220 620 1290; x_wconf 73' lang='grc' dir='ltr'><strong>εὐημερίας</strong></span> <span class='ocrx_word' id='word_1_78' title='bbox 654 1223 762 1274; x_wconf 85' lang='grc' dir='ltr'><strong>τῶν</strong></span> <span class='ocrx_word' id='word_1_79' title='bbox 795 1227 1076 1293; x_wconf 84' lang='grc' dir='ltr'>προγόνων</span> <span class='ocrx_word' id='word_1_80' title='bbox 1100 1227 1279 1296; x_wconf 75' lang='grc' dir='ltr'>ἡμῶν.</span> <span class='ocrx_word' id='word_1_81' title='bbox 1317 1228 1462 1298; x_wconf 77' lang='grc' dir='ltr'>Πλὴν</span> <span class='ocrx_word' id='word_1_82' title='bbox 1483 1233 1547 1300; x_wconf 74' lang='grc' dir='ltr'>τῇ</span> <span class='ocrx_word' id='word_1_83' title='bbox 1579 1231 1750 1301; x_wconf 75' lang='grc' dir='ltr'>σήμε-</span> 
     </span>
    </p>
   </div>
   <div class='ocr_carea' id='block_1_12' title="bbox 191 1311 1750 1390">
    <p class='ocr_par' dir='ltr' id='par_1_12' title="bbox 191 1311 1750 1390">
     <span class='ocr_line' id='line_1_12' title="bbox 191 1311 1750 1390; baseline 0.01 -30"><span class='ocrx_word' id='word_1_84' title='bbox 191 1325 285 1374; x_wconf 85' lang='grc' dir='ltr'><strong>ρον</strong></span> <span class='ocrx_word' id='word_1_85' title='bbox 304 1311 379 1374; x_wconf 83' lang='grc' dir='ltr'>ὡς</span> <span class='ocrx_word' id='word_1_86' title='bbox 403 1314 907 1383; x_wconf 78' lang='grc' dir='ltr'><strong>παρακολουθοῦσιν</strong></span> <span class='ocrx_word' id='word_1_87' title='bbox 937 1319 1084 1386; x_wconf 80' lang='grc' dir='ltr'>ἡμᾶς</span> <span class='ocrx_word' id='word_1_88' title='bbox 1116 1319 1183 1372; x_wconf 84' lang='grc' dir='ltr'><strong>τά</strong></span> <span class='ocrx_word' id='word_1_89' title='bbox 1208 1321 1527 1390; x_wconf 80' lang='grc' dir='ltr'>πράγματα,</span> <span class='ocrx_word' id='word_1_90' title='bbox 1554 1323 1616 1375; x_wconf 82' lang='grc' dir='ltr'><strong>οὐ</strong></span> <span class='ocrx_word' id='word_1_91' title='bbox 1654 1323 1750 1390; x_wconf 82' lang='grc' dir='ltr'><strong>βα·</strong></span> 
     </span>
    </p>
   </div>
   <div class='ocr_carea' id='block_1_13' title="bbox 187 1391 1750 1481">
    <p class='ocr_par' dir='ltr' id='par_1_13' title="bbox 187 1391 1750 1481">
     <span class='ocr_line' id='line_1_13' title="bbox 187 1391 1750 1481; baseline 0.009 -30"><span class='ocrx_word' id='word_1_92' title='bbox 187 1399 343 1453; x_wconf 67' lang='grc' dir='ltr'>σιλια</span> <span class='ocrx_word' id='word_1_93' title='bbox 365 1391 514 1456; x_wconf 66' lang='grc' dir='ltr'>’θέλει</span> <span class='ocrx_word' id='word_1_94' title='bbox 538 1404 693 1474; x_wconf 76' lang='grc' dir='ltr'>ἡμῶν</span> <span class='ocrx_word' id='word_1_95' title='bbox 715 1408 747 1476; x_wconf 86' lang='grc' dir='ltr'>ή</span> <span class='ocrx_word' id='word_1_96' title='bbox 771 1408 937 1477; x_wconf 77' lang='grc' dir='ltr'>ἀρχὴ,</span> <span class='ocrx_word' id='word_1_97' title='bbox 970 1409 1086 1462; x_wconf 79' lang='grc' dir='ltr'>ἀλλ’</span> <span class='ocrx_word' id='word_1_98' title='bbox 1122 1410 1407 1479; x_wconf 72' lang='grc' dir='ltr'>οἰκονόμον</span> <span class='ocrx_word' id='word_1_99' title='bbox 1429 1430 1442 1442; x_wconf 70' lang='grc' dir='ltr'><strong>ο</strong></span> <span class='ocrx_word' id='word_1_100' title='bbox 1475 1413 1750 1481; x_wconf 64' lang='grc' dir='ltr'>φοϐοῦμαι</span> 
     </span>
    </p>
   </div>
   <div class='ocr_carea' id='block_1_14' title="bbox 185 1490 1750 1574">
    <p class='ocr_par' dir='ltr' id='par_1_14' title="bbox 185 1490 1750 1574">
     <span class='ocr_line' id='line_1_14' title="bbox 185 1490 1750 1574; baseline 0.009 -33"><span class='ocrx_word' id='word_1_101' title='bbox 185 1490 298 1559; x_wconf 79' lang='grc' dir='ltr'><strong>γάρ</strong></span> <span class='ocrx_word' id='word_1_102' title='bbox 327 1493 400 1561; x_wconf 73' lang='grc' dir='ltr'>μή</span> <span class='ocrx_word' id='word_1_103' title='bbox 430 1510 561 1546; x_wconf 89' lang='grc' dir='ltr'>ποτε</span> <span class='ocrx_word' id='word_1_104' title='bbox 589 1495 786 1560; x_wconf 58' lang='grc' dir='ltr'>ἐκπῶν</span> <span class='ocrx_word' id='word_1_105' title='bbox 819 1501 1140 1569; x_wconf 77' lang='grc' dir='ltr'><strong>ποιημάτων</strong></span> <span class='ocrx_word' id='word_1_106' title='bbox 1171 1501 1268 1554; x_wconf 79' lang='grc' dir='ltr'>καὶ</span> <span class='ocrx_word' id='word_1_107' title='bbox 1302 1503 1750 1574; x_wconf 77' lang='grc' dir='ltr'><strong>ἐπιχειρημάτων</strong></span> 
     </span>
    </p>
   </div>
   <div class='ocr_carea' id='block_1_15' title="bbox 183 1583 1750 1665">
    <p class='ocr_par' dir='ltr' id='par_1_15' title="bbox 183 1583 1750 1665">
     <span class='ocr_line' id='line_1_15' title="bbox 183 1583 1750 1665; baseline 0.009 -31"><span class='ocrx_word' id='word_1_108' title='bbox 183 1583 352 1636; x_wconf 75' lang='grc' dir='ltr'>αὐτοῦ</span> <span class='ocrx_word' id='word_1_109' title='bbox 389 1587 611 1656; x_wconf 82' lang='grc' dir='ltr'>γένηται</span> <span class='ocrx_word' id='word_1_110' title='bbox 639 1589 920 1660; x_wconf 86' lang='grc' dir='ltr'>χαλασμδς</span> <span class='ocrx_word' id='word_1_111' title='bbox 951 1592 1045 1645; x_wconf 79' lang='grc' dir='ltr'>τοῦ</span> <span class='ocrx_word' id='word_1_112' title='bbox 1075 1593 1224 1648; x_wconf 82' lang='grc' dir='ltr'>οῐκου</span> <span class='ocrx_word' id='word_1_113' title='bbox 1252 1593 1442 1648; x_wconf 72' lang='grc' dir='ltr'>τούτου</span> <span class='ocrx_word' id='word_1_114' title='bbox 1461 1611 1473 1624; x_wconf 88' lang='grc'><strong>·</strong></span> <span class='ocrx_word' id='word_1_115' title='bbox 1502 1597 1750 1665; x_wconf 77' lang='grc' dir='ltr'>προείδον</span> 
     </span>
    </p>
   </div>
   <div class='ocr_carea' id='block_1_16' title="bbox 164 1675 1746 1756">
    <p class='ocr_par' dir='ltr' id='par_1_16' title="bbox 164 1675 1746 1756">
     <span class='ocr_line' id='line_1_16' title="bbox 164 1675 1746 1756; baseline 0.009 -29"><span class='ocrx_word' id='word_1_116' title='bbox 164 1675 299 1756; x_wconf 32' lang='grc' dir='ltr'>’γάρ</span> <span class='ocrx_word' id='word_1_117' title='bbox 347 1677 443 1730; x_wconf 74' lang='grc' dir='ltr'>καὶ</span> <span class='ocrx_word' id='word_1_118' title='bbox 491 1679 587 1742; x_wconf 71' lang='grc' dir='ltr'>τὰς</span> <span class='ocrx_word' id='word_1_119' title='bbox 630 1680 958 1751; x_wconf 74' lang='grc' dir='ltr'>ἐνθυμήσεις</span> <span class='ocrx_word' id='word_1_120' title='bbox 1009 1685 1198 1748; x_wconf 74' lang='grc' dir='ltr'>αὐτοῦ,</span> <span class='ocrx_word' id='word_1_121' title='bbox 1243 1687 1335 1740; x_wconf 75' lang='grc' dir='ltr'>καὶ</span> <span class='ocrx_word' id='word_1_122' title='bbox 1372 1688 1472 1740; x_wconf 82' lang='grc' dir='ltr'>ὅσα</span> <span class='ocrx_word' id='word_1_123' title='bbox 1527 1688 1746 1752; x_wconf 78' lang='grc' dir='ltr'>ἐδόξασε</span> 
     </span>
    </p>
   </div>
   <div class='ocr_carea' id='block_1_17' title="bbox 182 1766 1750 1846">
    <p class='ocr_par' dir='ltr' id='par_1_17' title="bbox 182 1766 1750 1846">
     <span class='ocr_line' id='line_1_17' title="bbox 182 1766 1750 1846; baseline 0.011 -30"><span class='ocrx_word' id='word_1_124' title='bbox 182 1766 534 1836; x_wconf 83' lang='grc' dir='ltr'>κατορθῶσαι</span> <span class='ocrx_word' id='word_1_125' title='bbox 579 1775 716 1838; x_wconf 82' lang='grc' dir='ltr'>μετὰ</span> <span class='ocrx_word' id='word_1_126' title='bbox 746 1774 840 1826; x_wconf 83' lang='grc' dir='ltr'>τοῦ</span> <span class='ocrx_word' id='word_1_127' title='bbox 883 1776 1210 1846; x_wconf 80' lang='grc' dir='ltr'>Μουσταφᾶ,</span> <span class='ocrx_word' id='word_1_128' title='bbox 1240 1779 1332 1830; x_wconf 80' lang='grc' dir='ltr'><strong>καὶ</strong></span> <span class='ocrx_word' id='word_1_129' title='bbox 1375 1775 1514 1831; x_wconf 79' lang='grc' dir='ltr'>είδον</span> <span class='ocrx_word' id='word_1_130' title='bbox 1560 1781 1750 1834; x_wconf 76' lang='grc' dir='ltr'>καὶτὰ</span> 
     </span>
    </p>
   </div>
   <div class='ocr_carea' id='block_1_18' title="bbox 182 1853 1747 1943">
    <p class='ocr_par' dir='ltr' id='par_1_18' title="bbox 182 1853 1747 1943">
     <span class='ocr_line' id='line_1_18' title="bbox 182 1853 1747 1943; baseline 0.014 -38"><span class='ocrx_word' id='word_1_131' title='bbox 182 1853 314 1924; x_wconf 83' lang='grc' dir='ltr'>τέλη</span> <span class='ocrx_word' id='word_1_132' title='bbox 367 1857 476 1911; x_wconf 85' lang='grc' dir='ltr'><strong>τῶν</strong></span> <span class='ocrx_word' id='word_1_133' title='bbox 525 1859 835 1930; x_wconf 77' lang='grc' dir='ltr'>δογμάτων,</span> <span class='ocrx_word' id='word_1_134' title='bbox 888 1866 945 1915; x_wconf 92' lang='grc' dir='ltr'><strong>ἐν</strong></span> <span class='ocrx_word' id='word_1_135' title='bbox 990 1865 1097 1919; x_wconf 86' lang='grc' dir='ltr'>τίνι</span> <span class='ocrx_word' id='word_1_136' title='bbox 1153 1868 1386 1938; x_wconf 79' lang='grc' dir='ltr'>κινδύνῳ</span> <span class='ocrx_word' id='word_1_137' title='bbox 1423 1871 1567 1939; x_wconf 80' lang='grc' dir='ltr'>ἡμᾶς</span> <span class='ocrx_word' id='word_1_138' title='bbox 1611 1872 1747 1943; x_wconf 68' lang='grc' dir='ltr'>ἠγα-</span> 
     </span>
    </p>
   </div>
   <div class='ocr_carea' id='block_1_19' title="bbox 181 1960 349 2012">
    <p class='ocr_par' dir='ltr' id='par_1_19' title="bbox 181 1960 349 2012">
     <span class='ocr_line' id='line_1_19' title="bbox 181 1960 349 2012; baseline 0 -15"><span class='ocrx_word' id='word_1_139' title='bbox 181 1960 300 2012; x_wconf 84' lang='grc' dir='ltr'>γον.</span> <span class='ocrx_word' id='word_1_140' title='bbox 329 1965 349 1997; x_wconf 71' lang='grc' dir='ltr'><strong>ι</strong></span> 
     </span>
    </p>
   </div>
   <div class='ocr_carea' id='block_1_20' title="bbox 255 2037 1750 2126">
    <p class='ocr_par' dir='ltr' id='par_1_20' title="bbox 255 2037 1750 2126">
     <span class='ocr_line' id='line_1_20' title="bbox 255 2037 1750 2126; baseline 0.013 -37"><span class='ocrx_word' id='word_1_141' title='bbox 255 2037 482 2110; x_wconf 81' lang='grc' dir='ltr'>Ἕτερον</span> <span class='ocrx_word' id='word_1_142' title='bbox 512 2041 765 2110; x_wconf 77' lang='grc' dir='ltr'>βεϐαιοῦν</span> <span class='ocrx_word' id='word_1_143' title='bbox 811 2048 911 2118; x_wconf 86' lang='grc' dir='ltr'>τήν</span> <span class='ocrx_word' id='word_1_144' title='bbox 953 2066 1082 2104; x_wconf 90' lang='grc' dir='ltr'>ποτε</span> <span class='ocrx_word' id='word_1_145' title='bbox 1119 2051 1318 2124; x_wconf 84' lang='grc' dir='ltr'>βουλὴν</span> <span class='ocrx_word' id='word_1_146' title='bbox 1359 2052 1453 2106; x_wconf 82' lang='grc' dir='ltr'>τοῦ</span> <span class='ocrx_word' id='word_1_147' title='bbox 1498 2055 1750 2126; x_wconf 75' lang='grc' dir='ltr'>ἀοιδίμου</span> 
     </span>
    </p>
   </div>
   <div class='ocr_carea' id='block_1_21' title="bbox 178 2132 1751 2219">
    <p class='ocr_par' dir='ltr' id='par_1_21' title="bbox 178 2132 1751 2219">
     <span class='ocr_line' id='line_1_21' title="bbox 178 2132 1751 2219; baseline 0.024 -42"><span class='ocrx_word' id='word_1_148' title='bbox 178 2132 392 2219; x_wconf 72' lang='grc' dir='ltr'>πατρὸς</span> <span class='ocrx_word' id='word_1_149' title='bbox 449 2134 635 2188; x_wconf 80' lang='grc' dir='ltr'>αὑτοῦ.</span> <span class='ocrx_word' id='word_1_150' title='bbox 704 2136 792 2203; x_wconf 84' lang='grc' dir='ltr'>Ὦς</span> <span class='ocrx_word' id='word_1_151' title='bbox 847 2140 1066 2210; x_wconf 76' lang='grc' dir='ltr'>ἔκρινεν</span> <span class='ocrx_word' id='word_1_152' title='bbox 1115 2144 1202 2197; x_wconf 77' lang='grc' dir='ltr'>ἵνα</span> <span class='ocrx_word' id='word_1_153' title='bbox 1262 2147 1473 2219; x_wconf 77' lang='grc' dir='ltr'>ἀπέλθῃ</span> <span class='ocrx_word' id='word_1_154' title='bbox 1525 2150 1604 2210; x_wconf 69' lang='grc' dir='ltr'>εἰς</span> <span class='ocrx_word' id='word_1_155' title='bbox 1650 2150 1751 2219; x_wconf 76' lang='grc' dir='ltr'><strong>τὴν</strong></span> 
     </span>
    </p>
   </div>
   <div class='ocr_carea' id='block_1_22' title="bbox 176 2218 1750 2312">
    <p class='ocr_par' dir='ltr' id='par_1_22' title="bbox 176 2218 1750 2312">
     <span class='ocr_line' id='line_1_22' title="bbox 176 2218 1750 2312; baseline 0.018 -42"><span class='ocrx_word' id='word_1_156' title='bbox 176 2218 422 2286; x_wconf 78' lang='grc' dir='ltr'>σύνοδον,</span> <span class='ocrx_word' id='word_1_157' title='bbox 456 2226 660 2296; x_wconf 77' lang='grc' dir='ltr'><strong>ἐστάλη</strong></span> <span class='ocrx_word' id='word_1_158' title='bbox 693 2233 832 2301; x_wconf 79' lang='grc' dir='ltr'>πρὸς</span> <span class='ocrx_word' id='word_1_159' title='bbox 857 2235 949 2287; x_wconf 81' lang='grc' dir='ltr'><strong>τὸν</strong></span> <span class='ocrx_word' id='word_1_160' title='bbox 985 2238 1211 2307; x_wconf 80' lang='grc' dir='ltr'>ἀμηράν</span> <span class='ocrx_word' id='word_1_161' title='bbox 1258 2218 1501 2308; x_wconf 75' lang='grc' dir='ltr'>πρέσϐυς</span> <span class='ocrx_word' id='word_1_162' title='bbox 1533 2218 1750 2312; x_wconf 77' lang='grc' dir='ltr'>Ἀνδρό-</span> 
     </span>
    </p>
   </div>
   <div class='ocr_carea' id='block_1_23' title="bbox 177 2319 1748 2401">
    <p class='ocr_par' dir='ltr' id='par_1_23' title="bbox 177 2319 1748 2401">
     <span class='ocr_line' id='line_1_23' title="bbox 177 2319 1748 2401; baseline 0.016 -39"><span class='ocrx_word' id='word_1_163' title='bbox 177 2329 330 2376; x_wconf 88' lang='grc' dir='ltr'>νικος</span> <span class='ocrx_word' id='word_1_164' title='bbox 375 2319 401 2367; x_wconf 87' lang='grc' dir='ltr'><strong>ό</strong></span> <span class='ocrx_word' id='word_1_165' title='bbox 449 2319 670 2389; x_wconf 87' lang='grc' dir='ltr'>Ίαγρος</span> <span class='ocrx_word' id='word_1_166' title='bbox 724 2324 969 2393; x_wconf 87' lang='grc' dir='ltr'>δηλῶσαι</span> <span class='ocrx_word' id='word_1_167' title='bbox 1020 2331 1182 2384; x_wconf 80' lang='grc' dir='ltr'>τοῦτο</span> <span class='ocrx_word' id='word_1_168' title='bbox 1234 2332 1371 2401; x_wconf 74' lang='grc' dir='ltr'>πρὸς</span> <span class='ocrx_word' id='word_1_169' title='bbox 1421 2336 1626 2387; x_wconf 83' lang='grc' dir='ltr'>ἐκεῖνον</span> <span class='ocrx_word' id='word_1_170' title='bbox 1675 2336 1748 2398; x_wconf 79' lang='grc' dir='ltr'>ὡς</span> 
     </span>
    </p>
   </div>
   <div class='ocr_carea' id='block_1_24' title="bbox 175 2403 1750 2496">
    <p class='ocr_par' dir='ltr' id='par_1_24' title="bbox 175 2403 1750 2496">
     <span class='ocr_line' id='line_1_24' title="bbox 175 2403 1750 2496; baseline 0.018 -42"><span class='ocrx_word' id='word_1_171' title='bbox 175 2403 322 2472; x_wconf 82' lang='grc' dir='ltr'>τάχα</span> <span class='ocrx_word' id='word_1_172' title='bbox 351 2407 504 2475; x_wconf 74' lang='grc' dir='ltr'>φίλον</span> <span class='ocrx_word' id='word_1_173' title='bbox 536 2415 629 2465; x_wconf 80' lang='grc' dir='ltr'>καὶ</span> <span class='ocrx_word' id='word_1_174' title='bbox 653 2414 886 2485; x_wconf 81' lang='grc' dir='ltr'>ἀδελφόν</span> <span class='ocrx_word' id='word_1_175' title='bbox 906 2433 919 2448; x_wconf 78' lang='grc'><strong><em>⁸</em></strong></span> <span class='ocrx_word' id='word_1_176' title='bbox 949 2421 1200 2486; x_wconf 80' lang='grc' dir='ltr'>κάκεῖνος</span> <span class='ocrx_word' id='word_1_177' title='bbox 1230 2423 1569 2491; x_wconf 80' lang='grc' dir='ltr'>ἀπεκρίνατο</span> <span class='ocrx_word' id='word_1_178' title='bbox 1590 2427 1750 2496; x_wconf 75' lang='grc'><strong>180</strong></span> 
     </span>
    </p>
   </div>
   <div class='ocr_carea' id='block_1_25' title="bbox 175 2497 1746 2589">
    <p class='ocr_par' dir='ltr' id='par_1_25' title="bbox 175 2497 1746 2589">
     <span class='ocr_line' id='line_1_25' title="bbox 175 2497 1746 2589; baseline 0.015 -41"><span class='ocrx_word' id='word_1_179' title='bbox 175 2497 262 2549; x_wconf 79' lang='grc' dir='ltr'><strong>ὅτι</strong></span> <span class='ocrx_word' id='word_1_180' title='bbox 291 2518 309 2549; x_wconf 76' lang='lat' dir='ltr'><strong>r</strong></span> <span class='ocrx_word' id='word_1_181' title='bbox 344 2501 417 2553; x_wconf 86' lang='grc' dir='ltr'>Ού</span> <span class='ocrx_word' id='word_1_182' title='bbox 447 2505 701 2570; x_wconf 84' lang='grc' dir='ltr'>φαίνεταί</span> <span class='ocrx_word' id='word_1_183' title='bbox 735 2527 826 2578; x_wconf 90' lang='grc' dir='ltr'><strong>μοι</strong></span> <span class='ocrx_word' id='word_1_184' title='bbox 852 2512 1018 2566; x_wconf 78' lang='grc' dir='ltr'>καλὸν</span> <span class='ocrx_word' id='word_1_185' title='bbox 1046 2509 1188 2568; x_wconf 74' lang='grc' dir='ltr'>εἶναι</span> <span class='ocrx_word' id='word_1_186' title='bbox 1221 2516 1307 2568; x_wconf 84' lang='grc' dir='ltr'><strong>ἵνα</strong></span> <span class='ocrx_word' id='word_1_187' title='bbox 1333 2516 1520 2589; x_wconf 79' lang='grc' dir='ltr'>ὑπάγῃ</span> <span class='ocrx_word' id='word_1_188' title='bbox 1547 2520 1636 2570; x_wconf 85' lang='grc' dir='ltr'><strong>καὶ</strong></span> <span class='ocrx_word' id='word_1_189' title='bbox 1657 2536 1746 2571; x_wconf 77' lang='grc' dir='ltr'>τοο</span> 
     </span>
    </p>
   </div>
   <div class='ocr_carea' id='block_1_26' title="bbox 177 2590 1744 2680">
    <p class='ocr_par' dir='ltr' id='par_1_26' title="bbox 177 2590 1744 2680">
     <span class='ocr_line' id='line_1_26' title="bbox 177 2590 1744 2680; baseline 0.015 -40"><span class='ocrx_word' id='word_1_190' title='bbox 177 2590 370 2644; x_wconf 82' lang='grc' dir='ltr'>σοῦτον</span> <span class='ocrx_word' id='word_1_191' title='bbox 421 2596 674 2670; x_wconf 74' lang='grc' dir='ltr'>μοχθήσῃ</span> <span class='ocrx_word' id='word_1_192' title='bbox 719 2604 814 2655; x_wconf 81' lang='grc' dir='ltr'>καὶ</span> <span class='ocrx_word' id='word_1_193' title='bbox 863 2607 1229 2680; x_wconf 78' lang='grc' dir='ltr'>καταναλώσῃ</span> <span class='ocrx_word' id='word_1_194' title='bbox 1272 2609 1363 2662; x_wconf 84' lang='grc' dir='ltr'><strong>τὸν</strong></span> <span class='ocrx_word' id='word_1_195' title='bbox 1396 2610 1510 2680; x_wconf 88' lang='grc' dir='ltr'>βίον</span> <span class='ocrx_word' id='word_1_196' title='bbox 1554 2611 1744 2675; x_wconf 79' lang='grc' dir='ltr'>αὑτοῦ,</span> 
     </span>
    </p>
   </div>
   <div class='ocr_carea' id='block_1_27' title="bbox 175 2683 1798 2771">
    <p class='ocr_par' dir='ltr' id='par_1_27' title="bbox 175 2683 1798 2771">
     <span class='ocr_line' id='line_1_27' title="bbox 175 2683 1798 2771; baseline 0.016 -39"><span class='ocrx_word' id='word_1_197' title='bbox 175 2683 274 2734; x_wconf 78' lang='grc' dir='ltr'>καὶ</span> <span class='ocrx_word' id='word_1_198' title='bbox 305 2687 604 2753; x_wconf 75' lang='grc' dir='ltr'>μετέπειτα</span> <span class='ocrx_word' id='word_1_199' title='bbox 632 2693 684 2744; x_wconf 85' lang='grc' dir='ltr'><strong>τί</strong></span> <span class='ocrx_word' id='word_1_200' title='bbox 719 2694 778 2746; x_wconf 77' lang='grc' dir='ltr'>τὸ</span> <span class='ocrx_word' id='word_1_201' title='bbox 810 2698 1037 2766; x_wconf 82' lang='grc' dir='ltr'>κέρδος;</span> <span class='ocrx_word' id='word_1_202' title='bbox 1076 2701 1207 2753; x_wconf 75' lang='grc' dir='ltr'>Ἰδοὺ</span> <span class='ocrx_word' id='word_1_203' title='bbox 1243 2703 1355 2769; x_wconf 88' lang='grc' dir='ltr'>ἐγὼ</span> <span class='ocrx_word' id='word_1_204' title='bbox 1381 2703 1522 2771; x_wconf 81' lang='grc' dir='ltr'>ὑπὲρ</span> <span class='ocrx_word' id='word_1_205' title='bbox 1555 2703 1743 2767; x_wconf 79' lang='grc' dir='ltr'>αὑτοῦ,</span> <span class='ocrx_word' id='word_1_206' title='bbox 1795 2743 1798 2747; x_wconf 80' lang='lat'><strong><em>-</em></strong></span> 
     </span>
    </p>
   </div>
   <div class='ocr_carea' id='block_1_28' title="bbox 174 2778 1767 2865">
    <p class='ocr_par' dir='ltr' id='par_1_28' title="bbox 174 2778 1767 2865">
     <span class='ocr_line' id='line_1_28' title="bbox 174 2778 1767 2865; baseline 0.014 -40"><span class='ocrx_word' id='word_1_207' title='bbox 174 2778 225 2827; x_wconf 82' lang='grc' dir='ltr'><strong>εί</strong></span> <span class='ocrx_word' id='word_1_208' title='bbox 256 2780 448 2847; x_wconf 81' lang='grc' dir='ltr'>χρείαν</span> <span class='ocrx_word' id='word_1_209' title='bbox 484 2781 594 2850; x_wconf 78' lang='grc' dir='ltr'>ἔχει</span> <span class='ocrx_word' id='word_1_210' title='bbox 624 2788 924 2854; x_wconf 82' lang='grc' dir='ltr'>χρημάτων</span> <span class='ocrx_word' id='word_1_211' title='bbox 955 2789 1022 2842; x_wconf 77' lang='grc' dir='ltr'>δι’</span> <span class='ocrx_word' id='word_1_212' title='bbox 1059 2789 1236 2855; x_wconf 74' lang='grc' dir='ltr'>ἔξοδον</span> <span class='ocrx_word' id='word_1_213' title='bbox 1269 2795 1363 2845; x_wconf 79' lang='grc' dir='ltr'><strong>καὶ</strong></span> <span class='ocrx_word' id='word_1_214' title='bbox 1392 2793 1600 2847; x_wconf 73' lang='grc' dir='ltr'>εἴσοδον</span> <span class='ocrx_word' id='word_1_215' title='bbox 1649 2797 1767 2865; x_wconf 40' lang='grc' dir='ltr'>καὶ,</span> 
     </span>
    </p>
   </div>
   <div class='ocr_carea' id='block_1_29' title="bbox 173 2868 1747 2956">
    <p class='ocr_par' dir='ltr' id='par_1_29' title="bbox 173 2868 1747 2956">
     <span class='ocr_line' id='line_1_29' title="bbox 173 2868 1747 2956; baseline 0.013 -36"><span class='ocrx_word' id='word_1_216' title='bbox 173 2868 306 2921; x_wconf 75' lang='grc' dir='ltr'>ἄλλο</span> <span class='ocrx_word' id='word_1_217' title='bbox 331 2888 380 2924; x_wconf 86' lang='grc' dir='ltr'><strong>τι</strong></span> <span class='ocrx_word' id='word_1_218' title='bbox 417 2875 555 2941; x_wconf 78' lang='grc' dir='ltr'>πρὸς</span> <span class='ocrx_word' id='word_1_219' title='bbox 603 2877 906 2951; x_wconf 62' lang='grc' dir='ltr'>θεραπείαν</span> <span class='ocrx_word' id='word_1_220' title='bbox 936 2883 1126 2946; x_wconf 83' lang='grc' dir='ltr'>αὑτοῦ,</span> <span class='ocrx_word' id='word_1_221' title='bbox 1164 2885 1389 2954; x_wconf 77' lang='grc' dir='ltr'>ἕτοιμός</span> <span class='ocrx_word' id='word_1_222' title='bbox 1431 2887 1550 2956; x_wconf 80' lang='grc' dir='ltr'>εἰμι</span> <span class='ocrx_word' id='word_1_223' title='bbox 1587 2887 1747 2956; x_wconf 84' lang='grc' dir='ltr'>θερα-</span> 
     </span>
    </p>
   </div>
   <div class='ocr_carea' id='block_1_30' title="bbox 178 2960 1740 3051">
    <p class='ocr_par' dir='ltr' id='par_1_30' title="bbox 178 2960 1740 3051">
     <span class='ocr_line' id='line_1_30' title="bbox 178 2960 1740 3051; baseline 0.015 -40"><span class='ocrx_word' id='word_1_224' title='bbox 178 2960 381 3016; x_wconf 82' lang='grc' dir='ltr'>πεῦσαι</span> <span class='ocrx_word' id='word_1_225' title='bbox 415 2967 629 3021; x_wconf 64' lang='grc' dir='ltr'>αὐτόν.)</span> <span class='ocrx_word' id='word_1_226' title='bbox 663 2972 773 3023; x_wconf 75' lang='grc' dir='ltr'><strong>Καὶ</strong></span> <span class='ocrx_word' id='word_1_227' title='bbox 801 2974 1019 3040; x_wconf 86' lang='grc' dir='ltr'>ἐγένετο</span> <span class='ocrx_word' id='word_1_228' title='bbox 1045 2977 1214 3040; x_wconf 83' lang='grc' dir='ltr'>πολὺς</span> <span class='ocrx_word' id='word_1_229' title='bbox 1240 2979 1397 3046; x_wconf 86' lang='grc' dir='ltr'>λόγος</span> <span class='ocrx_word' id='word_1_230' title='bbox 1433 2981 1525 3032; x_wconf 79' lang='grc' dir='ltr'>καὶ</span> <span class='ocrx_word' id='word_1_231' title='bbox 1556 2980 1740 3051; x_wconf 79' lang='grc' dir='ltr'>βουλὴ,</span> 
     </span>
    </p>
   </div>
   <div class='ocr_carea' id='block_1_31' title="bbox 172 3054 1742 3142">
    <p class='ocr_par' dir='ltr' id='par_1_31' title="bbox 172 3054 1742 3142">
     <span class='ocr_line' id='line_1_31' title="bbox 172 3054 1742 3142; baseline 0.015 -37"><span class='ocrx_word' id='word_1_232' title='bbox 172 3054 409 3125; x_wconf 82' lang='grc' dir='ltr'>πότερον</span> <span class='ocrx_word' id='word_1_233' title='bbox 441 3059 666 3131; x_wconf 89' lang='grc' dir='ltr'>γένηται</span> <span class='ocrx_word' id='word_1_234' title='bbox 693 3064 753 3116; x_wconf 73' lang='grc' dir='ltr'>τὸ</span> <span class='ocrx_word' id='word_1_235' title='bbox 784 3066 876 3137; x_wconf 74' lang='grc' dir='ltr'>τοῦ</span> <span class='ocrx_word' id='word_1_236' title='bbox 909 3068 1104 3137; x_wconf 80' lang='grc' dir='ltr'>ἀμηρά</span> <span class='ocrx_word' id='word_1_237' title='bbox 1133 3069 1370 3140; x_wconf 80' lang='grc' dir='ltr'>θέλημα,</span> <span class='ocrx_word' id='word_1_238' title='bbox 1411 3073 1442 3142; x_wconf 79' lang='grc' dir='ltr'>ἢ</span> <span class='ocrx_word' id='word_1_239' title='bbox 1482 3075 1742 3128; x_wconf 83' lang='grc' dir='ltr'>ἀπελθεῖν</span> 
     </span>
    </p>
   </div>
   <div class='ocr_carea' id='block_1_32' title="bbox 1853 676 3422 747">
    <p class='ocr_par' dir='ltr' id='par_1_32' title="bbox 1853 676 3422 747">
     <span class='ocr_line' id='line_1_32' title="bbox 1853 676 3422 747; baseline 0.001 -19"><span class='ocrx_word' id='word_1_240' title='bbox 1853 676 2214 731; x_wconf 70' lang='grc' dir='ltr'>ἐϐουλεύσατο</span> <span class='ocrx_word' id='word_1_241' title='bbox 2269 679 2298 730; x_wconf 80' lang='grc' dir='ltr'><strong>ό</strong></span> <span class='ocrx_word' id='word_1_242' title='bbox 2340 677 2566 747; x_wconf 75' lang='grc' dir='ltr'>ἀμηρᾶς</span> <span class='ocrx_word' id='word_1_243' title='bbox 2612 677 2838 747; x_wconf 85' lang='grc' dir='ltr'>ποιῆσαι</span> <span class='ocrx_word' id='word_1_244' title='bbox 2896 677 3076 747; x_wconf 77' lang='grc' dir='ltr'>μάχην</span> <span class='ocrx_word' id='word_1_245' title='bbox 3129 679 3422 744; x_wconf 82' lang='grc' dir='ltr'>κατά·τῆς</span> 
     </span>
    </p>
   </div>
   <div class='ocr_carea' id='block_1_33' title="bbox 1853 769 3421 838">
    <p class='ocr_par' dir='ltr' id='par_1_33' title="bbox 1853 769 3421 838">
     <span class='ocr_line' id='line_1_33' title="bbox 1853 769 3421 838; baseline 0 -18"><span class='ocrx_word' id='word_1_246' title='bbox 1853 769 2062 831; x_wconf 87' lang='grc' dir='ltr'>πόλεως</span> <span class='ocrx_word' id='word_1_247' title='bbox 2109 769 2202 820; x_wconf 76' lang='grc' dir='ltr'><strong>καὶ</strong></span> <span class='ocrx_word' id='word_1_248' title='bbox 2252 769 2594 838; x_wconf 85' lang='grc' dir='ltr'>στρατόπεδα</span> <span class='ocrx_word' id='word_1_249' title='bbox 2647 769 2864 838; x_wconf 81' lang='grc' dir='ltr'>πέμψαι</span> <span class='ocrx_word' id='word_1_250' title='bbox 2917 769 3039 822; x_wconf 87' lang='grc' dir='ltr'>κατ’</span> <span class='ocrx_word' id='word_1_251' title='bbox 3083 769 3274 838; x_wconf 82' lang='grc' dir='ltr'>αὐτῆς.</span> <span class='ocrx_word' id='word_1_252' title='bbox 3310 771 3421 822; x_wconf 76' lang='grc' dir='ltr'><strong>Καὶ</strong></span> 
     </span>
    </p>
   </div>
   <div class='ocr_carea' id='block_1_34' title="bbox 1851 859 3420 929">
    <p class='ocr_par' dir='ltr' id='par_1_34' title="bbox 1851 859 3420 929">
     <span class='ocr_line' id='line_1_34' title="bbox 1851 859 3420 929; baseline -0.001 -17"><span class='ocrx_word' id='word_1_253' title='bbox 1851 859 2009 912; x_wconf 80' lang='grc' dir='ltr'>τοῦτο</span> <span class='ocrx_word' id='word_1_254' title='bbox 2051 859 2201 928; x_wconf 84' lang='grc' dir='ltr'><strong>παρά</strong></span> <span class='ocrx_word' id='word_1_255' title='bbox 2233 862 2373 912; x_wconf 80' lang='grc' dir='ltr'>πᾶσι</span> <span class='ocrx_word' id='word_1_256' title='bbox 2403 863 2516 922; x_wconf 85' lang='grc' dir='ltr'>τοῖς</span> <span class='ocrx_word' id='word_1_257' title='bbox 2547 859 2736 915; x_wconf 82' lang='grc' dir='ltr'>αὑτοῦ.</span> <span class='ocrx_word' id='word_1_258' title='bbox 2764 859 3069 929; x_wconf 68' lang='grc' dir='ltr'>ἐϐεϐαιώθη</span> <span class='ocrx_word' id='word_1_259' title='bbox 3127 860 3220 912; x_wconf 75' lang='grc' dir='ltr'><strong>καὶ</strong></span> <span class='ocrx_word' id='word_1_260' title='bbox 3268 862 3420 911; x_wconf 76' lang='grc' dir='ltr'>ἐστε-</span> 
     </span>
    </p>
   </div>
   <div class='ocr_carea' id='block_1_35' title="bbox 1855 951 3417 1022">
    <p class='ocr_par' dir='ltr' id='par_1_35' title="bbox 1855 951 3417 1022">
     <span class='ocr_line' id='line_1_35' title="bbox 1855 951 3417 1022; baseline -0.01 -17"><span class='ocrx_word' id='word_1_261' title='bbox 1855 951 2057 1022; x_wconf 83' lang='grc' dir='ltr'>ρεώθη,</span> <span class='ocrx_word' id='word_1_262' title='bbox 2087 953 2216 1006; x_wconf 79' lang='grc' dir='ltr'>ἀνευ</span> <span class='ocrx_word' id='word_1_263' title='bbox 2259 952 2424 1022; x_wconf 83' lang='grc' dir='ltr'>μόνου</span> <span class='ocrx_word' id='word_1_264' title='bbox 2459 952 2550 1004; x_wconf 81' lang='grc' dir='ltr'><strong>τού</strong></span> <span class='ocrx_word' id='word_1_265' title='bbox 2585 952 2756 1005; x_wconf 75' lang='grc' dir='ltr'>Χαλὶλ</span> <span class='ocrx_word' id='word_1_266' title='bbox 2801 953 3044 1020; x_wconf 73' lang='grc' dir='ltr'>μπασιᾶ,</span> <span class='ocrx_word' id='word_1_267' title='bbox 3075 953 3224 1011; x_wconf 79' lang='grc' dir='ltr'>ὅστις</span> <span class='ocrx_word' id='word_1_268' title='bbox 3258 952 3417 1003; x_wconf 65' lang='grc' dir='ltr'>ἀντί..</span> 
     </span>
    </p>
   </div>
   <div class='ocr_carea' id='block_1_36' title="bbox 1853 1044 3417 1115">
    <p class='ocr_par' dir='ltr' id='par_1_36' title="bbox 1853 1044 3417 1115">
     <span class='ocr_line' id='line_1_36' title="bbox 1853 1044 3417 1115; baseline -0.002 -18"><span class='ocrx_word' id='word_1_269' title='bbox 1853 1062 1975 1114; x_wconf 85' lang='grc' dir='ltr'>στη,</span> <span class='ocrx_word' id='word_1_270' title='bbox 1995 1044 2169 1113; x_wconf 88' lang='grc' dir='ltr'>λέγων</span> <span class='ocrx_word' id='word_1_271' title='bbox 2194 1047 2275 1098; x_wconf 79' lang='grc' dir='ltr'><strong>ὅτι</strong></span> <span class='ocrx_word' id='word_1_272' title='bbox 2306 1064 2325 1097; x_wconf 76' lang='grc' dir='ltr'><strong>ι</strong></span> <span class='ocrx_word' id='word_1_273' title='bbox 2347 1047 2405 1097; x_wconf 84' lang='grc' dir='ltr'>Εἰ</span> <span class='ocrx_word' id='word_1_274' title='bbox 2428 1047 2565 1099; x_wconf 88' lang='grc' dir='ltr'><strong>κατά</strong></span> <span class='ocrx_word' id='word_1_275' title='bbox 2587 1045 2688 1115; x_wconf 83' lang='grc' dir='ltr'>τῆς</span> <span class='ocrx_word' id='word_1_276' title='bbox 2711 1045 2918 1109; x_wconf 86' lang='grc' dir='ltr'>πόλεως</span> <span class='ocrx_word' id='word_1_277' title='bbox 2940 1047 3188 1114; x_wconf 78' lang='grc' dir='ltr'>ποιήσεις</span> <span class='ocrx_word' id='word_1_278' title='bbox 3212 1045 3417 1114; x_wconf 83' lang='grc' dir='ltr'>μάχην,</span> 
     </span>
    </p>
   </div>
   <div class='ocr_carea' id='block_1_37' title="bbox 1854 1136 3423 1210">
    <p class='ocr_par' dir='ltr' id='par_1_37' title="bbox 1854 1136 3423 1210">
     <span class='ocr_line' id='line_1_37' title="bbox 1854 1136 3423 1210; baseline -0.003 -18"><span class='ocrx_word' id='word_1_279' title='bbox 1854 1139 2055 1207; x_wconf 75' lang='grc' dir='ltr'>μᾶλλόν</span> <span class='ocrx_word' id='word_1_280' title='bbox 2108 1141 2257 1192; x_wconf 88' lang='grc' dir='ltr'>ἐστιν</span> <span class='ocrx_word' id='word_1_281' title='bbox 2309 1139 2622 1202; x_wconf 69' lang='grc' dir='ltr'>ἐπιϐλαόὲς,</span> <span class='ocrx_word' id='word_1_282' title='bbox 2669 1141 2744 1210; x_wconf 84' lang='grc' dir='ltr'>μή</span> <span class='ocrx_word' id='word_1_283' title='bbox 2808 1157 2923 1203; x_wconf 87' lang='grc' dir='ltr'><strong>πως</strong></span> <span class='ocrx_word' id='word_1_284' title='bbox 2973 1141 3001 1191; x_wconf 84' lang='grc' dir='ltr'><strong>ὁ</strong></span> <span class='ocrx_word' id='word_1_285' title='bbox 3058 1138 3314 1206; x_wconf 78' lang='grc' dir='ltr'>βασιλεὺς</span> <span class='ocrx_word' id='word_1_286' title='bbox 3362 1136 3423 1200; x_wconf 79' lang='grc' dir='ltr'><strong>ἐξ</strong></span> 
     </span>
    </p>
   </div>
   <div class='ocr_carea' id='block_1_38' title="bbox 1851 1229 3421 1300">
    <p class='ocr_par' dir='ltr' id='par_1_38' title="bbox 1851 1229 3421 1300">
     <span class='ocr_line' id='line_1_38' title="bbox 1851 1229 3421 1300; baseline -0.002 -19"><span class='ocrx_word' id='word_1_287' title='bbox 1851 1229 2096 1297; x_wconf 78' lang='grc' dir='ltr'>ἀνάγκης</span> <span class='ocrx_word' id='word_1_288' title='bbox 2144 1231 2356 1296; x_wconf 75' lang='grc' dir='ltr'>δεηθεὶς</span> <span class='ocrx_word' id='word_1_289' title='bbox 2393 1231 2547 1300; x_wconf 79' lang='grc' dir='ltr'><strong>παρά</strong></span> <span class='ocrx_word' id='word_1_290' title='bbox 2569 1231 2679 1283; x_wconf 79' lang='grc' dir='ltr'><strong>τῶν</strong></span> <span class='ocrx_word' id='word_1_291' title='bbox 2707 1231 2957 1283; x_wconf 83' lang='grc' dir='ltr'>Λατίνων</span> <span class='ocrx_word' id='word_1_292' title='bbox 2990 1230 3247 1298; x_wconf 72' lang='grc' dir='ltr'>βοήθειαν</span> <span class='ocrx_word' id='word_1_293' title='bbox 3297 1231 3421 1280; x_wconf 86' lang='grc' dir='ltr'>ἐπι-</span> 
     </span>
    </p>
   </div>
   <div class='ocr_carea' id='block_1_39' title="bbox 1853 1317 3420 1392">
    <p class='ocr_par' dir='ltr' id='par_1_39' title="bbox 1853 1317 3420 1392">
     <span class='ocr_line' id='line_1_39' title="bbox 1853 1317 3420 1392; baseline -0.003 -18"><span class='ocrx_word' id='word_1_294' title='bbox 1853 1322 2078 1392; x_wconf 73' lang='grc' dir='ltr'>κυρώσῃ</span> <span class='ocrx_word' id='word_1_295' title='bbox 2107 1321 2176 1373; x_wconf 85' lang='grc' dir='ltr'><strong>τά</strong></span> <span class='ocrx_word' id='word_1_296' title='bbox 2208 1321 2456 1389; x_wconf 78' lang='grc' dir='ltr'>δόγματα</span> <span class='ocrx_word' id='word_1_297' title='bbox 2492 1321 2696 1387; x_wconf 82' lang='grc' dir='ltr'>αὐτῶν,</span> <span class='ocrx_word' id='word_1_298' title='bbox 2730 1321 2823 1375; x_wconf 76' lang='grc' dir='ltr'>καὶ</span> <span class='ocrx_word' id='word_1_299' title='bbox 2850 1322 3255 1389; x_wconf 75' lang='grc' dir='ltr'>ὁμονοήσαντες</span> <span class='ocrx_word' id='word_1_300' title='bbox 3283 1317 3420 1385; x_wconf 72' lang='grc' dir='ltr'>ὁμοῦ</span> 
     </span>
    </p>
   </div>
   <div class='ocr_carea' id='block_1_40' title="bbox 1851 1408 3419 1484">
    <p class='ocr_par' dir='ltr' id='par_1_40' title="bbox 1851 1408 3419 1484">
     <span class='ocr_line' id='line_1_40' title="bbox 1851 1408 3419 1484; baseline -0.005 -18"><span class='ocrx_word' id='word_1_301' title='bbox 1851 1416 2192 1484; x_wconf 87' lang='grc' dir='ltr'>γενήσονται,</span> <span class='ocrx_word' id='word_1_302' title='bbox 2225 1415 2363 1480; x_wconf 81' lang='grc' dir='ltr'>ὅπερ</span> <span class='ocrx_word' id='word_1_303' title='bbox 2391 1414 2760 1482; x_wconf 77' lang='grc' dir='ltr'>ἐνδοιάζομεν.</span> <span class='ocrx_word' id='word_1_304' title='bbox 2795 1411 2939 1465; x_wconf 84' lang='grc' dir='ltr'>Ἀλλ’</span> <span class='ocrx_word' id='word_1_305' title='bbox 2974 1411 3110 1476; x_wconf 64' lang='grc' dir='ltr'>ἄφες</span> <span class='ocrx_word' id='word_1_306' title='bbox 3137 1409 3269 1460; x_wconf 82' lang='grc' dir='ltr'>αὐτὸ</span> <span class='ocrx_word' id='word_1_307' title='bbox 3303 1408 3419 1467; x_wconf 78' lang='grc' dir='ltr'>νῦν.</span> 
     </span>
    </p>
   </div>
   <div class='ocr_carea' id='block_1_41' title="bbox 1847 1500 3420 1576">
    <p class='ocr_par' dir='ltr' id='par_1_41' title="bbox 1847 1500 3420 1576">
     <span class='ocr_line' id='line_1_41' title="bbox 1847 1500 3420 1576; baseline -0.006 -18"><span class='ocrx_word' id='word_1_308' title='bbox 1847 1506 1953 1568; x_wconf 71' lang='grc' dir='ltr'>ἕως</span> <span class='ocrx_word' id='word_1_309' title='bbox 2005 1506 2072 1560; x_wconf 76' lang='grc' dir='ltr'><strong>ἂν</strong></span> <span class='ocrx_word' id='word_1_310' title='bbox 2114 1506 2227 1576; x_wconf 82' lang='grc' dir='ltr'>ῐδῃς</span> <span class='ocrx_word' id='word_1_311' title='bbox 2275 1505 2328 1556; x_wconf 88' lang='grc' dir='ltr'><strong>τί</strong></span> <span class='ocrx_word' id='word_1_312' title='bbox 2377 1505 2786 1576; x_wconf 60' lang='grc' dir='ltr'>πράξειαύτὸς,</span> <span class='ocrx_word' id='word_1_313' title='bbox 2821 1505 2914 1556; x_wconf 65' lang='grc' dir='ltr'>καὶ</span> <span class='ocrx_word' id='word_1_314' title='bbox 2964 1505 3010 1555; x_wconf 85' lang='grc' dir='ltr'>εἰ</span> <span class='ocrx_word' id='word_1_315' title='bbox 3064 1501 3164 1569; x_wconf 75' lang='grc' dir='ltr'>μὲν</span> <span class='ocrx_word' id='word_1_316' title='bbox 3192 1500 3420 1567; x_wconf 73' lang='grc' dir='ltr'>ὁμονοή-</span> 
     </span>
    </p>
   </div>
   <div class='ocr_carea' id='block_1_42' title="bbox 1853 1575 3421 1667">
    <p class='ocr_par' dir='ltr' id='par_1_42' title="bbox 1853 1575 3421 1667">
     <span class='ocr_line' id='line_1_42' title="bbox 1853 1575 3421 1667; baseline -0.005 -17"><span class='ocrx_word' id='word_1_317' title='bbox 1853 1615 2010 1662; x_wconf 88' lang='grc' dir='ltr'>σωσι,</span> <span class='ocrx_word' id='word_1_318' title='bbox 2039 1599 2105 1650; x_wconf 78' lang='grc' dir='ltr'><strong>σὺ</strong></span> <span class='ocrx_word' id='word_1_319' title='bbox 2159 1575 2384 1667; x_wconf 84' lang='grc' dir='ltr'>ἀγάπην</span> <span class='ocrx_word' id='word_1_320' title='bbox 2430 1599 2518 1666; x_wconf 77' lang='grc' dir='ltr'>ἔχε</span> <span class='ocrx_word' id='word_1_321' title='bbox 2541 1575 2554 1587; x_wconf 55' lang='grc'><em>’</em></span> <span class='ocrx_word' id='word_1_322' title='bbox 2575 1601 2692 1667; x_wconf 80' lang='grc' dir='ltr'>μετ’</span> <span class='ocrx_word' id='word_1_323' title='bbox 2729 1598 2955 1650; x_wconf 77' lang='grc' dir='ltr'>ἐκείνων</span> <span class='ocrx_word' id='word_1_324' title='bbox 2985 1594 3080 1649; x_wconf 83' lang='grc' dir='ltr'>καὶ</span> <span class='ocrx_word' id='word_1_325' title='bbox 3109 1597 3310 1662; x_wconf 84' lang='grc' dir='ltr'>ὅρκους</span> <span class='ocrx_word' id='word_1_326' title='bbox 3341 1592 3421 1652; x_wconf 85' lang='grc' dir='ltr'>εἰς</span> 
     </span>
    </p>
   </div>
   <div class='ocr_carea' id='block_1_43' title="bbox 1848 1683 3421 1762">
    <p class='ocr_par' dir='ltr' id='par_1_43' title="bbox 1848 1683 3421 1762">
     <span class='ocr_line' id='line_1_43' title="bbox 1848 1683 3421 1762; baseline -0.005 -20"><span class='ocrx_word' id='word_1_327' title='bbox 1848 1691 1910 1743; x_wconf 77' lang='grc' dir='ltr'><strong>τὸ</strong></span> <span class='ocrx_word' id='word_1_328' title='bbox 1938 1693 2125 1760; x_wconf 81' lang='grc' dir='ltr'>πρόσω</span> <span class='ocrx_word' id='word_1_329' title='bbox 2155 1692 2323 1746; x_wconf 83' lang='grc' dir='ltr'>πάλιν</span> <span class='ocrx_word' id='word_1_330' title='bbox 2345 1706 2359 1720; x_wconf 85' lang='grc'><em>’</em></span> <span class='ocrx_word' id='word_1_331' title='bbox 2393 1693 2468 1754; x_wconf 86' lang='grc' dir='ltr'><strong>ώς</strong></span> <span class='ocrx_word' id='word_1_332' title='bbox 2497 1693 2635 1762; x_wconf 75' lang='grc' dir='ltr'>ἴδῃς,</span> <span class='ocrx_word' id='word_1_333' title='bbox 2669 1692 2814 1744; x_wconf 72' lang='grc' dir='ltr'>οὕτω</span> <span class='ocrx_word' id='word_1_334' title='bbox 2866 1691 2960 1742; x_wconf 71' lang='grc' dir='ltr'>καὶ</span> <span class='ocrx_word' id='word_1_335' title='bbox 2991 1688 3220 1757; x_wconf 82' lang='grc' dir='ltr'>πράξεις</span> <span class='ocrx_word' id='word_1_336' title='bbox 3246 1702 3260 1716; x_wconf 75' lang='grc' dir='ltr'><strong>ο</strong></span> <span class='ocrx_word' id='word_1_337' title='bbox 3300 1686 3347 1736; x_wconf 83' lang='grc' dir='ltr'><strong>εί</strong></span> <span class='ocrx_word' id='word_1_338' title='bbox 3375 1683 3421 1734; x_wconf 86' lang='grc' dir='ltr'>δ’</span> 
     </span>
    </p>
   </div>
   <div class='ocr_carea' id='block_1_44' title="bbox 1841 1766 3418 1852">
    <p class='ocr_par' dir='ltr' id='par_1_44' title="bbox 1841 1766 3418 1852">
     <span class='ocr_line' id='line_1_44' title="bbox 1841 1766 3418 1852; baseline -0.008 -13"><span class='ocrx_word' id='word_1_339' title='bbox 1841 1766 1945 1851; x_wconf 45' lang='grc' dir='ltr'>θη(</span> <span class='ocrx_word' id='word_1_340' title='bbox 1982 1785 2326 1852; x_wconf 82' lang='grc' dir='ltr'>ὀμονοὴσωσι</span> <span class='ocrx_word' id='word_1_341' title='bbox 2355 1823 2370 1846; x_wconf 85' lang='grc'><strong>,</strong></span> <span class='ocrx_word' id='word_1_342' title='bbox 2426 1785 2547 1836; x_wconf 89' lang='grc' dir='ltr'>τότε</span> <span class='ocrx_word' id='word_1_343' title='bbox 2612 1783 2814 1850; x_wconf 81' lang='grc' dir='ltr'>μᾶλλον</span> <span class='ocrx_word' id='word_1_344' title='bbox 2851 1781 3136 1850; x_wconf 79' lang='grc' dir='ltr'>ἐξέρχεται</span> <span class='ocrx_word' id='word_1_345' title='bbox 3186 1779 3215 1830; x_wconf 88' lang='grc' dir='ltr'>ὁ</span> <span class='ocrx_word' id='word_1_346' title='bbox 3265 1778 3418 1843; x_wconf 82' lang='grc' dir='ltr'>λογι-</span> 
     </span>
    </p>
   </div>
   <div class='ocr_carea' id='block_1_45' title="bbox 1788 1871 3414 1965">
    <p class='ocr_par' dir='ltr' id='par_1_45' title="bbox 1788 1871 3414 1965">
     <span class='ocr_line' id='line_1_45' title="bbox 1788 1871 3414 1965; baseline -0.003 -38"><span class='ocrx_word' id='word_1_347' title='bbox 1788 1914 1825 1965; x_wconf 75' lang='lat' dir='ltr'>B</span> <span class='ocrx_word' id='word_1_348' title='bbox 1854 1877 2008 1943; x_wconf 75' lang='grc' dir='ltr'>σμὸς,</span> <span class='ocrx_word' id='word_1_349' title='bbox 2033 1879 2127 1930; x_wconf 54' lang='grc' dir='ltr'><strong>καὶ⁵</strong></span> <span class='ocrx_word' id='word_1_350' title='bbox 2153 1877 2292 1944; x_wconf 74' lang='grc' dir='ltr'>μετὰ</span> <span class='ocrx_word' id='word_1_351' title='bbox 2323 1877 2566 1938; x_wconf 86' lang='grc' dir='ltr'>πλείονος</span> <span class='ocrx_word' id='word_1_352' title='bbox 2596 1877 2831 1944; x_wconf 75' lang='grc' dir='ltr'>θάρσους</span> <span class='ocrx_word' id='word_1_353' title='bbox 2857 1876 3103 1943; x_wconf 81' lang='grc' dir='ltr'>ποιήσεις</span> <span class='ocrx_word' id='word_1_354' title='bbox 3125 1873 3151 1925; x_wconf 89' lang='grc' dir='ltr'><strong>δ</strong></span> <span class='ocrx_word' id='word_1_355' title='bbox 3179 1871 3363 1943; x_wconf 81' lang='grc' dir='ltr'>βούλῃ.</span> <span class='ocrx_word' id='word_1_356' title='bbox 3391 1889 3414 1965; x_wconf 48' lang='grc' dir='ltr'>ἒ</span> 
     </span>
    </p>
   </div>
   <div class='ocr_carea' id='block_1_46' title="bbox 1854 1960 3418 2038">
    <p class='ocr_par' dir='ltr' id='par_1_46' title="bbox 1854 1960 3418 2038">
     <span class='ocr_line' id='line_1_46' title="bbox 1854 1960 3418 2038; baseline -0.005 -19"><span class='ocrx_word' id='word_1_357' title='bbox 1854 1968 1962 2019; x_wconf 74' lang='grc' dir='ltr'>Καὶ</span> <span class='ocrx_word' id='word_1_358' title='bbox 2015 1968 2155 2037; x_wconf 79' lang='grc' dir='ltr'>αὕτη</span> <span class='ocrx_word' id='word_1_359' title='bbox 2204 1971 2236 2038; x_wconf 80' lang='grc' dir='ltr'><strong>ἡ</strong></span> <span class='ocrx_word' id='word_1_360' title='bbox 2289 1968 2453 2038; x_wconf 84' lang='grc' dir='ltr'>βουλὴ</span> <span class='ocrx_word' id='word_1_361' title='bbox 2506 1969 2598 2020; x_wconf 65' lang='grc' dir='ltr'>τὸν</span> <span class='ocrx_word' id='word_1_362' title='bbox 2648 1969 2747 2035; x_wconf 78' lang='grc' dir='ltr'>μὲν</span> <span class='ocrx_word' id='word_1_363' title='bbox 2797 1968 3021 2036; x_wconf 82' lang='grc' dir='ltr'>ἀμηρᾶν</span> <span class='ocrx_word' id='word_1_364' title='bbox 3069 1965 3163 2017; x_wconf 83' lang='grc' dir='ltr'>τοῦ</span> <span class='ocrx_word' id='word_1_365' title='bbox 3215 1960 3418 2015; x_wconf 79' lang='grc' dir='ltr'>σκοποῦ</span> 
     </span>
    </p>
   </div>
   <div class='ocr_carea' id='block_1_47' title="bbox 1852 2052 3419 2126">
    <p class='ocr_par' dir='ltr' id='par_1_47' title="bbox 1852 2052 3419 2126">
     <span class='ocr_line' id='line_1_47' title="bbox 1852 2052 3419 2126; baseline -0.002 -20"><span class='ocrx_word' id='word_1_366' title='bbox 1852 2053 2149 2116; x_wconf 82' lang='grc' dir='ltr'>ἐκώλυσεν,</span> <span class='ocrx_word' id='word_1_367' title='bbox 2188 2057 2318 2126; x_wconf 74' lang='grc' dir='ltr'>περὶ</span> <span class='ocrx_word' id='word_1_368' title='bbox 2364 2056 2422 2108; x_wconf 77' lang='grc' dir='ltr'>δὲ</span> <span class='ocrx_word' id='word_1_369' title='bbox 2463 2056 2557 2109; x_wconf 84' lang='grc' dir='ltr'>τοῦ</span> <span class='ocrx_word' id='word_1_370' title='bbox 2603 2058 2774 2110; x_wconf 73' lang='grc' dir='ltr'>Χαλὶλ</span> <span class='ocrx_word' id='word_1_371' title='bbox 2815 2057 3028 2126; x_wconf 78' lang='grc' dir='ltr'>μπασιᾶ</span> <span class='ocrx_word' id='word_1_372' title='bbox 3076 2055 3173 2124; x_wconf 79' lang='grc' dir='ltr'><strong>τὴν</strong></span> <span class='ocrx_word' id='word_1_373' title='bbox 3222 2052 3419 2120; x_wconf 79' lang='grc' dir='ltr'>βουλὴν</span> 
     </span>
    </p>
   </div>
   <div class='ocr_carea' id='block_1_48' title="bbox 1851 2149 3290 2222">
    <p class='ocr_par' dir='ltr' id='par_1_48' title="bbox 1851 2149 3290 2222">
     <span class='ocr_line' id='line_1_48' title="bbox 1851 2149 3290 2222; baseline 0 -21"><span class='ocrx_word' id='word_1_374' title='bbox 1851 2149 2032 2210; x_wconf 81' lang='grc' dir='ltr'>δόντος</span> <span class='ocrx_word' id='word_1_375' title='bbox 2066 2149 2143 2218; x_wconf 83' lang='grc' dir='ltr'>τῷ</span> <span class='ocrx_word' id='word_1_376' title='bbox 2176 2150 2356 2220; x_wconf 84' lang='grc' dir='ltr'>καιρῷ</span> <span class='ocrx_word' id='word_1_377' title='bbox 2389 2150 2582 2221; x_wconf 76' lang='grc' dir='ltr'>μαθεῖν</span> <span class='ocrx_word' id='word_1_378' title='bbox 2613 2153 2760 2222; x_wconf 76' lang='grc' dir='ltr'>ἡμᾶς</span> <span class='ocrx_word' id='word_1_379' title='bbox 2785 2152 2919 2205; x_wconf 83' lang='grc' dir='ltr'>ἀλλα</span> <span class='ocrx_word' id='word_1_380' title='bbox 2952 2153 3059 2202; x_wconf 83' lang='grc' dir='ltr'><strong>τῶν</strong></span> <span class='ocrx_word' id='word_1_381' title='bbox 3089 2150 3290 2202; x_wconf 77' lang='grc' dir='ltr'>ἄλλων.</span> 
     </span>
    </p>
   </div>
   <div class='ocr_carea' id='block_1_49' title="bbox 1927 2239 3417 2311">
    <p class='ocr_par' dir='ltr' id='par_1_49' title="bbox 1927 2239 3417 2311">
     <span class='ocr_line' id='line_1_49' title="bbox 1927 2239 3417 2311; baseline -0.004 -14"><span class='ocrx_word' id='word_1_382' title='bbox 1927 2241 2081 2309; x_wconf 75' lang='lat'><strong>181</strong></span> <span class='ocrx_word' id='word_1_383' title='bbox 2131 2242 2188 2294; x_wconf 89' lang='lat'><strong>&#39;0</strong></span> <span class='ocrx_word' id='word_1_384' title='bbox 2247 2239 2340 2294; x_wconf 72' lang='grc' dir='ltr'><strong>οὖν</strong></span> <span class='ocrx_word' id='word_1_385' title='bbox 2385 2243 2651 2310; x_wconf 79' lang='grc' dir='ltr'>αὐθέντης</span> <span class='ocrx_word' id='word_1_386' title='bbox 2707 2261 2810 2311; x_wconf 88' lang='grc' dir='ltr'><strong>μου</strong></span> <span class='ocrx_word' id='word_1_387' title='bbox 2863 2242 2890 2293; x_wconf 88' lang='grc' dir='ltr'><strong>ὀ</strong></span> <span class='ocrx_word' id='word_1_388' title='bbox 2937 2243 3206 2306; x_wconf 77' lang='grc' dir='ltr'>δεσπότης</span> <span class='ocrx_word' id='word_1_389' title='bbox 3241 2241 3334 2293; x_wconf 79' lang='grc' dir='ltr'>καὶ</span> <span class='ocrx_word' id='word_1_390' title='bbox 3368 2240 3417 2292; x_wconf 70' lang='grc' dir='ltr'>οξ</span> 
     </span>
    </p>
   </div>
   <div class='ocr_carea' id='block_1_50' title="bbox 1851 2331 3420 2402">
    <p class='ocr_par' dir='ltr' id='par_1_50' title="bbox 1851 2331 3420 2402">
     <span class='ocr_line' id='line_1_50' title="bbox 1851 2331 3420 2402; baseline -0.004 -16"><span class='ocrx_word' id='word_1_391' title='bbox 1851 2332 2112 2402; x_wconf 79' lang='grc' dir='ltr'>ἄρχοντες</span> <span class='ocrx_word' id='word_1_392' title='bbox 2163 2333 2489 2402; x_wconf 76' lang='grc' dir='ltr'>ἐξώρθωσαν</span> <span class='ocrx_word' id='word_1_393' title='bbox 2539 2335 2629 2386; x_wconf 75' lang='grc' dir='ltr'><strong>τὸν</strong></span> <span class='ocrx_word' id='word_1_394' title='bbox 2677 2333 3041 2400; x_wconf 86' lang='grc' dir='ltr'>Παλαιολόγον</span> <span class='ocrx_word' id='word_1_395' title='bbox 3087 2333 3289 2400; x_wconf 81' lang='grc' dir='ltr'>Θωμᾶν</span> <span class='ocrx_word' id='word_1_396' title='bbox 3326 2331 3420 2383; x_wconf 70' lang='grc' dir='ltr'>καὶ</span> 
     </span>
    </p>
   </div>
   <div class='ocr_carea' id='block_1_51' title="bbox 1850 2422 3420 2494">
    <p class='ocr_par' dir='ltr' id='par_1_51' title="bbox 1850 2422 3420 2494">
     <span class='ocr_line' id='line_1_51' title="bbox 1850 2422 3420 2494; baseline -0.003 -18"><span class='ocrx_word' id='word_1_397' title='bbox 1850 2425 1988 2494; x_wconf 81' lang='grc' dir='ltr'>πρὸς</span> <span class='ocrx_word' id='word_1_398' title='bbox 2045 2425 2136 2477; x_wconf 82' lang='grc' dir='ltr'>τὸν</span> <span class='ocrx_word' id='word_1_399' title='bbox 2174 2425 2396 2494; x_wconf 85' lang='grc' dir='ltr'>βασιλέα</span> <span class='ocrx_word' id='word_1_400' title='bbox 2446 2425 2814 2478; x_wconf 81' lang='grc' dir='ltr'>ἀπέστειλαν·</span> <span class='ocrx_word' id='word_1_401' title='bbox 2868 2426 2961 2476; x_wconf 74' lang='grc' dir='ltr'><strong>καὶ</strong></span> <span class='ocrx_word' id='word_1_402' title='bbox 3013 2423 3273 2491; x_wconf 76' lang='grc' dir='ltr'>λογισμὸς</span> <span class='ocrx_word' id='word_1_403' title='bbox 3326 2422 3420 2474; x_wconf 77' lang='grc' dir='ltr'>καὶ</span> 
     </span>
    </p>
   </div>
   <div class='ocr_carea' id='block_1_52' title="bbox 1848 2507 3418 2586">
    <p class='ocr_par' dir='ltr' id='par_1_52' title="bbox 1848 2507 3418 2586">
     <span class='ocr_line' id='line_1_52' title="bbox 1848 2507 3418 2586; baseline -0.001 -18"><span class='ocrx_word' id='word_1_404' title='bbox 1848 2517 2116 2584; x_wconf 83' lang='grc' dir='ltr'>τρικυμία</span> <span class='ocrx_word' id='word_1_405' title='bbox 2167 2519 2226 2567; x_wconf 91' lang='grc' dir='ltr'><strong>ἐν</strong></span> <span class='ocrx_word' id='word_1_406' title='bbox 2264 2520 2330 2586; x_wconf 81' lang='grc' dir='ltr'>τῇ</span> <span class='ocrx_word' id='word_1_407' title='bbox 2377 2518 2530 2570; x_wconf 88' lang='grc' dir='ltr'>πόλει</span> <span class='ocrx_word' id='word_1_408' title='bbox 2579 2518 2875 2585; x_wconf 78' lang='grc' dir='ltr'>περιέπεσε</span> <span class='ocrx_word' id='word_1_409' title='bbox 2932 2517 3183 2583; x_wconf 86' lang='grc' dir='ltr'>πλείστη.</span> <span class='ocrx_word' id='word_1_410' title='bbox 3220 2516 3322 2567; x_wconf 72' lang='grc' dir='ltr'>ἕως</span> <span class='ocrx_word' id='word_1_411' title='bbox 3358 2507 3418 2566; x_wconf 77' lang='grc' dir='ltr'>οὗ</span> 
     </span>
    </p>
   </div>
   <div class='ocr_carea' id='block_1_53' title="bbox 1851 2604 3418 2678">
    <p class='ocr_par' dir='ltr' id='par_1_53' title="bbox 1851 2604 3418 2678">
     <span class='ocr_line' id='line_1_53' title="bbox 1851 2604 3418 2678; baseline -0.001 -21"><span class='ocrx_word' id='word_1_412' title='bbox 1851 2608 2014 2658; x_wconf 84' lang='grc' dir='ltr'>πάλιν</span> <span class='ocrx_word' id='word_1_413' title='bbox 2067 2607 2346 2676; x_wconf 80' lang='grc' dir='ltr'>ἐμάθομεν</span> <span class='ocrx_word' id='word_1_414' title='bbox 2391 2608 2492 2678; x_wconf 78' lang='grc' dir='ltr'><strong>τὴν</strong></span> <span class='ocrx_word' id='word_1_415' title='bbox 2535 2609 2838 2676; x_wconf 84' lang='grc' dir='ltr'>ίσχύσασαν</span> <span class='ocrx_word' id='word_1_416' title='bbox 2879 2607 3077 2676; x_wconf 77' lang='grc' dir='ltr'>βουλὴν</span> <span class='ocrx_word' id='word_1_417' title='bbox 3116 2605 3210 2657; x_wconf 86' lang='grc' dir='ltr'>τοῦ</span> <span class='ocrx_word' id='word_1_418' title='bbox 3249 2604 3418 2656; x_wconf 55' lang='lat' dir='ltr'><strong>Kal&quot;)</strong></span> 
     </span>
    </p>
   </div>
   <div class='ocr_carea' id='block_1_54' title="bbox 1854 2696 3423 2768">
    <p class='ocr_par' dir='ltr' id='par_1_54' title="bbox 1854 2696 3423 2768">
     <span class='ocr_line' id='line_1_54' title="bbox 1854 2696 3423 2768; baseline 0 -23"><span class='ocrx_word' id='word_1_419' title='bbox 1854 2697 2092 2764; x_wconf 84' lang='grc' dir='ltr'>μπασιᾶ.</span> <span class='ocrx_word' id='word_1_420' title='bbox 2139 2697 2247 2749; x_wconf 68' lang='grc' dir='ltr'>Καὶ</span> <span class='ocrx_word' id='word_1_421' title='bbox 2281 2697 2412 2763; x_wconf 76' lang='grc' dir='ltr'><strong>ίδοῦ,</strong></span> <span class='ocrx_word' id='word_1_422' title='bbox 2439 2697 2514 2760; x_wconf 81' lang='grc' dir='ltr'><strong>ὡς</strong></span> <span class='ocrx_word' id='word_1_423' title='bbox 2545 2701 2654 2765; x_wconf 84' lang='grc' dir='ltr'>ἐγὼ</span> <span class='ocrx_word' id='word_1_424' title='bbox 2686 2698 2970 2768; x_wconf 84' lang='grc' dir='ltr'>προεῖπον,</span> <span class='ocrx_word' id='word_1_425' title='bbox 2995 2696 3071 2766; x_wconf 82' lang='grc' dir='ltr'>μὴ</span> <span class='ocrx_word' id='word_1_426' title='bbox 3097 2696 3286 2748; x_wconf 81' lang='grc' dir='ltr'>ἐνεκεν</span> <span class='ocrx_word' id='word_1_427' title='bbox 3316 2696 3423 2746; x_wconf 77' lang='grc' dir='ltr'><strong>τῶν</strong></span> 
     </span>
    </p>
   </div>
   <div class='ocr_carea' id='block_1_55' title="bbox 1847 2787 3421 2862">
    <p class='ocr_par' dir='ltr' id='par_1_55' title="bbox 1847 2787 3421 2862">
     <span class='ocr_line' id='line_1_55' title="bbox 1847 2787 3421 2862; baseline -0.001 -25"><span class='ocrx_word' id='word_1_428' title='bbox 1847 2787 2107 2840; x_wconf 78' lang='grc' dir='ltr'>τοιούτων</span> <span class='ocrx_word' id='word_1_429' title='bbox 2141 2790 2478 2854; x_wconf 76' lang='grc' dir='ltr'>σκανδάλων,</span> <span class='ocrx_word' id='word_1_430' title='bbox 2514 2792 2571 2843; x_wconf 86' lang='grc' dir='ltr'><strong>τὸ</strong></span> <span class='ocrx_word' id='word_1_431' title='bbox 2599 2792 2672 2854; x_wconf 78' lang='grc' dir='ltr'>ὡς</span> <span class='ocrx_word' id='word_1_432' title='bbox 2712 2791 2785 2862; x_wconf 75' lang='grc' dir='ltr'>μὴ</span> <span class='ocrx_word' id='word_1_433' title='bbox 2816 2789 2990 2860; x_wconf 81' lang='grc' dir='ltr'>ὢφελε</span> <span class='ocrx_word' id='word_1_434' title='bbox 3025 2787 3289 2856; x_wconf 73' lang='grc' dir='ltr'>γενέσθαι</span> <span class='ocrx_word' id='word_1_435' title='bbox 3322 2788 3421 2856; x_wconf 77' lang='grc' dir='ltr'>τὴν</span> 
     </span>
    </p>
   </div>
   <div class='ocr_carea' id='block_1_56' title="bbox 1851 2898 2093 2936">
    <p class='ocr_par' dir='ltr' id='par_1_56' title="bbox 1851 2898 2093 2936">
     <span class='ocr_line' id='line_1_56' title="bbox 1851 2898 2093 2936; baseline -0.008 -4"><span class='ocrx_word' id='word_1_436' title='bbox 1851 2898 1943 2932; x_wconf 80' lang='grc' dir='ltr'><strong>συν</strong></span> <span class='ocrx_word' id='word_1_437' title='bbox 1953 2899 2093 2936; x_wconf 71' lang='grc' dir='ltr'>οσον,</span> 
     </span>
    </p>
   </div>
   <div class='ocr_carea' id='block_1_57' title="bbox 1920 2973 3420 3043">
    <p class='ocr_par' dir='ltr' id='par_1_57' title="bbox 1920 2973 3420 3043">
     <span class='ocr_line' id='line_1_57' title="bbox 1920 2973 3420 3043; baseline -0.002 -17"><span class='ocrx_word' id='word_1_438' title='bbox 1920 2975 2029 3026; x_wconf 67' lang='grc' dir='ltr'>Καὶ</span> <span class='ocrx_word' id='word_1_439' title='bbox 2059 2975 2157 3043; x_wconf 82' lang='grc' dir='ltr'><strong>τὴν</strong></span> <span class='ocrx_word' id='word_1_440' title='bbox 2198 2975 2296 3042; x_wconf 84' lang='grc' dir='ltr'><strong>μέν</strong></span> <span class='ocrx_word' id='word_1_441' title='bbox 2343 2974 2449 3028; x_wconf 76' lang='grc' dir='ltr'><strong>ἀπὸ</strong></span> <span class='ocrx_word' id='word_1_442' title='bbox 2483 2975 3114 3036; x_wconf 73' lang='grc' dir='ltr'>Κωνσταντινουπόλεως</span> <span class='ocrx_word' id='word_1_443' title='bbox 3162 2975 3242 3035; x_wconf 80' lang='grc' dir='ltr'><strong>είς</strong></span> <span class='ocrx_word' id='word_1_444' title='bbox 3278 2973 3420 3024; x_wconf 85' lang='grc' dir='ltr'>Ἰτα-</span> 
     </span>
    </p>
   </div>
   <div class='ocr_carea' id='block_1_58' title="bbox 1846 3065 3423 3139">
    <p class='ocr_par' dir='ltr' id='par_1_58' title="bbox 1846 3065 3423 3139">
     <span class='ocr_line' id='line_1_58' title="bbox 1846 3065 3423 3139; baseline 0.001 -23"><span class='ocrx_word' id='word_1_445' title='bbox 1846 3065 1968 3118; x_wconf 83' lang='grc' dir='ltr'>λίαν</span> <span class='ocrx_word' id='word_1_446' title='bbox 2024 3067 2294 3134; x_wconf 73' lang='grc' dir='ltr'>περίοδον,</span> <span class='ocrx_word' id='word_1_447' title='bbox 2331 3068 2406 3128; x_wconf 88' lang='grc' dir='ltr'><strong>ώς</strong></span> <span class='ocrx_word' id='word_1_448' title='bbox 2463 3069 2733 3139; x_wconf 81' lang='grc' dir='ltr'>περισσὴν</span> <span class='ocrx_word' id='word_1_449' title='bbox 2783 3067 2969 3126; x_wconf 77' lang='grc' dir='ltr'>οὖσαν.</span> <span class='ocrx_word' id='word_1_450' title='bbox 3003 3069 3190 3136; x_wconf 82' lang='grc' dir='ltr'>γραφῇ</span> <span class='ocrx_word' id='word_1_451' title='bbox 3243 3082 3423 3132; x_wconf 86' lang='grc' dir='ltr'>παρα-</span> 
     </span>
    </p>
   </div>
   <div class='ocr_carea' id='block_1_59' title="bbox 172 3147 3422 3234">
    <p class='ocr_par' dir='ltr' id='par_1_59' title="bbox 172 3147 3422 3234">
     <span class='ocr_line' id='line_1_59' title="bbox 172 3147 3422 3234; baseline 0.002 -37"><span class='ocrx_word' id='word_1_452' title='bbox 172 3147 375 3210; x_wconf 71' lang='grc' dir='ltr'>αύτοὺς</span> <span class='ocrx_word' id='word_1_453' title='bbox 406 3151 484 3212; x_wconf 82' lang='grc' dir='ltr'><strong>είς</strong></span> <span class='ocrx_word' id='word_1_454' title='bbox 511 3153 609 3222; x_wconf 75' lang='grc' dir='ltr'>τὴν</span> <span class='ocrx_word' id='word_1_455' title='bbox 643 3154 881 3211; x_wconf 82' lang='grc' dir='ltr'>σύνοδον.</span> <span class='ocrx_word' id='word_1_456' title='bbox 911 3159 1099 3228; x_wconf 77' lang='grc' dir='ltr'>Ὅμως</span> <span class='ocrx_word' id='word_1_457' title='bbox 1131 3161 1352 3226; x_wconf 84' lang='grc' dir='ltr'>ἐγένετο</span> <span class='ocrx_word' id='word_1_458' title='bbox 1377 3163 1514 3234; x_wconf 84' lang='grc' dir='ltr'>ὅπερ</span> <span class='ocrx_word' id='word_1_459' title='bbox 1546 3165 1742 3234; x_wconf 76' lang='grc' dir='ltr'>ἤθελεν</span> <span class='ocrx_word' id='word_1_460' title='bbox 1775 3201 1778 3203; x_wconf 44' lang='grc' dir='ltr'>λ</span> <span class='ocrx_word' id='word_1_461' title='bbox 1845 3156 2028 3210; x_wconf 82' lang='grc' dir='ltr'>δοῦναι</span> <span class='ocrx_word' id='word_1_462' title='bbox 2055 3158 2165 3213; x_wconf 71' lang='grc' dir='ltr'>,διὰ</span> <span class='ocrx_word' id='word_1_463' title='bbox 2191 3157 2249 3209; x_wconf 84' lang='grc' dir='ltr'><strong>τὸ</strong></span> <span class='ocrx_word' id='word_1_464' title='bbox 2290 3159 2466 3227; x_wconf 78' lang='grc' dir='ltr'>μῆκος</span> <span class='ocrx_word' id='word_1_465' title='bbox 2499 3159 2705 3228; x_wconf 86' lang='grc' dir='ltr'>ταύτην</span> <span class='ocrx_word' id='word_1_466' title='bbox 2750 3160 2899 3212; x_wconf 83' lang='grc' dir='ltr'>ἐάσω</span> <span class='ocrx_word' id='word_1_467' title='bbox 2926 3176 2938 3190; x_wconf 91' lang='grc'><strong>·</strong></span> <span class='ocrx_word' id='word_1_468' title='bbox 2991 3157 3177 3227; x_wconf 82' lang='grc' dir='ltr'>τὴν-δὲ</span> <span class='ocrx_word' id='word_1_469' title='bbox 3212 3157 3291 3217; x_wconf 78' lang='grc' dir='ltr'><strong>είς</strong></span> <span class='ocrx_word' id='word_1_470' title='bbox 3324 3157 3422 3220; x_wconf 75' lang='grc' dir='ltr'><strong>τὴν</strong></span> 
     </span>
    </p>
   </div>
   <div class='ocr_carea' id='block_1_60' title="bbox 175 3239 3422 3322">
    <p class='ocr_par' dir='ltr' id='par_1_60' title="bbox 175 3239 3422 3322">
     <span class='ocr_line' id='line_1_60' title="bbox 175 3239 3422 3322; baseline 0.002 -33"><span class='ocrx_word' id='word_1_471' title='bbox 175 3239 206 3289; x_wconf 87' lang='grc' dir='ltr'><strong>ὁ</strong></span> <span class='ocrx_word' id='word_1_472' title='bbox 246 3239 501 3307; x_wconf 81' lang='grc' dir='ltr'>βασιλεὺς</span> <span class='ocrx_word' id='word_1_473' title='bbox 532 3245 563 3314; x_wconf 81' lang='grc' dir='ltr'>ἢ</span> <span class='ocrx_word' id='word_1_474' title='bbox 596 3248 799 3316; x_wconf 81' lang='grc' dir='ltr'>μᾶλλον</span> <span class='ocrx_word' id='word_1_475' title='bbox 839 3251 870 3320; x_wconf 82' lang='grc' dir='ltr'>ἠ</span> <span class='ocrx_word' id='word_1_476' title='bbox 911 3252 1054 3321; x_wconf 82' lang='grc' dir='ltr'>κακὴ</span> <span class='ocrx_word' id='word_1_477' title='bbox 1086 3252 1243 3322; x_wconf 83' lang='grc' dir='ltr'>τύχη.</span> <span class='ocrx_word' id='word_1_478' title='bbox 1283 3254 1625 3321; x_wconf 80' lang='grc' dir='ltr'>Ἐξελθόντος</span> <span class='ocrx_word' id='word_1_479' title='bbox 1654 3258 1744 3312; x_wconf 73' lang='grc' dir='ltr'>οὖν</span> <span class='ocrx_word' id='word_1_480' title='bbox 1772 3242 1814 3299; x_wconf 88' lang='lat' dir='ltr'><strong>C</strong></span> <span class='ocrx_word' id='word_1_481' title='bbox 1859 3247 2099 3300; x_wconf 74' lang='grc' dir='ltr'>Ἐνετίαν</span> <span class='ocrx_word' id='word_1_482' title='bbox 2132 3249 2436 3303; x_wconf 77' lang='grc' dir='ltr'>εἰσέλευσιν</span> <span class='ocrx_word' id='word_1_483' title='bbox 2468 3248 2561 3302; x_wconf 83' lang='grc' dir='ltr'>τοῦ</span> <span class='ocrx_word' id='word_1_484' title='bbox 2606 3249 2872 3318; x_wconf 75' lang='grc' dir='ltr'>βασιλέως</span> <span class='ocrx_word' id='word_1_485' title='bbox 2898 3249 3153 3302; x_wconf 84' lang='grc' dir='ltr'>Ἰωάννου</span> <span class='ocrx_word' id='word_1_486' title='bbox 3189 3247 3282 3300; x_wconf 62' lang='grc' dir='ltr'><strong>καὶ</strong></span> <span class='ocrx_word' id='word_1_487' title='bbox 3313 3245 3422 3295; x_wconf 81' lang='grc' dir='ltr'><strong>τῶν</strong></span> 
     </span>
    </p>
   </div>
   <div class='ocr_carea' id='block_1_61' title="bbox 171 3421 3424 3509">
    <p class='ocr_par' dir='ltr' id='par_1_61' title="bbox 171 3421 3424 3509">
     <span class='ocr_line' id='line_1_61' title="bbox 171 3421 3424 3509; baseline 0.002 -35"><span class='ocrx_word' id='word_1_488' title='bbox 171 3421 339 3475; x_wconf 82' lang='lat' dir='ltr'><strong>ctiam</strong></span> <span class='ocrx_word' id='word_1_489' title='bbox 368 3424 606 3482; x_wconf 91' lang='lat' dir='ltr'><strong>deterius</strong></span> <span class='ocrx_word' id='word_1_490' title='bbox 631 3430 868 3484; x_wconf 75' lang='lat' dir='ltr'><strong>scliisma</strong></span> <span class='ocrx_word' id='word_1_491' title='bbox 894 3433 1109 3486; x_wconf 82' lang='lat' dir='ltr'><strong>eveniat</strong></span> <span class='ocrx_word' id='word_1_492' title='bbox 1133 3452 1146 3487; x_wconf 88' lang='lat'><strong>:</strong></span> <span class='ocrx_word' id='word_1_493' title='bbox 1167 3443 1221 3490; x_wconf 91' lang='lat' dir='ltr'><strong>et</strong></span> <span class='ocrx_word' id='word_1_494' title='bbox 1245 3453 1343 3492; x_wconf 92' lang='lat' dir='ltr'><strong>nos</strong></span> <span class='ocrx_word' id='word_1_495' title='bbox 1365 3453 1489 3493; x_wconf 85' lang='lat' dir='ltr'><strong>ecce</strong></span> <span class='ocrx_word' id='word_1_496' title='bbox 1513 3445 1746 3509; x_wconf 80' lang='lat' dir='ltr'><strong>expositi</strong></span> <span class='ocrx_word' id='word_1_497' title='bbox 1853 3434 2175 3503; x_wconf 85' lang='lat' dir='ltr'><strong>imperator,</strong></span> <span class='ocrx_word' id='word_1_498' title='bbox 2197 3435 2310 3486; x_wconf 84' lang='lat' dir='ltr'><strong>sive</strong></span> <span class='ocrx_word' id='word_1_499' title='bbox 2342 3435 2520 3501; x_wconf 78' lang='lat' dir='ltr'><strong>potius</strong></span> <span class='ocrx_word' id='word_1_500' title='bbox 2554 3430 2721 3486; x_wconf 81' lang='lat' dir='ltr'><strong>fatum</strong></span> <span class='ocrx_word' id='word_1_501' title='bbox 2743 3432 2974 3486; x_wconf 90' lang='lat' dir='ltr'><strong>volebat.</strong></span> <span class='ocrx_word' id='word_1_502' title='bbox 3005 3430 3236 3499; x_wconf 83' lang='lat' dir='ltr'><strong>Egresso</strong></span> <span class='ocrx_word' id='word_1_503' title='bbox 3259 3429 3424 3496; x_wconf 86' lang='lat' dir='ltr'><strong>igitur</strong></span> 
     </span>
    </p>
   </div>
   <div class='ocr_carea' id='block_1_62' title="bbox 174 3514 3422 3596">
    <p class='ocr_par' dir='ltr' id='par_1_62' title="bbox 174 3514 3422 3596">
     <span class='ocr_line' id='line_1_62' title="bbox 174 3514 3422 3596; baseline 0.003 -32"><span class='ocrx_word' id='word_1_504' title='bbox 174 3514 422 3570; x_wconf 89' lang='lat' dir='ltr'><strong>loremns</strong></span> <span class='ocrx_word' id='word_1_505' title='bbox 449 3515 650 3585; x_wconf 84' lang='lat' dir='ltr'><strong>impiis.</strong></span> <span class='ocrx_word' id='word_1_506' title='bbox 686 3538 705 3571; x_wconf 73' lang='grc' dir='ltr'><strong>ι</strong></span> <span class='ocrx_word' id='word_1_507' title='bbox 736 3522 1031 3589; x_wconf 84' lang='lat' dir='ltr'><strong>Imperator</strong></span> <span class='ocrx_word' id='word_1_508' title='bbox 1053 3541 1171 3578; x_wconf 88' lang='lat' dir='ltr'><strong>non</strong></span> <span class='ocrx_word' id='word_1_509' title='bbox 1207 3529 1452 3596; x_wconf 83' lang='lat' dir='ltr'><strong>probata,</strong></span> <span class='ocrx_word' id='word_1_510' title='bbox 1488 3541 1544 3583; x_wconf 88' lang='lat' dir='ltr'><strong>ut</strong></span> <span class='ocrx_word' id='word_1_511' title='bbox 1573 3533 1745 3586; x_wconf 84' lang='lat' dir='ltr'><strong>visum</strong></span> <span class='ocrx_word' id='word_1_512' title='bbox 1851 3542 1912 3579; x_wconf 79' lang='lat' dir='ltr'><strong>ex</strong></span> <span class='ocrx_word' id='word_1_513' title='bbox 1952 3527 2083 3579; x_wconf 84' lang='lat' dir='ltr'><strong>urbe</strong></span> <span class='ocrx_word' id='word_1_514' title='bbox 2140 3527 2470 3594; x_wconf 76' lang='lat' dir='ltr'><strong>imperatore</strong></span> <span class='ocrx_word' id='word_1_515' title='bbox 2521 3533 2575 3576; x_wconf 90' lang='lat' dir='ltr'><strong>et</strong></span> <span class='ocrx_word' id='word_1_516' title='bbox 2625 3527 2727 3578; x_wconf 91' lang='lat' dir='ltr'><strong>iter</strong></span> <span class='ocrx_word' id='word_1_517' title='bbox 2786 3531 3172 3591; x_wconf 83' lang='lat' dir='ltr'><strong>prosequente,</strong></span> <span class='ocrx_word' id='word_1_518' title='bbox 3210 3537 3422 3575; x_wconf 82' lang='lat' dir='ltr'><strong>ameras</strong></span> 
     </span>
    </p>
   </div>
   <div class='ocr_carea' id='block_1_63' title="bbox 172 3606 3422 3688">
    <p class='ocr_par' dir='ltr' id='par_1_63' title="bbox 172 3606 3422 3688">
     <span class='ocr_line' id='line_1_63' title="bbox 172 3606 3422 3688; baseline 0.001 -29"><span class='ocrx_word' id='word_1_519' title='bbox 172 3616 284 3668; x_wconf 75' lang='grc' dir='ltr'>εει.</span> <span class='ocrx_word' id='word_1_520' title='bbox 315 3606 485 3675; x_wconf 92' lang='lat' dir='ltr'><strong>patris</strong></span> <span class='ocrx_word' id='word_1_521' title='bbox 535 3612 835 3675; x_wconf 89' lang='lat' dir='ltr'><strong>sententia,</strong></span> <span class='ocrx_word' id='word_1_522' title='bbox 869 3615 1066 3669; x_wconf 86' lang='lat' dir='ltr'><strong>tacitus</strong></span> <span class='ocrx_word' id='word_1_523' title='bbox 1103 3620 1341 3672; x_wconf 77' lang='lat' dir='ltr'><strong>surrexit</strong></span> <span class='ocrx_word' id='word_1_524' title='bbox 1374 3635 1437 3674; x_wconf 88' lang='lat' dir='ltr'><strong>ac</strong></span> <span class='ocrx_word' id='word_1_525' title='bbox 1472 3621 1745 3676; x_wconf 61' lang='lat' dir='ltr'><strong>dischssit.</strong></span> <span class='ocrx_word' id='word_1_526' title='bbox 1852 3619 2061 3686; x_wconf 83' lang='lat' dir='ltr'><strong>Cpolim</strong></span> <span class='ocrx_word' id='word_1_527' title='bbox 2096 3633 2413 3688; x_wconf 74' lang='lat' dir='ltr'><strong>oppugnare</strong></span> <span class='ocrx_word' id='word_1_528' title='bbox 2437 3619 2734 3686; x_wconf 83' lang='lat' dir='ltr'><strong>copiasque</strong></span> <span class='ocrx_word' id='word_1_529' title='bbox 2757 3618 3021 3670; x_wconf 85' lang='lat' dir='ltr'><strong>adversus</strong></span> <span class='ocrx_word' id='word_1_530' title='bbox 3053 3629 3172 3667; x_wconf 88' lang='lat' dir='ltr'><strong>eam</strong></span> <span class='ocrx_word' id='word_1_531' title='bbox 3208 3615 3422 3666; x_wconf 82' lang='lat' dir='ltr'><strong>mittere</strong></span> 
     </span>
    </p>
   </div>
   <div class='ocr_carea' id='block_1_64' title="bbox 175 3697 3424 3776">
    <p class='ocr_par' dir='ltr' id='par_1_64' title="bbox 175 3697 3424 3776">
     <span class='ocr_line' id='line_1_64' title="bbox 175 3697 3424 3776; baseline 0.002 -26"><span class='ocrx_word' id='word_1_532' title='bbox 175 3697 319 3752; x_wconf 89' lang='lat' dir='ltr'><strong>Tum</strong></span> <span class='ocrx_word' id='word_1_533' title='bbox 362 3701 578 3768; x_wconf 85' lang='lat' dir='ltr'><strong>paulum</strong></span> <span class='ocrx_word' id='word_1_534' title='bbox 633 3719 815 3757; x_wconf 83' lang='lat' dir='ltr'><strong>secum</strong></span> <span class='ocrx_word' id='word_1_535' title='bbox 859 3719 1118 3774; x_wconf 77' lang='lat' dir='ltr'><strong>reputans</strong></span> <span class='ocrx_word' id='word_1_536' title='bbox 1169 3712 1340 3765; x_wconf 72' lang='lat' dir='ltr'><strong>beatae</strong></span> <span class='ocrx_word' id='word_1_537' title='bbox 1386 3716 1660 3768; x_wconf 74' lang='lat' dir='ltr'><strong>memoria:</strong></span> <span class='ocrx_word' id='word_1_538' title='bbox 1697 3725 1753 3770; x_wconf 89' lang='lat' dir='ltr'><strong>et</strong></span> <span class='ocrx_word' id='word_1_539' title='bbox 1853 3712 2161 3766; x_wconf 90' lang='lat' dir='ltr'><strong>c0nstituit.</strong></span> <span class='ocrx_word' id='word_1_540' title='bbox 2199 3711 2499 3765; x_wconf 85' lang='lat' dir='ltr'><strong>Suaserunt</strong></span> <span class='ocrx_word' id='word_1_541' title='bbox 2553 3711 2655 3763; x_wconf 92' lang='lat' dir='ltr'><strong>hoc</strong></span> <span class='ocrx_word' id='word_1_542' title='bbox 2705 3708 3187 3776; x_wconf 82' lang='lat' dir='ltr'><strong>approbaruntque</strong></span> <span class='ocrx_word' id='word_1_543' title='bbox 3233 3719 3424 3757; x_wconf 87' lang='lat' dir='ltr'><strong>omnes</strong></span> 
     </span>
    </p>
   </div>
   <div class='ocr_carea' id='block_1_65' title="bbox 172 3791 3423 3873">
    <p class='ocr_par' dir='ltr' id='par_1_65' title="bbox 172 3791 3423 3873">
     <span class='ocr_line' id='line_1_65' title="bbox 172 3791 3423 3873; baseline 0.002 -32"><span class='ocrx_word' id='word_1_544' title='bbox 172 3791 504 3844; x_wconf 76' lang='lat' dir='ltr'><strong>venerabilis</strong></span> <span class='ocrx_word' id='word_1_545' title='bbox 527 3803 679 3861; x_wconf 89' lang='lat' dir='ltr'><strong>pater</strong></span> <span class='ocrx_word' id='word_1_546' title='bbox 695 3795 834 3864; x_wconf 88' lang='lat' dir='ltr'><strong>ejus,</strong></span> <span class='ocrx_word' id='word_1_547' title='bbox 858 3813 1049 3866; x_wconf 88' lang='lat' dir='ltr'><strong>meque</strong></span> <span class='ocrx_word' id='word_1_548' title='bbox 1069 3800 1318 3856; x_wconf 90' lang='lat' dir='ltr'><strong>intuens:</strong></span> <span class='ocrx_word' id='word_1_549' title='bbox 1349 3803 1604 3858; x_wconf 73' lang='lat' dir='ltr'><strong>«Videtur</strong></span> <span class='ocrx_word' id='word_1_550' title='bbox 1620 3807 1750 3870; x_wconf 91' lang='lat' dir='ltr'><strong>sibi,</strong></span> <span class='ocrx_word' id='word_1_551' title='bbox 1854 3804 2156 3860; x_wconf 87' lang='lat' dir='ltr'><strong>consiliarii</strong></span> <span class='ocrx_word' id='word_1_552' title='bbox 2174 3805 2316 3873; x_wconf 85' lang='lat' dir='ltr'><strong>ejus.</strong></span> <span class='ocrx_word' id='word_1_553' title='bbox 2337 3818 2446 3856; x_wconf 93' lang='lat' dir='ltr'><strong>uno</strong></span> <span class='ocrx_word' id='word_1_554' title='bbox 2465 3802 2799 3856; x_wconf 87' lang='lat' dir='ltr'><strong>Chalilbasia</strong></span> <span class='ocrx_word' id='word_1_555' title='bbox 2829 3799 3184 3870; x_wconf 79' lang='lat' dir='ltr'><strong>excepto,qui</strong></span> <span class='ocrx_word' id='word_1_556' title='bbox 3214 3800 3423 3852; x_wconf 69' lang='lat' dir='ltr'><strong>cmtcris</strong></span> 
     </span>
    </p>
   </div>
   <div class='ocr_carea' id='block_1_66' title="bbox 172 3881 3422 3963">
    <p class='ocr_par' dir='ltr' id='par_1_66' title="bbox 172 3881 3422 3963">
     <span class='ocr_line' id='line_1_66' title="bbox 172 3881 3422 3963; baseline -0.002 -16"><span class='ocrx_word' id='word_1_557' title='bbox 172 3881 378 3948; x_wconf 70' lang='grc' dir='ltr'>ίηίιιιίιν</span> <span class='ocrx_word' id='word_1_558' title='bbox 411 3882 554 3937; x_wconf 84' lang='lat' dir='ltr'><strong>ﬁlius</strong></span> <span class='ocrx_word' id='word_1_559' title='bbox 597 3901 748 3941; x_wconf 90' lang='lat' dir='ltr'><strong>meus</strong></span> <span class='ocrx_word' id='word_1_560' title='bbox 783 3890 1078 3956; x_wconf 70' lang='lat' dir='ltr'><strong>prmclarus</strong></span> <span class='ocrx_word' id='word_1_561' title='bbox 1128 3892 1430 3961; x_wconf 88' lang='lat' dir='ltr'><strong>imperator</strong></span> <span class='ocrx_word' id='word_1_562' title='bbox 1459 3912 1580 3950; x_wconf 83' lang='lat' dir='ltr'><strong>esse</strong></span> <span class='ocrx_word' id='word_1_563' title='bbox 1617 3915 1631 3951; x_wconf 90' lang='lat'>:</span> <span class='ocrx_word' id='word_1_564' title='bbox 1665 3908 1750 3952; x_wconf 86' lang='lat' dir='ltr'><strong>est</strong></span> <span class='ocrx_word' id='word_1_565' title='bbox 1853 3910 2160 3963; x_wconf 87' lang='lat' dir='ltr'><strong>repugnans</strong></span> <span class='ocrx_word' id='word_1_566' title='bbox 2189 3912 2202 3948; x_wconf 92' lang='lat'>:</span> <span class='ocrx_word' id='word_1_567' title='bbox 2243 3913 2259 3944; x_wconf 82' lang='grc' dir='ltr'><strong>ι</strong></span> <span class='ocrx_word' id='word_1_568' title='bbox 2299 3893 2412 3946; x_wconf 89' lang='lat' dir='ltr'><strong>lmo</strong></span> <span class='ocrx_word' id='word_1_569' title='bbox 2440 3894 2641 3962; x_wconf 85' lang='lat' dir='ltr'><strong>potius,</strong></span> <span class='ocrx_word' id='word_1_570' title='bbox 2673 3893 2869 3961; x_wconf 89' lang='lat' dir='ltr'><strong>inquit,</strong></span> <span class='ocrx_word' id='word_1_571' title='bbox 2892 3893 3081 3945; x_wconf 88' lang='lat' dir='ltr'><strong>urbem</strong></span> <span class='ocrx_word' id='word_1_572' title='bbox 3110 3905 3422 3959; x_wconf 77' lang='lat' dir='ltr'><strong>oppugnare</strong></span> 
     </span>
    </p>
   </div>
   <div class='ocr_carea' id='block_1_67' title="bbox 175 3973 1751 4058">
    <p class='ocr_par' dir='ltr' id='par_1_67' title="bbox 175 3973 1751 4058">
     <span class='ocr_line' id='line_1_67' title="bbox 175 3973 1751 4058; baseline 0.013 -34"><span class='ocrx_word' id='word_1_573' title='bbox 175 3973 326 4028; x_wconf 84' lang='lat' dir='ltr'><strong>haud</strong></span> <span class='ocrx_word' id='word_1_574' title='bbox 355 3973 539 4039; x_wconf 86' lang='lat' dir='ltr'><strong>dubie,</strong></span> <span class='ocrx_word' id='word_1_575' title='bbox 573 3978 663 4030; x_wconf 91' lang='lat' dir='ltr'><strong>sed</strong></span> <span class='ocrx_word' id='word_1_576' title='bbox 698 3995 801 4032; x_wconf 88' lang='lat' dir='ltr'><strong>non</strong></span> <span class='ocrx_word' id='word_1_577' title='bbox 851 3981 976 4035; x_wconf 87' lang='lat' dir='ltr'><strong>huic</strong></span> <span class='ocrx_word' id='word_1_578' title='bbox 1005 3986 1148 4038; x_wconf 57' lang='lat' dir='ltr'><strong>artati</strong></span> <span class='ocrx_word' id='word_1_579' title='bbox 1177 3994 1334 4051; x_wconf 86' lang='lat' dir='ltr'><strong>aptus</strong></span> <span class='ocrx_word' id='word_1_580' title='bbox 1360 3987 1450 4040; x_wconf 89' lang='lat' dir='ltr'><strong>ille</strong></span> <span class='ocrx_word' id='word_1_581' title='bbox 1479 3998 1582 4042; x_wconf 87' lang='lat' dir='ltr'><strong>est.</strong></span> <span class='ocrx_word' id='word_1_582' title='bbox 1611 3989 1751 4058; x_wconf 89' lang='lat' dir='ltr'><strong>Spe-</strong></span> 
     </span>
    </p>
   </div>
   <div class='ocr_carea' id='block_1_68' title="bbox 174 4068 1753 4147">
    <p class='ocr_par' dir='ltr' id='par_1_68' title="bbox 174 4068 1753 4147">
     <span class='ocr_line' id='line_1_68' title="bbox 174 4068 1753 4147; baseline 0.013 -31"><span class='ocrx_word' id='word_1_583' title='bbox 174 4075 291 4118; x_wconf 83' lang='lat' dir='ltr'><strong>ctat</strong></span> <span class='ocrx_word' id='word_1_584' title='bbox 319 4068 566 4135; x_wconf 83' lang='lat' dir='ltr'><strong>sapitque</strong></span> <span class='ocrx_word' id='word_1_585' title='bbox 601 4086 814 4138; x_wconf 77' lang='lat' dir='ltr'><strong>magna,</strong></span> <span class='ocrx_word' id='word_1_586' title='bbox 851 4082 904 4126; x_wconf 91' lang='lat' dir='ltr'><strong>et</strong></span> <span class='ocrx_word' id='word_1_587' title='bbox 932 4076 1082 4137; x_wconf 81' lang='lat' dir='ltr'><strong>talia,</strong></span> <span class='ocrx_word' id='word_1_588' title='bbox 1114 4078 1292 4144; x_wconf 85' lang='lat' dir='ltr'><strong>qualia</strong></span> <span class='ocrx_word' id='word_1_589' title='bbox 1349 4079 1623 4147; x_wconf 84' lang='lat' dir='ltr'><strong>majorum</strong></span> <span class='ocrx_word' id='word_1_590' title='bbox 1657 4097 1753 4135; x_wconf 82' lang='lat' dir='ltr'><strong>no-</strong></span> 
     </span>
    </p>
   </div>
   <div class='ocr_carea' id='block_1_69' title="bbox 175 4167 1752 4236">
    <p class='ocr_par' dir='ltr' id='par_1_69' title="bbox 175 4167 1752 4236">
     <span class='ocr_line' id='line_1_69' title="bbox 175 4167 1752 4236; baseline 0.012 -27"><span class='ocrx_word' id='word_1_591' title='bbox 175 4167 421 4212; x_wconf 75' lang='lat' dir='ltr'><strong>strorum</strong></span> <span class='ocrx_word' id='word_1_592' title='bbox 456 4175 712 4230; x_wconf 89' lang='lat' dir='ltr'><strong>prospera</strong></span> <span class='ocrx_word' id='word_1_593' title='bbox 747 4175 986 4233; x_wconf 87' lang='lat' dir='ltr'><strong>tempora</strong></span> <span class='ocrx_word' id='word_1_594' title='bbox 1014 4169 1383 4235; x_wconf 81' lang='lat' dir='ltr'><strong>postulabant.</strong></span> <span class='ocrx_word' id='word_1_595' title='bbox 1407 4170 1531 4236; x_wconf 85' lang='lat' dir='ltr'><strong>Sed,</strong></span> <span class='ocrx_word' id='word_1_596' title='bbox 1567 4182 1627 4226; x_wconf 89' lang='lat' dir='ltr'><strong>ut</strong></span> <span class='ocrx_word' id='word_1_597' title='bbox 1651 4174 1752 4228; x_wconf 88' lang='lat' dir='ltr'><strong>ho-</strong></span> 
     </span>
    </p>
   </div>
   <div class='ocr_carea' id='block_1_70' title="bbox 177 4251 1755 4330">
    <p class='ocr_par' dir='ltr' id='par_1_70' title="bbox 177 4251 1755 4330">
     <span class='ocr_line' id='line_1_70' title="bbox 177 4251 1755 4330; baseline 0.01 -28"><span class='ocrx_word' id='word_1_598' title='bbox 177 4251 270 4304; x_wconf 82' lang='lat' dir='ltr'><strong>die</strong></span> <span class='ocrx_word' id='word_1_599' title='bbox 297 4266 387 4305; x_wconf 80' lang='lat' dir='ltr'><strong>res</strong></span> <span class='ocrx_word' id='word_1_600' title='bbox 420 4263 566 4316; x_wconf 87' lang='lat' dir='ltr'><strong>sunt,</strong></span> <span class='ocrx_word' id='word_1_601' title='bbox 619 4262 724 4308; x_wconf 74' lang='lat' dir='ltr'><strong>neu</strong></span> <span class='ocrx_word' id='word_1_602' title='bbox 777 4256 1128 4325; x_wconf 83' lang='lat' dir='ltr'><strong>imperatore,</strong></span> <span class='ocrx_word' id='word_1_603' title='bbox 1154 4261 1246 4314; x_wconf 90' lang='lat' dir='ltr'><strong>sed</strong></span> <span class='ocrx_word' id='word_1_604' title='bbox 1281 4263 1643 4330; x_wconf 75' lang='lat' dir='ltr'><strong>gubernatore</strong></span> <span class='ocrx_word' id='word_1_605' title='bbox 1672 4280 1755 4318; x_wconf 54' lang='lat' dir='ltr'><strong>re-</strong></span> 
     </span>
    </p>
   </div>
   <div class='ocr_carea' id='block_1_71' title="bbox 178 4349 1756 4423">
    <p class='ocr_par' dir='ltr' id='par_1_71' title="bbox 178 4349 1756 4423">
     <span class='ocr_line' id='line_1_71' title="bbox 178 4349 1756 4423; baseline 0.011 -30"><span class='ocrx_word' id='word_1_606' title='bbox 178 4351 352 4410; x_wconf 71' lang='lat' dir='ltr'><strong>gnum</strong></span> <span class='ocrx_word' id='word_1_607' title='bbox 382 4355 624 4399; x_wconf 90' lang='lat' dir='ltr'><strong>nostrum</strong></span> <span class='ocrx_word' id='word_1_608' title='bbox 663 4359 802 4416; x_wconf 88' lang='lat' dir='ltr'><strong>eget.</strong></span> <span class='ocrx_word' id='word_1_609' title='bbox 836 4349 1014 4404; x_wconf 81' lang='lat' dir='ltr'><strong>Metuo</strong></span> <span class='ocrx_word' id='word_1_610' title='bbox 1049 4354 1192 4405; x_wconf 90' lang='lat' dir='ltr'><strong>enim</strong></span> <span class='ocrx_word' id='word_1_611' title='bbox 1227 4369 1292 4407; x_wconf 93' lang='lat' dir='ltr'><strong>ne</strong></span> <span class='ocrx_word' id='word_1_612' title='bbox 1329 4356 1551 4423; x_wconf 86' lang='lat' dir='ltr'><strong>quando</strong></span> <span class='ocrx_word' id='word_1_613' title='bbox 1606 4371 1635 4410; x_wconf 91' lang='lat' dir='ltr'><strong>e</strong></span> <span class='ocrx_word' id='word_1_614' title='bbox 1674 4356 1756 4410; x_wconf 77' lang='lat' dir='ltr'><strong>fa-</strong></span> 
     </span>
    </p>
   </div>
   <div class='ocr_carea' id='block_1_72' title="bbox 179 4437 1753 4512">
    <p class='ocr_par' dir='ltr' id='par_1_72' title="bbox 179 4437 1753 4512">
     <span class='ocr_line' id='line_1_72' title="bbox 179 4437 1753 4512; baseline 0.008 -24"><span class='ocrx_word' id='word_1_615' title='bbox 179 4437 472 4490; x_wconf 85' lang='lat' dir='ltr'><strong>cinoribus</strong></span> <span class='ocrx_word' id='word_1_616' title='bbox 518 4440 922 4509; x_wconf 85' lang='lat' dir='ltr'><strong>conatibnsque</strong></span> <span class='ocrx_word' id='word_1_617' title='bbox 949 4444 1066 4510; x_wconf 84' lang='lat' dir='ltr'><strong>ejus</strong></span> <span class='ocrx_word' id='word_1_618' title='bbox 1099 4443 1260 4511; x_wconf 82' lang='lat' dir='ltr'><strong>hujus</strong></span> <span class='ocrx_word' id='word_1_619' title='bbox 1286 4445 1444 4512; x_wconf 89' lang='lat' dir='ltr'><strong>quasi</strong></span> <span class='ocrx_word' id='word_1_620' title='bbox 1482 4446 1636 4500; x_wconf 85' lang='lat' dir='ltr'><strong>navis</strong></span> <span class='ocrx_word' id='word_1_621' title='bbox 1667 4446 1753 4500; x_wconf 90' lang='lat' dir='ltr'><strong>in-</strong></span> 
     </span>
    </p>
   </div>
   <div class='ocr_carea' id='block_1_73' title="bbox 1853 3985 3420 4054">
    <p class='ocr_par' dir='ltr' id='par_1_73' title="bbox 1853 3985 3420 4054">
     <span class='ocr_line' id='line_1_73' title="bbox 1853 3985 3420 4054; baseline -0.004 -15"><span class='ocrx_word' id='word_1_622' title='bbox 1853 3986 2141 4039; x_wconf 80' lang='lat' dir='ltr'><strong>exitiosnm</strong></span> <span class='ocrx_word' id='word_1_623' title='bbox 2177 3985 2694 4054; x_wconf 86' lang='lat' dir='ltr'><strong>videtnr,quoniam</strong></span> <span class='ocrx_word' id='word_1_624' title='bbox 2732 3998 2909 4039; x_wconf 88' lang='lat' dir='ltr'><strong>metus</strong></span> <span class='ocrx_word' id='word_1_625' title='bbox 2944 3994 3047 4046; x_wconf 87' lang='lat' dir='ltr'><strong>est.</strong></span> <span class='ocrx_word' id='word_1_626' title='bbox 3083 4000 3149 4038; x_wconf 85' lang='lat' dir='ltr'><strong>ne</strong></span> <span class='ocrx_word' id='word_1_627' title='bbox 3183 3985 3420 4051; x_wconf 80' lang='lat' dir='ltr'><strong>impera-</strong></span> 
     </span>
    </p>
   </div>
   <div class='ocr_carea' id='block_1_74' title="bbox 1856 4076 3421 4144">
    <p class='ocr_par' dir='ltr' id='par_1_74' title="bbox 1856 4076 3421 4144">
     <span class='ocr_line' id='line_1_74' title="bbox 1856 4076 3421 4144; baseline -0.004 -14"><span class='ocrx_word' id='word_1_628' title='bbox 1856 4084 1960 4140; x_wconf 92' lang='lat' dir='ltr'><strong>tor,</strong></span> <span class='ocrx_word' id='word_1_629' title='bbox 1983 4080 2309 4131; x_wconf 79' lang='lat' dir='ltr'><strong>necessitate</strong></span> <span class='ocrx_word' id='word_1_630' title='bbox 2329 4088 2551 4131; x_wconf 90' lang='lat' dir='ltr'><strong>coactus</strong></span> <span class='ocrx_word' id='word_1_631' title='bbox 2573 4093 2728 4144; x_wconf 91' lang='lat' dir='ltr'><strong>opem</strong></span> <span class='ocrx_word' id='word_1_632' title='bbox 2753 4077 3072 4130; x_wconf 86' lang='lat' dir='ltr'><strong>Latinorum</strong></span> <span class='ocrx_word' id='word_1_633' title='bbox 3105 4076 3421 4144; x_wconf 76' lang='lat' dir='ltr'><strong>implorare,</strong></span> 
     </span>
    </p>
   </div>
   <div class='ocr_carea' id='block_1_75' title="bbox 1855 4167 3420 4238">
    <p class='ocr_par' dir='ltr' id='par_1_75' title="bbox 1855 4167 3420 4238">
     <span class='ocr_line' id='line_1_75' title="bbox 1855 4167 3420 4238; baseline -0.003 -16"><span class='ocrx_word' id='word_1_634' title='bbox 1855 4183 2040 4222; x_wconf 91' lang='lat' dir='ltr'><strong>eorum</strong></span> <span class='ocrx_word' id='word_1_635' title='bbox 2075 4170 2328 4238; x_wconf 83' lang='lat' dir='ltr'><strong>dogmata</strong></span> <span class='ocrx_word' id='word_1_636' title='bbox 2381 4170 2761 4238; x_wconf 86' lang='lat' dir='ltr'><strong>amplectatur,</strong></span> <span class='ocrx_word' id='word_1_637' title='bbox 2799 4179 2854 4222; x_wconf 88' lang='lat' dir='ltr'><strong>et</strong></span> <span class='ocrx_word' id='word_1_638' title='bbox 2886 4171 2956 4221; x_wconf 83' lang='lat' dir='ltr'><strong>ita</strong></span> <span class='ocrx_word' id='word_1_639' title='bbox 3001 4170 3238 4232; x_wconf 83' lang='lat' dir='ltr'><strong>eveniat,</strong></span> <span class='ocrx_word' id='word_1_640' title='bbox 3275 4167 3420 4234; x_wconf 91' lang='lat' dir='ltr'><strong>quod</strong></span> 
     </span>
    </p>
   </div>
   <div class='ocr_carea' id='block_1_76' title="bbox 1858 4259 3421 4328">
    <p class='ocr_par' dir='ltr' id='par_1_76' title="bbox 1858 4259 3421 4328">
     <span class='ocr_line' id='line_1_76' title="bbox 1858 4259 3421 4328; baseline 0 -15"><span class='ocrx_word' id='word_1_641' title='bbox 1858 4274 2132 4323; x_wconf 89' lang='lat' dir='ltr'><strong>veremur,</strong></span> <span class='ocrx_word' id='word_1_642' title='bbox 2185 4270 2246 4312; x_wconf 92' lang='lat' dir='ltr'><strong>ut</strong></span> <span class='ocrx_word' id='word_1_643' title='bbox 2287 4260 2585 4313; x_wconf 81' lang='lat' dir='ltr'><strong>concordes</strong></span> <span class='ocrx_word' id='word_1_644' title='bbox 2638 4261 2713 4314; x_wconf 93' lang='lat' dir='ltr'><strong>illi</strong></span> <span class='ocrx_word' id='word_1_645' title='bbox 2764 4259 2894 4313; x_wconf 85' lang='lat' dir='ltr'><strong>ﬁant</strong></span> <span class='ocrx_word' id='word_1_646' title='bbox 2932 4260 3421 4328; x_wconf 88' lang='lat' dir='ltr'><strong>concllienturque.</strong></span> 
     </span>
    </p>
   </div>
   <div class='ocr_carea' id='block_1_77' title="bbox 1856 4350 3422 4420">
    <p class='ocr_par' dir='ltr' id='par_1_77' title="bbox 1856 4350 3422 4420">
     <span class='ocr_line' id='line_1_77' title="bbox 1856 4350 3422 4420; baseline 0 -16"><span class='ocrx_word' id='word_1_647' title='bbox 1856 4350 2036 4416; x_wconf 79' lang='lat' dir='ltr'><strong>Quare</strong></span> <span class='ocrx_word' id='word_1_648' title='bbox 2080 4365 2226 4405; x_wconf 90' lang='lat' dir='ltr'><strong>nunc</strong></span> <span class='ocrx_word' id='word_1_649' title='bbox 2278 4351 2432 4404; x_wconf 89' lang='lat' dir='ltr'><strong>mitte</strong></span> <span class='ocrx_word' id='word_1_650' title='bbox 2469 4365 2587 4404; x_wconf 90' lang='lat' dir='ltr'><strong>eam</strong></span> <span class='ocrx_word' id='word_1_651' title='bbox 2639 4367 2752 4405; x_wconf 91' lang='lat' dir='ltr'><strong>rem</strong></span> <span class='ocrx_word' id='word_1_652' title='bbox 2779 4391 2794 4416; x_wconf 94' lang='lat'><strong>,</strong></span> <span class='ocrx_word' id='word_1_653' title='bbox 2833 4351 3008 4405; x_wconf 78' lang='lat' dir='ltr'><strong>donec</strong></span> <span class='ocrx_word' id='word_1_654' title='bbox 3045 4351 3249 4406; x_wconf 85' lang='lat' dir='ltr'><strong>videris</strong></span> <span class='ocrx_word' id='word_1_655' title='bbox 3292 4351 3422 4420; x_wconf 92' lang='lat' dir='ltr'><strong>quid</strong></span> 
     </span>
    </p>
   </div>
   <div class='ocr_carea' id='block_1_78' title="bbox 1855 4428 3423 4508">
    <p class='ocr_par' dir='ltr' id='par_1_78' title="bbox 1855 4428 3423 4508">
     <span class='ocr_line' id='line_1_78' title="bbox 1855 4428 3423 4508; baseline -0.001 -14"><span class='ocrx_word' id='word_1_656' title='bbox 1855 4428 2092 4495; x_wconf 80' lang='lat' dir='ltr'><strong>Joannes</strong></span> <span class='ocrx_word' id='word_1_657' title='bbox 2123 4455 2222 4493; x_wconf 90' lang='lat' dir='ltr'><strong>sua</strong></span> <span class='ocrx_word' id='word_1_658' title='bbox 2279 4449 2471 4508; x_wconf 84' lang='lat' dir='ltr'><strong>sponte</strong></span> <span class='ocrx_word' id='word_1_659' title='bbox 2518 4439 2761 4495; x_wconf 82' lang='lat' dir='ltr'><strong>facturus</strong></span> <span class='ocrx_word' id='word_1_660' title='bbox 2796 4440 2886 4495; x_wconf 89' lang='lat' dir='ltr'><strong>sit.</strong></span> <span class='ocrx_word' id='word_1_661' title='bbox 2932 4439 3066 4494; x_wconf 84' lang='lat' dir='ltr'><strong>Nam</strong></span> <span class='ocrx_word' id='word_1_662' title='bbox 3114 4441 3156 4494; x_wconf 88' lang='lat' dir='ltr'><strong>si</strong></span> <span class='ocrx_word' id='word_1_663' title='bbox 3199 4441 3252 4493; x_wconf 90' lang='lat' dir='ltr'><strong>in</strong></span> <span class='ocrx_word' id='word_1_664' title='bbox 3289 4455 3423 4493; x_wconf 82' lang='lat' dir='ltr'><strong>con-</strong></span> 
     </span>
    </p>
   </div>
   <div class='ocr_carea' id='block_1_79' title="bbox 179 4530 1751 4624">
    <p class='ocr_par' dir='ltr' id='par_1_79' title="bbox 179 4533 1751 4611">
     <span class='ocr_line' id='line_1_79' title="bbox 179 4533 1751 4611; baseline 0.008 -27"><span class='ocrx_word' id='word_1_665' title='bbox 179 4533 384 4584; x_wconf 86' lang='lat' dir='ltr'><strong>teritns</strong></span> <span class='ocrx_word' id='word_1_666' title='bbox 445 4535 743 4588; x_wconf 82' lang='lat' dir='ltr'><strong>exoriatur.</strong></span> <span class='ocrx_word' id='word_1_667' title='bbox 787 4535 1030 4606; x_wconf 86' lang='lat' dir='ltr'><strong>Namque</strong></span> <span class='ocrx_word' id='word_1_668' title='bbox 1085 4540 1344 4604; x_wconf 67' lang='lat' dir='ltr'><strong>praesensi</strong></span> <span class='ocrx_word' id='word_1_669' title='bbox 1393 4541 1751 4611; x_wconf 76' lang='lat' dir='ltr'><strong>cogitationes</strong></span> 
     </span>
    </p>
   </div>
   <div class='ocr_carea' id='block_1_80' title="bbox 1852 4530 3422 4624">
    <p class='ocr_par' dir='ltr' id='par_1_80' title="bbox 1857 4530 3422 4599">
     <span class='ocr_line' id='line_1_80' title="bbox 1857 4530 3422 4599; baseline -0.003 -13"><span class='ocrx_word' id='word_1_670' title='bbox 1857 4531 2098 4586; x_wconf 90' lang='lat' dir='ltr'><strong>cordiam</strong></span> <span class='ocrx_word' id='word_1_671' title='bbox 2140 4531 2422 4594; x_wconf 87' lang='lat' dir='ltr'><strong>redierint,</strong></span> <span class='ocrx_word' id='word_1_672' title='bbox 2460 4539 2574 4585; x_wconf 84' lang='lat' dir='ltr'><strong>tute</strong></span> <span class='ocrx_word' id='word_1_673' title='bbox 2625 4531 2855 4599; x_wconf 87' lang='lat' dir='ltr'><strong>posthac</strong></span> <span class='ocrx_word' id='word_1_674' title='bbox 2889 4546 3078 4585; x_wconf 79' lang='lat' dir='ltr'><strong>rursus</strong></span> <span class='ocrx_word' id='word_1_675' title='bbox 3125 4530 3422 4584; x_wconf 89' lang='lat' dir='ltr'><strong>amicitiam</strong></span> 
     </span>
    </p>
   </div>
   <div class='ocr_carea' id='block_1_81' title="bbox 180 4626 1754 4702">
    <p class='ocr_par' dir='ltr' id='par_1_81' title="bbox 180 4626 1754 4702">
     <span class='ocr_line' id='line_1_81' title="bbox 180 4626 1754 4702; baseline 0.007 -27"><span class='ocrx_word' id='word_1_676' title='bbox 180 4626 306 4694; x_wconf 80' lang='lat' dir='ltr'><strong>ejus</strong></span> <span class='ocrx_word' id='word_1_677' title='bbox 337 4634 390 4677; x_wconf 90' lang='lat' dir='ltr'><strong>ct</strong></span> <span class='ocrx_word' id='word_1_678' title='bbox 431 4641 549 4693; x_wconf 69' lang='lat' dir='ltr'><strong>qum</strong></span> <span class='ocrx_word' id='word_1_679' title='bbox 594 4642 653 4678; x_wconf 89' lang='lat' dir='ltr'><strong>se</strong></span> <span class='ocrx_word' id='word_1_680' title='bbox 685 4644 808 4680; x_wconf 89' lang='lat' dir='ltr'><strong>cum</strong></span> <span class='ocrx_word' id='word_1_681' title='bbox 843 4629 1124 4697; x_wconf 84' lang='lat' dir='ltr'><strong>Mnstapha</strong></span> <span class='ocrx_word' id='word_1_682' title='bbox 1161 4631 1530 4700; x_wconf 74' lang='lat' dir='ltr'><strong>perfecturum</strong></span> <span class='ocrx_word' id='word_1_683' title='bbox 1569 4648 1754 4702; x_wconf 87' lang='lat' dir='ltr'><strong>spera-</strong></span> 
     </span>
    </p>
   </div>
   <div class='ocr_carea' id='block_1_82' title="bbox 183 4719 1746 4792">
    <p class='ocr_par' dir='ltr' id='par_1_82' title="bbox 183 4719 1746 4792">
     <span class='ocr_line' id='line_1_82' title="bbox 183 4719 1746 4792; baseline 0.004 -20"><span class='ocrx_word' id='word_1_684' title='bbox 183 4719 303 4781; x_wconf 86' lang='lat' dir='ltr'><strong>bat,</strong></span> <span class='ocrx_word' id='word_1_685' title='bbox 337 4725 499 4783; x_wconf 79' lang='lat' dir='ltr'><strong>atque</strong></span> <span class='ocrx_word' id='word_1_686' title='bbox 528 4719 790 4784; x_wconf 79' lang='lat' dir='ltr'><strong>intellexi,</strong></span> <span class='ocrx_word' id='word_1_687' title='bbox 824 4723 876 4774; x_wconf 92' lang='lat' dir='ltr'><strong>in</strong></span> <span class='ocrx_word' id='word_1_688' title='bbox 915 4723 1055 4790; x_wconf 88' lang='lat' dir='ltr'><strong>quod</strong></span> <span class='ocrx_word' id='word_1_689' title='bbox 1089 4724 1394 4791; x_wconf 81' lang='lat' dir='ltr'><strong>periculum</strong></span> <span class='ocrx_word' id='word_1_690' title='bbox 1432 4738 1529 4779; x_wconf 88' lang='lat' dir='ltr'><strong>nos</strong></span> <span class='ocrx_word' id='word_1_691' title='bbox 1559 4726 1746 4792; x_wconf 58' lang='lat' dir='ltr'><strong>praeci-</strong></span> 
     </span>
    </p>
   </div>
   <div class='ocr_carea' id='block_1_83' title="bbox 181 4808 1149 4879">
    <p class='ocr_par' dir='ltr' id='par_1_83' title="bbox 181 4808 1149 4879">
     <span class='ocr_line' id='line_1_83' title="bbox 181 4808 1149 4879; baseline 0.002 -19"><span class='ocrx_word' id='word_1_692' title='bbox 181 4808 414 4877; x_wconf 88' lang='lat' dir='ltr'><strong>pitarint</strong></span> <span class='ocrx_word' id='word_1_693' title='bbox 447 4809 754 4862; x_wconf 87' lang='lat' dir='ltr'><strong>sanctiones</strong></span> <span class='ocrx_word' id='word_1_694' title='bbox 781 4811 1149 4879; x_wconf 65' lang='lat' dir='ltr'><strong>dogmatum.»</strong></span> 
     </span>
    </p>
   </div>
   <div class='ocr_carea' id='block_1_84' title="bbox 263 4899 1752 4976">
    <p class='ocr_par' dir='ltr' id='par_1_84' title="bbox 263 4899 1752 4976">
     <span class='ocr_line' id='line_1_84' title="bbox 263 4899 1752 4976; baseline 0.007 -25"><span class='ocrx_word' id='word_1_695' title='bbox 263 4900 338 4951; x_wconf 85' lang='lat' dir='ltr'><strong>En</strong></span> <span class='ocrx_word' id='word_1_696' title='bbox 370 4899 465 4951; x_wconf 87' lang='lat' dir='ltr'><strong>tibi</strong></span> <span class='ocrx_word' id='word_1_697' title='bbox 495 4900 660 4959; x_wconf 87' lang='lat' dir='ltr'><strong>aliud,</strong></span> <span class='ocrx_word' id='word_1_698' title='bbox 684 4916 792 4967; x_wconf 91' lang='lat' dir='ltr'><strong>quo</strong></span> <span class='ocrx_word' id='word_1_699' title='bbox 817 4902 1174 4956; x_wconf 75' lang='lat' dir='ltr'><strong>continuatur</strong></span> <span class='ocrx_word' id='word_1_700' title='bbox 1199 4905 1419 4974; x_wconf 83' lang='lat' dir='ltr'><strong>gloriosi</strong></span> <span class='ocrx_word' id='word_1_701' title='bbox 1449 4907 1618 4974; x_wconf 86' lang='lat' dir='ltr'><strong>patris</strong></span> <span class='ocrx_word' id='word_1_702' title='bbox 1635 4907 1752 4976; x_wconf 84' lang='lat' dir='ltr'><strong>ejus</strong></span> 
     </span>
    </p>
   </div>
   <div class='ocr_carea' id='block_1_85' title="bbox 179 4991 1753 5063">
    <p class='ocr_par' dir='ltr' id='par_1_85' title="bbox 179 4991 1753 5063">
     <span class='ocr_line' id='line_1_85' title="bbox 179 4991 1753 5063; baseline 0.004 -18"><span class='ocrx_word' id='word_1_703' title='bbox 179 4991 500 5045; x_wconf 77' lang='lat' dir='ltr'><strong>censilium.</strong></span> <span class='ocrx_word' id='word_1_704' title='bbox 534 4991 824 5060; x_wconf 82' lang='lat' dir='ltr'><strong>Postquam</strong></span> <span class='ocrx_word' id='word_1_705' title='bbox 861 4994 924 5046; x_wconf 90' lang='lat' dir='ltr'><strong>ad</strong></span> <span class='ocrx_word' id='word_1_706' title='bbox 956 4995 1223 5062; x_wconf 82' lang='lat' dir='ltr'><strong>synodum</strong></span> <span class='ocrx_word' id='word_1_707' title='bbox 1269 4998 1538 5063; x_wconf 79' lang='lat' dir='ltr'><strong>proficisci</strong></span> <span class='ocrx_word' id='word_1_708' title='bbox 1567 4997 1753 5051; x_wconf 60' lang='lat' dir='ltr'><strong>decrev</strong></span> 
     </span>
    </p>
   </div>
   <div class='ocr_carea' id='block_1_86' title="bbox 180 5082 1749 5151">
    <p class='ocr_par' dir='ltr' id='par_1_86' title="bbox 180 5082 1749 5151">
     <span class='ocr_line' id='line_1_86' title="bbox 180 5082 1749 5151; baseline 0.004 -16"><span class='ocrx_word' id='word_1_709' title='bbox 180 5085 285 5143; x_wconf 85' lang='lat' dir='ltr'><strong>vit,</strong></span> <span class='ocrx_word' id='word_1_710' title='bbox 331 5082 398 5134; x_wconf 88' lang='lat' dir='ltr'><strong>ad</strong></span> <span class='ocrx_word' id='word_1_711' title='bbox 435 5097 671 5135; x_wconf 86' lang='lat' dir='ltr'><strong>ameram</strong></span> <span class='ocrx_word' id='word_1_712' title='bbox 705 5083 914 5151; x_wconf 85' lang='lat' dir='ltr'><strong>legatus</strong></span> <span class='ocrx_word' id='word_1_713' title='bbox 945 5086 1146 5140; x_wconf 89' lang='lat' dir='ltr'><strong>missus</strong></span> <span class='ocrx_word' id='word_1_714' title='bbox 1173 5095 1255 5140; x_wconf 88' lang='lat' dir='ltr'><strong>est</strong></span> <span class='ocrx_word' id='word_1_715' title='bbox 1291 5087 1635 5142; x_wconf 80' lang='lat' dir='ltr'><strong>Andronicus</strong></span> <span class='ocrx_word' id='word_1_716' title='bbox 1663 5090 1749 5142; x_wconf 82' lang='lat' dir='ltr'><strong>la-</strong></span> 
     </span>
    </p>
   </div>
   <div class='ocr_carea' id='block_1_87' title="bbox 182 5173 1752 5243">
    <p class='ocr_par' dir='ltr' id='par_1_87' title="bbox 182 5173 1752 5243">
     <span class='ocr_line' id='line_1_87' title="bbox 182 5173 1752 5243; baseline 0.005 -19"><span class='ocrx_word' id='word_1_717' title='bbox 182 5189 344 5243; x_wconf 83' lang='lat' dir='ltr'><strong>grus,</strong></span> <span class='ocrx_word' id='word_1_718' title='bbox 381 5173 470 5242; x_wconf 86' lang='lat' dir='ltr'><strong>qui</strong></span> <span class='ocrx_word' id='word_1_719' title='bbox 504 5173 556 5225; x_wconf 92' lang='lat' dir='ltr'><strong>id</strong></span> <span class='ocrx_word' id='word_1_720' title='bbox 591 5174 662 5226; x_wconf 90' lang='lat' dir='ltr'><strong>illi</strong></span> <span class='ocrx_word' id='word_1_721' title='bbox 709 5185 964 5243; x_wconf 88' lang='lat' dir='ltr'><strong>tanquam</strong></span> <span class='ocrx_word' id='word_1_722' title='bbox 1006 5177 1180 5230; x_wconf 81' lang='lat' dir='ltr'><strong>amico</strong></span> <span class='ocrx_word' id='word_1_723' title='bbox 1216 5187 1270 5231; x_wconf 88' lang='lat' dir='ltr'><strong>et</strong></span> <span class='ocrx_word' id='word_1_724' title='bbox 1317 5177 1469 5230; x_wconf 81' lang='lat' dir='ltr'><strong>fratri</strong></span> <span class='ocrx_word' id='word_1_725' title='bbox 1501 5179 1752 5233; x_wconf 84' lang='lat' dir='ltr'><strong>videlicet</strong></span> 
     </span>
    </p>
   </div>
   <div class='ocr_carea' id='block_1_88' title="bbox 183 5265 1750 5338">
    <p class='ocr_par' dir='ltr' id='par_1_88' title="bbox 183 5265 1750 5338">
     <span class='ocr_line' id='line_1_88' title="bbox 183 5265 1750 5338; baseline 0.001 -17"><span class='ocrx_word' id='word_1_726' title='bbox 183 5265 548 5335; x_wconf 74' lang='lat' dir='ltr'><strong>signiﬁcaret.</strong></span> <span class='ocrx_word' id='word_1_727' title='bbox 597 5265 899 5334; x_wconf 77' lang='lat' dir='ltr'><strong>Respondit</strong></span> <span class='ocrx_word' id='word_1_728' title='bbox 941 5283 1176 5334; x_wconf 88' lang='lat' dir='ltr'><strong>ameras,</strong></span> <span class='ocrx_word' id='word_1_729' title='bbox 1207 5285 1314 5322; x_wconf 91' lang='lat' dir='ltr'><strong>non</strong></span> <span class='ocrx_word' id='word_1_730' title='bbox 1346 5269 1450 5323; x_wconf 90' lang='lat' dir='ltr'><strong>sibi</strong></span> <span class='ocrx_word' id='word_1_731' title='bbox 1506 5271 1750 5338; x_wconf 82' lang='lat' dir='ltr'><strong>probari,</strong></span> 
     </span>
    </p>
   </div>
   <div class='ocr_carea' id='block_1_89' title="bbox 181 5358 1749 5427">
    <p class='ocr_par' dir='ltr' id='par_1_89' title="bbox 181 5358 1749 5427">
     <span class='ocr_line' id='line_1_89' title="bbox 181 5358 1749 5427; baseline 0.003 -16"><span class='ocrx_word' id='word_1_732' title='bbox 181 5373 313 5411; x_wconf 89' lang='lat' dir='ltr'><strong>cum</strong></span> <span class='ocrx_word' id='word_1_733' title='bbox 344 5358 517 5416; x_wconf 83' lang='lat' dir='ltr'><strong>abire.</strong></span> <span class='ocrx_word' id='word_1_734' title='bbox 539 5368 796 5427; x_wconf 89' lang='lat' dir='ltr'><strong>tantoque</strong></span> <span class='ocrx_word' id='word_1_735' title='bbox 821 5360 1200 5413; x_wconf 85' lang='lat' dir='ltr'><strong>labore‘semet</strong></span> <span class='ocrx_word' id='word_1_736' title='bbox 1231 5362 1515 5416; x_wconf 83' lang='lat' dir='ltr'><strong>coniicere.</strong></span> <span class='ocrx_word' id='word_1_737' title='bbox 1557 5382 1575 5413; x_wconf 71' lang='grc' dir='ltr'><strong>α</strong></span> <span class='ocrx_word' id='word_1_738' title='bbox 1610 5362 1749 5427; x_wconf 84' lang='lat' dir='ltr'><strong>Quid</strong></span> 
     </span>
    </p>
   </div>
   <div class='ocr_carea' id='block_1_90' title="bbox 181 5445 1753 5522">
    <p class='ocr_par' dir='ltr' id='par_1_90' title="bbox 181 5445 1753 5522">
     <span class='ocr_line' id='line_1_90' title="bbox 181 5445 1753 5522; baseline 0.003 -22"><span class='ocrx_word' id='word_1_739' title='bbox 181 5447 360 5510; x_wconf 89' lang='lat' dir='ltr'><strong>enim,</strong></span> <span class='ocrx_word' id='word_1_740' title='bbox 401 5464 419 5496; x_wconf 72' lang='grc' dir='ltr'><strong>ι</strong></span> <span class='ocrx_word' id='word_1_741' title='bbox 460 5445 656 5515; x_wconf 88' lang='lat' dir='ltr'><strong>inquit.</strong></span> <span class='ocrx_word' id='word_1_742' title='bbox 693 5466 709 5497; x_wconf 77' lang='grc' dir='ltr'><strong>ι</strong></span> <span class='ocrx_word' id='word_1_743' title='bbox 749 5447 873 5501; x_wconf 87' lang='lat' dir='ltr'><strong>inde</strong></span> <span class='ocrx_word' id='word_1_744' title='bbox 900 5451 1250 5503; x_wconf 85' lang='lat' dir='ltr'><strong>emolumenti</strong></span> <span class='ocrx_word' id='word_1_745' title='bbox 1284 5451 1753 5522; x_wconf 69' lang='lat' dir='ltr'><strong>reportabitYEgo</strong></span> 
     </span>
    </p>
   </div>
   <div class='ocr_carea' id='block_1_91' title="bbox 185 5536 1754 5605">
    <p class='ocr_par' dir='ltr' id='par_1_91' title="bbox 185 5536 1754 5605">
     <span class='ocr_line' id='line_1_91' title="bbox 185 5536 1754 5605; baseline 0.004 -15"><span class='ocrx_word' id='word_1_746' title='bbox 185 5548 397 5600; x_wconf 88' lang='lat' dir='ltr'><strong>tamen,</strong></span> <span class='ocrx_word' id='word_1_747' title='bbox 425 5536 469 5591; x_wconf 88' lang='lat' dir='ltr'><strong>si</strong></span> <span class='ocrx_word' id='word_1_748' title='bbox 497 5538 742 5605; x_wconf 89' lang='lat' dir='ltr'><strong>peonniis</strong></span> <span class='ocrx_word' id='word_1_749' title='bbox 774 5539 838 5592; x_wconf 83' lang='lat' dir='ltr'><strong>ad</strong></span> <span class='ocrx_word' id='word_1_750' title='bbox 873 5540 1078 5593; x_wconf 88' lang='lat' dir='ltr'><strong>abitum</strong></span> <span class='ocrx_word' id='word_1_751' title='bbox 1105 5541 1408 5596; x_wconf 81' lang='lat' dir='ltr'><strong>etreditum</strong></span> <span class='ocrx_word' id='word_1_752' title='bbox 1429 5541 1510 5594; x_wconf 88' lang='lat' dir='ltr'><strong>vel</strong></span> <span class='ocrx_word' id='word_1_753' title='bbox 1535 5541 1600 5594; x_wconf 91' lang='lat' dir='ltr'><strong>ad</strong></span> <span class='ocrx_word' id='word_1_754' title='bbox 1620 5541 1754 5597; x_wconf 84' lang='lat' dir='ltr'><strong>alios</strong></span> 
     </span>
    </p>
   </div>
   <div class='ocr_carea' id='block_1_92' title="bbox 188 5628 1754 5699">
    <p class='ocr_par' dir='ltr' id='par_1_92' title="bbox 188 5628 1754 5699">
     <span class='ocr_line' id='line_1_92' title="bbox 188 5628 1754 5699; baseline 0.005 -20"><span class='ocrx_word' id='word_1_755' title='bbox 188 5642 329 5684; x_wconf 78' lang='lat' dir='ltr'><strong>usus</strong></span> <span class='ocrx_word' id='word_1_756' title='bbox 360 5628 585 5699; x_wconf 85' lang='lat' dir='ltr'><strong>indiget,</strong></span> <span class='ocrx_word' id='word_1_757' title='bbox 628 5641 849 5697; x_wconf 90' lang='lat' dir='ltr'><strong>paratus</strong></span> <span class='ocrx_word' id='word_1_758' title='bbox 902 5647 1021 5685; x_wconf 88' lang='lat' dir='ltr'><strong>sum</strong></span> <span class='ocrx_word' id='word_1_759' title='bbox 1055 5633 1101 5685; x_wconf 88' lang='lat' dir='ltr'><strong>ei</strong></span> <span class='ocrx_word' id='word_1_760' title='bbox 1141 5648 1482 5687; x_wconf 88' lang='lat' dir='ltr'><strong>succurrere.</strong></span> <span class='ocrx_word' id='word_1_761' title='bbox 1513 5652 1531 5684; x_wconf 76' lang='grc' dir='ltr'><strong>ι</strong></span> <span class='ocrx_word' id='word_1_762' title='bbox 1572 5633 1754 5687; x_wconf 81' lang='lat' dir='ltr'><strong>Multis</strong></span> 
     </span>
    </p>
   </div>
   <div class='ocr_carea' id='block_1_93' title="bbox 187 5719 1753 5794">
    <p class='ocr_par' dir='ltr' id='par_1_93' title="bbox 187 5719 1753 5794">
     <span class='ocr_line' id='line_1_93' title="bbox 187 5719 1753 5794; baseline 0.004 -21"><span class='ocrx_word' id='word_1_763' title='bbox 187 5719 389 5775; x_wconf 88' lang='lat' dir='ltr'><strong>deinde</strong></span> <span class='ocrx_word' id='word_1_764' title='bbox 444 5723 786 5776; x_wconf 84' lang='lat' dir='ltr'><strong>sermonibus</strong></span> <span class='ocrx_word' id='word_1_765' title='bbox 818 5733 870 5776; x_wconf 91' lang='lat' dir='ltr'><strong>et</strong></span> <span class='ocrx_word' id='word_1_766' title='bbox 905 5724 1398 5778; x_wconf 87' lang='lat' dir='ltr'><strong>consultationibus</strong></span> <span class='ocrx_word' id='word_1_767' title='bbox 1431 5725 1629 5794; x_wconf 80' lang='lat' dir='ltr'><strong>agitata</strong></span> <span class='ocrx_word' id='word_1_768' title='bbox 1669 5741 1753 5780; x_wconf 82' lang='lat' dir='ltr'><strong>res</strong></span> 
     </span>
    </p>
   </div>
   <div class='ocr_carea' id='block_1_94' title="bbox 186 5814 1750 5884">
    <p class='ocr_par' dir='ltr' id='par_1_94' title="bbox 186 5814 1750 5884">
     <span class='ocr_line' id='line_1_94' title="bbox 186 5814 1750 5884; baseline 0.003 -20"><span class='ocrx_word' id='word_1_769' title='bbox 186 5819 295 5873; x_wconf 86' lang='lat' dir='ltr'><strong>est,</strong></span> <span class='ocrx_word' id='word_1_770' title='bbox 324 5820 506 5864; x_wconf 88' lang='lat' dir='ltr'><strong>utrum</strong></span> <span class='ocrx_word' id='word_1_771' title='bbox 540 5827 737 5865; x_wconf 76' lang='lat' dir='ltr'><strong>amcrae</strong></span> <span class='ocrx_word' id='word_1_772' title='bbox 767 5814 1073 5868; x_wconf 88' lang='lat' dir='ltr'><strong>auctoritati</strong></span> <span class='ocrx_word' id='word_1_773' title='bbox 1107 5814 1429 5884; x_wconf 86' lang='lat' dir='ltr'><strong>parendum,</strong></span> <span class='ocrx_word' id='word_1_774' title='bbox 1462 5830 1527 5866; x_wconf 93' lang='lat' dir='ltr'><strong>an</strong></span> <span class='ocrx_word' id='word_1_775' title='bbox 1561 5818 1626 5867; x_wconf 92' lang='lat' dir='ltr'><strong>ad</strong></span> <span class='ocrx_word' id='word_1_776' title='bbox 1661 5831 1750 5884; x_wconf 82' lang='lat' dir='ltr'><strong>sy-</strong></span> 
     </span>
    </p>
   </div>
   <div class='ocr_carea' id='block_1_95' title="bbox 187 5899 1750 5973">
    <p class='ocr_par' dir='ltr' id='par_1_95' title="bbox 187 5899 1750 5973">
     <span class='ocr_line' id='line_1_95' title="bbox 187 5899 1750 5973; baseline 0.005 -21"><span class='ocrx_word' id='word_1_777' title='bbox 187 5899 915 5966; x_wconf 80' lang='lat' dir='ltr'><strong>nodumaheundumesset.</strong></span> <span class='ocrx_word' id='word_1_778' title='bbox 963 5906 1213 5959; x_wconf 68' lang='lat' dir='ltr'><strong>Sedenrn</strong></span> <span class='ocrx_word' id='word_1_779' title='bbox 1239 5906 1436 5959; x_wconf 80' lang='lat' dir='ltr'><strong>factum</strong></span> <span class='ocrx_word' id='word_1_780' title='bbox 1480 5915 1581 5969; x_wconf 76' lang='lat' dir='ltr'><strong>est,</strong></span> <span class='ocrx_word' id='word_1_781' title='bbox 1609 5908 1750 5973; x_wconf 86' lang='lat' dir='ltr'><strong>quod</strong></span> 
     </span>
    </p>
   </div>
   <div class='ocr_carea' id='block_1_96' title="bbox 1860 4622 3427 4692">
    <p class='ocr_par' dir='ltr' id='par_1_96' title="bbox 1860 4622 3427 4692">
     <span class='ocr_line' id='line_1_96' title="bbox 1860 4622 3427 4692; baseline -0.001 -16"><span class='ocrx_word' id='word_1_782' title='bbox 1860 4639 1986 4676; x_wconf 91' lang='lat' dir='ltr'><strong>cum</strong></span> <span class='ocrx_word' id='word_1_783' title='bbox 2032 4623 2100 4676; x_wconf 91' lang='lat' dir='ltr'><strong>iis</strong></span> <span class='ocrx_word' id='word_1_784' title='bbox 2131 4637 2195 4678; x_wconf 89' lang='lat' dir='ltr'><strong>ac</strong></span> <span class='ocrx_word' id='word_1_785' title='bbox 2229 4623 2407 4677; x_wconf 61' lang='lat' dir='ltr'><strong>foedus</strong></span> <span class='ocrx_word' id='word_1_786' title='bbox 2445 4631 2694 4688; x_wconf 86' lang='lat' dir='ltr'><strong>servato,</strong></span> <span class='ocrx_word' id='word_1_787' title='bbox 2727 4637 2790 4676; x_wconf 91' lang='lat' dir='ltr'><strong>ac</strong></span> <span class='ocrx_word' id='word_1_788' title='bbox 2820 4622 2985 4677; x_wconf 79' lang='lat' dir='ltr'><strong>facito</strong></span> <span class='ocrx_word' id='word_1_789' title='bbox 3020 4625 3161 4692; x_wconf 91' lang='lat' dir='ltr'><strong>quod</strong></span> <span class='ocrx_word' id='word_1_790' title='bbox 3212 4622 3310 4675; x_wconf 88' lang='lat' dir='ltr'><strong>tibi</strong></span> <span class='ocrx_word' id='word_1_791' title='bbox 3343 4622 3427 4674; x_wconf 93' lang='lat' dir='ltr'><strong>vi-</strong></span> 
     </span>
    </p>
   </div>
   <div class='ocr_carea' id='block_1_97' title="bbox 1860 4715 3426 4778">
    <p class='ocr_par' dir='ltr' id='par_1_97' title="bbox 1860 4715 3426 4778">
     <span class='ocr_line' id='line_1_97' title="bbox 1860 4715 3426 4778; baseline -0.002 -8"><span class='ocrx_word' id='word_1_792' title='bbox 1860 4716 2114 4770; x_wconf 83' lang='lat' dir='ltr'><strong>debitur:</strong></span> <span class='ocrx_word' id='word_1_793' title='bbox 2153 4715 2198 4769; x_wconf 90' lang='lat' dir='ltr'><strong>si</strong></span> <span class='ocrx_word' id='word_1_794' title='bbox 2233 4715 2375 4769; x_wconf 88' lang='lat' dir='ltr'><strong>inter</strong></span> <span class='ocrx_word' id='word_1_795' title='bbox 2423 4729 2520 4769; x_wconf 90' lang='lat' dir='ltr'><strong>eos</strong></span> <span class='ocrx_word' id='word_1_796' title='bbox 2550 4729 2657 4768; x_wconf 92' lang='lat' dir='ltr'><strong>non</strong></span> <span class='ocrx_word' id='word_1_797' title='bbox 2702 4717 3041 4778; x_wconf 82' lang='lat' dir='ltr'><strong>convenerit,</strong></span> <span class='ocrx_word' id='word_1_798' title='bbox 3084 4725 3196 4769; x_wconf 89' lang='lat' dir='ltr'><strong>tum</strong></span> <span class='ocrx_word' id='word_1_799' title='bbox 3228 4715 3426 4768; x_wconf 87' lang='lat' dir='ltr'><strong>melius</strong></span> 
     </span>
    </p>
   </div>
   <div class='ocr_carea' id='block_1_98' title="bbox 1858 4803 3422 4873">
    <p class='ocr_par' dir='ltr' id='par_1_98' title="bbox 1858 4803 3422 4873">
     <span class='ocr_line' id='line_1_98' title="bbox 1858 4803 3422 4873; baseline -0.001 -15"><span class='ocrx_word' id='word_1_800' title='bbox 1858 4806 2040 4858; x_wconf 88' lang='lat' dir='ltr'><strong>evenit</strong></span> <span class='ocrx_word' id='word_1_801' title='bbox 2065 4803 2378 4864; x_wconf 86' lang='lat' dir='ltr'><strong>consilium.</strong></span> <span class='ocrx_word' id='word_1_802' title='bbox 2405 4804 2703 4873; x_wconf 88' lang='lat' dir='ltr'><strong>majoriqne</strong></span> <span class='ocrx_word' id='word_1_803' title='bbox 2725 4805 3054 4858; x_wconf 76' lang='lat' dir='ltr'><strong>confidentia</strong></span> <span class='ocrx_word' id='word_1_804' title='bbox 3075 4805 3264 4865; x_wconf 77' lang='lat' dir='ltr'><strong>facies,</strong></span> <span class='ocrx_word' id='word_1_805' title='bbox 3280 4805 3422 4872; x_wconf 79' lang='lat' dir='ltr'><strong>quod</strong></span> 
     </span>
    </p>
   </div>
   <div class='ocr_carea' id='block_1_99' title="bbox 1861 4893 3429 4965">
    <p class='ocr_par' dir='ltr' id='par_1_99' title="bbox 1861 4893 3429 4965">
     <span class='ocr_line' id='line_1_99' title="bbox 1861 4893 3429 4965; baseline -0.001 -17"><span class='ocrx_word' id='word_1_806' title='bbox 1861 4896 2123 4949; x_wconf 80' lang='lat' dir='ltr'><strong>volueris.</strong></span> <span class='ocrx_word' id='word_1_807' title='bbox 2163 4913 2181 4944; x_wconf 78' lang='grc' dir='ltr'><strong>ι</strong></span> <span class='ocrx_word' id='word_1_808' title='bbox 2240 4893 2355 4949; x_wconf 87' lang='lat' dir='ltr'><strong>Hoc</strong></span> <span class='ocrx_word' id='word_1_809' title='bbox 2393 4895 2682 4949; x_wconf 88' lang='lat' dir='ltr'><strong>consilium</strong></span> <span class='ocrx_word' id='word_1_810' title='bbox 2735 4911 2972 4950; x_wconf 90' lang='lat' dir='ltr'><strong>ameram</strong></span> <span class='ocrx_word' id='word_1_811' title='bbox 3006 4907 3182 4965; x_wconf 68' lang='lat' dir='ltr'><strong>erepto</strong></span> <span class='ocrx_word' id='word_1_812' title='bbox 3243 4896 3429 4964; x_wconf 83' lang='lat' dir='ltr'><strong>prohi-</strong></span> 
     </span>
    </p>
   </div>
   <div class='ocr_carea' id='block_1_100' title="bbox 1863 4985 3425 5058">
    <p class='ocr_par' dir='ltr' id='par_1_100' title="bbox 1863 4985 3425 5058">
     <span class='ocr_line' id='line_1_100' title="bbox 1863 4985 3425 5058; baseline -0.001 -18"><span class='ocrx_word' id='word_1_813' title='bbox 1863 4987 1980 5040; x_wconf 90' lang='lat' dir='ltr'><strong>buit</strong></span> <span class='ocrx_word' id='word_1_814' title='bbox 2007 5003 2020 5050; x_wconf 91' lang='lat'>;</span> <span class='ocrx_word' id='word_1_815' title='bbox 2056 4986 2124 5040; x_wconf 93' lang='lat' dir='ltr'><strong>de</strong></span> <span class='ocrx_word' id='word_1_816' title='bbox 2150 4985 2482 5040; x_wconf 83' lang='lat' dir='ltr'><strong>Cbalilbasia</strong></span> <span class='ocrx_word' id='word_1_817' title='bbox 2512 4999 2716 5050; x_wconf 87' lang='lat' dir='ltr'><strong>autem,</strong></span> <span class='ocrx_word' id='word_1_818' title='bbox 2746 4989 2959 5043; x_wconf 81' lang='lat' dir='ltr'><strong>consilii</strong></span> <span class='ocrx_word' id='word_1_819' title='bbox 2989 4998 3295 5058; x_wconf 84' lang='lat' dir='ltr'><strong>opportune</strong></span> <span class='ocrx_word' id='word_1_820' title='bbox 3326 5003 3425 5040; x_wconf 80' lang='lat' dir='ltr'><strong>au-</strong></span> 
     </span>
    </p>
   </div>
   <div class='ocr_carea' id='block_1_101' title="bbox 1859 5079 2828 5150">
    <p class='ocr_par' dir='ltr' id='par_1_101' title="bbox 1859 5079 2828 5150">
     <span class='ocr_line' id='line_1_101' title="bbox 1859 5079 2828 5150; baseline 0.003 -17"><span class='ocrx_word' id='word_1_821' title='bbox 1859 5089 2034 5139; x_wconf 88' lang='lat' dir='ltr'><strong>ctore.</strong></span> <span class='ocrx_word' id='word_1_822' title='bbox 2066 5079 2170 5131; x_wconf 86' lang='lat' dir='ltr'><strong>alia</strong></span> <span class='ocrx_word' id='word_1_823' title='bbox 2199 5093 2263 5133; x_wconf 80' lang='lat' dir='ltr'><strong>ex</strong></span> <span class='ocrx_word' id='word_1_824' title='bbox 2298 5079 2422 5133; x_wconf 92' lang='lat' dir='ltr'><strong>aliis</strong></span> <span class='ocrx_word' id='word_1_825' title='bbox 2451 5081 2828 5150; x_wconf 90' lang='lat' dir='ltr'><strong>cognovimus.</strong></span> 
     </span>
    </p>
   </div>
   <div class='ocr_carea' id='block_1_102' title="bbox 1933 5170 3426 5240">
    <p class='ocr_par' dir='ltr' id='par_1_102' title="bbox 1933 5170 3426 5240">
     <span class='ocr_line' id='line_1_102' title="bbox 1933 5170 3426 5240; baseline 0.001 -18"><span class='ocrx_word' id='word_1_826' title='bbox 1933 5170 2192 5225; x_wconf 84' lang='lat' dir='ltr'><strong>Dominus</strong></span> <span class='ocrx_word' id='word_1_827' title='bbox 2239 5187 2393 5227; x_wconf 86' lang='lat' dir='ltr'><strong>meus</strong></span> <span class='ocrx_word' id='word_1_828' title='bbox 2441 5172 2626 5240; x_wconf 87' lang='lat' dir='ltr'><strong>igitur,</strong></span> <span class='ocrx_word' id='word_1_829' title='bbox 2659 5173 3056 5227; x_wconf 77' lang='lat' dir='ltr'><strong>Constantinus</strong></span> <span class='ocrx_word' id='word_1_830' title='bbox 3096 5175 3340 5240; x_wconf 85' lang='lat' dir='ltr'><strong>despota,</strong></span> <span class='ocrx_word' id='word_1_831' title='bbox 3373 5182 3426 5225; x_wconf 76' lang='lat' dir='ltr'><strong>rt</strong></span> 
     </span>
    </p>
   </div>
   <div class='ocr_carea' id='block_1_103' title="bbox 1859 5264 3423 5336">
    <p class='ocr_par' dir='ltr' id='par_1_103' title="bbox 1859 5264 3423 5336">
     <span class='ocr_line' id='line_1_103' title="bbox 1859 5264 3423 5336; baseline 0 -20"><span class='ocrx_word' id='word_1_832' title='bbox 1859 5264 2132 5334; x_wconf 88' lang='lat' dir='ltr'><strong>principes</strong></span> <span class='ocrx_word' id='word_1_833' title='bbox 2173 5264 2438 5318; x_wconf 88' lang='lat' dir='ltr'><strong>Thomam</strong></span> <span class='ocrx_word' id='word_1_834' title='bbox 2489 5265 2852 5336; x_wconf 68' lang='lat' dir='ltr'><strong>Palaeologum</strong></span> <span class='ocrx_word' id='word_1_835' title='bbox 2893 5267 3205 5320; x_wconf 77' lang='lat' dir='ltr'><strong>exeitarunt</strong></span> <span class='ocrx_word' id='word_1_836' title='bbox 3257 5279 3423 5334; x_wconf 78' lang='lat' dir='ltr'><strong>atque</strong></span> 
     </span>
    </p>
   </div>
   <div class='ocr_carea' id='block_1_104' title="bbox 1859 5356 3422 5424">
    <p class='ocr_par' dir='ltr' id='par_1_104' title="bbox 1859 5356 3422 5424">
     <span class='ocr_line' id='line_1_104' title="bbox 1859 5356 3422 5424; baseline 0.001 -16"><span class='ocrx_word' id='word_1_837' title='bbox 1859 5356 1926 5409; x_wconf 87' lang='lat' dir='ltr'><strong>ad</strong></span> <span class='ocrx_word' id='word_1_838' title='bbox 1971 5357 2358 5423; x_wconf 75' lang='lat' dir='ltr'><strong>imperatorem</strong></span> <span class='ocrx_word' id='word_1_839' title='bbox 2405 5357 2698 5410; x_wconf 91' lang='lat' dir='ltr'><strong>miserunt.</strong></span> <span class='ocrx_word' id='word_1_840' title='bbox 2739 5356 2945 5409; x_wconf 88' lang='lat' dir='ltr'><strong>Interea</strong></span> <span class='ocrx_word' id='word_1_841' title='bbox 2978 5357 3029 5409; x_wconf 94' lang='lat' dir='ltr'><strong>in</strong></span> <span class='ocrx_word' id='word_1_842' title='bbox 3066 5358 3422 5424; x_wconf 85' lang='lat' dir='ltr'><strong>cogitationes</strong></span> 
     </span>
    </p>
   </div>
   <div class='ocr_carea' id='block_1_105' title="bbox 1860 5447 3420 5518">
    <p class='ocr_par' dir='ltr' id='par_1_105' title="bbox 1860 5447 3420 5518">
     <span class='ocr_line' id='line_1_105' title="bbox 1860 5447 3420 5518; baseline 0.002 -16"><span class='ocrx_word' id='word_1_843' title='bbox 1860 5457 1914 5502; x_wconf 86' lang='lat' dir='ltr'><strong>et</strong></span> <span class='ocrx_word' id='word_1_844' title='bbox 1944 5447 2142 5502; x_wconf 82' lang='lat' dir='ltr'><strong>ﬂuctus</strong></span> <span class='ocrx_word' id='word_1_845' title='bbox 2174 5462 2430 5502; x_wconf 87' lang='lat' dir='ltr'><strong>curarum</strong></span> <span class='ocrx_word' id='word_1_846' title='bbox 2492 5449 2736 5518; x_wconf 86' lang='lat' dir='ltr'><strong>ingentes</strong></span> <span class='ocrx_word' id='word_1_847' title='bbox 2779 5447 3048 5516; x_wconf 87' lang='lat' dir='ltr'><strong>Cpolitani</strong></span> <span class='ocrx_word' id='word_1_848' title='bbox 3088 5449 3420 5506; x_wconf 87' lang='lat' dir='ltr'><strong>inciderunt.</strong></span> 
     </span>
    </p>
   </div>
   <div class='ocr_carea' id='block_1_106' title="bbox 1860 5539 3424 5609">
    <p class='ocr_par' dir='ltr' id='par_1_106' title="bbox 1860 5539 3424 5609">
     <span class='ocr_line' id='line_1_106' title="bbox 1860 5539 3424 5609; baseline -0.001 -15"><span class='ocrx_word' id='word_1_849' title='bbox 1860 5539 1989 5594; x_wconf 84' lang='lat' dir='ltr'><strong>dum</strong></span> <span class='ocrx_word' id='word_1_850' title='bbox 2018 5542 2401 5609; x_wconf 87' lang='lat' dir='ltr'><strong>cognovimus,</strong></span> <span class='ocrx_word' id='word_1_851' title='bbox 2429 5539 2571 5609; x_wconf 85' lang='lat' dir='ltr'><strong>quod</strong></span> <span class='ocrx_word' id='word_1_852' title='bbox 2608 5541 2867 5605; x_wconf 90' lang='lat' dir='ltr'><strong>obtinuit,</strong></span> <span class='ocrx_word' id='word_1_853' title='bbox 2897 5541 3189 5594; x_wconf 85' lang='lat' dir='ltr'><strong>consilium</strong></span> <span class='ocrx_word' id='word_1_854' title='bbox 3220 5541 3424 5593; x_wconf 78' lang='lat' dir='ltr'><strong>Chalil—</strong></span> 
     </span>
    </p>
   </div>
   <div class='ocr_carea' id='block_1_107' title="bbox 1863 5631 3426 5700">
    <p class='ocr_par' dir='ltr' id='par_1_107' title="bbox 1863 5631 3426 5700">
     <span class='ocr_line' id='line_1_107' title="bbox 1863 5631 3426 5700; baseline -0.001 -14"><span class='ocrx_word' id='word_1_855' title='bbox 1863 5633 2052 5688; x_wconf 63' lang='lat' dir='ltr'><strong>basim.</strong></span> <span class='ocrx_word' id='word_1_856' title='bbox 2098 5631 2253 5686; x_wconf 82' lang='lat' dir='ltr'><strong>Vides</strong></span> <span class='ocrx_word' id='word_1_857' title='bbox 2281 5632 2416 5698; x_wconf 80' lang='lat' dir='ltr'><strong>jam,</strong></span> <span class='ocrx_word' id='word_1_858' title='bbox 2449 5633 2593 5700; x_wconf 88' lang='lat' dir='ltr'><strong>quod</strong></span> <span class='ocrx_word' id='word_1_859' title='bbox 2633 5647 2797 5700; x_wconf 86' lang='lat' dir='ltr'><strong>supra</strong></span> <span class='ocrx_word' id='word_1_860' title='bbox 2839 5631 2972 5691; x_wconf 80' lang='lat' dir='ltr'><strong>dixi.</strong></span> <span class='ocrx_word' id='word_1_861' title='bbox 3009 5641 3224 5698; x_wconf 83' lang='lat' dir='ltr'><strong>propter</strong></span> <span class='ocrx_word' id='word_1_862' title='bbox 3247 5641 3426 5686; x_wconf 85' lang='lat' dir='ltr'><strong>tantas</strong></span> 
     </span>
    </p>
   </div>
   <div class='ocr_carea' id='block_1_108' title="bbox 1864 5722 3283 5793">
    <p class='ocr_par' dir='ltr' id='par_1_108' title="bbox 1864 5722 3283 5793">
     <span class='ocr_line' id='line_1_108' title="bbox 1864 5722 3283 5793; baseline -0.001 -16"><span class='ocrx_word' id='word_1_863' title='bbox 1864 5723 2192 5777; x_wconf 69' lang='lat' dir='ltr'><strong>offensiones</strong></span> <span class='ocrx_word' id='word_1_864' title='bbox 2229 5738 2333 5776; x_wconf 92' lang='lat' dir='ltr'><strong>non</strong></span> <span class='ocrx_word' id='word_1_865' title='bbox 2366 5724 2621 5777; x_wconf 89' lang='lat' dir='ltr'><strong>debuisse</strong></span> <span class='ocrx_word' id='word_1_866' title='bbox 2655 5724 2918 5793; x_wconf 86' lang='lat' dir='ltr'><strong>synodum</strong></span> <span class='ocrx_word' id='word_1_867' title='bbox 2953 5724 3106 5776; x_wconf 76' lang='lat' dir='ltr'><strong>istam</strong></span> <span class='ocrx_word' id='word_1_868' title='bbox 3145 5722 3283 5776; x_wconf 82' lang='lat' dir='ltr'><strong>ﬁeri.</strong></span> 
     </span>
    </p>
   </div>
   <div class='ocr_carea' id='block_1_109' title="bbox 1894 5813 3420 5884">
    <p class='ocr_par' dir='ltr' id='par_1_109' title="bbox 1894 5813 3420 5884">
     <span class='ocr_line' id='line_1_109' title="bbox 1894 5813 3420 5884; baseline -0.001 -17"><span class='ocrx_word' id='word_1_869' title='bbox 1894 5830 1896 5832; x_wconf 69' lang='lat'><strong>&#39;</strong></span> <span class='ocrx_word' id='word_1_870' title='bbox 1932 5815 2036 5868; x_wconf 87' lang='lat' dir='ltr'><strong>lter</strong></span> <span class='ocrx_word' id='word_1_871' title='bbox 2065 5813 2409 5882; x_wconf 91' lang='lat' dir='ltr'><strong>imperatoris</strong></span> <span class='ocrx_word' id='word_1_872' title='bbox 2433 5815 2582 5884; x_wconf 84' lang='lat' dir='ltr'><strong>Cpoli</strong></span> <span class='ocrx_word' id='word_1_873' title='bbox 2623 5817 2676 5868; x_wconf 93' lang='lat' dir='ltr'><strong>in</strong></span> <span class='ocrx_word' id='word_1_874' title='bbox 2712 5815 2916 5868; x_wconf 90' lang='lat' dir='ltr'><strong>Italiam</strong></span> <span class='ocrx_word' id='word_1_875' title='bbox 2955 5814 3181 5876; x_wconf 81' lang='lat' dir='ltr'><strong>factum,</strong></span> <span class='ocrx_word' id='word_1_876' title='bbox 3214 5825 3272 5867; x_wconf 89' lang='lat' dir='ltr'><strong>nt</strong></span> <span class='ocrx_word' id='word_1_877' title='bbox 3309 5831 3420 5867; x_wconf 85' lang='lat' dir='ltr'><strong>t‘cm</strong></span> 
     </span>
    </p>
   </div>
   <div class='ocr_carea' id='block_1_110' title="bbox 1864 5907 3426 5978">
    <p class='ocr_par' dir='ltr' id='par_1_110' title="bbox 1864 5907 3426 5978">
     <span class='ocr_line' id='line_1_110' title="bbox 1864 5907 3426 5978; baseline 0.001 -18"><span class='ocrx_word' id='word_1_878' title='bbox 1864 5920 2343 5974; x_wconf 77' lang='lat' dir='ltr'><strong>supervacaneam,</strong></span> <span class='ocrx_word' id='word_1_879' title='bbox 2405 5907 2599 5963; x_wconf 88' lang='lat' dir='ltr'><strong>litteris</strong></span> <span class='ocrx_word' id='word_1_880' title='bbox 2642 5908 2874 5973; x_wconf 83' lang='lat' dir='ltr'><strong>tradere,</strong></span> <span class='ocrx_word' id='word_1_881' title='bbox 2905 5908 3029 5978; x_wconf 81' lang='lat' dir='ltr'><strong>quia</strong></span> <span class='ocrx_word' id='word_1_882' title='bbox 3065 5909 3282 5976; x_wconf 85' lang='lat' dir='ltr'><strong>longum</strong></span> <span class='ocrx_word' id='word_1_883' title='bbox 3317 5915 3426 5970; x_wconf 79' lang='lat' dir='ltr'><strong>est,</strong></span> 
     </span>
    </p>
   </div>
  </div>
