4134 6452
233 418 338 480 801

1277 408 1722 471 CHRONICQN
1771 407 2040 468 MAJUS.
2085 407 2321 471 -LlB.
2368 409 2450 469 ΙΙ.

3350 413 3455 478 80?.

234 532 320 590 εἰς
348 526 603 597 Εὕριπον-
636 528 732 579 καὶ
769 525 843 596 μὴ
868 523 1046 593 εὑρὼν
1094 521 1192 585 τὰς
1232 523 1481 592 τριήρεις
1515 519 1582 571 δι’
1626 518 1789 572 άλλου
1820 522 1864 578 Α
1892 519 1995 581 ἕως
2031 522 2217 583 τέλους
2247 520 2429 574 ἔσεται
2461 523 2539 584 είς
2589 523 2734 591 ἡμᾶς
2768 526 2860 576 καὶ
2890 521 3000 593 ἐγὼ
3027 522 3452 593 ἐπαναστρέψω,

235 620 546 686 πλευσίμου
581 620 662 680 είς
722 617 944 685 Λῆμνον
993 614 1280 677 άπέσωσα,
1341 601 1567 665 κάκεῖσε
1619 609 1799 677 εὑρὼν

235 712 469 779 τριήρην
497 708 619 761 τινὰ
643 707 933 776 βασιλικὴν
962 702 1255 772 ἀπεσώθην
1315 702 1396 763 είς
1448 701 1801 752 Κωνσταντι-

237 801 496 854 νούπολιν
523 800 665 852 κατὰ
690 799 788 868 τὴν
815 797 987 867 ἀρχὴν
1016 795 1110 848 τοῦ
1140 793 1447 864 Νπμϐρίου
1496 789 1589 843 τοῦ
1609 780 1802 855 ,ςῇνγ’

235 892 417 954 ἔτους.

310 982 417 1034 Καὶ
446 981 525 1048 τῷ
556 978 704 1048 αὐτῷ
737 976 886 1046 μηνὶ,
919 974 1208 1043 ἑνδεκάτῃ,
1242 975 1270 1025 ὁ
1306 972 1409 1042 ρὴξ
1441 972 1540 1040 τῆς
1580 971 1799 1037 Οὐγγα-

242 1075 371 1144 ρίας
396 1071 714 1140 ἀπεκτάνθη
751 1072 906 1139 παρὰ
944 1068 1039 1121 τοῦ
1072 1067 1265 1137 ἁμηρᾶ
1311 1066 1390 1128 είς
1421 1069 1520 1133 τὴν
1563 1064 1798 1133 Βάρναν,

236 1165 670 1233 τοιουτοτρόπως
720 1160 1187 1231 συγκροτηθέντος
1241 1158 1336 1211 τοῦ
1405 1156 1645 1225 πολέμου
1694 1154 1799 1208 ἀνὰ

236 1260 352 1311 τῶν
379 1256 642 1327 υῦγγρων
685 1257 778 1308 καὶ
817 1255 1098 1322 Τούρκων.
1138 1250 1199 1306 Ὀ
1224 1252 1318 1304 τοῦ
1356 1250 1527 1319 ῥηγὺς
1572 1248 1801 1317 στρατδς

240 1354 501 1421 ὑπερεῖχε
533 1349 674 1403 κατὰ
702 1348 903 1411 πάντα,
930 1348 960 1399 ὁ
986 1346 1043 1397 δὲ
1095 1345 1359 1413 Τούρκων
1393 1341 1555 1411 198
1580 1341 1801 1409 άμηρᾶς

239 1447 339 1498 καὶ⁵
393 1446 541 1497 πᾶσα
595 1444 626 1512 ἡ
691 1439 970 1511 συμϐουλὴ
1024 1438 1189 1490 αὐτοῦ
1236 1434 1463 1506 ἐζήτουν
1514 1431 1797 1500 εὐκαιρίαν

238 1537 621 1606 ἀναχωρῆσαι,
651 1536 700 1587 εί
742 1532 967 1586 δυνατὸν
1001 1526 1067 1601 ἦν
1094 1546 1108 1562 ·
1139 1529 1307 1590 πολὺς
1350 1529 1458 1595 γὰρ
1503 1525 1664 1594 φίϐος
1705 1525 1799 1575 καὶ

237 1630 443 1697 τρόμος
469 1626 727 1679 ἐνέπεσεν
750 1626 841 1676 ἐπὶ
860 1625 986 1685 τοὺς
1039 1620 1278 1682 ἀσεϐεῖς.
1314 1618 1381 1673 Οἱ
1410 1619 1467 1670 δὲ
1503 1616 1599 1669 τοῦ
1651 1615 1797 1681 053/-

238 1734 382 1789 γρου
438 1718 502 1768 ὲκ
560 1712 872 1766 τούναντίου
923 1710 1063 1782 μετὰ
1100 1711 1273 1779 χαρᾶς
1326 1708 1415 1760 καὶ
1463 1707 1664 1775 τόλμης
1707 1707 1801 1758 καὶ

242 1808 470 1878 ἀνδρίας
502 1805 816 1875 θαρσαλέως
845 1805 1195 1872 ἑστήκεισαν,
1254 1798 1564 1862 ἐλπίζοντες
1594 1798 1677 1850 ἶνα
1700 1801 1799 1866 τῆς

242 1898 403 1966 νίκης
425 1897 629 1964 τύχωσι
654 1894 747 1946 καὶ
778 1892 871 1945 τὸν
898 1890 1121 1961 άμηρᾶν
1153 1887 1250 1940 καὶ
1281 1888 1489 1948 πάντας
1526 1886 1652 1945 τοὺς
1696 1884 1797 1935 αὐ-

242 1988 342 2042 τοῦ
366 1985 874 2057 αίχμαλωτίσωσιν.
922 1982 1048 2036 Ἐπὶ
1083 1981 1141 2033 δὲ
1173 1979 1269 2049 τὴν
1314 1976 1505 2047 αὔριον
1551 1974 1799 2036 θέλοντες

238 2080 291 2131 ot
323 2077 599 2148 Οῠγγαροι
628 2076 718 2129 ῐνα
744 2075 835 2127 τὸν
864 2073 1102 2141 πόλεμον
1138 2072 1476 2141 κροτήσωσι,
1538 2071 1629 2120 καὶ
1676 2068 1801 2137 βου·

241 2169 345 2239 λῆς
375 2169 674 2237 γενομένης
706 2167 810 2219 ἀνὰ
841 2164 1044 2229 αὐτῶν,
1067 2165 1095 2216 ὁ
1129 2162 1233 2233 me
1285 2161 1378 2214 καὶ
1432 2158 1610 2229 ἕτεροί
1658 2174 1801 2220 τινες

241 2262 520 2330 διέκρινον
550 2260 802 2327 λέγοντες
826 2257 913 2311 ἵνα
942 2255 1267 2323 αὐτομάτως
1292 2254 1320 2306 6
1364 2250 1467 2323 ρὴξ
1506 2250 1597 2301 τὸν
1648 2249 1805 2310 πόλε-

247 2368 352 2421 μον
382 2348 592 2421 συνάψῃ
621 2348 715 2401 καὶ
739 2346 844 2407 ἕως
869 2346 965 2415 τῆς
992 2344 1200 2412 σκηνῆς
1227 2341 1320 2399 τοῦ
1382 2338 1595 2409 άμηρᾶ,
1633 2340 1681 2391 εί
1712 2338 1803 2391 δύ-

244 2458 422 2504 ναιτο,
456 2440 663 2509 φθάσῃ,
688 2436 896 2505 ὅπωςή
934 2436 1093 2504 φήμη
1121 2433 1221 2501 τῆς
1260 2431 1415 2501 νίκης
1447 2432 1539 2483 καὶ
1587 2430 1684 2499 τῆς
1718 2430 1805 2481 ἀν-

241 2530 403 2602 δρίας
443 2530 609 2583 αὐτοῦ
637 2525 887 2598 κηρυχθῇ
915 2527 975 2579 ἐν
1004 2525 1082 2597 τῷ
1112 2526 1331 2594 κόσμῳ’
1365 2523 1545 2593 ῥᾴδιον
1568 2522 1674 2591 γὰρ
1707 2522 1805 2575 καὶ

244 2626 305 2676 ὲν
336 2621 556 2692 εὐκολίᾳ
577 2618 883 2687 ἐλογίζοντο
934 2619 1035 2689 τὴν
1079 2616 1237 2687 νίκην
1291 2616 1413 2669 καθ’
1456 2613 1706 2676 ἑαυτούς.
1747 2614 1805 2665 Ὀ

248 2715 311 2766 δὲ
363 2715 582 2781 Ἰαγκος
621 2715 649 2765 ὁ
683 2712 779 2765 καὶ
816 2709 1159 2779 κυϐερνήτης
1192 2707 1360 2761 αὐτοῦ
1415 2705 1489 2767 ὡς
1545 2705 1807 2775 φρόνιμος

251 2808 354 2858 καὶ
386 2805 699 2875 πρακτικὸς
758 2803 817 2856 ἐν
876 2800 1136 2870 πολέμοις
1185 2799 1256 2852 τὰ
1318 2798 1539 2850 ἐναντία
1596 2796 1808 2867 φρονῶν

252 2899 439 2964 ἔλεγε·
473 2914 493 2947 t
531 2896 641 2965 Τῆς
672 2893 843 2963 τύχης
866 2891 928 2945 τὸ
959 2893 1193 2945 ἄστατον
1236 2888 1414 2951 οὐδεὶς
1471 2882 1614 2941 οἵδε·
1649 2888 1729 2940 διὸ
1773 2888 1807 2958 ἠ

254 2988 511 3061 βασιλεία
547 3004 639 3040 σου
670 2986 771 3038 οὐκ
818 2985 966 3036 ἐστιν
1002 2984 1217 3051 ἀνάγκη
1269 2980 1358 3033 ἶνα
1384 2980 1642 3041 τοιούτως
1691 2979 1810 3031 ἐπι-

248 3080 557 3153 χειρισθῇς.
602 3076 970 3132 Ἐπικίνδυνόν
1000 3078 1114 3128 ἐστι
1135 3075 1194 3127 τὸ
1226 3076 1484 3143 πρᾶγμα.
1529 3071 1667 3124 Ἀλλ’
1698 3070 1808 3139 ἐγὼ

1898 610 2027 673 δόξα
2055 610 2130 679 τῷ
2162 611 2303 679 Θεῷ,
2339 613 2370 679 ἡ
2405 613 2530 680 νίκη
2554 616 2618 683 τῇ
2647 614 3022 684 βασιλείῳσοῦ
3065 617 3184 671 ἔστι
3214 619 3302 670 καὶ
3333 618 3457 669 ἐσε-

1906 704 2109 757 ταιέί
2167 703 2224 756 δὲ
2262 704 2612 763 ἀποκτανθῶ,
2667 707 2827 760 οὐδέν
2878 708 2995 760 ἐστι
3060 711 3122 761 τὸ
3165 709 3459 777 ἐμποδίζον

1905 793 2071 861 ὑμᾶς.
2116 794 2451 862 Ἐμϐλέᾤατε
2492 796 2589 863 τὴν
2620 797 2819 863 γνῶσιν
2854 799 2945 850 τοῦ
2982 798 3180 865 ὄφεως,
3235 800 3295 862 ὃς
3325 802 3461 853 πάνι-

1905 896 2026 932 τοτε
2052 880 2152 948 τὴν
2185 882 2426 950 κεφαλὴν
2449 886 2667 935 σκέπων
2692 886 2813 937 ὅλον
2868 888 2926 939 τὸ
2966 887 3126 956 σῶμα
3186 888 3417 955 ὑγιαίνει
3441 906 3455 921 '

1904 973 2033 1025 εἰδὲ
2070 973 2251 1041 πληγῇ
2278 976 2309 1042 ἠ
2335 976 2565 1045 κεφαλὴ,
2596 978 2715 1029 ὅλον
2747 978 2907 1049 199
2947 981 3006 1031 τὸ
3036 980 3193 1047 σῶμα
3230 981 3463 1033 ἀπόλλυ-

1904 1080 2015 1117 ται.
2063 1064 2335 1127 Τοιούτως
2364 1068 2462 1133 καὶ.
2490 1070 2537 1117 εἰ
2572 1069 2604 1134 ἡ
2640 1066 2887 1134 βασιλεία
2954 1087 3046 1121 σου
3088 1073 3462 1141 ἐπιχειρισθῇς

1903 1159 1995 1209 καὶ
2018 1157 2323 1210 τούναντίον
2362 1160 2565 1227 συμϐῇ,
2600 1160 2626 1210 ὃ
2655 1160 2843 1227 δέομαι
2871 1160 2963 1212 τοῦ
2999 1163 3201 1229 Κυρίου
3253 1181 3355 1229 μου
3386 1164 3463 1234 μὴ

1904 1247 2147 1315 γένοιτο,“
2170 1251 2369 1313 πάντες
2400 1254 2559 1319 ἡμεῖς
2608 1253 2901 1320 προφανῶς
2933 1253 3303 1328 ᾁπολλῠμεθα.
3343 1274 3362 1306 ι
3401 1257 3462 1307 ὐ

1902 1338 1957 1389 δὲ
1991 1340 2091 1407 ρὴξ
2126 1342 2202 1409 μὴ
2259 1343 2473 1410 δεχθεὶς
2520 1342 2620 1412 τὴν
2686 1344 2781 1396 τοῦ
2857 1345 3069 1409 Ίάγκου
3126 1345 3340 1414 βουλὴν,
3382 1347 3462 1414 τῷ

1905 1431 2050 1507 πριιῒ
2088 1435 2560 1503 συγκροτηθέντος
2586 1439 2827 1505 πολέμου
2855 1439 3077 1506 ἰσχυροῦ
3110 1440 3203 1491 καὶ
3229 1440 3461 1509 φοϐεροῦ

1905 1526 1997 1577 καὶ
2028 1523 2198 1593 πολλὴ
2223 1526 2589 1594 αίματοχυσία
2621 1527 2716 1579 καὶ
2750 1529 2931 1598 σφαγὴ
2962 1530 3024 1579 ἐκ
3055 1529 3149 1581 τοῦ
3173 1531 3277 1581 τῶν
3293 1530 3463 1599 Τούρ-

1904 1633 2016 1669 νων
2042 1618 2243 1686 μέρους
2275 1618 2544 1687 ἐγεγόνει.
2584 1621 2644 1672 '0
2685 1623 2740 1673 δὲ
2791 1620 2891 1691 ehi
2925 1622 3130 1688 φθάσας
3170 1622 3328 1693 ἄχρις
3373 1625 3463 1687 ἐγ·-

1905 1712 2004 1775 γὺς
2036 1711 2133 1778 τῆς
2189 1711 2392 1779 σκηνῆς
2437 1711 2526 1763 τοῦ
2581 1713 2798 1781 άμηρᾶ,
2853 1713 3103 1766 ἐϐούλετο
3166 1715 3387 1780 φεύγειν
3433 1715 3461 1766 ὁ

1901 1801 2121 1868 άμηρᾶς
2146 1815 2159 1829 ·
2192 1800 2239 1852 cl
2274 1799 2330 1852 δὲ
2398 1802 2754 1872 ίαννιτζάριοι
2792 1803 2891 1854 οὐκ
2951 1802 3145 1856 είασαν
3197 1804 3378 1868 αὐτὸ-ν,
3414 1806 3462 1856 εί

1902 1894 1995 1945 καὶ
2024 1895 2102 1954 εἰς
2136 1892 2340 1945 δειλίαν
2373 1894 2631 1946 ἐνέπεσεν
2657 1893 2880 1962 θεωρῶν
2906 1895 2997 1947 τὸν
3025 1895 3165 1964 ρἧα
3200 1888 3464 1962 ἀνδρείως

1904 1986 2237 2055 μαχόμενον,
2271 1985 2410 2041 ἀλλὰ
2440 1988 2781 2055 χειροπέδαις
2796 1988 3051 2056 σιδηραῖς
3082 1990 3461 2059 κρατήσαντες

1900 2081 1993 2133 τὸν
2029 2080 2199 2131 ἵππον
2230 2080 2419 2143 αὐτοῦ,
2450 2081 2542 2133 καὶ
2572 2080 2671 2131 οὐκ
2713 2079 2935 2132 ἐδύνατο
2979 2080 3203 2147 φεύγειν
3227 2096 3239 2109 ’
3283 2079 3332 2130 οἳ
3367 2082 3461 2131 καὶ

1901 2174 2240 2241 ἠγωνίσαντο
2259 2173 2509 2241 τίσχυρῶς
2536 2173 2666 2241 περὶ
2692 2172 2790 2240 τῆς
2824 2173 2915 2223 τοῦ
2944 2174 3135 2240 ἀμηρᾶ
3164 2172 3460 2241 σωτηρίας.

1918 2264 1976 2317 ’0
2011 2263 2069 2315 δὲ
2095 2263 2196 2333 ρὴξ
2246 2264 2312 2316 δι’
2340 2262 2507 2331 ἄλλης
2539 2262 2805 2331 ἀνδρείως
2866 2264 3195 2331 μαχόμενος,
3238 2264 3322 2313 ἵνα
3373 2262 3463 2313 τὸν

1904 2353 2126 2422 ἀμηρᾶν
2167 2353 2261 2405 καὶ
2291 2354 2472 2405 πᾶσαν
2499 2352 2597 2422 τὴν
2625 2351 2939 2415 ἀποσκευὴν
2999 2352 3164 2404 αὐτοῦ
3199 2352 3462 2423 κερδήσῃ,

1907 2444 2001 2498 καί
2029 2461 2111 2505 τις
2172 2444 2280 2497 τῶν
2315 2445 2677 2514 ίαννιτζάρων
2738 2443 2979 2513 τοῦνομα
3039 2442 3351 2512 Χαμουζᾶς,
3402 2447 3466 2495 ὲκ

1905 2537 2006 2607 τῆς
2062 2538 2473 2607 Πελοποννήσου
2531 2540 2873 2607 ὁρμώμενος,
2913 2537 3003 2588 τὸν
3051 2537 3270 2589 ὄπισθεν
3329 2537 3465 2590 πόδα

1906 2626 1999 2681 τοῦ
2039 2628 2207 2680 ἵππου
2239 2627 2335 2680 τοῦ
2369 2628 2542 2696 ρηγδς
2568 2627 2785 2697 τρώσας
2821 2628 3003 2697 ἀξίνῃ,
3038 2628 3104 2697 ἢν
3135 2629 3298 2698 ῥίψας
3327 2630 3465 2681 κατὰ

1908 2721 2002 2775 τοῦ
2051 2721 2241 2786 ἵππου,
2280 2720 2374 2773 καὶ
2400 2723 2457 2773 ὲν
2489 2724 2553 2789 τῇ
2587 2723 2657 2790 γῇ
2692 2720 2876 2772 πεσὼν
2917 2720 3014 2773 σὺν
3072 2720 3146 2789 τῷ
3198 2719 3464 2788 ἀναϐάτῃ,

1908 2812 2051 2865 οὕτω
2088 2811 2313 2880 δραμὼν
2339 2810 2505 2864 αὐτὸν
2531 2810 2910 2877 άπεκεφάλισε
2938 2824 2951 2839 ο
2996 2811 3090 2863 καί
3143 2812 3283 2878 μετὰ
3337 2810 3466 2862 ἁλα-

1910 2900 2146 2971 λαγμοῦ,
2179 2901 2255 2964 ὡς
2276 2901 2505 2970 σύνηθες
2535 2901 2646 2963 τοῖς
2668 2900 2920 2963 ἀσεϐέσι,
2949 2900 3048 2970 τὴν
3072 2899 3263 2952 τούτου
3294 2916 3465 2967 κεφα-

1912 2994 2010 3065 λὴν
2040 2994 2263 3061 ὕψωσαν
2302 2994 2394 3044 ἐπὶ
2423 2992 2669 3063 δόρατος.
2705 2994 2813 3044 Καὶ
2852 2992 3055 3053 ἰδόντες
3115 2993 3167 3044 ot
3231 2989 3469 3060 Οὗγγροι

1910 3083 2413 3153 διεσκορπίσθησαν
2454 3083 2609 3135 ἔνθεν
2641 3085 2734 3135 καὶ
2762 3082 2995 3145 ἐκεῖθεν,
3033 3083 3202 3135 καὶέν
3237 3083 3311 3152 τῷ
3334 3083 3468 3149 φεύ-

247 3174 445 3245 πράξω
466 3176 566 3226 ὅσα
598 3170 751 3242 ’παρὰ
803 3167 1229 3264 ῗῆς-βῆσιλξίας
1286 3184 1381 3264 σίδυ
1443 3163 1804 3264 προσταχθιξ·
1834 3208 1879 3264 C
1911 3194 2033 3245 γειν
2098 3177 2296 3237 αὐτοὺς
2350 3174 2537 3228 πολλοὶ
2585 3176 2807 3228 ὲάλοντο
2836 3176 2930 3228 καὶ
2990 3174 3338 3240 ἐφονεύοντοδ
3375 3176 3471 3225 καὶ

238 3269 347 3338 ικαὶ
366 3268 415 3318 εί
445 3266 544 3334 μὲν
577 3266 609 3333 ἡ
638 3264 773 3331 τύχη
806 3261 937 3330 ἐμοὶ
996 3259 1261 3329 βοηθὴσῖίν
1312 3257 1416 3319 ἕως
1450 3257 1549 3325 τῆς
1602 3255 1806 3324 σκηνῆς
1841 3255 1879 3264 ν
1910 3269 2069 3324 τοῦτο
2098 3272 2161 3321 ὲκ
2188 3268 2288 3335 τῆς
2321 3268 2496 3336 κακῆς
2524 3266 2835 3335 συμϐουλῆς
2876 3265 3097 3334 συνέϐη.
3122 3266 3210 3333 Τῷ
3232 3266 3289 3317 δὲ
3318 3267 3472 3334 είρη-

243 3357 345 3410 τοῦ
402 3356 592 3425 ἀμηρᾱ
647 3352 757 3421 ἐγὼ
791 3348 1186 3417 ἀπελεύσομαι.
1250 3346 1361 3400 Καὶ
1393 3348 1441 3398 εί
1476 3346 1575 3415 μὲν
1604 3347 1637 3415 ή
1682 3344 1807 3413 νίκη

254 3537 424 3606 igitur
454 3544 511 3587 ut
538 3532 676 3595 veni,
714 3545 813 3584 nec
838 3526 1021 3583 inveni
1060 3524 1332 3589 triremes,
1366 3522 1470 3575 alia
1494 3522 1623 3576 navi
1647 3520 1810 3576 Lcm-

252 3645 387 3683 nutn
428 3625 636 3697 trajeci,
667 3623 848 3692 ibique
876 3628 1088 3690 reperta
1124 3615 1332 3671 triremi
1364 3614 1595 3684 quadam
1637 3614 1809 3682 impe-

255 3722 486 3787 ratoria,
536 3716 746 3787 Cpolim
789 3713 1001 3769 delatus
1054 3725 1177 3767 sum
1231 3709 1455 3763 ineunte
1507 3706 1804 3762 Novembri

255 3812 389 3867 anni
427 3810 588 3866 6955.

327 3903 529 3959 Eodem
562 3914 767 3965 mense,
796 3898 883 3954 die
922 3894 1231 3958 undecimo,
1284 3891 1663 3961 Hungarorum
1716 3881 1808 3942 rex

252 3997 400 4067 apud
436 3994 665 4049 Vaream
687 3992 756 4047 ab
783 4004 965 4045 amera
982 4003 1154 4043 cresus
1176 3994 1276 4051 cst,
1303 3999 1475 4053 pugna
1501 3982 1641 4035 inter
1668 3980 1814 4034 Hun-

256 4103 424 4156 garos
457 4096 510 4140 et
531 4085 737 4139 Turcas
768 4083 841 4136 ita
866 4080 1120 4135 excitata.
1156 4077 1319 4145 Regis
1340 4074 1613 4129 exercitus
1636 4072 1812 4125 ubivis

252 4178 505 4247 superior
526 4183 665 4241 erat,
691 4183 744 4229 et
768 4188 980 4229 ameras
1005 4187 1124 4226 cum
1156 4170 1304 4225 omni
1336 4168 1566 4223 concilio
1591 4182 1691 4221 suo
1718 4181 1815 4235 op-

254 4269 646 4341 portunitatem
667 4265 942 4335 quzerebat
961 4260 1242 4317 recedendi
1255 4298 1270 4322 ,
1288 4261 1332 4313 si
1356 4268 1601 4327 possent:
1624 4258 1815 4325 ingens

255 4363 408 4417 enim
452 4360 614 4414 timor
654 4365 709 4411 et
738 4365 944 4412 tremor
982 4354 1177 4422 impios
1231 4354 1521 4404 invaserat.
1569 4346 1813 4416 Hungari

258 4461 453 4508 contra
475 4447 761 4504 laetabundi
787 4445 1047 4501 audacter
1064 4456 1117 4497 et
1140 4442 1364 4496 ﬁdenter
1386 4441 1619 4499 stabant,
1641 4438 1815 4492 victu-

1911 3361 2059 3430 μένῳ
2108 3357 2427 3429 ἰαννιτζάρῃ
2458 3357 2727 3426 Χαμουζᾷ
2756 3358 2783 3408 ὁ
2844 3358 3068 3425 ἀμηρᾶς
3131 3354 3471 3424 ἁνταμείψσς

1910 3538 2137 3593 victoria
2170 3536 2325 3591 nobis
2352 3534 2658 3590 constiterit
2691 3543 2856 3602 etego
2889 3533 3121 3595 rediero,
3154 3533 3323 3601 gloria
3353 3531 3471 3595 Dei,

1910 3629 2134 3683 victoria
2171 3626 2466 3694 majestatis
2489 3635 2592 3679 tua:
2625 3636 2709 3681 est
2746 3626 2978 3693 eritque.
3012 3624 3104 3677 Sin
3126 3625 3469 3689 accumbam,

1912 3720 2049 3775 nibil
2090 3719 2295 3773 idcirco
2322 3733 2415 3772 vos
2454 3716 2835 3771 remorabitur.
2866 3714 3155 3771 Intuemini
3197 3731 3470 3783 serpentis

1912 3811 2276 3879 prudentiam,
2308 3808 2400 3876 qui
2436 3821 2652 3875 semper
2687 3814 2851 3875 caput
2877 3806 3109 3873 tegendo
3143 3814 3313 3859 totum
3344 3822 3468 3860 cor-

1914 3918 2015 3971 pus
2045 3908 2351 3961 conservat,
2375 3898 2549 3966 capite
2579 3909 2761 3951 autem
2782 3912 3070 3965 percusso,
3103 3908 3213 3951 t0to
3241 3913 3467 3966 corpore

1914 3993 2073 4061 perit.
2114 3990 2311 4045 Eodem
2354 3989 2535 4052 modo,
2568 3991 2613 4043 si
2647 3988 2901 4056 majestas
2929 3996 3018 4041 tua
3046 3988 3463 4057 impressionem

1912 4083 2127 4147 fecerit,
2162 4091 2213 4135 et
2241 4096 2399 4135 secus
2433 4095 2519 4133 res
2547 4080 2824 4141 ceciderit,
2859 4080 3004 4147 quod
3042 4077 3212 4133 Deum
3247 4095 3378 4150 rogo
3416 4092 3473 4136 ut

1916 4192 1984 4230 ne
2003 4175 2112 4239 ﬁat,
2142 4172 2491 4228 manifestum
2511 4180 2614 4235 est,
2647 4186 2746 4225 nos
2764 4185 2964 4224 omnes
2978 4171 3249 4237 perituros
3274 4187 3410 4227 esse.
3448 4193 3465 4221 ι

1915 4267 1983 4319 At
2016 4280 2131 4328 rex,
2173 4263 2318 4317 lanci
2349 4262 2636 4317 consilium
2687 4266 3029 4329 aspernatus,
3076 4259 3323 4328 sequenti
3354 4263 3473 4314 tute

1918 4358 2106 4427 proelio
2131 4354 2332 4424 ingenti
2370 4362 2423 4406 et
2464 4352 2714 4406 horribili
2761 4353 3079 4419 commisso,
3119 4366 3242 4405 cum
3276 4368 3470 4420 magna

1918 4459 2097 4517 strage
2124 4457 2177 4501 et
2206 4446 2351 4501 caede
2387 4443 2711 4505 Turcarum,
2738 4442 2810 4495 ita
2865 4456 3032 4511 prope
3058 4442 3123 4495 ad
3176 4444 3471 4496 tentarium

256 4559 354 4599 ros
383 4558 441 4597 se
460 4536 579 4597 esse
606 4547 887 4609 sperantes
919 4548 1268 4603 ameramque
1300 4542 1353 4587 et
1410 4532 1689 4585 universas
1719 4543 1809 4583 co-

1918 4557 2114 4596 amerac
2140 4538 2461 4608 penetravit,
2500 4548 2555 4591 ut
2584 4536 2628 4589 is
2671 4537 2781 4604 jam
2837 4535 2975 4604 fuga:
3003 4550 3062 4590 se
3136 4536 3473 4591 committere

258 4636 382 4703 pias
417 4631 537 4699 ejus
557 4640 930 4698 oppressuros.
960 4624 1169 4694 Itaque,
1193 4636 1316 4676 cum
1364 4620 1633 4690 postridie
1683 4632 1818 4687 pug-

256 4739 390 4779 nam
405 4724 743 4778 committere
756 4717 993 4787 Hungari
1008 4722 1288 4784 cuperent,
1313 4711 1578 4767 concione
1613 4709 1816 4774 habita,

260 4831 358 4870 rex
381 4823 433 4867 et
460 4812 785 4881 aliiquidam
811 4814 1141 4869 statuerunt,
1170 4804 1388 4857 utultro
1413 4803 1528 4869 ipse
1557 4815 1650 4853 rex
1675 4813 1820 4867 pros-

258 4910 399 4962 lium
434 4912 748 4959 consereret
774 4908 827 4955 et
866 4899 931 4953 ad
964 4895 1264 4952 tentorium
1300 4907 1497 4948 amera:
1530 4906 1723 4960 usque,
1770 4891 1815 4944 si

262 5004 470 5067 posset,
495 5000 821 5064 penetraret,
857 5001 915 5044 ut
942 4988 1089 5043 fama
1121 4986 1402 5040 victoriam
1453 4985 1822 5051 virtutemque

257 5092 386 5159 ejus
418 5098 530 5141 ιοιο
564 5085 697 5139 orbe
728 5082 1089 5151 praedicaret;
1116 5076 1333 5131 facilem
1393 5075 1594 5145 quippe
1626 5086 1679 5128 et
1702 5075 1821 5127 uul-

266 5190 379 5242 lius
414 5181 614 5252 negotii
643 5178 933 5245 victoriam,
978 5174 1092 5229 fore
1122 5169 1547 5226 arbitrabantur.
1578 5170 1647 5220 At
1703 5167 1823 5221 lan-

262 5294 391 5339 cus,
428 5277 757 5346 gubernator
781 5271 923 5339 ejus,
959 5276 1017 5321 ut
1046 5265 1129 5319 vir
1160 5264 1401 5334 prudens
1448 5269 1503 5316 et
1533 5261 1676 5315 bello
1725 5275 1821 5314 ex-

267 5365 773 5444 pcrtus,contraria
799 5362 1070 5424 sentiens,
1114 5357 1251 5411 dixit
1305 5372 1319 5408 :
1359 5370 1378 5404 ι
1415 5351 1671 5407 Fortunae
1737 5353 1822 5405 in-

262 5464 634 5525 constantiam
668 5473 826 5514 nemo
856 5456 1048 5519 novit;
1083 5468 1181 5507 nec
1213 5451 1326 5506 ulla
1381 5451 1681 5505 necessitas
1715 5459 1818 5515 est,

264 5558 422 5615 istud
486 5564 544 5609 ut
587 5550 826 5608 coneris.
854 5547 1228 5611 Periculosum
1260 5543 1406 5597 enim
1447 5541 1662 5596 facinus
1716 5551 1819 5596 est.

261 5656 339 5709 At
373 5664 475 5719 ego
521 5647 741 5709 faciam,
768 5640 1034 5712 quidquid
1090 5654 1121 5692 a
1167 5637 1452 5706 majestate
1497 5644 1585 5690 tua
1628 5634 1823 5704 jussus

264 5745 428 5799 fuero
459 5757 473 5804 ;
502 5755 587 5804 ac,
613 5738 660 5791 si
695 5734 828 5790 mibi
859 5730 1051 5787 favet-it
1098 5728 1340 5793 fortuna,
1402 5728 1697 5797 pcnetrabo
1753 5724 1824 5781 ad

267 5830 680 5893 tabernaculum
710 5840 927 5882 amerae.
956 5821 1112 5888 Quod
1136 5819 1183 5876 si
1207 5832 1379 5890 usque
1411 5818 1477 5875 ad
1514 5827 1819 5875 extremum

1917 4636 2199 4701 c0gitarct.
2222 4630 2425 4685 Verum
2456 4644 2562 4684 non
2602 4630 2933 4683 dimiserunt
2981 4644 3104 4682 eum
3135 4629 3474 4699 jannitzarii,

1918 4723 2266 4795 quantumvis
2320 4720 2516 4775 timore
2571 4720 2902 4788 perculsum,
2968 4734 3088 4773 cum
3132 4734 3309 4789 regem
3364 4730 3472 4773 tam

1918 4819 2164 4871 animose
2194 4814 2536 4867 dimicantem
2575 4812 2818 4873 videret;
2850 4812 2941 4865 sed
2972 4812 3325 4881 compedibus
3370 4812 3475 4867 fcr-

1920 4909 2031 4963 reis
2053 4922 2251 4975 equum
2282 4906 2402 4974 ejus
2433 4903 2859 4968 adstrinxerunt,
2884 4910 2943 4954 ut
2974 4901 3157 4970 fugere
3212 4917 3320 4956 non
3351 4918 3475 4973 pos-

1921 5011 2029 5063 set,
2056 5014 2117 5053 ac
2150 5011 2368 5053 strenue
2396 4997 2724 5051 dimicarunt
2753 4994 2819 5048 de
2851 4995 3030 5047 salute
3063 4993 3201 5062 ejus.
3238 4992 3462 5048 Interim

1924 5107 2014 5145 rex
2048 5089 2275 5143 viriliter
2304 5087 2605 5157 pugnabat,
2641 5101 2823 5139 amera
2848 5100 2971 5137 cum
3000 5085 3148 5137 omni
3171 5084 3290 5152 ejus
3310 5100 3472 5154 appa-

1915 5190 2038 5236 ratu
2067 5180 2230 5250 potiri
2273 5179 2517 5247 cupiens,
2550 5192 2673 5229 cum
2726 5176 2944 5245 quidam
2990 5174 3057 5229 de
3106 5174 3472 5243 jannitzariis,

1920 5275 2226 5331 Cltamuzas
2294 5269 2574 5332 vocabulo,
2639 5283 2702 5321 ex
2758 5268 3129 5335 Peloponneso
3186 5267 3474 5326 oriundus,

1923 5364 2280 5436 posteriorem
2324 5361 2513 5430 pedem
2540 5360 2662 5429 cqui
2693 5359 2852 5424 regis,
2880 5358 3086 5409 vibrata
3121 5358 3324 5422 securi,
3356 5358 3476 5411 vul-

1922 5453 2152 5517 neravit,
2186 5466 2440 5519 euntque,
2475 5464 2596 5504 cum
2630 5463 2769 5517 equo
2800 5446 2947 5499 ltumi
2981 5446 3313 5515 prolapsum,
3339 5462 3472 5502 con-

1923 5558 2144 5605 secutus
2171 5547 2393 5602 occidit.
2430 5545 2565 5598 Tum
2598 5544 2732 5597 lzetis
2762 5542 3116 5606 clamoribus,
3149 5551 3208 5594 ut
3240 5555 3358 5595 mos
3386 5550 3474 5595 est

1925 5635 2124 5703 impiis,
2170 5642 2332 5702 caput
2390 5633 2571 5686 hastili
2629 5630 2930 5701 prazflgunt.
2984 5629 3037 5683 ld
3080 5630 3171 5684 ubi
3230 5630 3481 5703 viderunt

1925 5727 2187 5797 Hungari,
2219 5725 2327 5779 huc
2392 5726 2522 5779 illuc
2554 5725 2914 5794 dissipantur,
2949 5723 3221 5790 multique
3254 5721 3307 5773 in
3352 5719 3481 5788 fuga

1928 5818 2071 5888 capti
2104 5827 2157 5875 et
2211 5816 2483 5875 interfecti
2524 5826 2674 5874 sunt.
2732 5816 2831 5872 llic
2871 5815 3034 5883 igitur
3089 5813 3215 5868 mali
3267 5812 3479 5891 consulit
