4134 6452
139 454 249 514 809

1130 457 1564 518 CHRONICON
1611 455 1872 514 MAJUS.
1915 481 1978 488 -
2013 457 2153 516 LIB,
2194 456 2305 514 ΙΙΙ.

3258 455 3364 516 8Ξο

143 585 306 637 ρεων,
338 569 434 622 καὶ
485 570 638 640 παρὰ
689 571 908 624 πάντων
954 573 1234 634 ἀσπασίως
1291 572 1482 641 ἐδέχθη
1520 572 1546 621 ὁ
1583 572 1698 631 νέος
1725 568 1775 628 Δ
1805 588 1910 621 των
1945 571 2247 638 ὲδὲχθημεν
2287 574 2423 639 μετά
2460 574 2657 640 χαρᾶς,
2713 573 2805 624 καὶ
2856 572 3203 640 κρουομένων
3258 573 3366 624 τῶν

139 658 279 724 ἄναξ
303 661 438 729 μετά
463 665 654 731 χαρᾶς,
675 664 1049 733 ἐμπλησμέυοι
1073 666 1310 720 ἅπαντες
1326 665 1704 732 ἀγαλλιάσεως

142 750 240 800 καὶ
280 750 640 820 εὐφροσύνης,
675 755 765 804 καὶ
798 753 1100 824 θριάμϐους
1126 754 1393 822 μεγάλους
1446 756 1710 818 ποιήσαν-

140 839 345 902 τες,ὡς
366 841 483 902 ἔθος
511 844 658 896 ἐστὶν
684 846 796 906 τοῖς
823 845 1018 897 νεωστί⁵
1041 846 1394 912 ἐστεμμένοις
1429 841 1708 912 βασιλεῦσι

147 933 352 986 ποιεῖν.
379 932 532 985 Μετά
573 934 629 985 δέ
677 952 828 997 τινας
862 936 1074 1004 ἡμέρας
1111 936 1203 988 τὸν
1232 935 1568 999 αὐτάδελφον
1610 933 1708 984 αὑ·

142 1023 239 1074 τοῦ
273 1027 366 1076 τὸν
390 1026 496 1094 κὺρ
531 1028 734 1092 Θωμᾶν
752 1027 842 1080 τὸν
866 1027 1296 1081 αύθεντόπουλον
1323 1029 1402 1089 εἰς
1430 1027 1489 1076 rb
1514 1025 1708 1076 δεσπο·

142 1117 301 1166 τικδν
331 1117 548 1185 ἀξίωμα
580 1119 899 1172 ἀνεϐίϐασε.
942 1120 1051 1172 Καὶ
1071 1119 1147 1188 τῷ
1184 1119 1330 1185 αύτῷ
1359 1118 1466 1170 ἔτει
1492 1120 1548 1170 ἐν
1576 1115 1710 1186 μηνὶ

143 1208 444 1278 Αὐγούστῳ
475 1210 708 1276 ἐξελθὼν
738 1212 837 1276 τῆς
870 1212 1121 1274 πόλεωςό
1150 1209 1488 1281 προρρηθεὶς
1514 1210 1709 1262 δεσπόο

146 1313 250 1366 της
289 1300 392 1368 κὺρ
422 1299 626 1368 Θωμᾶς
657 1302 904 1369 ἀπῆλθεν
943 1304 1023 1361 εἰς
1068 1303 1497 1370 Πελοπόννησον.
1538 1301 1616 1369 Τῇ
1651 1299 1708 1350 δὲ

148 1387 347 1459 πρώτῃ
372 1391 747 1461 Σεπτεμϐρίου
776 1394 871 1446 τοῦ
903 1393 1081 1460 ’ςῦᾖνέ
1113 1395 1268 1456 ἔτους
1307 1393 1501 1460 ἐξῆλθε
1539 1390 1632 1443 κοιλ⁹
1686 1392 1714 1442 ό

33 1517 38 1522 .
67 1497 70 1500 ’
147 1476 429 1548 δεσπότης
477 1483 504 1533 ὁ
562 1484 1079 1555 πορφυρογέννητος
1113 1488 1219 1556 κὺλρ
1243 1488 1575 1554 Δημήτριος,
1609 1482 1706 1534 καὶ

145 1570 363 1639 ἀπῆλθε
390 1574 643 1637 κάκεῖνος
671 1578 752 1638 εἰς
799 1576 1229 1646 Πελοπόννησον,
1273 1579 1366 1631 καὶ
1409 1575 1710 1644 συμϐάσεις

149 1662 279 1730 μεθ’
307 1664 484 1731 ὅρκων
514 1666 764 1734 φρικτῶν
801 1668 909 1740 πρὸ
952 1668 1046 1721 τοῦ
1080 1668 1320 1733 ἐξελθεῖν
1358 1669 1559 1731 αὐτοὺς
1610 1671 1710 1736 τῆς

6 1775 68 1805 ~.-:
149 1753 366 1817 πόλεως
399 1757 631 1809 ἐνώπιον
658 1759 759 1828 τῆς
791 1762 986 1828 κυρίας
1009 1761 1218 1830 μητρὸς
1249 1761 1432 1814 αὐτῶν
1485 1762 1580 1814 καί
1609 1760 1705 1829 βα-

22 1868 64 1899 r:
146 1845 403 1915 σιλίσσης
440 1855 533 1900 καὶ
583 1852 674 1901 τοῦ
727 1852 1132 1921 αὐτοκράτορος
1178 1853 1272 1903 καὶ
1324 1852 1551 1918 ἀδελφοῦ
1613 1853 1709 1906 καὶ

8 1962 72 1996 ;;τ;-
145 1941 372 1992 ¹πάντων
413 1940 520 1993 τῶν
572 1943 670 2009 τῆς
731 1945 1040 2012 συγκλήτου
1100 1944 1372 2014 ἐγκρίτων
1432 1946 1708 2014 ἀρχόντων

41 2039 61 2067 -‘
147 2033 504 2099 ποιήσαντες,
541 2032 628 2085 ἴνα
661 2034 851 2102 μηδεὶς
875 2035 970 2087 τοῦ
1001 2034 1193 2111 ἐτέρου
1222 2037 1349 2097 τοὺς
1381 2035 1579 2099 τόπους
1613 2037 1709 2089 καὶ

139 2125 279 2192 ὅρια
310 2126 599 2196 υπερπηδᾷ
617 2127 708 2178 καὶ
735 2127 981 2198 ἁρπάζῃ,
1014 2127 1129 2180 ἀλλ’
1158 2129 1452 2198 εἰρηνικῶς
1479 2130 1702 2196 διάγειν.

6 2243 78 2276 τ.;λτ
145 2213 316 2271 (Jb-cet
346 2216 401 2270 δέ
433 2219 572 2286 μετά
620 2219 795 2271 ταῦτα
833 2218 908 2288 μὴ
963 2220 1306 2288 τηρήσαντες
1358 2223 1482 2284 τοὺς
1514 2221 1711 2292 ὅρκους

7 2337 76 2372 τει.
146 2309 248 2360 καὶ
305 2309 401 2371 τὰς
456 2311 734 2379 συνθήκας
786 2311 1082 2381 ήθέτησαν.
1150 2313 1249 2363 Διὰ
1300 2313 1459 2364 τοῦτο
1512 2315 1569 2366 ἐν
1613 2314 1710 2365 ὑσ-

6 2431 80 2466 ;·,;τῖ
151 2400 358 2467 τέροις,
417 2402 490 2465 ὼς
555 2402 728 2472 ἐφάνη
790 2405 884 2457 καὶ
941 2398 1083 2457 εἶδον
1137 2402 1315 2468 κάγὼ,
1370 2406 1553 2464 κακῶς
1579 2405 1716 2457 ἀπέ-

144 2494 322 2545 λαϐον
372 2497 468 2546 καὶ
527 2495 663 2564 πρὸς
724 2493 989 2560 ἀλλήλους
1039 2496 1381 2564 διετέθησαν,
1423 2499 1498 2557 ὡς
1524 2497 1711 2566 πρόσω

6 2609 82 2660 μετ
146 2587 482 2654 διηγήσομαι
539 2585 606 2637 τὰ
681 2585 1243 2656 παρακολουθήσαντα
1268 2587 1581 2654 ἀναμεταξὺ
1614 2588 1711 2640 αύ-

145 2695 284 2730 των.

220 2768 305 2837 Τῇ
334 2769 390 2821 δέ
419 2771 658 2840 τετάρτῃ
695 2769 788 2821 τοῦ
822 2770 1161 2841 Ὀκτωϐρίου
1194 2770 1367 2839 μηνὸς
1397 2770 1490 2822 τοῦ
1539 2770 1705 2822 αὑτοῦ

146 2859 310 2922 ἔτους
338 2837 575 2930 ἐστάλην
605 2837 714 2927 ἐγὼ
739 2863 893 2928 παρὰ
930 2837 1321 2914 τοῦ-αὐθέντου
1357 2879 1456 2930 μου
1493 2862 1586 2914 καὶ
1618 2862 1711 2931 βα-

28 3001 54 3032 7:
83 2993 90 2997 -
149 2953 353 3014 σιλέως
385 2952 524 3020 πρὸς
557 2952 647 3004 τὸν
885 2950 984 3017 τῆς
1023 2951 1264 3020 Ἰϐηρίας
1298 2950 1487 3021 κύριον
1532 2953 1710 3021 Γεώρ-

25 3072 81 3120 ᾖε
146 3063 275 3113 γιον
308 3046 516 3110 Μέπεν,
547 3044 606 3107 ὃς
640 3044 771 3114 παρ’
808 3045 941 3113 ήμῐν
989 3042 1093 3112 ρὴε
1139 3043 1378 3110 λέγεται,
1429 3044 1526 3095 καὶ
1573 3047 1710 3114 πρὸς

146 3139 240 3192 τὸν
279 3137 505 3207 βασιλέα
533 3134 954 3206 Τραπεζοῦντος
985 3135 1093 3204 κὺρ
1139 3135 1388 3204 Ἰωάννην
1428 3134 1523 3188 τὸν
1554 3135 1708 3201 Κομ-

1813 663 2094 729 μουσικῶν
2161 663 2321 714 εἱδῶν
2361 665 2453 714 καὶ
2501 663 2755 730 ὁργάνων
2799 663 3006 726 πάντες
3055 666 3106 715 οἰ
3157 663 3367 715 ἐκεῖθεν

1807 757 2033 825 ἔτρεχον
2071 757 2199 808 ἰδεῖν
2220 759 2312 808 καὶ
2333 758 2667 826 ἐθαύμαζον,
2698 757 2955 824 λέγοντες
2984 759 3066 810 ὅτι
3095 755 3368 826 ἠκούομεν

1810 847 1940 913 περὶ
1971 846 2198 908 τούτων,
2231 847 2347 898 ἀλλ’
2373 848 2651 915 αἰσθητῶς
2681 848 2755 908 ὡς
2786 850 2855 900 τὰ
2887 848 2981 901 νῦν
3023 849 3122 900 οὐκ
3153 848 3368 915 εἴδομεν

1806 935 1928 988 οὗτε
1963 936 2299 1004 ἠκούσαμεν.
2331 939 2464 1004 Οὐχὶ
2500 937 2665 1004 μόνον
2712 936 2821 988 ἀπὸ
2852 936 2952 1004 τῆς
2994 934 3234 1004 Ἰϐηρίας
3269 935 3368 986 πό-

1810 1029 1970 1090 λεως,
2001 1029 2133 1082 ἀλλὰ
2167 1031 2261 1080 καὶ
2313 1031 2376 1082 ἐκ
2408 1030 2513 1081 τῶν
2549 1028 2708 1097 πέριξ
2761 1029 2931 1097 αὐτῆς
2985 1029 3079 1081 καλ⁸
3110 1026 3367 1098 περάτων

1810 1117 2029 1187 ἔτρεχον
2094 1120 2224 1171 ἰδεῖν
2281 1120 2376 1171 καὶ
2434 1120 2687 1177 ἀκοῦσαι.
2731 1120 2813 1172 ὅτι
2869 1120 2930 1170 τὸ
2959 1118 3130 1187 ὄνομα
3186 1118 3367 1171 αὐτῶν

1810 1212 2026 1279 ἢκουον,
2055 1214 2107 1265 τί
2135 1212 2190 1263 δέ
2222 1213 2369 1265 ἐστιν
2420 1213 2520 1265 οὐκ
2557 1212 2875 1278 ἐγίνωσκον.
2935 1211 3045 1264 Καὶ
3101 1210 3368 1264 ἐλθόντοιν

1811 1304 2042 1366 πολλῶν,
2082 1306 2140 1354 ἐν
2170 1304 2353 1364 αὐτοῖς
2385 1299 2452 1372 ἦν
2484 1307 2580 1355 καί
2634 1319 2719 1364 τις
2765 1303 2996 1371 γηραιὸς
3053 1300 3186 1354 ὡσεὶ
3229 1302 3367 1354 ἐτῶν

1811 1395 2033 1456 ἑκατὸν,
2069 1396 2164 1446 καὶ
2189 1395 2317 1446 τάδε
2346 1411 2437 1461 μοι
2464 1394 2789 1463 διηγήσατο.
2827 1390 2938 1445 Ἦν
2997 1394 3234 1462 τοῦνομα
3289 1394 3366 1460 τῷ

1813 1485 2094 1554 πρεσϐύτῃ
2155 1485 2418 1554 Ἐφραὶμ,
2476 1485 2795 1555 ὁρμώμενος
2825 1487 2887 1537 ἐκ
2918 1486 3016 1553 τῆς
3047 1486 3366 1554 περιφήμου

1810 1578 1907 1644 τῆς
1952 1576 2187 1644 Ἰϐηρίας
2221 1578 2432 1639 πόλεως
2469 1578 2800 1648 λεγομένης.
2827 1619 2840 1631 .
2866 1615 2881 1631 .
2908 1615 2921 1629 .
2951 1617 2966 1631 .
3046 1578 3104 1640 ὃς
3156 1580 3219 1630 ἐκ
3253 1579 3364 1629 νεό-

1809 1687 1974 1738 τητος
2007 1668 2168 1722 αὑτοῦ
2192 1670 2584 1740 ᾐχμαλωτίσθη
2641 1673 2744 1724 ὑπὸ
2781 1671 3072 1742 βαρϐάρων
3110 1671 3204 1723 καὶ
3238 1671 3367 1723 ἀσε-

1812 1759 1922 1810 ϐῶν
1953 1758 2059 1811 τῶν
2095 1761 2306 1812 ἐκεῖθεν
2334 1761 2529 1826 ἐθνῶν,
2586 1762 2678 1816 καὶ
2736 1763 3030 1829 ἐπώλησαν
3085 1763 3250 1814 αὑτὸν
3287 1765 3367 1822 εἰς

1812 1851 1877 1902 τὰ
1907 1851 2160 1918 ἐνδότερα
2202 1853 2341 1921 μέρη
2370 1852 2478 1904 τῶν
2515 1853 2769 1920 Περσῶν.
2808 1854 2866 1905 Ὀ
2895 1853 2951 1905 δέ
2988 1855 3176 1922 κύριος
3201 1854 3366 1904 αὑτοῦ

1811 1944 2053 2012 ἔμπορος
2073 1943 2170 2008 ὣν,
2210 1944 2302 1995 καὶ
2336 1943 2475 2012 μετὰ
2505 1945 2710 2010 ἐτέρων
2747 1944 2956 1997 πολλῶν
2984 1945 3248 2014 ἐμπόρων
3279 1945 3369 1997 θέ-

1811 2037 1998 2098 λοντες
2029 2035 2205 2088 ἐλθεῖν
2235 2037 2375 2088 κατὰ
2403 2037 2469 2088 τά
2495 2037 2605 2089 τῶν
2639 2037 2816 2090 Ἰνδῶν
2842 2037 2985 2106 μέρη
3015 2040 3248 2105 ποιῆσαι
3271 2037 3368 2106 τὴν

1811 2127 1996 2187 αὐτοῖς
2029 2129 2434 2195 νενομισμένην
2464 2127 2762 2195 ἐμπορίαν,
2795 2131 2891 2182 καὶ
2931 2130 3371 2198 περιπατοῦντες

1813 2219 2024 2287 ἡμέρας
2056 2219 2155 2271 οὐκ
2181 2219 2372 2286 ὀλίγας
2398 2220 2641 2287 ήγγισαν
2677 2221 2830 2274 ἔνδον
2878 2223 2976 2289 τῆς
3024 2222 3135 2274 τῶν
3194 2222 3372 2276 Ἰνδῶν

1814 2309 2018 2379 χώρας.
2064 2311 2123 2362 '0
2157 2311 2325 2373 αὐτὸς
2367 2313 2612 2381 Ἐφραὶμ
2647 2315 2928 2383 ἐπιθυμῶν
2953 2315 3121 2385 208
3147 2317 3372 2384 φεύγειν

1811 2404 1908 2456 τοῦ
1932 2403 2103 2472 ζυγοῦ
2127 2404 2225 2471 τῆς
2251 2407 2628 2473 αἰχμαλωσίας
2666 2408 2852 2476 ἐζήτει
2910 2409 3199 2478 εὐκαιρίαν
3225 2424 3238 2438 ’
3280 2411 3377 2462 κοὶ

1811 2498 1870 2551 ἐν
1903 2499 2004 2568 μιᾷ
2031 2499 2188 2558 νυκτὶ
2208 2500 2532 2569 πανσελήνῳ
2562 2500 2590 2551 ὁ
2613 2499 2805 2568 κύριος
2820 2501 2990 2554 αὑτοῦ
3021 2502 3375 2565 κεκοπιακὼς

1811 2588 1875 2640 ἐκ
1919 2589 2021 2657 τῆς
2055 2588 2366 2656 ὁδοιπορίας
2410 2590 2506 2642 καὶ
2539 2589 2718 2660 ἕτεροι
2759 2590 3160 2660 συνοδοιπόροι,
3213 2593 3376 2657 αὐτὸς

1812 2681 1914 2749 τῆς
1948 2680 2122 2750 τύχης
2158 2683 2300 2750 φορᾷ
2331 2684 2684 2751 χρησάμενος
2716 2684 2964 2754 ἐγερθεὶς
2999 2688 3177 2753 φυγὰς
3198 2685 3375 2755 ᾤχετο

1812 2773 1878 2823 ἐκ
1911 2771 2081 2822 τόπου
2116 2775 2195 2834 εἰς
2225 2772 2418 2835 τόπον,
2456 2775 2778 2842 περιπατῶν
2809 2777 3023 2846 ἡμέρας
3087 2778 3286 2838 πολλὰς
3311 2780 3373 2830 ἐν

1813 2863 2047 2933 ἐρήμοις
2097 2864 2288 2927 τόποις
2342 2867 2438 2918 καὶ
2489 2865 2731 2930 ἀϐάτοις.
2767 2868 3042 2935 Ἐφθασεν
3100 2871 3180 2934 εἰς
3224 2886 3374 2932 τινας

1813 2958 2029 3022 νήσους.
2067 2957 2124 3007 ἐν
2156 2950 2246 3017 αἷς
2284 2956 2528 3009 οἰκοῦσιν
2564 2958 2616 3010 οἰ
2671 2959 2998 3029 Μακρόϐιοιο
3037 2962 3374 3032 μακροϐίους

1813 3047 1922 3116 γὰρ
1952 3046 2285 3114 ὀνομάζουσι
2321 3048 2412 3101 διὰ
2438 3049 2497 3100 τὸ
2527 3048 2628 3119 ζῇν
2660 3048 2844 3102 πλεῖον
2873 3050 2904 3120 ή
2939 3052 3134 3105 ἐκατὸν
3176 3056 3374 3122 πεντή-

1813 3157 1980 3194 κοντα
2019 3140 2114 3221 ἔτη
2146 3141 2380 3200 ἕκαστος
2415 3142 2615 3195 αὐτῶν.
2667 3143 2778 3194 Καὶ
2808 3143 2967 3197 τοῦτο
3024 3145 3082 3198 δὲ
3140 3147 3372 3214 γίνεταο,

76 3273 96 3295 η
146 3229 334 3297 νηνὸν,
395 3226 533 3296 μετὰ
574 3224 763 3295 δώρων
819 3225 1040 3293 ἀγλαῶν
1092 3226 1187 3278 καὶ
1270 3223 1472 3294 πολλῆς
1530 3243 1714 3294 παρα-
1741 3222 1785 3279 C
1818 3229 2062 3298 λέγουσι,
2095 3232 2186 3285 διὰ
2208 3233 2308 3300 τήν
2336 3232 2434 3284 τοῦ
2475 3233 2638 3302 ἀέρος
2674 3233 2977 3303 εὐκρασίαν
3010 3239 3104 3291 καὶ
3134 3238 3376 3308 καθαρό-

147 3286 560 3387 σκευῑίς,’μετά
583 3286 879 3386 ἀρχόντων
921 3316 1018 3368 καὶ
1059 3286 1714 3387 στρατιωτῶννκαὶίερο-

149 3409 418 3479 μονάχων
445 3409 537 3462 καὶ
567 3408 822 3478 μοναχῶν
856 3409 951 3462 καὶ
1006 3407 1226 3477 ψαλτῶν
1285 3410 1562 3477 μουσικῶν
1619 3411 1715 3462 καὶ

149 3505 360 3573 ἰατρῶν
408 3502 502 3555 καί
550 3503 1074 3578 τινωνοκρουόντων
1125 3502 1337 3569 ὄργανα
1401 3504 1494 3554 καὶ
1547 3503 1712 3572 ἕτερα

146 3597 272 3666 εῐδη
306 3595 567 3664 μουσικά.
617 3594 731 3646 Καὶ
759 3594 1009 3657 ἐλθόντες
1041 3594 1122 3656 εἰς
1165 3593 1407 3661 Ἰϐηρίαν
1439 3595 1543 3647 ὑπὸ
1575 3596 1714 3648 πάνς

149 3786 240 3832 sto
268 3790 458 3830 mense
478 3789 546 3830 ex
573 3775 710 3829 urbe
741 3788 991 3843 egressus
1011 3775 1064 3828 in
1097 3773 1527 3844 Peloponnesum
1560 3780 1711 3835 abiit.

16 3843 100 3894 nubi
147 3868 410 3923 Kalendis
437 3867 851 3935 Septembribus
883 3868 1008 3920 anni
1040 3865 1182 3924 6955
1209 3843 1370 3921 etiam
1409 3867 1714 3925 Demetrius

143 3965 379 4031 despota
401 3961 892 4031 porphyrogenitus
916 3961 1169 4016 discessit
1190 3962 1544 4032 similiterque
1581 3963 1715 4018 abiit

149 4059 204 4110 in
234 4054 694 4123 Peloponnesum.
715 4053 776 4106 Hi
797 4062 1090 4122 antequam
1119 4068 1180 4106 ex
1210 4055 1342 4108 urbe
1365 4055 1710 4120 excederent,

27 4202 44 4216 ,
75 4203 84 4208 ,
143 4161 337 4203 coram
375 4155 542 4200 matre
573 4144 918 4214 imperatriee
949 4152 1004 4199 et
1033 4145 1360 4213 imperatore
1387 4145 1554 4200 fratre
1578 4162 1712 4200 cun-

144 4241 368 4308 ctisque
400 4237 653 4292 senatorii
700 4236 909 4291 ordinis
953 4236 1084 4291 viris
1116 4238 1449 4299 primoribus
1481 4240 1710 4291 horren-

145 4333 233 4386 dis
265 4331 623 4385 sacramentis
651 4344 712 4384 se
741 4329 1130 4390 astrinxerunt,
1167 4335 1223 4382 ut
1255 4338 1440 4383 neuter
1489 4329 1710 4382 alterius

15 4407 110 4490 τίῖνῖ
147 4423 267 4475 loca
334 4421 576 4489 ﬁnesque
627 4419 908 4475 ίηνεᾱθνθι
952 4429 1046 4472 aut
1100 4428 1354 4482 vastaret,
1385 4421 1475 4473 sed
1522 4435 1708 4488 pacem

14 4503 56 4540 τ’
87 4497 118 4516 ”
149 4519 397 4566 servaret
427 4519 675 4578 uterque.
699 4511 768 4563 At
798 4525 943 4572 mox,
986 4509 1246 4577 neglectis
1273 4525 1335 4564 ac
1363 4511 1578 4564 violatis
1621 4526 1710 4565 sa-

26 4596 112 4664 τί
144 4602 448 4656 oramentis
501 4600 979 4670 pactionibnsque.
1031 4611 1237 4668 Ροδῑθδν
1293 4610 1351 4653 ⁸⁸(
1403 4603 1709 4669 compar“

67 4682 110 4762 λ
142 4708 360 4763 egoque
393 4693 508 4762 ipse
550 4692 680 4756 vidi,
722 4692 858 4746 male
891 4692 1029 4745 inter
1075 4708 1130 4746 se
1161 4692 1339 4746 allecti
1395 4702 1447 4746 et
1482 4693 1708 4746 animati

147 4786 420 4848 fuerunt;
464 4782 605 4837 unde
639 4797 759 4852 quae
791 4791 979 4837 exorta
1038 4784 1148 4838 sint
1201 4784 1343 4837 inter
1394 4798 1510 4848 eos,
1569 4783 1709 4838 infra

6 4862 96 4940 ηθῖ
144 4874 454 4943 eprcabo.

219 4968 318 5021 Die
342 4973 537 5036 quarto
560 4964 812 5019 Octobris
835 4965 1077 5034 ejusdem
1104 4967 1232 5019 anni
1263 4965 1329 5019 ab
1353 4965 1705 5033 imperatore,

145 5061 376 5113 domino
411 5073 554 5118 meo,
596 5058 662 5110 ad
695 5058 994 5126 principem
1026 5055 1238 5120 lberire,
1272 5055 1564 5123 Georgium
1601 5055 1710 5108 Me-

19 5201 22 5204 .
57 5157 66 5192 λ
146 5167 276 5220 pen,
305 5149 399 5218 qui
442 5164 470 5201 a
505 5149 664 5202 nobis
699 5163 789 5201 rex
823 5147 1044 5211 dicitur,
1096 5154 1149 5199 et
1171 5144 1432 5199 Joannem
1477 5147 1711 5198 (lomne-

10 5265 72 5303 gr
107 5241 111 5248 ’
145 5257 305 5306 num,
336 5239 692 5309 Trapezuutis
735 5253 936 5307 regem,
987 5237 1190 5292 missus
1225 5251 1344 5289 sum
1395 5251 1517 5288 cum
1551 5235 1708 5288 donis

6 5350 94 5403 aii?
143 5333 451 5403 splendidis
484 5333 765 5398 multoque
802 5338 1063 5400 apparatu
1122 5344 1244 5382 cum
1276 5327 1404 5381 viris
1436 5327 1708 5381 nobilibus

12 5433 109 5495 τιατ
143 5435 200 5478 et
249 5422 540 5487 satellitio,
603 5436 727 5475 cum
790 5418 1232 5474 hieromonachis
1277 5428 1330 5471 et
1382 5417 1662 5472 monachis
1691 5458 1706 5482 ,

16 5559 18 5582 τ
98 5545 102 5550 ~
144 5528 271 5567 cum
301 5511 492 5580 psaltis
516 5520 571 5564 et
595 5511 844 5574 medicis,
877 5510 1114 5577 aliisque
1146 5507 1473 5578 quibusdam
1505 5522 1708 5576 organa

6 5651 32 5688 μ
59 5634 83 5666 ἒς
123 5615 200 5659 et
233 5605 344 5658 alia
393 5605 751 5657 instrumenta
786 5603 996 5655 musica
1045 5599 1321 5654 tractandi
1359 5600 1566 5666 peritis.
1607 5595 1706 5651 Ubi

32 5730 69 5769 ης
146 5698 199 5752 in
251 5696 484 5750 lberiam
515 5695 785 5760 venimus,
838 5693 1024 5747 cuncti
1076 5707 1176 5746 nos
1213 5693 1319 5744 laeti
1353 5698 1704 5757 exceperunt,

16 5815 86 5860 ,λιι
110 5781 124 5822 ί
147 5789 493 5857 pulsatisque
522 5788 741 5856 organis
772 5787 1093 5854 ceterisque
1129 5784 1526 5846 instrumentis,
1562 5783 1712 5834 inco-

100 5889 124 5948 ς’
147 5882 210 5937 ia:
244 5888 642 5938 concursantes
685 5879 874 5932 mirari
907 5893 969 5932 ac
1001 5877 1264 5945 proﬁteri,
1294 5876 1513 5930 audisse
1555 5890 1613 5930 se
1645 5875 1711 5927 de

496 5973 761 6032 Punite.
809 5973 927 6030 GR.
972 5967 1149 6029 CLVl

1818 3341 1976 3390 τητα,
2014 3324 2103 3375 διὰ
2135 3323 2191 3374 τὶ
2224 3323 2325 3390 μέν
2373 3324 2429 3375 ἐν
2467 3325 2698 3386 ἐκείνοις
2749 3329 2864 3387 τοῖς
2920 3327 3146 3396 μέρεσιν
3177 3332 3235 3384 ού
3266 3332 3378 3382 λεί-

1819 3432 2014 3468 πονται
2047 3415 2263 3481 ὀπῶραι
2295 3417 2549 3468 παντοῖαι
2579 3416 2649 3468 δι’
2683 3417 2808 3468 ὃλου
2836 3418 2933 3470 τοῦ
2965 3420 3240 3482 ἐνιαυτοῦ,
3278 3429 3376 3474 καὶ

1817 3507 1883 3558 τὰ
1910 3506 2010 3574 μὲν
2026 3505 2275 3572 ἀνθοῦσι,
2298 3507 2367 3559 τὰ
2397 3507 2452 3559 δὲ
2479 3505 2875 3574 ὀμφακίξουσι,
2905 3509 2974 3561 τὰ
3005 3510 3059 3561 δὲ
3078 3513 3371 3578 τρυγᾶται.

1849 3599 1980 3650 Εκεί
2009 3595 2068 3649 δὲ
2117 3597 2318 3652 καὶτὰ
2350 3598 2567 3666 μεγάλα
2627 3599 2827 3651 ἰνδικά
2891 3599 3134 3668 γίνονται
3194 3603 3377 3673 κάρυα

1819 3777 2016 3831 talibus
2051 3774 2236 3840 rebus,
2283 3787 2589 3842 nunquam,
2626 3783 2684 3827 ut
2716 3789 2883 3838 nunc,
2931 3775 3187 3830 sensibus
3215 3793 3375 3831 usur-

1816 3878 1992 3932 passe.
2027 3860 2211 3930 Neque
2240 3860 2418 3914 solum
2448 3876 2516 3913 ex
2553 3861 2708 3927 urbe,
2753 3863 2846 3915 sed
2882 3865 3046 3917 etiam
3090 3881 3118 3918 e
3158 3867 3288 3921 locis
3317 3877 3373 3922 et

1818 3954 2139 4024 regionibus
2175 3954 2420 4007 ﬁnitimis
2473 3954 2539 4006 ad
2595 3955 2889 4010 videndqu
2934 3957 3374 4026 audiendumque

1817 4054 2200 4106 accurrerunt,
2249 4041 2509 4111 quoniam
2557 4042 2771 4094 illarum
2805 4058 2988 4096 rerum
3024 4043 3246 4095 nomina
3278 4059 3376 4097 au-

1815 4138 2082 4197 diverant,
2122 4134 2314 4200 quales
2359 4132 2464 4186 illae
2494 4141 2698 4196 essent,
2733 4134 3083 4201 ignorabant.
3124 4132 3373 4201 Cumque

1815 4224 1971 4279 multi
2017 4221 2440 4288 conﬂuxissent,
2489 4222 2591 4276 fuit
2636 4223 2778 4275 inter
2820 4225 2918 4278 hos
2945 4238 3112 4277 senex
3151 4225 3371 4292 quidam

1812 4328 2030 4374 centum
2063 4315 2288 4371 circiter
2316 4329 2612 4382 annorum,
2648 4315 2743 4384 qui
2779 4316 2896 4370 ltazc
2929 4316 3059 4370 mihi
3102 4319 3370 4372 narravit.

1815 4409 1945 4463 Erat
1978 4423 2175 4462 nomen
2218 4409 2337 4462 seni
2367 4406 2644 4475 Epltraim,
2681 4417 2734 4460 et
2761 4408 3030 4462 oriundus
3059 4419 3176 4463 erat
3209 4425 3238 4463 e
3270 4427 3372 4463 uo-

1818 4503 1909 4557 bili
1944 4502 2134 4556 lberite
2164 4501 2327 4564 urbe,
2361 4514 2484 4568 qua:
2513 4499 2817 4568 appellatur
2853 4541 2868 4552 .
2905 4542 2919 4556 .
2953 4541 2965 4554 .
3014 4501 3154 4556 Puer
3181 4514 3373 4572 captus

1818 4615 1847 4650 a
1903 4596 2150 4650 barbaris
2176 4601 2231 4647 et
2258 4592 2440 4661 impiis
2486 4591 2594 4644 illis
2623 4593 2890 4659 gentibus,
2925 4595 3172 4650 venditus
3203 4607 3285 4652 est
3319 4598 3370 4651 in

1813 4692 2106 4753 interiores
2127 4685 2377 4752 regiones
2405 4683 2718 4738 Persarum.
2751 4682 2884 4736 Cum
2919 4686 3083 4740 herus
3115 4686 3256 4756 ejus,
3276 4690 3373 4756 qui

1812 4793 2081 4843 mercator
2101 4786 2239 4840 erat,
2263 4784 2318 4830 et
2346 4775 2438 4828 alii
2468 4775 2623 4829 multi
2658 4774 3179 4845 mercatores,'apud
3211 4777 3372 4835 indos

1812 4875 2031 4929 solitum
2075 4867 2176 4922 sibi
2221 4872 2519 4917 mercatum
2571 4862 2792 4929 facturi,
2841 4865 2957 4918 dics
3007 4866 3216 4934 aliquot
3270 4868 3372 4921 iter

1814 4965 2090 5019 fecissent,
2112 4958 2333 5024 jamque
2355 4953 2854 5022 appropinquarent
2877 4955 3073 5010 linibus
3093 4957 3370 5024 Indorum,

1815 5052 2093 5124 Ephraim,
2138 5047 2267 5115 jugo
2301 5045 2509 5099 servitii
2546 5059 2604 5098 se
2641 5043 2970 5100 subtrahere
3002 5046 3248 5116 cupiens,
3283 5048 3372 5101 fu-

1813 5161 1891 5213 gae
1924 5138 2390 5210 Opportunitatem
2429 5134 2730 5203 quaerebat.
2776 5149 2841 5189 ac
2890 5147 3046 5190 nocte
3091 5139 3371 5204 pleniluuii

1813 5237 2017 5290 lumine
2045 5233 2336 5289 illustrata.
2357 5242 2478 5281 cum
2499 5228 2663 5280 herus
2680 5241 2804 5280 cum
2829 5228 3056 5296 reliquis
3078 5230 3372 5286 comitibus

1814 5327 1989 5381 fessus
2016 5331 2162 5378 esset
2194 5337 2260 5376 ex
2293 5321 2510 5383 itinere,
2541 5319 2656 5387 ipse
2689 5318 2921 5373 fortunae
2958 5320 3220 5385 conlisus,
3250 5338 3375 5375 sur-

1813 5419 1952 5473 rexit
1981 5414 2345 5485 fugiendoque
2378 5413 2494 5464 loca
2528 5412 2779 5475 mutavit,
2806 5423 2858 5464 et
2885 5412 3002 5466 dies
3033 5427 3140 5467 non
3171 5428 3372 5482 paucos

1813 5527 1906 5580 per
1933 5507 2077 5561 invia
2105 5520 2168 5558 ac
2201 5504 2412 5556 deserta
2443 5503 2906 5570 circumvagatus.
2939 5504 3180 5570 pervenit
3210 5505 3262 5556 iu
3287 5503 3372 5556 iu-

1814 5602 1959 5656 sulas
1977 5598 2263 5666 quasdam,
2288 5609 2422 5662 quas
2441 5591 2688 5661 Longazvi
2713 5593 2977 5646 habitant.
2997 5593 3205 5661 Quippe
3226 5593 3375 5647 Lon-

1815 5706 1990 5763 gmvos
2032 5690 2131 5741 hos
2159 5686 2429 5754 appellant
2461 5692 2767 5752 propterea,
2794 5687 2940 5753 quod
2978 5684 3167 5753 singuli
3203 5685 3370 5738 vitam

1816 5799 1979 5851 supra
2017 5794 2192 5831 annos
2227 5787 2441 5831 centum
2476 5786 2531 5828 et
2579 5777 2970 5844 quinquaginta
3017 5777 3321 5843 producunt
3354 5791 3369 5827 :

1819 5878 1867 5929 id
1906 5873 2047 5945 quod
2081 5873 2192 5924 ﬁeri
2233 5872 2384 5924 aiunt
2418 5881 2637 5938 propter
2658 5870 2803 5923 acris
2834 5869 3148 5936 temperiem
3185 5877 3236 5919 ct
3275 5881 3374 5936 pu-

2831 5962 2907 6018 ‘26
