4134 6452
691 467 791 532 811

1921 466 2243 527 GEORGII
2287 466 2709 529 PHRANTZE

3841 478 3956 544 812

694 584 789 636 καὶ
819 580 1313 650 δυσπόριπαὴμῖν
1341 577 1435 632 καὶ
1463 578 1607 631 πάνυ
1636 576 1961 646 ἐπιθυμητὰ
1982 578 2257 648 ἀρώματα
2290 593 2334 649 Α
2360 578 2409 629 οἳ
2446 579 2540 630 καὶ
2576 581 2845 650 ἀγεληδιιν
2874 584 3240 654 πορευόμενοι
3274 585 3586 655 βόσκονται.
3640 591 3956 660 Διατρίψας

690 673 789 727 ικαὶ
820 674 848 727 ὁ
879 671 1168 741 μαγνήτης
1218 667 1386 729 λίθος.
1422 669 1633 729 Οἶτινες
1690 668 1884 737 ἄνδρες
1917 667 2073 729 ἐθνος
2121 668 2262 720 είσὶν

695 764 919 827 εὐσεϐὲς
954 763 1050 815 καὶ
1079 761 1215 826 ζῶσι
1246 759 1397 831 ζωὴν
1433 761 1721 828 ἀκτήμονα
1748 760 1845 812 καὶ
1874 760 1965 811 τὸν
2011 758 2147 811 Θεὸν
2179 758 2264 811 δο-

697 859 979 925 ξάζουσιν.
1020 854 1117 908 Ἐκ
1146 854 1258 906 τῶν
1280 852 1495 907 ἐκεῖθεν
1520 854 1612 905 καὶ
1639 852 1667 903 6
1715 850 1964 919 ποταμὸς
1995 854 2024 904 ό
2068 852 2262 913 Νεῖλος

697 954 872 1024 ἀρχὴν
895 949 1187 1019 λαμϐάνει·
1214 951 1242 1001 ό
1266 948 1324 1000 δέ
1353 947 1553 1016 τρόπος
1586 945 1723 997 ὅπου
1750 946 1777 998 ὀ
1808 946 2068 1011 παταμὸς
2102 943 2260 1003 οὗτος

696 1048 774 1114 τῷ
818 1044 1026 1113 Ἰουλίῳ
1084 1044 1181 1096 καὶ
1217 1039 1516 1107 Αὐγούστῳ
1574 1040 1709 1107 μηνὶ
1768 1038 2116 1107 πλημμυρεῖ,
2168 1035 2263 1088 καὶ

699 1139 820 1207 οὐχὶ
868 1134 1046 1206 ἐτέρῳ
1075 1134 1251 1203 καιρῷ
1293 1132 1367 1194 ὡς
1401 1134 1448 1183 οἱ
1486 1131 1638 1185 ἄλλοι
1684 1131 1945 1197 ποταμοὶ,
2008 1128 2263 1194 λέγουσιν

698 1228 841 1284 εἶναι
872 1230 1045 1291 οὕτως
1069 1244 1083 1258 ο
1107 1229 1188 1280 ὅτι
1218 1227 1268 1278 οι
1298 1225 1393 1278 δύο
1424 1225 1579 1277 αὐτοὶ
1613 1226 1781 1291 μῆνες
1811 1224 1867 1274 ἐν
1896 1222 2127 1283 ἐκείνοις
2150 1222 2263 1283 τοῖς

701 1324 927 1394 μέρεσιν
960 1320 1275 1389 ὑπάρχουσι
1318 1318 1647 1387 ψυχρότεροι
1684 1315 1794 1368 τῶν
1823 1316 1999 1369 ἄλλων
2052 1310 2261 1385 μηνῶν,

697 1416 885 1467 διότιό
914 1413 1067 1483 ἥλιος
1096 1411 1332 1480 ὑπάρχει
1376 1411 1511 1478 πρὸς
1553 1412 1703 1477 ἡμᾶς
1760 1411 1853 1461 καλ
1902 1409 2037 1477 πρὸς
2084 1408 2142 1459 τὸ
2174 1408 2263 1477 βό-

703 1525 871 1577 ρειον.
919 1506 1226 1575 ’Υψώνεται
1248 1504 1336 1557 διὰ
1365 1502 1525 1556 τοῦτο
1548 1504 1671 1554 τότε
1702 1502 2001 1571 μεσοῦντος
2034 1501 2129 1554 τοῦ
2178 1502 2265 1554 θέ-

704 1618 855 1669 ρους,
890 1600 989 1667 τὴν
1024 1597 1302 1663 Αἴγυπτον
1339 1594 1648 1657 ἐπικλύζει,
1698 1594 1769 1657 ὥς
1824 1594 1923 1645 τοῦ
1953 1594 2105 1662 ἡλίου
2164 1594 2264 1662 τὴν

701 1691 1051 1763 βορειοτέραν
1074 1690 1384 1751 διαθέοντος
1412 1687 1575 1757 209
1608 1686 1789 1756 ζώνην
1819 1688 1911 1739 καὶ
1943 1689 2056 1748 τοῖς
2084 1687 2263 1749 ἄλλοις

704 1784 1170 1856 παρενοχλοῦντος
1226 1785 1515 1850 ποταμοῖς.
1565 1781 1836 1849 Ἐπὲρασε
1896 1781 1951 1831 δὲ
2006 1779 2100 1831 καί
2144 1797 2265 1832 τινα

701 1880 864 1932 ἄλλον
899 1876 1145 1944 ποταμὸν
1182 1874 1325 1925 πάνυ
1365 1870 1732 1933 ἐπικίνδυνον,
1784 1871 1869 1922 ἵνα
1924 1871 2114 1940 ὑπάγῃ
2156 1870 2264 1921 αὑ-

701 1972 818 2024 τόθι
854 1972 931 2030 είς
972 1936 1098 2029 τούς
1150 1963 1525 2033 Μακροϐίους,
1576 1963 1664 2015 διά
1712 1979 1763 2015 τι
1819 1960 1961 2024 ζῶον
2001 1936 2267 2031 ἀμφίϐιον
2302 1936 2344 1994 Β

706 2065 847 2129 μέγα
873 2061 1098 2127 σφόδρα,
1124 2058 1151 2110 ὃ
1181 2058 1429 2109 κατοικεῖ
1460 2057 1518 2106 ἐν
1542 2055 1751 2106 ἐκείνου
1784 2053 1876 2105 τοῦ
1906 2053 2152 2120 ποταμοῦ
2186 2051 2263 2121 τῷ

702 2148 875 2214 ὕδατι,
902 2147 1241 2216 καλούμενον
1270 2147 1335 2213 τῇ
1387 2143 1612 2195 ἐκείνων
1670 2141 1938 2211 διαλέκτῳ
1984 2141 2263 2195 ὀδοντοτύ-

706 2258 926 2309 ραννον,
961 2234 1074 2290 οἷον
1126 2237 1219 2289 καὶ
1269 2235 1539 2300 ἐλέφαντα
1596 2236 1887 2286 καταπιεῖν
1944 2233 2260 2303 ὁλόκληρον.

702 2334 1068 2403 Εὖρίσκονται
1104 2330 1159 2382 δὲ
1188 2331 1245 2381 ἐν
1272 2328 1507 2388 ἐκείνοις
1542 2329 1658 2388 τοῖς
1689 2327 1923 2395 ἐρήμοις
1952 2325 2140 2388 τόποις
2171 2328 2267 2379 καὶ

702 2428 869 2494 ἕτερα
903 2424 1075 2476 πολλὰ
1134 2421 1497 2491 φοϐερώτατα
1529 2418 1644 2483 ζῶα
1682 2418 1778 2470 καὶ
1839 2417 2025 2487 θηρία,
2080 2418 2140 2482 ἐξ
2190 2409 2267 2472 ὧν

706 2521 817 2571 εἰσὶ
844 2517 1137 2585 δράκοντες
1172 2514 1419 2564 πλεῖστοι
1442 2510 1536 2563 καὶ
1564 2510 1817 2578 μέγιστοι
1871 2510 2083 2578 σφόδρα
2134 2510 2267 2562 timet

705 2607 896 2679 πηγῶν
924 2606 1325 2676 ἐϐδομήκοντα,
1371 2603 1431 2654 τὸ
1484 2602 1540 2654 δὲ
1566 2602 1797 2666 μέγεθος
1856 2601 1951 2651 καὶ
2002 2600 2063 2652 τὸ
2094 2601 2268 2670 πάχος

705 2699 961 2753 πολὺκαὶ
988 2694 1454 2766 φρικωδέστατον,
1521 2692 1775 2762 σκορπίοι
1836 2692 1934 2759 μὲν
1984 2693 2264 2759 πηχυαῖοι,

704 2796 751 2845 οί
778 2793 832 2845 δέ
862 2790 1152 2861 μύρμηκες
1189 2787 1535 2856 σπιθαμιαῖοι
1570 2788 1666 2840 καὶ
1726 2787 1911 2845 πλέον,
1949 2784 2267 2852 νυκτερίδες

704 2885 760 2938 δέ
783 2884 857 2944 ὡς
891 2882 1133 2948 κάρακες
1159 2880 1384 2948 θερινοὶ,
1428 2882 1581 2949 μυῖαι
1619 2879 1675 2931 δὲ
1708 2880 1840 2931 ώσεὶ
1886 2877 2150 2946 στρουθία
2203 2878 2269 2929 τά

708 2975 801 3029 ἐπὶ
826 2973 1099 3043 δώματος.
1127 2975 1224 3024 Διά
1260 2972 1421 3024 τοῦτο
1453 2974 1545 3024 καὶ
1600 2972 1796 3025 ἐκεῖνοι
1832 2975 1880 3023 οἱ
1926 2975 2083 3025 τόποι
2132 2973 2269 3022 είσῖν

706 3069 979 3136 ἀοίκητοι,
1009 3066 1098 3119 διὰ
1136 3066 1204 3117 τὰ
1238 3064 1449 3132 φοϐερὰ
1482 3064 1649 3132 θηρία
1676 3066 1774 3116 καὶ
1814 3063 2177 3133 φαρμακώδη.
2204 3064 2267 3114 Oi

708 3163 1005 3231 ἐλέφαντες
1027 3160 1082 3213 δὲ
1113 3158 1234 3212 κατ’
1271 3159 1491 3227 ἐκείνην
1529 3157 1629 3229 τὴν
1657 3158 1841 3228 χώραν
1891 3158 1999 3208 είσὶ
2032 3159 2091 3209 τὸ
2134 3158 2269 3224 πλῆ-

2368 670 2423 724 δέ
2477 667 2634 735 οὗτος
2666 676 2723 726 ἐν
2755 676 2943 747 ἐκείνῃ
2972 679 3039 747 τῇ
3099 676 3255 748 χώρᾳ
3318 679 3496 748 καιρῷ
3533 682 3647 733 τινὶ
3692 684 3791 733 καὶ
3852 686 3959 749 τὴν

2364 763 2649 817 διάλεκτον
2698 763 2797 817 τοῦ
2835 765 3003 817 τόπου
3070 764 3291 819 ἐκείνου
3336 768 3520 831 καλῶς
3565 769 3801 839 ἔμαθεν,
3858 772 3957 822 καὶ

2365 851 2679 922 ἐνεθυμήθη
2711 854 2799 907 ῐνα
2833 855 2891 906 ἐν
2923 857 2991 925 τῇ
3047 856 3271 926 πατρίδι
3323 858 3620 930 ἐπανέλθῃ.
3687 861 3801 914 Καί
3840 879 3955 913 τινι

2364 945 2473 996 τῶν
2507 945 2775 997 ἐντοπίων
2801 947 2899 1016 τὴν
2925 946 3158 1018 γνώμην
3188 949 3360 1002 αὐτοῦ
3391 950 3583 1015 εἰπὼν,
3630 952 3954 1021 παρέλαϐεν

2366 1038 2531 1090 αὐτὸν
2564 1040 2655 1091 καὶ
2686 1038 2897 1108 ἢγαγεν
2926 1039 2983 1091 ἐν
3016 1040 3169 1110 τόπῳ
3198 1042 3307 1093 τινὶ
3333 1041 3465 1094 ἔνθα
3500 1044 3563 1095 ἐκ
3589 1028 3701 1095 τῶν
3740 1044 3953 1107 ἔξωθεν

2377 1130 2561 1181 Ἰνδῶν
2590 1130 2793 1183 ἀκάτια
2820 1132 3099 1201 ἐρχόμενα
3124 1133 3221 1184 καὶ
3251 1134 3453 1203 φόρτον
3492 1134 3755 1188 ποιοῦντα
3790 1140 3951 1205 ἀρω-

2350 1224 2557 1290 ⁹μάτων
2582 1219 2671 1292 ἦν.
2699 1225 2809 1275 Καὶ
2832 1224 3008 1289 ἐμϐὰς
3038 1226 3067 1276 ὁ
3093 1225 3257 1294 210
3293 1227 3540 1296 Ἐφραίμ
3567 1230 3627 1280 ἐν
3685 1230 3768 1280 ἐνὶ
3828 1230 3947 1280 τῶν

2365 1316 2614 1369 ἀκατίων
2640 1318 2734 1369 καὶ
2778 1316 2948 1368 ἐλθὼν
2975 1312 3104 1386 εὗρε
3157 1319 3263 1385 νῆα
3320 1320 3685 1389 παμμέγεθον
3730 1321 3952 1389 Ἰϐηρι-

2367 1404 2489 1473 κὴν,
2550 1407 2645 1456 καὶ
2704 1405 2947 1467 πλεύσας
3002 1405 3073 1457 δι’
3126 1406 3300 1474 αὐτῆς
3350 1402 3515 1475 ἦλθεν
3557 1412 3639 1471 εἰς
3690 1409 3952 1476 Ἰϐηρίαν

2367 1497 2487 1567 ἦτοι
2526 1498 2814 1550 Ἱσπανίαν
2863 1498 3007 1551 κατά
3061 1497 3162 1567 τὴν
3208 1499 3644 1566 Πορτογαλλίαν,
3677 1499 3953 1551 κάκεῖθεν

2366 1590 2435 1642 δι’
2474 1590 2638 1660 ἄλλης
2672 1591 2802 1658 νηδς
2849 1590 3093 1653 πλεύσας
3140 1594 3282 1644 κατά
3313 1595 3407 1654 τὰς
3446 1591 3823 1661 Βρεταννικάς
3856 1592 3954 1659 νή-

2368 1697 2497 1742 σους
2548 1682 2642 1733 καὶ
2676 1682 2906 1751 πλησίον
2962 1681 3274 1751 Γερμανίας
3310 1682 3584 1752 ἐπέρασεν
3608 1684 3665 1734 ἐν
3694 1685 3759 1752 τῇ
3792 1682 3953 1749 Ἰϐη-

2369 1773 2463 1842 ρίᾳ
2500 1772 2629 1825 ἔνθα
2664 1771 2820 1839 κάγὼ
2862 1771 3097 1839 ἔφθασα,
3134 1772 3233 1824 καὶ
3283 1771 3457 1834 οὕτως
3482 1771 3655 1827 ταῦτά
3693 1788 3785 1841 μοι
3814 1770 3956 1839 ἑξη-

2369 1866 2598 1935 γήσατο.

2456 1956 2725 2025 ’Ᾱπῆλθον
2754 1953 2851 2008 οὖν
2895 1957 3007 2024 ἐγὼ
3050 1959 3105 2010 ὲν
3151 1958 3346 2027 ἐκείνῳ
3382 1956 3458 2025 τῷ
3491 1957 3642 2025 τόπῳ
3672 1955 3761 2007 διὰ
3802 1973 3956 2023 συμ-

2370 2048 2683 2118 πενθερίαν,
2716 2049 2847 2101 ὅπου
2885 2049 2929 2101 δ’
2972 2048 3079 2119 ἄρα
3128 2064 3220 2117 μοι
3267 2048 3573 2115 φανήσεται
3608 2047 3671 2098 ἐκ
3706 2046 3819 2096 τῶν
3853 2044 3955 2096 δύο

2368 2142 2563 2209 γενῶν.
2600 2141 2747 2193 Ἔδει
2775 2136 2869 2192 οὖν
2901 2141 2988 2192 ῖνα
3026 2141 3164 2209 μετὰ
3209 2139 3561 2209 γράμματος,
3589 2138 3674 2190 διὰ
3700 2140 3759 2189 τό
3780 2137 3956 2190 ἀναί-

2368 2234 2481 2285 τιόν
2521 2250 2623 2302 μου
2657 2233 2840 2296 πλέον,
2874 2232 3103 2301 δηλώσω
3157 2231 3232 2301 τῷ
3283 2231 3497 2301 βασιλεῖ
3541 2228 3609 2283 τὰ
3645 2230 3785 2282 καλά
3830 2232 3954 2298 ἀμ-

2370 2330 2617 2395 φοτέρων
2648 2326 2756 2379 τῶν
2790 2326 2993 2395 μερῶν,
3030 2326 3124 2377 καὶ
3164 2327 3190 2376 ό
3225 2324 3493 2393 αὐθέντης
3540 2341 3642 2394 μου
3676 2322 3954 2387 ἀπελογί-

2372 2433 2521 2469 σατο.
2552 2415 2661 2467 Καὶ
2697 2416 2977 2484 ἐρχόμενοι
3018 2414 3147 2484 περὶ
3194 2413 3289 2482 τὴν
3332 2412 3560 2482 ’Δμισδν
3592 2413 3955 2479 ἐναυάγησα.

2379 2508 2593 2560 Ἐκεῖσε
2626 2506 2941 2574 προσδοκῶν
2987 2505 3097 2571 ἐγὼ
3131 2506 3232 2573 τὴν
3267 2504 3563 2571 ἀπολογίαν
3595 2503 3857 2572 διέτριψα
3893 2506 3955 2555 ἐν

2372 2601 2599 2659 ἐκείνοις
2632 2601 2745 2661 τοῖς
2771 2600 2997 2667 μέρεσιν
3027 2596 3120 2665 ἐτη
3145 2596 3237 2649 δύο
3261 2597 3355 2649 καὶ
3381 2596 3594 2666 ἡμέρας
3615 2595 3953 2661 τριάκοντα.

2381 2688 2469 2740 Ἐν
2494 2688 2631 2756 τῷδε
2659 2687 2736 2754 τῷ
2765 2686 2943 2755 καιρῷ
2971 2688 3035 2754 τῇ
3074 2690 3159 2752 κγ’
3200 2685 3293 2738 τοῦ
3330 2684 3573 2753 Μαρτίου
3624 2684 3793 2754 μηνὸς
3848 2686 3954 2738 τοῦ

2369 2779 2536 2831 αὐτοῦ
2570 2781 2723 2839 ἔτους
2750 2778 3017 2845 τέθνηκεν
3049 2779 3105 2828 ἐν
3145 2777 3391 2847 μακαρία
3422 2778 3486 2845 τῇ
3528 2776 3677 2844 λήξει
3706 2778 3739 2846 ἠ
3772 2778 3954 2829 ἀοίδι-

2375 2890 2472 2938 μος
2505 2872 2759 2925 δέσποινα
2790 2870 2999 2941 Εἰρήνη
3028 2871 3061 2939 ἠ
3094 2869 3181 2921 διὰ
3210 2868 3304 2920 τοῦ
3340 2868 3486 2920 θείου
3518 2869 3612 2920 καὶ
3640 2867 3955 2934 ἁγγελικοῧ

2372 2966 2647 3033 σχήματος
2701 2965 3167 3031 μετονομασθεῖσα
3225 2959 3507 3029 ’Υπομονὴ
3548 2960 3800 3028 μοναχή·
3852 2962 3958 3011 καὶ

2371 3058 2546 3124 ἐτάφη
2575 3059 2653 3117 είς
2680 3058 2776 3122 τὴν
2830 3033 3131 3124 μονῆνηκτοῦ
3183 3052 3656 3123 Παντοκρᾶτορος,
3708 3052 3955 3119 πλησίον

2374 3150 2463 3200 το)
2500 3150 2801 3219 μακαρίτου
2832 3148 2925 3199 καὶ
2977 3146 3225 3217 ἀοιδίμου
3277 3146 3541 3216 βασιλέως
3569 3143 3665 3198 τοῦ
3701 3141 3957 3209 συζύγου

709 3249 800 3314 θος
830 3248 1021 3318 ὥσπερ
1047 3246 1172 3301 καθ’
1194 3239 1357 3316 ἡμᾶς’
1376 3246 1427 3297 οῖ
1458 3245 1578 3314 βόες
1612 3246 1709 3297 καὶ
1734 3245 1929 3313 ἀγέλαι
1957 3245 2265 3314 προϐάτων,
2298 3281 2340 3338 c
2376 3240 2567 3307 αὐτῆς.
2596 3240 2705 3291 Καὶ
2736 3240 2813 3307 τῷ
2857 3238 3211 3316 Φεϐρουαρίῳ
3250 3238 3383 3309 μηνὶ
3428 3238 3522 3291 τοῦ
3549 3280 3562 3303 ,
3583 3238 3751 3305 ςῇνθ¹
3790 3234 3958 3301 ἔτους

713 3428 953 3490 ritatem,
980 3402 1209 3499 propter
1235 3437 1398 3493 quam
1424 3422 1532 3476 illis
1557 3421 1610 3475 in
1640 3420 1955 3489 regionibus
1978 3434 2073 3489 per
2096 3428 2267 3475 totum

714 3532 917 3572 annum
941 3530 1046 3570 non
1073 3508 1332 3569 deﬁciunt
1361 3513 1540 3566 omnis
1566 3512 1783 3580 generis
1807 3511 2014 3577 fruges,
2038 3526 2270 3580 quarum

712 3610 834 3664 alia:
876 3606 1092 3669 ﬂorent,
1150 3605 1271 3659 alia:
1304 3603 1489 3660 cruda:
1538 3614 1688 3667 sunt,
1743 3602 1861 3669 alite
1892 3602 2003 3670 jam
2048 3611 2273 3656 matura:

714 3700 1063 3768 colliguntur.
1092 3696 1295 3750 Ibidem
1322 3694 1653 3764 proveniunt
1688 3709 1899 3762 magna:
1932 3707 2098 3746 nuces
2129 3691 2274 3745 ludi-

714 3809 809 3859 αθ,
841 3801 895 3846 ct
920 3799 1163 3845 aromata
1196 3788 1353 3844 nobis
1382 3801 1529 3857 paene
1558 3795 1749 3859 negata
1773 3788 1865 3842 sed
1901 3786 2268 3856 optatissima,

714 3898 769 3943 et
804 3900 1025 3955 magnes
1058 3884 1218 3952 lapis.
1269 3879 1417 3935 Gens
1469 3895 1531 3933 ea
1590 3882 1676 3949 pia
1732 3890 1815 3933 est
1845 3881 2120 3947 vitamque
2166 3880 2275 3945 agit

717 3978 1049 4032 moderatam
1090 3983 1145 4028 et
1184 3973 1351 4026 Deum
1402 3972 1555 4025 colit.
1589 3971 1661 4023 Ex
1715 3971 1901 4024 eadem
1937 3969 2156 4035 regione
2184 3969 2277 4022 Ni-

716 4070 805 4122 lus
836 4067 1102 4136 originem
1146 4065 1315 4133 capit,
1364 4077 1718 4124 causamque,
1751 4069 1974 4130 prOpter
2012 4077 2173 4130 quam
2230 4063 2275 4115 is

716 4162 915 4215 ﬂuvius
950 4158 1098 4212 Julio
1148 4166 1201 4210 et
1232 4156 1476 4224 Augusto
1509 4155 1790 4206 mensibus
1833 4154 2114 4216 increscit,
2165 4168 2273 4206 non

717 4251 823 4305 alio
853 4258 1118 4317 tempore,
1146 4254 1209 4298 ut
1229 4244 1439 4312 reliqua
1471 4240 1721 4305 flumina,
1750 4242 1890 4295 hanc
1914 4255 2036 4295 esse
2065 4242 2276 4304 dicunt,

716 4338 861 4409 quod
886 4338 938 4391 hl
964 4336 1072 4389 dtto
1098 4347 1311 4387 menses
1335 4331 1441 4385 illis
1459 4330 1511 4383 in
1538 4330 1853 4398 regionibus
1880 4331 2094 4385 caeteris
2118 4347 2275 4386 men-

718 4430 875 4484 sibus
905 4428 1212 4497 frigidiores
1261 4424 1392 4486 sint,
1432 4431 1722 4492 propterea
1763 4424 1906 4491 quod
1940 4433 2050 4477 tum
2086 4425 2171 4478 sol
2207 4423 2276 4477 ad

720 4527 961 4576 nostram
1001 4518 1278 4587 regionem
1326 4514 1710 4581 borealetuque
1758 4516 2038 4582 procedat.
2065 4518 2182 4581 Qua
2211 4516 2278 4569 de

2374 3422 2539 3474 etiam
2581 3418 2814 3473 habitari
2859 3428 3140 3489 nequeunt
3173 3419 3277 3472 illa:
3311 3421 3584 3490 regiones,
3614 3430 3846 3487 propter
3885 3420 3955 3473 ii-

2376 3514 2477 3577 las,
2511 3512 2653 3575 dico,
2697 3512 2967 3567 terribiles
2999 3519 3050 3565 et
3088 3520 3384 3567 venenatas
3415 3514 3641 3567 bestias.
3670 3511 3959 3581 Elephan-

2378 3616 2556 3658 torum
2594 3614 2773 3657 autem
2809 3604 3005 3657 ibidem
3060 3612 3209 3657 tanta
3248 3604 3544 3657 multitudo
3582 3614 3687 3670 est,
3738 3614 3956 3673 quanta

2376 3698 2513 3766 apud
2549 3711 2648 3750 nos
2693 3697 2854 3748 boum
2888 3706 3054 3764 atque
3085 3697 3294 3759 ovium,
3342 3707 3748 3765 pascunturque
3778 3698 3953 3751 etiam

2376 3790 2637 3858 gregatim
2673 3797 2951 3855 vagantes.
2986 3788 3081 3841 ille
3107 3802 3228 3841 cum
3259 3801 3323 3839 ea
3358 3786 3411 3839 in
3445 3789 3663 3857 regione
3689 3787 3957 3854 aliquan-

2376 3884 2465 3936 diu
2500 3888 2873 3935 commoratus
2922 3888 3067 3934 esset
3110 3878 3337 3947 jamque
3391 3878 3618 3946 pulchre
3662 3879 3959 3935 didicisset

2376 3971 2552 4040 ςμιιιίε
2577 3984 2909 4032 sermonem,
2942 3970 2994 4021 in
3030 3970 3262 4036 patriam
3296 3967 3475 4022 redire
3510 3970 3758 4037 cupivit;
3792 3986 3964 4023 emn-

2377 4078 2483 4131 que
2533 4068 2766 4114 mentem
2825 4075 2976 4114 suam
3036 4060 3342 4114 incolarum
3384 4060 3550 4115 alicui
3603 4062 3953 4128 aperuisset,

2378 4152 2642 4206 deductus
2676 4152 2743 4205 ab
2769 4167 2834 4205 eo
2860 4160 2943 4205 est
2978 4151 3030 4204 in
3057 4152 3236 4206 locum
3268 4152 3579 4220 quemdam,
3614 4167 3726 4221 quo
3760 4154 3830 4207 ab
3863 4170 3961 4209 ex-

2380 4244 2551 4297 ternis
2590 4242 2739 4300 indis
2771 4242 3036 4296 navicula:
3086 4243 3347 4296 aromatis
3380 4252 3587 4297 onustae
3622 4244 3825 4311 appelli
3865 4259 3959 4299 so-

2381 4334 2582 4388 lebant.
2624 4334 2825 4387 llarunt
2860 4348 2963 4386 una
2998 4346 3303 4387 conscensa
3354 4341 3408 4386 et
3456 4334 3593 4387 mari
3627 4336 3954 4397 commissa,

2383 4441 2505 4480 mox
2531 4440 2722 4479 navem
2756 4426 3015 4493 grandem
3056 4424 3315 4480 Ibericam
3352 4426 3577 4489 invenit,
3606 4441 3715 4495 qua
3746 4427 3801 4480 in
3834 4428 3955 4482 lbe~

2383 4516 2516 4569 riam
2553 4517 2667 4570 sive
2701 4515 3017 4584 Hispaniam
3052 4516 3544 4585 Portugalliensem
3592 4519 3810 4574 delatus
3850 4533 3955 4579 est.

719 4628 777 4667 re
810 4598 1048 4679 augescit
1088 4606 1244 4660 Nilus
1288 4605 1461 4659 media
1508 4613 1694 4659 aestate
1729 4605 2067 4676 iuundatque
2112 4606 2273 4676 A‘ng-
2310 4608 2353 4662 υ
2386 4607 2618 4675 indeque
2663 4607 2769 4661 alia
2802 4608 2931 4661 'navi
2986 4609 3041 4662 in
3072 4609 3282 4663 insulas
3314 4608 3661 4665 Britannicas
3697 4623 3752 4665 et
3782 4628 3955 4681 prope

719 4715 897 4773 ptum,
934 4709 1122 4768 utpote
1150 4698 1263 4752 sole
1289 4711 1482 4750 zonam
1519 4696 1693 4763 magis
1724 4696 1994 4750 borealem
2043 4698 2280 4751 obeunte

719 4804 773 4848 et
804 4793 1042 4846 instante
1074 4788 1197 4842 aliis
1230 4786 1567 4842 fluminibus.
1593 4783 1835 4854 Trajecit
1867 4796 2051 4842 autem
2083 4787 2195 4852 ille,
2222 4796 2281 4842 ut

721 4886 788 4939 ad
838 4882 1138 4951 Longaevos
1199 4878 1527 4947 perveniret,
1561 4877 1726 4932 etiam
1778 4879 1943 4932 alium
1987 4882 2277 4947 quemdam

721 4976 969 5038 (luvium,
1008 4971 1163 5027 valde
1212 4971 1577 5041 periculosum
1608 4980 1831 5041 propter
1879 4971 2071 5041 ingens
2100 4975 2279 5041 quod-

723 5069 849 5123 dam
883 5064 1086 5119 animal
1116 5064 1475 5132 a‘mphibium,
1506 5064 1651 5134 quod
1683 5066 1738 5117 in
1771 5078 1835 5118 eo
1862 5063 2087 5119 ﬂumine
2123 5066 2277 5128 vivit,

723 5162 938 5215 illorum
963 5172 1213 5213 sermone
1235 5157 1727 5226 odontmyraunum
1751 5158 2106 5227 appellatum,
2133 5158 2279 5227 quod

721 5250 804 5304 vel
839 5250 1110 5318 integrum
1160 5246 1331 5315 possit
1383 5247 1729 5315 elephantum
1782 5248 2068 5301 devorare.
2127 5248 2280 5303 Inve-

723 5342 949 5395 niuntur
979 5341 1030 5394 in
1074 5338 1182 5393 illis
1219 5337 1352 5392 locis
1386 5337 1617 5392 desertis
1646 5346 1909 5405 praeterea
1942 5339 2064 5393 alia:
2097 5341 2280 5393 multa:

725 5430 1012 5485 horrenda:
1047 5427 1229 5483 bestiae
1252 5437 1305 5481 et
1332 5425 1547 5491 bellum,
1584 5427 1731 5479 velut
1757 5429 2021 5482 dracones
2063 5428 2278 5497 plurimi

721 5533 775 5577 et
806 5524 1071 5592 iungentes,
1093 5519 1426 5587 longitudine
1443 5519 1749 5573 cubitorum
1778 5519 1888 5574 fere
1917 5522 2278 5590 septuaginta,

720 5613 1007 5667 altitudine
1046 5621 1099 5665 et
1133 5611 1417 5664 latitudine
1455 5611 1613 5677 longe
1660 5612 2071 5674 terribilissimi,
2121 5627 2278 5666 scor-

718 5705 910 5768 piones
937 5701 1228 5766 cubitales,
1276 5700 1521 5757 formicae
1554 5718 1718 5757 unius
1754 5702 2037 5771 spithamre
2067 5714 2119 5756 et
2162 5719 2278 5757 am-

717 5794 881 5862 plius,
914 5793 1325 5861 vespertiliones
1367 5808 1659 5847 corvorum
1716 5797 2032 5848 mstivorum
2083 5795 2276 5856 instar,

720 5896 919 5938 muscze
965 5883 1277 5950 passeribus
1313 5897 1471 5953 pares
1501 5885 1890 5953 magnituline.
1934 5886 2278 5954 Quapropter

2383 4696 2731 4753 Germaniam
2764 4700 3065 4768 profectus,
3110 4700 3165 4753 in
3198 4700 3429 4755 lberiam
3462 4716 3581 4754 eam
3615 4703 3861 4771 trajecit,
3899 4711 3954 4761 in

2381 4806 2490 4860 qua
2517 4805 2615 4861 ego
2652 4792 2769 4862 ipse
2801 4808 2925 4848 eunt
2957 4793 3140 4848 inveni
3191 4805 3357 4863 atque
3387 4792 3501 4848 haec
3548 4794 3625 4848 ita
3652 4796 3723 4849 ab
3752 4812 3818 4852 en
3860 4815 3958 4854 au-

2384 4886 2512 4938 divi.

2456 4975 2693 5029 Discessi
2720 4991 2821 5046 ego
2844 4975 2990 5029 illam
3020 4977 3074 5030 in
3099 4976 3377 5047 regionem
3396 4976 3467 5031 ob
3487 4976 3805 5046 coniugium
3830 4995 3955 5035 cum

2383 5066 2639 5121 alterutra
2674 5067 2899 5131 familia,
2932 5078 3093 5137 prout
3134 5068 3263 5122 tnihi
3293 5069 3592 5130 videretur,
3626 5070 3945 5125 concilian-

2384 5160 2533 5214 dum.
2564 5158 2799 5214 Necesse
2824 5170 3002 5213 autem
3044 5169 3182 5223 erat,
3212 5176 3320 5229 quo
3353 5160 3525 5214 tutior
3562 5175 3741 5214 essem
3775 5178 3805 5215 a
3837 5166 3957 5217 cul-

2384 5266 2473 5318 pa,
2506 5252 2899 5318 tttimperatori
2940 5251 3222 5318 utriusque
3256 5251 3470 5320 generis
3510 5252 3805 5305 commoda
3862 5270 3960 5320 per

2384 5340 2596 5396 litteras
2618 5342 3005 5411 significarem,
3036 5357 3266 5410 quorum
3290 5343 3379 5396 ille
3400 5341 3625 5396 duceret
3654 5344 3955 5399 rationem.

2384 5433 2460 5485 Ad
2506 5434 2748 5487 Atnisum
2804 5434 2902 5488 feci
2942 5434 3311 5502 naufragium,
3365 5434 3547 5503 ibique
3600 5432 3957 5501 imperaturis

2384 5534 2712 5590 exspectans
2762 5540 3083 5594 responsum
3128 5526 3275 5579 circa
3334 5540 3427 5579 eas
3475 5524 3730 5591 regiones
3782 5539 3955 5580 annos

2383 5616 2520 5669 duos
2555 5625 2606 5668 et
2639 5617 2755 5671 dies
2792 5617 3012 5687 triginta
3064 5627 3436 5672 commoratus
3474 5632 3621 5669 sum.
3660 5615 3763 5669 illo
3820 5631 3957 5671 tem-

2385 5720 2534 5773 νοτε,
2573 5705 2747 5759 Martii
2783 5710 2990 5763 mensis
3023 5708 3109 5761 die
3140 5708 3211 5760 23
3260 5708 3504 5776 ejusdem
3555 5707 3711 5771 anni,
3741 5709 3811 5761 ad
3838 5709 3959 5763 hea-

2386 5808 2565 5851 torntn
2602 5800 2755 5853 sedes
2779 5802 2946 5855 cessit
2977 5800 3212 5871 gloriosa
3236 5801 3496 5868 despmna
3530 5797 3713 5864 lrene,
3751 5814 3853 5868 per
3876 5801 3959 5854 di—

2386 5904 2568 5942 vmttm
2606 5901 2654 5944 et
2694 5891 2995 5960 angelicum
3034 5891 3278 5944 habitum
3335 5898 3546 5944 mutulo
3580 5890 3814 5945 nomine
3854 5891 3960 5959 Hy-
