4134 6452
234 493 338 554 813

1245 487 1695 548 CHRONICON
1731 485 1995 544 MAJUS.
2044 508 2102 518 -
2158 484 2307 545 LIB.
2358 484 2474 543 Ιῐῐ.

3365 480 3471 546 814

235 605 505 657 απέυανεν
532 604 559 654 ό
595 604 817 671 ἁμῃρᾶς
848 606 877 655 6
919 603 1293 673 Ἀμοιράτης,
1337 602 1364 653 ὃ
1414 602 1570 667 κάγὼ
1598 599 1803 670 ἔμαθον
1836 618 1873 665 Α
1906 600 1998 651 καὶ
2031 602 2061 669 ὴ
2098 600 2247 662 πόλις
2279 598 2602 669 ὴπορημένη
2639 596 2757 651 ἐστὶ
2816 596 2904 650 διὰ
2937 598 3028 652 τὸν
3059 598 3327 668 αὐθέντην
3365 618 3467 667 μου

233 694 407 748 ετιῶν
436 697 495 747 ἐν
520 697 585 764 τῇ
619 693 849 764 Ἰϐηρίᾳ.
877 696 965 757 Ὠς
984 691 1077 748 οὖν
1099 692 1263 764 ἦλθον
1286 696 1364 755 είς
1385 694 1797 763 Τραπεζοῦντα,

231 783 419 853 εῐρηκὲ
451 801 541 852 μοι
562 786 589 835 6
620 783 871 853 βασιλεὺς
900 784 1095 839 τοιάδε·
1127 800 1145 833 ι
1177 786 1348 853 Κύριε
1380 782 1606 851 πρέσϐυ,
1639 782 1794 849 211

232 878 407 927 εἰπεῖν
440 892 521 928 σοι
564 876 701 928 θέλω
752 875 998 945 χρηστάς
1033 875 1317 942 ἀγγελίας,
1347 876 1395 926 εί
1434 872 1508 943 μὴ
1540 874 1620 925 δεῖ
1666 875 1800 925 ἁπο-

230 966 415 1020 δοῦναί
465 984 523 1019 σε
555 968 686 1037 ημῖν
717 985 771 1020 τι
800 967 973 1033 δῶρον
1000 968 1245 1037 χάριτος.
1291 985 1309 1017 ι
1360 967 1530 1033 Κάγὼ
1561 964 1799 1026 ἀναστὰς

233 1061 619 1132 προσεκύνησα
646 1062 811 1115 αὐτὸν
840 1062 1013 1115 είπὼν
1040 1079 1085 1114 ο(
1121 1061 1183 1117 Ὀ
1209 1063 1343 1125 Θεὸς
1377 1059 1799 1132 μακροημερεύ-

233 1168 315 1203 σοι
350 1153 447 1221 τὴν
491 1153 653 1219 ἁγίαν
688 1169 781 1204 σου
818 1153 1124 1221 βασιλείαν,
1153 1154 1211 1216 ὃς
1259 1154 1608 1223 πολυτρόπως
1642 1154 1796 1223 εὐερ-

230 1246 407 1309 γετεῖς
428 1244 573 1312 ἡμᾶς
601 1260 615 1273 ·
640 1242 814 1308 οὕτως
838 1246 930 1298 καὶ
955 1247 1045 1299 διὸ.
1066 1247 1163 1309 τὰς
1191 1246 1285 1299 νῦν
1302 1246 1510 1314 ἀγαθὰς
1536 1246 1799 1314 ἀγγελίας

227 1330 388 1396 αὖθις
412 1336 794 1405 εὐεργετήσεις
820 1339 990 1407 ἡμᾶς.
1031 1337 1171 1390 Ἀλλ’
1215 1339 1346 1407 ἡμῖν
1380 1340 1481 1391 οὐκ
1505 1338 1669 1396 ..ἔστιν
1701 1338 1795 1390 ἀν-

225 1422 409 1486 τάξιόν
435 1442 487 1477 τι
515 1425 812 1479 ἀποδοῦναι
843 1428 908 1497 τῇ
943 1426 1196 1498 βασιλείᾳ
1226 1443 1320 1479 σου
1348 1429 1415 1497 τῇ
1448 1427 1601 1498 ἀγίᾳ.
1636 1444 1655 1479 ι
1687 1428 1797 1481 Kal

226 1513 391 1577 εὐθὺς
430 1512 553 1568 εἶπέ
603 1533 694 1585 μοι
731 1518 859 1589 περὶ
912 1517 1008 1571 τοῦ
1060 1517 1295 1572 θανάτου
1331 1518 1426 1572 τοῦ
1456 1520 1671 1589 ἀμηρᾶ,
1701 1520 1796 1571 καὶ

226 1606 347 1669 πῶς
380 1610 407 1659 6
442 1607 555 1669 υίὸς
609 1608 774 1662 αὐτοῦ
824 1610 1041 1677 ἐγένετο
1088 1611 1353 1679 αὐθέντης
1408 1613 1502 1664 καὶ
1535 1612 1795 1673 πλείστας

224 1699 457 1767 χάριτας
487 1700 713 1770 ἐποίησε
738 1702 819 1770 τῷ
848 1702 1065 1764 ἄνακτι,
1114 1705 1209 1756 καὶ
1242 1706 1431 1775 εἰρήνη
1480 1701 1634 1766 αὖθις
1668 1706 1793 1757 ἐπε-

226 1792 450 1862 κυρώθη
503 1791 817 1861 ἀναμεταξὺ
876 1794 1060 1848 αὐτῶν
1107 1798 1295 1867 τηρεῖν
1331 1796 1525 1865 αὐτὴν,
1572 1796 1646 1857 ὼς
1700 1798 1793 1849 καὶ

225 1879 424 1947 πρώην
456 1880 595 1949 μετά
621 1882 715 1935 τοῦ
748 1883 955 1952 πατρὸς
988 1884 1153 1938 αὑτοῦ
1194 1882 1339 1955 εἶχεν
1368 1887 1395 1938 6
1442 1887 1665 1939 ἐκείνων
1709 1882 1789 1937 οϊ-

1907 689 2001 740 xal
2036 688 2261 756 βασιλέα
2298 689 2495 740 νεωστὶ
2520 689 2588 740 τὰ
2615 689 2871 756 σκῆπτρα
2915 689 3169 755 λαϐόντα,
3200 687 3257 750 6;
3287 693 3381 740 καὶ
3408 689 3470 739 ἐκ

1903 781 2013 833 τῶν
2043 781 2143 849 τῆς
2194 782 2477 851 βασιλείας
2532 782 2906 851 εἰσοδημάτων
2941 782 3113 833 πολλὰ
3143 782 3350 848 ὀφείλει
3381 782 3470 833 διὰ

1902 870 1998 934 τὰς
2027 871 2239 935 ἐξόδους
2263 874 2355 925 καὶ
2377 873 2446 924 τά
2470 872 2761 941 φιλόδωρα,
2787 872 2823 925 ἀ
2852 873 3146 942 ἐχαρίσατο
3169 875 3279 933 τοῖς
3307 890 3470 940 στρα-

1900 942 2130 1024 τιώταις
2158 962 2253 1015 καὶ
2290 962 2441 1032 πάσῃ
2468 964 2533 1031 τῇ
2575 963 2713 1033 αὐλῇ
2741 979 2754 993 ·
2780 964 2859 1015 διὸ
2887 962 3059 1016 δεῖται
3095 961 3289 1033 καιροῦ
3319 964 3468 1032 είρη-

1902 1050 2053 1104 νικοῦ
2086 1052 2221 1122 πρὸς
2252 1052 2313 1105 τὸ
2351 1053 2768 1122 ἐξοικονομῆσαι
2800 1054 2866 1107 τὰ
2895 1055 2993 1119 τῆς
3031 1055 3210 1124 μάχης
3238 1054 3333 1105 καί⁵
3372 1054 3465 1105 τοῦ

1901 1142 2141 1214 πολέμου
2171 1144 2453 1213 ἀναγκαῖα
2485 1144 2578 1198 καὶ
2606 1144 2913 1214 ἐπιτήδεια.
2964 1145 3073 1198 Kal
3101 1147 3197 1198 ἐὰν
3240 1144 3330 1198 διὰ
3370 1145 3464 1205 τὰς

1900 1235 2175 1305 ἁμαρτίας
2212 1236 2369 1305 ἡμῶν
2399 1237 2428 1288 6
2457 1236 2592 1299 Θεὺς
2640 1238 3041 1309 παραχωρήσῃ,
3085 1237 3179 1290 καὶ
3228 1236 3391 1299 αὐτὸς
3438 1238 3466 1287 6

1898 1326 2176 1396 ἀλιτήριος
2209 1328 2316 1382 ὑπὸ
2344 1330 2440 1399 τῆς
2476 1330 2728 1400 νεότητος
2754 1329 2921 1383 αὑτοῦ
2951 1332 3046 1383 καὶ
3074 1328 3462 1398 κακογνωμίας

1896 1420 2133 1492 όρμήσοι
2163 1422 2231 1476 ἂν
2265 1424 2449 1493 μάχην
2499 1424 2724 1492 ποιῆσαι
2774 1424 2917 1478 κατά
2949 1424 3051 1491 τῆς
3096 1422 3327 1487 πόλεως,
3363 1422 3464 1474 οὐκ

1896 1507 2013 1564 οἶδα
2041 1512 2095 1564 τί
2131 1514 2424 1583 γενήσεται
2446 1515 2525 1576 είς
2551 1515 2721 1583 ἡμᾶς.
2755 1515 2864 1567 Nal
2890 1514 3104 1583 ἀληθῶς
3130 1514 3463 1585 εὐφρόσυνος

1896 1603 2128 1670 ἀγγελία
2159 1599 2246 1673 ἦν,
2281 1604 2329 1656 εί
2369 1603 2642 1657 ἀπέθανεν
2676 1605 2705 1656 6
2734 1604 2829 1656 νῦν
2864 1606 3099 1672 γεγονὼς
3150 1606 3268 1667 νέος
3317 1605 3464 1674 ἀμη-

1899 1694 2019 1761 ρᾶς,
2044 1695 2167 1746 ἐπεὶ
2194 1696 2223 1747 6
2255 1694 2438 1765 πατὴρ
2484 1695 2652 1749 αὑτοῦ
2695 1696 2795 1748 οὐκ
2825 1692 2971 1764 εἶχεν
3002 1696 3161 1748 ἄλλον
3195 1696 3333 1757 υἱὸν,
3369 1696 3464 1746 καὶ

1895 1785 1970 1854 τῷ
2000 1786 2218 1855 γηραιῷ
2244 1786 2306 1839 ἐκ
2328 1788 2427 1857 τῆς
2458 1787 2632 1852 λύπης
2656 1789 2860 1840 ἐδίδοτο
2882 1788 3155 1851 ἀσθένεια,
3187 1786 3247 1851 ἐξ
3273 1782 3339 1856 ἦς
3371 1787 3464 1838 καὶ

1892 1879 2275 1948 ὀλιγοχρονία·
2310 1882 2403 1932 καὶ
2461 1881 2653 1933 τούτου
2706 1880 2895 1932 ἕνεκεν
2943 1882 3021 1941 είς
3072 1880 3316 1931 κίνδυνον
3369 1881 3463 1931 καὶ

222 1985 340 2031 κος.
368 1970 541 2037 Κάγὼ
570 1971 808 2036 ἀκούσας
833 1972 1005 2036 οὕτως
1040 1976 1308 2045 ἐγενόμην
1340 1977 1553 2045 ἄφωνος
1578 1979 1671 2029 καὶ
1698 1994 1786 2029 το-
1819 1982 1860 2040 Β
1892 1972 2242 2041 διχοστασίαν
2271 1972 2515 2041 μεγάλην
2554 1974 2844 2025 ἐνέπιπτεν
2872 1975 2903 2043 ἡ
2927 1974 3032 2025 τῶν
3060 1972 3272 2025 ἀσεϐῶν
3294 1970 3460 2041 ἀρχὴ.

226 2058 405 2128 σαύτη
435 2059 596 2130 ὀδύνη
630 2078 722 2130 μοι
756 2063 1061 2135 περιείχετο
1091 2064 1167 2128 ὡς
1197 2066 1245 2118 εί
1273 2067 1399 2138 περὶ
1428 2067 1519 2120 τοῦ
1552 2069 1785 2120 θανάτου

220 2153 335 2207 τῶν
360 2153 509 2224 ἐμῶν
536 2155 810 2223 φιλτάτων
840 2159 1121 2228 ηκούκειν.
1155 2162 1263 2214 Kal
1295 2162 1490 2233 μικρὸν
1520 2162 1789 2232 κατηφιά-

223 2263 325 2309 σας
357 2246 501 2315 λέγω
523 2263 539 2279 ο
571 2267 593 2301 ι
626 2249 875 2305 Δέσποτά
908 2269 1031 2321 μου,
1067 2252 1207 2323 αὕτη
1232 2255 1293 2307 ού
1323 2254 1589 2325 χαρίεσσα
1619 2258 1789 2323 ἐπαγ-

220 2338 384 2406 γελία
409 2339 578 2405 ἐστὶν,
612 2341 749 2395 ἀλλὰ
780 2343 876 2395 καὶ
921 2344 1041 2398 λίαν
1090 2345 1347 2416 ὀδυνηρά.
1382 2364 1400 2397 ι
1458 2348 1517 2399 '0
1550 2347 1606 2399 δὲ
1640 2346 1789 2415 λέγει

225 2450 244 2481 ι
276 2431 386 2484 Kal
404 2432 540 2498 πῶς,
558 2434 758 2503 χρηστέ
781 2436 943 2505 «ἄνερ
966 2453 979 2500 ;
1012 2455 1029 2487 ι
1055 2437 1230 2505 κάγὼ,
1255 2456 1273 2489 ι
1299 2439 1442 2490 Διότι
1467 2440 1495 2492 6
1517 2437 1789 2508 τεθνηκὼς

222 2524 448 2592 ἁμηρᾶς
489 2519 556 2594 ἦν
591 2525 791 2594 γέρων,
827 2528 923 2579 καὶ
969 2532 1030 2579 τὸ
1083 2530 1220 2580 κατά
1256 2528 1358 2598 τῆς
1410 2530 1618 2593 πόλεως
1651 2532 1788 2584 ἀπε-

223 2615 502 2685 πειράσθη
532 2617 703 2687 αὐτῷ,
736 2620 829 2672 καὶ
861 2619 1042 2673 οὐκέτι
1075 2620 1327 2674 ἐϐούλετο
1376 2622 1788 2693 ἐγχειρισθῆναί

222 2725 277 2760 τι
310 2710 643 2780 κατάὐτῆς,
672 2709 808 2763 ἀλλά
847 2712 1007 2779 μόνον
1032 2713 1191 2781 ἦθελε
1224 2713 1425 2783 μᾶλλον
1454 2716 1785 2783 εἰρηνεύειν·

222 2805 251 2854 ὁ
279 2801 336 2855 δὲ
369 2804 462 2855 νῦν
490 2803 728 2872 γεγονώς
763 2806 877 2857 ἐστι
911 2805 1027 2867 νέος
1057 2806 1149 2857 καὶ
1196 2806 1473 2861 παιδιόθεν
1503 2808 1692 2878 ἐχθρὸς
1723 2805 1789 2877 ἦν

222 2896 336 2947 τῶν
373 2896 712 2965 Χριστιανῶν
746 2898 882 2966 πρὸς
935 2897 995 2949 τδ
1044 2898 1286 2967 ὑϐρίζειν
1333 2901 1425 2951 καὶ
1472 2900 1789 2953 ἐπαπειλεῖν

224 2988 450 3051 αὐτοὺς,
478 2987 655 3053 λέγων
686 2988 769 3040 ὃτι
796 2989 924 3041 ὅταν
964 2989 1156 3059 καιρὸν
1187 2989 1324 3060 εὕρῃ
1352 2991 1657 3060 ἐπιτήδειον
1696 2994 1789 3045 καὶ

220 3077 322 3147 τὴν
350 3079 446 3142 τῆς
481 3079 759 3147 βασιλείας
789 3080 1042 3145 ἐξουσίαν
1075 3084 1153 3143 είς
1192 3084 1380 3152 χεῖρας
1414 3082 1581 3135 αὑτοῦ
1612 3082 1787 3152 λήψη-

220 3187 336 3233 ται,
375 3168 473 3238 τὴν
522 3170 696 3241 ἀρχὴν
730 3171 838 3223 τῶν
882 3172 1168 3240 Ῥωμαίων
1214 3176 1310 3227 καὶ
1360 3174 1579 3228 πάντων
1625 3177 1785 3245 212

220 3265 569 3333 Χριστιανῶν
600 3266 712 3336 ἔχει
739 3265 1119 3334 ἐξολοθρεῦσαι
1145 3269 1238 3320 καὶ
1267 3270 1551 3337 ἀφανίσαι.
1581 3269 1659 3323 Ta
1690 3270 1785 3321 νῦν

219 3459 458 3511 pomone
493 3445 756 3499 monacha
790 3447 954 3501 dicta.
989 3445 1211 3517 Sepulta
1233 3458 1322 3503 est
1358 3450 1410 3502 in
1452 3454 1784 3505 monasterio

223 3537 657 3601 Pantocratoris,
686 3537 841 3607 juxta
872 3539 1089 3593 beatum
1122 3548 1173 3594 et
1216 3540 1513 3608 gloriosum
1547 3543 1782 3610 impera-

223 3640 423 3693 torem,
448 3630 734 3700 coniugem
779 3630 918 3699 ejus.
951 3630 1133 3686 Mense
1176 3631 1471 3686 Februario
1494 3636 1620 3686 anni
1644 3635 1784 3687 6959

219 3725 517 3777 Amurates
548 3738 764 3779 ameras
810 3724 967 3787 obiit,
1012 3724 1155 3792 quod
1184 3741 1284 3793 ego
1316 3726 1370 3778 in
1399 3726 1573 3780 lberia
1618 3728 1781 3781 etiam

216 3826 338 3869 tum
374 3815 575 3883 degens
619 3816 825 3885 accepi.
880 3808 1275 3886 Trapezuntem
1325 3818 1489 3888 igitur
1544 3829 1601 3874 ut
1636 3820 1782 3881 veni,

216 3908 523 3975 imperator
553 3908 636 3962 his
666 3923 754 3963 me
782 3908 960 3963 verbis
986 3910 1206 3979 excepit
1236 3928 1248 3963 :
1280 3928 1297 3961 ι
1333 3908 1555 3964 Domine
1586 3911 1779 3979 legate,

221 4007 469 4059 faustum
524 4004 619 4058 tibi
674 4005 929 4058 nuntium
979 4004 1259 4073 impertire
1308 4004 1450 4071 volo,
1492 4005 1593 4058 nisi
1636 4006 1780 4073 quod

220 4113 425 4152 lllllﬂllS
464 4096 680 4167 aliquod
720 4098 855 4166 grati
882 4096 1050 4150 animi
1081 4097 1352 4165 rependas
1393 4098 1523 4151 mihi
1557 4113 1782 4153 necessc

216 4200 322 4244 cst.
355 4208 373 4241 ι
400 4189 478 4243 Ad
501 4204 622 4258 qua;
640 4204 738 4259 ego
758 4205 985 4257 surgens
1006 4203 1239 4257 eumque
1255 4191 1524 4244 adorans:
1556 4190 1777 4253 «Deus,»

218 4287 473 4352 inquam.
504 4302 521 4333 ι
552 4282 667 4337 dies
700 4283 961 4350 producat
996 4292 1198 4336 sancta:
1232 4281 1501 4351 majestati
1539 4296 1662 4349 tua},
1689 4283 1781 4351 qui

1892 2067 1986 2115 καὶ
2019 2066 2075 2115 ἐν
2101 2064 2178 2126 τῷ
2214 2067 2365 2135 μέσῳ
2396 2066 2585 2119 τούτου
2618 2067 2711 2119 τοῦ
2747 2067 2941 2136 καιροῦ
2971 2068 3192 2118 ἐδύνατο
3220 2065 3285 2118 ἂν
3311 2065 3457 2133 διορ-

1890 2156 2063 2208 θῶσαι
2100 2158 2194 2209 καὶ
2222 2159 2577 2228 οἰκονομῆσαι
2610 2159 2678 2210 τά
2714 2159 2913 2224 πάντα,
2940 2159 3034 2209 καὶ
3066 2161 3098 2227 ἡ
3139 2157 3335 2211 ἐαυτοῦ
3366 2158 3460 2225 βα-

1899 2247 2078 2299 σιλεία
2112 2248 2378 2301 διέϐαινεν
2423 2252 2505 2313 εἰς
2533 2250 2818 2319 κρείττονα
2857 2251 3217 2319 προτίμησιν.
3253 2266 3274 2299 ι
3300 2250 3374 2304 .Ὀ
3403 2250 3458 2303 δὲ

1893 2338 2145 2407 βασιλεὺς
2175 2328 2617 2411 ’Τραπεζοῦντος
2665 2341 2840 2395 ταῦτά
2893 2359 2984 2411 μοι
3030 2342 3135 2411 ἔφη
3163 2359 3177 2373 ο
3214 2361 3233 2393 ι
3284 2342 3459 2404 Αὐτὸς

1895 2434 2157 2503 ὑπάρχεις
2192 2430 2270 2498 εἷς
2307 2436 2413 2487 τῶν
2445 2435 2725 2503 φρονίμων
2756 2435 3037 2505 ἀρχόντων
3084 2438 3180 2487 καὶ
3224 2453 3448 2505 πρακτι-

1893 2527 2001 2578 κῶν
2029 2527 2126 2594 τῆς
2157 2526 2327 2597 αὐλῆς
2352 2528 2587 2597 ἐκείνης,
2613 2527 2706 2582 καὶ
2727 2528 3017 2595 γινώσκεις
3054 2530 3301 2597 κρεῖττον
3330 2546 3393 2579 πε
3406 2530 3457 2597 pl

1890 2618 2095 2670 τούτων
2120 2634 2133 2648 ο
2170 2619 2319 2688 ὅμως
2367 2621 2395 2672 6
2445 2620 2599 2681 Θεὸς.
2645 2620 2721 2682 ὡς
2773 2620 3014 2683 δυνατὸς,
3048 2622 3264 2688 ποιήσει
3297 2620 3457 2672 αὑτὸν

1891 2712 1968 2771 είς
2010 2711 2235 2777 ἀγαθόν.
2275 2731 2292 2763 ι
2332 2712 2501 2775 Κάγὼ
2534 2710 2852 2781 ἀποκριθεὶς
2884 2708 3010 2763 εἶπα
3038 2727 3050 2740 ·
3079 2731 3097 2763 ι
3126 2712 3260 2765 Δίαν
3294 2712 3457 2779 εὐχα-

1894 2804 2062 2872 ριστῶ
2111 2809 2174 2874 τῇ
2228 2805 2605 2874 καλοκαγαθία
2648 2806 2742 2857 καὶ
2793 2806 3115 2877 προαιρέσει
3150 2806 3309 2876 213
3357 2806 3453 2858 τοῦ

1892 2898 2126 2963 κράτους
2158 2898 2430 2960 σου,ὁιότι
2454 2896 2562 2965 ἐγὼ
2589 2898 2689 2950 οῦκ
2722 2899 2841 2967 είμι
2872 2898 3137 2966 τοσαύτης
3168 2899 3454 2967 ποιότητος

1889 2987 1963 3047 ὡς
2000 2988 2031 3056 ἡ
2066 2987 2313 3056 βασιλεία
2352 3007 2443 3041 σου
2492 2989 2805 3053 ἐκέλευσας.
2848 3008 2865 3041 ι
2914 2991 3179 3052 Ἀκούσας
3212 2993 3318 3060 γὰρ
3344 2992 3454 3058 ἐγὼ

1891 3078 1969 3131 ἔτι
1996 3080 2075 3131 ὅτι
2108 3082 2139 3149 ἡ
2172 3080 2261 3133 τοῦ
2296 3082 2698 3153 προρῤηθέντος
2746 3085 2939 3152 ἀμηρᾶ
2968 3084 3127 3151 γυνὴ,
3154 3085 3189 3153 ἡ
3223 3084 3318 3135 καὶ
3358 3083 3452 3136 τοῦ

1889 3173 1985 3239 τῆς
2017 3172 2242 3241 Σερϐίας
2270 3173 2531 3227 δεσπότου
2566 3174 2837 3245 θυγάτηρ,
2861 3175 2998 3245 μετά
3022 3176 3120 3244 τὴν
3143 3176 3238 3228 τοῦ
3261 3177 3454 3247 ἀμηρᾶ

1890 3265 1983 3315 καὶ
2017 3266 2209 3334 ἀνδρὸς
2258 3268 2430 3335 αὐτῆς
2469 3266 2634 3336 θανὴν
2689 3268 2923 3337 ἐντίμως
2953 3272 3047 3324 καὶ
3080 3270 3261 3333 καλῶς
3312 3273 3451 3325 ἀπε-

1893 3440 2093 3494 habere
2131 3445 2476 3513 minatusque
2498 3446 2679 3500 dicere
2709 3446 2938 3509 solebat,
2965 3465 3046 3514 se,
3071 3467 3188 3504 cum
3214 3452 3447 3521 primum

1892 3532 2234 3585 occasionem
2274 3535 2574 3589 invenisset
2606 3548 2659 3590 et
2690 3552 2854 3605 regno
2884 3539 3089 3607 potitus
3127 3550 3294 3606 esset,
3338 3542 3449 3598 llo-

1894 3637 2200 3687 nianorurn,
2249 3626 2357 3679 imo
2389 3626 2827 3683 Christianorum
2863 3632 3106 3685 omnium
3156 3634 3449 3703 imperium

1893 3712 2239 3779 perditurum
2274 3725 2331 3768 et
2378 3717 2708 3771 deleturum.
2748 3717 2812 3774 Et
2846 3735 2974 3774 vero
3023 3723 3153 3777 urbs
3202 3740 3347 3779 nunc
3392 3725 3448 3780 in

1892 3805 2158 3871 angustiis
2184 3815 2263 3859 est
2298 3818 2516 3876 propter
2553 3809 2851 3878 principem
2894 3828 3076 3866 meum
3110 3823 3165 3869 et
3213 3814 3450 3883 impera-

1896 3906 2065 3949 torem
2104 3912 2292 3951 recens
2343 3916 2568 3967 regnum
2618 3902 2898 3969 adeptum,
2950 3905 3037 3957 cui
3073 3906 3139 3959 de
3185 3907 3449 3961 reditibus

1892 3988 2098 4055 imperii
2130 3990 2330 4056 grande
2355 4005 2428 4045 ωε
2460 3992 2696 4046 alienum
2735 3996 3053 4051 Solvendunt
3086 4009 3192 4062 est,
3233 4009 3447 4068 propter

1890 4077 2260 4144 expeditiones
2289 4089 2341 4133 et
2365 4081 2615 4135 donativa
2641 4092 2751 4136 tum
2779 4085 3061 4151 militibus,
3094 4097 3207 4139 tum
3234 4077 3446 4144 eunetis

1892 4169 2085 4223 aulicis
2105 4172 2296 4224 collata
2319 4172 2632 4226 conﬂatum.
2658 4173 2837 4238 Quare
2862 4179 3197 4245 temperibus
3223 4182 3447 4248 placatis

1892 4273 2029 4327 Opus
2055 4268 2157 4322 est,
2185 4269 2241 4312 ut
2272 4263 2433 4315 rebus
2458 4262 2523 4315 ad
2552 4262 2750 4316 bellum
2785 4268 3115 4322 necessariis
3149 4280 3202 4321 et
3234 4270 3446 4325 idoneis

221 4376 389 4429 mbis
422 4389 544 4428 eum
583 4373 768 4427 multis
789 4373 965 4427 modis
996 4370 1327 4437 benefacias,
1373 4384 1484 4426 tum
1524 4388 1619 4441 per
1650 4374 1785 4426 istos

1893 4361 1950 4401 se
1988 4348 2243 4402 instruat.
2275 4348 2429 4414 Quod
2475 4351 2521 4404 si
2556 4350 2698 4405 Deus
2730 4362 2950 4422 propter
2986 4367 3216 4423 peccata
3256 4370 3441 4413 nostra

216 4480 371 4517 nunc
407 4464 625 4518 nuntios
653 4462 977 4516 benefacies.
1006 4461 1204 4516 Verum
1233 4463 1366 4516 nihil
1393 4478 1491 4517 nos
1523 4465 1784 4516 habemus

217 4556 473 4623 dignum,
510 4553 651 4621 quod
678 4555 1038 4620 rependamus
1061 4562 1263 4606 sanetae
1301 4552 1570 4621 maiestati
1603 4562 1725 4606 tuae.
1758 4570 1776 4602 ι

1890 4441 2239 4503 concesserit,
2270 4453 2327 4495 ut
2347 4458 2577 4511 nequam
2603 4446 2709 4509 illc,
2732 4446 2960 4514 juvenili
2989 4450 3218 4504 audacia
3248 4462 3301 4505 et
3328 4458 3449 4508 ani-

1892 4534 1963 4587 mi
1989 4536 2251 4602 pravitate
2275 4545 2450 4600 actus,
2478 4536 2663 4590 urbem
2697 4537 2837 4593 bello
2859 4541 3230 4610 aggrediatur.
3256 4548 3443 4600 nescio

218 4644 366 4697 Tum
399 4644 582 4696 statim
612 4643 747 4698 dixit
775 4643 905 4696 mihi
934 4644 1001 4698 de
1042 4653 1217 4698 morte
1256 4643 1549 4707 Amuratis,
1593 4658 1784 4696 narra-

1893 4624 2167 4692 equidem.
2202 4625 2331 4690 quid
2366 4626 2524 4681 nobis
2576 4626 2819 4681 futurum
2871 4632 2963 4684 sit.
3015 4632 3269 4688 Profecto
3316 4635 3441 4689 felix

221 4738 436 4803 \‘ilquc,
474 4735 747 4803 quomodo
785 4736 904 4801 ejus
930 4734 1072 4789 filius
1111 4736 1365 4804 princeps
1409 4736 1582 4789 factus
1618 4746 1782 4799 esset,

216 4838 276 4879 et
308 4828 541 4896 plurima
568 4826 671 4881 sibi
697 4826 955 4879 benelicia
980 4827 1339 4895 praestitisset,
1368 4835 1421 4880 et
1442 4842 1544 4895 pax
1570 4842 1785 4879 rursum

223 4922 375 4972 inter
402 4919 547 4988 ipsos
574 4927 717 4974 esset
742 4917 1082 4985 conﬁrmata,
1116 4918 1293 4988 qualis
1318 4919 1481 4972 etiam
1512 4928 1635 4974 ante
1660 4920 1788 4974 huic

216 5010 419 5064 domui
460 5024 581 5063 cum
615 5017 766 5078 patre
796 5010 915 5077 ejus
946 5010 1359 5065 intercesserat.
1396 5008 1531 5074 Quae
1564 5011 1652 5063 ubi
1689 5027 1782 5064 au.

218 5102 366 5166 divi,
402 5100 672 5162 obmutui.
708 5109 998 5167 tantusque
1028 5098 1183 5153 dolor
1215 5114 1302 5153 me
1344 5099 1587 5163 incessit,
1620 5117 1784 5170 quam

220 5196 274 5248 si
324 5194 605 5246 hominum
644 5192 775 5245 mihi
804 5190 1257 5245 cbarissimorum
1308 5200 1535 5243 mortem
1569 5205 1787 5259 compe-

224 5285 452 5338 rissem.
488 5281 691 5335 Deinde
742 5281 979 5335 demisso
1011 5281 1215 5344 animo,
1258 5299 1277 5332 ι
1318 5279 1387 5334 Mi
1418 5281 1666 5349 despota,
1700 5282 1783 5334 in-

220 5391 418 5444 quam,
457 5375 559 5429 iste
590 5374 805 5442 quidem
840 5388 944 5425 non
970 5380 1157 5439 gratus
1183 5372 1406 5427 nuntius
1430 5382 1534 5436 est,
1564 5373 1656 5425 sed
1686 5372 1785 5425 ad-

222 5469 451 5523 modum
475 5468 636 5521 etiam
672 5465 919 5519 acerbus.
952 5483 969 5514 ι
1009 5462 1144 5517 Tum
1170 5465 1287 5517 ille:
1320 5483 1338 5513 ι
1367 5464 1672 5529 Quomodo,
1705 5465 1785 5516 vir

222 5557 417 5613 bone?
452 5574 471 5606 ι
514 5575 530 5607 ι
560 5556 715 5619 Quin,
753 5553 996 5620 inquam,
1039 5554 1105 5617 is,
1144 5554 1235 5620 qui
1272 5553 1429 5612 obiit,
1460 5568 1670 5605 ameras
1700 5569 1787 5607 se-

225 5666 334 5703 nex
367 5659 502 5712 erat,
543 5649 841 5715 urbemque
872 5648 1006 5701 satis
1041 5647 1290 5705 tentavit,
1336 5661 1433 5699 nec
1472 5645 1584 5713 jam
1623 5645 1784 5696 adur-

219 5754 392 5794 turus
422 5754 539 5793 eam
573 5749 709 5804 erat,
752 5739 845 5791 sed
877 5752 1057 5805 pacem
1108 5752 1271 5804 quam
1324 5735 1520 5789 bellum
1568 5736 1780 5789 maluit.

227 5837 295 5885 At
330 5831 421 5898 qni
461 5846 602 5882 nunc
635 5828 813 5882 factus
836 5840 913 5882 est
951 5844 1186 5887 anu-ras,
1221 5828 1265 5877 is
1294 5837 1341 5877 et
1369 5827 1586 5893 itm-nis
1623 5837 1699 5879 (“Si
1732 5837 1784 5879 et

220 5938 255 5977 a
289 5938 463 5992 puero
494 5922 928 5975 llht'iatinnurutn
967 5920 1237 5981 inimicus,
1278 5919 1667 5971 multuncliosc
1690 5936 1779 5972 cos

1891 4720 2119 4770 nuntius
2149 4715 2308 4780 foret,
2345 4720 2389 4771 si
2414 4718 2691 4786 juvenem,
2724 4721 2816 4789 qui
2848 4738 2995 4777 nunc
3022 4720 3235 4779 ameras
3267 4728 3444 4781 factus

1889 4815 1994 4871 est.
2022 4809 2226 4863 obiisse
2274 4811 2579 4875 nuntiares,
2627 4812 2894 4880 siquidem
2924 4826 3075 4885 pater
3112 4819 3233 4887 ejus
3278 4821 3441 4874 alium

1891 4900 2058 4953 filium
2102 4916 2210 4954 non
2256 4901 2480 4957 haberet
2510 4915 2563 4959 et
2592 4907 2707 4959 seni
2740 4922 2769 4960 e
2805 4906 2953 4961 luctu
3002 4910 3239 4964 oriretur
3273 4928 3443 4979 ωδε-ο-

1891 4991 2041 5055 latio,
2070 5008 2134 5045 ex
2163 4995 2515 5062 aegrotatione
2538 4996 2844 5051 deminutio
2885 5002 3008 5053 vita:
3040 5018 3053 5053 :
3087 5003 3230 5057 unde
3268 5004 3319 5057 in
3348 5021 3441 5072 pe.

1890 5083 2122 5136 rieulum
2150 5094 2202 5137 et
2227 5100 2476 5153 magnam
2506 5088 2828 5143 seditionem
2856 5091 3120 5146 incideret
3148 5092 3440 5162 impiorum

1890 5176 2198 5243 imperium,
2240 5188 2425 5231 nostra
2456 5188 2638 5233 autem
2675 5180 2893 5235 interim
2928 5185 3110 5237 omnia
3144 5186 3360 5240 restitui
3387 5200 3443 5243 et

1890 5267 2258 5321 administrari
2282 5279 2528 5337 possent,
2554 5281 2611 5325 ut
2632 5275 2929 5327 auctoritas
2950 5275 3294 5343 imperatoris
3318 5278 3444 5332 inde

1891 5363 2034 5415 haud
2066 5363 2225 5430 paulo
2256 5362 2573 5417 honoratior
2616 5380 2845 5417 evasura
2882 5365 3094 5419 fuisset.
3128 5384 3147 5417 ι
3187 5365 3321 5420 Tum
3350 5383 3440 5422 rer

1890 5453 2284 5521 Trapezuntins
2313 5455 2382 5507 ita
2409 5456 2685 5523 respondit
2716 5473 2729 5508 :
2769 5474 2786 5506 ι
2816 5456 2893 5508 Tu
2919 5472 3042 5509 cum
3070 5457 3185 5525 ipse
3207 5458 3283 5512 sis
3306 5474 3444 5511 unus

1887 5561 1916 5599 e
1954 5548 2315 5614 prudentibus
2348 5556 2400 5599 et
2448 5548 2634 5615 peritis
2666 5547 2797 5599 viris
2850 5548 2996 5602 illius
3038 5551 3197 5611 aulae,
3254 5552 3445 5602 melius

1890 5639 2075 5705 utique
2095 5640 2191 5689 ista
2218 5637 2435 5689 nmisti.
2459 5639 2741 5690 Enimvero
2771 5640 2930 5703 Deus,
2955 5655 3060 5707 qua
3083 5649 3165 5691 est
3186 5644 3443 5703 potentia,

1890 5731 2026 5795 frugi
2064 5730 2213 5782 illum
2251 5730 2431 5782 faciet.
2471 5749 2487 5779 ι
2548 5729 2642 5781 llic
2675 5746 2792 5797 ego,
2856 5749 2873 5779 ι
2908 5729 3148 5796 Magnas.
3196 5730 3440 5797 inquam,

1889 5825 2088 5891 gratias
2137 5839 2237 5891 ago
2291 5823 2583 5886 integritati
2639 5832 2691 5875 et
2748 5822 2977 5875 consilio
3014 5823 3264 5889 potentia:
3311 5832 3440 5883 tuae,

1894 5919 2147 5986 quoniam
2184 5934 2284 5969 "(ut
2334 5927 2510 5968 luunt."
2563 5933 2703 5977 sum,
2761 5928 3020 5982 qttuttlum
3071 5915 3325 5983 maiestas
3356 5927 3443 5970 tua
