4134 6452
230 528 323 592 817
1210 534 1658 595 CIIRONICON
1698 540 1789 596 ΜΛ

1897 542 1966 604 ’5,
2004 566 2068 576 ·-
2104 542 2246 606 LIB.
2296 542 2412 602 III.
3364 539 3487 604 818’

235 651 346 718 ρίου
381 646 590 716 Θέλημα
620 649 941 730 γενήσηται,
980 649 1100 701 ἐπεὶ
1128 652 1405 721 συμφέρον
1440 656 1504 723 τῇ
1543 653 1792 725 βασιλεία
1819 661 1866 716 Α
1896 662 2073 724 γονεῖς
2096 660 2264 730 αὐτῆς
2297 661 2468 730 ἡδέως
2493 662 2583 716 καὶ
2608 662 2862 730 ἀσμένως
2893 660 2982 712 τὸν
3006 661 3162 728 λόγον
3189 660 3464 726 ἐδέξαντο,

232 739 320 791 σού
349 742 464 792 ἐστι
514 740 579 791 τὰ
626 741 1000 810 προειρημένα
1035 742 1159 809 τρία
1206 742 1372 805 αἴτια,
1399 745 1494 797 ἐὰν
1543 749 1789 813 γένηται,
1900 750 1993 800 καὶ
2023 751 2252 818 ἑτοίμως
2275 747 2422 820 εἶχον
2455 753 2810 822 ἐκπληρῶσαι
2841 756 2935 817 καὶ
2966 753 3025 804 τὸ
3056 754 3237 820 ἔργον.
3273 753 3470 806 ’Λλλον

231 831 447 898 μᾶλλον.
483 832 593 884 Καὶ
617 834 667 884 οί
709 836 886 899 γονεῖς
919 833 1091 899 αὐτῆς
1125 836 1439 903 περιχαρῶς
1493 839 1587 888 καὶ
1622 840 1793 906 ἀσμέ-
1899 843 2007 911 γὰρ
2038 845 2140 895 οὐκ
2175 845 2415 897 ἐκώλυσε
2447 847 2506 898 τὸ
2556 847 2799 899 τοιοῦτον
2838 847 3173 899 συνοικέσιον
3200 847 3247 897 εἰ
3285 846 3358 914 μὴ
3386 847 3471 897 ὅτι

232 939 332 984 νως
364 923 605 987 δέξονται
655 924 833 978 τοῦτο.
897 924 1306 989 Ἐξαπόστειλον
1351 922 1444 978 οὖν
1475 927 1638 989 εὐθύς
1667 945 1792 980 τινα
1897 933 1930 1000 ἡ
1968 933 2253 1001 ἀμήρισσα
2293 933 2485 1003 ἐδεήθη
2518 933 2614 985 τοῦ
2664 933 2797 987 Θεοῦ
2833 935 3105 1002 εὐχομένη
3143 930 3355 996 τάξασα
3392 931 3473 981 ἔτι

231 1014 416 1066 πιστὸν
445 1015 554 1067 τῶν
581 1015 676 1067 τοῦ
709 1015 968 1068 παλατίου
1003 1032 1096 1068 σου
1144 1017 1424 1087 ἀρχόντων
1457 1018 1488 1087 ἢ
1518 1019 1626 1071 τῶν
1655 1022 1794 1090 ίερο-
1898 1023 2102 1086 ζῶντος
2137 1024 2227 1076 τοῦ
2259 1025 2452 1102 ἀμηρᾶ
2496 1028 2589 1078 καὶ
2619 1026 2813 1095 ἀνδρὸς
2853 1026 3044 1094 αὐτῆς,
3077 1026 3124 1077 εἰ
3158 1027 3184 1076 6
3218 1023 3351 1085 Θεὸς
3377 1023 3472 1090 οἴῳ

233 1107 539 1177 μονάχωνῆ
586 1108 864 1176 μοναχῶν,
905 1109 997 1159 καὶ
1048 1109 1116 1160 τὰ
1160 1111 1291 1178 περὶ
1339 1113 1531 1162 τούτου
1569 1113 1794 1180 ὁιορθὼ·
1894 1115 1958 1183 δή
2001 1133 2127 1168 ποτε
2153 1117 2340 1186 τρόπῳ
2369 1117 2712 1188 ἐλευθερώσῃ
2751 1117 2920 1186 αὐτὴν
2955 1118 3017 1168 ὲκ
3053 1118 3151 1178 τὰς
3187 1116 3297 1166 τῶν
3347 1117 3475 1167 ἀσε-

232 1217 399 1262 σουσι,
431 1201 524 1252 καὶ
573 1200 812 1270 ἀναόολὴ
859 1202 1085 1268 οὐδεμία
1131 1204 1444 1273 γενήσεται,
1483 1229 1502 1256 ι
1549 1206 1794 1259 Ἀποσω-
1897 1206 2007 1258 ϐῶν
2035 1209 2240 1276 χεῖρας,
2271 1208 2446 1278 ἑτέρῳ
2481 1208 2636 1278 ἀνδρὶ
2685 1210 2884 1277 μηκέτι
2918 1208 2975 1259 ἐν
3029 1209 3095 1275 τῇ
3156 1206 3316 1275 217
3357 1204 3470 1273 ζωῇ

229 1293 426 1345 θέντων
451 1289 547 1344 οὖν
576 1293 684 1346 τῶν
725 1295 1302 1362 γραμματοκομιστῶν
1349 1298 1489 1364 μετά
1531 1299 1628 1365 τῆς
1665 1299 1792 1366 νηὸς
1898 1297 2070 1366 αὐτῆς
2095 1298 2445 1367 συιζευχθείη,
2468 1300 2604 1352 ἀλλά
2635 1301 2820 1369 μένειν
2848 1298 3018 1365 αὐτὴν
3047 1298 3104 1349 έν
3139 1295 3476 1364 σοφρωσύνῃ

226 1388 282 1436 ἐν
307 1389 371 1455 τῇ
403 1385 558 1438 πόλει
590 1388 653 1455 τῇ
691 1385 777 1456 κη’
805 1387 1010 1449 Μαΐου,
1058 1388 1153 1440 καὶ
1205 1391 1231 1440 6
1286 1388 1537 1456 βασιλεὺς
1584 1392 1658 1442 ὢν
1712 1397 1792 1453 εἰς
1897 1391 2343 1458 παρθενεύουσαν
2392 1395 2489 1446 καὶ
2541 1393 2685 1446 κατὰ
2739 1392 2803 1444 τὸ
2857 1391 3084 1443 δυνατὸν
3140 1387 3473 1458 θεραπεύειν

227 1479 548 1546 χοιράγραν,
575 1477 654 1540 ὥς
679 1473 928 1549 ἐμηνύθη
956 1481 1106 1550 αὐτῷ
1141 1482 1408 1551 2ιθρότι
1434 1485 1575 1546 τινὲς
1605 1487 1668 1536 ἐκ
1694 1485 1791 1552 τῆς
1894 1483 2013 1551 Θεῷ
2049 1483 2125 1552 τῷ
2152 1484 2251 1554 τὴν
2287 1485 2602 1554 ἐλευθερίαν
2642 1483 2813 1551 αὐτῆς
2847 1482 3222 1552 χορηγήσαντι
3243 1496 3258 1510 ο
3291 1480 3358 1531 δι’
3408 1478 3474 1548 ἢν

241 1568 476 1636 Ἰδηρίας
523 1569 868 1638 ἐληλύθασιν,
921 1571 1086 1634 ὲάσας
1138 1575 1199 1624 τὸ
1255 1574 1514 1644 συάγριον
1569 1577 1624 1627 ἐν
1681 1579 1791 1638 τοῖς
1895 1573 2077 1626 αἰτίαν
2108 1575 2166 1626 τὺ
2202 1577 2541 1628 σννοικέσιον
2580 1575 2738 1627 τοῦτο
2773 1576 2871 1628 οὐκ
2901 1575 3143 1642 ἐγένετο.

225 1660 546 1729 ἀνακτόροις
575 1655 707 1730 ἦλθε
740 1661 880 1731 μετά
927 1666 1127 1734 χαρᾶς.
1176 1665 1262 1716 Ἐν
1303 1659 1347 1732 ᾧ
1387 1666 1450 1736 δὴ
1490 1667 1668 1737 καιρῷ
1698 1667 1791 1735 ἐφ·
1964 1667 2052 1734 Τῷ
2085 1667 2179 1720 τοῦ
2231 1667 2396 1721 αὐτοῦ
2433 1668 2585 1730 ἔτους
2633 1668 2931 1737 Αὐγούστῳ
2987 1670 3121 1736 μηνὶ
3161 1665 3317 1734 διέϐη
3364 1663 3474 1717 ἀπὸ

223 1750 394 1803 θασαν
423 1753 474 1804 οί
503 1758 959 1823 χαρτοκομισταὶ,
993 1759 1059 1826 τῇ
1088 1763 1174 1824 κη’
1201 1757 1295 1809 τοῦ
1325 1760 1525 1822 Mattio,
1551 1764 1616 1830 τῇ
1650 1761 1788 1831 αὐτῇ
1894 1759 1991 1826 τῆς
2022 1757 2231 1821 πόλεως
2255 1759 2331 1822 ὡς
2365 1761 2538 1830 φυγὰς
2564 1762 2591 1812 ὁ
2624 1761 2972 1830 πατριάρχης
3002 1760 3108 1828 κὺρ
3140 1759 3471 1831 Γρηγόριοςο

223 1843 380 1893 νυκτὶ
411 1842 704 1896 ὑπνώττων
742 1845 914 1915 ἐφάνη
969 1864 1058 1916 μοι
1110 1848 1230 1900 κατ’
1274 1850 1406 1917 ὄναρ
1438 1851 1518 1903 δτι
1550 1853 1642 1903 καὶ
1678 1852 1790 1920 ἐγὼ
1895 1851 1988 1902 καὶ
2023 1850 2133 1918 ἐγὼ
2179 1854 2242 1921 τῇ
2299 1853 2357 1905 ιδ’
2395 1851 2489 1904 τοῦ
2542 1851 2919 1921 Σεπτεμϐρίου
2971 1853 3139 1923 μηνὸς
3194 1852 3287 1904 τοῦ
3319 1851 3472 1919 ,ςξόεἴ

220 1935 298 1996 εἰς
331 1934 430 2003 τὴν
473 1936 1048 1991 Κωνσταντινούπολιν
1082 1939 1316 2020 ἔφθασα,
1349 1944 1443 1994 καὶ
1479 1945 1794 2013 προσσπεύ-
1827 1999 1864 2020 η
1894 1941 2047 2003 ἔτους
2097 1945 2176 2004 είς
2235 1942 2814 1996 Κωνσταντινούπολιν
2864 1944 3128 1997 ἀπέσωσα
3185 1943 3326 2014 μετά
3375 1947 3476 2012 τῆς

223 2043 322 2087 σας
492 2027 706 2097 βασιλεῖ
757 1999 1220 2101 ἀσπασθῆναίίμε
1258 1999 1380 2098 «is;
1415 1999 1583 2099 πόδας
1625 2037 1792 2090 αὐτοῦ
1827 1999 1865 2053 Β
1897 1999 2172 2103 νηὸς-τοῡ-
2196 2034 2363 2087 καλοῦ
2395 2036 2683 2087 Ἀντωνίου
2728 2036 2962 2100 Ῥἰτςου,
2992 2035 3085 2088 τοῦ
3122 1999 3218 2088 καί).
3245 1999 3476 2104 ὖστερόν

220 2119 322 2171 οὐκ
353 2120 504 2172 εἴασέ
538 2139 630 2189 με,
655 2122 771 2175 ἀλλ’
800 2123 1079 2176 ὲπιλασὼν
1108 2127 1376 2193 ἀνέστησέ
1411 2145 1477 2195 με
1509 2129 1602 2179 καὶ
1630 2146 1793 2180 κατε·
1901 2123 2354 2193 μαρτυρήταντος
2402 2123 2543 2194 ὑπὲρ
2603 2124 2703 2193 τῆς
2760 2125 2838 2186 εῐς
2890 2124 3130 2194 Χριστὸν
3177 2124 3339 2177 αὑτοῦ
3390 2124 3478 2176 πίο

220 2212 413 2281 φίλησέ
449 2230 552 2282 μου
599 2215 722 2277 τοὺς
745 2215 1084 2284 ὀφθαλμούς.
1119 2219 1332 2285 Ἔγωγε
1368 2219 1597 2284 ἔξυπνος
1644 2221 1795 2286 γενό-

232 2322 390 2372 μενος
430 2302 584 2360 εἷπον
623 2310 736 2370 τοῖς
770 2311 901 2380 περὶ
954 2311 1055 2378 ἐμὲ
1104 2311 1330 2365 ὐπνοῦσι
1365 2315 1422 2364 τὸ
1457 2314 1662 2383 ὅραμα,
1695 2317 1788 2366 καὶ

217 2397 368 2459 ὅπως
394 2396 494 2465 τῆς
520 2397 735 2468 ἡμέρας
766 2401 1202 2468 μνημονεύσωσι.
1249 2403 1396 2455 Ἰδὼν
1433 2402 1524 2456 οὖν
1551 2407 1577 2455 6
1602 2405 1794 2456 αὐθέν-

215 2503 314 2554 της
358 2504 459 2552 μου
505 2490 598 2540 καὶ
647 2488 902 2557 βασιλεὺς
936 2491 1011 2561 μὴ
1061 2493 1235 2544 ἐλθεῖν
1272 2511 1367 2559 με,
1404 2492 1522 2546 ἀλλ’
1567 2495 1630 2546 ὲκ
1683 2495 1790 2547 τῶν

219 2581 318 2630 σὺν
358 2581 503 2648 ἐμοὶ,
531 2583 626 2632 καὶ
664 2581 762 2652 τὴν
794 2583 1022 2652 πρώτην
1057 2585 1276 2655 γραφὴν
1322 2588 1652 2653 ἀναγνώσας
1693 2603 1790 2640 πε-

221 2669 450 2736 ρίλυπος
480 2672 701 2738 ἐγένετο
732 2675 826 2726 καὶ
847 2676 1140 2745 ἐδυσφόρει
1167 2679 1491 2746 κατηγορῶν
1518 2681 1618 2746 τὴν
1647 2679 1788 2748 ἐμὴν

209 2761 524 2831 βραδύτητα
545 2780 558 2794 '
589 2764 663 2827 ὡς
692 2766 748 2817 δὲ
779 2765 875 2835 τὴν
924 2768 1120 2836 ἑτέραν
1150 2772 1373 2839 γραφὴν
1410 2771 1502 2822 ἐπὶ
1551 2772 1650 2841 τὴν
1685 2772 1781 2823 αὐο

214 2871 333 2922 (nov
389 2855 625 2924 ἀνέγνω,
683 2858 776 2909 καὶ
827 2858 1014 2926 μαθὼν
1051 2861 1270 2929 μέλλειν
1320 2862 1507 2914 ὲλθετνι
1549 2863 1637 2915 διὰ
1687 2865 1786 2933 τῆς

214 2947 458 3014 γραφῆς,
491 2949 598 3001 ἔδυύ
624 2950 868 3020 ἠρκέσθη
904 2952 1010 3022 καὶ.
1044 2953 1259 3021 χαρίεις
1295 2958 1619 3024 ὲναπὲμεινε
1647 2973 1659 2987 ’
1692 2960 1786 3010 καὶ

211 3040 377 3103 εὐθὺς
427 3043 794 3111 οἰκονομήσας
841 3044 1097 3114 Μανουὴλ
1147 3047 1242 3098 τὸν
1302 3048 1663 3117 Παλαιολόγον
1695 3050 1786 3104 τὸν

211 3133 315 3200 τῆς
372 3133 837 3204 Καντακουζηνῆς
890 3137 989 3206 τῆς
1034 3142 1621 3211 πρωτοστρατορίσσης
1659 3144 1784 3195 ἀνε-

207 3226 360 3292 ψιὸν,
388 3225 772 3290 ἐξαπέστειλεν
798 3228 961 3281 αὑτὸν
987 3231 1123 3300 πρὸς
1160 3232 1253 3283 τὸν
1283 3232 1385 3298 τῆς
1434 3232 1664 3301 Σερὸίας
1695 3234 1780 3286 δε-

1900 2233 2094 2276 στεως.

1968 2306 2035 2376 β’.
2069 2305 2316 2370 Τελέσας
2336 2304 2431 2362 οὖν
2465 2308 2574 2376 ἐγὼ
2605 2309 2662 2360 τὸ
2693 2307 3031 2361 συνοικέσιον
3063 2311 3117 2361 ἐν
3145 2311 3209 2378 τῇ
3244 2307 3476 2380 Ἰϐηρίᾳ,

1896 2398 1981 2450 ἵνα
2019 2399 2162 2470 λάῦῃ
2206 2401 2233 2451 ὁ
2263 2401 2529 2469 αὐθέντης
2565 2419 2665 2470 μου
2702 2402 2795 2469 τὴν
2841 2401 2935 2453 τοῦ
2967 2402 3145 2452 ἐκεῖσε
3178 2401 3347 2468 amt;
3383 2400 3478 2451 θυ-

1895 2494 2124 2563 γατέρα,
2157 2493 2305 2554 εἰδὼς
2342 2495 2424 2545 ὅτι
2457 2497 2707 2563 κρεῖττον
2752 2490 2821 2565 ἦν
2855 2496 2914 2545 τὸ
2954 2495 3010 2546 ὲν
3050 2497 3114 2562 τῇ
3143 2494 3357 2564 Ἰϐηρίᾳ
3383 2495 3477 2547 τοῦ

1893 2585 1991 2652 τῆς
2047 2583 2487 2653 Τραπεζοῦντος.
2542 2580 2676 2637 Είπέ
2736 2602 2824 2652 μοι
2857 2585 2966 2652 γὰρ
3021 2589 3047 2636 6
3097 2587 3196 2653 τῆς
3233 2582 3476 2653 Ἰϐηρίας

1895 2676 2296 2745 προειρημένος
2330 2675 2431 2747 ρὴξ
2453 2676 2654 2728 τοιάδε·
2693 2694 2710 2726 ι
2751 2677 2863 2728 Οὐκ
2894 2677 3008 2728 ἔστι
3046 2675 3313 2746 συνήθεια
3343 2656 3476 2746 παρ’

1893 2769 2023 2837 ἡμῖν
2055 2768 2142 2820 ἵνα
2165 2767 2383 2820 διδῶσιν
2413 2770 2674 2838 χρήματα
2697 2770 2750 2820 αἱ
2775 2769 3035 2835 γυναῖκες
3062 2769 3176 2828 τοῖς
3208 2767 3470 2835 ἀνδράσιν

1893 2859 1986 2922 οὓς
2016 2861 2273 2929 μέλλουσι
2302 2861 2514 2924 λαϐεῖν,
2546 2861 2659 2912 ἀλλ’
2692 2862 2739 2912 oi
2777 2861 2968 2930 ἄνδρες
3003 2863 3122 2922 ταῖς
3159 2861 3465 2926 γυναιξίν.»

1906 2950 2049 3017 Ἐγὼ
2079 2951 2134 3002 δὲ
2163 2951 2484 3019 ἀποκριθεὶς
2506 2951 2673 3003 αῑτῶν
2703 2951 2930 3020 ίλασμδν
2956 2950 3088 3019 παρ’
3117 2949 3280 3002 αὐτοῦ
3310 2952 3474 3016 λέγωο

1898 3060 1915 3091 ι
1951 3043 2065 3094 Οὐκ
2097 3044 2306 3112 ἥκουσα
2333 3046 2550 3096 πώποτε
2584 3043 2840 3114 τοιαύτην
2872 3043 3164 3116 συνήθειαν
3197 3046 3287 3095 καὶ
3313 3044 3475 3112 νόμον

1891 3136 1965 3198 ὼς
1999 3138 2027 3204 ἡ
2061 3135 2309 3204 βασιλεία
2364 3155 2454 3188 σου
2510 3141 2896 3206 ¹προστάττεις.
2939 3154 2955 3186 t
3017 3137 3075 3189 Ὀ
3127 3137 3183 3190 δὲ
3219 3136 3476 3208 βασιλεὺς

1890 3231 2149 3297 γελάσας,
2195 3232 2332 3300 τάχα
2369 3231 2668 3299 θαυμάζων
2715 3231 2842 3292 τοὺς
2868 3232 3058 3295 λόγους
3115 3247 3239 3298 μου,
3289 3227 3464 3282 εἶπενο

193 3320 448 3387 ,σπότην,
489 3319 573 3370 ἵνα
609 3319 882 3390 δοκιμάσῃ
929 3323 1024 3376 καὶ
1061 3323 1148 3396 ῐδῃ
1210 3327 1336 3393 περὶ
1381 3325 1439 3377 οὗ
1475 3330 1530 3378 ὲν
1577 3330 1640 3396 τῇ
1679 3330 1785 3398 ἐμῇ
1819 3328 1862 3390 C
1901 3340 1917 3371 ι
1955 3324 2065 3373 Οέκ
2098 3317 2263 3384 οἶδας,
2296 3320 2590 3390 τιμιώτατε
2624 3321 2774 3388 ἄνερ,
2800 3321 2851 3372 τί
2878 3338 3044 3389 φησιν
3076 3322 3103 3373 ὁ
3129 3322 3305 3390 μέγας
3339 3324 3475 3375 Και-

213 3412 478 3483 ιπιστολῇ
509 3412 763 3484 γέγραφα
801 3418 1165 3470 συνοικεσίου.
1219 3420 1328 3471 Καὶ
1378 3420 1710 3485 ἀκούσαντες
1739 3424 1787 3474 οί

215 3601 361 3640 uxor
393 3586 516 3652 fuit,
550 3597 604 3643 et
653 3589 721 3643 ab
755 3606 841 3654 eo,
877 3592 1056 3656 aiunt,
1108 3609 1172 3647 ne
1211 3605 1352 3648 tacta
1390 3595 1614 3663 quidem
1651 3605 1731 3649 est
1770 3611 1783 3647 :

212 3694 390 3747 quare
421 3696 518 3736 nec
542 3682 836 3737 liberorum
863 3686 1164 3755 quidquam
1190 3689 1394 3750 genuit.
1428 3689 1504 3740 Ad
1534 3698 1784 3757 quartam

206 3773 328 3836 jam
369 3774 634 3830 rationem
666 3777 813 3845 quod
855 3779 1070 3843 attinet,
1114 3779 1332 3832 etiamsi
1361 3795 1569 3834 annosa
1595 3791 1700 3844 est,
1739 3782 1783 3834 si

211 3867 550 3934 conceperit,
603 3867 693 3923 ﬁet
745 3871 930 3937 utique
965 3871 1214 3925 voluntas
1264 3871 1375 3934 Dei,
1411 3873 1630 3940 quando
1673 3858 1821 3925 tres.

210 3967 343 4009 ante
365 3969 799 4014 commemorata:
817 3963 1056 4017 rationes
1075 3964 1342 4032 majestati
1363 3977 1466 4019 tua!
1484 3967 1786 4020 commoda:

208 4061 396 4102 erunt.
424 4049 682 4107 Parentes
715 4055 839 4122 ejus
873 4064 1053 4109 autem
1087 4055 1323 4109 libenter
1351 4066 1406 4109 et
1439 4056 1633 4126 cupide
1662 4072 1782 4110 eam

207 4141 586 4196 conditionem
636 4147 920 4215 arripient.
960 4147 1042 4200 Tu
1085 4148 1198 4217 jam
1242 4147 1536 4203 confestim
1577 4149 1781 4203 mittito

209 4232 356 4287 mihi
386 4233 595 4288 ﬁdelem
625 4239 937 4306 quempiam
979 4237 1047 4291 de
1083 4240 1416 4307 primoribus
1445 4242 1658 4309 palatii,
1693 4251 1788 4296 aut

211 4330 691 4393 hieromonaehis,
742 4343 838 4385 aut
885 4334 1191 4399 monachis,
1225 4350 1422 4404 resque
1461 4337 1574 4391 hac
1605 4337 1784 4392 admi-

209 4420 565 4484 nistrabitur,
599 4436 702 4479 nec
727 4423 834 4477 ulla
868 4439 1025 4479 mora
1055 4427 1178 4480 erit.
1210 4445 1228 4477 ι
1264 4426 1401 4481 Cum
1437 4428 1473 4482 ii
1515 4428 1607 4497 qui
1635 4429 1786 4483 litte-

209 4527 306 4564 ras
336 4512 648 4579 portabant,
674 4515 811 4570 salvi
847 4517 914 4571 ad
949 4518 1140 4573 urbem
1167 4522 1511 4589 appulissent
1532 4522 1621 4577 die
1655 4522 1779 4578 Maii

204 4602 307 4667 28,
355 4603 676 4672 imperator,
713 4609 804 4676 qui
841 4607 980 4663 forte
1009 4625 1171 4680 apros
1213 4615 1539 4680 venabatur,
1580 4616 1784 4669 certior

209 4695 421 4760 factus,
450 4697 737 4754 advenisse
764 4702 1029 4771 quosdam
1063 4717 1129 4757 ex
1157 4703 1358 4768 Iberia,
1397 4707 1584 4760 relicta
1627 4723 1790 4761 vena-

212 4791 395 4852 tione,
450 4793 794 4851 laetabundus
833 4798 1095 4867 palatium
1142 4802 1318 4870 petiit.
1381 4802 1502 4868 Quo
1549 4813 1796 4874 tempore

211 4882 492 4938 tabellarii
517 4887 877 4953 advenerunt,
913 4891 1000 4945 die
1021 4891 1092 4946 28
1121 4891 1270 4955 Maii,
1293 4895 1481 4947 eadem
1512 4903 1672 4950 nocte
1698 4911 1792 4964 per

208 4991 481 5031 somnum
513 4977 664 5034 visus
684 4981 819 5036 mihi
852 4997 972 5036 sum
1001 4996 1054 5038 et
1079 4985 1194 5054 ipse
1215 4985 1406 5040 adesse
1428 4986 1605 5056 Cpoli,
1635 5001 1792 5041 cum-

207 5087 325 5138 quc
384 5072 699 5128 festinarem
735 5077 801 5130 ad
843 5080 1251 5146 imperatorem,
1288 5098 1461 5152 genua
1501 5082 1623 5151 ejus
1678 5099 1796 5136 am-

209 5167 504 5229 pluxurus,
546 5167 766 5221 retineri
796 5171 866 5222 ab
894 5185 960 5226 eo
989 5179 1045 5224 et
1087 5173 1364 5226 sublevari
1393 5182 1447 5227 et
1479 5176 1674 5230 osculo
1706 5190 1796 5229 sa-

209 5258 410 5311 lutari.
439 5255 888 5328 Expergelactus,
919 5262 983 5316 iis
1011 5264 1103 5332 qui
1136 5265 1281 5318 circa
1310 5279 1398 5318 me
1421 5266 1791 5329 dormiebant,

210 5351 496 5403 somnium
540 5353 779 5418 narravi,
811 5361 975 5421 atque
1004 5355 1138 5420 dixi,
1170 5367 1227 5409 ut
1253 5356 1357 5410 diei
1393 5357 1794 5411 meminissent.

212 5442 526 5508 Imperator
561 5453 767 5509 autem,
821 5446 1077 5500 dominus
1119 5463 1297 5512 meus,
1337 5449 1425 5500 ubi
1469 5461 1575 5500 non
1616 5447 1792 5515 ipsum

211 5549 331 5599 me,
366 5535 460 5588 sed
497 5549 528 5590 e
559 5537 852 5612 comitibus
888 5538 1124 5606 aliquem
1155 5541 1348 5592 adesse
1378 5541 1792 5605 animadvertit,

207 5636 275 5677 «ιι
329 5626 570 5695 priorem
603 5628 736 5697 legit
768 5630 1078 5704 epistolam,
1116 5640 1346 5685 maestus
1387 5629 1584 5692 factus.
1613 5633 1795 5701 segni-

210 5722 358 5772 tiam
390 5735 566 5774 meam
599 5737 739 5791 aegre
768 5723 893 5777 tulit
929 5725 1344 5793 accusavitque.
1381 5723 1481 5778 Ubi
1512 5733 1692 5778 autem
1721 5726 1798 5778 al-

213 5819 405 5862 teram
439 5808 527 5864 die
554 5813 802 5880 sequenti
847 5814 973 5881 legit
1005 5831 1199 5882 meque
1229 5824 1517 5868 venturum
1551 5830 1671 5868 esse
1710 5816 1797 5868 di-

212 5901 386 5965 dicit,
405 5903 681 5970 acquievit
702 5913 753 5958 et
780 5903 979 5958 laetitia:
1003 5921 1062 5959 se
1085 5907 1254 5969 dedit,
1285 5909 1579 5975 slatimque
1611 5923 1789 5959 rerum

202 5993 430 6049 bolitia
459 5995 778 6052 instructum
819 5996 1119 6053 Manuelem
1159 5999 1541 6067 Palamlogum,
1593 5999 1794 6053 Cauta-

1896 3413 2116 3482 aa'tpto;;
2153 3415 2436 3480 Διαφὸρων
2470 3415 2638 3466 ἐθνῶν
2676 3415 2877 3486 τρόπον
2924 3431 2982 3466 τε
3035 3418 3128 3468 καὶ
3161 3417 3325 3484 νόμον
3352 3417 3474 3486 ἐξη-

1891 3614 2110 3652 eu7.eua-.
2138 3597 2626 3666 protostratorissaa
2651 3595 3072 3659 consobrinum,
3099 3595 3166 3648 ad
3188 3596 3473 3665 despotam

1891 3690 2093 3744 Servis:
2127 3691 2419 3757 ablegavit,
2460 3697 2518 3741 ut
2563 3689 2609 3742 is
2642 3688 2710 3742 de
2743 3689 3015 3756 coojugio,
3048 3689 3115 3741 de
3160 3703 3272 3757 quo
3303 3689 3480 3757 scrip-

1891 3782 2416 3850 seram,iuquireret
2455 3795 2517 3833 ac
2547 3781 2778 3834 videret.
2814 3779 3072 3834 Parentes
3104 3780 3224 3847 ejus
3248 3781 3478 3834 lihenter

1891 3874 2156 3940 etcupide
2200 3874 2561 3926 conditionem
2598 3881 2954 3940 acceperunt,
2989 3879 3044 3924 et
3069 3874 3134 3924 ad
3165 3888 3276 3926 rem
3312 3873 3477 3940 perli-

1889 3966 2136 4019 ciendam
2170 3965 2343 4032 parati
2368 3974 2541 4018 erant.
2569 3962 2726 4016 Nulla
2761 3964 2904 4017 enim
2935 3963 3039 4017 alia
3079 3975 3164 4017 res
3208 3964 3258 4016 id
3282 3964 3478 4032 conju-

1891 4058 2034 4125 gium
2061 4057 2405 4121 impediebat,
2431 4058 2532 4111 nisi
2561 4057 2704 4127 quod
2737 4057 3017 4118 amerissa,
3046 4058 3167 4109 vivo
3194 4058 3474 4110 etiamtum

1890 4164 2072 4202 amera
2129 4150 2380 4218 conjuge,
2426 4148 2491 4201 ad
2526 4147 2696 4201 Deum
2747 4157 2960 4214 precata
3010 4154 3391 4212 constituerat,
3435 4148 3479 4202 si

1893 4240 2033 4294 Deus
2052 4256 2161 4310 quo
2193 4242 2404 4296 tandem
2431 4255 2647 4310 cunque
2674 4241 2829 4295 modo
2862 4241 3145 4295 liberasset
3168 4256 3226 4295 se
3246 4258 3274 4294 e
3307 4243 3479 4293 mani-

1891 4334 1988 4387 bus
2022 4335 2331 4403 itnpiorum,
2364 4334 2456 4388 alii
2493 4333 2696 4388 nemini
2732 4348 2825 4403 per
2858 4343 3023 4387 totam
3056 4334 3218 4387 vitam
3246 4334 3474 4398 nubere,

1888 4425 1980 4478 sed
2018 4425 2070 4478 in
2099 4425 2348 4479 castitate
2385 4426 2655 4494 virginali,
2688 4430 2830 4494 quod
2862 4435 3092 4479 restaret
3119 4427 3259 4489 vitze,
3305 4435 3476 4480 trans-

1890 4515 2036 4584 igere
2085 4526 2138 4570 et
2170 4532 2268 4585 pro
2298 4516 2502 4570 viribus
2532 4517 2662 4582 Deo,
2716 4517 2993 4571 liberatori
3034 4530 3154 4580 suo,
3196 4518 3426 4571 servire.

1972 4609 2227 4676 Ejusdem
2279 4609 2408 4662 anni
2437 4624 2628 4664 mense
2649 4610 2902 4679 Augusto
2936 4625 3002 4664 ex
3036 4611 3171 4664 urbe
3205 4609 3477 4679 proiugus

1903 4701 2035 4754 abiit
2058 4701 2356 4771 Gregorius
2386 4703 2720 4770 patriarcha,
2761 4712 2926 4774 atque
2957 4718 3059 4773 ego
3100 4704 3187 4757 die
3221 4705 3288 4758 ll
3319 4721 3477 4757 tuen-

1904 4794 1981 4848 sis
2032 4794 2371 4862 Septembris
2432 4795 2560 4848 anni
2593 4795 2735 4850 6960
2773 4796 2984 4864 Cpolim
3034 4796 3233 4850 reverti
3265 4797 3317 4848 in
3355 4798 3478 4850 navi

1903 4887 2006 4940 viri
2047 4888 2238 4956 optimi
2303 4889 2526 4942 Antonii
2594 4886 2775 4954 Bitzi,
2829 4889 3073 4958 ejusdem
3133 4891 3224 4956 qui
3288 4901 3475 4958 postea

1905 4990 2124 5049 propter
2159 4979 2316 5033 [idem
2346 4979 2554 5034 Christi
2588 4983 2908 5049 martyrium
2946 4981 3190 5048 pertulit.

1974 5072 2030 5125 2.
2057 5071 2280 5126 Confeci
2315 5072 2478 5141 igitur
2494 5073 2808 5141 conjugium
2838 5071 3104 5135 inlheria,
3130 5081 3188 5125 ut
3213 5072 3474 5126 dominus

1905 5180 2061 5219 mens
2123 5167 2268 5220 illius
2295 5167 2440 5235 regis
2503 5167 2668 5219 tiliam
2716 5164 2965 5219 duceret.
3000 5163 3268 5219 Noveram
3301 5165 3469 5225 ειιίιιι,

1903 5259 2241 5313 connubium
2276 5260 2539 5314 Ibericum
2575 5271 2835 5328 prazstare
2882 5260 3270 5330 Trapezuntio.
3301 5260 3471 5314 Nam-

1903 5365 2009 5419 que
2038 5351 2109 5403 ita
2153 5350 2283 5402 mihi
2320 5351 2533 5403 dixerat
2574 5350 2855 5403 lberorum
2887 5365 2978 5403 rex
3011 5368 3025 5403 :
3069 5349 3266 5403 «Nobis
3298 5351 3470 5403 moris

1903 5457 2010 5495 non
2049 5451 2152 5506 est,
2186 5451 2244 5494 ut
2298 5442 2477 5495 dotem
2512 5445 2643 5494 dent
2674 5441 2887 5494 feminte
2923 5441 3076 5502 viris,
3124 5441 3323 5508 quibus
3372 5458 3471 5494 nu-

1901 5545 2078 5603 ptura:
2104 5544 2252 5594 sunt,
2273 5534 2366 5587 sed
2388 5533 2487 5586 viri
2509 5532 2780 5587 feminis.)
2809 5533 2919 5600 Ego
2943 5532 3200 5601 praefatus
3232 5531 3467 5596 veniam,

1905 5643 2180 5695 numquam
2210 5642 2294 5680 me
2324 5626 2391 5680 de
2419 5626 2522 5680 isto
2569 5640 2719 5678 more
2751 5625 3001 5694 autli-ge,
3049 5625 3266 5691 qualem
3307 5627 3472 5694 maje-

1905 5728 2020 5771 Stas
2054 5717 2226 5784 ipsius
2253 5718 2480 5778 diceret,
2508 5718 2732 5772 audisse
2765 5718 3038 5785 respondi.
3062 5715 3200 5770 Tum
3231 5733 3322 5770 rex
3346 5718 3474 5771 sub-

1903 5812 2086 5865 ridens
2108 5820 2163 5865 ct
2186 5811 2344 5879 quasi
2375 5812 2581 5865 mirans
2605 5813 2767 5864 verba
2804 5826 2920 5864 mea
2948 5829 2959 5864 :
2996 5810 3241 5871 tScisne,
3274 5812 3471 5877 inquit,

1907 5905 1987 5956 vir
2035 5904 2496 5969 honoratissimo,
2535 5904 2665 5972 quid
2706 5919 2932 5971 magnus
2972 5905 3115 5958 dicat
3155 5902 3474 5955 (Iesarius?

1905 5997 2252 6051 Diversarum
2274 5997 2510 6065 gentium
2537 6011 2715 6050 mores
2736 6007 2786 6051 ct
2807 5997 3056 6051 instituta
3078 5996 3357 6063 explicans
3418 6011 3471 6064 ιη
