4134 6452
667 387 775 451 819
1932 417 2265 479 GEORGII
2304 422 2727 486 PHRANTZ/E
3849 439 3955 500 8ἰο

672 505 942 615 τῆύμενοξ
1052 513 1292 615 ἐπιτομῇ
1323 520 1764 615 τοιάδε.φάσκειο
1808 528 1895 580 Ἐν
1922 532 2130 603 ἑκάστῃ
2153 536 2264 605 γὰρ
2294 540 2341 599 Α
2371 540 2550 606 μελῶς
2581 542 2678 596 καὶ
2706 544 3092 615 ἑκτρέφουσιν.
3122 547 3310 612 Οὕτως
3344 550 3531 604 καὶτὰ
3576 550 3845 614 tvm-30a,
3879 550 3957 612 ὡς

666 596 827 667 χώρᾳ
860 603 953 653 καὶ
975 602 1190 656 ἔθνεσιν
1210 607 1269 657 ὲν
1293 613 1408 671 τοῖς
1440 612 1540 680 μὲν
1570 616 1868 686 ἐγγράφως
1896 622 2059 690 νόμος
2081 596 2256 689 ι’ἐςὲινξ

752 692 866 787 rei;
899 691 956 743 δὲ
1186 696 1457 787 ἀγράφως
1486 704 1576 755 καὶ
1620 709 1912 777 συνήθεια’
1948 714 2109 782 νόμος
2145 718 2258 787 γὰρ

666 776 735 827 τὰ
764 778 974 846 πάτρια
997 781 1147 835 δοκεί
1178 781 1341 844 εἶναι.
1379 789 1466 853 Ὠς
1494 794 1711 862 πρῶτον
1736 776 1908 870 Σῆρες
1937 805 1986 855 οἱ
2008 776 2065 857 τὸ
2088 776 2259 876 ἀκρον

664 871 767 938 τῆς
800 872 907 941 γῆς
964 877 1246 943 οἰκοῦντες
1279 883 1478 950 νόμους
1530 887 1715 957 ἔχουσι
1763 894 1831 944 τά
1882 898 2086 963 πάτρια
2130 871 2254 966 ἔθη,

671 965 747 1035 μὴ
784 971 1078 1038 πορνεύειν
1130 972 1163 1041 ἢ
1216 976 1475 1031 κλέπτειν
1522 982 1553 1049 ἢ
1606 983 1869 1053 λοιδορεῖν
1918 989 2254 1057 ἢφονεύειν.

668 1058 857 1125 Νόμος
893 1060 950 1113 δι
990 1064 1142 1133 παρὰ
1173 1067 1593 1142 Βακτριανοῖςή
1625 1076 1687 1127 ἐκ
1716 1081 2002 1146 προγόνων
2036 1083 2255 1137 παιδεία

670 1149 769 1201 καὶ
800 1150 1075 1219 εὐσέϐεια,
1116 1157 1191 1223 μὴ
1241 1165 1590 1228 κρεωφαγείν
1637 1165 1669 1234 ἢ
1726 1170 2027 1222 οἰνοποτεῖν
2078 1172 2110 1241 ἢ
2156 1173 2255 1225 λα-

670 1241 891 1306 γνεύειν
942 1243 976 1313 ἢ
1027 1249 1261 1303 παντοῖα
1296 1253 1443 1305 κακά
1486 1254 1934 1324 διαπράττεσθαι,
1977 1263 2152 1315 καίτοι
2192 1284 2252 1330 γε

672 1332 782 1383 τῶν
808 1340 1242 1407 παρακειμένων
1276 1342 1342 1394 αὖ
1355 1346 1464 1402 τοῖς
1500 1346 1679 1399 Ίνδῶν
1700 1351 1960 1403 τάναντία
1990 1354 2256 1424 διαπρατ-

669 1424 918 1491 τομένων
949 1427 1149 1491 ἀδεῶς.
1195 1431 1285 1482 Ἐν
1316 1433 1372 1486 δὲ
1403 1438 1520 1498 τοῖς
1569 1438 1869 1510 ἐνδοτέροις
1903 1445 2094 1513 μέρεσι
2130 1449 2255 1500 τοὺ‹

669 1530 781 1564 των
841 1514 1276 1585 ἀνθρωποφάγοι
1330 1522 1439 1573 εἰσὶ
1494 1525 1588 1576 καὶ
1637 1528 1764 1589 τοὺς
1800 1531 2256 1598 ηὲπιξενωμένους

670 1603 1039 1669 ἀναιροῦντες
1088 1608 1358 1664 ἐσθίουσι.
1395 1613 1577 1682 Νόμος
1613 1616 1906 1682 Χαλδαίοις
1942 1624 2035 1674 καὶ
2080 1623 2257 1676 Βαϐυ-

670 1692 888 1757 λωνίοις
952 1698 1246 1765 ἀσελγείας
1299 1703 1396 1756 καὶ
1466 1708 1862 1777 αἰσχρουργίας
1925 1712 2251 1782 ἀνάμεστος.

674 1784 873 1849 ’Λλλος
907 1786 964 1839 δὲ
991 1793 1147 1858 παρὰ
1179 1792 1444 1859 Πηλαίοις
1477 1797 1662 1863 νόμος,
1686 1802 1953 1865 γυναῖκας
1987 1807 2256 1873 γεωργεῖν

671 1879 769 1929 καὶ
820 1879 1133 1948 οἰκοδομεῖν
1166 1885 1260 1935 καὶ
1289 1883 1357 1936 τὰ
1389 1886 1499 1938 τῶν
1538 1888 1752 1957 ἀνδρῶν
1789 1892 2071 1959 πράττειν,
2124 1896 2255 1947 ἀλλὰ
2286 1874 2330 1931 Β

670 1969 767 2020 καὶ
800 1971 1094 2039 πορνεύειν
1149 1974 1224 2037 ὡς
1269 1975 1572 2043 βούλονται,
1626 1979 1703 2050 μὴ
1759 1982 2104 2049 κωλυόμεναι
2153 1988 2257 2039 ὑπ’)

666 2061 778 2113 τῶν
813 2063 1027 2134 ἀνδρῶν
1058 2066 1242 2118 αὐτῶν
1276 2071 1580 2133 παντελῶς*
1618 2074 1677 2124 ὲν
1713 2069 1802 2137 αἷς
1830 2077 2139 2146 ὑπάρχουσι
2162 2081 2256 2131 καὶ

668 2154 931 2206 πλεῖσται
987 2157 1438 2229 πολεμικώταται
1480 2164 1577 2214 καὶ
1629 2164 1877 2235 θηρῶσαι
1911 2170 1977 2221 τὰ
2016 2170 2090 2240 μὴ
2137 2171 2257 2224 λίαν

670 2244 1013 2315 ίσχυρότατα
1043 2249 1154 2300 τῶν
1188 2249 1416 2320 θηρίων.
1460 2253 1550 2304 Ἐν
1580 2254 1882 2328 Βρεταννίᾳ
1916 2259 1971 2311 δὲ
2015 2261 2256 2313 πλεῖστοι

665 2336 777 2388 τῶν
812 2338 1028 2406 ἀνδρῶν
1054 2343 1156 2409 μιᾷ
1190 2342 1629 2408 συγκαθεύδουσι
1659 2350 1899 2414 γυναικὶ,
1939 2352 2031 2403 καὶ
2064 2352 2255 2405 πολλαὶ

665 2427 932 2492 γυναῖκες
966 2430 1046 2481 ἐνὶ
1091 2432 1462 2501 ἐταιρίζονται
1490 2436 1661 2504 ἀνδρί.
1698 2439 1763 2490 Ai
1794 2440 2109 2507 Ἀμαζῶναι
2159 2447 2256 2512 μὲν

668 2535 803 2572 ποτε
831 2522 1012 2591 καιρῷ
1059 2522 1265 2593 ἄνδρας
1313 2527 1413 2578 οὐκ
1445 2527 1684 2597 εἷχασιν,
1723 2530 1842 2582 ἀλλ’
1865 2530 1940 2591 ὡς
1984 2536 2050 2585 τὰ
2087 2534 2258 2602 ἄλογα

666 2613 784 2677 ζῶα
817 2613 971 2678 ἅπαξ
992 2614 1091 2667 τοῦ
1123 2618 1378 2671 ἐνιαυτοῦ
1419 2621 1551 2689 περὶ
1577 2621 1675 2691 τὴν
1712 2622 1934 2693 ἐαρινὴν
1963 2625 2255 2695 ἰσημερίαν

665 2707 960 2776 ὑπερόριοι
989 2709 1261 2775 γίνονται,
1292 2713 1386 2764 καὶ
1416 2713 1752 2781 μιγνύμεναι
1789 2719 1902 2778 τοῖς
1948 2720 2257 2785 γειτνιῶσιν

663 2800 936 2871 ἀνδράσιν
968 2802 1045 2866 ὠς
1104 2805 1418 2875 πανήγυρίν
1468 2823 1597 2859 τινα
1634 2808 1731 2859 καὶ
1768 2810 2015 2879 μεγάλην
2062 2813 2256 2881 ἑορτὴν

662 2892 746 2962 τῷ
778 2893 961 2964 καιρῷ
996 2896 1197 2966 ἐκείνῳ
1246 2896 1534 2965 ἠγοῦνταν
1572 2899 1632 2964 ἐξ
1680 2894 1756 2954 ὧν
1808 2902 2004 2963 καὶέν
2057 2907 2257 2976 γαστρὶ

668 2985 1154 3056 συλλαμϐάνουσαι
1184 2989 1352 3059 219
1378 2991 1808 3061 παλινδρομοῦσι
1847 2995 2030 3049 οἴκαδε
2060 2999 2255 3051 πᾶσαν

661 3080 742 3151 τῷ
768 3081 825 3134 δὲ
863 3082 1048 3152 καιρῷ
1089 3084 1191 3151 τῆς
1224 3085 1594 3154 ἀποκυήσεως
1620 3086 1689 3139 τά
1733 3088 1831 3157 μὲν
1865 3089 2071 3160 ἀῤῥενα
2103 3091 2257 3159 φθεί-

666 3193 849 3245 ρουσι,
884 3179 953 3231 τὰ
992 3177 1049 3230 δὲ
1082 3177 1220 3245 θῆλυ
1266 3177 1605 3245 ζωογονοῦσι
1648 3180 1742 3231 καὶ
1786 3180 2096 3251 τιθηνοῦσιν
2136 3184 2253 3235 ἐπι-
2284 3209 2326 3261 C
2364 3177 2613 3271 105%,”-
2643 3204 2782 3256 ἀλλὰ

662 3380 832 3435 breve
864 3388 1147 3434 contracta
1167 3380 1283 3435 haec
1303 3381 1483 3437 docet.
1523 3380 1955 3437 Cuivisterraeet
1983 3388 2129 3452 genti
2169 3394 2261 3440 aut

662 3472 867 3542 scripta
888 3472 977 3528 lex
994 3481 1078 3527 est
1095 3480 1191 3526 aut
1208 3488 1317 3526 non
1338 3473 1543 3541 scripta
1562 3482 1616 3526 et
1632 3487 1786 3526 more
1802 3474 2123 3528 constituta.
2149 3473 2257 3529 Lex

661 3565 815 3618 enim
845 3579 973 3620 esse
1001 3564 1263 3619 videntur
1292 3564 1472 3633 patria
1491 3563 1765 3627 instituta,
1792 3563 2253 3633 quemadmodum

660 3659 931 3728 primum,
968 3658 1065 3728 qui
1117 3659 1171 3710 itt
1206 3664 1459 3711 extremo
1494 3656 1631 3710 orbe
1681 3656 1951 3714 habitant.
1988 3656 2149 3711 Seres
2180 3657 2257 3712 le-

661 3764 791 3819 gum
827 3750 953 3804 loco
976 3749 1156 3819 patria
1208 3748 1462 3802 instituta
1503 3748 1729 3813 habent,
1780 3761 1849 3800 ne
1890 3748 2255 3813 moechentur,

661 3853 756 3896 aut
789 3842 1070 3909 furentur,
1109 3849 1207 3894 aut
1240 3839 1677 3905 calumnientur,
1708 3848 1804 3893 aut
1831 3838 2110 3894 occidant.
2148 3838 2257 3894 Lex

659 3947 743 3992 est
773 3936 919 4006 apud
949 3935 1277 3990 Bactrianos
1305 3932 1681 4001 a.majnribus
1713 3940 1937 4000 accepta
1963 3931 2255 4000 disciplina

655 4041 713 4084 et
737 4031 937 4101 pietas,
974 4044 1043 4082 ne
1080 4026 1347 4082 carnibus
1374 4035 1675 4080 vescantur
1699 4032 1797 4077 aut
1817 4024 2010 4078 bibant
2040 4025 2255 4088 vinum,

658 4140 797 4178 neve
822 4121 1041 4176 libidini
1077 4120 1163 4174 vel
1198 4120 1293 4173 ulli
1324 4117 1515 4189 generi
1550 4116 1843 4188 pravitatis
1869 4116 2055 4171 locum
2086 4116 2259 4169 relin-

659 4226 863 4284 quant,
920 4230 1049 4269 cum
1111 4212 1330 4267 tinitimi
1365 4212 1478 4265 illis
1529 4209 1645 4264 Indi
1700 4209 1930 4276 impune
1978 4209 2256 4262 contraria

661 4318 864 4377 agant:
897 4322 1141 4377 quorum
1170 4305 1267 4374 qui
1301 4304 1359 4357 in
1417 4303 1740 4373 regionibus
1768 4301 2126 4357 interioribus
2159 4301 2257 4355 ba-

654 4402 860 4464 bitaut,
915 4395 1361 4466 autltropopltagi
1418 4401 1551 4448 sunt
1595 4401 1652 4447 et
1679 4391 1925 4447 advenas
1990 4391 2255 4445 occidunt

655 4496 1095 4563 comeduntque.
1128 4488 1406 4546 Chaldaeis
1446 4496 1501 4542 et
1531 4486 1846 4557 Babyloniis
1890 4485 1973 4541 lex
2012 4484 2255 4539 lasciviae

2363 626 2517 685 εῐπόν
2550 651 2660 700 σσι,
2686 635 2926 706 ὑπάρχει
2965 639 2996 707 ἡ
3039 640 3287 711 ἡμετέρα
3317 642 3598 709 συνήθεια,
3632 640 3710 703 ὡς
3769 642 3958 703 καθὼς

2362 724 2455 775 καὶ
2481 724 2646 787 αὐτός
2680 726 2898 796 μέλλεις
2935 729 3130 797 μαθεῖν
3162 731 3317 799 παρά
3345 731 3684 795 ἀξιοπίστων
3713 731 3955 800 ἀνδρῶν.

2364 818 2469 869 Καὶ
2506 817 2583 887 μὴ
2614 818 2889 888 θαύμαζε,
2917 824 3219 892 τιμιὼτατε
3254 823 3387 891 ἄνερ
3416 823 3521 894 κὺρ
3548 823 3823 893 Γεώργιε.
3852 824 3952 876 Διά

2358 909 2518 962 τοῦτο
2569 913 2835 981 ποιοῦμεν
2868 916 2932 968 τὸ
2986 915 3163 985 παρὸν
3205 915 3547 969 συπικέσιον
3599 915 3723 985 μετ’
3769 914 3953 977 αἰδοῦς

2362 1004 2453 1056 καὶ
2484 1004 2583 1057 οὐκ
2614 1006 2978 1076 ἀσυμϐούλως
3010 1007 3144 1073 τῶν,
3182 1012 3278 1060 καὶ
3311 1009 3627 1078 ὑπόσχομαι
3652 1007 3855 1060 δοῦναι
3889 1010 3949 1074 τῇ

2359 1096 2589 1166 θυγατρί
2628 1116 2730 1165 μου
2758 1099 2890 1152 ἀνευ
2923 1099 3032 1152 τῶν
3062 1099 3381 1168 πολυτίμων
3414 1100 3627 1151 σκευῶν
3673 1098 3949 1167 ἀργυρίου

2360 1189 2453 1239 καὶ¹
2505 1190 2731 1256 χρυσίου
2783 1194 2879 1244 καὶ
2929 1190 3094 1245 λίθων
3146 1191 3463 1261 πολυτίμων
3501 1193 3597 1244 καὶ
3657 1191 3950 1259 μανακίων

2357 1276 2755 1350 διαμαργάρων
2786 1284 2879 1334 καὶ
2910 1284 3138 1352 χρυσίου
3166 1285 3262 1335 καὶ
3298 1284 3502 1351 ἑτέρων
3541 1282 3735 1345 λίθων,
3781 1274 3950 1351 χωρ”·ς

2357 1367 2465 1417 τῶν
2490 1371 2806 1439 ἐνδυμάτων
2835 1375 2928 1425 καὶ
2946 1374 3294 1443 ὑφασμάτων
3319 1375 3623 1428 πολυειδῶν
3651 1375 3736 1434 εἰς
3767 1375 3949 1441 ὑπηρ-

2357 1461 2511 1511 εσίαν
2543 1462 2736 1531 αὐτῆς,
2761 1464 2857 1516 καὶ
2882 1464 3062 1535 πάρεξ
3090 1466 3302 1518 τούτων
3332 1468 3514 1537 χρυσᾶ
3538 1468 3748 1535 νούμια
3773 1466 3948 1534 χιλιά-

2355 1548 2452 1611 δας
2481 1554 2823 1619 πεντήκοντα
2854 1554 2953 1607 καὶ
3008 1555 3089 1620 ἓξ.
3130 1556 3251 1608 Ἔτι
3282 1556 3341 1608 δὲ
3385 1557 3481 1608 καὶ
3512 1557 3638 1609 κατ’
3677 1556 3810 1617 ἔτος
3859 1556 3952 1622 ἔχῃ

2356 1643 2549 1710 ἑτέρας
2581 1644 2829 1713 χιλιάδας
2864 1649 3019 1716 τρεῖς
3054 1648 3153 1701 τοῦ
3209 1650 3391 1701 ποιεῖν
3434 1647 3825 1717 ἐλεημοσύνας
3878 1650 3953 1708 είς

2357 1738 2629 1804 πτωχοὺς,
2658 1738 2753 1790 καί⁸
2784 1738 2919 1790 ὅπου
2953 1740 3000 1794 δ’
3046 1741 3114 1794 ἂν
3144 1740 3273 1811 δόξῃ
3322 1742 3484 1811 αὐτῇ.
3536 1742 3606 1793 Σὲ
3659 1741 3717 1793 δὲ
3772 1741 3955 1792 ἀκούω

2358 1821 2504 1890 ἔχειν
2530 1826 2720 1877 παιδία
2755 1827 2868 1880 δύο.
2903 1828 2978 1881 Τὸ
3012 1829 3113 1897 μὲν
3149 1830 3323 1901 ἀρῥεν
3362 1833 3391 1883 ό
3428 1829 3691 1898 βασιλεὺς
3725 1832 3956 1897 ἁνεγέν-

2365 1933 2493 1983 νησε
2526 1917 2617 1970 διά
2651 1918 2746 1969 τοῦ
2780 1918 2928 1971 θείου
2968 1921 3375 1991 βαπτίσματος,
3442 1923 3541 1975 καὶ
3571 1922 3746 1975 αὐτοῦ
3779 1925 3959 1976 ἐκεῖνο

2360 2008 2475 2062 ἐστι
2508 2012 2600 2063 καὶ
2627 2012 2803 2065 ἔσται*
2835 2014 2896 2067 τδ
2925 2014 2983 2067 δὲ
3013 2015 3150 2084 θῆλυ
3180 2017 3320 2069 ἔστω
3365 2019 3429 2068 ἐκ
3474 2017 3573 2083 τῆς
3605 2016 3863 2085 σήμερον
3892 2018 3953 2085 τῇ

2360 2102 2591 2173 θυγατρί
2624 2122 2748 2174 μου,
2772 2107 2806 2175 ἢ
2842 2107 2936 2160 καὶ
2957 2107 3228 2177 ὀφειλέτω
3257 2106 3351 2161 τοῦ
3376 2108 3765 2177 ὑπανδρεῦσαι
3797 2109 3951 2170 αὐτὸ,

2359 2193 2495 2245 ὅπου
2544 2193 2590 2247 δ’
2622 2196 2689 2248 ἂν
2722 2196 2787 2247 σὺ
2825 2196 3022 2269 κρίνῃς
3052 2195 3199 2251 εῖναι
3230 2198 3382 2263 ἄξιον
3410 2199 3599 2251 τόπον.
3655 2200 3774 2252 Καὶ
3830 2198 3957 2251 ὃταν

2359 2281 2517 2352 ἔλθῃς
2549 2284 2645 2336 σὺν
2671 2285 2792 2354 Θεῷ
2819 2282 2954 2354 ἆραι
2980 2288 3177 2361 αὐτὴν,
3202 2288 3330 2342 τότε
3356 2290 3611 2342 ὶπιδὼσω
3642 2305 3729 2341 σοι
3758 2291 3957 2357 φορτία

2361 2376 2590 2442 σηρικοῦ
2642 2378 2918 2447 τέτταραο
2953 2382 3070 2433 ἐστι
3128 2382 3238 2452 γὰρ
3289 2383 3324 2450 ἡ
3381 2380 3592 2451 μέταξα
3622 2383 3820 2450 ἐκείνη
3864 2383 3960 2434 οὐκ

2359 2468 2623 2536 ἐξίτηλος,
2652 2472 2746 2523 καὶ
2776 2470 2851 2534 ὡς
2888 2472 3236 2543 ἠκούσαμεν,
3271 2474 3575 2543 πράττεται
3612 2473 3675 2524 τὸ
3727 2475 3959 2541 φορτίον

2359 2559 2445 2611 διὰ
2480 2560 2701 2627 χρυσῶν
2733 2562 2974 2632 νουμίων
3003 2566 3409 2619 πεντακοσίων.
3454 2585 3472 2616 ι

2431 2650 2595 2720 22ο
2642 2651 2729 2715 Ὦς
2756 2652 2850 2706 οῦν
2894 2654 3075 2708 πάντα
3112 2658 3183 2709 τὰ
3226 2659 3286 2710 ὲν
3333 2662 3401 2728 τῇ
3432 2659 3644 2731 Ἰϐηρίᾳ
3674 2665 3779 2715 xa‘t
3814 2662 3959 2729 Τρα-

2363 2741 2621 2806 πεζοῦντι
2650 2744 3007 2809 καταλεπτιῖκ
3042 2748 3435 2821 ὲδιηγησάμην
3465 2752 3542 2820 τῷ
3587 2752 3818 2821 βασιλεῖ
3869 2753 3960 2803 καὶ

2362 2835 2597 2907 αὐθέντῃ
2626 2854 2729 2903 μου
2772 2838 2847 2901 ὡς
2882 2838 3114 2904 ἀνωθεν,
3148 2843 3417 2912 ἠρώτησα
3452 2845 3645 2913 μαθεῖν
3673 2846 3777 2897 καὶ
3827 2844 3959 2912 περὶ

2359 2929 2454 2980 τοῦ
2486 2932 2584 2999 τῆς
2615 2932 2846 3000 Σερδίας
2879 2936 3225 2988 συνοικεσίου
3255 2954 3266 2966 ·
3305 2940 3400 2990 καὶ
3449 2937 3787 3009 ἀποκριθεὶς
3833 2933 3959 2988 εἶπέ

2363 3036 2475 3090 μοι·
2516 3040 2533 3072 ι
2569 3023 2711 3091 Ἐγώ
2759 3042 2841 3077 σοι
2873 3026 3078 3095 ὀφείλω
3108 3028 3284 3082 πολλὰ
3314 3029 3405 3083 διὰ
3434 3030 3535 3100 τὴν
3561 3032 3695 3099 πρός
3740 3047 3821 3097 με
3861 3030 3960 3097 σὴν

2361 3111 2581 3181 ἀγάπην
2613 3114 2709 3165 καὶ
2738 3116 2927 3169 πίστιν
2958 3118 3243 3172 παιδιόθεν
3269 3122 3366 3173 καὶ
3391 3122 3494 3190 τὴν
3518 3120 3803 3189 τοσαύτην
3836 3121 3960 3173 δου-

2812 3208 2971 3260 τοῦτο
3004 3208 3069 3278 δὴ
3102 3210 3292 3264 πλεῖον
3319 3213 3565 3280 σήμερον
3594 3212 3656 3264 τὸ
3681 3211 3790 3280 τῆς
3827 3212 3963 3281 Σερ-

2362 3385 2523 3436 etiam
2564 3385 2718 3439 nobis
2755 3387 2864 3447 hic.
2900 3397 2957 3441 ut
2991 3389 3089 3443 tibi
3125 3390 3268 3456 dixi,
3304 3402 3496 3446 nostra
3528 3400 3613 3446 est
3647 3405 3963 3447 consuetu-

2362 3474 2449 3535 do.
2485 3476 2533 3527 id
2578 3481 2720 3544 quod
2753 3492 2781 3529 a
2818 3480 2946 3533 vit-is
2981 3482 3086 3535 lide
3116 3483 3299 3551 dignis
3352 3486 3558 3553 poteris
3589 3499 3958 3554 cognoscere.

2366 3566 2561 3621 Verum
2598 3584 2664 3622 ne
2715 3572 2939 3637 mirare,
2967 3573 3051 3627 vir
3078 3574 3512 3631 bonoratissime
3538 3576 3734 3647 Georgi
3760 3596 3778 3631 :
3812 3594 3961 3647 pra:—

2363 3676 2490 3716 sens
2518 3662 2711 3716 ltorum
2742 3664 3082 3720 connubium
3137 3680 3469 3724 reverenter
3504 3685 3604 3724 nec
3634 3671 3961 3726 inconsulto

2363 3752 2725 3819 instituimus,
2790 3756 3190 3828 polliceorquc,
3247 3771 3453 3831 prteter
3509 3761 3811 3831 pretiosam
3868 3778 3963 3816 ar-

2362 3847 2507 3914 genti
2542 3857 2595 3899 et
2622 3848 2739 3900 auri
2781 3848 3173 3918 supellectilem
3197 3893 3213 3919 ,
3253 3864 3457 3921 praeter
3479 3870 3725 3925 gemmas
3748 3867 3813 3911 et
3842 3872 3965 3911 mo-

2363 3939 2492 3990 nilia
2520 3940 2852 4009 margaritis,
2889 3958 3030 3996 auro
3056 3952 3111 3997 ct
3141 3944 3346 4012 lapillis
3378 3947 3715 4014 composita,
3748 3960 3959 4017 prater

2362 4038 2543 4083 vestes
2594 4042 2648 4084 et
2685 4033 2890 4087 textilia
2930 4036 3069 4090 varii
3100 4038 3346 4105 generis,
3385 4040 3560 4107 ipsius
3618 4041 3744 4094 usui
3779 4041 3958 4095 desti-

2363 4132 2511 4186 nata,
2542 4132 2735 4190 praeter
2763 4124 2876 4184 haec
2912 4125 3083 4194 igitur
3115 4127 3375 4184 daturum
3400 4147 3487 4185 me
3512 4147 3633 4187 esse
3662 4147 3957 4187 nummum

2360 4225 2652 4264 aureorum
2683 4214 3077 4283 quinquaginta
3098 4231 3194 4271 sex
3225 4219 3421 4272 millia.
3456 4220 3535 4273 Ad
3560 4220 3678 4275 haec
3700 4224 3754 4274 in
3778 4237 3958 4275 annos

2362 4300 2609 4370 singulos
2659 4303 2892 4372 accipiet
2914 4306 3021 4359 alia
3050 4322 3347 4362 aureorum
3371 4312 3477 4364 tria
3507 4311 3703 4375 millia,
3733 4328 3864 4379 quae
3898 4316 3954 4367 in

2362 4394 2530 4462 stipes
2567 4409 2866 4463 pauperum
2924 4406 3022 4452 aut
3067 4400 3446 4471 quodcunque
3488 4403 3591 4472 ipsi
3643 4406 3956 4469 videbitur,

2363 4486 2661 4553 impendat.
2696 4484 2771 4542 Te
2800 4498 2981 4544 autem
3043 4491 3182 4547 duos
3235 4494 3445 4549 habere
3495 4496 3705 4551 liberos
3754 4499 3957 4560 audio.

653 4601 711 4646 ct
740 4586 1102 4658 turpitudinis
1126 4584 1308 4653 plena.
1330 4583 1487 4651 Apud
1514 4580 1722 4634 Pclaeos
1742 4588 1924 4633 autem
1954 4578 2040 4631 lex
2075 4585 2253 4642 cst,ut
2288 4570 2330 4625 D
2359 4592 2591 4645 quorum
2618 4581 2920 4634 masculum
2965 4582 3270 4653 imperator
3311 4601 3344 4639 e
3388 4601 3550 4640 sacro
3573 4586 3726 4641 fonte
3754 4606 3961 4645 susce-

652 4684 927 4742 mulieres
945 4695 1107 4751 agros
1128 4677 1316 4731 colant
1332 4685 1389 4730 et
1413 4674 1608 4729 domos
1629 4671 1903 4728 aedificent
1932 4670 2253 4737 exterisque

651 4782 903 4833 virorum
960 4772 1225 4843 operibus
1275 4770 1606 4838 fungantur,
1658 4777 1714 4819 at
1764 4780 1895 4819 vero
1923 4764 2089 4819 etiam
2123 4777 2259 4817 ma:-

650 4874 913 4935 cltentur,
944 4877 1215 4938 quantum
1250 4864 1402 4926 libet,
1442 4877 1470 4913 a
1512 4859 1647 4913 viris
1679 4859 1839 4927 plane
1866 4872 1969 4909 non
2020 4855 2252 4923 impedi-

649 4979 719 5025 ta:
748 4987 763 5024 :
793 4968 849 5021 in
883 4962 1095 5035 quibus
1126 4959 1265 5013 adeo
1296 4955 1547 5026 plurimae
1579 4948 2016 5006 bellicosissima
2044 4957 2254 5002 suntac

652 5064 864 5121 bestias
892 5074 1001 5113 non
1024 5056 1188 5126 plane
1210 5050 1592 5105 validissimas
1617 5051 1910 5098 venantur.
1948 5041 2005 5095 in
2039 5039 2256 5093 Britan-

652 5161 748 5212 nia
763 5166 948 5209 autem
980 5148 1231 5220 plerique
1258 5143 1359 5198 viri
1395 5141 1490 5194 uni
1522 5136 1897 5193 concumbunt
1925 5133 2175 5233 mulierit
2201 5141 2254 5233 et

652 5250 844 5305 multm
892 5244 1159 5300 mulieres
1211 5238 1307 5293 uni
1340 5234 1486 5289 viro.
1519 5233 1833 5284 Amazones
1880 5225 2010 5281 olitn
2041 5225 2253 5278 maritis

650 5342 925 5396 carebant
955 5350 1022 5392 ac
1070 5332 1379 5389 bestiarum
1451 5326 1632 5381 instar
1686 5319 1860 5376 semel
1926 5316 2247 5388 quotannis,

650 5434 799 5487 circa
857 5441 1091 5484 vernum
1152 5420 1571 5493 aequinoctium,
1625 5413 1886 5469 etinibus
1934 5422 2169 5479 egressae
2200 5417 2252 5461 ct

653 5521 1087 5574 concumbeutca
1144 5529 1273 5571 cum
1335 5511 1470 5564 viris
1526 5503 1806 5567 ﬁnitimis,
1838 5502 1998 5570 quasi
2049 5496 2249 5553 festum

654 5611 950 5683 quemdam
1000 5617 1335 5664 conventum
1363 5598 1763 5662 celebrabant:
1798 5592 1943 5647 unde
1971 5589 2255 5657 conceptis
2296 5621 2299 5625 ν

659 5706 860 5761 fetibus
887 5712 1102 5758 cunctae
1128 5703 1355 5755 domum
1377 5710 1438 5751 se
1472 5689 1815 5759 recipiebant
1840 5701 1857 5751 ;
1898 5683 2093 5738 deinde
2122 5695 2245 5735 cum

660 5806 875 5868 putum
911 5792 1243 5857 edidissent,
1304 5800 1487 5844 mares
1516 5780 1808 5841 iterabant,
1850 5774 2087 5828 feminas
2117 5784 2249 5868 con-.-

663 5862 988 5953 st-rt'aliattt,
1036 5887 1328 5953 dlllg‘lllCl‘
1379 5878 1654 5935 lactabattt
1695 5868 2123 5936 cdttcabantque
2188 5862 2243 5916 Si

2361 4670 2467 4737 pit:
2498 4669 2543 4724 is
2576 4670 2738 4738 igitur
2763 4672 2913 4728 illius
2931 4683 3014 4729 est
3030 4676 3277 4745 eritque;
3311 4688 3368 4733 at
3396 4679 3660 4747 puellaab
3684 4682 3959 4737 hodierno

2359 4761 2444 4815 die
2476 4771 2598 4817 esto
2661 4762 2784 4818 lilia:
2850 4780 3005 4831 mem,
3057 4770 3221 4838 cujus
3250 4771 3507 4825 eriteam
3566 4772 3873 4837 collocare,
3904 4778 3957 4827 in

2358 4870 2517 4921 quem
2544 4865 2597 4907 tu
2638 4855 2816 4908 locum
2848 4855 2975 4910 boui
2998 4860 3374 4915 consulueris.
3412 4861 3553 4916 Tum
3586 4874 3804 4925 autem,
3829 4882 3956 4919 cum

2357 4961 2473 4999 eam
2518 4955 2794 5013 receptura
2822 4948 3032 5012 venies,
3060 4951 3108 5003 si
3143 4949 3255 5005 Deo
3302 4953 3375 5007 ita
3404 4954 3703 5021 placuerit,
3736 4956 3959 5011 donabo

2359 5038 2453 5090 tibi
2488 5038 2709 5107 insuper
2726 5054 2893 5093 onera
2919 5041 3083 5095 seriei
3112 5050 3379 5111 quatuor.
3395 5043 3492 5098 Est
3519 5047 3671 5100 enim
3699 5064 3810 5101 non
3838 5049 3959 5101 vul-

2357 5132 2503 5200 garis
2535 5130 2621 5183 illa
2667 5139 2903 5195 metaxa,
2965 5132 3221 5203 solvique
3266 5150 3367 5202 pro
3420 5136 3659 5206 singulis
3687 5141 3956 5195 oneribus

2358 5236 2611 5277 nummos
2643 5237 2839 5277 aureos
2879 5223 3213 5293 quingentos
3235 5227 3441 5295 accepi.
3486 5247 3505 5279 ι

2427 5314 2564 5368 Cum
2604 5314 2768 5383 igitur
2805 5316 2989 5368 omnia
3022 5316 3075 5368 in
3105 5314 3285 5371 Iberia
3315 5328 3367 5371 et
3412 5317 3774 5387 Trapezunte
3802 5336 3956 5392 gesta

2357 5405 2624 5459 subtiliter
2644 5404 2950 5471 imperatori
2968 5404 3195 5459 domino
3218 5422 3342 5460 meo
3362 5417 3419 5461 et
3443 5423 3473 5462 a
3500 5411 3783 5479 principio
3798 5428 3957 5467 enar-

2358 5495 2665 5559 rassem,de
2688 5494 2949 5549 Serviano
2970 5497 3249 5551 connubio
3267 5512 3396 5551 eum
3416 5511 3789 5567 percontatus
3810 5518 3952 5565 sum,

2358 5597 2522 5657 atque
2550 5587 2634 5640 ille
2660 5587 2731 5639 ita
2754 5588 2885 5641 milii
2910 5589 3246 5657 responditu
3283 5588 3561 5658 Equidem
3591 5594 3835 5647 multum
3860 5596 3950 5646 tibi

2357 5680 2529 5732 debeo
2557 5688 2777 5747 propter
2810 5693 2965 5744 eam,
2995 5695 3160 5748 quam
3189 5696 3217 5733 a
3244 5695 3423 5748 puero
3456 5698 3593 5753 erga
3626 5701 3716 5737 me
3742 5688 3953 5753 pra-sti-

2359 5772 2493 5834 tisti,
2537 5770 2965 5823 benevolentiam
2991 5780 3043 5825 et
3078 5770 3235 5825 ﬁdem
3285 5780 3561 5839 tantaque
3615 5774 3833 5841 oﬂicia;
3873 5793 3954 5825 vi»

2361 5877 2477 5914 rutn
2508 5876 2647 5914 nunc
2676 5860 2999 5916 Servianum
3044 5861 3147 5916 ltOt'
3186 5863 3472 5933 negotium
3507 5864 3949 5922 bcncwlentiam
