4134 6452
195 486 298 550 821

1208 492 1657 554 CHllONlCON
1696 495 1962 557 MAJUS.
1993 523 2059 532 --
2090 498 2235 557 LIB.
2275 498 2390 557 1ι’ῐ.

3322 498 3430 561 822

191 601 320 667 δίας
354 602 642 673 βεϐαίωσις
680 607 777 661 καὶ
811 607 1077 677 ἀσφάλεια
1104 612 1200 662 καὶ
1229 612 1622 681 ἐκσφράγισμά
1647 614 1761 663 ἐστι
1790 610 1841 670 Α
1878 611 1935 662 ’0
1964 611 2064 679 μὲν
2092 612 2570 682 Καντακουζηνδς,
2589 614 2647 676 ὃς
2670 613 2776 667 ἀπὸ
2803 614 2914 667 τῶν
2938 612 3115 669 ἄλλων
3144 612 3436 683 ἀπροσπα-

197 694 294 764 τῆς
326 699 402 759 si;
443 698 543 767 ἐμέ
580 715 677 751 σου
710 700 935 770 ἀγάπης
974 702 1069 755 καὶ
1090 702 1443 771 δουλοσύνης,
1474 705 1567 756 καὶ
1594 705 1762 756 άντα·

193 788 395 853 μοιόήν
441 804 526 841 σοι
557 789 908 861 ὀφείλωκέως
956 794 1016 844 ἐν
1059 796 1172 854 τοῖς
1203 792 1372 856 ζῶσιν
1403 794 1757 865 εὑρίσκομαι,

192 880 321 933 ἐπεὶ
347 882 603 937 τοσοῦτον
634 884 977 948 κεκοπίακας
1009 887 1097 938 ἀεὶ
1130 885 1273 955 ὑπὲρ
1303 885 1461 955 ἐμοῦ,
1494 888 1589 941 καὶ
1631 890 1765 956 μᾶλ-

190 974 289 1026 λον
318 975 389 1027 τὰ
421 974 517 1028 νῦν
544 975 909 1043 ἐγκατέλιπες
934 978 1023 1030 τὸν
1074 974 1223 1031 οἶκόν
1256 996 1374 1046 σου,
1408 980 1658 1032 τοσοῦτον
1698 981 1761 1050 δὴ

188 1069 387 1137 καιρὸν
416 1068 604 1138 πόῤῥω
625 1070 729 1137 τῆς
756 1050 855 1140 σῆς
876 1072 1137 1141 πατρίδος
1165 1072 1315 1137 ξένας
1337 1071 1520 1143 χώρας
1544 1090 1766 1144 περιερ-

188 1161 447 1229 χόμενος.
480 1161 645 1215 Ὅθεν
670 1162 720 1214 οἱ
753 1164 932 1215 ἐκεῖσε
962 1165 1308 1231 κυριεύοντες
1337 1165 1581 1233 μεγάλας
1608 1167 1763 1236 εὐερ-
1792 1235 1799 1241 _

190 1252 387 1317 γεσίας
422 1252 714 1321 καὶτιμὰς
748 1253 1156 1322 ἐπηγγέλλοντό
1185 1272 1267 1307 σοι
1296 1255 1500 1319 δοῦναι,
1537 1255 1679 1324 λέγω
1716 1258 1763 1309 οἰ

190 1342 297 1408 τῆς
344 1342 588 1411 Ἰϐηρίας
631 1346 725 1399 καὶ
754 1345 1167 1415 Τραπεζοῦντος
1196 1344 1455 1400 δεσπόται
1486 1347 1581 1401 καὶ
1609 1347 1765 1417 βασι-

188 1430 332 1494 λεῖς,
372 1433 601 1496 ἕκαστος
646 1436 829 1490 αὐτῶν
870 1437 1049 1506 ζητῶν
1106 1455 1190 1491 σοι
1240 1439 1380 1508 ὑπὲρ
1438 1440 1625 1504 αὑτοῦ,
1680 1442 1763 1498 ἵνα

190 1522 541 1578 συνοικέσιον
603 1526 722 1595 μετ’
754 1528 888 1596 ἐμοῦ
943 1529 1192 1601 τελέσῃς.
1246 1531 1417 1592 Αὑτδς
1460 1531 1515 1583 δὲ
1550 1531 1763 1593 ὡς’σώ·

189 1633 353 1685 φρων
400 1618 495 1670 καὶ
550 1619 742 1683 πιστὸς
786 1621 1043 1691 Θεράπων
1069 1622 1349 1692 διέκρινας
1379 1624 1440 1676 τὸ
1488 1626 1766 1695 συμφέρον

191 1724 291 1775 μοι
318 1709 414 1762 καὶ
448 1709 895 1783 ὠφελιμώτερον,
916 1718 1013 1770 καὶ
1040 1716 1292 1785 ἔδρασας,
1315 1720 1410 1771 καὶ
1441 1719 1475 1773 ἃ
1505 1721 1767 1790 νενόηκας

190 1798 447 1870 ἔγραψάς
483 1820 575 1872 μοι
627 1806 1035 1873 συμὸουλεύων.
1077 1809 1250 1862 Τοῦτο
1292 1807 1362 1881 ἦν
1405 1812 1546 1880 μέγα
1578 1830 1631 1866 τι
1672 1815 1764 1865 ἐκ·

193 1893 504 2001 μαρτιὲριον
533 1897 634 1965 τῆς
678 1897 818 1968 πρὸς
850 1901 954 1969 ἐμέ
1004 1917 1097 1953 σου
1133 1903 1347 1967 εὐνοίας
1394 1906 1487 1958 καί
1526 1905 1763 1975 ἀγάπη;’
1802 1948 1843 2001 Β

187 1988 286 2038 καὶ
321 1986 778 2058 πληροφορήθητι
807 1991 1026 2060 άληθῶς
1055 1994 1139 2047 ὅτι
1170 1996 1264 2049 καὶ
1303 1999 1433 2067 παρ’
1460 1997 1595 2065 ἐμοῦ
1628 1999 1768 2063 ἕξεις

186 2076 355 2141 ἀξίαν
380 2079 478 2150 τὴν
508 2081 860 2152 ἀντάμειψιν,
916 2085 1021 2149 ἓως
1065 2088 1122 2140 ἐν
1157 2077 1269 2152 τοῖς
1315 2088 1484 2153 ζῶσιν
1515 2091 1764 2163 ὑπάρχω.

188 2169 337 2238 Περὶ
372 2170 430 2222 δέ
478 2170 575 2225 τοῦ
631 2174 690 2227 ἐν
724 2173 923 2247 Σερσίᾳ
963 2179 1307 2233 συνοικεσίου
1352 2174 1525 2253 οὗπερ
1559 2185 1771 2254 ἐρωτᾷς

190 2278 289 2329 με,
323 2266 756 2336 τοιουτοτρόπως
782 2269 1262 2339 παρηκολούθησε.
1296 2273 1451 2333 Μετὰ
1487 2274 1547 2327 τὸ
1586 2276 1770 2328 θανεῖν

187 2352 286 2405 τὸν
317 2356 540 2423 ἀμηρᾶν
577 2357 670 2409 καὶ
702 2356 800 2427 τὴν
836 2360 993 2429 221
1045 2363 1234 2415 τούτου
1272 2365 1507 2433 σύζυγον
1562 2369 1769 2420 ἐπανα-

191 2442 512 2513 στρέψασαν
535 2442 671 2516 πρὸς
697 2448 788 2500 τὸν
820 2451 920 2518 τῆς
961 2451 1192 2521 Σερὸίας
1230 2452 1499 2527 δεσπότην
1546 2460 1636 2511 τὸν
1670 2475 1772 2511 πα-

189 2535 331 2604 τέρα
377 2536 569 2605 αὑτῆς,
600 2539 879 2609 προσῆλθέ
920 2558 1011 2608 μοι
1065 2543 1516 2616 συλλαλήσασαή
1558 2564 1772 2616 πρωτο-

191 2627 565 2695 στρατόρισσα
614 2631 648 2699 ἡ
701 2633 969 2701 συγγενὴς
1020 2634 1191 2703 αὑτῆς
1220 2638 1351 2704 περὶ
1384 2637 1483 2705 τῆς
1514 2641 1771 2709 τοιαύτης

190 2713 534 2781 ὑποθέσεως,
564 2719 660 2770 καὶ
692 2719 952 2784 πλείστας
987 2723 1166 2787 δόσεις
1193 2726 1289 2779 καὶ
1319 2728 1563 2794 προῖκας
1599 2729 1769 2796 ἐπηγ-

188 2806 419 2872 γέλλετό
457 2825 572 2875 μοι,
606 2811 698 2862 καὶ
733 2812 869 2866 ἄλλα
906 2815 1081 2868 πολλὰ
1112 2817 1514 2886 ὠφελιμώτατα
1544 2820 1771 2873 ἕτασσεν

190 2897 549 2971 ὑποσχομένη
579 2903 635 2955 ἐν
665 2902 743 2971 τῷ
776 2905 1051 2973 μέλλοντι,
1079 2907 1221 2977 ἅπερ
1249 2910 1404 2977 κάγὼ
1429 2913 1533 2964 ἀπὸ
1562 2912 1772 2964 πολλῶν

192 2990 393 3043 αἰτιῶν
431 2994 661 3062 ἐνόμισα
688 2995 865 3049 ταῦτα
898 2998 1075 3068 ἀληθῆ
1111 2995 1254 3053 εἶναι
1281 3004 1371 3054 καὶ
1401 3004 1767 3073 συμφέροντα.

194 3080 398 3149 Ὅμως
424 3081 482 3135 δέ
508 3085 565 3136 ἐν
594 3085 771 3156 τούτῳ
791 3086 897 3140 ἔδει
928 3091 1020 3141 καὶ
1043 3091 1210 3160 ἐτέρα
1242 3092 1405 3164 βουλὴ
1430 3095 1526 3147 καὶ
1560 3095 1771 3163 σκέψις,

194 3172 359 3239 κάγὼ
388 3174 488 3227 οὑκ
533 3173 680 3245 εἶχον
714 3179 855 3244 μετά
885 3197 1028 3245 τινος
1064 3182 1537 3254 συμϐουλευθῆναι
1574 3186 1664 3239 διὰ
1714 3188 1773 3240 τὸ

1868 702 1974 765 θῶς
2007 703 2286 764 ἐδούλευε.
2319 705 2413 757 καὶ
2446 704 2605 767 αὑτδς
2658 706 2951 759 ἀπέθανεν·
3003 708 3032 759 ό
3069 704 3126 758 δὲ
3159 706 3375 767 Λουκᾶς
3408 709 3435 757 ό

1865 792 2123 866 Νοταρᾶε
2155 798 2407 865 φανερῶς
2446 799 2539 851 καὶ
2565 799 2788 865 ἀφανῶς
2825 800 2973 866 λέγει
3012 800 3093 853 ὅτι
3126 798 3299 861 οὐδεὶς
3327 798 3435 850 τῶν

1869 888 2048 942 ἄλλων
2083 889 2261 959 πάρεξ
2308 890 2474 942 αὑτοῦ
2522 887 2631 943 οἶδε
2686 891 2738 943 τί
2794 894 2962 956 ποιεί,
3011 892 3059 943 εί
3092 892 3166 960 μὴ
3196 890 3267 944 τὰ
3302 890 3435 958 παρ’

1869 980 2033 1032 αὑτοῦ
2064 981 2333 1048 λεγόμενα
2363 982 2456 1033 καὶ
2493 983 2795 1048 ποιούμενα
2819 980 3217 1049 διισχυρίζεται
3257 981 3434 1050 ἀληθῆ

1868 1074 1963 1125 καὶ
1994 1073 2135 1124 καλὰ
2164 1069 2320 1135 εἶναι,
2346 1073 2438 1125 καὶ
2464 1073 2641 1125 πάντα
2668 1072 2819 1125 λίθον
2846 1074 3009 1136 κινεῖ,
3040 1073 3100 1125 τὸ
3130 1073 3221 1125 τοῦ
3248 1074 3434 1140 λόγου,

1869 1160 1945 1221 ὡς
1977 1160 2070 1213 καὶ
2099 1161 2261 1222 αὑτὸς
2291 1160 2472 1223 καλῶς
2500 1160 2810 1213 ἐπίστασαι.
2855 1161 2914 1212 '0
2961 1159 3137 1229 μέγας
3185 1161 3435 1229 δομέστι-

1870 1265 1964 1308 κος
1998 1249 2287 1320 ἐχθρωδῶς
2336 1250 2610 1304 διάκειται
2658 1251 2738 1310 είς
2793 1248 2862 1302 τὰ
2900 1251 3000 1319 τῆς
3053 1250 3308 1320 Σερὸίας,
3343 1252 3436 1303 καὶ

1869 1342 2173 1411 όμονοήσας
2228 1343 2368 1411 μετὰ
2400 1341 2495 1393 τοῦ
2538 1342 2998 1410 Καντακουζηνοῦ
3037 1342 3288 1396 Ἰωάννου
3325 1360 3434 1397 πα-

1873 1433 2224 1502 ροτρύνοντές
2256 1450 2325 1501 με
2355 1432 2443 1485 ἀεὶ
2474 1432 2561 1485 ἵνα
2592 1433 2653 1485 τὸ
2683 1433 2783 1502 τῆς
2810 1432 3222 1502 Τραπεζοῦντος
3254 1452 3438 1489 συνοι-

1871 1524 2056 1576 κέσιον
2112 1524 2354 1593 γένηται.
2396 1524 2513 1576 Τίνι
2560 1527 2664 1595 γὰρ
2713 1525 2837 1579 τότε
2876 1525 3155 1595 ἐδυνάμην
3204 1526 3441 1594 συμϐου·

1869 1617 2125 1671 λεὺεσθαι
2146 1638 2161 1685 ;
2184 1621 2339 1673 Μετὰ
2364 1622 2616 1691 μοναχῶν
2643 1623 2738 1676 καὶ⁵
2771 1622 2879 1677 τῶν
2902 1622 3191 1689 τοιούτωνς
3224 1623 3441 1693 απράγ-

1873 1712 2033 1780 μονές
2060 1712 2189 1766 εἱσι.
2241 1714 2397 1766 Μετὰ
2448 1713 2755 1784 άρχόντωνς
2806 1716 2900 1767 καὶ
2930 1716 3106 1777 οὐδεὶς
3143 1716 3432 1787 ἐφρόντιζε

1873 1801 1951 1871 μὴ
1985 1803 2344 1871 προκείμενός
2378 1821 2505 1868 τινι⁹
2543 1806 2616 1876 μή
2660 1822 2776 1869 πως
2801 1804 3136 1877 δημοσιεύση
3163 1808 3302 1860 αὑτὰ
3327 1809 3440 1867 τοῖς

1874 1892 2076 1955 ἄλλοις.
2111 1894 2313 1947 Λοιπὸν
2338 1895 2498 1965 222
2530 1895 2643 1964 ἐγὼ
2675 1897 3063 1951 ἐδεινοπάθουν
3085 1899 3164 1959 εἰς
3195 1899 3295 1966 τὴν
3342 1900 3441 1968 σὴν

1874 1985 2209 2056 βραδύτητα.
2256 1987 2552 2058 Ἐλθούσης
2582 1990 2639 2041 δὲ
2666 1988 2766 2056 τῆς
2794 1989 3015 2058 γραφῆς
3051 2006 3170 2055 σου,
3203 1990 3312 2042 ίδοὺ
3347 1991 3441 2043 καὶ

1875 2078 1935 2131 σέ
1971 2081 2065 2133 καὶ
2101 2080 2200 2150 τὴν
2232 2080 2463 2150 γνώμην
2504 2098 2596 2133 σου
2632 2080 2871 2148 ἔγνωκα·
2897 2082 2990 2134 καὶ
3018 2080 3055 2135 ἃ.
3084 2082 3305 2151 εῐχομεν
3345 2082 3443 2134 καὶ

1872 2173 2035 2239 ἡμεῖς
2063 2176 2565 2242 προσυνιστάμενα,
2586 2175 2869 2245 φρονίμως
2900 2174 2996 2229 καὶ
3019 2174 3202 2236 καλῶς
3224 2174 3437 2237 ἔλυσας.

1874 2263 1979 2314 Καὶ
2044 2263 2205 2327 εὐθὺς
2262 2264 2355 2317 τὸν
2410 2266 2775 2333 Παλαιολόγον
2829 2266 2923 2320 καὶ
2981 2266 3074 2319 τὸν
3132 2264 3443 2333 Εὐδαίμονα

1885 2354 2139 2424 Ἰωάννην
2174 2355 2496 2420 ἀπέστειλα,
2546 2357 2613 2409 δι’
2643 2357 2778 2411 ἄλλα
2840 2359 2939 2426 μὲν
2978 2359 3038 2411 τὸ
3089 2358 3440 2427 φαινόμενον.

1871 2446 1947 2508 ὠς
1979 2447 2088 2500 άπλ)
2139 2449 2240 2515 τῆς
2299 2448 2449 2510 θείας
2492 2448 2657 2502 αὑτοῦ
2704 2450 2806 2518 τῆς
2850 2451 3443 2519 πρωτοστρατορίσσης

1872 2536 2004 2608 εἴπῃ
2037 2537 2217 2590 τοῦτο.
2249 2540 2356 2591 Καὶ
2408 2540 2517 2592 ίδοὺ
2555 2540 2871 2609 ἠκούσαμεν
2901 2542 2962 2592 τὸ
3005 2542 3179 2593 αἴτιον
3207 2542 3302 2593 τοῦ
3332 2560 3441 2595 κω-

1871 2629 2134 2699 λύματος,
2166 2632 2259 2682 καὶ
2315 2631 2653 2699 ἐπαύσαμεν.
2694 2633 2892 2685 Λοιπὸν
2925 2635 3023 2686 σὺν
3055 2634 3174 2704 Θεῷ
3204 2635 3437 2687 τελέσω·

1876 2738 1976 2789 μεν
2006 2722 2066 2773 τὸ
2098 2722 2190 2773 τοῦ
2221 2722 2487 2791 βασιλέως
2519 2723 2617 2791 τῆς
2649 2722 2916 2793 Ἰϐηρίας.
2952 2742 2970 2774 ι
3013 2726 3125 2778 Καὶ
3154 2730 3439 2793 γεγονότος

1874 2812 2273 2882 χρυσοὸούλλου
2307 2816 2399 2865 καὶ
2431 2814 2867 2883 ὑπογραφέντος,
2922 2819 3198 2887 περιεῖχεν
3247 2818 3438 2881 οὕτως,

1874 2904 1955 2955 ὅτι
1985 2904 2192 2955 ἐκείνου
2220 2904 2321 2972 μὲν
2356 2906 2387 2973 ἠ
2414 2906 2661 2975 θυγάτηρ
2695 2906 2839 2958 ἔστω
2873 2907 3010 2978 γυνὴ
3041 2907 3136 2960 τοῦ
3176 2907 3442 2977 βασιλέως

1876 2996 1965 3046 καὶ
2011 2995 2267 3048 δέσποινα
2310 2998 2408 3061 τῆς
2460 2998 3105 3063 Κωνσταντινουπόλεως,
3154 3000 3249 3052 καὶ
3280 3001 3442 3063 αὑτὸς

1875 3087 1937 3155 δὴ
1967 3088 1994 3139 ὁ
2031 3087 2288 3153 βασιλεὺς
2336 3088 2475 3140 ἐστω
2528 3090 2669 3159 ἀνὴρ
2703 3091 2895 3159 αὑτῆς,
2945 3092 3089 3145 κατὰ
3128 3092 3309 3155 πάσας
3347 3094 3444 3156 τὰς

1877 3180 2195 3247 συμφωιίας
2227 3179 2293 3241 ἃς
2331 3180 2449 3247 μετ’
2479 3183 2611 3250 ἐμοῦ
2645 3183 2874 3251 ἔστησεν
2923 3186 2948 3236 ὁ
2986 3185 3176 3253 ῥηθεὶς
3213 3184 3316 3255 et):
3346 3186 3443 3253 τῆς

196 3264 415 3327 πάντας
472 3268 792 3338 παθητικῶς
840 3273 1169 3330 διακεῖσθαι,
1228 3276 1292 3329 Ἦ
1349 3278 1519 3347 κυρία
1572 3297 1671 3344 μου
1739 3280 1845 3354 ής
1888 3273 2143 3341 ’ίόηρίας.
2204 3274 2312 3326 Καὶ
2369 3274 2591 3344 κληθεὶς
2650 3277 2925 3345 προσῆλθε
2965 3278 3305 3332 κατενώπιον
3350 3278 3443 3333 τοῦ

192 3350 462 3411 δέσποινα
494 3361 586 3413 καὶ
625 3364 807 3430 μήτηρ
839 3363 933 3415 τοῦ
982 3366 1252 3435 παρόντος
1295 3367 1411 3436 βίου
1446 3370 1765 3440 ἐξεδήμησε.

197 3543 357 3587 tuam
384 3548 449 3587 ac
471 3537 710 3590 studium
738 3538 900 3592 etiam
928 3541 1101 3609 magis
1134 3541 1442 3608 confirmat,
1468 3547 1773 3599 communit

196 3636 255 3680 et
278 3625 438 3689 quasi
459 3626 725 3697 obsignat,
756 3630 968 3699 tibique
1019 3632 1293 3702 obligatus
1321 3650 1464 3698 sum,
1492 3638 1671 3706 quoad
1711 3638 1765 3692 in

197 3718 348 3773 vivis
375 3734 489 3784 ero,
525 3735 648 3775 cum
700 3738 915 3793 semper
945 3738 1065 3778 mea
1106 3739 1270 3780 causa
1313 3742 1656 3798 summopere
1696 3730 1775 3783 ln-

200 3813 510 3878 boravcris,
545 3829 694 3869 nunc
731 3829 859 3871 vero
902 3826 1062 3870 etiam
1104 3816 1326 3871 domum
1361 3826 1505 3874 tuam
1540 3836 1631 3889 per
1660 3822 1778 3873 lon-

203 3921 337 3974 gum
365 3914 581 3974 tempus
614 3906 927 3975 reliqueris.
962 3909 1154 3976 procul
1194 3925 1221 3963 a
1248 3912 1423 3979 patria
1448 3922 1663 3967 exteras
1692 3929 1774 3967 re~

201 3998 400 4065 giones
431 3997 657 4053 obiens:
695 3998 838 4054 unde
867 4014 1013 4064 cum,
1043 4001 1135 4067 qui
1166 4000 1278 4055 illic
1307 4013 1559 4070 regnant,
1581 4020 1776 4073 magna

120 4098 127 4103 ‘
202 4090 306 4144 tibi
339 4088 481 4143 dona
532 4090 882 4160 honoresque
906 4092 1315 4160 promitterent,
1344 4092 1532 4148 lbet-ias
1560 4095 1777 4149 scilicet

201 4188 259 4233 et
284 4178 653 4247 Trapezuntis
674 4180 915 4249 despota:
938 4196 1224 4250 regesque,
1248 4193 1477 4253 uterque
1494 4194 1544 4238 te
1559 4200 1776 4253 rogans,

204 4272 313 4339 ipsi
353 4280 412 4324 ut
445 4272 772 4327 coneiliarcs
807 4274 910 4327 hoe
942 4274 1308 4339 connubium,
1348 4284 1408 4329 ut
1457 4278 1699 4345 prudens
1728 4288 1782 4331 et

206 4363 386 4415 ﬁdelis
419 4362 668 4417 minister
689 4363 976 4419 decrevisti
1002 4373 1057 4418 et
1088 4363 1287 4430 fecisti,
1310 4366 1453 4435 quod
1480 4367 1609 4420 mihi
1636 4381 1783 4421 com-

202 4457 435 4510 modum
468 4465 524 4511 et
544 4456 893 4512 utilissimum
929 4465 1095 4522 esset,
1121 4466 1168 4511 et
1199 4458 1329 4524 quid
1358 4459 1454 4512 tibi
1480 4460 1778 4522 videretur,

206 4564 306 4614 per
339 4550 550 4602 litteras
581 4549 713 4601 mihi
742 4550 989 4603 suasisti.
1023 4549 1157 4603 Illud
1180 4564 1435 4619 magnum
1468 4552 1599 4604 mihi
1630 4552 1783 4605 testi-

1876 3363 2141 3432 βασιλέως
2178 3369 2203 3417 ὁ
2239 3369 2303 3418 ἐκ
2361 3367 2459 3433 τῆς
2505 3368 2745 3437 Ἰϐηρίας
2809 3371 2927 3438 μετ’
2977 3371 3113 3440 ἐμοῦ
3167 3372 3447 3441 ἐληλυθὼς

1876 3543 2053 3598 Lucas
2102 3543 2332 3597 Notaras
2392 3555 2575 3597 autem
2627 3546 2803 3612 palam
2849 3556 2902 3599 et
2958 3547 3171 3599 occulte
3206 3546 3443 3608 dictitat,

1880 3645 2071 3701 praeter
2102 3650 2162 3688 se
2206 3636 2481 3688 nemiuem
2509 3637 2755 3689 omnium
2789 3637 2962 3702 scire,
2988 3637 3114 3705 quid
3144 3636 3287 3691 facto
3307 3653 3445 3705 opus

1878 3729 1966 3790 sit,
1999 3726 2153 3792 nihil,
2204 3728 2308 3781 nisi
2341 3728 2489 3796 quod
2544 3729 2659 3796 ipse
2698 3728 2833 3783 dicit
2869 3728 3128 3799 facitque,
3155 3745 3344 3783 verum
3383 3745 3445 3783 at:

1881 3821 2080 3872 bonum
2103 3834 2227 3874 esse
2250 3818 2509 3884 afﬁrmat,
2541 3834 2869 3889 omnemque
2901 3820 3132 3889 lapidem
3160 3830 3359 3895 mox-et,
3390 3832 3449 3873 ut

1882 3918 2001 3960 utar
2040 3908 2351 3975 proverbio,
2385 3906 2439 3961 id
2480 3906 2623 3975 quod
2666 3909 2780 3974 ipse
2822 3906 2961 3961 bene
3014 3907 3180 3961 nosti.
3222 3907 3447 3973 Magnus

1880 3996 2212 4050 domesticus
2234 3994 2432 4048 infesto
2451 3995 2505 4047 in
2530 3993 2751 4049 Servios
2781 3999 2964 4049 anlmo
2982 4004 3062 4048 est
3085 3994 3412 4061 compirans
3430 4021 3443 4030 -

1881 4104 1986 4157 que
2032 4103 2153 4143 cum
2184 4086 2393 4143 Joanne
2411 4084 2794 4140 Cantacuzeno
2830 4086 3076 4153 qu0tidie
3100 4098 3186 4138 me
3224 4086 3287 4136 ad
3310 4081 3447 4137 Tra-

1884 4181 2196 4249 pezuntium
2223 4177 2556 4233 connubium
2624 4178 2964 4231 adhortatur.
3023 4175 3160 4228 Cum
3190 4188 3446 4242 quonam

1884 4273 2046 4343 igitur
2068 4272 2427 4326 deliberarem
2452 4271 2475 4324 ?
2495 4270 2629 4325 Cum
2665 4268 2947 4348 monachis
2967 4277 3019 4321 et
3041 4266 3315 4336 ejusmodi
3349 4268 3441 4319 ito.

1885 4364 2168 4419 minibus?
2219 4372 2276 4416 at
2322 4376 2440 4417 rem
2494 4361 2769 4431 publicam
2798 4360 2801 4361 ⁷
2831 4376 2934 4414 non
2982 4360 3276 4425 attingunt.
3308 4358 3448 4412 Cum

1885 4454 2237 4526 proceribus?
2284 4463 2341 4508 at
2388 4458 2551 4509 nemo
2602 4468 2716 4508 rem
2770 4466 3143 4520 perpensurus
3182 4458 3319 4512 erat,
3354 4450 3447 4514 qui

1884 4547 2018 4602 nulli
2042 4547 2364 4617 propensior
2406 4552 2572 4608 esset,
2604 4553 2664 4599 ut
2690 4542 2992 4598 timendum
3034 4548 3200 4604 esset,
3236 4554 3304 4593 ne
3327 4553 3447 4592 eam

205 4641 455 4692 monium
481 4648 599 4693 erat
618 4649 723 4694 tua:
745 4653 870 4711 erga
893 4656 975 4694 me
995 4642 1293 4697 voluntatis
1313 4652 1365 4695 et
1382 4642 1773 4711 benignitatis:
1810 4622 1861 4684 Ῑ)
1887 4654 2011 4692 cum
2034 4638 2242 4692 caneris
2270 4636 2724 4691 communicaret.
2751 4633 2939 4702 Itaque
2962 4648 3061 4701 ego
3091 4631 3333 4700 iniquius
3368 4631 3447 4684 fe—

202 4742 260 4785 et
316 4742 474 4785 certo
520 4722 678 4794 sc'ito,
732 4733 896 4801 digna
947 4748 1035 4787 me
1066 4734 1159 4787 tibi
1191 4734 1416 4804 praemia
1442 4734 1774 4799 soluturum,

202 4822 391 4892 quoad
443 4822 495 4875 in
528 4823 666 4877 vivis
705 4838 820 4877 ero.
871 4822 1029 4889 Quod
1054 4833 1237 4878 autem
1297 4827 1365 4878 de
1397 4825 1663 4881 Serviano
1694 4842 1779 4883 me

202 4909 489 4965 connubio
546 4926 728 4979 rogas,
767 4926 855 4967 res
880 4908 943 4966 ea
984 4912 1056 4966 ita
1102 4914 1305 4967 evenit.
1334 4915 1531 4969 Amera
1561 4925 1779 4970 mortuo

202 5014 259 5058 et
301 5000 536 5073 conjuge
592 5002 715 5072 ejus
746 5018 969 5059 reversa
996 5004 1064 5059 ad
1091 5004 1375 5075 despotam
1410 5007 1634 5071 Serviae,
1661 5007 1780 5074 ejus

203 5104 446 5165 patrem.
494 5097 626 5150 adiit
665 5112 750 5151 me
778 5113 945 5168 super
985 5098 1079 5153 illo
1120 5100 1337 5170 negotio
1390 5112 1621 5170 cognata
1658 5104 1781 5170 ejus

203 5186 711 5254 protostrntorissa,
745 5188 1143 5257 spoponditque
1174 5189 1306 5241 mihi
1334 5190 1773 5246 cumulatissima

204 5278 359 5331 dona
390 5276 704 5346 dotemque,
724 5287 779 5333 et
813 5279 917 5333 alia
937 5279 1108 5334 multa
1129 5280 1417 5335 utilissima
1447 5295 1780 5335 commemo-

193 5369 356 5442 ravit
411 5379 467 5421 et
497 5369 549 5423 in
574 5368 814 5424 futurum
859 5372 1140 5439 promisit:
1197 5388 1316 5440 quze
1350 5387 1450 5439 ego
1504 5373 1689 5427 multis
1712 5374 1779 5427 de

205 5458 402 5515 causis
434 5475 560 5515 vera
608 5470 708 5516 ete
737 5476 796 5516 re
841 5476 963 5515 mea
1013 5459 1131 5517 fore
1156 5463 1487 5518 existimavi.
1525 5464 1779 5519 Attamen

204 5551 322 5606 alio
347 5552 582 5606 consilio
614 5561 667 5607 et
709 5552 1103 5608 deliberatione
1143 5555 1200 5607 in
1225 5554 1316 5607 tali
1358 5569 1418 5609 re
1461 5568 1601 5624 opus
1639 5566 1779 5621 erat,

208 5656 316 5697 nec
344 5641 644 5705 habebam,
688 5658 851 5713 quem
906 5646 1273 5707 consulerem,
1295 5647 1556 5711 quoniam
1589 5662 1780 5703 omnes

208 5733 402 5786 animo
456 5732 847 5787 vehementiori
888 5743 1068 5788 erant.
1101 5736 1325 5788 Domina
1354 5746 1409 5789 et
1446 5746 1620 5789 mater
1662 5752 1781 5791 mea

207 5821 533 5890 imperatrix
566 5836 597 5875 e
630 5822 741 5876 vita
779 5834 1055 5888 cesserat;
1101 5823 1557 5891 Cantacuzenus,
1615 5827 1710 5896 qui
1749 5842 1780 5881 e

208 5912 445 5981 reliquis
468 5927 573 5969 non
601 5914 795 5982 cupide
823 5917 1123 5987 judicabat,
1149 5927 1201 5971 et
1229 5916 1344 5982 ipse
1364 5926 1613 5974 mortuus
1643 5925 1777 5973 crat.

1883 4732 2065 4785 rebam
2102 4745 2280 4784 moras
2306 4739 2449 4783 tuns.
2487 4726 2725 4794 Epistola
2785 4733 2963 4778 autem
2992 4734 3081 4778 tua
3109 4723 3177 4776 ad
3213 4738 3298 4776 me
3322 4737 3447 4791 per-

1882 4820 2016 4885 lata,
2044 4830 2097 4874 et
2117 4830 2169 4873 te
2191 4829 2244 4872 et
2274 4818 2601 4873 sententiam
2628 4826 2774 4869 tuam
2803 4816 3056 4885 cognovi,
3093 4830 3324 4882 qumque
3350 4830 3447 4867 nos

1883 4925 2099 4980 quoque
2126 4911 2273 4979 prius
2300 4909 2598 4963 constituta
2660 4908 3021 4970 habebamus,
3063 4906 3360 4974 prudenter
3394 4916 3449 4958 et

1882 5005 2164 5058 commode
2206 5000 2578 5067 expediveras.
2622 4997 2819 5054 Statim
2871 4997 3034 5067 igitur
3084 4995 3446 5065 Palmologum

1884 5108 2004 5148 cum
2050 5090 2261 5144 Joanne
2288 5088 2636 5152 Eudaemone,
2689 5086 2924 5140 aliarum
2948 5100 3128 5139 rerum
3158 5093 3445 5154 praetextu,

1883 5185 2048 5252 misi,
2089 5200 2119 5238 a
2174 5184 2686 5253 protostratorissa,
2744 5188 3036 5232 matertera
3119 5192 3253 5242 sua,
3316 5178 3447 5231 illud

1886 5276 2213 5332 nuntiatum.
2243 5274 2383 5329 Ecce
2426 5282 2606 5327 autem
2628 5314 2641 5336 ,
2672 5286 2891 5324 causam
2920 5284 3040 5337 qua:
3071 5284 3181 5323 rem
3215 5268 3450 5338 impedi-

1882 5382 1984 5434 ret,
2035 5369 2407 5439 cognovimus,
2432 5376 2487 5420 et
2530 5366 2860 5421 destitimus.
2926 5362 3191 5417 Cmterum
3215 5402 3228 5424 ,
3261 5362 3305 5415 si
3338 5362 3449 5414 Dt'O

1885 5462 2081 5529 placet,
2133 5458 2480 5529 perficiamus
2534 5472 2656 5510 cum
2718 5457 2999 5510 lberorunt
3075 5469 3199 5522 rege
3240 5468 3450 5506 connu-

1885 5552 2090 5606 hinm.»
2127 5549 2213 5605 Fit
2239 5550 2405 5620 igitur
2433 5549 2577 5603 bulla
2611 5562 2798 5610 aurea.
2825 5548 2916 5601 cui
2947 5546 3317 5613 subscriptum
3344 5557 3449 5609 est,

1885 5643 1940 5696 ln
1974 5644 2114 5697 hanc
2148 5641 2473 5695 sententiam
2498 5678 2511 5701 ,
2542 5650 2601 5691 ut
2632 5638 2781 5691 illius
2805 5637 2910 5690 lllia
2940 5645 3084 5690 esset
3106 5651 3247 5688 uxor
3277 5636 3449 5704 impe-

1885 5737 2085 5791 ratoris
2118 5744 2171 5788 et
2208 5733 2528 5802 imperatrix
2562 5730 2769 5801 Cpolis,
2820 5731 3123 5797 imperator
3148 5736 3296 5781 esset
3330 5732 3449 5793 ejus

1888 5826 2134 5886 maritus,
2162 5824 2461 5879 secundum
2496 5822 2842 5875 conditiones
2873 5834 3064 5873 omnes
3091 5832 3228 5887 quas
3263 5816 3451 5871 Ibero-

1887 5932 2004 5971 rum
2039 5930 2129 5971 rex
2164 5929 2376 5970 mecum
2408 5922 2811 5982 composuerat.
2865 5908 3104 5965 Vocatur
3134 5910 3189 5965 in
3226 5921 3454 5977 conspe-
