4134 6452
768 425 876 488 823

2023 432 2343 494 GEURGII
2385 437 2810 495 I’IIRANTZ/E

3879 440 3964 501 83$

764 538 1029 610 πρέσϐυς.
1052 539 1154 592 Καὶ
1200 543 1227 592 ὁ
1283 541 1538 609 βασιλεὺς
1583 544 1952 615 οῖκειοχεερως
2004 546 2316 612 ἔμπροσθεν
2349 560 2392 613 Α
2426 552 2621 618 κυρίαν
2651 569 2769 603 σου.
2798 571 2814 602 ι
2865 553 3076 618 Ἔγωγε
3104 552 3424 620 ἀποκριθεὶς
3457 549 3610 605 εἷπον
3645 552 3817 621 αύτῷ·
3854 575 3870 604 ‹
3900 560 3961 608 Οὔ

763 634 952 685 τούτου
1003 633 1228 699 ἐποίησε
1282 636 1550 704 σταυροὺς
1588 639 1736 703 τρεῖς
1788 638 1926 705 μετᾶ
1984 641 2321 708 κιναϐἀρεως

762 726 841 787 ei;
863 726 924 777 τὸ
951 725 1221 796 ἀνώτερον
1251 726 1342 778 τοῦ
1375 728 1774 794 χρυσοϐούλλου
1818 729 2069 798 μέτωπον
2108 726 2189 792 εἰς
2236 731 2323 797 3t:-

765 817 993 870 ϐαίωσιν
1023 819 1166 870 κατά
1193 819 1288 887 τὴν
1317 820 1540 872 ἐκείνων
1575 822 1887 889 συνήθειαν,
1919 824 2010 874 καὶ
2040 823 2202 875 ἐδωσε
2230 823 2322 874 τὸν

768 907 1164 975 χρυσόϐονλλον
1209 911 1303 960 ἐπὶ
1347 909 1445 971 τὰς
1486 912 1681 981 χεῖρας
1724 911 1815 962 τοῦ
1871 912 2184 980 πρέσϐεως,
2227 911 2320 964 καί

766 1015 932 1068 φησιν
986 998 1165 1067 αὐτῷ·
1215 1018 1233 1050 ι
1280 1000 1411 1053 Ἰδοὺ
1450 1001 1607 1061 οὗτος
1644 1019 1662 1052 ι
1701 1002 1803 1068 ἐμὲ
1845 1001 2108 1055 δεικνύων
2163 1021 2184 1054 c
2224 1002 2324 1055 σὺν

766 1091 886 1158 Θεῷ
931 1090 1007 1159 τῷ
1048 1091 1328 1162 ἐρχομένῳ
1380 1092 1500 1163 ἔαρι
1555 1094 1832 1146 ἐλεύσεται
1875 1095 2012 1164 μετὰ
2051 1095 2322 1164 τριήρεων

766 1183 1108 1252 παραλαϐεῖν
1153 1183 1252 1253 τὴν
1307 1185 1444 1254 ἐμὴν
1500 1185 1752 1238 σύνευνον
1792 1187 1888 1253 τὴν
1931 1186 2250 1256 νεόνυμφον.
2297 1205 2321 1239 θ

768 1276 1154 1345 ΙΙροσκυνήσας
1183 1271 1274 1329 οὖν
1302 1279 1330 1328 6
1363 1275 1608 1348 πρέσϐυς
1635 1277 2004 1345 ἀνεχώρησεν.

836 1365 995 1434 223
1039 1365 1189 1418 Ἐπεὶ
1232 1366 1287 1418 δὲ
1319 1365 1424 1418 ἀπὸ
1459 1366 1558 1434 τῆς
1609 1366 1785 1435 ἀρχῆς
1834 1367 1927 1418 τοῦ
1961 1367 2124 1420 αὐτοῦ
2172 1369 2322 1431 ἔτους

765 1454 1112 1526 ἐψιθυρῖζετο
1141 1458 1223 1510 ὅτι
1259 1459 1288 1510 ὀ
1337 1457 1562 1527 ἀμηρᾶς
1593 1459 1844 1511 ἐϐούλετο
1875 1459 2052 1510 ἐλθεῖν
2100 1463 2240 1512 κατά
2266 1461 2324 1512 τὸ

767 1545 953 1598 στενὸν
983 1547 1148 1614 ἐγγὺς
1183 1548 1275 1600 τοῦ
1325 1548 1601 1616 ἀνωτέρου
1659 1549 1857 1616 μέρους
1904 1551 2003 1616 τῆς
2037 1550 2130 1600 τοῦ
2157 1527 2325 1601 ’Ᾱσω-

768 1639 940 1702 μάτου
980 1637 1172 1706 κώμης
1201 1639 1556 1707 οἰκοδομῆσαὶ
1595 1656 1644 1690 τι
1685 1640 1966 1709 φρούριον.
2010 1642 2101 1692 καὶ
2134 1641 2324 1710 βουλῆς

766 1730 1066 1800 γενομένης
1094 1732 1180 1784 ἴνα
1209 1733 1237 1785 ὁ
1283 1731 1536 1800 βασιλεὺς
1576 1734 1656 1795 εἰς
1694 1734 2099 1800 Πελεπόννησον
2139 1734 2322 1804 στείλῃ

771 1820 992 1890 μηνύων
1033 1821 1127 1875 τοῦ
1166 1823 1339 1876 ἐλθεῖν
1375 1825 1473 1876 ἐνα
1501 1824 1608 1876 τῶν
1658 1825 2008 1892 αύταδέλφων
2046 1826 2234 1885 αὑτοῦ,
2264 1825 2323 1885 ὃς

2427 642 2665 709 δύναμαι
2698 642 3008 710 παραϐῆναι
3042 643 3096 694 τὸ
3126 644 3454 713 πρόσταγμά
3486 661 3604 706 σου,
3639 645 3736 697 τοῦ
3792 646 3862 714 μὴ
3892 647 3965 698 ὲκ-

2422 735 2637 786 τελέσαι
2685 734 2760 796 ὡς
2803 733 3083 794 κελεύεις·
3116 733 3230 786 ἀλλ’
3262 736 3293 803 ἡ
3327 735 3615 797 σύντεκνος
3669 737 3768 788 καὶ
3823 737 3962 803 δούλη

2423 829 2520 895 τῆς
2554 825 2831 890 βαστλεῑας
2869 841 2983 888 σου,
3019 825 3052 894 ή
3081 827 3218 894 γυνή
3261 843 3386 892 μου,
3420 825 3709 878 ὑποπτεύω
3749 829 3822 895 μή
3854 845 3961 878 ποτε

2422 918 2509 970 διὰ
2537 917 2599 970 τὸ
2639 921 2904 986 συχνάκις
2934 935 3001 985 με
3033 917 3389 980 ἁπουσιάζειν
3418 917 3589 985 αὐτῆς
3614 919 3960 984 ἀγανακτῶσα

2425 1009 2850 1078 ἀποκαρήσηται
2894 1007 3056 1078 224
3087 1009 3316 1078 μοναχὴ,
3376 1008 3412 1078 ἦ
3462 1010 3556 1061 καὶ
3605 1009 3746 1078 ἐάσῃ
3789 1026 3852 1077 με
3888 1011 3964 1060 καὶ

2425 1103 2584 1156 ἀλλον
2615 1103 2778 1172 λάϐῃ·
2821 1103 2948 1170 χθές
2973 1105 3079 1171 γὰρ
3117 1101 3356 1171 ἐλήλυθα
3399 1103 3508 1155 ἀπὸ
3560 1103 3829 1172 Ἰϐηρίας,
3871 1104 3958 1155 δια-

2433 1194 2632 1263 τρίψας
2667 1195 2784 1246 ἐκεῖ
2812 1193 2904 1261 ἐτη
2945 1193 3073 1258 δύο,
3122 1193 3217 1245 καὶ
3263 1194 3314 1245 εἰ
3361 1194 3702 1264 ἀναχωρήσω
3748 1194 3895 1255 αὖθις
3921 1196 3965 1244 ἐν

2428 1268 2780 1355 βραχημερὶᾳ
2822 1283 3053 1346 οἴκοθεν,
3110 1281 3333 1350 εὔλογον
3377 1285 3559 1336 αἰτίαν
3608 1284 3836 1351 εὑρήσει
3892 1288 3966 1336 καὶ

2425 1371 2639 1424 δικαίαν
2701 1370 2977 1438 πρόφασιν
3018 1369 3111 1422 τοῦ
3176 1370 3378 1441 πρᾶξαι
3426 1371 3484 1424 ἐν
3515 1372 3573 1437 ἐξ
3605 1365 3684 1424 ὧν
3711 1374 3912 1441 εἴρηκα.
3948 1393 3962 1424 ι

2437 1464 2494 1514 '0
2523 1464 2576 1515 δὲ
2597 1463 2850 1531 βασιλεὺς
2882 1463 3116 1530 γελάσας
3139 1458 3260 1516 εἶπέ
3299 1481 3386 1531 μοι
3411 1481 3426 1496 ο
3464 1483 3482 1515 ι
3529 1464 3670 1516 Ἀλλ’
3703 1465 3862 1527 αὐτὸς
3897 1466 3968 1516 li-

2425 1552 2514 1617 ξον
2540 1554 2678 1623 αὐτῇ
2717 1554 2802 1606 ῐνα
2827 1553 3034 1623 ταύτην
3055 1554 3149 1606 καὶ
3183 1555 3348 1623 μόνην
3376 1554 3477 1622 τὴν
3512 1556 3826 1624 ὁδοιπορΞαν
3861 1571 3970 1620 σνγο

2423 1647 2649 1714 χωρήσῃ
2671 1661 2750 1696 σοι
2776 1644 3021 1712 ποιῆσαι,
3050 1645 3143 1697 καὶ
3166 1645 3374 1714 ἐνόρκῳ
3400 1645 3791 1715 προστάγματι
3810 1647 3972 1698 τάεσω

2429 1737 2626 1804 μηκέτι
2657 1752 2714 1787 σε
2760 1735 3049 1805 ἐνοχλῆσαι
3091 1735 3186 1787 τοῦ
3235 1735 3471 1798 ἐξελθεῖν
3529 1753 3588 1789 σε
3641 1735 3970 1805 πατριδόθεν.

2428 1829 2539 1879 Καὶ
2574 1827 2716 1894 μάλα
2750 1827 2927 1887 καλῶς
2954 1826 3246 1879 ἐπίστασαι
3292 1827 3360 1879 τά
3395 1827 3493 1879 ὅσα
3544 1845 3628 1880 σοι
3661 1827 3974 1896 ἐπηηειλάο

773 1913 838 1965 ἂν
869 1912 1197 1981 βουλήσηται
1223 1915 1450 1976 τούτων,
1483 1917 1576 1967 καὶ
1626 1918 1955 1986 ὀμοφωνήσῃ
2003 1919 2081 1978 ei;
2117 1919 2215 1969 ὅσα
2263 1918 2320 1967 αἱ
2353 1916 2396 1974 Β
2431 1936 2536 1987 μην
2577 1917 2934 1987 εύεργετῆσαί
2963 1934 3042 1981 σε,
3081 1918 3174 1970 καὶ⁸
3197 1919 3250 1970 τι
3277 1918 3344 1970 τὰ
3393 1920 3494 1971 ἁνά
3545 1919 3708 1986 ἡμῶν
3740 1919 3976 1985 συλλαλη-

769 2002 1051 2068 βασιλικαὶ
1078 2008 1289 2071 γραφαὶ
1333 2005 1717 2074 διελάμϐανον,
1761 2008 1847 2059 ἵνα
1887 2009 2128 2073 ἀνάγκης
2175 2008 2329 2059 ἐπελ-

769 2094 971 2162 θούσης
1001 2097 1186 2150 ἴδωσιν
1211 2099 1261 2151 εξ
1281 2102 1306 2152 ὁ
1332 2101 1554 2168 ἀμηρᾶς
1587 2101 1836 2169 βούλεται
1870 2100 2073 2167 πρᾶξαί
2105 2117 2156 2158 τι
2187 2101 2327 2150 κατὰ

766 2190 867 2256 τῆς
902 2189 1110 2251 πόλεως
1134 2189 1255 2259 ἦτοι
1301 2192 1399 2258 τῆς
1431 2191 1734 2259 βασιλείας,
1791 2193 1885 2245 καὶ
1931 2191 2140 2259 ἀπέλθῃ
2193 2192 2328 2258 προς

767 2282 893 2342 τεὺς
923 2283 1169 2346 δυτικοὺς
1211 2282 1475 2346 αὐθέντας
1518 2285 1612 2336 καὶ
1647 2285 1968 2353 συμμαχίαν
2001 2286 2197 2353 αἰτήσῃ
2219 2324 2231 2344 ,
2272 2285 2328 2334 ἐν

767 2373 903 2441 τῷδε
930 2372 1006 2444 τῷ
1039 2373 1191 2444 μέσῳ
1214 2374 1490 2443 παρῆλθον
1512 2375 1716 2444 ἡμέραι
1741 2376 1905 2437 τινὲς,
1942 2372 2061 2427 εἶτα
2091 2377 2330 2445 προστάο

772 2463 867 2527 ξας
894 2463 1064 2516 ἐλθεῖν
1095 2481 1163 2533 με
1191 2464 1422 2518 ἐνώπιον
1453 2466 1618 2519 αὐτοῦ
1658 2463 1779 2518 εἶπέ
1815 2484 1904 2535 μοι
1931 2467 2084 2518 τάδε’
2126 2487 2144 2517 ι
2177 2468 2331 2534 Πρω-

768 2554 1171 2626 τοϐεστιαρῖτα,
1213 2557 1344 2626 περὶ
1389 2557 1488 2626 τῆς
1528 2557 1719 2626 βουλῆς
1755 2553 1822 2628 ἧς
1851 2560 2160 2628 ἐστήσαμεν
2190 2559 2329 2610 ἑτοι-

775 2646 1012 2718 μάσθητι
1038 2647 1133 2701 τοῦ
1172 2648 1429 2702 ἀπελθεῖν
1457 2667 1516 2702 σε
1549 2652 1630 2711 εις
1668 2651 2094 2720 Πελοπόννησονο
2127 2651 2220 2702 καὶ
2257 2651 2331 2712 ὡς

774 2738 839 2789 ἂν
869 2737 1170 2808 διορθὼσῃς
1200 2740 1297 2810 τὴν
1329 2742 1504 2793 ἐκεῖσε
1531 2741 1693 2794 ύπόθε
1706 2760 1808 2805 σιν,
1831 2743 1916 2794 ἵνα
1941 2761 2023 2805 τις
2047 2744 2156 2795 τῶν
2182 2742 2335 2794 ἀδελο

771 2836 888 2903 φῶν
929 2853 1034 2905 μου
1065 2836 1352 2908 ἐλεύσηται
1393 2837 1601 2904 ἐνθάδε,
1637 2840 1936 2907 ἀναγκαῖόν
1981 2840 2126 2890 ἐστιν
2165 2837 2332 2888 ἀπε).-

772 2928 886 2980 θεῖν
916 2945 974 2980 σε
1001 2929 1210 2982 ἐκεῖθεν
1238 2933 1318 2993 εἰς
1358 2931 1579 3000 Κύπρον
1619 2934 1756 3001 πρδς
1795 2933 1892 3000 τὴν
1925 2934 2066 3002 ἐμὴν
2097 2932 2330 2999 ἀδελφό-

776 3020 944 3072 παιδα
981 3020 1080 3090 τὴν
1111 3024 1405 3092 ρήτισσαν.
1442 3027 1638 3092 Ἠμεῖς
1683 3027 1740 3079 δὲ
1773 3026 2003 3079 ἐνταῦθα
2034 3027 2334 3094 ἑτοιμάσωο

782 3115 881 3180 μέν
912 3131 993 3167 σοι
1030 3117 1105 3168 τάί
1131 3118 1413 3188 ἐπιτήδεια
1442 3118 1542 3186 τῆς
1572 3119 1715 3172 ὀδοῦ.
1744 3119 1900 3172 Μετὰ
1922 3121 1982 3171 τὺ
2015 3119 2250 3182 ἐξελθεῖν
2277 3135 2332 3170 σε

781 3205 1032 3258 κάκεῖθεν
1077 3207 1318 3278 πορεύσῃ
1367 3203 1522 3270 αὖθις
1580 3210 1659 3270 ei;
1714 3211 1814 3277 τὴν
1874 3211 2134 3279 Ἰϐηρίαν,
2188 3211 2336 3269 ὅπως

2431 2011 2610 2071 θέντα,
2644 2013 2736 2063 καὶ
2763 2011 2814 2063 τί
2841 2011 3142 2080 βουλόμεθα
3165 2011 3409 2078 ποιῆσαι.
3457 2012 3568 2065 Kal.
3588 2010 3751 2062 τοῦτο
3784 2010 3977 2080 βέϐαιόν

2431 2105 2546 2154 ἐστι
2581 2105 2672 2155 καὶ
2703 2104 2868 2171 χωρὶς
2901 2103 3124 2172 ἐνόρκου
3156 2103 3595 2171 προστάγματος,
3627 2102 3714 2155 ὅτι
3747 2103 3806 2153 αῖ
3833 2117 3978 2169 πρεσ-

2431 2195 2570 2246 ϐεῖαι
2603 2194 2694 2246 καὶ
2732 2194 3030 2261 ὁδοιπορεαι
3055 2195 3109 2244 αἱ
3137 2195 3238 2245 ὑπὸ
3285 2193 3378 2245 σοῦ
3413 2193 3703 2246 παύσουσι.
3760 2191 3979 2261 Μηνύειν

2429 2283 2484 2334 δὲ
2520 2285 2612 2334 καὶ
2645 2283 2778 2352 πρὸς
2805 2286 2896 2335 τὸν
2933 2283 3105 2351 μέγαν
3134 2283 3298 2336 δοΰκα
3319 2284 3408 2334 τὸν
3433 2284 3687 2349 Νοταρᾶν
3738 2285 3820 2334 ὅτι
3878 2283 3979 2332 ἐπεὶ

2429 2373 2489 2424 τὸ
2521 2373 2613 2424 τοῦ
2647 2374 2893 2442 μεγάλου.
2913 2374 3098 2436 δουκὺς
3127 2371 3380 2441 δφφῖκιον
3409 2375 3623 2441 κτῆται,
3664 2374 3729 2426 ού
3780 2374 3980 2426 δύναται

2431 2465 2573 2533 ἔχειν
2607 2466 2788 2517 καὶτὸ
2817 2466 3158 2532 μεσαστικόν.
3210 2467 3317 2517 Καὶ
3374 2463 3530 2516 τοῦτο
3581 2464 3726 2530 λέγω
3775 2465 3860 2515 ἵνα
3913 2479 3980 2512 σοι

2431 2557 2779 2626 δωρήσωμαι.
2825 2557 2962 2610 Ἀλλ’
2990 2559 3139 2624 ὅμως
3158 2558 3256 2610 οὐκ
3285 2557 3400 2610 ἐστι
3433 2559 3643 2626 πρέπον
3700 2557 3790 2607 ἶνα
3845 2556 3984 2620 ἀφαι-

2437 2650 2574 2714 ρέσω
2603 2650 2732 2701 αὐτὸ
2755 2650 2812 2715 ἐξ
2841 2650 3003 2702 αὑτοῦ
3032 2667 3047 2680 ο
3072 2649 3214 2701 οέστι
3249 2646 3355 2716 γάρ
3404 2649 3478 2708 ὠς
3524 2649 3905 2715 καταφρονεῖν,
3947 2647 3984 2695 εξ

2438 2740 2510 2808 μὴ
2546 2739 2928 2808 ἁναϐολὴνκαὶ
2957 2740 3154 2809 τρόπον
3212 2741 3512 2808 ποιήσομεν
3563 2739 3650 2791 ἴνα
3705 2736 3986 2796 αὑτοθελῶς

2433 2832 2798 2900 ἐγκαταλείψῃ
2825 2832 2953 2882 αὐτὸ
2978 2833 3207 2892 ἐκεῖνος.
3266 2831 3374 2883 Καὶ
3406 2831 3576 2898 ἐχέτω
3623 2829 3690 2898 δὴ
3749 2830 3908 2882 πάλιν
3941 2827 3991 2876 τὸ

2439 2921 2699 2987 πρωτεῖον
2725 2920 2822 2986 τῆς
2851 2919 3091 2982 στάσεως
3131 2922 3222 2970 καὶ
3257 2919 3353 2988 τῆς
3386 2918 3602 2986 βουλῆς,
3627 2918 3726 2970 καί
3758 2935 3815 2969 τι
3859 2934 3988 2982 σιτη-

2441 3011 2615 3079 ρέσιον
2644 3009 2711 3061 δι’
2742 3011 2901 3063 ἀλλου
2929 3011 3153 3078 τρόπον,
3197 3011 3316 3062 ἐπεὶ
3346 3011 3449 3079 χρὴ
3481 3010 3705 3077 ποιῆσαι
3753 3010 3899 3075 κάμέ
3918 3007 3993 3059 δύο

2435 3103 2541 3153 τῶν
2590 3102 2864 3170 ἀρχόντων
2928 3102 3285 3170 συμϐούλους,
3338 3102 3412 3164 ὡς
3464 3103 3556 3153 καὶ
3604 3103 3632 3153 ὁ
3697 3100 3994 3168 Baetis-3:6

2437 3193 2665 3259 ἀδελφός
2694 3211 2794 3260 μου
2826 3188 2990 3262 εἶχεν,
3023 3194 3089 3245 ἵν’
3120 3187 3220 3246 ὦσι
3274 3193 3391 3260 μετ’
3441 3193 3572 3260 ἐμοῦ
3623 3192 3698 3244 δι’
3756 3193 3883 3258 ὅλης
3915 3191 3995 3255 τῆς

777 3299 914 3367 ἄρῃς
942 3297 1040 3367 τὴν
1070 3299 1371 3369 νεόνυμφον
1409 3301 1506 3370 τὴν
1535 3301 1674 3370 ἐμὴν
1707 3302 1962 3354 σύνευνον
2014 3303 2111 3370 τὴν
2150 3303 2335 3370 μελλοο
2361 3280 2402 3336 C
2435 3287 2646 3355 ἡμέρας
2669 3289 2724 3337 έν
2756 3285 2832 3354 τῷ
2886 3285 3134 3354 παλατίφ
3187 3285 3280 3337 τοῦ
3333 3284 3659 3353 προελέπειν
3698 3282 3996 3352 διορθὼνείν

777 3415 924 3458 ctum
955 3407 1299 3476 imperatoris
1323 3408 1416 3477 qui
1450 3425 1664 3462 mecum
1691 3425 1753 3462 ex
1786 3409 1954 3463 Iberia
1990 3410 2200 3477 legatus
2233 3426 2328 3462 ve-

779 3503 953 3558 nerat,
983 3504 1042 3548 et
1065 3511 1245 3548 coram
1299 3497 1403 3551 hoc
1455 3501 1750 3566 Imperator
1783 3514 1943 3552 manu
1973 3514 2069 3552 sua
2100 3500 2150 3551 in
2178 3514 2334 3567 supe-

781 3586 924 3640 riore
982 3586 1141 3641 bullae
1181 3587 1354 3642 fronte
1387 3589 1604 3643 rubrica
1655 3599 1766 3645 tres
1801 3605 1994 3644 cruces
2034 3591 2230 3644 scribit
2260 3589 2328 3643 ad

777 3677 1205 3732 conﬁrmandam
1242 3682 1548 3748 pactionem
1569 3697 1632 3735 ex
1667 3682 1882 3735 ill'ornm
1910 3684 2332 3746 consuetudine,

780 3768 1051 3839 traditque
1113 3771 1312 3824 bullam
1382 3773 1434 3825 in
1503 3789 1697 3828 manus
1757 3773 1920 3843 legati
1975 3774 2059 3829 his
2118 3775 2334 3828 verl-is:

785 3883 803 3914 ι
839 3861 938 3921 llic
973 3863 1057 3916 vir
1092 3867 1219 3932 (me
1252 3865 1612 3934 omendebat)
1643 3866 1749 3920 Deo
1791 3868 2030 3936 propitio
2087 3869 2337 3936 proximo

783 3967 907 4008 vere
935 3968 1057 4007 cum
1081 3953 1394 4008 triremibus
1419 3955 1624 4020 veniet,
1651 3955 1918 4026 virginem
1943 3956 2075 4010 mihi
2108 3956 2341 4026 despon-

783 4059 897 4096 sam
928 4043 1316 4099 abducturus.»
1355 4044 1542 4113 Itaque
1583 4045 1815 4115 legatus,
1847 4042 2075 4102 adorato
2109 4049 2344 4114 impera-

783 4147 920 4200 tore,
949 4135 1221 4190 discessit.

853 4227 987 4280 Cum
1022 4226 1177 4280 initio
1205 4227 1446 4296 ejusdem
1475 4228 1602 4282 anni
1634 4229 2071 4294 fama-manaret,
2101 4246 2340 4286 ameram

787 4315 849 4367 ad
869 4317 1148 4385 angustias
1174 4333 1340 4386 prope
1364 4321 1701 4386 superiorem
1727 4329 1932 4388 partem
1971 4322 2072 4376 vici
2097 4322 2342 4377 Asomati

785 4422 904 4460 esse
925 4417 1315 4472 venturum,,ut
1341 4411 1410 4463 ibi
1425 4419 1736 4465 exstrueret
1750 4413 2062 4476 castellum,
2084 4429 2339 4481 cumque,

788 4496 1020 4552 concilio
1053 4498 1256 4564 habito,
1279 4500 1455 4555 visum
1487 4511 1651 4564 esset,
1691 4513 1748 4556 ut
1773 4503 2074 4573 imperator
2110 4505 2162 4556 itt
2192 4503 2346 4558 Pelo-

789 4604 1093 4656 ponnesum
1119 4590 1185 4644 ad
1215 4589 1436 4664 fratrem
1473 4594 1862 4647 arcessendum
1904 4597 2167 4657 mitteret,
2197 4605 2339 4648 uter-
2373 4613 2416 4668 ι)

789 4697 1003 4750 cunque
1054 4683 1268 4737 illorum
1324 4685 1511 4739 venire
1545 4686 1727 4751 vellet,
1783 4687 1913 4742 etis
1947 4689 2345 4755 comprobaret,

789 4788 1129 4844 quaecunque
1157 4775 1524 4844 imperatoriis
1581 4777 1781 4835 litteris
1816 4780 2115 4832 constituta
2141 4787 2346 4840 essent,

791 4874 975 4932 atque,
1002 4867 1047 4918 si
1084 4866 1378 4920 necessitas
1436 4867 1653 4922 adesset
1685 4867 2068 4933 vidissentque
2105 4883 2347 4920 ameratn

793 4956 1053 5008 adversus
1070 4955 1258 5009 urbem
1275 4956 1361 5010 vel
1383 4957 1675 5026 imperium
1695 4959 1900 5028 aliquid
1921 4961 2258 5022 moliturum,
2282 4961 2347 5013 ad

791 5043 1161 5100 occidentales
1198 5045 1474 5115 principes
1490 5063 1645 5118 opem
1678 5049 2023 5118 imploratum
2043 5051 2353 5120 proﬁcisce-

795 5143 964 5188 retur:
989 5136 1100 5188 haec
1117 5134 1282 5205 igitur
1298 5135 1424 5189 dum
1450 5137 1601 5198 liunt,
1625 5139 1810 5206 paucis
1830 5137 2019 5192 diebus
2035 5140 2351 5208 interiectis,

795 5228 1093 5295 imperator
1111 5240 1195 5280 me
1215 5226 1280 5279 ad
1309 5240 1378 5282 se
1398 5229 1721 5282 arcessitum
1750 5229 1820 5283 ita
1846 5231 2112 5286 allocutus
2140 5241 2248 5285 est:
2281 5231 2352 5284 «Ε

797 5318 1217 5388 consilio,qttod
1247 5323 1515 5387 cepimus,
1547 5336 1672 5389 para
1710 5332 1779 5385 te,
1823 5323 2258 5390 protovestiarie,
2296 5334 2353 5377 ut

797 5410 851 5462 itt
876 5407 1304 5479 PeIOpunnesum
1337 5409 1914 5483 proficiscare,ibique
1947 5415 2222 5482 negotium
2252 5415 2354 5470 hoc

799 5497 1066 5566 perﬂeias,
1093 5510 1153 5552 ut
1176 5499 1432 5553 alteruter
1463 5499 1691 5554 fratrum
1724 5519 1969 5557 meorum
2003 5505 2111 5558 huc
2141 5506 2348 5558 veniat.

798 5586 928 5641 Inde
977 5594 1189 5656 oportet
1241 5599 1290 5643 te
1333 5591 1385 5643 in
1433 5590 1671 5661 Cyprum
1728 5595 1794 5646 ad
1835 5595 2101 5664 reginam,
2134 5605 2348 5663 neptem

797 5694 997 5740 meam,
1030 5679 1131 5734 iter
1158 5678 1359 5734 facere.
1402 5682 1510 5736 Nos
1543 5685 1628 5738 hic
1652 5687 1960 5739 necessaria
2006 5687 2185 5739 itineri
2221 5702 2347 5754 pro-

795 5768 1120 5830 videbitnus.
1177 5769 1302 5824 Inde
1347 5786 1599 5826 reversus
1644 5781 1824 5827 autem
1875 5774 1924 5827 in
1969 5773 2196 5826 Iberiam
2241 5774 2352 5828 dis-

798 5861 978 5925 cedes,
1015 5869 1068 5914 ut
1109 5860 1343 5916 advehas
1386 5877 1574 5920 recens
1625 5865 1752 5918 mihi
1807 5879 2066 5934 sponsam
2102 5880 2344 5928 uxorem,

2435 3400 2670 3453 futuram
2697 3398 2975 3453 dominam
3004 3409 3204 3452 tuam.»
3240 3398 3317 3452 Ad
3347 3414 3466 3467 qum
3484 3413 3584 3466 ego
3614 3396 3687 3448 ita
3717 3397 3995 3464 respondi:

2441 3488 2586 3544 «Non
2618 3505 2839 3559 possum
2875 3491 3136 3558 equidem
3171 3489 3447 3542 declinare
3480 3488 3805 3540 mandatum
3840 3496 3996 3544 tuum,

2436 3590 2495 3635 ut
2526 3598 2631 3634 non
2664 3581 2880 3644 faciam,
2912 3581 3056 3650 quod
3087 3581 3277 3650 jubes;
3318 3595 3512 3632 verum
3565 3578 3878 3652 maiestatis
3913 3587 4000 3630 tu:

2436 3682 2732 3726 commater
2760 3681 2818 3726 et
2849 3688 3025 3736 serva,
3050 3672 3249 3741 coniux
3297 3687 3438 3734 mea,
3486 3684 3701 3733 vereor,
3738 3686 3810 3722 ne
3838 3683 3999 3736 quan-

2438 3766 2527 3826 do,
2580 3775 2798 3832 propter
2852 3765 3102 3817 crebram
3153 3763 3452 3818 absentiam
3488 3777 3660 3818 meam
3704 3762 4000 3831 indignata.

2441 3856 2723 3910 monachis
2759 3871 2817 3910 se
2862 3855 3119 3924 adjungat
3149 3866 3241 3911 aut
3283 3870 3368 3908 me
3419 3855 3633 3909 deserto
3693 3855 3870 3907 nubat
3901 3852 3998 3904 alii.

2440 3947 2762 4019 Nuperritne
2789 3949 2933 4003 enim
2961 3965 3029 4003 ex
3058 3948 3231 4004 Iberia
3257 3949 3413 4012 redii,
3439 3963 3612 4000 annos
3646 3946 3726 4000 ibi
3755 3946 3870 4000 duo
3903 3958 4003 3996 mo-

2443 4053 2617 4106 ratus,
2679 4051 2840 4110 atque
2894 4041 2938 4095 si
2997 4041 3138 4094 intra
3173 4055 3382 4108 paucos
3410 4038 3526 4092 dics
3556 4039 3761 4091 iterum
3798 4050 4005 4105 peregre

2445 4111 2650 4197 abiero,
2683 4150 2902 4188 causam
2928 4134 3176 4187 idoneam
3196 4132 3475 4202 etjustam
3509 4130 3758 4184 inveniet
3782 4126 4003 4182 faciendi

2445 4229 2670 4279 alterum
2703 4227 2917 4284 horum.
2959 4238 3079 4292 qua:
3106 4223 3238 4276 dixi.
3267 4241 3285 4272 ι
3329 4219 3628 4275 Subridens
3662 4219 4002 4287 imperator:

2453 4335 2470 4367 ι
2497 4316 2563 4368 At
2583 4327 2659 4376 tu.
2682 4316 2876 4383 inquit,
2901 4315 2984 4368 fac
2999 4322 3055 4367 ut
3081 4329 3240 4368 unum
3265 4313 3367 4367 hoc
3395 4313 3498 4365 iter
3516 4312 3820 4365 etiamnum
3848 4308 4006 4362 facere

2448 4408 2543 4460 tibi
2584 4409 2876 4473 permittat,
2921 4419 2982 4458 ac
3007 4406 3127 4473 jure
3155 4404 3394 4473 jurando
3431 4404 3528 4456 tibi
3565 4402 3846 4470 spondeo,
3877 4408 4006 4470 post-

2449 4495 2549 4548 hac
2578 4512 2660 4547 tne
2689 4509 2794 4547 non
2824 4495 2935 4561 jam
2969 4503 3283 4548 creaturum
3322 4494 3418 4546 tibi
3453 4492 3768 4546 molestiam
3808 4490 4006 4547 itineris

2447 4595 2596 4639 extra
2627 4586 2856 4655 patriam
2892 4585 3150 4639 faciendi.
3182 4583 3304 4638 Scis
3333 4592 3537 4647 autem,
3567 4598 3689 4652 qua:
3728 4585 3832 4637 tibi
3862 4585 4008 4636 bene.

2452 4679 2570 4732 ficia
2591 4678 2958 4746 promiserim,
2977 4693 3098 4746 qua:
3121 4677 3262 4731 inter
3281 4692 3379 4730 nos
3403 4677 3567 4729 locuti
3600 4676 3786 4730 simus
3819 4687 3872 4730 et
3895 4674 4006 4742 quid

2450 4767 2629 4822 facére
2651 4769 2974 4837 cogitemus,
3009 4777 3171 4835 atque
3211 4769 3316 4823 hoc
3348 4770 3565 4837 quidem
3594 4771 3765 4820 etiam
3794 4771 3911 4820 sine
3933 4782 4008 4819 sa-

2451 4861 2720 4914 cramenti
2749 4860 3007 4928 religione
3029 4869 3238 4913 certum
3268 4870 3368 4923 est,
3411 4858 3713 4927 legationes
3747 4870 3805 4911 et
3834 4860 4007 4911 itinera

2453 4960 2542 5004 tua
2596 4953 2756 5003 linem
2797 4949 3046 5006 habitura
3079 4965 3221 5004 esse.
3259 4948 3588 5018 Signiﬁcabo
3631 4959 3826 5002 autem
3861 4947 4009 5000 Not:-

2453 5057 2544 5104 rze,
2577 5056 2773 5110 magno
2795 5041 2940 5106 duci,
2979 5055 3102 5094 cum
3160 5041 3342 5110 magni
3380 5040 3534 5094 ducis
3569 5055 3807 5093 munere
3840 5039 4010 5107 funga-

2453 5146 2559 5197 tur,
2591 5149 2698 5188 non
2730 5148 2888 5202 posse
2925 5147 3050 5187 eum
3079 5147 3311 5201 praeesse
3338 5133 3501 5186 etiam
3552 5131 4009 5185 administratoris

2451 5227 2646 5280 oﬂicio.
2702 5227 2878 5296 Atque
2925 5225 3030 5278 hoc
3093 5225 3239 5286 dico,
3270 5233 3330 5278 ut
3360 5233 3412 5277 te
3456 5238 3520 5277 eo
3549 5237 3785 5275 munere
3817 5235 4008 5274 ornem.

2451 5316 2634 5387 Neque
2667 5326 2844 5371 tamen
2876 5317 3049 5379 decet,
3070 5315 3304 5383 spoliare
3331 5329 3414 5368 me
3437 5329 3559 5366 eum
3592 5315 3692 5365 ista
3719 5313 4000 5382 dignitate.

2451 5409 2813 5462 Contemnere
2836 5409 2981 5461 enim
3014 5421 3138 5460 eum
3171 5407 3475 5467 videamur,
3505 5404 3605 5458 nisi
3633 5413 4008 5473 exspectemus

2453 5499 2849 5568 aliquantisper
2873 5507 2926 5552 et
2949 5497 3169 5551 modum
3205 5499 3612 5566 excogitemus,
3633 5513 3747 5563 quo
3775 5512 3895 5550 eam
3913 5496 4009 5560 ipse

2454 5607 2550 5644 sua
2582 5602 2774 5658 sponte
2805 5591 3062 5658 deponat.
3088 5589 3382 5643 Enimvero
3414 5589 3635 5643 habebit
3674 5602 3874 5640 rursus
3911 5583 4008 5652 pri-

2454 5701 2570 5738 mas
2619 5684 2669 5736 in
2735 5683 2986 5747 consilio,
3037 5689 3092 5734 et
3141 5680 3361 5733 aliunde
3397 5679 3618 5746 aliquod
3651 5679 4002 5746 stipendium.

2452 5773 2887 5842 quamloquidem
2930 5787 3014 5825 me
3062 5787 3276 5840 quoque
3304 5770 3440 5824 duos
3463 5786 3491 5823 e
3521 5771 3814 5824 nobilitate
3847 5765 4007 5820 consi-

2455 5867 2663 5929 liarios,
2707 5878 2894 5934 quales
2977 5863 3164 5918 habuit
3236 5865 3555 5931 impetazor,
3624 5862 3792 5916 frater
3847 5872 4002 5917 mtas.
