  <div class='ocr_page' id='page_1' title='image "/cluster/home/n/w/nwhite01/storage/ocr_20150623/156/nnc1.0046980911/408.png"; bbox 0 0 4134 6452; ppageno 0'>
   <div class='ocr_carea' id='block_1_1' title="bbox 133 427 258 493">
    <p class='ocr_par' dir='ltr' id='par_1_1' title="bbox 133 427 258 493">
     <span class='ocr_line' id='line_1_1' title="bbox 133 427 258 493; baseline -0.008 -1"><span class='ocrx_word' id='word_1_1' title='bbox 133 427 258 493; x_wconf 63' lang='lat'><strong>325</strong></span> 
     </span>
    </p>
   </div>
   <div class='ocr_carea' id='block_1_2' title="bbox 1186 429 2352 498">
    <p class='ocr_par' dir='ltr' id='par_1_2' title="bbox 1186 429 2352 498">
     <span class='ocr_line' id='line_1_2' title="bbox 1186 429 2352 498; baseline 0.005 -6"><span class='ocrx_word' id='word_1_2' title='bbox 1186 433 1620 494; x_wconf 85' lang='lat' dir='ltr'><strong>CHRONICON</strong></span> <span class='ocrx_word' id='word_1_3' title='bbox 1659 429 2018 491; x_wconf 72' lang='lat' dir='ltr'><strong>M:\JUS.—</strong></span> <span class='ocrx_word' id='word_1_4' title='bbox 2053 435 2192 496; x_wconf 86' lang='lat' dir='ltr'><strong>LIB.</strong></span> <span class='ocrx_word' id='word_1_5' title='bbox 2235 435 2352 498; x_wconf 84' lang='lat' dir='ltr'><strong>IIl.</strong></span> 
     </span>
    </p>
   </div>
   <div class='ocr_carea' id='block_1_3' title="bbox 3267 438 3368 500">
    <p class='ocr_par' dir='ltr' id='par_1_3' title="bbox 3267 438 3368 500">
     <span class='ocr_line' id='line_1_3' title="bbox 3267 438 3368 500; baseline -0.03 0"><span class='ocrx_word' id='word_1_6' title='bbox 3267 438 3368 500; x_wconf 78' lang='lat'><strong>826</strong></span> 
     </span>
    </p>
   </div>
   <div class='ocr_carea' id='block_1_4' title="bbox 136 543 3369 618">
    <p class='ocr_par' dir='ltr' id='par_1_4' title="bbox 136 543 3369 618">
     <span class='ocr_line' id='line_1_4' title="bbox 136 543 3369 618; baseline -0 -21"><span class='ocrx_word' id='word_1_7' title='bbox 136 543 243 597; x_wconf 80' lang='grc' dir='ltr'>καὶ</span> <span class='ocrx_word' id='word_1_8' title='bbox 272 544 530 615; x_wconf 80' lang='grc' dir='ltr'>πράττειν</span> <span class='ocrx_word' id='word_1_9' title='bbox 554 545 844 612; x_wconf 79' lang='grc' dir='ltr'>ἀναγκαῖα,</span> <span class='ocrx_word' id='word_1_10' title='bbox 893 547 1134 608; x_wconf 79' lang='grc' dir='ltr'><strong>δουλείας</strong></span> <span class='ocrx_word' id='word_1_11' title='bbox 1187 565 1244 599; x_wconf 89' lang='grc' dir='ltr'><strong>τε</strong></span> <span class='ocrx_word' id='word_1_12' title='bbox 1279 551 1372 601; x_wconf 72' lang='grc' dir='ltr'>καὶ</span> <span class='ocrx_word' id='word_1_13' title='bbox 1425 547 1701 605; x_wconf 76' lang='grc' dir='ltr'>ὑποθέσεις</span> <span class='ocrx_word' id='word_1_14' title='bbox 1733 547 1776 602; x_wconf 83' lang='grc' dir='ltr'><strong>Δ</strong></span> <span class='ocrx_word' id='word_1_15' title='bbox 1808 547 2073 614; x_wconf 87' lang='grc' dir='ltr'>πέμπτον.</span> <span class='ocrx_word' id='word_1_16' title='bbox 2103 551 2211 602; x_wconf 70' lang='grc' dir='ltr'><strong>Καὶ</strong></span> <span class='ocrx_word' id='word_1_17' title='bbox 2228 545 2347 601; x_wconf 77' lang='grc' dir='ltr'>εἶπέ</span> <span class='ocrx_word' id='word_1_18' title='bbox 2386 565 2477 618; x_wconf 87' lang='grc' dir='ltr'><strong>μοι</strong></span> <span class='ocrx_word' id='word_1_19' title='bbox 2504 549 2630 616; x_wconf 72' lang='grc' dir='ltr'>περὶ</span> <span class='ocrx_word' id='word_1_20' title='bbox 2663 548 2859 602; x_wconf 37' lang='grc' dir='ltr'>*τούτου</span> <span class='ocrx_word' id='word_1_21' title='bbox 2895 549 3056 602; x_wconf 75' lang='grc' dir='ltr'>πάλιν</span> <span class='ocrx_word' id='word_1_22' title='bbox 3081 565 3095 580; x_wconf 92' lang='grc'><strong>·</strong></span> <span class='ocrx_word' id='word_1_23' title='bbox 3159 566 3177 599; x_wconf 71' lang='grc' dir='ltr'><strong>ε</strong></span> <span class='ocrx_word' id='word_1_24' title='bbox 3226 548 3369 600; x_wconf 80' lang='grc' dir='ltr'><strong>⁹Αλ).’</strong></span> 
     </span>
    </p>
   </div>
   <div class='ocr_carea' id='block_1_5' title="bbox 134 638 1712 708">
    <p class='ocr_par' dir='ltr' id='par_1_5' title="bbox 134 638 1712 708">
     <span class='ocr_line' id='line_1_5' title="bbox 134 638 1712 708; baseline 0 -18"><span class='ocrx_word' id='word_1_25' title='bbox 134 638 248 704; x_wconf 85' lang='grc' dir='ltr'>τῆς</span> <span class='ocrx_word' id='word_1_26' title='bbox 275 638 565 705; x_wconf 86' lang='grc' dir='ltr'>βασιλείας.</span> <span class='ocrx_word' id='word_1_27' title='bbox 606 657 625 690; x_wconf 75' lang='grc' dir='ltr'><strong>ι</strong></span> <span class='ocrx_word' id='word_1_28' title='bbox 661 639 820 708; x_wconf 70' lang='grc'><strong>225</strong></span> <span class='ocrx_word' id='word_1_29' title='bbox 857 642 962 691; x_wconf 71' lang='grc' dir='ltr'><strong>Καὶ</strong></span> <span class='ocrx_word' id='word_1_30' title='bbox 987 640 1154 700; x_wconf 78' lang='grc' dir='ltr'>οὕτως</span> <span class='ocrx_word' id='word_1_31' title='bbox 1192 640 1432 708; x_wconf 68' lang='grc' dir='ltr'>ἐμηνύθη</span> <span class='ocrx_word' id='word_1_32' title='bbox 1485 643 1509 692; x_wconf 77' lang='lat'><strong>6</strong></span> <span class='ocrx_word' id='word_1_33' title='bbox 1540 643 1712 706; x_wconf 82' lang='grc' dir='ltr'><strong>μέγας</strong></span> 
     </span>
    </p>
   </div>
   <div class='ocr_carea' id='block_1_6' title="bbox 137 728 1710 797">
    <p class='ocr_par' dir='ltr' id='par_1_6' title="bbox 137 728 1710 797">
     <span class='ocr_line' id='line_1_6' title="bbox 137 728 1710 797; baseline 0.001 -17"><span class='ocrx_word' id='word_1_34' title='bbox 137 728 276 792; x_wconf 77' lang='grc' dir='ltr'>δοὺξ</span> <span class='ocrx_word' id='word_1_35' title='bbox 297 729 382 781; x_wconf 74' lang='grc' dir='ltr'><strong>διὰ</strong></span> <span class='ocrx_word' id='word_1_36' title='bbox 402 729 494 780; x_wconf 82' lang='grc' dir='ltr'><strong>τοῦ</strong></span> <span class='ocrx_word' id='word_1_37' title='bbox 519 729 651 796; x_wconf 73' lang='grc' dir='ltr'>ἐμοῦ</span> <span class='ocrx_word' id='word_1_38' title='bbox 678 730 770 782; x_wconf 77' lang='grc' dir='ltr'>καὶ</span> <span class='ocrx_word' id='word_1_39' title='bbox 811 729 975 782; x_wconf 79' lang='grc' dir='ltr'>αὑτοῦ</span> <span class='ocrx_word' id='word_1_40' title='bbox 1010 731 1314 794; x_wconf 82' lang='grc' dir='ltr'>συντέκνου,</span> <span class='ocrx_word' id='word_1_41' title='bbox 1361 730 1453 782; x_wconf 80' lang='grc' dir='ltr'>τοῦ</span> <span class='ocrx_word' id='word_1_42' title='bbox 1503 732 1543 782; x_wconf 79' lang='lat' dir='ltr'><strong>la</strong></span> <span class='ocrx_word' id='word_1_43' title='bbox 1557 748 1710 797; x_wconf 85' lang='grc' dir='ltr'>ρομο-</span> 
     </span>
    </p>
   </div>
   <div class='ocr_carea' id='block_1_7' title="bbox 140 819 1712 890">
    <p class='ocr_par' dir='ltr' id='par_1_7' title="bbox 140 819 1712 890">
     <span class='ocr_line' id='line_1_7' title="bbox 140 819 1712 890; baseline 0.001 -19"><span class='ocrx_word' id='word_1_44' title='bbox 140 821 317 888; x_wconf 84' lang='grc' dir='ltr'>νάχου</span> <span class='ocrx_word' id='word_1_45' title='bbox 343 821 434 872; x_wconf 74' lang='grc' dir='ltr'>καὶ</span> <span class='ocrx_word' id='word_1_46' title='bbox 458 819 822 888; x_wconf 76' lang='grc' dir='ltr'><strong>πνευματικοῦ</strong></span> <span class='ocrx_word' id='word_1_47' title='bbox 859 822 1057 888; x_wconf 73' lang='grc' dir='ltr'>πατρὸς</span> <span class='ocrx_word' id='word_1_48' title='bbox 1087 822 1364 888; x_wconf 77' lang='grc' dir='ltr'>Νεοφύτου</span> <span class='ocrx_word' id='word_1_49' title='bbox 1398 822 1489 874; x_wconf 82' lang='grc' dir='ltr'>τοῦ</span> <span class='ocrx_word' id='word_1_50' title='bbox 1545 825 1602 874; x_wconf 83' lang='grc' dir='ltr'><strong>έν</strong></span> <span class='ocrx_word' id='word_1_51' title='bbox 1627 825 1712 890; x_wconf 83' lang='grc' dir='ltr'><strong>,τῇ</strong></span> 
     </span>
    </p>
   </div>
   <div class='ocr_carea' id='block_1_8' title="bbox 142 913 1716 984">
    <p class='ocr_par' dir='ltr' id='par_1_8' title="bbox 142 913 1716 984">
     <span class='ocr_line' id='line_1_8' title="bbox 142 913 1716 984; baseline 0.001 -21"><span class='ocrx_word' id='word_1_52' title='bbox 142 913 248 965; x_wconf 83' lang='grc' dir='ltr'>τοῦ</span> <span class='ocrx_word' id='word_1_53' title='bbox 281 913 643 982; x_wconf 79' lang='grc' dir='ltr'>Χαρσιανίτου</span> <span class='ocrx_word' id='word_1_54' title='bbox 674 915 827 982; x_wconf 80' lang='grc' dir='ltr'>μονῇ.</span> <span class='ocrx_word' id='word_1_55' title='bbox 853 915 960 966; x_wconf 74' lang='grc' dir='ltr'><strong>Καὶ</strong></span> <span class='ocrx_word' id='word_1_56' title='bbox 991 914 1227 975; x_wconf 80' lang='grc' dir='ltr'>ἀκούσας</span> <span class='ocrx_word' id='word_1_57' title='bbox 1255 918 1280 966; x_wconf 94' lang='lat'><strong>6</strong></span> <span class='ocrx_word' id='word_1_58' title='bbox 1308 915 1553 984; x_wconf 79' lang='grc' dir='ltr'>Νοταρᾶς</span> <span class='ocrx_word' id='word_1_59' title='bbox 1589 917 1716 984; x_wconf 67' lang='grc' dir='ltr'>περὶ</span> 
     </span>
    </p>
   </div>
   <div class='ocr_carea' id='block_1_9' title="bbox 142 1001 1715 1072">
    <p class='ocr_par' dir='ltr' id='par_1_9' title="bbox 142 1001 1715 1072">
     <span class='ocr_line' id='line_1_9' title="bbox 142 1001 1715 1072; baseline 0.001 -18"><span class='ocrx_word' id='word_1_60' title='bbox 142 1002 311 1054; x_wconf 79' lang='grc' dir='ltr'>τοῦδε</span> <span class='ocrx_word' id='word_1_61' title='bbox 327 1001 418 1053; x_wconf 83' lang='grc' dir='ltr'><strong>τοῦ</strong></span> <span class='ocrx_word' id='word_1_62' title='bbox 437 1003 689 1069; x_wconf 77' lang='grc' dir='ltr'>ὀφφικίου</span> <span class='ocrx_word' id='word_1_63' title='bbox 715 1003 831 1053; x_wconf 74' lang='grc' dir='ltr'>ἐστε</span> <span class='ocrx_word' id='word_1_64' title='bbox 842 1003 950 1070; x_wconf 82' lang='grc' dir='ltr'>ρξε,</span> <span class='ocrx_word' id='word_1_65' title='bbox 965 1002 1102 1072; x_wconf 83' lang='grc' dir='ltr'>πλὴν</span> <span class='ocrx_word' id='word_1_66' title='bbox 1125 1004 1380 1065; x_wconf 70' lang='grc' dir='ltr'>ἑκουσίως</span> <span class='ocrx_word' id='word_1_67' title='bbox 1395 1003 1715 1072; x_wconf 61' lang='grc' dir='ltr'>ἦιάκουσίως</span> 
     </span>
    </p>
   </div>
   <div class='ocr_carea' id='block_1_10' title="bbox 145 1086 1720 1160">
    <p class='ocr_par' dir='ltr' id='par_1_10' title="bbox 145 1086 1720 1160">
     <span class='ocr_line' id='line_1_10' title="bbox 145 1086 1720 1160; baseline -0.001 -17"><span class='ocrx_word' id='word_1_68' title='bbox 145 1092 257 1143; x_wconf 80' lang='grc' dir='ltr'>οὐκ</span> <span class='ocrx_word' id='word_1_69' title='bbox 289 1086 407 1143; x_wconf 77' lang='grc' dir='ltr'>οῖδα</span> <span class='ocrx_word' id='word_1_70' title='bbox 426 1103 440 1116; x_wconf 87' lang='grc'><strong>⁹</strong></span> <span class='ocrx_word' id='word_1_71' title='bbox 467 1089 558 1141; x_wconf 77' lang='grc' dir='ltr'><strong>καὶ</strong></span> <span class='ocrx_word' id='word_1_72' title='bbox 581 1089 778 1157; x_wconf 77' lang='grc' dir='ltr'>μᾶλλον</span> <span class='ocrx_word' id='word_1_73' title='bbox 799 1090 1067 1142; x_wconf 81' lang='grc' dir='ltr'>ἐδείκνυεν</span> <span class='ocrx_word' id='word_1_74' title='bbox 1096 1092 1176 1142; x_wconf 77' lang='grc' dir='ltr'>ὅτι</span> <span class='ocrx_word' id='word_1_75' title='bbox 1204 1091 1296 1142; x_wconf 76' lang='grc' dir='ltr'>καὶ</span> <span class='ocrx_word' id='word_1_76' title='bbox 1315 1093 1442 1160; x_wconf 74' lang='grc' dir='ltr'>πρὶν</span> <span class='ocrx_word' id='word_1_77' title='bbox 1465 1091 1497 1160; x_wconf 77' lang='grc' dir='ltr'><strong>ἢ</strong></span> <span class='ocrx_word' id='word_1_78' title='bbox 1522 1092 1614 1143; x_wconf 86' lang='grc' dir='ltr'>τοῦ</span> <span class='ocrx_word' id='word_1_79' title='bbox 1643 1093 1720 1141; x_wconf 80' lang='grc' dir='ltr'><strong>εξ-</strong></span> 
     </span>
    </p>
   </div>
   <div class='ocr_carea' id='block_1_11' title="bbox 148 1181 1719 1253">
    <p class='ocr_par' dir='ltr' id='par_1_11' title="bbox 148 1181 1719 1253">
     <span class='ocr_line' id='line_1_11' title="bbox 148 1181 1719 1253; baseline 0 -19"><span class='ocrx_word' id='word_1_80' title='bbox 148 1187 284 1236; x_wconf 85' lang='grc' dir='ltr'>πεῖν</span> <span class='ocrx_word' id='word_1_81' title='bbox 311 1183 458 1252; x_wconf 86' lang='grc' dir='ltr'><strong>αύτῷ</strong></span> <span class='ocrx_word' id='word_1_82' title='bbox 488 1183 614 1251; x_wconf 79' lang='grc' dir='ltr'>περὶ</span> <span class='ocrx_word' id='word_1_83' title='bbox 633 1181 822 1234; x_wconf 84' lang='grc' dir='ltr'>τούτου</span> <span class='ocrx_word' id='word_1_84' title='bbox 855 1183 1125 1248; x_wconf 77' lang='grc' dir='ltr'><strong>ἐλογίζετο</strong></span> <span class='ocrx_word' id='word_1_85' title='bbox 1157 1183 1558 1253; x_wconf 80' lang='grc' dir='ltr'>ποιῆσαι,ὅπως</span> <span class='ocrx_word' id='word_1_86' title='bbox 1572 1182 1664 1236; x_wconf 77' lang='grc' dir='ltr'>καὶ</span> <span class='ocrx_word' id='word_1_87' title='bbox 1691 1184 1719 1234; x_wconf 98' lang='lat'><strong>6</strong></span> 
     </span>
    </p>
   </div>
   <div class='ocr_carea' id='block_1_12' title="bbox 151 1274 1722 1346">
    <p class='ocr_par' dir='ltr' id='par_1_12' title="bbox 151 1274 1722 1346">
     <span class='ocr_line' id='line_1_12' title="bbox 151 1274 1722 1346; baseline 0.001 -21"><span class='ocrx_word' id='word_1_88' title='bbox 151 1274 416 1343; x_wconf 80' lang='grc' dir='ltr'>βασιλεὺς</span> <span class='ocrx_word' id='word_1_89' title='bbox 444 1277 852 1346; x_wconf 84' lang='grc' dir='ltr'>ἀντιχαρίσηται</span> <span class='ocrx_word' id='word_1_90' title='bbox 904 1279 1015 1336; x_wconf 77' lang='grc' dir='ltr'>τοῖς</span> <span class='ocrx_word' id='word_1_91' title='bbox 1065 1276 1199 1336; x_wconf 73' lang='grc' dir='ltr'>υἱοῖς</span> <span class='ocrx_word' id='word_1_92' title='bbox 1222 1274 1384 1326; x_wconf 78' lang='grc' dir='ltr'>αὑτοῦ</span> <span class='ocrx_word' id='word_1_93' title='bbox 1408 1275 1572 1343; x_wconf 80' lang='grc' dir='ltr'>ἀλλην</span> <span class='ocrx_word' id='word_1_94' title='bbox 1601 1274 1722 1326; x_wconf 86' lang='grc' dir='ltr'><strong>τινά</strong></span> 
     </span>
    </p>
   </div>
   <div class='ocr_carea' id='block_1_13' title="bbox 152 1364 1722 1436">
    <p class='ocr_par' dir='ltr' id='par_1_13' title="bbox 152 1364 1722 1436">
     <span class='ocr_line' id='line_1_13' title="bbox 152 1364 1722 1436; baseline 0 -21"><span class='ocrx_word' id='word_1_95' title='bbox 152 1367 348 1436; x_wconf 81' lang='grc' dir='ltr'>τιμήν.</span> <span class='ocrx_word' id='word_1_96' title='bbox 373 1367 556 1419; x_wconf 83' lang='grc' dir='ltr'>Ταῦτα</span> <span class='ocrx_word' id='word_1_97' title='bbox 571 1366 663 1419; x_wconf 75' lang='grc' dir='ltr'>οὖν</span> <span class='ocrx_word' id='word_1_98' title='bbox 693 1368 864 1436; x_wconf 82' lang='grc' dir='ltr'>πέρας</span> <span class='ocrx_word' id='word_1_99' title='bbox 884 1367 983 1418; x_wconf 84' lang='grc' dir='ltr'>οὐκ</span> <span class='ocrx_word' id='word_1_100' title='bbox 1015 1365 1202 1419; x_wconf 73' lang='grc' dir='ltr'>ελαὸον</span> <span class='ocrx_word' id='word_1_101' title='bbox 1242 1364 1330 1417; x_wconf 79' lang='grc' dir='ltr'><strong>διὰ</strong></span> <span class='ocrx_word' id='word_1_102' title='bbox 1379 1364 1478 1431; x_wconf 79' lang='grc' dir='ltr'>τὴν</span> <span class='ocrx_word' id='word_1_103' title='bbox 1513 1364 1722 1432; x_wconf 86' lang='grc' dir='ltr'>ταχέως</span> 
     </span>
    </p>
   </div>
   <div class='ocr_carea' id='block_1_14' title="bbox 155 1455 1723 1528">
    <p class='ocr_par' dir='ltr' id='par_1_14' title="bbox 155 1455 1723 1528">
     <span class='ocr_line' id='line_1_14' title="bbox 155 1455 1723 1528; baseline -0.001 -21"><span class='ocrx_word' id='word_1_104' title='bbox 155 1457 494 1510; x_wconf 70' lang='grc' dir='ltr'><strong>ἐπελθοῦσαν</strong></span> <span class='ocrx_word' id='word_1_105' title='bbox 537 1459 618 1520; x_wconf 80' lang='grc' dir='ltr'><strong>εις</strong></span> <span class='ocrx_word' id='word_1_106' title='bbox 649 1461 793 1528; x_wconf 69' lang='grc' dir='ltr'>ἡμᾶς</span> <span class='ocrx_word' id='word_1_107' title='bbox 855 1459 1038 1525; x_wconf 78' lang='grc' dir='ltr'>κοινὴν</span> <span class='ocrx_word' id='word_1_108' title='bbox 1071 1457 1372 1526; x_wconf 81' lang='grc' dir='ltr'>συμφοράν.</span> <span class='ocrx_word' id='word_1_109' title='bbox 1409 1455 1515 1508; x_wconf 77' lang='grc' dir='ltr'><strong>Καὶ</strong></span> <span class='ocrx_word' id='word_1_110' title='bbox 1562 1456 1723 1509; x_wconf 85' lang='grc' dir='ltr'>πάλιν</span> 
     </span>
    </p>
   </div>
   <div class='ocr_carea' id='block_1_15' title="bbox 155 1546 1726 1620">
    <p class='ocr_par' dir='ltr' id='par_1_15' title="bbox 155 1546 1726 1620">
     <span class='ocr_line' id='line_1_15' title="bbox 155 1546 1726 1620; baseline -0.001 -19"><span class='ocrx_word' id='word_1_111' title='bbox 155 1546 289 1602; x_wconf 77' lang='grc' dir='ltr'>εἶπέ</span> <span class='ocrx_word' id='word_1_112' title='bbox 319 1568 407 1620; x_wconf 84' lang='grc' dir='ltr'><strong>μοι</strong></span> <span class='ocrx_word' id='word_1_113' title='bbox 430 1551 458 1601; x_wconf 93' lang='lat'><strong>6</strong></span> <span class='ocrx_word' id='word_1_114' title='bbox 483 1550 732 1619; x_wconf 82' lang='grc' dir='ltr'>βασιλεὺς</span> <span class='ocrx_word' id='word_1_115' title='bbox 761 1551 840 1604; x_wconf 83' lang='grc' dir='ltr'>ὅτι</span> <span class='ocrx_word' id='word_1_116' title='bbox 867 1550 1054 1620; x_wconf 71' lang='grc' dir='ltr'>ἢθελεν</span> <span class='ocrx_word' id='word_1_117' title='bbox 1086 1549 1440 1618; x_wconf 75' lang='grc' dir='ltr'>εὐεργετῆσαι</span> <span class='ocrx_word' id='word_1_118' title='bbox 1493 1566 1581 1618; x_wconf 87' lang='grc' dir='ltr'><strong>μοι</strong></span> <span class='ocrx_word' id='word_1_119' title='bbox 1631 1547 1726 1601; x_wconf 74' lang='grc' dir='ltr'>καὶ</span> 
     </span>
    </p>
   </div>
   <div class='ocr_carea' id='block_1_16' title="bbox 156 1639 1724 1710">
    <p class='ocr_par' dir='ltr' id='par_1_16' title="bbox 156 1639 1724 1710">
     <span class='ocr_line' id='line_1_16' title="bbox 156 1639 1724 1710; baseline -0.001 -18"><span class='ocrx_word' id='word_1_120' title='bbox 156 1641 263 1708; x_wconf 79' lang='grc' dir='ltr'>τὴν</span> <span class='ocrx_word' id='word_1_121' title='bbox 313 1642 568 1709; x_wconf 76' lang='grc' dir='ltr'><strong>τοιαύτην</strong></span> <span class='ocrx_word' id='word_1_122' title='bbox 599 1641 777 1710; x_wconf 89' lang='grc' dir='ltr'>χάριν,</span> <span class='ocrx_word' id='word_1_123' title='bbox 813 1642 899 1693; x_wconf 84' lang='grc' dir='ltr'>ῐνα</span> <span class='ocrx_word' id='word_1_124' title='bbox 953 1641 1183 1710; x_wconf 77' lang='grc' dir='ltr'>συζεύξῃ</span> <span class='ocrx_word' id='word_1_125' title='bbox 1213 1641 1291 1701; x_wconf 72' lang='grc' dir='ltr'><strong>εἰς</strong></span> <span class='ocrx_word' id='word_1_126' title='bbox 1345 1642 1573 1706; x_wconf 86' lang='grc' dir='ltr'>γυναῖκα</span> <span class='ocrx_word' id='word_1_127' title='bbox 1622 1639 1724 1710; x_wconf 77' lang='grc' dir='ltr'>τὴν</span> 
     </span>
    </p>
   </div>
   <div class='ocr_carea' id='block_1_17' title="bbox 156 1707 1729 1799">
    <p class='ocr_par' dir='ltr' id='par_1_17' title="bbox 156 1707 1729 1799">
     <span class='ocr_line' id='line_1_17' title="bbox 156 1707 1729 1799; baseline -0.001 -19"><span class='ocrx_word' id='word_1_128' title='bbox 156 1707 309 1799; x_wconf 73' lang='grc' dir='ltr'>ἐμὴν</span> <span class='ocrx_word' id='word_1_129' title='bbox 334 1707 609 1799; x_wconf 76' lang='grc' dir='ltr'>θυγατέρα</span> <span class='ocrx_word' id='word_1_130' title='bbox 621 1707 707 1799; x_wconf 17' lang='grc' dir='ltr'><strong>Ἵτῷ</strong></span> <span class='ocrx_word' id='word_1_131' title='bbox 745 1729 1010 1798; x_wconf 81' lang='grc' dir='ltr'><strong>νεανίσκῳ</strong></span> <span class='ocrx_word' id='word_1_132' title='bbox 1039 1707 1232 1799; x_wconf 73' lang='grc' dir='ltr'>ικείνῳ</span> <span class='ocrx_word' id='word_1_133' title='bbox 1251 1728 1499 1797; x_wconf 77' lang='grc' dir='ltr'>Νικολάῳ</span> <span class='ocrx_word' id='word_1_134' title='bbox 1521 1727 1596 1797; x_wconf 81' lang='grc' dir='ltr'><strong>τῷ</strong></span> <span class='ocrx_word' id='word_1_135' title='bbox 1617 1707 1729 1780; x_wconf 70' lang='lat' dir='ltr'><strong>lide-</strong></span> 
     </span>
    </p>
   </div>
   <div class='ocr_carea' id='block_1_18' title="bbox 1816 636 3374 707">
    <p class='ocr_par' dir='ltr' id='par_1_18' title="bbox 1816 636 3374 707">
     <span class='ocr_line' id='line_1_18' title="bbox 1816 636 3374 707; baseline -0.001 -19"><span class='ocrx_word' id='word_1_136' title='bbox 1816 637 2047 704; x_wconf 73' lang='grc' dir='ltr'>ὑποψίαν</span> <span class='ocrx_word' id='word_1_137' title='bbox 2081 638 2188 706; x_wconf 80' lang='grc' dir='ltr'>ἔχω</span> <span class='ocrx_word' id='word_1_138' title='bbox 2219 639 2300 691; x_wconf 81' lang='grc' dir='ltr'>ὅτι</span> <span class='ocrx_word' id='word_1_139' title='bbox 2336 639 2428 691; x_wconf 76' lang='grc' dir='ltr'><strong>ἐὰν</strong></span> <span class='ocrx_word' id='word_1_140' title='bbox 2466 639 2652 707; x_wconf 73' lang='grc' dir='ltr'>ἕτερόν</span> <span class='ocrx_word' id='word_1_141' title='bbox 2705 656 2825 690; x_wconf 90' lang='grc' dir='ltr'>τινα</span> <span class='ocrx_word' id='word_1_142' title='bbox 2875 638 3046 707; x_wconf 82' lang='grc' dir='ltr'>πάρεξ</span> <span class='ocrx_word' id='word_1_143' title='bbox 3093 636 3187 689; x_wconf 80' lang='grc' dir='ltr'><strong>σοῦ</strong></span> <span class='ocrx_word' id='word_1_144' title='bbox 3244 637 3374 688; x_wconf 82' lang='grc' dir='ltr'>ἀπο-</span> 
     </span>
    </p>
   </div>
   <div class='ocr_carea' id='block_1_19' title="bbox 1815 728 3371 802">
    <p class='ocr_par' dir='ltr' id='par_1_19' title="bbox 1815 728 3371 802">
     <span class='ocr_line' id='line_1_19' title="bbox 1815 728 3371 802; baseline -0.003 -20"><span class='ocrx_word' id='word_1_145' title='bbox 1815 731 2028 795; x_wconf 83' lang='grc' dir='ltr'>στείλω,</span> <span class='ocrx_word' id='word_1_146' title='bbox 2055 733 2113 783; x_wconf 74' lang='grc' dir='ltr'>οὐ</span> <span class='ocrx_word' id='word_1_147' title='bbox 2148 731 2374 798; x_wconf 76' lang='grc' dir='ltr'><strong>φυλάξει</strong></span> <span class='ocrx_word' id='word_1_148' title='bbox 2412 750 2500 799; x_wconf 90' lang='grc' dir='ltr'><strong>μοι</strong></span> <span class='ocrx_word' id='word_1_149' title='bbox 2533 733 2632 802; x_wconf 78' lang='grc' dir='ltr'>τὴν</span> <span class='ocrx_word' id='word_1_150' title='bbox 2669 731 2979 800; x_wconf 76' lang='grc' dir='ltr'>τρέπουσαν</span> <span class='ocrx_word' id='word_1_151' title='bbox 3007 728 3216 780; x_wconf 74' lang='grc' dir='ltr'>εὔνοιαν</span> <span class='ocrx_word' id='word_1_152' title='bbox 3277 729 3371 780; x_wconf 71' lang='grc' dir='ltr'>καὶ</span> 
     </span>
    </p>
   </div>
   <div class='ocr_carea' id='block_1_20' title="bbox 1816 817 3374 892">
    <p class='ocr_par' dir='ltr' id='par_1_20' title="bbox 1816 817 3374 892">
     <span class='ocr_line' id='line_1_20' title="bbox 1816 817 3374 892; baseline -0.003 -20"><span class='ocrx_word' id='word_1_153' title='bbox 1816 823 2014 885; x_wconf 84' lang='grc' dir='ltr'>πίστιν,</span> <span class='ocrx_word' id='word_1_154' title='bbox 2055 823 2130 892; x_wconf 85' lang='grc' dir='ltr'>μή</span> <span class='ocrx_word' id='word_1_155' title='bbox 2172 840 2282 883; x_wconf 79' lang='grc' dir='ltr'><strong>πως</strong></span> <span class='ocrx_word' id='word_1_156' title='bbox 2321 825 2672 891; x_wconf 87' lang='grc' dir='ltr'>ἀπατήσωσιν</span> <span class='ocrx_word' id='word_1_157' title='bbox 2696 822 2853 874; x_wconf 78' lang='grc' dir='ltr'>αὑτὸν</span> <span class='ocrx_word' id='word_1_158' title='bbox 2885 822 2932 872; x_wconf 77' lang='grc' dir='ltr'>οἱ</span> <span class='ocrx_word' id='word_1_159' title='bbox 2967 819 3219 871; x_wconf 81' lang='grc' dir='ltr'><strong>δεσπόται</strong></span> <span class='ocrx_word' id='word_1_160' title='bbox 3281 817 3374 869; x_wconf 79' lang='grc' dir='ltr'>καὶ</span> 
     </span>
    </p>
   </div>
   <div class='ocr_carea' id='block_1_21' title="bbox 1817 909 3373 982">
    <p class='ocr_par' dir='ltr' id='par_1_21' title="bbox 1817 909 3373 982">
     <span class='ocr_line' id='line_1_21' title="bbox 1817 909 3373 982; baseline -0.003 -18"><span class='ocrx_word' id='word_1_161' title='bbox 1817 913 2032 980; x_wconf 83' lang='grc' dir='ltr'>ἀδελφοί</span> <span class='ocrx_word' id='word_1_162' title='bbox 2057 929 2183 981; x_wconf 85' lang='grc' dir='ltr'>μου,</span> <span class='ocrx_word' id='word_1_163' title='bbox 2204 913 2557 982; x_wconf 78' lang='grc' dir='ltr'>ὑποσχόμενοι</span> <span class='ocrx_word' id='word_1_164' title='bbox 2579 913 2750 981; x_wconf 84' lang='grc' dir='ltr'>τούτῳ</span> <span class='ocrx_word' id='word_1_165' title='bbox 2777 913 2865 965; x_wconf 85' lang='grc' dir='ltr'>διὰ</span> <span class='ocrx_word' id='word_1_166' title='bbox 2905 911 3078 979; x_wconf 84' lang='grc' dir='ltr'>τούτῳ</span> <span class='ocrx_word' id='word_1_167' title='bbox 3131 909 3218 962; x_wconf 76' lang='grc' dir='ltr'>διὰ</span> <span class='ocrx_word' id='word_1_168' title='bbox 3243 927 3373 976; x_wconf 85' lang='grc' dir='ltr'>χρυ-</span> 
     </span>
    </p>
   </div>
   <div class='ocr_carea' id='block_1_22' title="bbox 1821 1001 3378 1072">
    <p class='ocr_par' dir='ltr' id='par_1_22' title="bbox 1821 1001 3378 1072">
     <span class='ocr_line' id='line_1_22' title="bbox 1821 1001 3378 1072; baseline -0.003 -16"><span class='ocrx_word' id='word_1_169' title='bbox 1821 1005 2107 1056; x_wconf 77' lang='grc' dir='ltr'>σοὸούλλου</span> <span class='ocrx_word' id='word_1_170' title='bbox 2161 1005 2282 1056; x_wconf 82' lang='grc' dir='ltr'>τινὰ</span> <span class='ocrx_word' id='word_1_171' title='bbox 2315 1005 2508 1072; x_wconf 82' lang='grc' dir='ltr'><strong>κώμην</strong></span> <span class='ocrx_word' id='word_1_172' title='bbox 2563 1004 2594 1072; x_wconf 83' lang='grc' dir='ltr'>ἢ</span> <span class='ocrx_word' id='word_1_173' title='bbox 2657 1005 2842 1072; x_wconf 82' lang='grc' dir='ltr'>χώραν</span> <span class='ocrx_word' id='word_1_174' title='bbox 2906 1001 3054 1070; x_wconf 81' lang='grc' dir='ltr'>αὐτῷ</span> <span class='ocrx_word' id='word_1_175' title='bbox 3117 1001 3212 1053; x_wconf 73' lang='grc' dir='ltr'>καὶ</span> <span class='ocrx_word' id='word_1_176' title='bbox 3266 1003 3378 1060; x_wconf 76' lang='grc' dir='ltr'>τοῖς</span> 
     </span>
    </p>
   </div>
   <div class='ocr_carea' id='block_1_23' title="bbox 1822 1092 3380 1166">
    <p class='ocr_par' dir='ltr' id='par_1_23' title="bbox 1822 1092 3380 1166">
     <span class='ocr_line' id='line_1_23' title="bbox 1822 1092 3380 1166; baseline -0.006 -18"><span class='ocrx_word' id='word_1_177' title='bbox 1822 1096 2182 1166; x_wconf 85' lang='grc' dir='ltr'>κληρονόμοις</span> <span class='ocrx_word' id='word_1_178' title='bbox 2247 1095 2412 1148; x_wconf 84' lang='grc' dir='ltr'>αὑτοῦ</span> <span class='ocrx_word' id='word_1_179' title='bbox 2475 1095 2616 1148; x_wconf 87' lang='grc' dir='ltr'><strong>κατά</strong></span> <span class='ocrx_word' id='word_1_180' title='bbox 2678 1095 2949 1164; x_wconf 79' lang='grc' dir='ltr'>διαδοχὴν,</span> <span class='ocrx_word' id='word_1_181' title='bbox 2995 1093 3088 1147; x_wconf 75' lang='grc' dir='ltr'>καὶ</span> <span class='ocrx_word' id='word_1_182' title='bbox 3137 1092 3380 1149; x_wconf 66' lang='grc' dir='ltr'>πεισθεὶς</span> 
     </span>
    </p>
   </div>
   <div class='ocr_carea' id='block_1_24' title="bbox 1821 1185 3380 1260">
    <p class='ocr_par' dir='ltr' id='par_1_24' title="bbox 1821 1185 3380 1260">
     <span class='ocr_line' id='line_1_24' title="bbox 1821 1185 3380 1260; baseline -0.006 -18"><span class='ocrx_word' id='word_1_183' title='bbox 1821 1190 2201 1260; x_wconf 75' lang='grc' dir='ltr'>ἀποδοκιμάσῃ</span> <span class='ocrx_word' id='word_1_184' title='bbox 2229 1190 2297 1242; x_wconf 88' lang='grc' dir='ltr'><strong>τά</strong></span> <span class='ocrx_word' id='word_1_185' title='bbox 2345 1189 2582 1258; x_wconf 82' lang='grc' dir='ltr'>τέτταρα</span> <span class='ocrx_word' id='word_1_186' title='bbox 2615 1187 2880 1256; x_wconf 77' lang='grc' dir='ltr'><strong>εἰρημένα</strong></span> <span class='ocrx_word' id='word_1_187' title='bbox 2938 1185 3228 1251; x_wconf 80' lang='grc' dir='ltr'>κεφάλαια,</span> <span class='ocrx_word' id='word_1_188' title='bbox 3287 1185 3380 1234; x_wconf 75' lang='grc' dir='ltr'>καὶ</span> 
     </span>
    </p>
   </div>
   <div class='ocr_carea' id='block_1_25' title="bbox 1827 1275 3368 1354">
    <p class='ocr_par' dir='ltr' id='par_1_25' title="bbox 1827 1275 3368 1354">
     <span class='ocr_line' id='line_1_25' title="bbox 1827 1275 3368 1354; baseline -0.005 -21"><span class='ocrx_word' id='word_1_189' title='bbox 1827 1282 2008 1354; x_wconf 81' lang='grc' dir='ltr'>πράξῃ</span> <span class='ocrx_word' id='word_1_190' title='bbox 2039 1284 2178 1334; x_wconf 87' lang='grc' dir='ltr'><strong>κατά</strong></span> <span class='ocrx_word' id='word_1_191' title='bbox 2206 1283 2266 1334; x_wconf 81' lang='grc' dir='ltr'>τὸ</span> <span class='ocrx_word' id='word_1_192' title='bbox 2309 1282 2583 1352; x_wconf 78' lang='grc' dir='ltr'>πέμπτον,</span> <span class='ocrx_word' id='word_1_193' title='bbox 2612 1281 2751 1348; x_wconf 84' lang='grc' dir='ltr'>ὅπερ</span> <span class='ocrx_word' id='word_1_194' title='bbox 2789 1277 3093 1347; x_wconf 80' lang='grc' dir='ltr'>βαρύτατόν</span> <span class='ocrx_word' id='word_1_195' title='bbox 3133 1293 3220 1342; x_wconf 84' lang='grc' dir='ltr'><strong>μοι</strong></span> <span class='ocrx_word' id='word_1_196' title='bbox 3265 1275 3368 1327; x_wconf 73' lang='grc' dir='ltr'>ἔσε-</span> 
     </span>
    </p>
   </div>
   <div class='ocr_carea' id='block_1_26' title="bbox 1825 1368 3383 1441">
    <p class='ocr_par' dir='ltr' id='par_1_26' title="bbox 1825 1368 3383 1441">
     <span class='ocr_line' id='line_1_26' title="bbox 1825 1368 3383 1441; baseline -0.006 -13"><span class='ocrx_word' id='word_1_197' title='bbox 1825 1393 1937 1430; x_wconf 89' lang='grc' dir='ltr'>ται.</span> <span class='ocrx_word' id='word_1_198' title='bbox 1972 1375 2144 1437; x_wconf 80' lang='grc' dir='ltr'>Αὐτὸς</span> <span class='ocrx_word' id='word_1_199' title='bbox 2178 1370 2324 1436; x_wconf 78' lang='grc' dir='ltr'>οἶδας</span> <span class='ocrx_word' id='word_1_200' title='bbox 2348 1374 2444 1427; x_wconf 72' lang='grc' dir='ltr'>καὶ</span> <span class='ocrx_word' id='word_1_201' title='bbox 2468 1375 2559 1427; x_wconf 78' lang='grc' dir='ltr'>τὸν</span> <span class='ocrx_word' id='word_1_202' title='bbox 2583 1374 2692 1427; x_wconf 79' lang='grc' dir='ltr'>ἀπὸ</span> <span class='ocrx_word' id='word_1_203' title='bbox 2719 1373 2816 1441; x_wconf 82' lang='grc' dir='ltr'>τῆς</span> <span class='ocrx_word' id='word_1_204' title='bbox 2854 1370 3080 1437; x_wconf 80' lang='grc' dir='ltr'>Κύπρου</span> <span class='ocrx_word' id='word_1_205' title='bbox 3115 1368 3383 1437; x_wconf 80' lang='grc' dir='ltr'>ρηγίσσας</span> 
     </span>
    </p>
   </div>
   <div class='ocr_carea' id='block_1_27' title="bbox 1827 1459 3384 1534">
    <p class='ocr_par' dir='ltr' id='par_1_27' title="bbox 1827 1459 3384 1534">
     <span class='ocr_line' id='line_1_27' title="bbox 1827 1459 3384 1534; baseline -0.006 -16"><span class='ocrx_word' id='word_1_206' title='bbox 1827 1465 1923 1534; x_wconf 85' lang='grc' dir='ltr'>τῆς</span> <span class='ocrx_word' id='word_1_207' title='bbox 1967 1466 2108 1533; x_wconf 81' lang='grc' dir='ltr'><strong>ὲμῆς</strong></span> <span class='ocrx_word' id='word_1_208' title='bbox 2153 1464 2380 1532; x_wconf 76' lang='grc' dir='ltr'>ἀνεψιᾶς</span> <span class='ocrx_word' id='word_1_209' title='bbox 2418 1464 2795 1518; x_wconf 80' lang='grc' dir='ltr'><strong>ἀποσταλέντα</strong></span> <span class='ocrx_word' id='word_1_210' title='bbox 2853 1461 3105 1532; x_wconf 83' lang='grc' dir='ltr'>μοναχὸν,</span> <span class='ocrx_word' id='word_1_211' title='bbox 3157 1459 3384 1524; x_wconf 89' lang='grc' dir='ltr'>λέγοντά</span> 
     </span>
    </p>
   </div>
   <div class='ocr_carea' id='block_1_28' title="bbox 1832 1552 3387 1627">
    <p class='ocr_par' dir='ltr' id='par_1_28' title="bbox 1832 1552 3387 1627">
     <span class='ocr_line' id='line_1_28' title="bbox 1832 1552 3387 1627; baseline -0.005 -17"><span class='ocrx_word' id='word_1_212' title='bbox 1832 1575 1924 1627; x_wconf 87' lang='grc' dir='ltr'><strong>μοι</strong></span> <span class='ocrx_word' id='word_1_213' title='bbox 1963 1558 2043 1610; x_wconf 81' lang='grc' dir='ltr'>ὅτι</span> <span class='ocrx_word' id='word_1_214' title='bbox 2076 1559 2199 1610; x_wconf 74' lang='grc' dir='ltr'>ἐπεὶ</span> <span class='ocrx_word' id='word_1_215' title='bbox 2225 1561 2258 1626; x_wconf 79' lang='grc' dir='ltr'>ἡ</span> <span class='ocrx_word' id='word_1_216' title='bbox 2297 1557 2538 1626; x_wconf 85' lang='grc' dir='ltr'>ρήγισσα</span> <span class='ocrx_word' id='word_1_217' title='bbox 2569 1557 2669 1608; x_wconf 83' lang='grc' dir='ltr'>οὐκ</span> <span class='ocrx_word' id='word_1_218' title='bbox 2704 1552 2849 1624; x_wconf 73' lang='grc' dir='ltr'>εἶχεν</span> <span class='ocrx_word' id='word_1_219' title='bbox 2881 1554 3170 1622; x_wconf 80' lang='grc' dir='ltr'>ἄνθρωπον</span> <span class='ocrx_word' id='word_1_220' title='bbox 3198 1552 3387 1604; x_wconf 82' lang='grc' dir='ltr'>πιστὸν</span> 
     </span>
    </p>
   </div>
   <div class='ocr_carea' id='block_1_29' title="bbox 1830 1637 3382 1717">
    <p class='ocr_par' dir='ltr' id='par_1_29' title="bbox 1830 1637 3382 1717">
     <span class='ocr_line' id='line_1_29' title="bbox 1830 1637 3382 1717; baseline -0.005 -15"><span class='ocrx_word' id='word_1_221' title='bbox 1830 1651 1924 1702; x_wconf 57' lang='grc' dir='ltr'><strong>καὶ⁵</strong></span> <span class='ocrx_word' id='word_1_222' title='bbox 1947 1650 2250 1717; x_wconf 80' lang='grc' dir='ltr'>ἐπιτήδειον</span> <span class='ocrx_word' id='word_1_223' title='bbox 2294 1648 2533 1717; x_wconf 84' lang='grc' dir='ltr'>μηνῦσαί</span> <span class='ocrx_word' id='word_1_224' title='bbox 2568 1665 2658 1716; x_wconf 89' lang='grc' dir='ltr'><strong>μοι</strong></span> <span class='ocrx_word' id='word_1_225' title='bbox 2721 1647 2790 1698; x_wconf 86' lang='grc' dir='ltr'>δι’</span> <span class='ocrx_word' id='word_1_226' title='bbox 2844 1645 3007 1699; x_wconf 84' lang='grc' dir='ltr'>αὑτοῦ</span> <span class='ocrx_word' id='word_1_227' title='bbox 3064 1647 3132 1697; x_wconf 79' lang='grc' dir='ltr'>τὰ</span> <span class='ocrx_word' id='word_1_228' title='bbox 3164 1645 3266 1697; x_wconf 82' lang='grc' dir='ltr'>ὅσα</span> <span class='ocrx_word' id='word_1_229' title='bbox 3318 1637 3382 1712; x_wconf 63' lang='grc' dir='ltr'>ἧι</span> 
     </span>
    </p>
   </div>
   <div class='ocr_carea' id='block_1_30' title="bbox 1831 1733 3386 1806">
    <p class='ocr_par' dir='ltr' id='par_1_30' title="bbox 1831 1733 3386 1806">
     <span class='ocr_line' id='line_1_30' title="bbox 1831 1733 3386 1806; baseline -0.006 -13"><span class='ocrx_word' id='word_1_230' title='bbox 1831 1742 2133 1805; x_wconf 83' lang='grc' dir='ltr'>ἀναγκαῖα,</span> <span class='ocrx_word' id='word_1_231' title='bbox 2157 1737 2278 1792; x_wconf 76' lang='grc' dir='ltr'>οὔτε</span> <span class='ocrx_word' id='word_1_232' title='bbox 2304 1739 2526 1791; x_wconf 73' lang='grc' dir='ltr'>δυνατὸν</span> <span class='ocrx_word' id='word_1_233' title='bbox 2547 1733 2616 1806; x_wconf 77' lang='grc' dir='ltr'>ἦν</span> <span class='ocrx_word' id='word_1_234' title='bbox 2643 1737 2717 1800; x_wconf 83' lang='grc' dir='ltr'><strong>ὡς</strong></span> <span class='ocrx_word' id='word_1_235' title='bbox 2747 1737 2931 1805; x_wconf 71' lang='grc' dir='ltr'>ἐκείνη</span> <span class='ocrx_word' id='word_1_236' title='bbox 2963 1736 3228 1804; x_wconf 77' lang='grc' dir='ltr'><strong>ἐπεθύμει</strong></span> <span class='ocrx_word' id='word_1_237' title='bbox 3258 1735 3386 1785; x_wconf 81' lang='grc' dir='ltr'>συλ-</span> 
     </span>
    </p>
   </div>
   <div class='ocr_carea' id='block_1_31' title="bbox 156 1820 3384 1901">
    <p class='ocr_par' dir='ltr' id='par_1_31' title="bbox 156 1820 3384 1901">
     <span class='ocr_line' id='line_1_31' title="bbox 156 1820 3384 1901; baseline 0.002 -29"><span class='ocrx_word' id='word_1_238' title='bbox 156 1822 424 1891; x_wconf 80' lang='grc' dir='ltr'>λισσηνῷ,</span> <span class='ocrx_word' id='word_1_239' title='bbox 451 1823 528 1891; x_wconf 80' lang='grc' dir='ltr'>τῷ</span> <span class='ocrx_word' id='word_1_240' title='bbox 557 1823 656 1888; x_wconf 76' lang='grc' dir='ltr'>υἱῷ</span> <span class='ocrx_word' id='word_1_241' title='bbox 690 1839 818 1875; x_wconf 72' lang='grc' dir='ltr'>ποτε</span> <span class='ocrx_word' id='word_1_242' title='bbox 845 1823 1156 1892; x_wconf 72' lang='grc' dir='ltr'>Νικηφόρον</span> <span class='ocrx_word' id='word_1_243' title='bbox 1188 1820 1280 1873; x_wconf 68' lang='grc' dir='ltr'><strong>τοῦ</strong></span> <span class='ocrx_word' id='word_1_244' title='bbox 1299 1820 1727 1890; x_wconf 72' lang='grc' dir='ltr'>Μελισσηνοῧοδν</span> <span class='ocrx_word' id='word_1_245' title='bbox 1763 1879 1799 1901; x_wconf 66' lang='grc' dir='ltr'>η</span> <span class='ocrx_word' id='word_1_246' title='bbox 1833 1831 2059 1901; x_wconf 82' lang='grc' dir='ltr'>λαλῆσαί</span> <span class='ocrx_word' id='word_1_247' title='bbox 2103 1848 2191 1899; x_wconf 89' lang='grc' dir='ltr'><strong>μοι</strong></span> <span class='ocrx_word' id='word_1_248' title='bbox 2229 1831 2313 1883; x_wconf 89' lang='grc' dir='ltr'><strong>διά</strong></span> <span class='ocrx_word' id='word_1_249' title='bbox 2369 1829 2658 1897; x_wconf 84' lang='grc' dir='ltr'>στόματος,</span> <span class='ocrx_word' id='word_1_250' title='bbox 2699 1825 3067 1890; x_wconf 79' lang='grc' dir='ltr'>ὲξαποστείλω</span> <span class='ocrx_word' id='word_1_251' title='bbox 3111 1823 3219 1891; x_wconf 77' lang='grc' dir='ltr'><strong>ἐγὼ</strong></span> <span class='ocrx_word' id='word_1_252' title='bbox 3251 1823 3384 1892; x_wconf 78' lang='grc' dir='ltr'>πρὸς</span> 
     </span>
    </p>
   </div>
   <div class='ocr_carea' id='block_1_32' title="bbox 160 1913 1724 1986">
    <p class='ocr_par' dir='ltr' id='par_1_32' title="bbox 160 1913 1724 1986">
     <span class='ocr_line' id='line_1_32' title="bbox 160 1913 1724 1986; baseline -0.003 -18"><span class='ocrx_word' id='word_1_253' title='bbox 160 1916 262 1968; x_wconf 76' lang='grc' dir='ltr'>καὶ</span> <span class='ocrx_word' id='word_1_254' title='bbox 317 1916 720 1986; x_wconf 82' lang='grc' dir='ltr'>Μελισσουργδν</span> <span class='ocrx_word' id='word_1_255' title='bbox 770 1916 1135 1983; x_wconf 60' lang='grc' dir='ltr'>ἐπωνόμαζον,</span> <span class='ocrx_word' id='word_1_256' title='bbox 1199 1913 1292 1965; x_wconf 83' lang='grc' dir='ltr'>τοῦ</span> <span class='ocrx_word' id='word_1_257' title='bbox 1348 1915 1442 1966; x_wconf 72' lang='grc' dir='ltr'>καὶ</span> <span class='ocrx_word' id='word_1_258' title='bbox 1488 1913 1724 1982; x_wconf 78' lang='grc' dir='ltr'>μεγάλου</span> 
     </span>
    </p>
   </div>
   <div class='ocr_carea' id='block_1_33' title="bbox 160 2003 1733 2078">
    <p class='ocr_par' dir='ltr' id='par_1_33' title="bbox 160 2003 1733 2078">
     <span class='ocr_line' id='line_1_33' title="bbox 160 2003 1733 2078; baseline -0.004 -19"><span class='ocrx_word' id='word_1_259' title='bbox 160 2009 673 2078; x_wconf 79' lang='grc' dir='ltr'>πρωτοστράτορος,</span> <span class='ocrx_word' id='word_1_260' title='bbox 697 2006 993 2077; x_wconf 75' lang='grc' dir='ltr'>ὕστερονδὲ</span> <span class='ocrx_word' id='word_1_261' title='bbox 1028 2008 1122 2060; x_wconf 79' lang='grc' dir='ltr'>καὶ</span> <span class='ocrx_word' id='word_1_262' title='bbox 1159 2003 1546 2074; x_wconf 84' lang='grc' dir='ltr'>μητροπολίτου</span> <span class='ocrx_word' id='word_1_263' title='bbox 1577 2019 1733 2068; x_wconf 78' lang='grc' dir='ltr'>γεγο-</span> 
     </span>
    </p>
   </div>
   <div class='ocr_carea' id='block_1_34' title="bbox 159 2091 1731 2167">
    <p class='ocr_par' dir='ltr' id='par_1_34' title="bbox 159 2091 1731 2167">
     <span class='ocr_line' id='line_1_34' title="bbox 159 2091 1731 2167; baseline -0.001 -20"><span class='ocrx_word' id='word_1_264' title='bbox 159 2101 344 2163; x_wconf 75' lang='grc' dir='ltr'>νότος,</span> <span class='ocrx_word' id='word_1_265' title='bbox 390 2098 464 2162; x_wconf 85' lang='grc' dir='ltr'>ὡς</span> <span class='ocrx_word' id='word_1_266' title='bbox 491 2099 549 2150; x_wconf 67' lang='grc' dir='ltr'>ὲν</span> <span class='ocrx_word' id='word_1_267' title='bbox 577 2099 654 2166; x_wconf 82' lang='grc' dir='ltr'><strong>τῷ</strong></span> <span class='ocrx_word' id='word_1_268' title='bbox 680 2098 914 2167; x_wconf 81' lang='grc' dir='ltr'>δευτέρῳ</span> <span class='ocrx_word' id='word_1_269' title='bbox 943 2095 1127 2166; x_wconf 75' lang='grc' dir='ltr'>βιϐλίῳ</span> <span class='ocrx_word' id='word_1_270' title='bbox 1158 2098 1254 2162; x_wconf 84' lang='grc' dir='ltr'>τῆς</span> <span class='ocrx_word' id='word_1_271' title='bbox 1301 2094 1458 2163; x_wconf 77' lang='grc' dir='ltr'>ἡμῶν</span> <span class='ocrx_word' id='word_1_272' title='bbox 1493 2091 1731 2162; x_wconf 75' lang='grc' dir='ltr'>ἱστορίας</span> 
     </span>
    </p>
   </div>
   <div class='ocr_carea' id='block_1_35' title="bbox 161 2186 1732 2259">
    <p class='ocr_par' dir='ltr' id='par_1_35' title="bbox 161 2186 1732 2259">
     <span class='ocr_line' id='line_1_35' title="bbox 161 2186 1732 2259; baseline -0.004 -19"><span class='ocrx_word' id='word_1_273' title='bbox 161 2190 523 2259; x_wconf 80' lang='grc' dir='ltr'>ἐμνήσθημεν</span> <span class='ocrx_word' id='word_1_274' title='bbox 545 2191 657 2244; x_wconf 68' lang='grc' dir='ltr'>’καὶ</span> <span class='ocrx_word' id='word_1_275' title='bbox 685 2191 781 2256; x_wconf 81' lang='grc' dir='ltr'>τὴν</span> <span class='ocrx_word' id='word_1_276' title='bbox 806 2189 1160 2256; x_wconf 79' lang='grc' dir='ltr'>ὲπιτροπικὴν</span> <span class='ocrx_word' id='word_1_277' title='bbox 1187 2186 1468 2254; x_wconf 84' lang='grc' dir='ltr'>διοίκησιν,</span> <span class='ocrx_word' id='word_1_278' title='bbox 1485 2187 1551 2256; x_wconf 73' lang='grc' dir='ltr'>ἢν</span> <span class='ocrx_word' id='word_1_279' title='bbox 1597 2200 1732 2251; x_wconf 88' lang='grc' dir='ltr'>προ-</span> 
     </span>
    </p>
   </div>
   <div class='ocr_carea' id='block_1_36' title="bbox 164 2274 1732 2345">
    <p class='ocr_par' dir='ltr' id='par_1_36' title="bbox 164 2274 1732 2345">
     <span class='ocr_line' id='line_1_36' title="bbox 164 2274 1732 2345; baseline -0.001 -19"><span class='ocrx_word' id='word_1_280' title='bbox 164 2277 501 2345; x_wconf 72' lang='grc' dir='ltr'>ειρήκαμεν,</span> <span class='ocrx_word' id='word_1_281' title='bbox 537 2277 644 2329; x_wconf 85' lang='grc' dir='ltr'><strong>τῶν</strong></span> <span class='ocrx_word' id='word_1_282' title='bbox 673 2280 860 2330; x_wconf 92' lang='grc' dir='ltr'>τούτου</span> <span class='ocrx_word' id='word_1_283' title='bbox 889 2278 1066 2328; x_wconf 88' lang='grc' dir='ltr'>τόπων</span> <span class='ocrx_word' id='word_1_284' title='bbox 1086 2274 1190 2326; x_wconf 72' lang='grc' dir='ltr'>’καὶ</span> <span class='ocrx_word' id='word_1_285' title='bbox 1217 2275 1408 2344; x_wconf 87' lang='grc' dir='ltr'>χώρων</span> <span class='ocrx_word' id='word_1_286' title='bbox 1437 2274 1585 2342; x_wconf 81' lang='grc' dir='ltr'>δώσῃ</span> <span class='ocrx_word' id='word_1_287' title='bbox 1642 2289 1732 2340; x_wconf 83' lang='grc' dir='ltr'><strong>μοι</strong></span> 
     </span>
    </p>
   </div>
   <div class='ocr_carea' id='block_1_37' title="bbox 164 2364 1733 2439">
    <p class='ocr_par' dir='ltr' id='par_1_37' title="bbox 164 2364 1733 2439">
     <span class='ocr_line' id='line_1_37' title="bbox 164 2364 1733 2439; baseline -0.003 -20"><span class='ocrx_word' id='word_1_288' title='bbox 164 2368 267 2420; x_wconf 81' lang='grc' dir='ltr'>τοῦ</span> <span class='ocrx_word' id='word_1_289' title='bbox 302 2367 500 2420; x_wconf 74' lang='grc' dir='ltr'>ἰθύνειν</span> <span class='ocrx_word' id='word_1_290' title='bbox 521 2369 616 2421; x_wconf 73' lang='grc' dir='ltr'>καὶ</span> <span class='ocrx_word' id='word_1_291' title='bbox 636 2369 922 2439; x_wconf 75' lang='grc' dir='ltr'>κυϐερνᾷν,</span> <span class='ocrx_word' id='word_1_292' title='bbox 962 2367 1066 2428; x_wconf 75' lang='grc' dir='ltr'>ἓως</span> <span class='ocrx_word' id='word_1_293' title='bbox 1098 2367 1158 2419; x_wconf 79' lang='grc' dir='ltr'>οὗ</span> <span class='ocrx_word' id='word_1_294' title='bbox 1189 2369 1222 2435; x_wconf 77' lang='grc' dir='ltr'><strong>η</strong></span> <span class='ocrx_word' id='word_1_295' title='bbox 1255 2366 1360 2436; x_wconf 76' lang='grc' dir='ltr'><strong>ὲμὴ</strong></span> <span class='ocrx_word' id='word_1_296' title='bbox 1398 2364 1642 2432; x_wconf 82' lang='grc' dir='ltr'>θυγάτηρ</span> <span class='ocrx_word' id='word_1_297' title='bbox 1675 2364 1733 2415; x_wconf 81' lang='grc' dir='ltr'>τὸ</span> 
     </span>
    </p>
   </div>
   <div class='ocr_carea' id='block_1_38' title="bbox 166 2457 1733 2531">
    <p class='ocr_par' dir='ltr' id='par_1_38' title="bbox 166 2457 1733 2531">
     <span class='ocr_line' id='line_1_38' title="bbox 166 2457 1733 2531; baseline -0.004 -19"><span class='ocrx_word' id='word_1_298' title='bbox 166 2461 401 2514; x_wconf 77' lang='grc' dir='ltr'>δέκατον</span> <span class='ocrx_word' id='word_1_299' title='bbox 421 2462 675 2531; x_wconf 83' lang='grc' dir='ltr'>τέταρτον</span> <span class='ocrx_word' id='word_1_300' title='bbox 705 2461 821 2523; x_wconf 74' lang='grc' dir='ltr'>ἔτος</span> <span class='ocrx_word' id='word_1_301' title='bbox 866 2460 1048 2530; x_wconf 75' lang='grc' dir='ltr'>φθάσῃ</span> <span class='ocrx_word' id='word_1_302' title='bbox 1086 2460 1181 2513; x_wconf 72' lang='grc' dir='ltr'>καὶ</span> <span class='ocrx_word' id='word_1_303' title='bbox 1211 2460 1238 2510; x_wconf 85' lang='lat'><strong>6</strong></span> <span class='ocrx_word' id='word_1_304' title='bbox 1289 2458 1467 2525; x_wconf 83' lang='grc' dir='ltr'>γάμος</span> <span class='ocrx_word' id='word_1_305' title='bbox 1533 2457 1733 2517; x_wconf 87' lang='grc' dir='ltr'>τέλειος</span> 
     </span>
    </p>
   </div>
   <div class='ocr_carea' id='block_1_39' title="bbox 169 2541 1736 2619">
    <p class='ocr_par' dir='ltr' id='par_1_39' title="bbox 169 2541 1736 2619">
     <span class='ocr_line' id='line_1_39' title="bbox 169 2541 1736 2619; baseline -0.004 -17"><span class='ocrx_word' id='word_1_306' title='bbox 169 2553 425 2617; x_wconf 79' lang='grc' dir='ltr'>γένηται.</span> <span class='ocrx_word' id='word_1_307' title='bbox 459 2549 568 2604; x_wconf 72' lang='grc' dir='ltr'><strong>Καὶ</strong></span> <span class='ocrx_word' id='word_1_308' title='bbox 596 2548 733 2619; x_wconf 79' lang='grc' dir='ltr'>αὕτη</span> <span class='ocrx_word' id='word_1_309' title='bbox 767 2551 865 2618; x_wconf 82' lang='grc' dir='ltr'>μὲν</span> <span class='ocrx_word' id='word_1_310' title='bbox 892 2545 957 2619; x_wconf 75' lang='grc' dir='ltr'>ἦν</span> <span class='ocrx_word' id='word_1_311' title='bbox 997 2552 1029 2617; x_wconf 79' lang='grc' dir='ltr'><strong>ἡ</strong></span> <span class='ocrx_word' id='word_1_312' title='bbox 1059 2549 1336 2611; x_wconf 83' lang='grc' dir='ltr'>ὑπόθεσις,</span> <span class='ocrx_word' id='word_1_313' title='bbox 1370 2549 1497 2616; x_wconf 66' lang='grc' dir='ltr'>περὶ</span> <span class='ocrx_word' id='word_1_314' title='bbox 1525 2541 1590 2617; x_wconf 81' lang='grc' dir='ltr'>ἦς</span> <span class='ocrx_word' id='word_1_315' title='bbox 1623 2545 1736 2596; x_wconf 79' lang='grc' dir='ltr'>ἔλε-</span> 
     </span>
    </p>
   </div>
   <div class='ocr_carea' id='block_1_40' title="bbox 170 2638 1739 2709">
    <p class='ocr_par' dir='ltr' id='par_1_40' title="bbox 170 2638 1739 2709">
     <span class='ocr_line' id='line_1_40' title="bbox 170 2638 1739 2709; baseline -0.002 -18"><span class='ocrx_word' id='word_1_316' title='bbox 170 2658 276 2706; x_wconf 81' lang='grc' dir='ltr'><strong>γεν</strong></span> <span class='ocrx_word' id='word_1_317' title='bbox 297 2642 325 2692; x_wconf 90' lang='lat'><strong>6</strong></span> <span class='ocrx_word' id='word_1_318' title='bbox 349 2639 600 2709; x_wconf 85' lang='grc' dir='ltr'>βασιλεὺς</span> <span class='ocrx_word' id='word_1_319' title='bbox 630 2640 712 2692; x_wconf 79' lang='grc' dir='ltr'>ὅτι</span> <span class='ocrx_word' id='word_1_320' title='bbox 743 2641 798 2692; x_wconf 80' lang='grc' dir='ltr'>αἱ</span> <span class='ocrx_word' id='word_1_321' title='bbox 825 2640 889 2692; x_wconf 86' lang='grc' dir='ltr'>δι’</span> <span class='ocrx_word' id='word_1_322' title='bbox 924 2640 1060 2708; x_wconf 63' lang='grc' dir='ltr'>ἐμοῦ</span> <span class='ocrx_word' id='word_1_323' title='bbox 1090 2640 1376 2709; x_wconf 79' lang='grc' dir='ltr'>πρεσόεῐαι</span> <span class='ocrx_word' id='word_1_324' title='bbox 1413 2639 1504 2690; x_wconf 82' lang='grc' dir='ltr'>καὶ</span> <span class='ocrx_word' id='word_1_325' title='bbox 1530 2638 1739 2688; x_wconf 78' lang='grc' dir='ltr'>ὁδοιπο-</span> 
     </span>
    </p>
   </div>
   <div class='ocr_carea' id='block_1_41' title="bbox 175 2729 1737 2801">
    <p class='ocr_par' dir='ltr' id='par_1_41' title="bbox 175 2729 1737 2801">
     <span class='ocr_line' id='line_1_41' title="bbox 175 2729 1737 2801; baseline -0.001 -21"><span class='ocrx_word' id='word_1_326' title='bbox 175 2731 296 2797; x_wconf 87' lang='grc' dir='ltr'>ρίαι</span> <span class='ocrx_word' id='word_1_327' title='bbox 320 2733 618 2785; x_wconf 87' lang='grc' dir='ltr'>παύσωσιν.</span> <span class='ocrx_word' id='word_1_328' title='bbox 652 2730 857 2801; x_wconf 79' lang='grc' dir='ltr'>Εἴρηκέ</span> <span class='ocrx_word' id='word_1_329' title='bbox 890 2749 978 2800; x_wconf 86' lang='grc' dir='ltr'><strong>μοι</strong></span> <span class='ocrx_word' id='word_1_330' title='bbox 1009 2732 1102 2784; x_wconf 70' lang='grc' dir='ltr'>καὶ</span> <span class='ocrx_word' id='word_1_331' title='bbox 1128 2731 1304 2792; x_wconf 84' lang='grc' dir='ltr'>τοῦτο,</span> <span class='ocrx_word' id='word_1_332' title='bbox 1331 2731 1411 2782; x_wconf 81' lang='grc' dir='ltr'>ὅτι</span> <span class='ocrx_word' id='word_1_333' title='bbox 1452 2731 1509 2781; x_wconf 79' lang='grc' dir='ltr'>ἐν</span> <span class='ocrx_word' id='word_1_334' title='bbox 1536 2731 1602 2797; x_wconf 79' lang='grc' dir='ltr'>τῇ</span> <span class='ocrx_word' id='word_1_335' title='bbox 1633 2729 1737 2780; x_wconf 86' lang='grc' dir='ltr'><strong>Πε-</strong></span> 
     </span>
    </p>
   </div>
   <div class='ocr_carea' id='block_1_42' title="bbox 174 2818 1738 2890">
    <p class='ocr_par' dir='ltr' id='par_1_42' title="bbox 174 2818 1738 2890">
     <span class='ocr_line' id='line_1_42' title="bbox 174 2818 1738 2890; baseline 0.001 -21"><span class='ocrx_word' id='word_1_336' title='bbox 174 2819 498 2889; x_wconf 80' lang='grc' dir='ltr'>λοποννήσῳ</span> <span class='ocrx_word' id='word_1_337' title='bbox 527 2820 715 2887; x_wconf 70' lang='grc' dir='ltr'>ἤθελεν</span> <span class='ocrx_word' id='word_1_338' title='bbox 749 2822 1062 2873; x_wconf 81' lang='grc' dir='ltr'>ἀποστεῖλαι</span> <span class='ocrx_word' id='word_1_339' title='bbox 1090 2820 1276 2890; x_wconf 70' lang='grc' dir='ltr'>ἔτερόν</span> <span class='ocrx_word' id='word_1_340' title='bbox 1309 2837 1428 2872; x_wconf 89' lang='grc' dir='ltr'>τινα</span> <span class='ocrx_word' id='word_1_341' title='bbox 1478 2818 1585 2870; x_wconf 78' lang='grc' dir='ltr'><strong>τῶν</strong></span> <span class='ocrx_word' id='word_1_342' title='bbox 1638 2835 1738 2886; x_wconf 87' lang='grc' dir='ltr'>γη-</span> 
     </span>
    </p>
   </div>
   <div class='ocr_carea' id='block_1_43' title="bbox 180 2909 1736 2980">
    <p class='ocr_par' dir='ltr' id='par_1_43' title="bbox 180 2909 1736 2980">
     <span class='ocr_line' id='line_1_43' title="bbox 180 2909 1736 2980; baseline 0 -20"><span class='ocrx_word' id='word_1_343' title='bbox 180 2910 355 2978; x_wconf 83' lang='grc' dir='ltr'>ραιῶν</span> <span class='ocrx_word' id='word_1_344' title='bbox 379 2911 672 2980; x_wconf 79' lang='grc' dir='ltr'>ἀρχόντων,</span> <span class='ocrx_word' id='word_1_345' title='bbox 701 2911 784 2965; x_wconf 76' lang='grc' dir='ltr'><strong>ἵνα</strong></span> <span class='ocrx_word' id='word_1_346' title='bbox 802 2914 866 2966; x_wconf 81' lang='grc' dir='ltr'><strong>τὰ</strong></span> <span class='ocrx_word' id='word_1_347' title='bbox 885 2914 1083 2976; x_wconf 60' lang='grc' dir='ltr'>ἐκεῖσε,</span> <span class='ocrx_word' id='word_1_348' title='bbox 1111 2912 1184 2973; x_wconf 81' lang='grc' dir='ltr'><strong>ὡς</strong></span> <span class='ocrx_word' id='word_1_349' title='bbox 1218 2912 1446 2980; x_wconf 77' lang='grc' dir='ltr'>ἔφημεν,</span> <span class='ocrx_word' id='word_1_350' title='bbox 1473 2909 1736 2978; x_wconf 86' lang='grc' dir='ltr'>διορθώσῃ</span> 
     </span>
    </p>
   </div>
   <div class='ocr_carea' id='block_1_44' title="bbox 179 3002 1741 3072">
    <p class='ocr_par' dir='ltr' id='par_1_44' title="bbox 179 3002 1741 3072">
     <span class='ocr_line' id='line_1_44' title="bbox 179 3002 1741 3072; baseline 0.002 -19"><span class='ocrx_word' id='word_1_351' title='bbox 179 3003 328 3070; x_wconf 87' lang='grc' dir='ltr'><strong>μετά</strong></span> <span class='ocrx_word' id='word_1_352' title='bbox 360 3005 469 3055; x_wconf 82' lang='grc' dir='ltr'>τῶν</span> <span class='ocrx_word' id='word_1_353' title='bbox 499 3005 743 3072; x_wconf 83' lang='grc' dir='ltr'>ἀδελφῶν</span> <span class='ocrx_word' id='word_1_354' title='bbox 778 3005 966 3066; x_wconf 81' lang='grc' dir='ltr'>αὑτοῦ,</span> <span class='ocrx_word' id='word_1_355' title='bbox 999 3007 1091 3057; x_wconf 70' lang='grc' dir='ltr'><strong>καὶ</strong></span> <span class='ocrx_word' id='word_1_356' title='bbox 1118 3003 1370 3056; x_wconf 80' lang='grc' dir='ltr'>ἀνάθεσιν</span> <span class='ocrx_word' id='word_1_357' title='bbox 1391 3003 1533 3071; x_wconf 86' lang='grc' dir='ltr'>δώσῃ</span> <span class='ocrx_word' id='word_1_358' title='bbox 1577 3002 1741 3070; x_wconf 76' lang='lat'><strong>226</strong></span> 
     </span>
    </p>
   </div>
   <div class='ocr_carea' id='block_1_45' title="bbox 175 3087 1737 3163">
    <p class='ocr_par' dir='ltr' id='par_1_45' title="bbox 175 3087 1737 3163">
     <span class='ocr_line' id='line_1_45' title="bbox 175 3087 1737 3163; baseline -0.006 -18"><span class='ocrx_word' id='word_1_359' title='bbox 175 3091 331 3159; x_wconf 82' lang='grc' dir='ltr'>αύτῷ</span> <span class='ocrx_word' id='word_1_360' title='bbox 364 3091 478 3154; x_wconf 85' lang='grc' dir='ltr'><strong>πῶς</strong></span> <span class='ocrx_word' id='word_1_361' title='bbox 510 3093 607 3163; x_wconf 71' lang='grc' dir='ltr'><strong>ἔχῃ</strong></span> <span class='ocrx_word' id='word_1_362' title='bbox 642 3092 838 3162; x_wconf 76' lang='grc' dir='ltr'>πρᾶξαι</span> <span class='ocrx_word' id='word_1_363' title='bbox 876 3107 888 3119; x_wconf 85' lang='grc'><strong>·</strong></span> <span class='ocrx_word' id='word_1_364' title='bbox 928 3092 975 3142; x_wconf 81' lang='grc' dir='ltr'><strong>εί</strong></span> <span class='ocrx_word' id='word_1_365' title='bbox 1025 3091 1081 3142; x_wconf 83' lang='grc' dir='ltr'>ἓν</span> <span class='ocrx_word' id='word_1_366' title='bbox 1117 3089 1422 3158; x_wconf 79' lang='grc' dir='ltr'>κεφαλαίων</span> <span class='ocrx_word' id='word_1_367' title='bbox 1450 3090 1510 3139; x_wconf 85' lang='grc' dir='ltr'>οὐ</span> <span class='ocrx_word' id='word_1_368' title='bbox 1539 3087 1737 3153; x_wconf 79' lang='grc' dir='ltr'>δυνηθῇ</span> 
     </span>
    </p>
   </div>
   <div class='ocr_carea' id='block_1_46' title="bbox 1831 1916 3386 1991">
    <p class='ocr_par' dir='ltr' id='par_1_46' title="bbox 1831 1916 3386 1991">
     <span class='ocr_line' id='line_1_46' title="bbox 1831 1916 3386 1991; baseline -0.008 -16"><span class='ocrx_word' id='word_1_369' title='bbox 1831 1923 1998 1991; x_wconf 74' lang='grc' dir='ltr'>αὐτὴν</span> <span class='ocrx_word' id='word_1_370' title='bbox 2021 1922 2310 1991; x_wconf 79' lang='grc' dir='ltr'>ἄνθρωπον</span> <span class='ocrx_word' id='word_1_371' title='bbox 2345 1924 2409 1973; x_wconf 79' lang='grc' dir='ltr'>ἐκ</span> <span class='ocrx_word' id='word_1_372' title='bbox 2457 1923 2556 1988; x_wconf 79' lang='grc' dir='ltr'>τῆς</span> <span class='ocrx_word' id='word_1_373' title='bbox 2609 1919 2890 1990; x_wconf 81' lang='grc' dir='ltr'>ἡμετέρας</span> <span class='ocrx_word' id='word_1_374' title='bbox 2940 1917 3108 1982; x_wconf 77' lang='grc' dir='ltr'>αὐλῆς</span> <span class='ocrx_word' id='word_1_375' title='bbox 3164 1916 3386 1981; x_wconf 86' lang='grc' dir='ltr'>δόκιμον</span> 
     </span>
    </p>
   </div>
   <div class='ocr_carea' id='block_1_47' title="bbox 1831 2002 3390 2079">
    <p class='ocr_par' dir='ltr' id='par_1_47' title="bbox 1831 2002 3390 2079">
     <span class='ocr_line' id='line_1_47' title="bbox 1831 2002 3390 2079; baseline -0.004 -14"><span class='ocrx_word' id='word_1_376' title='bbox 1831 2016 1926 2066; x_wconf 66' lang='grc' dir='ltr'>καὶ</span> <span class='ocrx_word' id='word_1_377' title='bbox 1975 2013 2190 2065; x_wconf 81' lang='grc' dir='ltr'>πιστόν.</span> <span class='ocrx_word' id='word_1_378' title='bbox 2222 2012 2319 2065; x_wconf 85' lang='grc' dir='ltr'>Διά</span> <span class='ocrx_word' id='word_1_379' title='bbox 2348 2002 2507 2064; x_wconf 76' lang='grc' dir='ltr'>τοῦτο</span> <span class='ocrx_word' id='word_1_380' title='bbox 2535 2010 2727 2079; x_wconf 71' lang='grc' dir='ltr'>ἔτερόν</span> <span class='ocrx_word' id='word_1_381' title='bbox 2753 2026 2873 2061; x_wconf 84' lang='grc' dir='ltr'>τινα</span> <span class='ocrx_word' id='word_1_382' title='bbox 2909 2008 3007 2076; x_wconf 84' lang='grc' dir='ltr'>οὐχ</span> <span class='ocrx_word' id='word_1_383' title='bbox 3037 2004 3390 2076; x_wconf 76' lang='grc' dir='ltr'>ἀρμὸζειπά·</span> 
     </span>
    </p>
   </div>
   <div class='ocr_carea' id='block_1_48' title="bbox 1834 2095 3389 2175">
    <p class='ocr_par' dir='ltr' id='par_1_48' title="bbox 1834 2095 3389 2175">
     <span class='ocr_line' id='line_1_48' title="bbox 1834 2095 3389 2175; baseline -0.006 -19"><span class='ocrx_word' id='word_1_384' title='bbox 1834 2102 1927 2175; x_wconf 76' lang='grc' dir='ltr'>ρεξ</span> <span class='ocrx_word' id='word_1_385' title='bbox 1962 2105 2056 2159; x_wconf 82' lang='grc' dir='ltr'>σοῦ</span> <span class='ocrx_word' id='word_1_386' title='bbox 2094 2105 2294 2157; x_wconf 77' lang='grc' dir='ltr'>εἰδέναι</span> <span class='ocrx_word' id='word_1_387' title='bbox 2324 2104 2392 2155; x_wconf 81' lang='grc' dir='ltr'><strong>τὰ</strong></span> <span class='ocrx_word' id='word_1_388' title='bbox 2445 2103 2723 2172; x_wconf 78' lang='grc' dir='ltr'>μυστήρια</span> <span class='ocrx_word' id='word_1_389' title='bbox 2759 2099 2943 2170; x_wconf 82' lang='grc' dir='ltr'>ἡμῶν,</span> <span class='ocrx_word' id='word_1_390' title='bbox 2993 2099 3085 2152; x_wconf 74' lang='grc' dir='ltr'>καὶ</span> <span class='ocrx_word' id='word_1_391' title='bbox 3122 2097 3295 2157; x_wconf 69' lang='grc' dir='ltr'>οὐδεὶς</span> <span class='ocrx_word' id='word_1_392' title='bbox 3332 2095 3389 2157; x_wconf 73' lang='grc' dir='ltr'>ὃς</span> 
     </span>
    </p>
   </div>
   <div class='ocr_carea' id='block_1_49' title="bbox 1833 2187 3389 2268">
    <p class='ocr_par' dir='ltr' id='par_1_49' title="bbox 1833 2187 3389 2268">
     <span class='ocr_line' id='line_1_49' title="bbox 1833 2187 3389 2268; baseline -0.009 -17"><span class='ocrx_word' id='word_1_393' title='bbox 1833 2196 2237 2268; x_wconf 74' lang='grc' dir='ltr'>ἁρμοδιώτερος</span> <span class='ocrx_word' id='word_1_394' title='bbox 2294 2211 2413 2260; x_wconf 91' lang='grc' dir='ltr'>σου,</span> <span class='ocrx_word' id='word_1_395' title='bbox 2474 2194 2523 2246; x_wconf 79' lang='grc' dir='ltr'><strong>ει</strong></span> <span class='ocrx_word' id='word_1_396' title='bbox 2572 2193 2647 2261; x_wconf 80' lang='grc' dir='ltr'>μὴ</span> <span class='ocrx_word' id='word_1_397' title='bbox 2726 2192 2888 2260; x_wconf 85' lang='grc' dir='ltr'>μόνον</span> <span class='ocrx_word' id='word_1_398' title='bbox 2970 2188 3034 2242; x_wconf 75' lang='grc' dir='ltr'>σὺ</span> <span class='ocrx_word' id='word_1_399' title='bbox 3095 2191 3123 2241; x_wconf 92' lang='lat'><strong>6</strong></span> <span class='ocrx_word' id='word_1_400' title='bbox 3175 2187 3389 2254; x_wconf 80' lang='grc' dir='ltr'>πράξας</span> 
     </span>
    </p>
   </div>
   <div class='ocr_carea' id='block_1_50' title="bbox 1835 2280 3394 2356">
    <p class='ocr_par' dir='ltr' id='par_1_50' title="bbox 1835 2280 3394 2356">
     <span class='ocr_line' id='line_1_50' title="bbox 1835 2280 3394 2356; baseline -0.008 -14"><span class='ocrx_word' id='word_1_401' title='bbox 1835 2291 1932 2343; x_wconf 68' lang='grc' dir='ltr'>καὶ</span> <span class='ocrx_word' id='word_1_402' title='bbox 1976 2290 2182 2356; x_wconf 84' lang='grc' dir='ltr'>στήσας</span> <span class='ocrx_word' id='word_1_403' title='bbox 2234 2287 2327 2339; x_wconf 72' lang='grc' dir='ltr'>καὶ</span> <span class='ocrx_word' id='word_1_404' title='bbox 2359 2281 2631 2354; x_wconf 81' lang='grc' dir='ltr'>ὁμιλήσας</span> <span class='ocrx_word' id='word_1_405' title='bbox 2691 2284 2785 2336; x_wconf 74' lang='grc' dir='ltr'><strong>καὶ</strong></span> <span class='ocrx_word' id='word_1_406' title='bbox 2832 2282 3264 2352; x_wconf 79' lang='grc' dir='ltr'>πληροφορήσας</span> <span class='ocrx_word' id='word_1_407' title='bbox 3323 2280 3394 2330; x_wconf 81' lang='grc' dir='ltr'>τὰ</span> 
     </span>
    </p>
   </div>
   <div class='ocr_carea' id='block_1_51' title="bbox 1836 2373 3389 2450">
    <p class='ocr_par' dir='ltr' id='par_1_51' title="bbox 1836 2373 3389 2450">
     <span class='ocr_line' id='line_1_51' title="bbox 1836 2373 3389 2450; baseline -0.007 -16"><span class='ocrx_word' id='word_1_408' title='bbox 1836 2382 2015 2434; x_wconf 88' lang='grc' dir='ltr'>πάντα</span> <span class='ocrx_word' id='word_1_409' title='bbox 2079 2379 2199 2450; x_wconf 83' lang='grc' dir='ltr'>μετ’</span> <span class='ocrx_word' id='word_1_410' title='bbox 2244 2379 2418 2447; x_wconf 78' lang='grc' dir='ltr'>αὐτῆς</span> <span class='ocrx_word' id='word_1_411' title='bbox 2468 2380 2562 2431; x_wconf 76' lang='grc' dir='ltr'>καὶ</span> <span class='ocrx_word' id='word_1_412' title='bbox 2611 2379 2668 2430; x_wconf 87' lang='grc' dir='ltr'>ὲν</span> <span class='ocrx_word' id='word_1_413' title='bbox 2713 2375 2883 2445; x_wconf 80' lang='grc' dir='ltr'>ἑτέρῳ</span> <span class='ocrx_word' id='word_1_414' title='bbox 2941 2374 3156 2444; x_wconf 78' lang='grc' dir='ltr'>καιρῷο</span> <span class='ocrx_word' id='word_1_415' title='bbox 3215 2373 3294 2425; x_wconf 80' lang='grc' dir='ltr'>διὸ</span> <span class='ocrx_word' id='word_1_416' title='bbox 3331 2373 3389 2423; x_wconf 75' lang='grc' dir='ltr'>οὐ</span> 
     </span>
    </p>
   </div>
   <div class='ocr_carea' id='block_1_52' title="bbox 1833 2465 3393 2539">
    <p class='ocr_par' dir='ltr' id='par_1_52' title="bbox 1833 2465 3393 2539">
     <span class='ocr_line' id='line_1_52' title="bbox 1833 2465 3393 2539; baseline -0.006 -13"><span class='ocrx_word' id='word_1_417' title='bbox 1833 2473 2056 2526; x_wconf 84' lang='grc' dir='ltr'>δύναται</span> <span class='ocrx_word' id='word_1_418' title='bbox 2111 2470 2177 2523; x_wconf 86' lang='grc' dir='ltr'><strong>δι’</strong></span> <span class='ocrx_word' id='word_1_419' title='bbox 2233 2470 2398 2525; x_wconf 77' lang='grc' dir='ltr'>ἄλλου</span> <span class='ocrx_word' id='word_1_420' title='bbox 2447 2469 2592 2532; x_wconf 76' lang='grc' dir='ltr'>τινὸς</span> <span class='ocrx_word' id='word_1_421' title='bbox 2657 2469 2687 2539; x_wconf 75' lang='grc' dir='ltr'>ἡ</span> <span class='ocrx_word' id='word_1_422' title='bbox 2759 2467 3018 2528; x_wconf 87' lang='grc' dir='ltr'>ὑπόθεσις</span> <span class='ocrx_word' id='word_1_423' title='bbox 3076 2467 3250 2535; x_wconf 85' lang='grc' dir='ltr'>πέρας</span> <span class='ocrx_word' id='word_1_424' title='bbox 3298 2465 3393 2516; x_wconf 75' lang='grc' dir='ltr'><strong>λαο</strong></span> 
     </span>
    </p>
   </div>
   <div class='ocr_carea' id='block_1_53' title="bbox 1838 2553 3398 2628">
    <p class='ocr_par' dir='ltr' id='par_1_53' title="bbox 1838 2553 3398 2628">
     <span class='ocr_line' id='line_1_53' title="bbox 1838 2553 3398 2628; baseline -0.004 -14"><span class='ocrx_word' id='word_1_425' title='bbox 1838 2565 1972 2614; x_wconf 72' lang='grc' dir='ltr'>δεῖν.</span> <span class='ocrx_word' id='word_1_426' title='bbox 2017 2581 2036 2615; x_wconf 77' lang='grc' dir='ltr'><strong>ι</strong></span> <span class='ocrx_word' id='word_1_427' title='bbox 2104 2561 2246 2628; x_wconf 83' lang='grc' dir='ltr'>Ἐγὼ</span> <span class='ocrx_word' id='word_1_428' title='bbox 2293 2561 2350 2614; x_wconf 78' lang='grc' dir='ltr'>δὲ</span> <span class='ocrx_word' id='word_1_429' title='bbox 2386 2562 2551 2614; x_wconf 86' lang='grc' dir='ltr'>πάλιν</span> <span class='ocrx_word' id='word_1_430' title='bbox 2602 2560 2928 2628; x_wconf 72' lang='grc' dir='ltr'>ἀποκριθεὶς</span> <span class='ocrx_word' id='word_1_431' title='bbox 2990 2553 3120 2610; x_wconf 76' lang='grc' dir='ltr'>εῐπα</span> <span class='ocrx_word' id='word_1_432' title='bbox 3167 2557 3244 2624; x_wconf 85' lang='grc' dir='ltr'>τῷ</span> <span class='ocrx_word' id='word_1_433' title='bbox 3305 2556 3398 2625; x_wconf 88' lang='grc' dir='ltr'><strong>βα-</strong></span> 
     </span>
    </p>
   </div>
   <div class='ocr_carea' id='block_1_54' title="bbox 1839 2646 3395 2720">
    <p class='ocr_par' dir='ltr' id='par_1_54' title="bbox 1839 2646 3395 2720">
     <span class='ocr_line' id='line_1_54' title="bbox 1839 2646 3395 2720; baseline -0.003 -15"><span class='ocrx_word' id='word_1_434' title='bbox 1839 2654 2010 2706; x_wconf 77' lang='grc' dir='ltr'>σιλεῖ·</span> <span class='ocrx_word' id='word_1_435' title='bbox 2066 2674 2084 2705; x_wconf 71' lang='grc' dir='ltr'><strong>ι</strong></span> <span class='ocrx_word' id='word_1_436' title='bbox 2144 2653 2234 2714; x_wconf 84' lang='grc' dir='ltr'><strong>Ὠς</strong></span> <span class='ocrx_word' id='word_1_437' title='bbox 2289 2651 2501 2705; x_wconf 85' lang='grc' dir='ltr'>κελεύει</span> <span class='ocrx_word' id='word_1_438' title='bbox 2544 2652 2575 2720; x_wconf 87' lang='grc' dir='ltr'>ἠ</span> <span class='ocrx_word' id='word_1_439' title='bbox 2614 2651 2860 2720; x_wconf 85' lang='grc' dir='ltr'>βασιλεία</span> <span class='ocrx_word' id='word_1_440' title='bbox 2910 2667 3026 2710; x_wconf 85' lang='grc' dir='ltr'>σου,</span> <span class='ocrx_word' id='word_1_441' title='bbox 3059 2648 3230 2710; x_wconf 79' lang='grc' dir='ltr'>οὓτως</span> <span class='ocrx_word' id='word_1_442' title='bbox 3261 2646 3395 2716; x_wconf 79' lang='grc' dir='ltr'>ἔχει.</span> 
     </span>
    </p>
   </div>
   <div class='ocr_carea' id='block_1_55' title="bbox 1839 2739 3393 2810">
    <p class='ocr_par' dir='ltr' id='par_1_55' title="bbox 1839 2739 3393 2810">
     <span class='ocr_line' id='line_1_55' title="bbox 1839 2739 3393 2810; baseline -0.004 -15"><span class='ocrx_word' id='word_1_443' title='bbox 1839 2742 2066 2795; x_wconf 84' lang='grc' dir='ltr'>Ἕνεκεν</span> <span class='ocrx_word' id='word_1_444' title='bbox 2083 2741 2289 2795; x_wconf 87' lang='grc' dir='ltr'>τούτων</span> <span class='ocrx_word' id='word_1_445' title='bbox 2311 2741 2420 2793; x_wconf 85' lang='grc' dir='ltr'><strong>τῶν</strong></span> <span class='ocrx_word' id='word_1_446' title='bbox 2443 2742 2683 2809; x_wconf 83' lang='grc' dir='ltr'>εὐλόγων</span> <span class='ocrx_word' id='word_1_447' title='bbox 2701 2740 2893 2794; x_wconf 76' lang='grc' dir='ltr'>αἰτιῶν</span> <span class='ocrx_word' id='word_1_448' title='bbox 2915 2740 3068 2810; x_wconf 80' lang='grc' dir='ltr'><strong>ὴὲμὴ</strong></span> <span class='ocrx_word' id='word_1_449' title='bbox 3094 2739 3393 2804; x_wconf 82' lang='grc' dir='ltr'>σύνευνοςὴ</span> 
     </span>
    </p>
   </div>
   <div class='ocr_carea' id='block_1_56' title="bbox 1836 2829 3395 2903">
    <p class='ocr_par' dir='ltr' id='par_1_56' title="bbox 1836 2829 3395 2903">
     <span class='ocr_line' id='line_1_56' title="bbox 1836 2829 3395 2903; baseline -0.005 -16"><span class='ocrx_word' id='word_1_450' title='bbox 1836 2834 1996 2903; x_wconf 72' lang='grc'><strong>22⁷</strong></span> <span class='ocrx_word' id='word_1_451' title='bbox 2027 2831 2183 2900; x_wconf 84' lang='grc' dir='ltr'>δούλη</span> <span class='ocrx_word' id='word_1_452' title='bbox 2236 2831 2474 2900; x_wconf 77' lang='grc' dir='ltr'>σουάμα</span> <span class='ocrx_word' id='word_1_453' title='bbox 2505 2834 2617 2894; x_wconf 83' lang='grc' dir='ltr'>τοῖς</span> <span class='ocrx_word' id='word_1_454' title='bbox 2657 2833 2810 2901; x_wconf 67' lang='grc' dir='ltr'>ἐμοῖς</span> <span class='ocrx_word' id='word_1_455' title='bbox 2841 2831 3156 2899; x_wconf 83' lang='grc' dir='ltr'>συγγενέσιν</span> <span class='ocrx_word' id='word_1_456' title='bbox 3197 2829 3258 2880; x_wconf 89' lang='grc' dir='ltr'><strong>ού</strong></span> <span class='ocrx_word' id='word_1_457' title='bbox 3284 2847 3395 2881; x_wconf 86' lang='grc' dir='ltr'>κω-</span> 
     </span>
    </p>
   </div>
   <div class='ocr_carea' id='block_1_57' title="bbox 1836 2918 3398 2991">
    <p class='ocr_par' dir='ltr' id='par_1_57' title="bbox 1836 2918 3398 2991">
     <span class='ocr_line' id='line_1_57' title="bbox 1836 2918 3398 2991; baseline -0.003 -18"><span class='ocrx_word' id='word_1_458' title='bbox 1836 2922 2058 2974; x_wconf 86' lang='grc' dir='ltr'>λύσουσί</span> <span class='ocrx_word' id='word_1_459' title='bbox 2120 2939 2208 2990; x_wconf 90' lang='grc' dir='ltr'><strong>με,</strong></span> <span class='ocrx_word' id='word_1_460' title='bbox 2266 2922 2315 2972; x_wconf 79' lang='grc' dir='ltr'><strong>εί</strong></span> <span class='ocrx_word' id='word_1_461' title='bbox 2354 2922 2511 2991; x_wconf 83' lang='grc' dir='ltr'>τύχῃ,</span> <span class='ocrx_word' id='word_1_462' title='bbox 2555 2920 2650 2972; x_wconf 77' lang='grc' dir='ltr'>καὶ</span> <span class='ocrx_word' id='word_1_463' title='bbox 2705 2921 2915 2989; x_wconf 83' lang='grc' dir='ltr'>ποιήσω</span> <span class='ocrx_word' id='word_1_464' title='bbox 2962 2919 3023 2972; x_wconf 75' lang='grc' dir='ltr'>τὸ</span> <span class='ocrx_word' id='word_1_465' title='bbox 3059 2918 3398 2989; x_wconf 80' lang='grc' dir='ltr'>προσταχθέν</span> 
     </span>
    </p>
   </div>
   <div class='ocr_carea' id='block_1_58' title="bbox 1841 3001 3399 3082">
    <p class='ocr_par' dir='ltr' id='par_1_58' title="bbox 1841 3001 3399 3082">
     <span class='ocr_line' id='line_1_58' title="bbox 1841 3001 3399 3082; baseline -0.003 -18"><span class='ocrx_word' id='word_1_466' title='bbox 1841 3029 1953 3082; x_wconf 84' lang='grc' dir='ltr'>μοι.</span> <span class='ocrx_word' id='word_1_467' title='bbox 1990 3013 2091 3063; x_wconf 77' lang='grc' dir='ltr'><strong>’Ἦν</strong></span> <span class='ocrx_word' id='word_1_468' title='bbox 2126 3007 2184 3064; x_wconf 79' lang='grc' dir='ltr'>εὖ</span> <span class='ocrx_word' id='word_1_469' title='bbox 2231 3012 2540 3081; x_wconf 86' lang='grc' dir='ltr'>μακαρίσω,</span> <span class='ocrx_word' id='word_1_470' title='bbox 2568 3011 2855 3080; x_wconf 82' lang='grc' dir='ltr'>ἀναφέρων</span> <span class='ocrx_word' id='word_1_471' title='bbox 2884 3012 3018 3079; x_wconf 73' lang='grc' dir='ltr'>αὐτῇ</span> <span class='ocrx_word' id='word_1_472' title='bbox 3053 3009 3133 3062; x_wconf 76' lang='grc' dir='ltr'>ἔτι</span> <span class='ocrx_word' id='word_1_473' title='bbox 3165 3009 3293 3078; x_wconf 69' lang='grc' dir='ltr'>περὶ</span> <span class='ocrx_word' id='word_1_474' title='bbox 3326 3001 3399 3060; x_wconf 82' lang='grc' dir='ltr'><strong>ὧν</strong></span> 
     </span>
    </p>
   </div>
   <div class='ocr_carea' id='block_1_59' title="bbox 1837 3099 3400 3170">
    <p class='ocr_par' dir='ltr' id='par_1_59' title="bbox 1837 3099 3400 3170">
     <span class='ocr_line' id='line_1_59' title="bbox 1837 3099 3400 3170; baseline -0.003 -16"><span class='ocrx_word' id='word_1_475' title='bbox 1837 3104 1924 3156; x_wconf 78' lang='grc' dir='ltr'><strong>διὰ</strong></span> <span class='ocrx_word' id='word_1_476' title='bbox 1948 3104 2044 3170; x_wconf 81' lang='grc' dir='ltr'>τῆς</span> <span class='ocrx_word' id='word_1_477' title='bbox 2080 3102 2493 3168; x_wconf 89' lang='grc' dir='ltr'>καλοκαγαθίας</span> <span class='ocrx_word' id='word_1_478' title='bbox 2520 3104 2618 3170; x_wconf 81' lang='grc' dir='ltr'>τῆς</span> <span class='ocrx_word' id='word_1_479' title='bbox 2658 3100 2937 3170; x_wconf 72' lang='grc' dir='ltr'>βασιλείας</span> <span class='ocrx_word' id='word_1_480' title='bbox 2966 3117 3059 3152; x_wconf 91' lang='grc' dir='ltr'><strong>σου</strong></span> <span class='ocrx_word' id='word_1_481' title='bbox 3086 3099 3280 3163; x_wconf 80' lang='grc' dir='ltr'>ἔταξάς</span> <span class='ocrx_word' id='word_1_482' title='bbox 3311 3116 3400 3168; x_wconf 89' lang='grc' dir='ltr'><strong>μοι</strong></span> 
     </span>
    </p>
   </div>
   <div class='ocr_carea' id='block_1_60' title="bbox 177 3178 3401 3274">
    <p class='ocr_par' dir='ltr' id='par_1_60' title="bbox 177 3178 3401 3274">
     <span class='ocr_line' id='line_1_60' title="bbox 177 3178 3401 3274; baseline -0.004 -20"><span class='ocrx_word' id='word_1_483' title='bbox 177 3186 429 3253; x_wconf 71' lang='grc' dir='ltr'><strong>ποιῆσαιν</strong></span> <span class='ocrx_word' id='word_1_484' title='bbox 457 3185 636 3254; x_wconf 66' lang='grc' dir='ltr'><strong>πράξῃ</strong></span> <span class='ocrx_word' id='word_1_485' title='bbox 670 3185 808 3237; x_wconf 75' lang='grc' dir='ltr'><strong>κατά</strong></span> <span class='ocrx_word' id='word_1_486' title='bbox 841 3185 901 3235; x_wconf 77' lang='grc' dir='ltr'><strong>τδ</strong></span> <span class='ocrx_word' id='word_1_487' title='bbox 952 3182 1223 3251; x_wconf 67' lang='grc' dir='ltr'><strong>δεύτερθνι</strong></span> <span class='ocrx_word' id='word_1_488' title='bbox 1264 3183 1366 3274; x_wconf 23' lang='grc' dir='ltr'><strong>καὶ.</strong></span> <span class='ocrx_word' id='word_1_489' title='bbox 1404 3180 1547 3274; x_wconf 15' lang='lat' dir='ltr'><strong>Cibi-‘9</strong></span> <span class='ocrx_word' id='word_1_490' title='bbox 1601 3178 1739 3274; x_wconf 47' lang='grc' dir='ltr'>κατᾲ</span> <span class='ocrx_word' id='word_1_491' title='bbox 1765 3212 1810 3274; x_wconf 77' lang='lat' dir='ltr'>C</span> <span class='ocrx_word' id='word_1_492' title='bbox 1845 3198 1974 3264; x_wconf 73' lang='grc' dir='ltr'>περὶ</span> <span class='ocrx_word' id='word_1_493' title='bbox 2016 3196 2116 3262; x_wconf 74' lang='grc' dir='ltr'>τῆς</span> <span class='ocrx_word' id='word_1_494' title='bbox 2149 3194 2289 3262; x_wconf 77' lang='grc' dir='ltr'>ἐμῆς</span> <span class='ocrx_word' id='word_1_495' title='bbox 2320 3193 2589 3262; x_wconf 83' lang='grc' dir='ltr'>θυγατρὸς</span> <span class='ocrx_word' id='word_1_496' title='bbox 2629 3191 2931 3261; x_wconf 84' lang='grc' dir='ltr'>ύπανδρίας</span> <span class='ocrx_word' id='word_1_497' title='bbox 2981 3192 3071 3243; x_wconf 76' lang='grc' dir='ltr'>καὶ</span> <span class='ocrx_word' id='word_1_498' title='bbox 3101 3191 3279 3243; x_wconf 79' lang='grc' dir='ltr'>τόπων</span> <span class='ocrx_word' id='word_1_499' title='bbox 3308 3191 3401 3241; x_wconf 71' lang='grc' dir='ltr'>καὶ</span> 
     </span>
    </p>
   </div>
   <div class='ocr_carea' id='block_1_61' title="bbox 177 3269 3401 3353">
    <p class='ocr_par' dir='ltr' id='par_1_61' title="bbox 177 3269 3401 3353">
     <span class='ocr_line' id='line_1_61' title="bbox 177 3269 3401 3353; baseline -0.005 -9"><span class='ocrx_word' id='word_1_500' title='bbox 177 3275 436 3344; x_wconf 75' lang='grc' dir='ltr'>διαδοχὴν</span> <span class='ocrx_word' id='word_1_501' title='bbox 459 3275 490 3343; x_wconf 71' lang='grc' dir='ltr'>ἢ</span> <span class='ocrx_word' id='word_1_502' title='bbox 513 3276 571 3328; x_wconf 81' lang='grc' dir='ltr'><strong>τδ</strong></span> <span class='ocrx_word' id='word_1_503' title='bbox 608 3275 788 3343; x_wconf 75' lang='grc' dir='ltr'>τρίτον</span> <span class='ocrx_word' id='word_1_504' title='bbox 823 3275 942 3344; x_wconf 72' lang='grc' dir='ltr'><strong>ἧτδ</strong></span> <span class='ocrx_word' id='word_1_505' title='bbox 973 3274 1227 3341; x_wconf 71' lang='grc' dir='ltr'><strong>τέταρτον</strong></span> <span class='ocrx_word' id='word_1_506' title='bbox 1259 3272 1292 3340; x_wconf 77' lang='grc' dir='ltr'>ἦ</span> <span class='ocrx_word' id='word_1_507' title='bbox 1324 3272 1380 3336; x_wconf 62' lang='grc' dir='ltr'><strong>ἐξ</strong></span> <span class='ocrx_word' id='word_1_508' title='bbox 1417 3271 1657 3338; x_wconf 77' lang='grc' dir='ltr'>ἀνάγκης</span> <span class='ocrx_word' id='word_1_509' title='bbox 1681 3269 1740 3320; x_wconf 75' lang='grc' dir='ltr'><strong>τδ</strong></span> <span class='ocrx_word' id='word_1_510' title='bbox 1778 3269 1809 3274; x_wconf 33' lang='grc' dir='ltr'><em>Ψ</em></span> <span class='ocrx_word' id='word_1_511' title='bbox 1842 3283 2008 3353; x_wconf 81' lang='grc' dir='ltr'>τιμῆς</span> <span class='ocrx_word' id='word_1_512' title='bbox 2062 3283 2350 3353; x_wconf 74' lang='grc' dir='ltr'>δωρήσεως</span> <span class='ocrx_word' id='word_1_513' title='bbox 2404 3285 2494 3335; x_wconf 75' lang='grc' dir='ltr'>καὶ</span> <span class='ocrx_word' id='word_1_514' title='bbox 2539 3283 2804 3352; x_wconf 80' lang='grc' dir='ltr'>ἀναδοχῆς</span> <span class='ocrx_word' id='word_1_515' title='bbox 2845 3282 3005 3333; x_wconf 84' lang='grc' dir='ltr'>πλέον</span> <span class='ocrx_word' id='word_1_516' title='bbox 3061 3281 3168 3332; x_wconf 86' lang='grc' dir='ltr'>τῶν</span> <span class='ocrx_word' id='word_1_517' title='bbox 3227 3281 3401 3333; x_wconf 78' lang='grc' dir='ltr'>ἄλλων</span> 
     </span>
    </p>
   </div>
   <div class='ocr_carea' id='block_1_62' title="bbox 180 3381 1744 3457">
    <p class='ocr_par' dir='ltr' id='par_1_62' title="bbox 180 3381 1744 3457">
     <span class='ocr_line' id='line_1_62' title="bbox 180 3381 1744 3457; baseline -0.006 -14"><span class='ocrx_word' id='word_1_518' title='bbox 180 3405 373 3443; x_wconf 88' lang='lat' dir='ltr'><strong>creare</strong></span> <span class='ocrx_word' id='word_1_519' title='bbox 396 3405 618 3444; x_wconf 85' lang='lat' dir='ltr'><strong>necesse</strong></span> <span class='ocrx_word' id='word_1_520' title='bbox 649 3397 750 3454; x_wconf 87' lang='lat' dir='ltr'><strong>cst,</strong></span> <span class='ocrx_word' id='word_1_521' title='bbox 780 3387 870 3457; x_wconf 86' lang='lat' dir='ltr'><strong>qui</strong></span> <span class='ocrx_word' id='word_1_522' title='bbox 897 3403 992 3456; x_wconf 90' lang='lat' dir='ltr'><strong>per</strong></span> <span class='ocrx_word' id='word_1_523' title='bbox 1022 3395 1192 3441; x_wconf 82' lang='lat' dir='ltr'><strong>latum</strong></span> <span class='ocrx_word' id='word_1_524' title='bbox 1227 3385 1367 3438; x_wconf 87' lang='lat' dir='ltr'><strong>diem</strong></span> <span class='ocrx_word' id='word_1_525' title='bbox 1398 3399 1604 3436; x_wconf 90' lang='lat' dir='ltr'><strong>mecum</strong></span> <span class='ocrx_word' id='word_1_526' title='bbox 1635 3381 1744 3436; x_wconf 87' lang='lat' dir='ltr'><strong>sint</strong></span> 
     </span>
    </p>
   </div>
   <div class='ocr_carea' id='block_1_63' title="bbox 182 3475 1741 3550">
    <p class='ocr_par' dir='ltr' id='par_1_63' title="bbox 182 3475 1741 3550">
     <span class='ocr_line' id='line_1_63' title="bbox 182 3475 1741 3550; baseline -0.006 -15"><span class='ocrx_word' id='word_1_527' title='bbox 182 3483 240 3535; x_wconf 91' lang='lat' dir='ltr'><strong>in</strong></span> <span class='ocrx_word' id='word_1_528' title='bbox 274 3483 478 3550; x_wconf 87' lang='lat' dir='ltr'><strong>palatio</strong></span> <span class='ocrx_word' id='word_1_529' title='bbox 525 3483 588 3536; x_wconf 83' lang='lat' dir='ltr'><strong>ad</strong></span> <span class='ocrx_word' id='word_1_530' title='bbox 624 3481 974 3550; x_wconf 86' lang='lat' dir='ltr'><strong>providenda,</strong></span> <span class='ocrx_word' id='word_1_531' title='bbox 1029 3479 1354 3542; x_wconf 86' lang='lat' dir='ltr'><strong>ordinanda,</strong></span> <span class='ocrx_word' id='word_1_532' title='bbox 1413 3487 1468 3530; x_wconf 91' lang='lat' dir='ltr'><strong>et</strong></span> <span class='ocrx_word' id='word_1_533' title='bbox 1498 3475 1741 3530; x_wconf 78' lang='lat' dir='ltr'><strong>facienda</strong></span> 
     </span>
    </p>
   </div>
   <div class='ocr_carea' id='block_1_64' title="bbox 183 3569 1736 3637">
    <p class='ocr_par' dir='ltr' id='par_1_64' title="bbox 183 3569 1736 3637">
     <span class='ocr_line' id='line_1_64' title="bbox 183 3569 1736 3637; baseline -0.006 -11"><span class='ocrx_word' id='word_1_534' title='bbox 183 3576 496 3628; x_wconf 78' lang='lat' dir='ltr'><strong>necessaria</strong></span> <span class='ocrx_word' id='word_1_535' title='bbox 550 3583 659 3627; x_wconf 89' lang='lat' dir='ltr'><strong>tum</strong></span> <span class='ocrx_word' id='word_1_536' title='bbox 725 3575 950 3628; x_wconf 80' lang='lat' dir='ltr'><strong>servilia</strong></span> <span class='ocrx_word' id='word_1_537' title='bbox 1017 3581 1128 3625; x_wconf 91' lang='lat' dir='ltr'><strong>tum</strong></span> <span class='ocrx_word' id='word_1_538' title='bbox 1189 3571 1413 3624; x_wconf 84' lang='lat' dir='ltr'><strong>consilia</strong></span> <span class='ocrx_word' id='word_1_539' title='bbox 1472 3569 1736 3637; x_wconf 67' lang='lat' dir='ltr'><strong>imperii.»</strong></span> 
     </span>
    </p>
   </div>
   <div class='ocr_carea' id='block_1_65' title="bbox 183 3661 1742 3738">
    <p class='ocr_par' dir='ltr' id='par_1_65' title="bbox 183 3661 1742 3738">
     <span class='ocr_line' id='line_1_65' title="bbox 183 3661 1742 3738; baseline -0.006 -17"><span class='ocrx_word' id='word_1_540' title='bbox 183 3671 367 3738; x_wconf 80' lang='lat' dir='ltr'><strong>Atque</strong></span> <span class='ocrx_word' id='word_1_541' title='bbox 405 3669 476 3721; x_wconf 88' lang='lat' dir='ltr'><strong>ita</strong></span> <span class='ocrx_word' id='word_1_542' title='bbox 527 3667 889 3735; x_wconf 80' lang='lat' dir='ltr'><strong>signiﬁcatum</strong></span> <span class='ocrx_word' id='word_1_543' title='bbox 943 3673 1026 3719; x_wconf 89' lang='lat' dir='ltr'><strong>est</strong></span> <span class='ocrx_word' id='word_1_544' title='bbox 1051 3677 1243 3732; x_wconf 84' lang='lat' dir='ltr'><strong>magno</strong></span> <span class='ocrx_word' id='word_1_545' title='bbox 1279 3661 1407 3722; x_wconf 80' lang='lat' dir='ltr'><strong>duci</strong></span> <span class='ocrx_word' id='word_1_546' title='bbox 1440 3677 1533 3730; x_wconf 91' lang='lat' dir='ltr'><strong>per</strong></span> <span class='ocrx_word' id='word_1_547' title='bbox 1567 3674 1742 3712; x_wconf 71' lang='lat' dir='ltr'><strong>meum</strong></span> 
     </span>
    </p>
   </div>
   <div class='ocr_carea' id='block_1_66' title="bbox 184 3754 1746 3832">
    <p class='ocr_par' dir='ltr' id='par_1_66' title="bbox 184 3754 1746 3832">
     <span class='ocr_line' id='line_1_66' title="bbox 184 3754 1746 3832; baseline -0.008 -14"><span class='ocrx_word' id='word_1_548' title='bbox 184 3775 240 3818; x_wconf 91' lang='lat' dir='ltr'><strong>et</strong></span> <span class='ocrx_word' id='word_1_549' title='bbox 298 3762 470 3832; x_wconf 83' lang='lat' dir='ltr'><strong>ipsius</strong></span> <span class='ocrx_word' id='word_1_550' title='bbox 499 3769 856 3828; x_wconf 79' lang='lat' dir='ltr'><strong>compatrem,</strong></span> <span class='ocrx_word' id='word_1_551' title='bbox 891 3757 1373 3812; x_wconf 87' lang='lat' dir='ltr'><strong>hieromonachum</strong></span> <span class='ocrx_word' id='word_1_552' title='bbox 1411 3765 1462 3808; x_wconf 87' lang='lat' dir='ltr'><strong>et</strong></span> <span class='ocrx_word' id='word_1_553' title='bbox 1489 3754 1746 3822; x_wconf 85' lang='lat' dir='ltr'><strong>spiritua-</strong></span> 
     </span>
    </p>
   </div>
   <div class='ocr_carea' id='block_1_67' title="bbox 187 3848 1746 3922">
    <p class='ocr_par' dir='ltr' id='par_1_67' title="bbox 187 3848 1746 3922">
     <span class='ocr_line' id='line_1_67' title="bbox 187 3848 1746 3922; baseline -0.004 -15"><span class='ocrx_word' id='word_1_554' title='bbox 187 3857 296 3907; x_wconf 89' lang='lat' dir='ltr'><strong>lem</strong></span> <span class='ocrx_word' id='word_1_555' title='bbox 357 3863 560 3922; x_wconf 86' lang='lat' dir='ltr'><strong>patrem</strong></span> <span class='ocrx_word' id='word_1_556' title='bbox 593 3851 955 3921; x_wconf 78' lang='lat' dir='ltr'><strong>Neapltytum,</strong></span> <span class='ocrx_word' id='word_1_557' title='bbox 993 3851 1083 3918; x_wconf 90' lang='lat' dir='ltr'><strong>qui</strong></span> <span class='ocrx_word' id='word_1_558' title='bbox 1147 3850 1199 3902; x_wconf 92' lang='lat' dir='ltr'><strong>in</strong></span> <span class='ocrx_word' id='word_1_559' title='bbox 1235 3848 1595 3901; x_wconf 72' lang='lat' dir='ltr'><strong>Charsianita:</strong></span> <span class='ocrx_word' id='word_1_560' title='bbox 1627 3861 1746 3900; x_wconf 91' lang='lat' dir='ltr'><strong>mo-</strong></span> 
     </span>
    </p>
   </div>
   <div class='ocr_carea' id='block_1_68' title="bbox 188 3940 1744 4003">
    <p class='ocr_par' dir='ltr' id='par_1_68' title="bbox 188 3940 1744 4003">
     <span class='ocr_line' id='line_1_68' title="bbox 188 3940 1744 4003; baseline -0.005 -3"><span class='ocrx_word' id='word_1_561' title='bbox 188 3946 435 4000; x_wconf 85' lang='lat' dir='ltr'><strong>nasterio</strong></span> <span class='ocrx_word' id='word_1_562' title='bbox 465 3955 600 3998; x_wconf 87' lang='lat' dir='ltr'><strong>erat.</strong></span> <span class='ocrx_word' id='word_1_563' title='bbox 639 3944 875 3998; x_wconf 87' lang='lat' dir='ltr'><strong>Edoctus</strong></span> <span class='ocrx_word' id='word_1_564' title='bbox 911 3943 978 3995; x_wconf 91' lang='lat' dir='ltr'><strong>de</strong></span> <span class='ocrx_word' id='word_1_565' title='bbox 1006 3947 1105 3996; x_wconf 91' lang='lat' dir='ltr'><strong>hoc</strong></span> <span class='ocrx_word' id='word_1_566' title='bbox 1136 3941 1313 3996; x_wconf 80' lang='lat' dir='ltr'><strong>ollicio</strong></span> <span class='ocrx_word' id='word_1_567' title='bbox 1348 3940 1601 4003; x_wconf 83' lang='lat' dir='ltr'><strong>Notaras,</strong></span> <span class='ocrx_word' id='word_1_568' title='bbox 1637 3955 1744 3992; x_wconf 87' lang='lat' dir='ltr'><strong>non</strong></span> 
     </span>
    </p>
   </div>
   <div class='ocr_carea' id='block_1_69' title="bbox 187 4029 1744 4106">
    <p class='ocr_par' dir='ltr' id='par_1_69' title="bbox 187 4029 1744 4106">
     <span class='ocr_line' id='line_1_69' title="bbox 187 4029 1744 4106; baseline -0.006 -15"><span class='ocrx_word' id='word_1_569' title='bbox 187 4037 554 4106; x_wconf 87' lang='lat' dir='ltr'><strong>repugnabat,</strong></span> <span class='ocrx_word' id='word_1_570' title='bbox 613 4045 794 4089; x_wconf 90' lang='lat' dir='ltr'><strong>utrum</strong></span> <span class='ocrx_word' id='word_1_571' title='bbox 850 4034 1084 4088; x_wconf 77' lang='lat' dir='ltr'><strong>libenter</strong></span> <span class='ocrx_word' id='word_1_572' title='bbox 1132 4042 1338 4093; x_wconf 90' lang='lat' dir='ltr'><strong>tamen,</strong></span> <span class='ocrx_word' id='word_1_573' title='bbox 1396 4046 1461 4082; x_wconf 88' lang='lat' dir='ltr'><strong>an</strong></span> <span class='ocrx_word' id='word_1_574' title='bbox 1515 4029 1744 4092; x_wconf 89' lang='lat' dir='ltr'><strong>invitus,</strong></span> 
     </span>
    </p>
   </div>
   <div class='ocr_carea' id='block_1_70' title="bbox 189 4125 1746 4199">
    <p class='ocr_par' dir='ltr' id='par_1_70' title="bbox 189 4125 1746 4199">
     <span class='ocr_line' id='line_1_70' title="bbox 189 4125 1746 4199; baseline -0.004 -16"><span class='ocrx_word' id='word_1_575' title='bbox 189 4127 413 4183; x_wconf 81' lang='lat' dir='ltr'><strong>nescio:</strong></span> <span class='ocrx_word' id='word_1_576' title='bbox 443 4144 750 4199; x_wconf 81' lang='lat' dir='ltr'><strong>quanquam</strong></span> <span class='ocrx_word' id='word_1_577' title='bbox 787 4143 892 4195; x_wconf 60' lang='grc' dir='ltr'>ρεαδ</span> <span class='ocrx_word' id='word_1_578' title='bbox 915 4141 975 4180; x_wconf 86' lang='lat' dir='ltr'><strong>se</strong></span> <span class='ocrx_word' id='word_1_579' title='bbox 994 4126 1218 4188; x_wconf 80' lang='lat' dir='ltr'><strong>ferebat,</strong></span> <span class='ocrx_word' id='word_1_580' title='bbox 1246 4125 1406 4178; x_wconf 81' lang='lat' dir='ltr'><strong>etiam</strong></span> <span class='ocrx_word' id='word_1_581' title='bbox 1458 4132 1746 4190; x_wconf 86' lang='lat' dir='ltr'><strong>antequam</strong></span> 
     </span>
    </p>
   </div>
   <div class='ocr_carea' id='block_1_71' title="bbox 189 4215 1748 4286">
    <p class='ocr_par' dir='ltr' id='par_1_71' title="bbox 189 4215 1748 4286">
     <span class='ocr_line' id='line_1_71' title="bbox 189 4215 1748 4286; baseline -0.004 -12"><span class='ocrx_word' id='word_1_582' title='bbox 189 4221 434 4274; x_wconf 88' lang='lat' dir='ltr'><strong>monitus</strong></span> <span class='ocrx_word' id='word_1_583' title='bbox 463 4231 628 4282; x_wconf 80' lang='lat' dir='ltr'><strong>esset,</strong></span> <span class='ocrx_word' id='word_1_584' title='bbox 671 4219 939 4286; x_wconf 73' lang='lat' dir='ltr'><strong>cOgilasse</strong></span> <span class='ocrx_word' id='word_1_585' title='bbox 978 4233 1037 4272; x_wconf 90' lang='lat' dir='ltr'><strong>se</strong></span> <span class='ocrx_word' id='word_1_586' title='bbox 1090 4216 1234 4270; x_wconf 87' lang='lat' dir='ltr'><strong>istud</strong></span> <span class='ocrx_word' id='word_1_587' title='bbox 1264 4216 1462 4279; x_wconf 85' lang='lat' dir='ltr'><strong>facere,</strong></span> <span class='ocrx_word' id='word_1_588' title='bbox 1498 4215 1748 4283; x_wconf 81' lang='lat' dir='ltr'><strong>utimpe-</strong></span> 
     </span>
    </p>
   </div>
   <div class='ocr_carea' id='block_1_72' title="bbox 189 4307 1748 4379">
    <p class='ocr_par' dir='ltr' id='par_1_72' title="bbox 189 4307 1748 4379">
     <span class='ocr_line' id='line_1_72' title="bbox 189 4307 1748 4379; baseline -0.004 -13"><span class='ocrx_word' id='word_1_589' title='bbox 189 4322 345 4366; x_wconf 89' lang='lat' dir='ltr'><strong>rator</strong></span> <span class='ocrx_word' id='word_1_590' title='bbox 400 4312 567 4379; x_wconf 82' lang='lat' dir='ltr'><strong>ipsius</strong></span> <span class='ocrx_word' id='word_1_591' title='bbox 600 4310 725 4363; x_wconf 78' lang='lat' dir='ltr'><strong>ﬁliis</strong></span> <span class='ocrx_word' id='word_1_592' title='bbox 755 4310 926 4362; x_wconf 82' lang='lat' dir='ltr'><strong>aliam.</strong></span> <span class='ocrx_word' id='word_1_593' title='bbox 963 4309 1264 4376; x_wconf 73' lang='lat' dir='ltr'><strong>impertiret</strong></span> <span class='ocrx_word' id='word_1_594' title='bbox 1312 4307 1650 4376; x_wconf 78' lang='lat' dir='ltr'><strong>dignitatem.</strong></span> <span class='ocrx_word' id='word_1_595' title='bbox 1680 4308 1748 4359; x_wconf 74' lang='lat' dir='ltr'><strong>At</strong></span> 
     </span>
    </p>
   </div>
   <div class='ocr_carea' id='block_1_73' title="bbox 187 4401 1750 4468">
    <p class='ocr_par' dir='ltr' id='par_1_73' title="bbox 187 4401 1750 4468">
     <span class='ocr_line' id='line_1_73' title="bbox 187 4401 1750 4468; baseline -0.006 -10"><span class='ocrx_word' id='word_1_596' title='bbox 187 4405 337 4458; x_wconf 90' lang='lat' dir='ltr'><strong>enim</strong></span> <span class='ocrx_word' id='word_1_597' title='bbox 373 4405 487 4458; x_wconf 68' lang='lat' dir='ltr'><strong>haec</strong></span> <span class='ocrx_word' id='word_1_598' title='bbox 517 4417 622 4456; x_wconf 88' lang='lat' dir='ltr'><strong>non</strong></span> <span class='ocrx_word' id='word_1_599' title='bbox 675 4403 977 4456; x_wconf 78' lang='lat' dir='ltr'><strong>halmerunt</strong></span> <span class='ocrx_word' id='word_1_600' title='bbox 1009 4401 1212 4454; x_wconf 78' lang='lat' dir='ltr'><strong>exitum</strong></span> <span class='ocrx_word' id='word_1_601' title='bbox 1270 4407 1484 4468; x_wconf 81' lang='lat' dir='ltr'><strong>prOpter</strong></span> <span class='ocrx_word' id='word_1_602' title='bbox 1506 4413 1750 4453; x_wconf 82' lang='lat' dir='ltr'><strong>commu-</strong></span> 
     </span>
    </p>
   </div>
   <div class='ocr_carea' id='block_1_74' title="bbox 190 4488 1746 4559">
    <p class='ocr_par' dir='ltr' id='par_1_74' title="bbox 190 4488 1746 4559">
     <span class='ocr_line' id='line_1_74' title="bbox 190 4488 1746 4559; baseline -0.007 -10"><span class='ocrx_word' id='word_1_603' title='bbox 190 4511 320 4549; x_wconf 97' lang='lat' dir='ltr'><strong>nem</strong></span> <span class='ocrx_word' id='word_1_604' title='bbox 360 4495 520 4548; x_wconf 81' lang='lat' dir='ltr'><strong>citius</strong></span> <span class='ocrx_word' id='word_1_605' title='bbox 550 4495 603 4545; x_wconf 91' lang='lat' dir='ltr'><strong>in</strong></span> <span class='ocrx_word' id='word_1_606' title='bbox 637 4507 737 4546; x_wconf 91' lang='lat' dir='ltr'><strong>nos</strong></span> <span class='ocrx_word' id='word_1_607' title='bbox 781 4493 1119 4559; x_wconf 85' lang='lat' dir='ltr'><strong>ingruentem</strong></span> <span class='ocrx_word' id='word_1_608' title='bbox 1177 4491 1566 4543; x_wconf 79' lang='lat' dir='ltr'><strong>calamitatem.</strong></span> <span class='ocrx_word' id='word_1_609' title='bbox 1603 4488 1746 4538; x_wconf 72' lang='lat' dir='ltr'><strong>[lur-</strong></span> 
     </span>
    </p>
   </div>
   <div class='ocr_carea' id='block_1_75' title="bbox 190 4580 1745 4651">
    <p class='ocr_par' dir='ltr' id='par_1_75' title="bbox 190 4580 1745 4651">
     <span class='ocr_line' id='line_1_75' title="bbox 190 4580 1745 4651; baseline -0.006 -9"><span class='ocrx_word' id='word_1_610' title='bbox 190 4603 289 4642; x_wconf 82' lang='lat' dir='ltr'><strong>sus</strong></span> <span class='ocrx_word' id='word_1_611' title='bbox 320 4586 449 4638; x_wconf 85' lang='lat' dir='ltr'><strong>mihi</strong></span> <span class='ocrx_word' id='word_1_612' title='bbox 484 4583 774 4638; x_wconf 80' lang='lat' dir='ltr'><strong>aﬂirmavit</strong></span> <span class='ocrx_word' id='word_1_613' title='bbox 804 4583 1123 4651; x_wconf 82' lang='lat' dir='ltr'><strong>imperator,</strong></span> <span class='ocrx_word' id='word_1_614' title='bbox 1149 4581 1326 4646; x_wconf 87' lang='lat' dir='ltr'><strong>etiam</strong></span> <span class='ocrx_word' id='word_1_615' title='bbox 1357 4581 1495 4634; x_wconf 80' lang='lat' dir='ltr'><strong>hanc</strong></span> <span class='ocrx_word' id='word_1_616' title='bbox 1517 4595 1578 4634; x_wconf 83' lang='lat' dir='ltr'><strong>se</strong></span> <span class='ocrx_word' id='word_1_617' title='bbox 1613 4580 1745 4632; x_wconf 84' lang='lat' dir='ltr'><strong>mihi</strong></span> 
     </span>
    </p>
   </div>
   <div class='ocr_carea' id='block_1_76' title="bbox 190 4672 1751 4745">
    <p class='ocr_par' dir='ltr' id='par_1_76' title="bbox 190 4672 1751 4745">
     <span class='ocr_line' id='line_1_76' title="bbox 190 4672 1751 4745; baseline -0.001 -19"><span class='ocrx_word' id='word_1_618' title='bbox 190 4676 426 4745; x_wconf 75' lang='lat' dir='ltr'><strong>gratiam</strong></span> <span class='ocrx_word' id='word_1_619' title='bbox 454 4676 730 4740; x_wconf 89' lang='lat' dir='ltr'><strong>daturum,</strong></span> <span class='ocrx_word' id='word_1_620' title='bbox 757 4681 813 4726; x_wconf 93' lang='lat' dir='ltr'><strong>ut</strong></span> <span class='ocrx_word' id='word_1_621' title='bbox 844 4673 1006 4725; x_wconf 81' lang='lat' dir='ltr'><strong>tiliam</strong></span> <span class='ocrx_word' id='word_1_622' title='bbox 1044 4686 1216 4725; x_wconf 86' lang='lat' dir='ltr'><strong>meam</strong></span> <span class='ocrx_word' id='word_1_623' title='bbox 1238 4672 1423 4739; x_wconf 79' lang='lat' dir='ltr'><strong>juveni</strong></span> <span class='ocrx_word' id='word_1_624' title='bbox 1456 4672 1751 4725; x_wconf 85' lang='lat' dir='ltr'><strong>collocaret</strong></span> 
     </span>
    </p>
   </div>
   <div class='ocr_carea' id='block_1_77' title="bbox 189 4762 1746 4832">
    <p class='ocr_par' dir='ltr' id='par_1_77' title="bbox 189 4762 1746 4832">
     <span class='ocr_line' id='line_1_77' title="bbox 189 4762 1746 4832; baseline -0.001 -14"><span class='ocrx_word' id='word_1_625' title='bbox 189 4766 418 4820; x_wconf 79' lang='lat' dir='ltr'><strong>Nicolao</strong></span> <span class='ocrx_word' id='word_1_626' title='bbox 443 4763 752 4829; x_wconf 77' lang='lat' dir='ltr'><strong>Melisseno,</strong></span> <span class='ocrx_word' id='word_1_627' title='bbox 787 4764 897 4832; x_wconf 81' lang='lat' dir='ltr'><strong>lilio</strong></span> <span class='ocrx_word' id='word_1_628' title='bbox 934 4763 1224 4831; x_wconf 79' lang='lat' dir='ltr'><strong>Nicephori</strong></span> <span class='ocrx_word' id='word_1_629' title='bbox 1260 4762 1554 4827; x_wconf 80' lang='lat' dir='ltr'><strong>Melisseni,</strong></span> <span class='ocrx_word' id='word_1_630' title='bbox 1585 4779 1746 4831; x_wconf 88' lang='lat' dir='ltr'><strong>quem</strong></span> 
     </span>
    </p>
   </div>
   <div class='ocr_carea' id='block_1_78' title="bbox 191 4855 1751 4926">
    <p class='ocr_par' dir='ltr' id='par_1_78' title="bbox 191 4855 1751 4926">
     <span class='ocr_line' id='line_1_78' title="bbox 191 4855 1751 4926; baseline -0.003 -13"><span class='ocrx_word' id='word_1_631' title='bbox 191 4859 579 4925; x_wconf 75' lang='lat' dir='ltr'><strong>Melissurgutn</strong></span> <span class='ocrx_word' id='word_1_632' title='bbox 635 4856 1112 4926; x_wconf 88' lang='lat' dir='ltr'><strong>cognominabant,</strong></span> <span class='ocrx_word' id='word_1_633' title='bbox 1177 4855 1356 4924; x_wconf 89' lang='lat' dir='ltr'><strong>magni</strong></span> <span class='ocrx_word' id='word_1_634' title='bbox 1393 4865 1751 4922; x_wconf 81' lang='lat' dir='ltr'><strong>pr0tostrato-</strong></span> 
     </span>
    </p>
   </div>
   <div class='ocr_carea' id='block_1_79' title="bbox 192 4947 1750 5017">
    <p class='ocr_par' dir='ltr' id='par_1_79' title="bbox 192 4947 1750 5017">
     <span class='ocr_line' id='line_1_79' title="bbox 192 4947 1750 5017; baseline -0.004 -11"><span class='ocrx_word' id='word_1_635' title='bbox 192 4955 298 5017; x_wconf 91' lang='lat' dir='ltr'><strong>ris,</strong></span> <span class='ocrx_word' id='word_1_636' title='bbox 334 4961 517 5012; x_wconf 87' lang='lat' dir='ltr'><strong>postea</strong></span> <span class='ocrx_word' id='word_1_637' title='bbox 552 4964 676 5003; x_wconf 84' lang='lat' dir='ltr'><strong>vero</strong></span> <span class='ocrx_word' id='word_1_638' title='bbox 714 4950 878 5002; x_wconf 87' lang='lat' dir='ltr'><strong>etiam</strong></span> <span class='ocrx_word' id='word_1_639' title='bbox 922 4947 1280 5016; x_wconf 82' lang='lat' dir='ltr'><strong>metropolitae</strong></span> <span class='ocrx_word' id='word_1_640' title='bbox 1315 4962 1537 5001; x_wconf 88' lang='lat' dir='ltr'><strong>munere</strong></span> <span class='ocrx_word' id='word_1_641' title='bbox 1555 4947 1750 5008; x_wconf 79' lang='lat' dir='ltr'><strong>functi,</strong></span> 
     </span>
    </p>
   </div>
   <div class='ocr_carea' id='block_1_80' title="bbox 190 5039 1751 5112">
    <p class='ocr_par' dir='ltr' id='par_1_80' title="bbox 190 5039 1751 5112">
     <span class='ocr_line' id='line_1_80' title="bbox 190 5039 1751 5112; baseline -0.003 -15"><span class='ocrx_word' id='word_1_642' title='bbox 190 5043 654 5112; x_wconf 85' lang='lat' dir='ltr'><strong>quemadmodum</strong></span> <span class='ocrx_word' id='word_1_643' title='bbox 687 5040 1036 5094; x_wconf 87' lang='lat' dir='ltr'><strong>historiarum</strong></span> <span class='ocrx_word' id='word_1_644' title='bbox 1077 5039 1213 5092; x_wconf 88' lang='lat' dir='ltr'><strong>libro</strong></span> <span class='ocrx_word' id='word_1_645' title='bbox 1241 5042 1475 5093; x_wconf 90' lang='lat' dir='ltr'><strong>secundo</strong></span> <span class='ocrx_word' id='word_1_646' title='bbox 1511 5053 1751 5094; x_wconf 90' lang='lat' dir='ltr'><strong>comme-</strong></span> 
     </span>
    </p>
   </div>
   <div class='ocr_carea' id='block_1_81' title="bbox 195 5131 1751 5202">
    <p class='ocr_par' dir='ltr' id='par_1_81' title="bbox 195 5131 1751 5202">
     <span class='ocr_line' id='line_1_81' title="bbox 195 5131 1751 5202; baseline -0.003 -13"><span class='ocrx_word' id='word_1_647' title='bbox 195 5136 573 5199; x_wconf 76' lang='lat' dir='ltr'><strong>moravimus;</strong></span> <span class='ocrx_word' id='word_1_648' title='bbox 632 5133 906 5202; x_wconf 86' lang='lat' dir='ltr'><strong>pollicitus</strong></span> <span class='ocrx_word' id='word_1_649' title='bbox 962 5133 1148 5194; x_wconf 86' lang='lat' dir='ltr'><strong>etiam,</strong></span> <span class='ocrx_word' id='word_1_650' title='bbox 1185 5131 1508 5185; x_wconf 80' lang='lat' dir='ltr'><strong>traditurum</strong></span> <span class='ocrx_word' id='word_1_651' title='bbox 1535 5147 1592 5186; x_wconf 83' lang='lat' dir='ltr'><strong>se</strong></span> <span class='ocrx_word' id='word_1_652' title='bbox 1620 5132 1751 5184; x_wconf 90' lang='lat' dir='ltr'><strong>mihi</strong></span> 
     </span>
    </p>
   </div>
   <div class='ocr_carea' id='block_1_82' title="bbox 192 5221 1754 5294">
    <p class='ocr_par' dir='ltr' id='par_1_82' title="bbox 192 5221 1754 5294">
     <span class='ocr_line' id='line_1_82' title="bbox 192 5221 1754 5294; baseline -0.004 -14"><span class='ocrx_word' id='word_1_653' title='bbox 192 5227 483 5289; x_wconf 76' lang='lat' dir='ltr'><strong>vicariam,</strong></span> <span class='ocrx_word' id='word_1_654' title='bbox 513 5225 670 5294; x_wconf 72' lang='lat' dir='ltr'><strong>cuius</strong></span> <span class='ocrx_word' id='word_1_655' title='bbox 702 5233 829 5278; x_wconf 79' lang='lat' dir='ltr'><strong>ante</strong></span> <span class='ocrx_word' id='word_1_656' title='bbox 875 5224 1207 5277; x_wconf 82' lang='lat' dir='ltr'><strong>mentionem</strong></span> <span class='ocrx_word' id='word_1_657' title='bbox 1239 5221 1488 5289; x_wconf 76' lang='lat' dir='ltr'><strong>fecimus,</strong></span> <span class='ocrx_word' id='word_1_658' title='bbox 1523 5223 1754 5275; x_wconf 84' lang='lat' dir='ltr'><strong>admini-</strong></span> 
     </span>
    </p>
   </div>
   <div class='ocr_carea' id='block_1_83' title="bbox 192 5315 1752 5386">
    <p class='ocr_par' dir='ltr' id='par_1_83' title="bbox 192 5315 1752 5386">
     <span class='ocr_line' id='line_1_83' title="bbox 192 5315 1752 5386; baseline -0.005 -12"><span class='ocrx_word' id='word_1_659' title='bbox 192 5321 513 5376; x_wconf 82' lang='lat' dir='ltr'><strong>strationem</strong></span> <span class='ocrx_word' id='word_1_660' title='bbox 539 5319 781 5372; x_wconf 88' lang='lat' dir='ltr'><strong>locorum</strong></span> <span class='ocrx_word' id='word_1_661' title='bbox 812 5316 933 5386; x_wconf 85' lang='lat' dir='ltr'><strong>ejus</strong></span> <span class='ocrx_word' id='word_1_662' title='bbox 965 5315 1420 5386; x_wconf 87' lang='lat' dir='ltr'><strong>oppidorumque,</strong></span> <span class='ocrx_word' id='word_1_663' title='bbox 1445 5330 1563 5382; x_wconf 69' lang='lat' dir='ltr'><strong>qua:</strong></span> <span class='ocrx_word' id='word_1_664' title='bbox 1592 5315 1752 5366; x_wconf 61' lang='lat' dir='ltr'><strong>habeo</strong></span> 
     </span>
    </p>
   </div>
   <div class='ocr_carea' id='block_1_84' title="bbox 193 5408 1751 5482">
    <p class='ocr_par' dir='ltr' id='par_1_84' title="bbox 193 5408 1751 5482">
     <span class='ocr_line' id='line_1_84' title="bbox 193 5408 1751 5482; baseline -0.006 -14"><span class='ocrx_word' id='word_1_665' title='bbox 193 5429 312 5468; x_wconf 73' lang='lat' dir='ltr'><strong>rem</strong></span> <span class='ocrx_word' id='word_1_666' title='bbox 369 5422 424 5466; x_wconf 84' lang='lat' dir='ltr'><strong>et</strong></span> <span class='ocrx_word' id='word_1_667' title='bbox 483 5425 852 5482; x_wconf 84' lang='lat' dir='ltr'><strong>procurarcm,</strong></span> <span class='ocrx_word' id='word_1_668' title='bbox 913 5410 1090 5464; x_wconf 89' lang='lat' dir='ltr'><strong>donec</strong></span> <span class='ocrx_word' id='word_1_669' title='bbox 1143 5409 1248 5462; x_wconf 76' lang='lat' dir='ltr'><strong>tilia</strong></span> <span class='ocrx_word' id='word_1_670' title='bbox 1319 5423 1438 5462; x_wconf 89' lang='lat' dir='ltr'><strong>mea</strong></span> <span class='ocrx_word' id='word_1_671' title='bbox 1483 5408 1751 5461; x_wconf 83' lang='lat' dir='ltr'><strong>decimum</strong></span> 
     </span>
    </p>
   </div>
   <div class='ocr_carea' id='block_1_85' title="bbox 191 5501 1753 5575">
    <p class='ocr_par' dir='ltr' id='par_1_85' title="bbox 191 5501 1753 5575">
     <span class='ocr_line' id='line_1_85' title="bbox 191 5501 1753 5575; baseline -0.005 -15"><span class='ocrx_word' id='word_1_672' title='bbox 191 5517 452 5575; x_wconf 85' lang='lat' dir='ltr'><strong>quartum</strong></span> <span class='ocrx_word' id='word_1_673' title='bbox 478 5520 680 5559; x_wconf 83' lang='lat' dir='ltr'><strong>annum</strong></span> <span class='ocrx_word' id='word_1_674' title='bbox 717 5503 983 5572; x_wconf 79' lang='lat' dir='ltr'><strong>attigisset</strong></span> <span class='ocrx_word' id='word_1_675' title='bbox 1014 5515 1068 5555; x_wconf 88' lang='lat' dir='ltr'><strong>et</strong></span> <span class='ocrx_word' id='word_1_676' title='bbox 1091 5503 1290 5569; x_wconf 72' lang='lat' dir='ltr'><strong>nuptiae</strong></span> <span class='ocrx_word' id='word_1_677' title='bbox 1331 5503 1543 5555; x_wconf 83' lang='lat' dir='ltr'><strong>ﬂerent.</strong></span> <span class='ocrx_word' id='word_1_678' title='bbox 1578 5501 1753 5566; x_wconf 77' lang='lat' dir='ltr'><strong>Atque</strong></span> 
     </span>
    </p>
   </div>
   <div class='ocr_carea' id='block_1_86' title="bbox 193 5591 1751 5663">
    <p class='ocr_par' dir='ltr' id='par_1_86' title="bbox 193 5591 1751 5663">
     <span class='ocr_line' id='line_1_86' title="bbox 193 5591 1751 5663; baseline -0.006 -11"><span class='ocrx_word' id='word_1_679' title='bbox 193 5602 303 5653; x_wconf 90' lang='lat' dir='ltr'><strong>hoc</strong></span> <span class='ocrx_word' id='word_1_680' title='bbox 352 5598 479 5651; x_wconf 91' lang='lat' dir='ltr'><strong>illud</strong></span> <span class='ocrx_word' id='word_1_681' title='bbox 525 5596 647 5661; x_wconf 79' lang='lat' dir='ltr'><strong>fuit,</strong></span> <span class='ocrx_word' id='word_1_682' title='bbox 707 5597 760 5648; x_wconf 90' lang='lat' dir='ltr'><strong>in</strong></span> <span class='ocrx_word' id='word_1_683' title='bbox 787 5610 895 5663; x_wconf 92' lang='lat' dir='ltr'><strong>quo</strong></span> <span class='ocrx_word' id='word_1_684' title='bbox 945 5593 1239 5662; x_wconf 77' lang='lat' dir='ltr'><strong>legationes</strong></span> <span class='ocrx_word' id='word_1_685' title='bbox 1285 5601 1337 5645; x_wconf 90' lang='lat' dir='ltr'><strong>et</strong></span> <span class='ocrx_word' id='word_1_686' title='bbox 1392 5591 1581 5644; x_wconf 86' lang='lat' dir='ltr'><strong>itinera</strong></span> <span class='ocrx_word' id='word_1_687' title='bbox 1638 5606 1751 5642; x_wconf 76' lang='lat' dir='ltr'><strong>mea</strong></span> 
     </span>
    </p>
   </div>
   <div class='ocr_carea' id='block_1_87' title="bbox 193 5682 1748 5754">
    <p class='ocr_par' dir='ltr' id='par_1_87' title="bbox 193 5682 1748 5754">
     <span class='ocr_line' id='line_1_87' title="bbox 193 5682 1748 5754; baseline -0.008 -8"><span class='ocrx_word' id='word_1_688' title='bbox 193 5695 358 5746; x_wconf 83' lang='lat' dir='ltr'><strong>tinem</strong></span> <span class='ocrx_word' id='word_1_689' title='bbox 415 5705 536 5744; x_wconf 89' lang='lat' dir='ltr'><strong>esse</strong></span> <span class='ocrx_word' id='word_1_690' title='bbox 596 5689 844 5742; x_wconf 87' lang='lat' dir='ltr'><strong>habitura</strong></span> <span class='ocrx_word' id='word_1_691' title='bbox 901 5687 1198 5754; x_wconf 86' lang='lat' dir='ltr'><strong>imperator</strong></span> <span class='ocrx_word' id='word_1_692' title='bbox 1250 5683 1554 5736; x_wconf 79' lang='lat' dir='ltr'><strong>aﬂirmavit.</strong></span> <span class='ocrx_word' id='word_1_693' title='bbox 1607 5682 1748 5734; x_wconf 75' lang='lat' dir='ltr'><strong>idem</strong></span> 
     </span>
    </p>
   </div>
   <div class='ocr_carea' id='block_1_88' title="bbox 194 5777 1750 5847">
    <p class='ocr_par' dir='ltr' id='par_1_88' title="bbox 194 5777 1750 5847">
     <span class='ocr_line' id='line_1_88' title="bbox 194 5777 1750 5847; baseline -0.006 -10"><span class='ocrx_word' id='word_1_694' title='bbox 194 5783 508 5846; x_wconf 75' lang='lat' dir='ltr'><strong>Iuiltidixit,</strong></span> <span class='ocrx_word' id='word_1_695' title='bbox 527 5783 659 5836; x_wconf 82' lang='lat' dir='ltr'><strong>velle</strong></span> <span class='ocrx_word' id='word_1_696' title='bbox 678 5782 808 5836; x_wconf 92' lang='lat' dir='ltr'><strong>sein</strong></span> <span class='ocrx_word' id='word_1_697' title='bbox 837 5780 1262 5847; x_wconf 75' lang='lat' dir='ltr'><strong>Peloponnesum</strong></span> <span class='ocrx_word' id='word_1_698' title='bbox 1291 5777 1452 5829; x_wconf 82' lang='lat' dir='ltr'><strong>alium</strong></span> <span class='ocrx_word' id='word_1_699' title='bbox 1474 5791 1508 5822; x_wconf 59' lang='grc' dir='ltr'><strong>ρ</strong></span> <span class='ocrx_word' id='word_1_700' title='bbox 1534 5777 1750 5828; x_wconf 68' lang='grc' dir='ltr'>δειιίὶμιε</span> 
     </span>
    </p>
   </div>
   <div class='ocr_carea' id='block_1_89' title="bbox 1845 3393 3401 3465">
    <p class='ocr_par' dir='ltr' id='par_1_89' title="bbox 1845 3393 3401 3465">
     <span class='ocr_line' id='line_1_89' title="bbox 1845 3393 3401 3465; baseline -0.005 -13"><span class='ocrx_word' id='word_1_701' title='bbox 1845 3399 2163 3465; x_wconf 87' lang='lat' dir='ltr'><strong>Optimatttm</strong></span> <span class='ocrx_word' id='word_1_702' title='bbox 2221 3397 2455 3462; x_wconf 86' lang='lat' dir='ltr'><strong>mittere,</strong></span> <span class='ocrx_word' id='word_1_703' title='bbox 2484 3396 2575 3464; x_wconf 91' lang='lat' dir='ltr'><strong>qui</strong></span> <span class='ocrx_word' id='word_1_704' title='bbox 2607 3396 2715 3450; x_wconf 92' lang='lat' dir='ltr'><strong>illic</strong></span> <span class='ocrx_word' id='word_1_705' title='bbox 2773 3411 2882 3459; x_wconf 87' lang='lat' dir='ltr'><strong>res,</strong></span> <span class='ocrx_word' id='word_1_706' title='bbox 2923 3395 2990 3448; x_wconf 89' lang='lat' dir='ltr'><strong>de</strong></span> <span class='ocrx_word' id='word_1_707' title='bbox 3023 3394 3222 3462; x_wconf 89' lang='lat' dir='ltr'><strong>quibus</strong></span> <span class='ocrx_word' id='word_1_708' title='bbox 3261 3393 3401 3445; x_wconf 74' lang='lat' dir='ltr'><strong>dixi-</strong></span> 
     </span>
    </p>
   </div>
   <div class='ocr_carea' id='block_1_90' title="bbox 1846 3484 3403 3556">
    <p class='ocr_par' dir='ltr' id='par_1_90' title="bbox 1846 3484 3403 3556">
     <span class='ocr_line' id='line_1_90' title="bbox 1846 3484 3403 3556; baseline -0.004 -13"><span class='ocrx_word' id='word_1_709' title='bbox 1846 3506 1988 3550; x_wconf 90' lang='lat' dir='ltr'><strong>mus,</strong></span> <span class='ocrx_word' id='word_1_710' title='bbox 2018 3504 2140 3543; x_wconf 91' lang='lat' dir='ltr'><strong>cum</strong></span> <span class='ocrx_word' id='word_1_711' title='bbox 2175 3488 2430 3542; x_wconf 80' lang='lat' dir='ltr'><strong>fratribus</strong></span> <span class='ocrx_word' id='word_1_712' title='bbox 2453 3497 2858 3556; x_wconf 88' lang='lat' dir='ltr'><strong>componerent,</strong></span> <span class='ocrx_word' id='word_1_713' title='bbox 2883 3498 2936 3541; x_wconf 91' lang='lat' dir='ltr'><strong>et</strong></span> <span class='ocrx_word' id='word_1_714' title='bbox 2969 3484 3198 3539; x_wconf 81' lang='lat' dir='ltr'><strong>referret</strong></span> <span class='ocrx_word' id='word_1_715' title='bbox 3230 3485 3294 3536; x_wconf 89' lang='lat' dir='ltr'><strong>ad</strong></span> <span class='ocrx_word' id='word_1_716' title='bbox 3321 3498 3403 3545; x_wconf 87' lang='lat' dir='ltr'><strong>se,</strong></span> 
     </span>
    </p>
   </div>
   <div class='ocr_carea' id='block_1_91' title="bbox 1845 3576 3402 3651">
    <p class='ocr_par' dir='ltr' id='par_1_91' title="bbox 1845 3576 3402 3651">
     <span class='ocr_line' id='line_1_91' title="bbox 1845 3576 3402 3651; baseline -0.004 -17"><span class='ocrx_word' id='word_1_717' title='bbox 1845 3582 1973 3651; x_wconf 89' lang='lat' dir='ltr'><strong>quid</strong></span> <span class='ocrx_word' id='word_1_718' title='bbox 2007 3581 2146 3634; x_wconf 81' lang='lat' dir='ltr'><strong>facto</strong></span> <span class='ocrx_word' id='word_1_719' title='bbox 2177 3595 2312 3648; x_wconf 92' lang='lat' dir='ltr'><strong>opus</strong></span> <span class='ocrx_word' id='word_1_720' title='bbox 2343 3589 2514 3634; x_wconf 90' lang='lat' dir='ltr'><strong>esset:</strong></span> <span class='ocrx_word' id='word_1_721' title='bbox 2552 3580 2743 3648; x_wconf 88' lang='lat' dir='ltr'><strong>quodsi</strong></span> <span class='ocrx_word' id='word_1_722' title='bbox 2806 3595 2909 3631; x_wconf 90' lang='lat' dir='ltr'><strong>non</strong></span> <span class='ocrx_word' id='word_1_723' title='bbox 2949 3587 3130 3646; x_wconf 80' lang='lat' dir='ltr'><strong>posset</strong></span> <span class='ocrx_word' id='word_1_724' title='bbox 3165 3576 3402 3646; x_wconf 91' lang='lat' dir='ltr'><strong>primum</strong></span> 
     </span>
    </p>
   </div>
   <div class='ocr_carea' id='block_1_92' title="bbox 1847 3667 3404 3740">
    <p class='ocr_par' dir='ltr' id='par_1_92' title="bbox 1847 3667 3404 3740">
     <span class='ocr_line' id='line_1_92' title="bbox 1847 3667 3404 3740; baseline -0.006 -13"><span class='ocrx_word' id='word_1_725' title='bbox 1847 3682 2004 3740; x_wconf 84' lang='lat' dir='ltr'><strong>caput</strong></span> <span class='ocrx_word' id='word_1_726' title='bbox 2030 3673 2297 3736; x_wconf 88' lang='lat' dir='ltr'><strong>obtinere,</strong></span> <span class='ocrx_word' id='word_1_727' title='bbox 2327 3669 2570 3724; x_wconf 87' lang='lat' dir='ltr'><strong>obtinere</strong></span> <span class='ocrx_word' id='word_1_728' title='bbox 2604 3669 2860 3722; x_wconf 88' lang='lat' dir='ltr'><strong>niteretur</strong></span> <span class='ocrx_word' id='word_1_729' title='bbox 2887 3667 3208 3740; x_wconf 81' lang='lat' dir='ltr'><strong>secundum,</strong></span> <span class='ocrx_word' id='word_1_730' title='bbox 3245 3674 3404 3733; x_wconf 88' lang='lat' dir='ltr'><strong>atque</strong></span> 
     </span>
    </p>
   </div>
   <div class='ocr_carea' id='block_1_93' title="bbox 1849 3762 3402 3834">
    <p class='ocr_par' dir='ltr' id='par_1_93' title="bbox 1849 3762 3402 3834">
     <span class='ocr_line' id='line_1_93' title="bbox 1849 3762 3402 3834; baseline -0.005 -15"><span class='ocrx_word' id='word_1_731' title='bbox 1849 3767 1918 3819; x_wconf 85' lang='lat' dir='ltr'><strong>ita</strong></span> <span class='ocrx_word' id='word_1_732' title='bbox 1957 3766 2211 3834; x_wconf 90' lang='lat' dir='ltr'><strong>deinceps</strong></span> <span class='ocrx_word' id='word_1_733' title='bbox 2244 3775 2336 3819; x_wconf 85' lang='lat' dir='ltr'><strong>aut</strong></span> <span class='ocrx_word' id='word_1_734' title='bbox 2367 3765 2604 3827; x_wconf 86' lang='lat' dir='ltr'><strong>tertium,</strong></span> <span class='ocrx_word' id='word_1_735' title='bbox 2634 3775 2730 3818; x_wconf 91' lang='lat' dir='ltr'><strong>aut</strong></span> <span class='ocrx_word' id='word_1_736' title='bbox 2763 3773 3038 3832; x_wconf 88' lang='lat' dir='ltr'><strong>quartum,</strong></span> <span class='ocrx_word' id='word_1_737' title='bbox 3067 3771 3183 3826; x_wconf 87' lang='lat' dir='ltr'><strong>aut,</strong></span> <span class='ocrx_word' id='word_1_738' title='bbox 3227 3762 3271 3814; x_wconf 85' lang='lat' dir='ltr'><strong>si</strong></span> <span class='ocrx_word' id='word_1_739' title='bbox 3310 3776 3402 3812; x_wconf 91' lang='lat' dir='ltr'><strong>ne-</strong></span> 
     </span>
    </p>
   </div>
   <div class='ocr_carea' id='block_1_94' title="bbox 1849 3850 3403 3924">
    <p class='ocr_par' dir='ltr' id='par_1_94' title="bbox 1849 3850 3403 3924">
     <span class='ocr_line' id='line_1_94' title="bbox 1849 3850 3403 3924; baseline -0.006 -14"><span class='ocrx_word' id='word_1_740' title='bbox 1849 3858 2071 3911; x_wconf 77' lang='lat' dir='ltr'><strong>CCSSilaS</strong></span> <span class='ocrx_word' id='word_1_741' title='bbox 2104 3855 2638 3924; x_wconf 77' lang='lat' dir='ltr'><strong>cogeret,qttintum.</strong></span> <span class='ocrx_word' id='word_1_742' title='bbox 2677 3853 2920 3906; x_wconf 82' lang='lat' dir='ltr'><strong>Rursus:</strong></span> <span class='ocrx_word' id='word_1_743' title='bbox 2955 3852 3086 3904; x_wconf 67' lang='lat' dir='ltr'><strong>«Sed</strong></span> <span class='ocrx_word' id='word_1_744' title='bbox 3114 3852 3183 3916; x_wconf 91' lang='lat' dir='ltr'><strong>si,</strong></span> <span class='ocrx_word' id='word_1_745' title='bbox 3207 3850 3403 3919; x_wconf 87' lang='lat' dir='ltr'><strong>inquit,</strong></span> 
     </span>
    </p>
   </div>
   <div class='ocr_carea' id='block_1_95' title="bbox 1848 3941 3410 4015">
    <p class='ocr_par' dir='ltr' id='par_1_95' title="bbox 1848 3941 3410 4015">
     <span class='ocr_line' id='line_1_95' title="bbox 1848 3941 3410 4015; baseline -0.006 -13"><span class='ocrx_word' id='word_1_746' title='bbox 1848 3949 2010 4002; x_wconf 89' lang='lat' dir='ltr'><strong>alium</strong></span> <span class='ocrx_word' id='word_1_747' title='bbox 2042 3955 2236 4015; x_wconf 61' lang='lat' dir='ltr'><strong>praeter</strong></span> <span class='ocrx_word' id='word_1_748' title='bbox 2280 3956 2330 4001; x_wconf 89' lang='lat' dir='ltr'><strong>te</strong></span> <span class='ocrx_word' id='word_1_749' title='bbox 2363 3948 2582 4010; x_wconf 84' lang='lat' dir='ltr'><strong>misero,</strong></span> <span class='ocrx_word' id='word_1_750' title='bbox 2615 3957 2816 4009; x_wconf 84' lang='lat' dir='ltr'><strong>metuo,</strong></span> <span class='ocrx_word' id='word_1_751' title='bbox 2863 3954 2921 3997; x_wconf 91' lang='lat' dir='ltr'><strong>ttt</strong></span> <span class='ocrx_word' id='word_1_752' title='bbox 2956 3944 3001 3997; x_wconf 90' lang='lat' dir='ltr'><strong>is</strong></span> <span class='ocrx_word' id='word_1_753' title='bbox 3039 3944 3274 3997; x_wconf 84' lang='lat' dir='ltr'><strong>debitam</strong></span> <span class='ocrx_word' id='word_1_754' title='bbox 3310 3941 3410 3993; x_wconf 80' lang='lat' dir='ltr'><strong>nti-</strong></span> 
     </span>
    </p>
   </div>
   <div class='ocr_carea' id='block_1_96' title="bbox 1850 4033 3408 4106">
    <p class='ocr_par' dir='ltr' id='par_1_96' title="bbox 1850 4033 3408 4106">
     <span class='ocr_line' id='line_1_96' title="bbox 1850 4033 3408 4106; baseline -0.006 -13"><span class='ocrx_word' id='word_1_755' title='bbox 1850 4041 1899 4093; x_wconf 90' lang='lat' dir='ltr'><strong>lti</strong></span> <span class='ocrx_word' id='word_1_756' title='bbox 1925 4039 2346 4093; x_wconf 86' lang='lat' dir='ltr'><strong>benevolentiam</strong></span> <span class='ocrx_word' id='word_1_757' title='bbox 2384 4045 2438 4091; x_wconf 91' lang='lat' dir='ltr'><strong>et</strong></span> <span class='ocrx_word' id='word_1_758' title='bbox 2465 4038 2621 4090; x_wconf 82' lang='lat' dir='ltr'><strong>(idem</strong></span> <span class='ocrx_word' id='word_1_759' title='bbox 2654 4046 2890 4106; x_wconf 69' lang='lat' dir='ltr'><strong>praestet,</strong></span> <span class='ocrx_word' id='word_1_760' title='bbox 2935 4051 3067 4088; x_wconf 83' lang='lat' dir='ltr'><strong>neve</strong></span> <span class='ocrx_word' id='word_1_761' title='bbox 3095 4051 3219 4087; x_wconf 86' lang='lat' dir='ltr'><strong>eum</strong></span> <span class='ocrx_word' id='word_1_762' title='bbox 3259 4033 3408 4085; x_wconf 80' lang='lat' dir='ltr'><strong>deci-</strong></span> 
     </span>
    </p>
   </div>
   <div class='ocr_carea' id='block_1_97' title="bbox 1849 4125 3404 4201">
    <p class='ocr_par' dir='ltr' id='par_1_97' title="bbox 1849 4125 3404 4201">
     <span class='ocr_line' id='line_1_97' title="bbox 1849 4125 3404 4201; baseline -0.007 -17"><span class='ocrx_word' id='word_1_763' title='bbox 1849 4132 2000 4201; x_wconf 87' lang='lat' dir='ltr'><strong>piant</strong></span> <span class='ocrx_word' id='word_1_764' title='bbox 2061 4131 2320 4198; x_wconf 70' lang='lat' dir='ltr'><strong>despotae,</strong></span> <span class='ocrx_word' id='word_1_765' title='bbox 2379 4127 2577 4181; x_wconf 81' lang='lat' dir='ltr'><strong>fratres</strong></span> <span class='ocrx_word' id='word_1_766' title='bbox 2624 4128 2751 4189; x_wconf 90' lang='lat' dir='ltr'><strong>mei,</strong></span> <span class='ocrx_word' id='word_1_767' title='bbox 2813 4142 2906 4194; x_wconf 87' lang='lat' dir='ltr'><strong>per</strong></span> <span class='ocrx_word' id='word_1_768' title='bbox 2940 4125 3136 4179; x_wconf 87' lang='lat' dir='ltr'><strong>bullam</strong></span> <span class='ocrx_word' id='word_1_769' title='bbox 3187 4137 3404 4176; x_wconf 84' lang='lat' dir='ltr'><strong>auream</strong></span> 
     </span>
    </p>
   </div>
   <div class='ocr_carea' id='block_1_98' title="bbox 1851 4212 3408 4288">
    <p class='ocr_par' dir='ltr' id='par_1_98' title="bbox 1851 4212 3408 4288">
     <span class='ocr_line' id='line_1_98' title="bbox 1851 4212 3408 4288; baseline -0.005 -14"><span class='ocrx_word' id='word_1_770' title='bbox 1851 4225 2027 4276; x_wconf 90' lang='lat' dir='ltr'><strong>vicum</strong></span> <span class='ocrx_word' id='word_1_771' title='bbox 2078 4221 2309 4288; x_wconf 85' lang='lat' dir='ltr'><strong>aliquem</strong></span> <span class='ocrx_word' id='word_1_772' title='bbox 2373 4219 2456 4271; x_wconf 90' lang='lat' dir='ltr'><strong>vel</strong></span> <span class='ocrx_word' id='word_1_773' title='bbox 2494 4216 2767 4286; x_wconf 81' lang='lat' dir='ltr'><strong>regionem</strong></span> <span class='ocrx_word' id='word_1_774' title='bbox 2816 4215 2918 4284; x_wconf 93' lang='lat' dir='ltr'><strong>ipsi</strong></span> <span class='ocrx_word' id='word_1_775' title='bbox 2996 4223 3049 4267; x_wconf 91' lang='lat' dir='ltr'><strong>et</strong></span> <span class='ocrx_word' id='word_1_776' title='bbox 3100 4212 3408 4266; x_wconf 61' lang='lat' dir='ltr'><strong>hasredihus</strong></span> 
     </span>
    </p>
   </div>
   <div class='ocr_carea' id='block_1_99' title="bbox 1850 4309 3410 4381">
    <p class='ocr_par' dir='ltr' id='par_1_99' title="bbox 1850 4309 3410 4381">
     <span class='ocr_line' id='line_1_99' title="bbox 1850 4309 3410 4381; baseline -0.01 -12"><span class='ocrx_word' id='word_1_777' title='bbox 1850 4314 2103 4381; x_wconf 88' lang='lat' dir='ltr'><strong>deinceps</strong></span> <span class='ocrx_word' id='word_1_778' title='bbox 2154 4310 2410 4381; x_wconf 84' lang='lat' dir='ltr'><strong>polliciti:</strong></span> <span class='ocrx_word' id='word_1_779' title='bbox 2445 4325 2552 4379; x_wconf 91' lang='lat' dir='ltr'><strong>qua</strong></span> <span class='ocrx_word' id='word_1_780' title='bbox 2607 4309 2694 4362; x_wconf 91' lang='lat' dir='ltr'><strong>ille</strong></span> <span class='ocrx_word' id='word_1_781' title='bbox 2727 4323 2783 4361; x_wconf 90' lang='lat' dir='ltr'><strong>re</strong></span> <span class='ocrx_word' id='word_1_782' title='bbox 2814 4315 3142 4369; x_wconf 77' lang='lat' dir='ltr'><strong>commotus,</strong></span> <span class='ocrx_word' id='word_1_783' title='bbox 3170 4313 3410 4371; x_wconf 86' lang='lat' dir='ltr'><strong>quatuor</strong></span> 
     </span>
    </p>
   </div>
   <div class='ocr_carea' id='block_1_100' title="bbox 1852 4392 3407 4472">
    <p class='ocr_par' dir='ltr' id='par_1_100' title="bbox 1852 4392 3407 4472">
     <span class='ocr_line' id='line_1_100' title="bbox 1852 4392 3407 4472; baseline -0.008 -16"><span class='ocrx_word' id='word_1_784' title='bbox 1852 4405 2119 4472; x_wconf 85' lang='lat' dir='ltr'><strong>capitibus</strong></span> <span class='ocrx_word' id='word_1_785' title='bbox 2145 4401 2361 4470; x_wconf 85' lang='lat' dir='ltr'><strong>rejectis</strong></span> <span class='ocrx_word' id='word_1_786' title='bbox 2385 4437 2399 4459; x_wconf 88' lang='lat'><em>.</em></span> <span class='ocrx_word' id='word_1_787' title='bbox 2431 4400 2496 4452; x_wconf 90' lang='lat' dir='ltr'><strong>de</strong></span> <span class='ocrx_word' id='word_1_788' title='bbox 2533 4399 2648 4452; x_wconf 90' lang='lat' dir='ltr'><strong>solo</strong></span> <span class='ocrx_word' id='word_1_789' title='bbox 2678 4397 2871 4466; x_wconf 91' lang='lat' dir='ltr'><strong>quinto</strong></span> <span class='ocrx_word' id='word_1_790' title='bbox 2899 4403 3056 4463; x_wconf 80' lang='lat' dir='ltr'><strong>agat:</strong></span> <span class='ocrx_word' id='word_1_791' title='bbox 3096 4394 3237 4462; x_wconf 85' lang='lat' dir='ltr'><strong>quod</strong></span> <span class='ocrx_word' id='word_1_792' title='bbox 3276 4392 3407 4445; x_wconf 87' lang='lat' dir='ltr'><strong>mihi</strong></span> 
     </span>
    </p>
   </div>
   <div class='ocr_carea' id='block_1_101' title="bbox 1809 4486 3413 4582">
    <p class='ocr_par' dir='ltr' id='par_1_101' title="bbox 1809 4486 3413 4582">
     <span class='ocr_line' id='line_1_101' title="bbox 1809 4486 3413 4582; baseline -0.009 -33"><span class='ocrx_word' id='word_1_793' title='bbox 1809 4540 1824 4582; x_wconf 75' lang='grc'><strong>,</strong></span> <span class='ocrx_word' id='word_1_794' title='bbox 1855 4494 2295 4549; x_wconf 88' lang='lat' dir='ltr'><strong>molestissimum</strong></span> <span class='ocrx_word' id='word_1_795' title='bbox 2327 4489 2620 4543; x_wconf 87' lang='lat' dir='ltr'><strong>accideret.</strong></span> <span class='ocrx_word' id='word_1_796' title='bbox 2660 4489 2923 4542; x_wconf 68' lang='lat' dir='ltr'><strong>Pra‘terea</strong></span> <span class='ocrx_word' id='word_1_797' title='bbox 2952 4486 3059 4539; x_wconf 90' lang='lat' dir='ltr'><strong>scis</strong></span> <span class='ocrx_word' id='word_1_798' title='bbox 3091 4487 3204 4553; x_wconf 90' lang='lat' dir='ltr'><strong>ipse</strong></span> <span class='ocrx_word' id='word_1_799' title='bbox 3225 4525 3237 4546; x_wconf 89' lang='lat'><strong>,</strong></span> <span class='ocrx_word' id='word_1_800' title='bbox 3275 4499 3302 4536; x_wconf 73' lang='grc' dir='ltr'><strong>ιι</strong></span> <span class='ocrx_word' id='word_1_801' title='bbox 3331 4501 3413 4535; x_wconf 85' lang='lat' dir='ltr'><strong>re-</strong></span> 
     </span>
    </p>
   </div>
   <div class='ocr_carea' id='block_1_102' title="bbox 1854 4574 3407 4654">
    <p class='ocr_par' dir='ltr' id='par_1_102' title="bbox 1854 4574 3407 4654">
     <span class='ocr_line' id='line_1_102' title="bbox 1854 4574 3407 4654; baseline -0.007 -19"><span class='ocrx_word' id='word_1_802' title='bbox 1854 4586 1975 4654; x_wconf 79' lang='lat' dir='ltr'><strong>gina</strong></span> <span class='ocrx_word' id='word_1_803' title='bbox 2011 4583 2192 4653; x_wconf 86' lang='lat' dir='ltr'><strong>Cypri,</strong></span> <span class='ocrx_word' id='word_1_804' title='bbox 2227 4589 2454 4650; x_wconf 82' lang='lat' dir='ltr'><strong>cognata</strong></span> <span class='ocrx_word' id='word_1_805' title='bbox 2474 4594 2612 4643; x_wconf 86' lang='lat' dir='ltr'><strong>mea,</strong></span> <span class='ocrx_word' id='word_1_806' title='bbox 2640 4579 2705 4631; x_wconf 88' lang='lat' dir='ltr'><strong>ad</strong></span> <span class='ocrx_word' id='word_1_807' title='bbox 2727 4593 2811 4630; x_wconf 91' lang='lat' dir='ltr'><strong>me</strong></span> <span class='ocrx_word' id='word_1_808' title='bbox 2834 4577 3059 4629; x_wconf 90' lang='lat' dir='ltr'><strong>missum</strong></span> <span class='ocrx_word' id='word_1_809' title='bbox 3083 4574 3407 4626; x_wconf 85' lang='lat' dir='ltr'><strong>monachum</strong></span> 
     </span>
    </p>
   </div>
   <div class='ocr_carea' id='block_1_103' title="bbox 1855 4664 3409 4741">
    <p class='ocr_par' dir='ltr' id='par_1_103' title="bbox 1855 4664 3409 4741">
     <span class='ocr_line' id='line_1_103' title="bbox 1855 4664 3409 4741; baseline -0.01 -11"><span class='ocrx_word' id='word_1_810' title='bbox 1855 4677 2075 4737; x_wconf 82' lang='lat' dir='ltr'><strong>dixisse,</strong></span> <span class='ocrx_word' id='word_1_811' title='bbox 2094 4685 2171 4740; x_wconf 89' lang='lat' dir='ltr'><strong>ut,</strong></span> <span class='ocrx_word' id='word_1_812' title='bbox 2194 4688 2317 4727; x_wconf 87' lang='lat' dir='ltr'><strong>cum</strong></span> <span class='ocrx_word' id='word_1_813' title='bbox 2341 4673 2524 4741; x_wconf 80' lang='lat' dir='ltr'><strong>regina</strong></span> <span class='ocrx_word' id='word_1_814' title='bbox 2548 4685 2653 4722; x_wconf 93' lang='lat' dir='ltr'><strong>non</strong></span> <span class='ocrx_word' id='word_1_815' title='bbox 2680 4668 2900 4721; x_wconf 82' lang='lat' dir='ltr'><strong>haberet</strong></span> <span class='ocrx_word' id='word_1_816' title='bbox 2937 4666 3212 4719; x_wconf 81' lang='lat' dir='ltr'><strong>hominem</strong></span> <span class='ocrx_word' id='word_1_817' title='bbox 3246 4664 3409 4716; x_wconf 89' lang='lat' dir='ltr'><strong>tidum</strong></span> 
     </span>
    </p>
   </div>
   <div class='ocr_carea' id='block_1_104' title="bbox 1854 4757 3411 4837">
    <p class='ocr_par' dir='ltr' id='par_1_104' title="bbox 1854 4757 3411 4837">
     <span class='ocr_line' id='line_1_104' title="bbox 1854 4757 3411 4837; baseline -0.011 -15"><span class='ocrx_word' id='word_1_818' title='bbox 1854 4780 1906 4822; x_wconf 90' lang='lat' dir='ltr'><strong>et</strong></span> <span class='ocrx_word' id='word_1_819' title='bbox 1960 4767 2231 4827; x_wconf 80' lang='lat' dir='ltr'><strong>idoneum.</strong></span> <span class='ocrx_word' id='word_1_820' title='bbox 2272 4780 2366 4837; x_wconf 92' lang='lat' dir='ltr'><strong>per</strong></span> <span class='ocrx_word' id='word_1_821' title='bbox 2420 4779 2578 4832; x_wconf 87' lang='lat' dir='ltr'><strong>quem</strong></span> <span class='ocrx_word' id='word_1_822' title='bbox 2613 4776 2698 4815; x_wconf 89' lang='lat' dir='ltr'><strong>res</strong></span> <span class='ocrx_word' id='word_1_823' title='bbox 2739 4759 3000 4826; x_wconf 84' lang='lat' dir='ltr'><strong>quasdam</strong></span> <span class='ocrx_word' id='word_1_824' title='bbox 3034 4757 3255 4810; x_wconf 78' lang='lat' dir='ltr'><strong>maximi</strong></span> <span class='ocrx_word' id='word_1_825' title='bbox 3293 4770 3411 4807; x_wconf 86' lang='lat' dir='ltr'><strong>mo-</strong></span> 
     </span>
    </p>
   </div>
   <div class='ocr_carea' id='block_1_105' title="bbox 1856 4856 3410 4919">
    <p class='ocr_par' dir='ltr' id='par_1_105' title="bbox 1856 4856 3410 4919">
     <span class='ocr_line' id='line_1_105' title="bbox 1856 4856 3410 4919; baseline -0.012 -4"><span class='ocrx_word' id='word_1_826' title='bbox 1856 4861 2023 4915; x_wconf 86' lang='lat' dir='ltr'><strong>menti</strong></span> <span class='ocrx_word' id='word_1_827' title='bbox 2059 4874 2271 4914; x_wconf 92' lang='lat' dir='ltr'><strong>mecum</strong></span> <span class='ocrx_word' id='word_1_828' title='bbox 2298 4856 2746 4914; x_wconf 86' lang='lat' dir='ltr'><strong>communicaret.</strong></span> <span class='ocrx_word' id='word_1_829' title='bbox 2781 4866 2883 4905; x_wconf 84' lang='lat' dir='ltr'><strong>nec</strong></span> <span class='ocrx_word' id='word_1_830' title='bbox 2925 4859 3130 4919; x_wconf 88' lang='lat' dir='ltr'><strong>posset,</strong></span> <span class='ocrx_word' id='word_1_831' title='bbox 3170 4857 3228 4900; x_wconf 91' lang='lat' dir='ltr'><strong>ut</strong></span> <span class='ocrx_word' id='word_1_832' title='bbox 3258 4856 3410 4914; x_wconf 51' lang='lat' dir='ltr'><strong>opta,-</strong></span> 
     </span>
    </p>
   </div>
   <div class='ocr_carea' id='block_1_106' title="bbox 1857 4939 3408 5013">
    <p class='ocr_par' dir='ltr' id='par_1_106' title="bbox 1857 4939 3408 5013">
     <span class='ocr_line' id='line_1_106' title="bbox 1857 4939 3408 5013; baseline -0.013 -7"><span class='ocrx_word' id='word_1_833' title='bbox 1857 4961 1955 5013; x_wconf 87' lang='lat' dir='ltr'><strong>ret,</strong></span> <span class='ocrx_word' id='word_1_834' title='bbox 1990 4964 2174 5004; x_wconf 88' lang='lat' dir='ltr'><strong>coram</strong></span> <span class='ocrx_word' id='word_1_835' title='bbox 2208 4963 2420 5003; x_wconf 87' lang='lat' dir='ltr'><strong>mecum</strong></span> <span class='ocrx_word' id='word_1_836' title='bbox 2463 4945 2840 5012; x_wconf 88' lang='lat' dir='ltr'><strong>colloqui,ego</strong></span> <span class='ocrx_word' id='word_1_837' title='bbox 2859 4943 2921 4994; x_wconf 86' lang='lat' dir='ltr'><strong>ad</strong></span> <span class='ocrx_word' id='word_1_838' title='bbox 2953 4942 3096 4993; x_wconf 87' lang='lat' dir='ltr'><strong>illam</strong></span> <span class='ocrx_word' id='word_1_839' title='bbox 3135 4939 3408 4991; x_wconf 70' lang='grc' dir='ltr'>ιιοιιιὶιιυιιι</span> 
     </span>
    </p>
   </div>
   <div class='ocr_carea' id='block_1_107' title="bbox 1855 5028 3412 5110">
    <p class='ocr_par' dir='ltr' id='par_1_107' title="bbox 1855 5028 3412 5110">
     <span class='ocr_line' id='line_1_107' title="bbox 1855 5028 3412 5110; baseline -0.013 -11"><span class='ocrx_word' id='word_1_840' title='bbox 1855 5062 1917 5100; x_wconf 80' lang='lat' dir='ltr'><strong>cx</strong></span> <span class='ocrx_word' id='word_1_841' title='bbox 1945 5053 2127 5098; x_wconf 88' lang='lat' dir='ltr'><strong>nostra</strong></span> <span class='ocrx_word' id='word_1_842' title='bbox 2153 5042 2275 5096; x_wconf 88' lang='lat' dir='ltr'><strong>aula</strong></span> <span class='ocrx_word' id='word_1_843' title='bbox 2295 5047 2597 5110; x_wconf 88' lang='lat' dir='ltr'><strong>spectatum</strong></span> <span class='ocrx_word' id='word_1_844' title='bbox 2624 5045 2677 5090; x_wconf 89' lang='lat' dir='ltr'><strong>et</strong></span> <span class='ocrx_word' id='word_1_845' title='bbox 2702 5035 2862 5089; x_wconf 77' lang='lat' dir='ltr'><strong>[idum</strong></span> <span class='ocrx_word' id='word_1_846' title='bbox 2886 5033 3178 5086; x_wconf 88' lang='lat' dir='ltr'><strong>mitterem.</strong></span> <span class='ocrx_word' id='word_1_847' title='bbox 3235 5028 3412 5092; x_wconf 86' lang='lat' dir='ltr'><strong>Quare</strong></span> 
     </span>
    </p>
   </div>
   <div class='ocr_carea' id='block_1_108' title="bbox 1858 5122 3414 5206">
    <p class='ocr_par' dir='ltr' id='par_1_108' title="bbox 1858 5122 3414 5206">
     <span class='ocr_line' id='line_1_108' title="bbox 1858 5122 3414 5206; baseline -0.015 -14"><span class='ocrx_word' id='word_1_848' title='bbox 1858 5139 1970 5194; x_wconf 81' lang='lat' dir='ltr'><strong>ﬁeri</strong></span> <span class='ocrx_word' id='word_1_849' title='bbox 2031 5139 2237 5206; x_wconf 89' lang='lat' dir='ltr'><strong>nequit,</strong></span> <span class='ocrx_word' id='word_1_850' title='bbox 2269 5148 2326 5188; x_wconf 87' lang='lat' dir='ltr'><strong>ut</strong></span> <span class='ocrx_word' id='word_1_851' title='bbox 2370 5133 2480 5196; x_wconf 88' lang='lat' dir='ltr'><strong>alii,</strong></span> <span class='ocrx_word' id='word_1_852' title='bbox 2513 5145 2573 5183; x_wconf 86' lang='lat' dir='ltr'><strong>ac</strong></span> <span class='ocrx_word' id='word_1_853' title='bbox 2608 5129 2728 5192; x_wconf 88' lang='lat' dir='ltr'><strong>tibi,</strong></span> <span class='ocrx_word' id='word_1_854' title='bbox 2787 5134 2994 5182; x_wconf 88' lang='lat' dir='ltr'><strong>secreta</strong></span> <span class='ocrx_word' id='word_1_855' title='bbox 3027 5132 3213 5177; x_wconf 88' lang='lat' dir='ltr'><strong>nostra</strong></span> <span class='ocrx_word' id='word_1_856' title='bbox 3256 5122 3414 5172; x_wconf 91' lang='lat' dir='ltr'><strong>inno-</strong></span> 
     </span>
    </p>
   </div>
   <div class='ocr_carea' id='block_1_109' title="bbox 1860 5214 3409 5296">
    <p class='ocr_par' dir='ltr' id='par_1_109' title="bbox 1860 5214 3409 5296">
     <span class='ocr_line' id='line_1_109' title="bbox 1860 5214 3409 5296; baseline -0.014 -15"><span class='ocrx_word' id='word_1_857' title='bbox 1860 5239 2090 5293; x_wconf 86' lang='lat' dir='ltr'><strong>tescant,</strong></span> <span class='ocrx_word' id='word_1_858' title='bbox 2166 5240 2336 5296; x_wconf 86' lang='lat' dir='ltr'><strong>neque</strong></span> <span class='ocrx_word' id='word_1_859' title='bbox 2399 5235 2481 5278; x_wconf 91' lang='lat' dir='ltr'><strong>est</strong></span> <span class='ocrx_word' id='word_1_860' title='bbox 2539 5222 2828 5290; x_wconf 83' lang='lat' dir='ltr'><strong>quisquam</strong></span> <span class='ocrx_word' id='word_1_861' title='bbox 2895 5226 2943 5269; x_wconf 71' lang='lat' dir='ltr'><strong>t‘e</strong></span> <span class='ocrx_word' id='word_1_862' title='bbox 3003 5214 3203 5282; x_wconf 84' lang='lat' dir='ltr'><strong>aptior,</strong></span> <span class='ocrx_word' id='word_1_863' title='bbox 3231 5226 3409 5279; x_wconf 84' lang='lat' dir='ltr'><strong>quau-</strong></span> 
     </span>
    </p>
   </div>
   <div class='ocr_carea' id='block_1_110' title="bbox 1857 5299 3407 5388">
    <p class='ocr_par' dir='ltr' id='par_1_110' title="bbox 1857 5299 3407 5388">
     <span class='ocr_line' id='line_1_110' title="bbox 1857 5299 3407 5388; baseline -0.015 -16"><span class='ocrx_word' id='word_1_864' title='bbox 1857 5318 2146 5388; x_wconf 83' lang='lat' dir='ltr'><strong>doquidem</strong></span> <span class='ocrx_word' id='word_1_865' title='bbox 2199 5327 2254 5370; x_wconf 93' lang='lat' dir='ltr'><strong>tu</strong></span> <span class='ocrx_word' id='word_1_866' title='bbox 2300 5315 2462 5369; x_wconf 85' lang='lat' dir='ltr'><strong>etiam</strong></span> <span class='ocrx_word' id='word_1_867' title='bbox 2520 5313 2654 5366; x_wconf 89' lang='lat' dir='ltr'><strong>alias</strong></span> <span class='ocrx_word' id='word_1_868' title='bbox 2705 5310 2884 5363; x_wconf 86' lang='lat' dir='ltr'><strong>omnia</strong></span> <span class='ocrx_word' id='word_1_869' title='bbox 2944 5320 3068 5358; x_wconf 92' lang='lat' dir='ltr'><strong>cum</strong></span> <span class='ocrx_word' id='word_1_870' title='bbox 3103 5303 3189 5355; x_wconf 80' lang='lat' dir='ltr'><strong>illa</strong></span> <span class='ocrx_word' id='word_1_871' title='bbox 3226 5299 3407 5367; x_wconf 81' lang='lat' dir='ltr'><strong>egisti,</strong></span> 
     </span>
    </p>
   </div>
   <div class='ocr_carea' id='block_1_111' title="bbox 1857 5391 3406 5470">
    <p class='ocr_par' dir='ltr' id='par_1_111' title="bbox 1857 5391 3406 5470">
     <span class='ocr_line' id='line_1_111' title="bbox 1857 5391 3406 5470; baseline -0.017 -5"><span class='ocrx_word' id='word_1_872' title='bbox 1857 5409 2226 5470; x_wconf 87' lang='lat' dir='ltr'><strong>constituisti,</strong></span> <span class='ocrx_word' id='word_1_873' title='bbox 2315 5402 2776 5463; x_wconf 82' lang='lat' dir='ltr'><strong>communicasti,</strong></span> <span class='ocrx_word' id='word_1_874' title='bbox 2854 5395 3148 5467; x_wconf 81' lang='lat' dir='ltr'><strong>perfecisti.</strong></span> <span class='ocrx_word' id='word_1_875' title='bbox 3235 5391 3406 5456; x_wconf 80' lang='lat' dir='ltr'><strong>Quum</strong></span> 
     </span>
    </p>
   </div>
   <div class='ocr_carea' id='block_1_112' title="bbox 1856 5483 3408 5564">
    <p class='ocr_par' dir='ltr' id='par_1_112' title="bbox 1856 5483 3408 5564">
     <span class='ocr_line' id='line_1_112' title="bbox 1856 5483 3408 5564; baseline -0.018 -10"><span class='ocrx_word' id='word_1_876' title='bbox 1856 5501 1923 5554; x_wconf 94' lang='lat' dir='ltr'><strong>ob</strong></span> <span class='ocrx_word' id='word_1_877' title='bbox 1953 5514 2062 5551; x_wconf 90' lang='lat' dir='ltr'><strong>rem</strong></span> <span class='ocrx_word' id='word_1_878' title='bbox 2098 5512 2190 5564; x_wconf 85' lang='lat' dir='ltr'><strong>per</strong></span> <span class='ocrx_word' id='word_1_879' title='bbox 2223 5495 2387 5548; x_wconf 90' lang='lat' dir='ltr'><strong>alium</strong></span> <span class='ocrx_word' id='word_1_880' title='bbox 2425 5493 2564 5546; x_wconf 83' lang='lat' dir='ltr'><strong>istud</strong></span> <span class='ocrx_word' id='word_1_881' title='bbox 2600 5489 2874 5558; x_wconf 81' lang='lat' dir='ltr'><strong>negotium</strong></span> <span class='ocrx_word' id='word_1_882' title='bbox 2905 5484 3109 5538; x_wconf 84' lang='lat' dir='ltr'><strong>absolvi</strong></span> <span class='ocrx_word' id='word_1_883' title='bbox 3143 5483 3345 5547; x_wconf 89' lang='lat' dir='ltr'><strong>nequit.</strong></span> <span class='ocrx_word' id='word_1_884' title='bbox 3387 5495 3408 5526; x_wconf 77' lang='grc' dir='ltr'><strong>ι</strong></span> 
     </span>
    </p>
   </div>
   <div class='ocr_carea' id='block_1_113' title="bbox 1859 5577 3415 5660">
    <p class='ocr_par' dir='ltr' id='par_1_113' title="bbox 1859 5577 3415 5660">
     <span class='ocr_line' id='line_1_113' title="bbox 1859 5577 3415 5660; baseline -0.015 -16"><span class='ocrx_word' id='word_1_885' title='bbox 1859 5595 1967 5660; x_wconf 67' lang='lat' dir='ltr'><strong>ligo</strong></span> <span class='ocrx_word' id='word_1_886' title='bbox 2010 5591 2078 5643; x_wconf 85' lang='lat' dir='ltr'><strong>ita</strong></span> <span class='ocrx_word' id='word_1_887' title='bbox 2121 5587 2373 5656; x_wconf 71' lang='lat' dir='ltr'><strong>respondi</strong></span> <span class='ocrx_word' id='word_1_888' title='bbox 2412 5603 2426 5639; x_wconf 94' lang='lat'><strong>:</strong></span> <span class='ocrx_word' id='word_1_889' title='bbox 2488 5603 2504 5635; x_wconf 76' lang='grc' dir='ltr'><strong>ι</strong></span> <span class='ocrx_word' id='word_1_890' title='bbox 2549 5583 2703 5637; x_wconf 91' lang='lat' dir='ltr'><strong>Sicut</strong></span> <span class='ocrx_word' id='word_1_891' title='bbox 2734 5594 2945 5642; x_wconf 82' lang='lat' dir='ltr'><strong>censes,</strong></span> <span class='ocrx_word' id='word_1_892' title='bbox 2993 5577 3308 5643; x_wconf 88' lang='lat' dir='ltr'><strong>imperator,</strong></span> <span class='ocrx_word' id='word_1_893' title='bbox 3337 5580 3415 5622; x_wconf 82' lang='lat' dir='ltr'><strong>tta</strong></span> 
     </span>
    </p>
   </div>
   <div class='ocr_carea' id='block_1_114' title="bbox 1857 5670 3416 5748">
    <p class='ocr_par' dir='ltr' id='par_1_114' title="bbox 1857 5670 3416 5748">
     <span class='ocr_line' id='line_1_114' title="bbox 1857 5670 3416 5748; baseline -0.012 -12"><span class='ocrx_word' id='word_1_894' title='bbox 1857 5700 1941 5736; x_wconf 82' lang='lat' dir='ltr'><strong>I‘CS</strong></span> <span class='ocrx_word' id='word_1_895' title='bbox 1994 5681 2169 5734; x_wconf 82' lang='lat' dir='ltr'><strong>habet.</strong></span> <span class='ocrx_word' id='word_1_896' title='bbox 2224 5681 2299 5732; x_wconf 77' lang='lat' dir='ltr'><strong>Ac.</strong></span> <span class='ocrx_word' id='word_1_897' title='bbox 2357 5688 2574 5748; x_wconf 82' lang='lat' dir='ltr'><strong>propter</strong></span> <span class='ocrx_word' id='word_1_898' title='bbox 2624 5675 2756 5728; x_wconf 88' lang='lat' dir='ltr'><strong>istas</strong></span> <span class='ocrx_word' id='word_1_899' title='bbox 2811 5670 3158 5740; x_wconf 81' lang='lat' dir='ltr'><strong>gravissimas</strong></span> <span class='ocrx_word' id='word_1_900' title='bbox 3217 5680 3416 5718; x_wconf 75' lang='lat' dir='ltr'><strong>causas</strong></span> 
     </span>
    </p>
   </div>
   <div class='ocr_carea' id='block_1_115' title="bbox 1857 5757 3414 5844">
    <p class='ocr_par' dir='ltr' id='par_1_115' title="bbox 1857 5757 3414 5844">
     <span class='ocr_line' id='line_1_115' title="bbox 1857 5757 3414 5844; baseline -0.011 -16"><span class='ocrx_word' id='word_1_901' title='bbox 1857 5775 2053 5844; x_wconf 80' lang='lat' dir='ltr'><strong>conjux</strong></span> <span class='ocrx_word' id='word_1_902' title='bbox 2103 5790 2242 5836; x_wconf 65' lang='lat' dir='ltr'><strong>mea,</strong></span> <span class='ocrx_word' id='word_1_903' title='bbox 2277 5786 2429 5824; x_wconf 79' lang='lat' dir='ltr'><strong>serva</strong></span> <span class='ocrx_word' id='word_1_904' title='bbox 2485 5779 2596 5832; x_wconf 82' lang='grc' dir='ltr'>ιιι-ι,</span> <span class='ocrx_word' id='word_1_905' title='bbox 2656 5781 2778 5821; x_wconf 91' lang='lat' dir='ltr'><strong>cum</strong></span> <span class='ocrx_word' id='word_1_906' title='bbox 2835 5762 3057 5832; x_wconf 84' lang='lat' dir='ltr'><strong>reliquis</strong></span> <span class='ocrx_word' id='word_1_907' title='bbox 3092 5757 3414 5831; x_wconf 72' lang='lat' dir='ltr'><strong>proniuqttis</strong></span> 
     </span>
    </p>
   </div>
  </div>
