4134 6452
673 453 778 515 ΒΞἹ

1909 443 2234 504 GEORGII
2268 439 2697 501 ΡΙΙΠΑΝΤΖΕ

3816 424 3925 489 8%

664 563 1060 634 άρχοντισσῶν.
1092 580 1110 612 ι
1143 560 1256 615 Kal
1289 559 1463 621 οὓτως
1496 557 1689 627 καιροῦ
1717 557 1779 625 δὴ
1808 557 1959 620 ὖντος
1990 556 2083 609 τοῦ
2114 558 2237 624 άρι-
2266 557 2310 613 Α
2340 573 2479 619 κιον,
2515 555 2573 607 τὸ
2604 551 2699 606 τοῦ
2733 549 2972 621 μεγάλου
3025 547 3334 615 λογοθέτου.
3374 565 3392 597 ι
3437 546 3497 598 Ὀ
3521 545 3578 597 δὲ
3619 543 3748 609 δοῦξ
3778 544 3924 596 άποο

668 675 869 725 στησαι
899 657 1286 726 προσκυνήσας
1312 652 1423 721 ἐγὼ
1468 652 1708 711 ἀπῆλθον
1743 650 1946 702 οἴκαδε.
1996 649 2149 703 Μετὰ
2180 649 2236 701 δὲ

665 750 728 801 τὸ
760 750 983 818 ἄριστον
1008 747 1254 807 ἐλθόντος
1297 746 1394 798 τοῦ
1434 745 1674 813 μεγάλου
1706 743 1894 806 δουκδς
1928 745 1986 795 ἐν
2016 742 2095 806 τῷ
2129 758 2235 792 παο

666 842 836 913 λατίῳ
865 841 1110 911 ἐφήσατο
1153 839 1303 908 αὐτῷ
1335 840 1363 891 6
1394 836 1648 906 βασιλεὺς
1686 837 1756 889 τά
1805 837 1904 889 ὅσα
1948 834 2066 903 μετ’
2100 832 2236 902 ἐμοῦ

666 933 899 1000 ἐλάλησε
948 935 1081 1001 περ)⁵
1112 930 1206 984 τοῦ
1256 930 1499 999 πρέσϐυν
1543 946 1607 996 με
1662 928 1938 991 ἀπελθεῖν,
1972 926 2089 980 ἀλλ’
2140 926 2238 979 οὐκ

665 1022 1025 1092 ἀπεκάλυψεν
1057 1022 1205 1091 αὐτῷ
1230 1022 1300 1074 δι’
1330 1022 1397 1092 ἣν
1422 1023 1604 1074 αἰτίαν
1625 1036 1639 1048 ·
1677 1022 1774 1073 καὶ
1808 1020 2114 1091 προσέθηκε
2145 1026 2239 1073 καὶ

666 1117 847 1176 τοῦτο,
877 1117 960 1169 ὅτι
991 1116 1318 1183 ’Δναγκαῖόν
1335 1118 1450 1169 ἐστι
1484 1117 1807 1184 τιμήσωμεν
1842 1114 1939 1167 καὶ
1963 1116 2124 1183 ἡμεῖς
2148 1116 2240 1168 τὸν

665 1208 972 1278 Φραντζῆν,
1018 1208 1153 1262 διότι
1211 1208 1272 1262 τὸ
1315 1209 1567 1275 ὀφφίκιον
1606 1208 1636 1261 ὃ
1668 1208 1934 1277 κέκτηται
1962 1207 2062 1261 οὐκ
2093 1207 2240 1259 ἔστιν

668 1301 994 1369 εὐχαριστία
1024 1301 1247 1369 οὐδεμία
1285 1299 1423 1369 πρὸς
1464 1302 1637 1370 ἡμᾶς.
1670 1300 1807 1353 διότι
1837 1300 1986 1369 παρὰ
2009 1298 2103 1353 τοῦ
2141 1299 2241 1369 βα-

672 1394 865 1456 σιλέως
910 1393 1002 1446 τοῦ
1031 1394 1264 1462 ἀδελφοῦ
1320 1413 1422 1465 μου
1468 1397 1817 1466 εὐηργετήθη
1876 1396 2035 1450 τοῦτο
2068 1397 2238 1465 αὐτῷ.

669 1489 760 1537 Διὸ
783 1486 934 1553 λέξον
960 1488 1111 1558 αὐτῷ
1156 1491 1312 1542 ποῐον
1345 1488 1477 1541 ἄλλο
1506 1488 1617 1541 τῶν
1643 1488 1918 1556 ὀφφικίων
1959 1489 2239 1558 ὀρέγεται,

667 1578 765 1632 καὶ
795 1580 1141 1649 ἀκούσωμεν.
1193 1581 1301 1633 Kal
1345 1580 1574 1645 ἐξελθὼν
1602 1583 1629 1634 6
1655 1581 1780 1645 δοὺξ
1816 1582 1909 1635 καὶ
1952 1582 2130 1651 εὑρών
2172 1600 2241 1651 με

669 1672 1007 1725 ἐπυνθάνετο
1039 1674 1094 1725 τί
1120 1673 1180 1726 τὸ
1205 1673 1465 1741 ὀφφίκιον
1488 1674 1781 1744 ὠρεγόμην
1810 1674 1895 1727 ἴνα
1928 1675 2244 1745 δωρήσηταί

673 1780 764 1831 μοι
793 1766 821 1815 6
841 1763 1117 1832 βασιλεὺς.
1136 1763 1277 1831 Ἐγὼ
1307 1764 1363 1815 δέ
1392 1766 1712 1835 ἀποκριθεὶς
1732 1761 1889 1818 εἷπον
1919 1767 1999 1818 ὅτι
2033 1784 2051 1816 ι
2086 1766 2242 1829 Κατά

669 1855 797 1909 νοῦν
825 1852 970 1924 εἶχον
1001 1856 1090 1908 καὶ
1141 1854 1256 1923 ἐγὼ
1303 1858 1524 1925 αἰτῆσαι
1558 1859 1746 1924 μεῖζον
1790 1857 2071 1925 ὀφφίκιον,
2103 1858 2241 1928 ὅπερ
2276 1898 2315 1949 Β

670 1948 731 1999 οὐ
761 1949 1026 2016 κέκτηται
1048 1948 1229 2010 ἄλλος,
1259 1949 1354 2000 καὶ
1379 1947 1506 2000 οῦτε
1531 1947 1732 2011 ζῶντός
1767 1965 1869 2017 μου
1900 1948 2239 2019 εὐεργετήση

670 2038 779 2089 τινὶ
813 2038 983 2109 ἑτέρῳ
1031 2040 1173 2107 πλὴν
1208 2040 1344 2107 ἐμοῦ
1370 2054 1385 2069 ·
1414 2040 1508 2094 καὶ
1539 2040 1601 2093 τὸ
1661 2042 1874 2106 πρέπον
1921 2039 2097 2102 οὕτως
2154 2057 2245 2109 μοι

672 2130 822 2182 δοκεῖ
853 2128 1014 2195 εἶναι,
1048 2132 1075 2184 6
1109 2132 1201 2185 καὶ
1223 2134 1516 2201 ὀρέγομαι,
1556 2134 1679 2186 ἐπεὶ
1705 2138 1799 2188 καὶ
1825 2133 1931 2203 πρὸ
1962 2134 2057 2185 τοῦ
2084 2133 2247 2186 ἀπελ-

675 2221 787 2273 θεῖν
825 2239 891 2290 με
934 2225 1016 2284 είς
1038 2222 1429 2292 Τραπεζοῦντα
1460 2224 1703 2277 τοσαῦτα
1738 2224 1915 2292 ὀνείδη
1950 2224 2044 2277 καὶ
2077 2240 2248 2289 κατη-

672 2316 866 2384 γορίας
901 2316 1114 2383 ἥκουσα
1163 2316 1261 2369 καὶ
1301 2316 1553 2385 ὑπέφερα
1588 2316 1679 2369 διὰ
1721 2316 1785 2368 τδ
1818 2313 1959 2369 εἶναι
1994 2318 2086 2367 καὶ
2130 2317 2247 2367 ὲτέ-

678 2423 803 2473 ρους
832 2408 999 2478 228
1032 2408 1125 2460 δύο
1172 2409 1445 2479 ἄρχοντας
1494 2411 1553 2461 ἐν
1599 2409 1678 2479 τῷ
1716 2410 1953 2480 ὀφφικίῳ
2002 2410 2029 2463 6
2062 2410 2189 2477 ἔχω,
2220 2408 2247 2460 6

673 2498 774 2550 οὐκ
806 2499 994 2567 ἧθελα.
1041 2499 1185 2552 Ἀλλ’
1219 2500 1305 2552 ἵνα
1335 2499 1607 2570 βεϐαιωθῇ
1639 2502 1667 2553 6
1694 2500 1850 2568 λόγος
1880 2518 2008 2569 μου,
2045 2500 2121 2563 ὥς
2154 2516 2247 2568 μοι

674 2593 905 2661 εἴρηκας
950 2592 1109 2660 κάγὼ
1162 2593 1455 2662 ὀρέγομαι,
1494 2594 1541 2644 εί
1588 2593 1681 2645 καὶ
1736 2592 1965 2663 ἀρεστόν
2019 2591 2247 2661 ἐστιτῷ

675 2685 912 2756 αὐθέντῃ
954 2703 1057 2755 μου
1085 2685 1167 2755 τῷ
1202 2685 1437 2756 βασιλεῖ,
1476 2686 1818 2754 εὐεργετήσῃ
1873 2702 1963 2753 μοι
1997 2684 2057 2757 τδ
2090 2685 2251 2753 ὀφφί-

678 2794 794 2829 χιον
827 2777 923 2829 τοῦ
955 2778 1195 2846 μεγάλου
1229 2777 1651 2831 κοντοσταύλου.
1691 2796 1709 2829 ι
1742 2779 1849 2830 Καὶ
1878 2778 2051 2837 οὕτως
2077 2779 2249 2848 ἀπῆλ-

676 2870 767 2923 θεν
797 2871 826 2923 6
866 2869 1117 2940 Νοταρᾶς
1176 2871 1269 2924 καὶ
1308 2872 1541 2941 ἀνέφερε
1580 2870 1760 2924 πάντα
1806 2870 1885 2939 τῷ
1944 2870 2189 2939 βασιλεῖ’
2220 2872 2248 2923 6

674 2958 731 3010 δὲ
756 2959 1078 3029 ἀποκριθεὶς
1110 2956 1267 3013 εἶπεν
1294 2961 1481 3029 αὐτῷ·
1520 2979 1538 3011 ι
1580 2960 1722 3014 Αὐτὸ
1754 2960 1862 3031 γάρ
1900 2962 1959 3014 τὺ
1993 2961 2250 3029 ὀφφίκιον

675 3051 738 3103 οὐ
769 3051 962 3122 δίδωμι
1014 3053 1216 3117 οὐδενὶ,
1249 3054 1330 3106 ὅτι
1358 3054 1386 3106 6
1432 3053 1629 3123 πρώην
1664 3070 1768 3122 μου
1816 3054 2081 3122 πενθερός
2131 3057 2248 3105 ἐστι

681 3145 855 3213 μέγας
907 3146 1322 3210 κοντὸσταυλος,
1357 3146 1597 3215 γεγονὼς
1639 3148 1696 3199 ἐν
1739 3148 1803 3217 τῇ
1857 3147 2250 3217 Πελοποννήσῳ

2343 646 2556 717 κριθεὶς
2583 643 2705 698 εἷπε
2730 660 2745 675 ο
2785 662 2804 695 ι
2841 644 2949 695 Καὶ
2973 642 3025 694 τί
3053 643 3346 709 γενήσεται
3379 638 3518 707 μετὰ
3547 635 3644 690 τοῦ
3674 634 3923 689 Παλαισ-

2338 738 2503 805 λὸγου
2548 737 2642 791 τοῦ
2678 736 3019 805 Μετοχιῖτου;
3063 752 3081 785 δ
3126 732 3184 785 '0
3213 732 3467 801 Νοταρᾶς
3514 725 3670 781 εἶπεν
3719 727 3805 780 [τι
3848 726 3928 796 τῷ

2343 829 2555 900 βασιλεῖ
2584 831 2673 884 ἴνα
2699 830 3033 896 εὐεργετήσῃ
3069 843 3135 895 με
3169 825 3234 877 τὸ
3284 822 3380 876 τοῦ
3421 821 3667 892 μεγάλου
3718 836 3928 889 πριμι-

2344 923 2561 992 κηρίου,
2586 923 2615 974 6
2636 924 2753 975 ἐστι
2791 918 2929 988 μετὰ
2962 920 3025 970 τὸ
3056 917 3151 971 τοῦ
3185 914 3692 987 στρατοπεδάρχου,
3727 912 3837 965 καὶ
3866 914 3929 964 οὐ

2341 1015 2522 1077 τοῦτο,
2542 1012 2700 1077 λέξας
2732 1014 2815 1066 ὅτι
2840 1030 2859 1063 ι
2881 1009 2943 1063 Ἢ
2985 1008 3232 1078 βασιλεία
3250 1023 3344 1059 σου
3363 1006 3588 1075 ζητήσει
3611 1003 3708 1056 τοῦ
3728 1003 3933 1055 δεσπύο

2342 1121 2438 1158 του
2470 1103 2565 1156 τοῦ
2595 1101 2828 1170 ἀδελφοῦ
2870 1118 2965 1154 σου
2997 1098 3265 1168 ἐποίησας
3299 1096 3802 1167 στρατοπεδάρχην
3836 1095 3931 1145 τὸν

2328 1194 2438 1266 ,τοῦ
2470 1190 2936 1261 Καντακουζηνοῦ
2969 1191 3081 1243 υἱδν
3118 1189 3209 1242 διὰ
3238 1189 3337 1257 τὴν
3368 1186 3764 1255 συγγαμϐρὲας
3798 1202 3933 1251 συγ-

2344 1288 2565 1353 γένειαν
2590 1285 2683 1339 καὶ
2708 1284 2795 1338 διὰ
2834 1286 2927 1336 τὸν
2957 1281 3424 1352 πρωτοστράτορα
3450 1279 3544 1331 τὸν
3578 1277 3792 1331 ἑαυτοῦ
3826 1294 3934 1329 πα-

2344 1378 2501 1448 τέρα.
2536 1378 2649 1432 Kal
2672 1378 2765 1431 ἐὰν
2792 1374 2970 1446 δώσῃς
3003 1372 3082 1444 τῷ
3110 1370 3362 1443 Φραντζῇ
3402 1370 3462 1424 τδ
3491 1370 3746 1424 τοιοῦτον
3774 1368 3935 1435 ὀφφί-

2344 1484 2483 1532 κιον,
2512 1468 2540 1520 6
2567 1468 2690 1521 ἐστι
2739 1466 2957 1533 πρῶτον
3001 1463 3096 1518 τοῦ
3130 1462 3369 1531 μεγάλου
3411 1459 3931 1530 στρατοπεδάρκσυ,

2342 1559 2396 1613 τί
2429 1560 2724 1630 γενήσεται
2754 1577 2767 1624 ;
2811 1560 3003 1626 Ὅμως
3047 1556 3097 1611 εί
3137 1555 3371 1625 ἀρεστόν
3401 1556 3516 1608 ἐστι
3542 1556 3611 1623 τῇ
3669 1550 3932 1621 βασιλείᾳ

2347 1669 2467 1714 σου,
2519 1651 2886 1721 εὑεργέτησον
2938 1648 3091 1717 αὐτῷ
3124 1647 3185 1700 τὸ
3214 1647 3311 1701 τοῦ
3363 1645 3604 1715 μεγάλου
3641 1659 3933 1712 πριμικηο

2349 1744 2466 1813 ρίου
2496 1742 2776 1810 ὀφτρίκιον,
2808 1741 2836 1793 6
2866 1742 2983 1793 ἐστι
3027 1740 3168 1809 μετὰ
3188 1737 3250 1791 τὸ
3291 1735 3387 1789 τοῦ
3417 1734 3661 1806 μεγάλου
3694 1747 3933 1799 στρατο-

2346 1838 2640 1905 πεδάρχου.
2683 1856 2701 1888 ι
2733 1838 2792 1888 'U
2830 1834 2886 1887 δέ
2920 1833 3174 1903 βασιλεὺς
3200 1827 3389 1886 εἶπεν·
3422 1849 3443 1882 ι
3492 1827 3637 1894 Ἐγὼ
3666 1843 3755 1879 σοι
3789 1840 3931 1893 ’προ⁹

2346 1933 2500 1983 εἶπον
2525 1931 2607 1983 ὃτι
2630 1930 2660 1981 6
2697 1928 2985 1997 Φραντζῆς
3025 1926 3087 1978 οὐ
3124 1923 3340 1992 δέχεται
3377 1920 3541 1990 229
3576 1918 3736 1972 οὐδὲν
3760 1915 3932 1981 ὀφιρί-

2346 2038 2467 2075 κιον
2524 2021 2655 2089 παρ’
2706 2018 2870 2072 ἄλλου
2925 2016 3323 2086 κρατούμενον,
3355 2012 3405 2065 εί
3456 2013 3551 2063 καὶ
3604 2007 3934 2078 μιζότερον

2348 2113 2432 2182 εἴη
2460 2128 2475 2144 ο
2507 2112 2627 2175 πῶς
2670 2106 2769 2165 οῦν
2798 2110 3163 2178 καταδέξηται
3203 2107 3264 2159 τὸ
3296 2105 3393 2158 τοῦ
3442 2102 3679 2174 μεγάλου
3730 2116 3934 2169 πριμι·

2348 2207 2545 2277 κηρίου
2571 2222 2587 2273 ;
2612 2206 2762 2274 ὅμως
2796 2205 2861 2256 ἐκ
2889 2202 3145 2271 δευτέρου
3178 2200 3416 2269 λάλησον
3466 2195 3636 2263 αὐτῷ,
3669 2195 3767 2245 καὶ
3808 2192 3937 2244 ἴδω-

2352 2317 2451 2369 μεν
2491 2299 2589 2368 τὴν
2619 2298 2848 2366 γνώμην
2898 2294 3089 2350 αὐτοῦ.
3128 2312 3147 2345 ι
3180 2293 3385 2347 Λοιπὸν
3431 2289 3588 2351 αὖθις
3615 2284 3752 2358 ἦλθε
3789 2288 3933 2355 πρός

2352 2409 2417 2461 με
2449 2394 2476 2444 6
2515 2392 2686 2459 μέγας
2715 2389 2843 2453 δοὺξ
2885 2387 3098 2455 λέγων’
3132 2405 3151 2437 ι
3204 2388 3264 2439 ’0
3308 2383 3565 2454 βασιλεὺς
3602 2380 3706 2449 ἐφη
3738 2380 3828 2431 ὅτι
3872 2377 3937 2429 τὸ

2348 2483 2443 2537 τοῦ
2477 2482 2719 2551 μεγάλου
2757 2480 3152 2534 κοντοσταύλου
3194 2477 3473 2545 ὀφφίκιον,
3508 2475 3630 2527 ἐπεὶ
3672 2476 3701 2526 6
3729 2471 3937 2524 πενθε-

2352 2578 2443 2646 ρὸς
2476 2575 2640 2628 αὐτοῦ
2672 2575 2786 2645 ἔχει
2811 2571 2994 2637 τοῦτο,
3019 2570 3145 2625 οὔτε
3178 2573 3264 2623 σοὶ
3294 2568 3420 2623 οὕτε
3455 2568 3602 2637 ἄλλῳ
3630 2567 3737 2619 τινὶ
3764 2566 3939 2631 εὐερ-

2348 2667 2571 2736 γετήσει
2602 2666 2754 2731 αὐτὸ,
2802 2664 2936 2718 άλλὰ
2972 2663 3134 2718 δώσει
3165 2678 3249 2715 σοι
3288 2661 3350 2714 τὸ
3379 2659 3473 2713 τοῦ
3525 2656 3759 2729 μεγάλου
3797 2673 3939 2723 πρι-

2354 2761 2636 2829 μικηρῖου,
2672 2758 2811 2826 ὅπερ
2865 2757 2959 2809 καὶ
3001 2755 3217 2824 πρῶτον
3263 2752 3455 2807 τούτου
3515 2752 3651 2803 ἐστί.
3696 2768 3714 2801 ι
3749 2749 3941 2813 Κάγὼ

2351 2848 2505 2905 εἷπον
2528 2850 2678 2919 αὐτῷ
2711 2851 2792 2903 ὅτι
2816 2869 2833 2901 ι
2866 2849 2927 2901 Et
2950 2849 3049 2901 καὶ
3073 2845 3292 2918 πρῶτόν
3322 2847 3438 2898 ἐστι
3464 2844 3526 2897 τὸ
3554 2841 3645 2896 τοῦ
3680 2842 3938 2910 μεγάλου

2350 2944 2543 3005 δουκδς
2583 2942 2862 3010 ὀφφίκιον,
2894 2939 3057 2992 τοῦτο
3107 2939 3168 2991 οὑ
3201 2937 3342 2991 θέλω
3394 2933 3754 3005 ἀφαιρεθῆναι
3818 2930 3941 2985 ἀπὸ

2350 3037 2516 3090 ἄλλου
2548 3038 2641 3088 καὶ
2670 3035 2890 3104 δοθῆναι
2922 3014 3068 3103 ἐμοί·
3098 3050 3117 3085 ι
3160 3033 3253 3085 καὶ
3285 3031 3459 3093 οὕτως
3501 3026 3714 3095 διελύθη
3740 3028 3768 3077 ὁ
3796 3025 3941 3077 σύλ-

2353 3130 2530 3196 λογος,
2557 3127 2952 3190 Βουλευθέντος
2974 3126 3029 3179 δέ
3064 3142 3165 3195 μου
3199 3124 3337 3194 μετὰ
3362 3122 3473 3175 τῶν
3504 3118 3789 3189 συγγενῶν
3824 3130 3937 3187 μου

678 3211 832 3301 παρὰ
862 3237 955 3289 τοῦ
991 3238 1258 3306 βασιλέως
1289 3211 1386 3292 toﬁ
1420 3211 1629 3307 ἧατρός
1683 3211 1807 3307 μοῴ
1840 3239 1931 3291 ὅτε
1978 3211 2251 3310 quoad-pe}
2280 3241 2320 3297 ρ
2354 3223 2450 3275 καὶ
2478 3222 2646 3290 φίλων
2672 3222 2763 3273 καὶ
2794 3220 3011 3273 οἰκείων
3041 3218 3172 3288 περὶ
3193 3211 3267 3270 ὧν
3293 3220 3321 3270 6
3347 3214 3597 3285 βασιλεύς
3628 3231 3718 3283 μοι
3742 3214 3943 3310 ἐπηγ-

679 3328 771 3379 τὸν
812 3328 1044 3398 Ἰσθμόν.
1079 3330 1229 3400 Πλὴν
1270 3330 1426 3384 δώσω
1470 3331 1619 3401 αὐτῷ
1645 3330 1832 3400 ἕτερον
1863 3331 2049 3401 μεῖζον
2093 3330 2254 3398 6oz?!-

680 3454 789 3494 non
842 3440 1083 3496 obstabit
1137 3443 1418 3509 fortasse,
1484 3445 1781 3513 quominus
1830 3443 2096 3497 voluntati
2150 3454 2254 3497 tute

680 3532 991 3601 obsequar:
1016 3549 1180 3603 quam
1200 3534 1397 3598 beabo,
1418 3550 1539 3589 cum
1560 3535 1785 3599 docebo,
1812 3552 1931 3605 qua:
1953 3536 2253 3607 majestatis

682 3634 787 3678 tua:
809 3627 980 3695 gratia
1007 3628 1071 3681 de
1095 3627 1205 3681 tilia
1232 3643 1349 3682 mea
1383 3629 1699 3684 collocanda
1718 3629 2041 3695 decreverit,
2078 3630 2255 3698 deque

680 3716 901 3772 ditionis
929 3726 982 3771 et
1004 3719 1268 3774 honorum
1299 3722 1559 3788 praemiis,
1614 3736 1722 3790 prae
1752 3722 1978 3790 reliquis
2036 3721 2254 3776 feminis

683 3810 957 3863 nobilibus
991 3827 1110 3865 eam
1142 3824 1417 3867 evectura.
1468 3832 1487 3866 ›
1526 3813 1601 3867 lta
1654 3828 1775 3869 cum
1828 3824 2045 3885 tempus
2090 3830 2256 3881 pran-

683 3900 1024 3963 diiadcsset,
1084 3903 1402 3958 adoratione
1476 3902 1659 3968 facta,
1718 3903 1940 3958 domum
2003 3904 2251 3959 discessi.

683 3993 811 4048 Post
838 3995 1123 4064 prandium
1173 4013 1369 4066 magno
1418 3999 1542 4053 duci
1591 3999 1644 4052 in
1697 3999 1953 4067 palatium
2017 4000 2253 4053 venienti

685 4086 983 4155 imperator
1016 4090 1223 4156 retulit,
1258 4106 1379 4160 quae
1406 4090 1473 4145 de
1498 4092 1745 4145 obeunda
1796 4091 1931 4145 mihi
1983 4091 2257 4160 legatione

685 4195 896 4233 lllCCtllll
953 4186 1173 4252 egisset,
1211 4199 1437 4240 causam
1491 4193 1671 4238 tamen
1705 4201 1811 4239 non
1846 4186 2099 4256 aperuit;
2158 4186 2255 4239 ad-

688 4271 823 4324 didit
858 4284 1063 4340 autem,
1120 4291 1344 4331 necesse
1405 4292 1550 4341 esse,
1616 4288 1676 4331 ut
1735 4280 1850 4348 ipse
1907 4293 2126 4349 quoque
2172 4292 2258 4332 me

688 4368 1091 4424 cntioncstaret.
1121 4370 1376 4437 quoniam
1426 4386 1647 4435 munus,
1680 4386 1789 4437 quo
1832 4370 2107 4440 fungerer,
2146 4385 2255 4424 non

688 4472 788 4511 sua
820 4459 1017 4525 gratia,
1054 4461 1147 4514 sed
1197 4462 1566 4530 imperatoris,
1633 4461 1821 4517 fratris
1874 4464 1981 4525 sui,
2021 4463 2257 4517 benevo-

690 4552 852 4604 lentia
883 4553 1014 4605 mihi
1052 4553 1389 4622 impertitum
1448 4564 1639 4618 esset;
1679 4554 2069 4625 mandavitque
2122 4555 2260 4622 ei,ut
2289 4572 2334 4628 ι)

690 4646 832 4711 quod
876 4661 1076 4701 munus
1103 4655 1367 4716 optarem,
1394 4664 1461 4703 ex
1490 4663 1575 4703 me
1608 4658 1879 4718 quaereret
1931 4658 1984 4704 et
2017 4648 2119 4703 sibi
2175 4663 2260 4701 re-

693 4736 987 4790 nuntiaret.
1064 4737 1251 4807 Itaque
1302 4740 1565 4794 dimissus
1621 4740 1753 4803 dux,
1814 4739 1907 4794 ubi
1962 4754 2048 4793 me
2102 4738 2257 4806 vidit,

695 4830 923 4896 rogavit,
990 4830 1134 4897 quod
1192 4846 1390 4885 munus
1428 4832 1497 4886 ab
1554 4832 1884 4900 imperatore
1940 4831 2071 4884 mihi
2138 4830 2257 4883 dari

694 4934 975 4986 cuperem.
1007 4920 1086 4974 Ad
1117 4936 1237 4991 quae
1263 4923 1335 4977 ita
1371 4924 1655 4992 respondi:
1695 4941 1712 4975 ι
1765 4923 1981 4978 Possim
2006 4922 2259 4992 equidem

698 5027 895 5065 Illll"l'S
932 5013 1107 5083 majus
1143 5030 1286 5069 nunc
1318 5026 1520 5085 petere,
1554 5016 1695 5085 quod
1731 5016 1872 5069 alius
1908 5030 2014 5069 non
2043 5013 2262 5077 habeat,

694 5106 947 5174 quodque
980 5123 1066 5161 me
1100 5108 1222 5162 vivo
1284 5119 1480 5177 pra-ter
1532 5124 1615 5162 me
1656 5109 1861 5162 nemini
1894 5106 2262 5174 impertiatnr.

694 5198 850 5263 Quod
915 5200 1141 5255 lione5te
1175 5202 1447 5271 petiturus
1489 5201 1619 5255 mihi
1660 5201 1867 5265 videor,
1902 5200 2052 5269 quia,
2106 5209 2264 5253 ante-

695 5305 857 5359 quam
917 5291 1315 5361 Trapezuntem
1347 5293 1598 5355 discessi,
1636 5293 1902 5362 plnrimas
1957 5292 2265 5345 calumnias

693 5392 749 5436 ot
807 5383 1217 5439 criminationes
1274 5394 1532 5455 expertus
1588 5399 1709 5438 sum
1748 5398 1811 5438 ac
1848 5383 2071 5453 pertuli.
2132 5381 2261 5451 quia

695 5475 785 5526 alii
826 5476 937 5529 duo
965 5491 1220 5544 proceres
1250 5478 1298 5529 in
1332 5477 1509 5532 ollicio
1532 5487 1738 5543 essent,
1774 5475 1919 5547 quod
1962 5476 2138 5529 habeo
2165 5492 2178 5527 :
2210 5473 2263 5528 id

697 5570 841 5633 quod
874 5569 1049 5623 nolui.
1076 5568 1285 5639 itaque,
1312 5581 1368 5623 ut
1404 5580 1657 5624 eventum
1694 5570 1889 5623 habeat
1914 5569 2089 5621 oratio
2124 5581 2266 5630 mea,

698 5664 915 5725 quando
946 5671 1003 5715 tu
1038 5662 1109 5715 ita
1130 5662 1309 5731 jubes,
1344 5663 1504 5731 cupio
1537 5663 1812 5731 equidem,
1846 5660 1888 5712 si
1930 5659 2268 5727 imperatori,

700 5761 923 5814 domino
948 5772 1090 5822 meo,
1114 5765 1394 5824 acceptum
1442 5756 1535 5818 sit,
1583 5763 1639 5807 ut
1674 5753 1948 5821 impertiat
1985 5752 2115 5804 mihi
2148 5766 2269 5803 mu-

706 5866 805 5909 nus
869 5849 1049 5920 magni
1109 5850 1455 5904 contostauli.
1520 5867 1537 5898 ι
1594 5846 1668 5900 Ita
1733 5843 1981 5900 discessit
2042 5843 2269 5897 Notaras

2356 3316 2603 3384 γείλατο,
2636 3315 2733 3367 καὶ
2762 3313 2942 3375 καλῶς
2962 3313 3131 3367 πᾶσιν
3157 3311 3337 3375 ἔδοξεν
3377 3311 3463 3362 ινα
3490 3311 3552 3362 τὸ
3582 3305 3942 3360 συνοικέσιον

2357 3436 2412 3481 οι
2445 3436 2642 3481 cuncta
2674 3427 2861 3480 retulit
2896 3423 3253 3495 imperatori:
3301 3423 3395 3492 qui
3431 3424 3545 3476 hate
3594 3420 3641 3474 ei
3692 3434 3941 3489 respon-

2356 3519 2469 3574 dit:
2509 3538 2527 3571 ι
2564 3520 2697 3574 Illud
2740 3519 2956 3588 quidem
2997 3532 3196 3572 munus
3246 3515 3450 3570 nemini
3486 3512 3757 3582 impertio.
3792 3528 3945 3582 quo-

2358 3615 2501 3665 niam
2545 3612 2806 3681 pristinus
2850 3608 3026 3664 atlinis
3070 3623 3225 3664 mens
3280 3622 3509 3677 magnus
3553 3607 3945 3661 contostaulus

2357 3714 2461 3769 est,
2497 3712 2723 3759 ornatus
2764 3718 2827 3759 ea
2869 3702 3137 3773 dignitate
3175 3700 3229 3753 in
3286 3698 3658 3767 Peloponneso
3691 3712 3719 3750 a
3777 3708 3947 3765 patre

2359 3810 2480 3849 meo
2504 3796 2850 3864 imperatore,
2870 3810 2992 3848 cum
3020 3793 3275 3847 lstbmum
3297 3793 3550 3845 muniret.
3570 3787 3763 3842 Verum
3790 3792 3947 3845 dabo

2357 3890 2430 3941 illi
2457 3889 2603 3943 aliud
2660 3889 2835 3954 majus
2868 3902 3085 3950 munus,
3147 3885 3331 3954 magni
3376 3884 3683 3954 legetbetze.
3731 3902 3748 3935 ι
3792 3885 3944 3937 Tum

2359 3980 2467 4031 dnx
2495 3997 2508 4029 :
2551 3997 2569 4029 ι
2600 3977 2741 4042 Quid
2763 3978 2948 4044 igitur,
2983 3976 3183 4044 inqttit,
3213 3976 3279 4029 de
3306 3974 3610 4044 Palaeologo
3636 3972 3946 4028 Metochiu

2359 4069 2488 4124 fiet?
2522 4088 2540 4122 ι
2606 4068 2961 4138 Addiditque,
3024 4077 3085 4121 ut
3133 4067 3316 4138 magni
3350 4066 3644 4136 primicerii
3710 4083 3947 4131 munus,

2360 4163 2505 4233 quod
2571 4172 2694 4231 post
2747 4159 3209 4231 stratopedarcbae
3270 4174 3470 4213 munus
3504 4160 3787 4227 'sequitur,
3832 4177 3949 4213 non

2362 4257 2484 4317 hoc,
2528 4255 2656 4307 milii
2684 4254 2859 4308 daret.
2905 4271 2923 4304 ι
2963 4251 3083 4321 lpsa
3110 4252 3281 4313 enim,
3311 4253 3506 4319 inquit,
3547 4251 3813 4319 majestas
3853 4263 3950 4306 tua

2362 4347 2548 4402 fratris
2599 4347 2837 4415 despotaz
2911 4355 3101 4416 rogatu
3165 4346 3671 4413 stratopedarcliam
3755 4346 3950 4400 fecisti

2359 4439 2724 4494 Cantacuzeni
2752 4437 2921 4491 tilium
2981 4447 3200 4505 propter
3265 4436 3581 4489 afﬁnitatem
3636 4444 3688 4488 et
3723 4446 3949 4504 patrem

2362 4533 2480 4601 ejus
2515 4538 2986 4599 protostratorcm.
3020 4529 3303 4583 Pbrantzae
3331 4528 3497 4596 igitur
3526 4528 3571 4582 si
3594 4528 3813 4581 dederis
3844 4538 3955 4584 tmc

2364 4621 2625 4686 oﬂicium,
2658 4621 2805 4691 quod
2831 4620 3009 4690 majus
3048 4630 3128 4674 est
3157 4618 3421 4689 dignitate
3447 4622 3951 4687 stratopedarchze.

2364 4716 2493 4784 quid
2527 4714 2769 4768 futurum
2804 4713 2928 4767 est?
2968 4711 3073 4767 Sed
3120 4721 3323 4777 tamen,
3373 4713 3417 4765 si
3461 4711 3634 4781 placet
3666 4712 3742 4764 ita
3774 4715 3957 4778 maie-

2364 4804 2489 4859 stati
2518 4815 2645 4871 tum,
2669 4804 2848 4873 magni
2872 4804 3167 4872 primicerii
3194 4819 3394 4857 munus
3420 4804 3493 4857 illi
3524 4804 3765 4870 imperti,
3797 4810 3954 4872 quo]

2366 4911 2564 4965 magno
2621 4896 3080 4963 stratopedarcbte
3144 4895 3452 4963 proximum
3507 4904 3611 4947 est.
3654 4912 3673 4945 ι
3739 4896 3952 4949 Contra

2369 4986 2482 5041 lucc
2508 4987 2837 5055 imperator:
2898 5005 2916 5037 ι
2954 4984 3074 5039 Jam
3128 4996 3257 5040 ante
3312 4986 3407 5040 tibi
3446 4985 3579 5050 dixi,
3628 4986 3952 5041 Pbrantzen

2369 5095 2476 5133 non
2505 5091 2857 5149 accepturum
2888 5079 3233 5148 dignitatem,
3263 5094 3427 5147 quam
3467 5094 3592 5133 cum
3647 5080 3760 5133 alio
3792 5096 3954 5134 com-

2371 5187 2588 5225 munem
2647 5171 2938 5224 liabiturus
2982 5171 3071 5232 sit,
3133 5169 3346 5223 etiamsi
3407 5169 3477 5222 sit
3532 5171 3952 5237 praestabilior:

2369 5264 2644 5334 quomodo
2671 5264 2831 5333 igitur
2861 5263 3096 5331 accipiet
3131 5277 3333 5315 munus
3371 5261 3552 5330 magni
3596 5262 3908 5330 primicerii
3934 5264 3956 5303 7

2372 5372 2559 5410 verum
2594 5366 2647 5409 ιυ
2698 5357 2894 5410 iterum
2949 5368 3074 5407 eum
3136 5353 3390 5415 conveni,
3450 5362 3508 5405 ut
3542 5367 3953 5422 cognoscamus

2370 5450 2704 5505 voluntatem
2730 5448 2901 5519 ejus.»
2939 5446 3126 5515 Itaque
3155 5447 3348 5499 iterum
3378 5444 3445 5498 ad
3469 5458 3555 5500 me
3582 5446 3815 5502 veniens
3838 5422 3954 5500 ma-

2372 5558 2510 5611 gnus
2537 5540 2687 5594 dux:
2731 5558 2749 5589 ι
2785 5539 3107 5608 Imperator.
3132 5535 3227 5603 ait,
3274 5537 3431 5599 dixit,
3488 5536 3675 5605 magni
3760 5547 3954 5591 conto-

2375 5634 2536 5687 stanli
2581 5631 2840 5695 olIicium,
2895 5645 3002 5699 quo
3044 5628 3216 5697 ipsius
3272 5628 3443 5682 adluis
3499 5626 3789 5697 fungatur,
3849 5644 3953 5683 nec

2378 5726 2473 5780 tibi
2511 5740 2610 5779 nec
2646 5724 2737 5777 alii
2778 5725 3031 5792 cuiquam
3082 5737 3139 5777 se
3176 5723 3451 5785 daturum,
3486 5721 3579 5775 sed
3616 5729 3949 5775 ornatorum

2378 5828 2429 5874 te
2464 5833 2587 5873 esse
2625 5816 2805 5886 magni
2840 5816 3137 5885 primicerii
3179 5830 3423 5877 munere,
3457 5814 3602 5885 quod
3637 5814 3807 5869 etiam
3841 5826 3953 5865 ma-
