4134 6452
159 413 272 479 829

1214 420 1651 484 CIIRONICON
1693 425 1962 487 MAJUS.
1992 451 2058 460 -
2090 426 2231 486 LIB.
2278 428 2391 486 ΙΙΙ.

3310 432 3412 496 830

157 539 263 607 τῆς
302 539 444 609 ἐμῆς
475 537 750 609 θυγατρὸς
783 538 1011 607 γένηται
1039 554 1051 569 ⁸
1084 539 1213 609 περὶ
1250 540 1304 592 δὲ
1336 541 1430 594 τοῦ
1454 540 1733 609 ὀφφικίου,
1764 538 1812 595 Α
1843 542 1941 609 ρᾶν
1963 541 2015 593 τί
2044 541 2133 592 διὰ
2162 543 2256 594 τοῦ
2290 541 2481 609 ἱερέως
2515 542 2810 597 Ἀντωνίου
2842 545 3034 613 μηνύει
3072 564 3200 614 μοις
3234 567 3253 600 ι
3285 546 3417 601 Εἶτα

156 631 235 694 ὥς
265 631 326 684 τὸ
349 632 513 701 φέρον
547 632 709 701 φέρῃ,
753 633 845 685 καὶ
873 630 1097 685 ἀπέλθω
1131 635 1227 688 καὶ
1273 633 1353 695 είς
1401 634 1737 701 Πελοπόννη-

159 742 258 777 σον
291 727 387 778 καὶ
418 725 670 794 Κύπρον,
696 726 791 779 καὶ
820 727 917 778 σὺν
946 728 1071 794 ἐμοὶ
1100 726 1218 796 άρω
1264 727 1358 778 καὶ
1391 727 1481 779 τὸν
1513 727 1735 791 ἄριστόν

160 836 270 887 μου
331 819 447 871 υῑδν
484 819 579 871 τὸν
616 818 713 871 καὶ
762 819 1047 885 κρείττονα
1076 820 1261 889 σχεδὸν
1293 820 1471 872 εἰπεῖν
1518 819 1736 872 πάντων

155 913 271 965 τῶν
298 912 709 981 συνηλικιωτῶν
737 912 930 974 αὐτοῦ,
962 914 1057 965 καὶ
1103 912 1211 965 άπὸ
1241 913 1337 981 τῆς
1377 911 1603 981 κινητῆς
1634 929 1734 980 μου

156 1006 486 1073 περιουσίας
513 1006 574 1058 τὸ
608 1006 773 1060 πλέον
827 1007 1019 1076 μέρος,
1051 1006 1146 1059 καὶ
1175 1006 1435 1060 ἀπελθεῖν
1472 1008 1621 1075 ἡμᾶς
1647 1006 1736 1060 διὰ

157 1096 356 1164 Ξηρίς,
387 1096 535 1159 ὅπως
568 1097 821 1160 κάκεῖνος
861 1097 946 1167 ῖδῃ
982 1100 1108 1161 τούς
1146 1099 1345 1161 τόπους
1376 1100 1473 1152 καὶ⁵
1512 1100 1735 1152 παιδευ-

156 1187 393 1255 θήσεται
447 1190 528 1251 είς
576 1190 686 1242 πᾶν
713 1191 775 1242 τὸ
829 1192 1106 1261 χρήσιμον
1142 1194 1203 1245 ὲν
1250 1193 1328 1260 τῷ
1369 1192 1501 1262 βίῳ·
1536 1193 1632 1245 καὶ
1689 1194 1737 1244 εί

156 1279 368 1349 ἴδωμεν
398 1281 482 1333 ὅτι
513 1282 737 1351 ἀμηρᾶς
766 1282 893 1335 καθ’
926 1282 1082 1353 ήμῶν
1121 1282 1373 1353 βούλεταί
1402 1301 1454 1335 τι
1486 1283 1735 1350 ποιῆσαι,

154 1372 312 1425 ἐάσω
344 1373 437 1426 τὸν
459 1374 581 1427 υἱόν
616 1391 717 1443 μου
752 1376 812 1427 ὲν
840 1378 906 1446 τῇ
947 1376 1340 1446 Πελοποννήσῳ
1366 1378 1503 1444 μετὰ
1534 1377 1631 1443 τῆς
1654 1394 1739 1429 κι-

153 1465 337 1535 νητῆς
369 1482 471 1535 μου
500 1466 790 1535 ὑπάρξεως
815 1469 969 1538 παρά
994 1470 1105 1534 τοῖς
1125 1472 1413 1538 μητρικοῖς
1447 1470 1607 1540 230
1633 1488 1735 1538 μου

154 1558 411 1621 γνησίοις
472 1562 789 1626 συγγενέσι,
822 1563 934 1623 τοῖς
984 1561 1334 1615 κατοικοῦσιν
1374 1564 1432 1615 ἐν
1476 1566 1595 1625 ταῖς
1628 1564 1739 1633 χώ-

157 1667 290 1718 ραις
341 1650 439 1702 τοῦ
481 1652 902 1721 μελλογάμσρου
934 1657 1053 1722 ’μου
1078 1667 1094 1686 ⁸
1130 1656 1181 1709 εί
1214 1656 1272 1707 δὲ
1321 1656 1423 1708 οὐκ
1477 1657 1663 1710 ἔσεταί
1689 1676 1738 1709 τι

157 1741 290 1795 καθ’
332 1743 515 1811 ἡμῶν,
551 1746 937 1815 ὲπαναστρέῲῃ
970 1746 1133 1799 πάλιν
1165 1748 1264 1801 σὺν
1300 1750 1423 1818 ἐμοὶ
1458 1751 1512 1801 έν
1538 1753 1603 1819 τῇ
1635 1768 1738 1802 πα-

155 1835 329 1903 τρίδι.
374 1836 607 1889 Ἕνεκεν
667 1838 857 1891 λοιπὸν
895 1840 1007 1891 τῶν
1065 1842 1377 1910 εἰρημένων
1427 1843 1621 1895 πασῶν
1651 1846 1739 1896 αξ-

156 1928 317 1994 τιῶν,
350 1929 597 1999 δηλονότι
648 1931 747 1984 τοῦ
804 1933 1146 1985 συνοικεσίου
1184 1935 1283 2002 τῆς
1329 1933 1598 2003 θυγατρός
1635 1952 1734 2003 μου

160 2020 263 2073 καὶ
293 2022 397 2089 τῆς
433 2023 619 2093 μάχης
654 2024 899 2092 ὑποψίας
940 2027 1038 2078 καὶ
1064 2026 1176 2079 τῶν
1217 2026 1443 2089 λοιπῶν,
1478 2027 1551 2088 ώς
1580 2027 1736 2096 προεί

157 2130 363 2182 πομεν,
393 2114 424 2184 ή
459 2115 715 2179 σύνευνός
769 2135 869 2187 μου
907 2119 1257 2188 συνεχώρησε
1286 2119 1385 2187 τὴν
1427 2120 1588 2173 πάλιν
1618 2118 1736 2181 ἐξέ-

156 2209 350 2260 λευσίν
394 2227 519 2277 μου.
568 2210 654 2272 Ὠς
686 2211 778 2264 οὖν
807 2212 867 2264 τὸ
906 2212 1005 2273 τῆς
1052 2211 1315 2282 θυγατρός
1354 2230 1455 2281 μου
1488 2213 1735 2264 συνοικέ-

158 2319 282 2354 σεον
316 2302 732 2373 διωρθώσαμεν,
788 2304 1119 2371 ποιήσαντες
1166 2307 1233 2360 τὰ
1270 2307 1734 2376 προικοσύμφωνα

155 2392 256 2444 καὶ
296 2393 605 2460 ῖερολογίαν
633 2393 730 2446 τοῦ
769 2394 1114 2464 άῤῥαϐῶνος,
1152 2394 1247 2446 καὶ
1287 2396 1463 2463 χαρὰν
1495 2394 1583 2447 διὰ
1609 2395 1735 2456 τοὺς

153 2482 379 2551 γάμους
440 2485 791 2553 ποιήσαντες,
847 2486 1024 2538 πάντα
1071 2485 1137 2538 τὰ
1197 2485 1472 2553 ἀναγκαῖα
1519 2484 1605 2538 διὰ
1636 2488 1735 2552 τὴν

151 2578 276 2631 ὁδὸν
326 2578 785 2647 ᾠκονομήσαμεν,
848 2582 896 2631 εί
951 2578 1027 2647 μὴ
1096 2579 1256 2649 μόνον
1306 2580 1401 2641 τὰς
1451 2576 1734 2644 βασιλικάς

152 2671 494 2739 προστάξεις
548 2671 638 2724 διά
698 2673 1048 2741 γραμμάτων
1100 2671 1474 2742 προσεδόκουν
1526 2670 1731 2725 λαϐεῖν.

154 2764 267 2816 Καὶ
282 2763 535 2817 ἀπελθὼν
555 2765 635 2828 είς
657 2764 717 2818 τὸ
736 2765 991 2818 παλάτιον
1014 2763 1334 2836 εἰσελήλυθα
1357 2764 1502 2817 ἔνδον
1528 2764 1621 2817 τοῦ
1640 2762 1732 2816 τοῦ

154 2853 421 2923 βασιλέως
442 2854 678 2920 κελλίου,
711 2855 785 2917 ώς
817 2853 1044 2923 σύνηθές
1075 2873 1185 2924 μοι,
1220 2856 1312 2908 καὶ
1326 2855 1424 2925 οὐχ
1449 2855 1607 2923 εὖρον
1638 2855 1737 2908 αὐο

150 2951 268 3002 τόν.
300 2949 435 3017 Περὶ
467 2948 528 3001 οὗ
552 2948 831 3019 ἠρώτησα,
852 2949 949 3002 καὶ
972 2950 1168 3019 ὲρῥέθη
1193 2949 1449 3018 μοιότιέν
1476 2948 1552 3019 τῷ
1570 2966 1736 3018 τρασ-

154 3042 311 3111 σάρῳ
338 3041 598 3111 δωματίῳ
627 3041 803 3111 ἑτέρῳ
853 3042 1084 3110 πλησίον
1151 3041 1247 3094 τοῦ
1297 3040 1503 3094 κελλίου
1569 3041 1736 3094 αὐτοῦ

154 3135 310 3187 συνε)
323 3135 443 3188 άλει
477 3134 553 3204 τῷ
585 3134 722 3203 ἱερεῖ
759 3134 1025 3203 ’ᾼντωνίῳ
1051 3133 1349 3204 τῷῬοδίῳ.
1370 3134 1541 3202 Κάγὼ
1566 3152 1737 3203 προσ-

1843 632 2170 702 παραλιπὼν
2207 635 2305 700 τὴν
2354 633 2512 702 ὓϐριν
2542 633 2693 700 λέγει
2749 652 2841 702 μοι
2890 639 3073 703 πάλιν,
3118 657 3135 690 t
3179 639 3251 692 Σὺ
3292 639 3416 707 ἐζή-

1843 741 2015 793 τησας
2047 725 2106 777 τὸ
2136 728 2393 793 ὀφφίκιον
2423 726 2519 779 τοῦ
2566 727 2805 795 μεγάλου
2838 732 3229 785 κοντοτταύλου
3250 749 3266 766 ο
3301 734 3413 799 ἐγὼ

1844 815 1999 870 εἷπον
2026 818 2105 888 τῷ
2129 820 2353 889 Νοταρᾷ
2381 821 2464 872 ὅτι
2494 819 2617 872 οὔτε
2648 822 2793 890 ἄλλῳ
2824 822 2934 875 τινὶ
2959 823 3115 878 δώσω
3145 826 3234 880 διά
3262 844 3414 889 τινας

1844 912 2025 975 αίτίας
2061 912 2136 975 ώς
2174 909 2362 966 εἷπον·
2389 912 2506 966 ἀλλ’
2554 914 2691 983 ἔφην
2723 915 2874 985 αὐτῷ
2921 917 3010 971 ἵνα
3043 918 3199 972 δώσω
3234 938 3317 973 σοι
3352 921 3414 971 τδ

1843 1004 2101 1074 ὀφφίκιον
2128 1006 2223 1059 τοῦ
2260 1006 2502 1075 μεγάλου
2532 1008 2842 1076 λογοθέτου.
2887 1010 2948 1066 '0
2976 1011 3033 1063 δὲ
3060 1007 3182 1066 εἶπέ
3210 1030 3301 1081 μοι
3333 1015 3414 1067 ὅτι

1846 1100 1893 1151 εί
1932 1101 1960 1151 ὁ
2013 1099 2387 1167 Παλαιοὶόγος
2436 1101 2591 1170 231
2629 1104 2656 1155 ὁ
2700 1103 2876 1171 μέγας
2929 1107 3416 1176 στρατοπεδάρχης

1842 1191 2051 1260 ἀκούσῃ
2081 1189 2263 1254 τοῦτο,
2304 1192 2355 1244 τί
2400 1196 2726 1262 γενήσεται,
2766 1196 2815 1246 εί
2860 1196 2941 1247 σοὶ
2974 1198 3320 1265 εὐεργετήσω
3356 1199 3416 1249 τδ

1844 1282 2087 1334 τοιοῦτον
2139 1283 2377 1353 ἀξίωμα.
2431 1287 2543 1338 Καὶ
2596 1288 2840 1355 σήμερον
2884 1288 3123 1340 ἔστειλεν
3179 1290 3237 1341 ὃν
3278 1286 3416 1350 εἶδες

1846 1370 2104 1436 ἐξελθεῖν,
2134 1373 2226 1427 τὸν
2252 1377 2310 1427 ὲν
2337 1376 2586 1445 σχήματι
2619 1378 2717 1429 καὶ
2738 1376 2945 1447 θεωρίᾳ
2971 1380 3307 1447 ἐπιτήδειον,
3339 1380 3415 1451 τῷ

1844 1463 1899 1516 δὲ
1927 1466 2113 1534 τρόπῳ
2142 1467 2239 1519 καὶ
2266 1466 2349 1519 νοῒ
2383 1468 2648 1536 ἄγροικον
2677 1468 2775 1521 καὶ
2823 1471 3269 1539 ἀνωφελέστατον
3297 1474 3417 1527 Ἀν-

1845 1557 2036 1609 τώνιον
2064 1559 2237 1625 ἱερέα,
2267 1558 2438 1610 αἰτῶν
2488 1577 2577 1629 μοι
2613 1560 2699 1613 ἵνα
2739 1566 2958 1629 τιμήσω
2997 1565 3122 1625 τοὺς
3152 1569 3413 1618 σκαιοτά-

1846 1664 1968 1710 τους
1996 1650 2091 1701 καὶ
2147 1650 2446 1712 ἀσυνέτους
2498 1653 2652 1714 υἱοὺς
2681 1654 2875 1713 αὐτοῦ.
2921 1656 3009 1707 τὶν
3045 1656 3141 1723 μὲν
3199 1658 3415 1724 πρῶτον

1852 1743 2023 1808 μέγαν
2049 1740 2364 1812 λογοθέτην,
2392 1744 2485 1796 τὸν
2514 1744 2570 1796 δὲ
2609 1744 2863 1814 δεύτερον
2894 1747 3069 1813 μέγαν
3097 1749 3417 1803 κοντόσταυ-

1846 1836 1958 1894 λον,
2010 1836 2133 1887 ἐπεὶ
2186 1836 2438 1898 καὶτοὺς
2489 1838 2725 1907 ἐσθῆτας
2782 1841 2986 1903 ἐκεῖνος
3031 1843 3211 1912 ἄρχει,
3277 1847 3413 1914 ὅπερ

1792 1913 1809 1954 ⁸
1841 1929 1989 1979 ἐστὶν
2018 1930 2047 1997 ἡ
2082 1930 2359 1998 ὑπηρεσία
2389 1929 2483 1982 τοῦ
2515 1931 2679 1985 αὐτοῦ
2714 1935 2996 2001 ὁψφικίου.
3031 1935 3235 1989 Λοιπὸν
3268 1936 3412 2005 λέγω

1839 2022 2188 2094 εὐεργετήσω
2222 2025 2408 2086 αὐτοῖς
2450 2025 2587 2079 ἄλλα
2628 2026 2864 2093 ὀφφίκια
2919 2029 3058 2095 μετά
3100 2033 3317 2096 καιρὸν,
3353 2033 3411 2083 οὐ

1838 2115 2110 2182 τοσαύτης
2168 2116 2324 2179 ἀξίας
2374 2116 2545 2184 ὅμως,
2597 2115 2714 2169 ἀλλ’
2771 2117 3168 2171 ἐλάττοναοσὺ
3205 2121 3261 2173 δὲ
3314 2121 3411 2191 ἔσῃ

1837 2209 1945 2260 ἀπὸ
1981 2210 2074 2259 τοῦ
2110 2207 2206 2259 νῦν
2257 2209 2431 2275 μέγας
2460 2210 2775 2279 λογοθέτης.
2811 2210 2983 2262 Τοῦτο
3014 2210 3072 2263 δὲ
3116 2212 3211 2266 καὶ
3248 2213 3412 2280 μόνον

1838 2299 2204 2367 παραγγέλλω
2237 2318 2336 2361 σοι,
2372 2303 2453 2353 ὅτι
2500 2302 2590 2354 διὰ
2621 2303 2689 2354 τὰ.
2738 2300 3028 2370 συμϐάντα
3060 2301 3158 2354 τοῦ
3215 2304 3410 2372 καιροῦ

1838 2392 1932 2441 καὶ
1960 2390 2056 2451 τὰς
2091 2391 2439 2453 ποικιλώδεις
2468 2391 2695 2460 γνώμας
2724 2391 2833 2443 τῶν
2867 2392 3151 2460 ἀρχόντων
3189 2392 3283 2445 καὶ
3313 2393 3408 2446 άλ-

1837 2482 1932 2544 λας
1979 2484 2152 2544 αἰτίας
2208 2486 2283 2552 μὴ
2344 2485 2748 2553 προσκυνήσεις
2787 2498 2855 2553 με
2923 2486 3003 2547 είς
3057 2490 3407 2555 παράστασιν

1836 2576 2051 2644 ἑορτῆς,
2092 2577 2169 2638 ῶς
2197 2576 2374 2641 ἔξεστι
2398 2576 2474 2647 τῷ
2509 2578 2751 2646 ὀφφικίῳ
2782 2594 2901 2643 σου,
2929 2580 2976 2631 ει
3006 2580 3078 2649 μὴ
3100 2582 3127 2633 ὁ
3160 2581 3410 2650 Νοταρᾶς

1835 2670 2037 2739 γράψει
2062 2672 2122 2723 ὲν
2155 2673 2275 2733 ταῖς
2317 2672 2452 2741 πρὸς
2486 2671 2614 2734 τοὺς
2646 2672 3017 2741 αὐταδέλφους
3060 2690 3161 2742 μου
3189 2675 3283 2726 καὶ
3312 2677 3409 2740 τὴν

1836 2762 2067 2830 ἀνεψιάν
2124 2779 2224 2831 μου
2259 2762 2359 2831 τὴν
2409 2764 2680 2833 ρήγισσαν
2708 2764 3045 2829 ἐπιστολαῖς,
3078 2766 3171 2817 καὶ
3222 2766 3409 2829 ἀπλῶς

1837 2855 1974 2923 πρὸς
2030 2853 2239 2916 πάντας
2274 2852 2369 2917 οὓς
2407 2854 2589 2921 μέλλω
2637 2854 2870 2921 γράψειν
2919 2857 3181 2926 περὶτῆς
3231 2860 3409 2909 ἐκεῖσε

1836 2946 2168 3016 ἀποδημίας,
2210 2948 2276 2999 σὺ
2329 2948 2385 2998 δὲ
2415 2947 2774 3015 ἀντιγράῲεις
2821 2946 2986 3000 πάλιν
3025 2950 3235 3001 ἐκεῖθεν
3276 2949 3411 3019 πρός

1841 3055 1908 3108 με
1936 3040 2028 3091 καὶ
2060 3039 2197 3107 πρὸς
2226 3039 2437 3101 πάντας
2474 3039 2569 3091 τοῦ
2592 3040 2744 3091 οἴκου
2778 3058 2893 3097 σου.
2933 3042 2993 3094 Ei
3037 3042 3130 3093 καὶ
3154 3042 3210 3093 ἐν
3237 3041 3410 3109 τούτῳ

1838 3129 1914 3199 τῷ
1953 3130 2106 3198 μέσῳ
2144 3131 2423 3183 ἀκούσωσι
2458 3131 2509 3182 οἱ
2541 3131 2613 3200 μὴ
2645 3132 2917 3198 θέλοντες,
2948 3134 3040 3186 καὶ
3079 3133 3128 3184 εί
3177 3133 3412 3201 φανήσεο

156 3228 354 3295 μείνας
386 3227 605 3297 μικρὸν,
641 3227 754 3280 ίδοὺ
784 3228 811 3277 ὁ
863 3226 1116 3296 βασιλεὺς
1163 3224 1525 3295 ἐξερχόμενος
1559 3227 1731 3292 θυμοῦ
1759 3250 1802 3308 C
1839 3242 1927 3277 ται
1959 3226 2142 3288 αὐτοῖς
2174 3225 2503 3294 αὐστηρὸνῆ
2546 3225 2764 3293 πικρὸν,
2810 3224 3059 3287 θέλοντες
3100 3225 3191 3277 καὶ
3220 3225 3292 3291 μὴ
3328 3225 3413 3276 03'—

154 3318 343 3371 πνέων
372 3319 519 3387 λέγει
563 3335 652 3388 μοι
678 3334 691 3347 '
732 3337 751 3370 ι
790 3315 949 3382 Εἶδες
977 3318 1071 3370 τὸν
1104 3318 1418 3387 μεσάζοντα
1443 3318 1533 3370 τὸν
1562 3319 1735 3371 Nora-

147 3504 242 3571 jus
272 3502 368 3555 illo
396 3510 501 3556 est.
528 3520 545 3551 ι
593 3500 691 3555 Cui
728 3499 1011 3569 respondi,
1042 3498 1255 3554 etiamsi
1295 3501 1475 3568 majus
1506 3507 1652 3555 esset
1679 3500 1731 3553 id

152 3595 391 3648 oﬂicium
426 3593 602 3662 magni
634 3593 790 3648 ducis
847 3592 1042 3657 oilicio,
1076 3600 1256 3646 tamen
1294 3606 1400 3646 non
1430 3572 1729 3660 passurum

155 3702 245 3739 me
276 3700 420 3751 esse,
453 3685 541 3739 alii
586 3683 637 3738 id
674 3686 992 3753 derogatum
1036 3683 1091 3737 in
1148 3697 1235 3738 me
1267 3683 1531 3749 conferri,
1567 3692 1733 3753 atque

153 3782 233 3835 ita
270 3781 433 3834 linem
488 3779 677 3833 habuit
723 3778 1085 3847 colloquium.
1134 3777 1497 3833 Consultante
1552 3788 1729 3833 autem

152 3887 245 3927 me
280 3887 402 3926 cum
443 3872 706 3940 cognatis,
759 3869 949 3924 amicis
995 3879 1049 3925 et
1093 3868 1463 3923 familiaribus
1526 3869 1593 3923 de
1642 3869 1727 3932 iis,

152 3979 278 4033 qua:
310 3964 601 4032 imperator
630 3963 760 4017 mihi
786 3972 1164 4032 proposuerat.
1226 3962 1480 4017 omnibus
1510 3961 1730 4015 videba-

154 4070 264 4119 tur,
287 4066 346 4112 ut
373 4056 685 4126 coniugium
713 4055 833 4110 lilia:
868 4070 998 4111 mea:
1034 4056 1205 4119 ﬂeret,
1229 4055 1295 4109 de
1347 4055 1520 4108 oiIicio
1546 4064 1726 4109 autem

154 4153 388 4204 fortuna:
425 4164 512 4203 me
539 4150 957 4213 committerem,
986 4157 1148 4218 atque
1185 4147 1240 4201 in
1294 4146 1727 4216 Peloponnesum

151 4252 209 4297 ct
238 4244 474 4312 Cyprum
511 4241 886 4311 proficiscerer
916 4252 973 4295 et
1021 4249 1307 4309 assumpto
1350 4240 1463 4293 tilio
1518 4238 1727 4308 Optimo

152 4353 237 4400 ac,
285 4349 457 4405 prope
507 4334 708 4398 dicam,
762 4334 1065 4401 aequalibus
1132 4334 1250 4387 suis
1283 4332 1538 4387 omnibus
1593 4348 1729 4401 prte-

151 4430 447 4497 stantiore,
478 4435 533 4480 et
588 4426 795 4495 majore
827 4432 979 4495 parte
1037 4440 1200 4493 apum
1263 4423 1572 4489 mobilium,
1631 4439 1727 4492 per

1840 3319 2023 3380 λοντες
2054 3319 2400 3371 καταπίωσιν
2432 3319 2584 3371 αὐτό.
2623 3337 2642 3369 ι
2691 3317 2831 3385 Ἐγὼ
2874 3318 2931 3370 δὲ
2984 3318 3295 3388 ἀπεκρίθην
3334 3319 3412 3388 τῷ

1834 3500 2101 3554 Palatium
2144 3502 2308 3571 igitur
2336 3509 2388 3555 et
2419 3500 2727 3556 cubiculum
2773 3500 3119 3569 imperatoris
3154 3515 3254 3569 pro
3282 3515 3417 3554 con‘

1835 3594 2119 3650 suetudine
2149 3610 2269 3650 mea
2304 3595 2607 3664 ingressus,
2648 3595 2826 3663 ipsum
2867 3610 2973 3648 non
3020 3596 3259 3650 invenio.
3305 3595 3414 3648 Ro-

1834 3689 1979 3757 ganti
2018 3689 2149 3741 mihi
2181 3703 2504 3757 responsum
2558 3695 2665 3751 est,
2699 3687 2943 3757 colloqui
3006 3703 3131 3742 eum
3203 3690 3256 3741 in
3282 3703 3411 3741 con-

1835 3776 1969 3829 clavi
2001 3776 2256 3832 cubiculo
2287 3777 2466 3831 vicino
2489 3793 2613 3832 cum
2647 3777 2886 3831 Antonio
2921 3779 3227 3838 sacerdote.
3262 3777 3410 3832 Rho-

1833 3869 1944 3923 dio.
1972 3868 2161 3938 Itaque
2180 3870 2464 3938 praestolor
2484 3870 2824 3939 aliquandiu,
2850 3886 2973 3924 cum
3000 3886 3127 3925 ecce
3154 3874 3410 3939 prodiens

1834 3962 2125 4029 imperator
2178 3962 2253 4014 ira
2306 3962 2564 4017 incensus
2622 3976 2708 4015 me
2761 3962 3052 4016 inclamat:
3101 3981 3119 4012 ι
3167 3961 3408 4026 Nostine,

1836 4050 2037 4121 inquit,
2067 4051 2160 4120 qui
2194 4065 2223 4103 a
2256 4052 2530 4105 mandatis
2563 4052 2695 4105 mihi
2728 4062 2811 4107 est
2856 4051 3084 4105 Notaras
3133 4053 3260 4119 quid
3317 4067 3412 4119 por

1830 4144 2125 4197 Antonium
2157 4148 2494 4199 sacerdotem
2537 4144 2669 4198 mihi
2698 4144 3007 4213 signiﬁcet?
3036 4164 3053 4196 ι
3091 4144 3291 4199 Deinde
3325 4161 3411 4198 re-

1831 4240 1995 4293 missa
2065 4238 2340 4304 superbia,
2396 4237 2585 4291 addit:
2650 4256 2669 4288 (
2737 4236 3009 4306 Cupivisti
3057 4246 3115 4292 tu
3169 4238 3405 4292 oilicinm

1833 4330 2007 4395 magni
2041 4329 2370 4381 contostauli
2403 4344 2416 4380 :
2452 4330 2594 4396 quod
2648 4344 2747 4383 nec
2801 4328 2896 4383 alii
2947 4330 3201 4398 cuiquam
3255 4331 3414 4383 datu-

1830 4438 1949 4475 rum
1993 4436 2079 4474 me
2104 4436 2225 4476 esse
2257 4431 2477 4490 propter
2515 4436 2732 4487 causas,
2784 4437 2922 4491 quas
2956 4425 3405 4484 commemoravi,

150 4520 524 4574 continentem
563 4518 666 4572 iter
698 4516 959 4581 facerem,
995 4525 1052 4571 ut
1102 4516 1195 4571 ille
1242 4530 1462 4584 quoque
1512 4529 1605 4568 cas
1644 4530 1725 4567 re-
1827 4512 2040 4565 Notam
2077 4512 2265 4565 edixi:
2298 4512 2390 4565 tibi
2438 4527 2569 4566 vero
2614 4512 2867 4568 daturum
2925 4529 3010 4567 me
3043 4528 3164 4567 esse
3225 4516 3404 4579 magni

150 4613 347 4682 giones
375 4618 736 4679 cognosceret
760 4617 814 4664 et
842 4610 909 4664 ad
968 4623 1189 4663 omnem
1248 4608 1556 4669 scientiam,
1608 4622 1727 4676 qua:
1762 4592 1801 4641 ί)
1836 4605 2121 4674 iogothetae
2148 4606 2405 4661 cilicium.
2444 4604 2525 4659 Ad
2560 4621 2682 4674 quae
2720 4606 2807 4659 ille
2846 4606 3163 4673 respondit:
3218 4606 3273 4660 Si
3308 4608 3409 4661 hac

149 4704 284 4770 quid
350 4705 510 4757 habet
573 4702 639 4756 ad
705 4701 873 4755 vitam
952 4702 1242 4766 commodi,
1314 4702 1726 4766 institueretur,

150 4810 340 4863 atque,
377 4795 422 4849 si
438 4794 1080 4859 sensissemus,ameram
1112 4794 1317 4862 aliquid
1336 4794 1598 4849 adversus
1628 4811 1728 4848 nos

150 4886 359 4947 moliri,
403 4886 573 4938 lilium
603 4900 727 4939 cum
782 4885 943 4939 bonis
995 4885 1289 4939 mobilibus
1346 4886 1399 4939 in
1464 4885 1728 4953 Pelopon-

152 4974 290 5032 neso
318 4977 459 5045 apud
498 4986 776 5031 maternos
801 4984 1089 5045 cognatos,
1120 4975 1174 5030 in
1206 4990 1339 5045 agro
1368 4976 1529 5029 futuri
1555 4976 1730 5030 afﬁnis

152 5069 258 5121 mei
302 5067 622 5131 habitantes,
650 5065 1055 5134 relinquerem;
1110 5064 1196 5118 sin
1234 5064 1371 5117 nihil
1404 5073 1591 5117 contra
1626 5080 1726 5118 nos

152 5160 381 5212 uisurus
413 5164 576 5221 esset,
608 5172 733 5210 eum
762 5171 976 5211 mecum
1011 5156 1066 5209 in
1118 5156 1347 5225 patriam
1382 5156 1722 5210 reducerem.

151 5250 423 5301 (la-terum
456 5246 528 5301 ob
558 5260 748 5299 omnes
784 5246 904 5300 illas
937 5260 1156 5311 causas,
1188 5260 1328 5311 quos
1386 5260 1723 5298 commemo-

152 5338 294 5399 ravi,
358 5336 479 5390 lilia:
512 5336 853 5406 conjttgium,
917 5336 1289 5406 suspicionem
1353 5336 1477 5389 belli
1504 5344 1557 5390 et
1599 5336 1725 5389 reli-

150 5444 282 5498 qua,
319 5428 519 5496 conjux
549 5442 689 5491 mea,
721 5438 781 5482 ut
812 5442 976 5496 supra
1007 5429 1143 5489 dixi,
1167 5429 1347 5482 denuo
1387 5442 1473 5484 me
1504 5442 1725 5497 peregre

153 5520 429 5588 proficisci
454 5534 615 5589 passa
651 5528 755 5575 est.
784 5518 1081 5589 Postquam
1139 5520 1303 5589 igitur
1359 5520 1482 5573 ﬁlia:
1536 5518 1725 5587 conju-

150 5614 303 5680 gium
356 5610 702 5681 perfecimus,
781 5620 1001 5680 peracta
1082 5611 1229 5667 dotis
1290 5622 1343 5666 et
1398 5610 1722 5665 arrhabonis

151 5702 477 5770 sponsione,
516 5702 712 5771 gaudio
756 5713 977 5772 propter
1022 5704 1239 5773 nuptias
1283 5704 1505 5771 impleti,
1541 5702 1721 5755 omnia

150 5793 217 5847 ad
254 5793 557 5847 faciendum
590 5796 689 5849 iter
724 5796 1027 5851 necessaria
1088 5795 1445 5865 providimus,
1488 5810 1585 5848 nec
1610 5795 1718 5863 jam

150 5902 296 5955 opus
358 5895 494 5953 crat,
566 5887 668 5944 nisi
737 5889 951 5957 scriptis
1008 5890 1276 5943 mandatis
1356 5888 1716 5955 inperatoris.

1838 4708 1889 4750 te
1915 4698 2176 4767 dignitate
2207 4712 2512 4763 ornassem,
2565 4698 2695 4765 quid
2760 4696 3002 4751 futurum
3058 4707 3222 4759 esset,
3283 4714 3406 4751 cum

1839 4790 2172 4859 Palaeologus
2204 4807 2433 4859 magnus
2459 4791 2902 4859 Stratopedarcha
2936 4791 2986 4845 id
3030 4793 3408 4860 cognovisset?

1835 4881 1951 4934 Jam
1988 4883 2148 4935 hodie
2198 4882 2344 4936 misit
2392 4883 2457 4935 ad
2522 4899 2814 4951 me,qucm
2846 4895 3139 4937 exeuntem
3194 4885 3402 4946 vidisti,

1839 4974 2020 5025 lmldtu
2051 4983 2104 5025 et
2136 4974 2321 5041 specie
2356 4973 2638 5038 idoneum,
2670 4974 2918 5027 moribus
2944 4981 2999 5027 et
3034 4973 3253 5043 ingenio
3288 4976 3407 5028 hor-

1837 5064 2012 5116 ridum
2035 5074 2087 5117 et
2114 5064 2425 5131 improbum
2456 5066 2753 5119 Antonium
2790 5067 3155 5129 sacerdotem,
3182 5080 3405 5136 rogans.

1838 5165 1896 5207 ut
1929 5157 2299 5224 ineptissimos
2333 5158 2504 5226 ipsius
2537 5168 2590 5212 et
2644 5158 2875 5212 stolidos
2938 5158 3100 5225 iilios,
3138 5159 3243 5229 maj
3270 5176 3401 5214 trem

1838 5264 2087 5318 magnum
2118 5250 2467 5319 logothetam,
2499 5251 2764 5306 minorem
2795 5268 3047 5320 magnum
3093 5262 3411 5308 (:Oltloslalh

1835 5340 1943 5391 lum
1968 5353 2168 5403 creem,
2193 5355 2317 5395 cum
2350 5341 2438 5395 ille
2454 5342 2613 5395 etiam
2643 5340 2982 5396 vestimentis
3032 5343 3234 5407 praesit,
3258 5343 3404 5411 quod

1832 5430 2114 5499 proprium
2146 5430 2265 5499 ejus
2295 5446 2492 5485 munus
2524 5441 2629 5486 est.
2656 5432 2904 5486 Attamen
2934 5433 3244 5495 consentio,
3278 5448 3404 5500 pro-

1831 5524 2056 5578 cedente
2085 5532 2327 5592 tempore
2356 5525 2609 5579 daturum
2641 5540 2726 5579 me
2777 5526 2843 5579 iis
2896 5541 3019 5579 esse
3059 5524 3165 5579 alia
3200 5524 3397 5586 ollicia,

1833 5627 1941 5665 non
1970 5612 2102 5664 tanti
2142 5622 2322 5668 tamen
2356 5614 2635 5683 ponderis,
2676 5614 2769 5669 sed
2815 5616 3016 5669 leviora
3046 5634 3059 5678 ;
3124 5623 3179 5668 tu
3214 5624 3397 5669 autem

1831 5702 2028 5755 dehinc
2056 5718 2285 5772 magnus
2316 5704 2590 5771 logotheta
2624 5705 2754 5761 eris.
2788 5705 2983 5759 Verum
3025 5706 3127 5759 hoc
3150 5721 3312 5759 unum
3348 5712 3400 5759 te

1831 5807 2047 5857 moneo,
2078 5802 2136 5847 ιιι
2161 5804 2383 5863 propter
2418 5798 2679 5865 temporis
2730 5806 2917 5851 eventa
2970 5808 3017 5852 ct
3054 5797 3233 5852 varias
3276 5811 3401 5865 pro-

1831 5900 2011 5939 cerum
2045 5888 2351 5944 voluntates
2384 5889 2628 5960 aliasque
2664 5904 2858 5947 causas
2905 5891 2954 5945 in
2993 5891 3251 5945 festorum
3281 5888 3399 5944 die-
