4134 6452
810 431 910 496 8⁸81

2049 443 2372 503 GEORGU
2420 445 2843 510 PHRANTZE
3920 462 3993 520 87-3

808 550 1020 644 βᾳσιλξῖ
1071 549 1285 617 λέγων·
1335 569 1353 603 ε
1391 553 1592 622 Κύριος
1629 555 1656 606 ὁ
1705 554 1834 617 Θεδς
1884 559 2368 625 μακροημερεύσοι
2406 571 2440 620 Λ
2478 564 2583 616 Καὶ
2643 571 3076 636 προσμείναντες
3128 572 3307 638 ὀλίγον
3365 575 3449 627 ἵνα
3509 574 3736 642 ἴδωμεν,
3793 577 3861 644 μή
3900 596 3992 630 τετε

804 642 864 692 τὸ
891 642 1088 710 κράτος
1113 659 1233 697 σου.
1259 644 1446 712 Ὅμως
1467 645 1722 710 δεόμενος
1748 649 2056 713 παρακαλῶ
2080 650 2178 717 τὴν
2205 651 2368 714 ἀγὶαν

805 748 900 783 σου
933 733 1232 800 βασιλείαν,
1261 735 1355 787 ὲάν
1387 737 1552 806 μέλλῃ
1585 738 1855 806 συμϐῆναι
1883 741 1951 792 δι’
1981 741 2080 809 ἐμέ
2116 759 2167 793 τι
2205 742 2365 811 232

805 823 1104 878 σκάνδαλον
1145 825 1212 878 δι’
1243 827 1302 878 οὗ
1350 827 1816 897 προξενηθήσεται
1866 830 2010 900 λύπη
2068 821 2147 900 τῷ
2174 835 2365 902 κράτει

803 932 920 976 σου,
960 918 1032 985 μὴ
1073 917 1284 985 γένοιτο
1307 921 1386 982 είς
1410 921 1500 972 τὸν
1522 922 1720 985 αίὼνα⁹
1774 923 1909 976 ἀλλὰ
1943 925 2145 991 μᾶλλον
2173 925 2282 976 ’καὶ
2305 925 2366 976 τὸ

800 1005 982 1075 δέρμα
1019 1026 1118 1076 μου
1153 1011 1475 1080 ἀφαίρεσον,
1505 1014 1550 1064 εί
1598 1015 1677 1077 εις
1707 1016 1929 1086 εἰρήνην
1964 1017 2058 1069 καὶ
2094 1017 2363 1086 εὐφροσύ-

801 1114 897 1162 νην
927 1101 995 1167 τῇ
1051 1101 1299 1173 βασιλείᾳ
1331 1121 1426 1157 σου
1461 1108 1567 1175 εἴη.
1609 1123 1628 1156 ι
1674 1106 1733 1159 '0
1778 1107 1834 1161 δὲ
1865 1103 1985 1159 εἶπέ
2033 1123 2158 1176 μοι’
2205 1128 2224 1160 ε
2275 1108 2362 1172 Ὠς

802 1190 991 1254 πιστὸς
1022 1191 1277 1260 θεράπων
1312 1196 1562 1266 εἴρηκας.
1596 1199 1786 1268 Ὅμως
1830 1201 1904 1268 μὴ
1945 1200 2200 1269 φρόντιζε
2234 1203 2364 1270 περὶ

797 1275 991 1332 τούτου
1017 1282 1169 1334 οὐδέν
1189 1300 1202 1314 ·
1231 1284 1509 1354 λυποῦμαι
1539 1289 1648 1356 γάρ
1678 1288 1795 1349 πῶς
1825 1291 1899 1357 μὴ
1931 1291 2362 1359 περισκεπτόμεο

796 1387 879 1422 vet
905 1373 1005 1434 τὰς
1033 1374 1168 1442 πρός
1195 1392 1262 1443 με
1310 1378 1577 1441 τοσαύτας
1603 1381 1754 1447 παρά
1805 1381 1898 1434 σοῦ
1933 1381 2234 1450 θεραπείας
2268 1386 2361 1437 καὶ

795 1463 1005 1527 φιλίας.
1043 1464 1325 1530 βούλονται
1383 1469 1527 1522 κατὰ
1579 1469 1868 1539 σύγκρισιν
1929 1473 2038 1523 τῶν
2076 1473 2185 1525 σῶν
2237 1476 2360 1536 ταῖς

798 1555 1008 1607 ἑαυτῶν
1069 1557 1401 1626 ὑπολήψεσιν
1454 1560 1742 1632 ἀποπηδᾷν
1795 1563 1924 1624 τοὺς
1979 1565 2358 1632 προσήκοντας

798 1644 1043 1714 βαθμοὺς
1070 1649 1177 1700 τῶν
1203 1649 1493 1717 όφφικίων.
1529 1650 1678 1718 Πλὴν
1709 1653 2085 1722 προσκάλεσον
2125 1654 2357 1708 ινταῦθα

796 1741 987 1793 τὸντά
1017 1743 1218 1812 ταύτης
1252 1745 1349 1811 τῆς
1390 1745 1692 1817 ὑπηρεσίας
1732 1748 2169 1816 ἑμπιστευθέντα
2201 1749 2358 1802 νοτά-

796 1849 930 1900 ριον.
976 1851 994 1884 ι
1032 1835 1137 1886 Καὶ
1198 1836 1418 1889 ἑλθὼνό
1448 1838 1718 1906 νοτάριος,
1770 1839 2080 1908 προστάξας
2127 1843 2155 1892 ό
2197 1841 2354 1909 βασι-

794 1925 919 1988 ne;
945 1920 1098 1978 εἶπεν
1127 1928 1275 1998 αὺτῷ
1301 1944 1314 1960 ο
1356 1947 1375 1979 ‹
1426 1930 1770 1998 Προείπομέν
1812 1948 1894 1989 σοι
1930 1931 2065 2001 πρὸς
2104 1933 2226 1986 τίνα
2256 1935 2350 1986 καὶ

791 2019 910 2071 τίνα
945 2020 1049 2073 ἔδει
1105 2038 1164 2074 σε
1200 2022 1435 2092 γράφειν
1479 2023 1574 2085 τὰς
1612 2024 1714 2090 τῆς
1763 2025 1998 2087 πίστεως
2038 2027 2348 2090 ἐπιστολὰς,

789 2105 868 2170 οἷς
902 2111 1111 2180 γράψον
1146 2113 1229 2166 ὅτι
1259 2114 1514 2183 μέλλουσι
1544 2116 1736 2186 μαθεῖν
1767 2118 1827 2169 τὺ
1857 2120 1963 2170 πᾶν
1995 2119 2099 2170 ὑπὸ
2123 2119 2215 2171 τοῦ
2252 2137 2349 2186 με-

789 2204 957 2264 γάλου
983 2205 1268 2272 λογοθέτου
1303 2209 1577 2279 Γεωργίου
1607 2211 1701 2262 τοῦ
1733 2213 1982 2278 Φραντζῆ
2006 2229 2018 2241 ·
2055 2215 2146 2264 καὶ
2171 2215 2220 2264 εί
2251 2215 2350 2282 μὲν

789 2297 1045 2364 ζήσωμεν
1089 2301 1182 2350 καὶ
1219 2299 1426 2369 πρόσω,
1472 2300 1706 2369 γράψεις
1756 2302 1917 2354 αὐτὸν
1966 2303 2060 2356 καὶ
2114 2307 2347 2374 συγγενῆ

787 2388 945 2455 ἡμῶν
975 2387 1134 2443 εἶναι.
1171 2392 1278 2444 Καὶ
1312 2391 1406 2444 ὲάν
1446 2410 1553 2446 τινι
1589 2393 1686 2445 οὐκ
1719 2394 1909 2464 ἀρέσῃ,
1960 2395 2188 2457 ἄκοντες
2218 2398 2350 2448 ὑπο-

790 2479 1040 2546 μείνωσι,
1067 2484 1162 2535 καὶ
1195 2485 1317 2537 ἀντὶ
1342 2483 1606 2554 νέκταρος
1634 2485 1666 2554 ἢ
1713 2487 2018 2554 μυρεψικοῦ
2059 2490 2225 2541 ποτοῦ
2251 2490 2350 2558 τὴν

787 2572 948 2642 γολὴν
1011 2576 1452 2632 καταπιίτωσαν.
1486 2579 1549 2630 Et
1583 2579 1656 2648 μὴ
1699 2580 1796 2632 καὶ
1832 2580 1917 2642 σὺ,
1976 2581 2214 2650 νοτάριε,
2259 2582 2348 2650 ἔχε

786 2664 943 2716 τοῦτο
971 2664 1044 2728 ὡς
1095 2668 1413 2737 ἀπόκρυφον
1455 2668 1620 2737 μέχρι
1675 2669 1902 2736 ἡμερῶν
1954 2671 2138 2724 τινῶν.
2187 2691 2205 2723 ι
2242 2673 2349 2724 Καὶ

789 2759 1317 2824 συγκατασκευάσας
1367 2761 1435 2814 τὰ
1480 2763 1784 2831 πράγματα
1843 2763 2010 2817 ἔλαὸα
2060 2765 2220 2826 αὐτὰ,
2253 2765 2348 2817 καὶ

786 2851 1149 2918 προσεδόκουν
1186 2855 1426 2920 σήμερον
1454 2854 1484 2923 ἢ
1522 2853 1715 2924 αὔριον
1743 2857 2125 2923 προσκυνῆσαι
2153 2857 2230 2924 τῷ
2256 2858 2349 2926 βα-

787 2942 927 2992 σιλεῖ
953 2941 1119 3012 ἤγουν
1143 2942 1328 2996 λαϐεῖν
1354 2945 1541 2999 ἄδειαν
1576 2946 1663 2998 ἴνα
1695 2947 1939 3002 ἀπέλθω.
1981 2947 2118 3000 Ἰδοὺ
2154 2947 2345 3016 ἐξῆλθε

785 3035 886 3103 τῆς
915 3036 1442 3107 Ἀνδριανουπόλεως
1467 3043 1493 3092 ό
1511 3042 1731 3110 ἀμηρᾶς
1760 3040 1991 3110 βαδίζων
2014 3042 2135 3095 καθ’
2167 3043 2342 3112 ἡμῶν.

2470 655 2611 707 κατά
2646 659 2746 725 τὴν
2773 661 2891 712 ὁδὸν
2930 667 3237 734 συναντὴση
3269 666 3398 731 ἡμῖν
3424 683 3477 716 τι
3509 667 3859 718 ἀπευκταῖον.

2539 745 2697 815 233
2733 746 2800 811 γ’.
2834 748 2980 802 Ἰδὼν
3029 752 3124 804 καὶ
3168 752 3382 806 ἀκούων
3413 756 3442 806 ό
3472 755 3700 824 ἀμηρᾶς
3751 757 3991 821 Μεεμέττς

2467 835 2563 896 τὰς
2592 837 2684 887 τοῦ
2724 841 2927 907 πατρὸς
2971 840 3138 893 αὑτοῦ
3171 843 3325 902 νίκας
3357 844 3453 896 καὶ
3494 846 3769 912 πολέμους
3801 863 3992 913 περιφλ-

2468 915 2573 985 νεῖς
2606 928 2700 978 καὶ
2737 931 2844 980 τῶν
2879 931 3083 998 ἑτέρων
3116 933 3280 985 αὐτοῦ
3332 937 3791 1003 τρισκαταράτων
3837 940 3991 1005 προγό-
4092 999 4093 1006 κ

2466 1033 2592 1083 νων,
2627 1019 2684 1070 ἐν
2710 1020 2890 1092 ἑαυτῷ
2918 1024 3250 1092 ὲφαντάζετο
3288 1027 3342 1078 τί
3371 1027 3476 1095 ἀρα
3507 1030 3605 1081 καὶ
3639 1029 3801 1089 αὐτὸς
3833 1031 3992 1098 ποιήσῃ

2465 1109 2616 1174 ἀξιον
2658 1113 2897 1183 μνήμης.
2948 1117 3134 1168 Ταῦτα
3181 1118 3274 1170 οῦν
3326 1120 3466 1171 κατά
3500 1120 3627 1172 νοῦν
3685 1120 3991 1185 λογιζόμιπς

2466 1201 2628 1270 βουλῇ
2662 1207 2805 1273 κεικῇ
2847 1207 2974 1260 καθ’
3002 1209 3158 1277 ἡμῶν
3187 1211 3530 1280 χρησάμενος
3559 1209 3650 1279 ἦν,
3684 1211 3771 1263 ἱνα
3802 1211 3991 1273 πόλεμον

2463 1294 2650 1366 ἐγείρῃ
2675 1297 2815 1349 κατὰ
2839 1297 2937 1363 τῆς
2966 1299 3173 1362 πόλεως
3193 1316 3206 1331 ο
3233 1301 3384 1367 ἔλεγε
3404 1304 3510 1369 γὰρ
3541 1303 3597 1353 ὲν
3622 1297 3822 1368 ἑαυτῷ-
3851 1320 3866 1348 ι
3896 1302 3989 1352 Ἐὰν

2460 1385 2560 1452 τὴν
2591 1385 2747 1438 πόλιν
2784 1388 3012 1456 νικήσω,
3047 1390 3187 1460 ὑπὲρ
3213 1393 3422 1454 πάντας
3457 1393 3584 1452 τοὺς
3617 1393 3725 1463 πρδ
3763 1391 3886 1459 ἐμοῦ
3917 1393 3988 1460 ἤδη

2461 1477 2714 1544 ἐποίησα,
2760 1479 2894 1532 διότι
2930 1482 3084 1534 αὐτοὶ
3138 1484 3237 1552 μὲν
3288 1486 3430 1536 κατά
3475 1484 3640 1551 τῆσδε
3689 1485 3787 1551 τῆς
3819 1485 3988 1542 πόλεως

2463 1567 2720 1630 πολλάκις
2772 1575 3162 1641 πειρασθέντες
3198 1576 3354 1629 οὐδὲν
3404 1575 3829 1646 ἑκατὼρθωσαν.
3864 1595 3880 1626 ι
3916 1581 3988 1626 At:

2458 1661 2665 1730 ταίτην
2723 1659 2816 1716 οὖν
2872 1666 2970 1736 τὴν
3027 1668 3526 1736 ὑποκεκρυμμένην
3590 1671 3803 1722 ἔννοιαν
3862 1669 3988 1720 um

2461 1756 2632 1822 ἐφάνη
2682 1757 2831 1824 αὑτῷ
2884 1757 2970 1810 ἵνα
3021 1761 3163 1812 κατά
3203 1759 3410 1832 τδσῶν
3455 1762 3794 1830 Ἀσωμάτων
3841 1763 3988 1811 στενὸν

2458 1847 2594 1898 ἄστυ
2620 1851 2801 1918 κτίσῃ,
2832 1853 2905 1914 ὡς
2930 1853 3276 1922 προείρηται,
3305 1855 3391 1905 ἵνα
3419 1854 3743 1922 καταφυγὴν
3770 1853 3862 1920 ἔχη
3888 1853 3989 1902 αὐτὸ

2456 1941 2581 2009 περὶ
2611 1937 2683 1994 ὧν
2706 1943 2934 2010 ἐμελέτα
2964 1946 3208 2010 ποιῆσαι,
3241 1948 3388 2008 ὅπως
3417 1947 3568 1999 οὐδὲν
3596 1946 3704 1997 τῶν
3728 1945 3985 2011 πλοιαρίυ.

2458 2032 2650 2099 μικρὸν
2701 2033 2732 2101 ἢ
2771 2037 2912 2101 μέγα
2942 2036 3196 2105 δυνηθείη
3227 2038 3504 2090 κατελθεῖν
3545 2039 3608 2089 ὲκ
3642 2038 3742 2089 τοῦ
3770 2036 3988 2099 Εὐξείνου

2454 2125 2650 2176 πόντου
2682 2125 2823 2176 κατά
2853 2126 2952 2192 τὴν
2980 2127 3155 2192 πόλιν,
3195 2131 3285 2180 καὶ
3322 2129 3410 2182 ῐνα
3437 2131 3622 2198 ῥᾴδιον
3655 2128 3820 2196 ἔχωσι
3849 2130 3900 2178 τ’,
3922 2129 3990 2175 πέ-

2457 2231 2606 2282 ραμα
2658 2217 2723 2268 ὲκ
2776 2217 2873 2284 τῆς
2905 2218 3089 2279 ’Λσέσς
3145 2221 3224 2280 είς
3267 2218 3558 2289 Εὐρώπην.
3603 2219 3784 2272 Θέλων
3827 2217 3880 2268 δὲ
3920 2218 3990 2266 ni

2453 2306 2773 2374 βιαζόμενος
2828 2308 2913 2361 ⁴ἶνα
2947 2310 3015 2360 τὰ
3073 2309 3452 2377 μελετοὺμενα
3501 2310 3792 2364 ὑπἀὐτοῦ
3848 2309 3988 2376 ἀρχὴν

2450 2396 2712 2459 λάὸωσιν,
2758 2400 2868 2452 ίδου
2917 2404 2979 2467 τῇ
3010 2400 3102 2462 κς⁹
3138 2402 3386 2471 Μαρτίου
3426 2401 3518 2452 τοῦ
3551 2397 3987 2469 ὲξακισχιλιοστιῦ

2450 2489 2864 2542 ὲννακοσιοστοῦ
2893 2491 3190 2560 ἑξηκοστοῦ
3220 2494 3375 2554 ἔτους
3402 2493 3572 2544 ἐλθὼν
3615 2492 3815 2543 ἔπεσεν
3849 2492 3916 2550 είς
3946 2493 3988 2538 τί

2451 2581 2654 2644 στενὸν,
2684 2582 2768 2633 ἵνα
2791 2583 3120 2652 οίκοδομήση
3146 2583 3206 2634 τὸ
3231 2585 3388 2636 ἄστυ.
3414 2583 3562 2636 ’ἰδὼν
3587 2582 3681 2635 οὖν
3707 2585 3736 2633 ό
3767 2583 3989 2652 βασιλεὺς

2448 2672 2545 2732 τὰς
2578 2672 2914 2741 πανουργίας
2945 2672 3112 2724 αὑτοῦ
3149 2674 3416 2742 ἐϐουλήθη
3460 2673 3814 2740 ἀποκαλύψαι
3858 2675 3989 2732 αἰκὲς

2449 2763 2666 2827 πρῶτον
2700 2761 2800 2828 τὴν
2843 2764 3046 2832 μάχην,
3095 2765 3241 2826 ὅπως
3303 2767 3467 2818 αὑτὸν
3513 2766 3810 2835 ἐμποδίσῃ.
3865 2763 3991 2822 Τινὲς

2446 2853 2502 2904 δὲ
2549 2854 2656 2905 τῶν
2686 2853 2785 2922 τῆς
2845 2856 3149 2926 συγκλήτου
3199 2859 3515 2927 ἱερωμένων
3559 2875 3617 2910 τε
3676 2858 3774 2909 καὶ
3819 2856 3991 2908 latuit-4

2449 2945 2731 2998 ἐκώλυσαν
2781 2949 2876 3016 τὴν
2931 2948 3155 3017 γνώμην
3203 2950 3298 3002 καὶ
3354 2951 3551 3020 βουλὴν
3599 2951 3695 3004 τοῦ
3736 2951 3991 3021 βασιλέως,

2449 3036 2611 3108 234
2649 3039 2898 3107 λέγοντες
2936 3041 3010 3111 μὴ
3048 3043 3551 3114 ἀποκαλυφθήτωη
3587 3045 3740 3114 μάχη
3784 3045 3879 3112 τῆς
3917 3043 3992 3110 βα·

787 3234 903 3269 rum
936 3220 1372 3275 solemnitatibus
1434 3237 1501 3274 ne
1564 3236 1646 3274 me
1710 3238 1800 3290 pro
1855 3237 2004 3276 more
2050 3221 2209 3276 oﬁicii
2271 3224 2346 3275 tui
2380 3234 2421 3293 ρ
2454 3221 2521 3275 At
2551 3229 2605 3274 tu
2643 3237 2881 3290 quoque,
2939 3222 3172 3284 notarie.
3221 3225 3324 3276 hoc
3379 3222 3498 3276 dies
3546 3222 3762 3291 aliquot
3809 3222 3994 3275 silentio

785 3311 1002 3363 adores.
1040 3309 1359 3378 Quanquam
1395 3312 1642 3365 notarius
1694 3313 1766 3364 rei
1807 3314 2128 3366 menti0nem
2191 3314 2349 3369 faciet

788 3405 840 3456 in
873 3404 1071 3458 litteris
1112 3404 1176 3458 ad
1207 3404 1400 3459 fratres
1445 3421 1596 3460 meos
1649 3415 1701 3458 et
1741 3420 2023 3475 cognatam
2058 3422 2230 3459 meam
2260 3423 2347 3460 re-

783 3498 986 3562 ginam,
1017 3497 1250 3567 denique
1279 3499 1344 3550 ad
1397 3512 1610 3561 omnes,
1642 3499 1706 3551 ad
1750 3515 1885 3566 quos
1922 3501 1986 3552 de
2021 3500 2215 3552 itinere
2251 3509 2347 3552 tuo

792 3590 1094 3655 scripturus
1149 3605 1294 3654 sum,
1345 3605 1407 3644 ac
1465 3599 1518 3644 tu
1580 3591 1727 3643 illinc
1774 3591 2010 3645 vicissim
2049 3592 2115 3644 ad
2175 3605 2259 3644 me
2294 3601 2350 3644 et

780 3697 1160 3750 quemcunque
1217 3682 1411 3737 domus
1461 3691 1564 3736 tum
1619 3683 1885 3746 scribens,
1934 3684 2147 3738 titulum
2204 3684 2347 3738 hunc

782 3775 1090 3839 nsurpabis.
1126 3774 1328 3840 Quodsi
1389 3775 1595 3828 interea
1649 3790 1760 3827 rem
1819 3777 2194 3843 cognoverint,
2251 3773 2344 3844 qui

780 3866 1022 3920 invident
1055 3867 1174 3927 tibi,
1212 3867 1461 3934 quamvis
1510 3865 1576 3922 iis
1623 3865 1818 3920 durum
1857 3868 2228 3937 acerbumque
2263 3871 2344 3920 vi-

781 3959 1003 4020 tlt‘allll',
1037 3958 1282 4010 volentes
1339 3956 1586 4010 nolentes
1619 3971 1736 4010 eam
1795 3957 2119 4012 devoranto.
2161 3977 2178 4010 ι
2238 3957 2346 4013 Re—

780 4049 971 4116 spondi
1005 4049 1075 4102 ita
1107 4048 1455 4117 imperatori:
1496 4065 1515 4100 ι
1557 4048 1696 4103 Deus
1751 4048 2014 4104 Dominus
2079 4051 2347 4119 producat

781 4137 1066 4206 imperium
1098 4147 1274 4192 tuum.
1318 4137 1422 4192 Sed
1452 4149 1632 4193 tamen
1665 4140 1990 4208 suppliciter
2038 4157 2171 4212 rogo
2211 4158 2340 4197 san-

778 4239 917 4282 ctam
957 4228 1288 4290 maiestatem
1314 4236 1484 4293 tuam,
1533 4229 1578 4282 si
1614 4243 1734 4283 mea
1779 4244 1947 4285 causa
2010 4231 2113 4283 uila
2159 4230 2341 4285 futura

778 4323 848 4373 sit
873 4321 1120 4385 ollensio,
1146 4320 1286 4374 unde
1321 4321 1453 4390 quid
1484 4321 1796 4377 detrimenti
1841 4323 2020 4392 capiat
2053 4326 2339 4392 imperium

780 4424 953 4473 tuum,
985 4425 1220 4479 unquam
1253 4425 1318 4464 ne
1343 4411 1452 4474 fiat,
1485 4411 1628 4480 quod
1656 4413 1954 4476 meditaris,
2000 4414 2112 4468 imo
2157 4416 2340 4482 potius

779 4503 966 4568 nell-un
1008 4502 1139 4556 mihi
1170 4501 1451 4566 detrahas,
1490 4503 1534 4558 si
1563 4503 1627 4557 ad
1661 4505 1961 4572 majestatis
2019 4513 2126 4559 tua:
2191 4515 2342 4560 tran-

778 4593 1098 4656 quillitatem
1139 4601 1192 4648 et
1224 4609 1408 4660 pacem
1437 4595 1724 4649 conducat.
1766 4614 1783 4647 ι
1820 4596 1958 4650 Tum
2011 4597 2329 4667 imperator:

784 4703 800 4733 ι
844 4681 914 4737 Ut
944 4685 1207 4750 minister,
1246 4684 1341 4750 ait,
1376 4685 1546 4740 fidelis
1582 4685 1792 4741 locutus
1818 4701 1902 4741 es.
1963 4685 2066 4742 Sed
2124 4703 2194 4741 ne
2238 4688 2335 4742 tibi

780 4777 877 4828 ista
913 4791 998 4830 res
1024 4791 1167 4831 cura:
1190 4779 1261 4832 sit
1286 4777 1393 4832 ullo
1418 4777 1598 4831 modo.
1632 4778 1796 4832 Doleo
1824 4777 1993 4844 enim,
2012 4781 2168 4848 quod
2200 4781 2336 4835 nihil

778 4869 1275 4936 circumspicientes
1296 4877 1442 4923 tanta
1470 4879 1559 4923 tua
1580 4884 1705 4940 erga
1729 4887 1813 4926 me
1827 4872 2067 4926 oliiciaet
2083 4875 2336 4942 obseqitia

778 4968 830 5012 et
863 4972 1074 5012 tuorum
1127 4959 1437 5014 meritorum
1493 4961 1954 5030 comparationem
2021 4963 2337 5019 alfectantes

777 5052 976 5106 animis
1033 5052 1232 5120 gradus
1283 5051 1577 5105 ciliciorum
1607 5055 1994 5108 convenientes
2037 5057 2338 5109 transsilire

778 5155 1066 5198 conantur.
1122 5140 1322 5195 Verum
1382 5155 1600 5196 arcesse
1635 5143 1740 5195 huc
1789 5143 1900 5212 jam
1957 5160 2183 5200 munere
2236 5145 2340 5200 hoc

779 5236 1088 5302 fungentem
1147 5235 1437 5288 notarium.
1485 5251 1502 5285 ι
1563 5235 1874 5289 chientem
1936 5240 2204 5292 notarium
2242 5242 2340 5294 im-

781 5334 1000 5393 perator
1031 5326 1102 5379 ita
1134 5326 1402 5380 allocutus
1452 5336 1563 5380 est:
1605 5345 1623 5376 ι
1671 5331 1808 5381 Ante
1857 5329 1954 5384 tibi
2013 5332 2340 5399 significavi-

782 5434 922 5482 mus,
965 5433 1084 5486 quae
1110 5426 1163 5471 et
1189 5419 1253 5472 ad
1303 5434 1437 5486 quos
1491 5421 1719 5487 public:e
1777 5421 1896 5475 fidei
1949 5425 2194 5490 epistolis
2245 5427 2337 5479 tibi

780 5509 1068 5565 scribenda
1099 5511 1244 5564 sint:
1280 5511 1362 5564 his
1391 5511 1548 5576 adde,
1593 5527 1687 5567 eos
1722 5522 1889 5566 totam
1948 5530 2057 5567 rem
2093 5518 2343 5586 cognitu-

785 5618 873 5655 ros
911 5616 1032 5656 esse
1067 5618 1096 5655 e
1129 5601 1361 5672 Georgio
1415 5602 1645 5657 Phraue
1677 5621 1871 5673 magno
1927 5605 2196 5673 logotlieta
2228 5628 2239 5672 ;
2281 5625 2342 5663 ac

780 5695 824 5746 si
853 5694 956 5746 vita
988 5694 1426 5762 suppeditat-erit,
1464 5694 1668 5749 scribes
1695 5697 1877 5758 etiam,
1907 5699 2157 5751 eumdem
2187 5701 2342 5753 nobis

779 5783 989 5837 omnem
1021 5798 1158 5839 esse.
1189 5782 1296 5838 lloc
1333 5785 1418 5838 cui
1448 5784 1802 5852 displicuerit,
1837 5786 2078 5853 ringatnr
2116 5790 2260 5849 licet,
2291 5800 2344 5844 et

778 5891 874 5945 pro
902 5885 1116 5934 nectare
1145 5888 1234 5934 aut
1270 5887 1400 5948 potu
1451 5879 1745 5932 aromatico
1806 5880 1965 5934 bilem
2009 5894 2333 5950 concoquat,

2455 3327 2590 3382 lege.
2615 3333 2653 3367 ς»
2689 3313 2871 3368 Rebus
2893 3314 3086 3368 deinde
3112 3315 3413 3377 adornatis,
3439 3315 3744 3369 instructus
3787 3316 3853 3367 iis
3883 3328 3982 3365 sum

2451 3416 2613 3472 atque
2658 3407 3061 3475 exspectabam,
3113 3420 3178 3459 eo
3234 3407 3353 3474 ipso
3384 3405 3474 3459 die
3507 3416 3599 3458 aut
3630 3406 3896 3474 postridie
3929 3418 3994 3454 me

2450 3498 2798 3552 adoraturum
2860 3501 3242 3567 imperatorem
3298 3508 3350 3552 et
3405 3499 3635 3552 abeundi
3699 3507 3993 3567 potestatem

2451 3600 2798 3657 acceptumm
2827 3604 2967 3650 esse.
3002 3605 3125 3645 cum
3161 3589 3342 3643 subito
3371 3589 3723 3658 Adrianopoli
3760 3604 3991 3658 egressus

2448 3697 2661 3736 ameras
2697 3681 2960 3735 adversus
2989 3697 3086 3735 nos
3119 3683 3512 3750 proﬁciscitur.
3569 3681 3764 3752 itaque
3797 3692 3997 3752 praesto-

2447 3773 2542 3825 lati
2597 3788 2786 3826 sumus
2815 3773 3150 3838 aliquandiu,
3182 3789 3249 3827 ne
3282 3772 3422 3828 forte
3457 3775 3511 3828 in
3546 3768 3744 3828 itinere
3800 3777 3990 3828 coutin-

2447 3873 2597 3934 geret
2625 3865 2778 3919 nobis
2807 3853 2934 3932 quid
2984 3865 3306 3919 infaustum.

2514 3958 2567 4012 '5.
2600 3957 2922 4011 Meliemetes
2947 3971 3161 4010 ameras
3219 3972 3343 4010 eum
3400 3959 3602 4025 patris‘
3633 3960 3999 4028 majorumquc

2446 4047 3005 4101 exsecratissimorum
3033 4047 3323 4116 praeclaras
3347 4048 3602 4102 victorias
3620 4058 3671 4103 et
3710 4066 3800 4104 res
3833 4061 3992 4118 gestas

2447 4139 2650 4192 videret
2675 4139 3012 4207 audiretque,
3050 4139 3338 4206 reputabat
3368 4155 3576 4199 secum,
3603 4142 3739 4207 quid
3793 4143 3899 4208 ipse
3938 4143 3999 4193 fa-

2445 4239 2590 4282 ceret
2620 4228 2841 4298 dignum
2867 4231 3146 4284 memoria.
3170 4229 3290 4283 llaec
3315 4233 3560 4300 cogitans
3592 4233 3740 4299 apud
3775 4235 3992 4285 animum

2445 4335 2627 4386 suum,
2660 4321 2803 4374 malo
2829 4322 3059 4375 consilio
3089 4323 3301 4385 statuit,
3328 4333 3384 4375 ut
3412 4324 3608 4375 bellum
3633 4326 3996 4377 adversusur-

2443 4409 2562 4462 bem
2596 4421 2834 4478 pararet.
2867 4410 2958 4464 Sic
2986 4412 3132 4464 enim
3172 4426 3357 4465 secum
3393 4413 3876 4467 ratiocinabatur:
3913 4414 3993 4462 «Si

2444 4502 2630 4555 urbem
2663 4501 2866 4566 vicero,
2896 4503 3102 4571 priores
3130 4518 3321 4556 omnes
3353 4504 3734 4570 prsecellnoro,
3764 4505 3996 4572 quoniam

2443 4591 2517 4644 illi
2550 4607 2667 4644 eam
2707 4593 2893 4645 urbem
2927 4608 3068 4661 saepe
3109 4596 3348 4662 aggressi
3386 4593 3578 4647 frustra
3617 4597 3993 4649 lalirirurunl.i

2445 4681 2519 4757 Et
2548 4685 2645 4737 hac
2668 4685 2880 4737 occulta
2903 4684 3232 4752 cegitatioue
3259 4687 3424 4753 igitur
3455 4688 3628 4739 visum
3659 4689 3707 4742 ei
3738 4699 3840 4751 νει,
3867 4691 3995 4757 juxta

2444 4755 2826 4830 Asomatorutn
2860 4777 3142 4844 angustias
3181 4787 3420 4830 castrum
3457 4779 3719 4841 condere,
3757 4791 3817 4833 ut
3855 4795 3995 4846 supra

2448 4869 2784 4929 monuimus,
2804 4884 2911 4937 quo
2935 4868 3200 4935 refugium
3225 4869 3470 4931 haberet,
3495 4870 3621 4922 dum
3644 4873 3854 4924 faceret
3900 4888 3998 4938 qme

2449 4961 2832 5022 meditabatur,
2865 4976 2997 5014 neve
3024 4961 3192 5013 ullum
3218 4964 3331 5013 sive
3359 4977 3581 5030 parvum
3612 4964 3730 5016 sive
3769 4978 3994 5030 tuagtmm

2450 5053 2724 5118 navigium
2759 5067 2788 5103 εδ
2815 5051 2988 5105 Ponto
3021 5051 3234 5104 Euxino
3269 5053 3322 5104 in
3360 5053 3546 5105 urbem
3584 5065 3779 5120 posset
3834 5067 3996 5121 perre-

2447 5145 2585 5205 uire,
2619 5153 2785 5213 utque
2805 5143 3104 5197 faciliorem
3130 5146 3387 5198 Itaherent
3420 5161 3483 5197 ex
3512 5146 3639 5198 Asia
3663 5148 3717 5199 in
3750 5146 3994 5211 Europam

2449 5243 2759 5294 transitum.
2781 5237 3067 5292 Festinans
3095 5239 3260 5306 igitur
3289 5248 3341 5290 et
3361 5239 3592 5296 instans.
3615 5248 3674 5291 ιιι
3706 5239 3997 5292 meditatiq

2446 5347 2505 5386 se
2529 5342 2776 5385 eventum
2796 5332 2967 5392 daret,
2989 5345 3115 5384 ecre
3140 5329 3227 5382 die
3249 5329 3317 5382 26
3341 5330 3512 5383 Martii
3538 5333 3665 5384 anni
3688 5332 3832 5385 6960
3849 5330 3998 5384 subito

2451 5423 2648 5477 invasit
2665 5422 2964 5493 angustias.
2985 5434 3225 5476 castrum
3247 5431 3647 5475 exstructurus.
3664 5423 3998 5474 Animadi‘er-

2451 5525 2571 5567 tens
2603 5515 2857 5566 astutiam
2889 5512 3344 5580 ejusimperator,
3394 5512 3509 5580 ipse
3553 5514 3794 5579 primum
3828 5511 3996 5565 bellum

2451 5619 2794 5657 eomtnovere
2817 5603 2880 5656 ad
2907 5619 3029 5656 eum
3058 5603 3454 5669 impediendum
3480 5603 3690 5655 statuit.
3719 5605 3785 5653 At
3805 5599 3995 5668 quidam

2453 5696 2710 5748 senatorii
2733 5695 2942 5748 ordinis
2974 5703 3086 5746 tum
3119 5695 3427 5747 sacerdotes
3455 5705 3568 5745 tum
3603 5694 3728 5745 Ιιιίνὶ
3771 5694 3994 5745 ἓιίνὲιςέὶ·

2456 5792 2650 5842 bantur
2680 5788 2958 5840 sententia:
2989 5795 3040 5838 ct
3067 5786 3296 5840 consilio
3324 5787 3465 5853 ejus.
3499 5804 3515 5834 ι
3545 5785 3621 5837 Ne
3669 5798 3991 5839 commovea-

2458 5899 2563 5940 llll‘,
2590 5881 2828 5942 aiebant,
2859 5895 2884 5930 a
2921 5877 3199 5948 majestate
3234 5888 3319 5932 tua
3347 5878 3566 5943 bellum,
3605 5877 3785 5932 donec
3827 5888 3994 5944 cogno-
