4134 6452
170 516 276 584 833

1173 514 1609 576 CHRONICON
1654 512 1923 575 MATUS.
1959 538 2024 549 -
2059 516 2198 573 Lm.
2241 514 2347 574 lli

3300 512 3408 579 834

170 632 378 693 σιλείας
417 646 534 696 σου,
568 627 674 691 ἓως
697 627 763 681 ἂν
786 626 989 695 ἴδωμεν
1021 624 1069 678 τί
1098 624 1346 695 βούλεται
1386 625 1549 688 αὐτὸς
1583 627 1729 695 πρᾶο
1763 631 1799 684 Α
1832 624 1911 692 τῷ
1944 624 2157 693 βασιλεί
2189 641 2199 655 ο
2252 628 2344 678 καὶ
2376 626 2546 688 οὕτως
2593 624 2962 694 ὲπροσέταξεν
3007 625 3036 678 6
3067 626 3286 695 ἀμηρᾶς
3320 627 3407 678 ἵνα

171 725 284 788 Eat.
316 723 380 775 El
412 723 506 775 καὶ
533 722 595 773 τδ
622 720 757 774 ἄστυ
791 719 973 790 κτίσῃ,
994 720 1050 771 ὲν
1070 718 1290 787 εὐκολίᾳ
1320 717 1744 786 παραλαμϐάνο-

175 833 279 885 μεν
311 814 443 868 αὐτὸ
475 812 563 865 διὰ
604 811 666 863 τδ
698 810 1000 880 ἐγγύτερον
1039 807 1178 862 εἶναι
1220 811 1373 877 ἡμῖν.
1413 828 1430 860 ι
1465 810 1531 860 Ὃ
1563 810 1655 861 καὶ
1687 811 1743 859 ἐν

175 906 431 975 ὑστέροις
485 900 626 957 εῐδον
670 903 901 965 τέλειον,
951 902 1045 953 καὶ
1098 900 1311 969 ἀληθῶς
1365 899 1608 966 ἔγνωσαν
1662 900 1744 951 ὅτι

175 997 394 1059 ἐλπίδες
418 998 573 1050 κεναὶ
595 994 857 1064 τρέφουσι
886 994 1009 1055 τοὺς
1038 993 1321 1061 ἀνοήτους.
1366 990 1509 1057 Ἐγὼ
1539 991 1594 1042 δὲ
1624 992 1745 1042 ὲναο

175 1090 418 1156 πέμεινα
435 1087 537 1155 τῆς
569 1087 794 1155 πορείας
814 1087 846 1151 ἡ
887 1084 1221 1155 ἠτοιμάσθη,
1262 1082 1541 1151 ιΣήμερον
1562 1080 1746 1147 λέγον⁴

173 1197 273 1243 τες
304 1178 505 1246 ἴδωμεν
537 1180 631 1231 καὶ
673 1177 895 1246 αὔριονο
931 1179 1023 1229 καὶ
1057 1178 1140 1229 ὅτι
1186 1175 1274 1227 διὰ
1320 1177 1485 1245 ξηρᾶς
1519 1175 1615 1243 ούχ
1647 1176 1744 1243 ἀρ-

179 1273 360 1342 μύζει,
387 1274 511 1323 ἐπεὶ
544 1271 888 1324 ἐπικίνδυνόν
916 1271 1036 1321 ἐστι
1069 1268 1128 1321 τὸ
1160 1273 1410 1338 πρᾶγμα,
1439 1269 1555 1320 ἀλλ’
1584 1269 1749 1336 εὑρή-

180 1380 370 1431 σωμεν
406 1361 597 1415 πλεύσι
606 1377 726 1428 μον.
772 1379 789 1411 ι

266 1454 356 1504 Ἐν
392 1452 595 1521 Ἰουνίῳ
617 1452 749 1520 μηνὶ
770 1450 866 1503 τοῦ
892 1450 1057 1503 αὑτοῦ
1079 1450 1228 1513 ἔτους
1249 1451 1358 1502 ίδοῦ
1386 1450 1474 1517 ὲδη
1486 1447 1746 1517 μοσιεύθη

175 1547 211 1614 ἡ
254 1546 399 1614 μάχη
426 1559 439 1571 ·
494 1545 588 1597 καὶ
617 1544 739 1597 καθ’
775 1546 933 1611 ἡμῶν
965 1542 1058 1596 τοῦ
1115 1542 1478 1611 στρατοπέδου
1511 1540 1746 1611 δραμόν-

175 1656 294 1703 τος.
324 1635 714 1706 Milli/directae
742 1637 948 1695 πάντας
979 1636 1105 1698 τοὺς
1162 1633 1360 1697 ἔξωθεν
1414 1634 1511 1701 τῆς
1543 1632 1747 1694 πόλεως

178 1729 490 1790 οἰκοῦντας.
541 1728 629 1779 Ἑν
661 1720 704 1795 ᾧ
735 1726 913 1798 καιρῷ
944 1727 1231 1779 ἐτελείωσε
1262 1727 1356 1778 καὶ
1381 1725 1441 1778 τὸ
1471 1725 1627 1788 ἇστυ,
1657 1723 1750 1776 xui.

177 1823 243 1872 ὲν
278 1820 425 1887 αὐτῷ
475 1818 795 1888 ᾠκοδόμησε
841 1819 1084 1888 πύργους
1125 1819 1275 1886 τρεῖς
1312 1817 1586 1886 ἰσχυροὺς,
1625 1814 1749 1876 τοὺς

174 1912 276 1962 δύο
324 1910 423 1978 μὲν
458 1910 771 1979 χερσαίους,
808 1910 899 1962 τὸν
942 1912 999 1963 δὲ
1034 1911 1222 1979 ἕτερον
1271 1910 1413 1961 κατὰ
1450 1908 1746 1972 θάλασσαν,

174 2003 239 2063 ὃς
267 2003 362 2054 καὶ
388 2000 567 2067 ὀ>.ί,·ον
595 2018 644 2053 τι
680 2002 884 2069 μείζων
912 2002 1023 2059 τῶν
1052 2002 1145 2055 δύο
1185 2001 1422 2071 ὑπῆρχε.
1450 2001 1522 2053 Τὸ
1550 2000 1607 2052 δὲ
1638 2017 1748 2053 τει-

174 2095 296 2163 χῶν
326 2095 483 2163 εὖρος
510 2091 577 2164 ἦν
606 2096 776 2149 εἴκοσι
807 2096 903 2148 καὶ
936 2095 1098 2147 πέντε
1136 2095 1333 2159 ποδῶν,
1364 2097 1422 2146 τδ
1461 2094 1517 2146 δὲ
1548 2093 1749 2146 ἔσωθεν

172 2188 363 2238 αὐτῶν
390 2186 709 2256 εὐρύχωρον
740 2187 952 2255 ὑπῆρχε
990 2189 1285 2255 τριάκοντα
1310 2185 1403 2237 καὶ
1434 2184 1525 2237 δύο
1550 2185 1745 2239 ποδῶν.

173 2272 320 2330 Εἶτα
355 2278 414 2329 ὲν
466 2276 714 2346 μολύϐδῳ
746 2278 1032 2338 σκεπάσας
1065 2278 1189 2337 τοὺς
1218 2276 1482 2344 πύργους,
1514 2280 1606 2329 καὶ
1643 2277 1751 2329 πᾶν

171 2370 243 2420 τὸ
280 2370 417 2422 ἄστυ
466 2369 649 2432 καλῶς
686 2370 1016 2437 ἀσφαλίσας,
1054 2370 1149 2422 καὶ
1196 2370 1253 2423 ὲν
1285 2370 1433 2439 αὐτῷ
1479 2369 1751 2439 φρουροὺς

175 2461 516 2530 κατέστησε.
551 2461 663 2513 Καὶ
692 2463 748 2512 ὲν
774 2464 841 2530 τῇ
876 2463 1097 2532 εἰκοστῇ
1131 2462 1289 2532 ὀγδόῃ
1320 2461 1415 2513 τοῦ
1441 2460 1752 2527 Αὐγούστου

173 2553 435 2623 ἐγερθεὶς
459 2552 668 2605 ἐκεῖθεν
699 2553 895 2605 ἔπεσεν
929 2555 1021 2605 ἐπὶ
1044 2555 1142 2615 τὰς
1173 2554 1364 2612 σούδας
1393 2553 1491 2618 τῆς
1523 2553 1752 2615 πόλεως,

174 2646 277 2697 καὶ
315 2647 385 2714 τῇ
436 2643 628 2715 πρώτῃ
660 2643 754 2696 τοῦ
799 2646 1183 2715 Σεπτεμϐρίου
1226 2645 1395 2715 μηνὸς
1442 2646 1536 2697 τοῦ
1568 2645 1752 2717 ⁴ςῇίξαι

175 2734 341 2796 ἔτους
369 2734 519 2803 διέϐη
558 2738 637 2798 είς
675 2736 774 2806 τὴν
818 2735 1312 2803 Ἀνδριανούπολιν,
1356 2737 1430 2798 ὡς
1482 2736 1754 2804 φαίνεται,

176 2827 273 2879 ἵνα
302 2827 423 2887 ταῖς
475 2824 568 2878 δύο
602 2827 791 2887 αὑταῖς
824 2827 1061 2895 ἡμέραις
1095 2829 1182 2899 ἴδῃ
1208 2828 1276 2879 τὰ
1323 2827 1478 2895 τείχη
1512 2826 1608 2894 τῆς
1658 2826 1754 2878 πό-

176 2920 326 2981 λεως
375 2922 469 2975 καὶ
514 2920 674 2991 235
704 2922 969 2990 τάφρους,
1022 2921 1117 2975 καὶ
1152 2920 1203 2972 εῐ
1257 2938 1308 2972 τι
1350 2919 1541 2988 ἓτερον
1598 2918 1756 2979 αὐτὸς

178 3009 482 3076 ἐλογίζετο.
544 3012 654 3062 Καὶ
703 3011 780 3080 τῷ
831 3011 982 3079 αὐτῷ
1039 3010 1367 3079 φθινοπώρῳ
1424 3009 1756 3077 Ὀκτωδρίου

180 3106 387 3177 πρώτῃ
422 3104 636 3167 στείλας
671 3105 759 3157 τὸν
804 3105 1131 3175 Τουραχάνη
1171 3105 1267 3157 καὶ
1317 3105 1446 3165 τοὺς
1477 3104 1571 3156 δύο
1610 3104 1760 3163 υἱοὺς

181 3196 356 3253 αὐτοῦ
384 3198 712 3266 ’Δχουμάτιν
742 3197 838 3249 καὶ
862 3197 1097 3266 Ἀμάριν
1126 3197 1262 3266 μετά
1306 3195 1561 3249 πλείστου
1599 3210 1761 3264 στρα-

183 3288 283 3341 τοῦ
331 3289 389 3340 ὲν
434 3292 500 3356 τῇ
535 3288 950 3358 Πελοποννήσῳ,
999 3288 1089 3341 ἵνα
1140 3288 1440 3357 μαχόμενοι
1486 3288 1625 3338 κατὰ
1653 3287 1760 3338 τῶν
1786 3316 1831 3377 C

181 3379 467 3432 δεσποτῶν
504 3380 611 3431 τῶν
635 3378 730 3431 τοῦ
763 3380 1025 3448 βασιλέως
1051 3378 1295 3445 ἀδελφῶν
1320 3376 1606 3429 κωλύσωσι
1632 3377 1757 3436 τοὺς

182 3470 470 3533 τοιούτους
529 3471 911 3539 ὲμποδέζοντες
968 3470 1054 3523 διὰ
1092 3469 1184 3523 τοῦ
1243 3469 1504 3539 πολέμου,
1553 3469 1642 3521 ἴνα
1685 3468 1759 3535 μὴ

186 3562 485 3630 δυνάμενοι
516 3562 674 3613 ἐᾶσαι
704 3560 794 3613 τὸν
817 3561 984 3613 τόπον
1031 3559 1229 3612 ἔλθωσι
1267 3560 1405 3628 πρὸς
1438 3561 1759 3628 συμμαχίαν

187 3676 458 3735 verimus,
482 3673 608 3743 quid
631 3674 717 3727 ille
734 3674 884 3727 velit.
901 3672 1123 3727 Etiamsi
1145 3673 1286 3727 enim
1310 3683 1547 3727 castrum
1572 3671 1761 3726 condi-

188 3765 557 3828 derit,t.tmen
597 3764 738 3819 facili
770 3780 932 3835 opera
957 3766 1005 3820 id
1025 3766 1477 3836 espuguabimus,
1502 3766 1757 3835 quoniam

187 3858 427 3926 propius
464 3857 619 3912 nobis
636 3868 738 3912 est.
777 3876 794 3909 ι
824 3859 977 3923 Quod
1014 3862 1198 3926 postea
1237 3865 1617 3927 compererunt
1648 3856 1762 3925 pla-

187 3948 441 4010 nissime,
461 3958 513 4002 et
531 3962 716 4002 revera
734 3956 1125 4017 cognoverunt,
1146 3964 1239 4017 spe
1256 3963 1392 4001 vana
1417 3948 1563 4016 pasci
1583 3962 1763 4001 amen-

190 4046 298 4091 tes.
330 4037 441 4107 Ego
470 4046 647 4090 autem
673 4039 1081 4106 perseverabam
1103 4040 1153 4091 in
1186 4038 1397 4093 itineris
1430 4038 1540 4107 jam
1589 4039 1759 4108 parati

190 4127 453 4180 consilio.
474 4126 716 4188 Scilicet,
741 4145 759 4178 ι
801 4127 991 4193 Hodie,
1034 4129 1276 4190 aiebant,
1295 4137 1388 4182 aut
1414 4144 1534 4183 cras
1562 4130 1765 4183 videbi-

191 4230 453 4279 mus;nec
472 4231 567 4284 per
582 4225 779 4271 terram
802 4218 902 4271 iter
923 4216 1098 4270 facere
1116 4216 1261 4282 licet,
1278 4217 1533 4288 quoniam
1553 4222 1767 4288 pericu-

190 4306 313 4359 losa
333 4320 421 4361 res
440 4317 542 4371 est,
566 4307 660 4361 sed
677 4307 961 4377 navigandi
978 4310 1315 4362 occasionem
1349 4308 1709 4365 inveniemus.
1739 4329 1758 4364 ι

1842 717 1909 768 δι’
1939 718 2061 771 ὅλου
2094 719 2188 770 τοῦ
2221 718 2486 786 χειμῶνος
2526 719 2911 787 ἐμποδίζοντες
2954 722 3171 784 αὐτοὺς,
3207 720 3300 772 καὶ
3336 719 3409 787 μὴ

1843 814 2077 882 εὕρωσιν
2129 814 2416 879 εὐκαιρίαν
2466 812 2560 863 τοῦ
2608 812 2781 864 ἐλθεῖν
2821 814 3082 882 βοηθῆσαι
3136 818 3203 881 τῇ
3256 809 3407 869 πόλει

1845 904 1961 969 ἅμα
1993 904 2071 973 τῷ
2124 903 2335 972 βασιλεί
2382 902 2460 972 τῷ
2496 903 2589 955 καὶ
2633 902 2847 973 ἀδελφῷ
2877 905 3079 959 αὐτῶν.
3131 907 3411 969 ”Ε>.οόντος

1844 998 1935 1051 οῦν
1967 998 2059 1050 τοῦ
2092 999 2415 1069 Τουραχάνη
2464 1000 2558 1051 καὶ
2588 1000 2656 1052 τὰ
2684 1000 2837 1070 τείχη
2882 1000 2976 1051 τοῦ
3007 1002 3224 1070 ’ἰσθμοῦ
3257 1001 3414 1056 αὖθις

1845 1087 2172 1149 ἀλώσαντος,
2226 1089 2318 1139 καὶ
2370 1089 2700 1156 ἀμφοτέρων
2750 1089 2860 1140 τῶν
2920 1091 3105 1156 μερῶν
3170 1092 3413 1145 πλεῖστοι

1846 1178 2291 1246 ἀπεκτάνθησαν,
2325 1178 2470 1245 λέγω
2502 1176 2851 1245 Χριστιανῶν
2887 1182 2979 1231 καὶ
3005 1180 3269 1243 ἀπίστων,
3310 1186 3414 1251 μά-

1848 1269 2008 1322 λιστα
2043 1272 2105 1322 ἐκ
2154 1271 2262 1322 τῶν
2292 1270 2656 1339 Χριστιανῶν,
2687 1272 2734 1323 οἳ
2766 1273 2861 1324 καὶ
2911 1273 2990 1335 είς
3042 1274 3221 1343 φυγὴν
3254 1278 3411 1339 ἐτρά-

1851 1375 2053 1427 πησαν.
2091 1359 2261 1419 Αὐτὸς
2294 1360 2350 1411 δὲ
2397 1358 2716 1413 καταλιπὼν
2736 1360 2836 1430 τὴν
2884 1363 3148 1431 Κόρινθον
3183 1365 3275 1415 καὶ
3330 1365 3415 1416 διὰ

1854 1451 2018 1519 μέσου
2050 1451 2148 1517 τῆς
2190 1451 2359 1519 νήσου
2390 1451 2685 1519 ἐρχόμενος
2734 1454 3185 1521 αίχμαλωτεύων,
3226 1456 3416 1517 ἄλλους

1853 1544 2131 1595 σκυλεύων
2161 1544 2257 1594 καὶ
2278 1540 2708 1611 ἀνδραποδίζων,
2734 1543 2827 1604 οὓς
2857 1538 3005 1611 εὗρε,
3030 1544 3265 1614 ἔφθασεν
3292 1548 3417 1612 ἄχρι

1849 1634 1945 1703 τῆς
1990 1633 2289 1702 Ἀρκαδίας
2322 1634 2589 1700 ἐπαρχίας
2614 1636 2714 1686 ‘xa‘t
2741 1635 2838 1687 τοῦ
2872 1638 3257 1705 Μεσσηνιακοῦ
3302 1640 3420 1690 x6).-

1854 1742 1976 1787 που,
2009 1725 2103 1777 καὶ
2135 1725 2232 1792 τὴν
2261 1725 2378 1777 όδδν
2409 1725 2640 1793 βαδίζων
2682 1729 2779 1795 τῆς
2809 1727 3067 1797 Ἰθώμης,
3100 1731 3194 1781 καὶ
3243 1733 3420 1782 πάντα

1851 1817 1940 1869 τὸν
1972 1816 2359 1883 Μεσσηνιακὸν
2384 1817 2588 1869 κόλπον
2622 1816 2952 1887 ληϊσάμενος
2987 1820 3115 1890 ἄχρι
3146 1824 3244 1889 τῆς
3271 1822 3420 1873 Μαυ-

1852 1907 2079 1967 τινείας.
2130 1906 2275 1959 Ἰδὼν
2293 1908 2351 1959 δὲ
2381 1908 2439 1960 τὸ
2462 1908 2554 1961 τοῦ
2587 1910 2752 1961 τόπου
2788 1913 2975 1962 στενὸν
2998 1915 3092 1964 καὶ
3121 1912 3416 1981 δύσχιορον,

1852 2000 1920 2051 δι’
1947 1998 2008 2051 οῦ
2059 1999 2293 2068 στρατὸς
2329 1999 2427 2051 οὐκ
2483 1999 2707 2052 ἐδύνατο
2755 2003 2960 2055 ὁδεύειν
3017 2003 3155 2071 ὁμοῦ
3195 2006 3418 2065 πάντες.

1852 2091 1928 2159 τῷ
1958 2091 2059 2157 υίῷ
2089 2090 2254 2144 αὐτοῦ
2300 2091 2615 2161 Ἀχουμάτῃ
2666 2093 2831 2162 μέρος
2882 2096 2979 2147 οὐκ
3011 2095 3235 2163 ἀγενοῦς
3260 2096 3423 2165 236

1854 2182 2083 2251 στρατοῦ
2110 2182 2288 2243 δώσας
2318 2182 2411 2233 καὶ
2445 2185 2544 2249 τὴν
2571 2183 2691 2235 όδὸν
2723 2185 3025 2255 ἐρχομένην
3061 2188 3119 2238 ὲν
3159 2188 3233 2256 τῷ
3263 2190 3423 2239 Λεον-

1854 2276 1995 2345 τάρῃ
2050 2275 2423 2343 παρήγγειλεν
2475 2274 2722 2328 ὁδεύειν·
2778 2278 2805 2329 6
2858 2277 2913 2329 δὲ
2964 2278 3034 2330 δι’
3090 2278 3258 2346 ἄλλης
3304 2280 3420 2331 ὁδοῦ

1852 2363 2043 2435 ᾤχετο.
2092 2365 2374 2427 Μαθόντες
2404 2365 2459 2418 δὲ
2502 2366 2660 2418 τοῦτο
2687 2368 2734 2419 oi
2779 2366 3037 2421 δεσπόται
3077 2370 3168 2422 καὶ
3204 2370 3423 2437 ἀδελφοὶ

1856 2455 2168 2518 στείλαντες
2198 2457 2290 2509 τὸν
2316 2456 2593 2511 Ματθατον
2619 2456 2853 2527 Ἀσάνην
2891 2462 3026 2527 μετὰ
3062 2461 3295 2530 στρατοῦ
3330 2466 3423 2514 λα-

1857 2548 2078 2617 θραίως,
2110 2549 2205 2601 καὶ
2231 2546 2401 2601 ἐλθὼν
2430 2550 2487 2601 ὲν
2524 2549 2601 2617 τῷ
2632 2551 2782 2621 τόπῳ
2809 2545 2869 2604 οὗ
2900 2552 3126 2620 ἔμελλον
3154 2555 3423 2621 περᾶσαι,

1858 2644 1953 2695 καὶ
2011 2642 2295 2710 αἰφνιδίως
2348 2644 2429 2706 είς
2488 2645 2691 2707 αὐτοὺς
2762 2648 3135 2718 συρράξαντες
3194 2649 3426 2714 πολλοὺς

1858 2735 2189 2788 ἀπέκτειναν
2243 2737 2335 2788 καὶ
2386 2720 2801 2805 ᾐχμαλώτισαν,
2857 2742 2914 2791 ἐν
2951 2734 3032 2801 οἷς
3088 2736 3169 2803 εἷς
3204 2737 3273 2811 ἦν
3317 2742 3427 2793 τῶν

1859 2824 2228 2893 αἰχμαλώτων
2261 2826 2354 2878 καὶ
2401 2830 2429 2880 6
2457 2827 2804 2897 Ἀχουμάτης
2853 2832 2879 2882 6
2914 2830 3235 2902 Τοδραχάνη
3273 2835 3385 2895 υίός
3411 2852 3425 2866 ·

1859 2917 1917 2970 δν
1947 2919 2279 2972 ἀπέστειλαν
2312 2922 2391 2982 είς
2426 2922 2684 2991 Σπάρτην
2714 2923 2851 2990 πρὸς
2888 2922 2979 2975 τὸν
3025 2923 3295 2995 δεσπότην
3322 2929 3429 2997 κὺρ

1834 3010 2197 3081 Δημήτριον.
2255 3012 2365 3063 Καὶ
2396 3015 2459 3082 τῇ
2495 3011 2560 3076 ιζ’
2610 3013 2703 3065 τοῦ
2746 3014 3079 3085 Ἰανουαρίου
3136 3017 3303 3084 μηνὸς
3334 3016 3427 3069 τοῦ

1864 3100 2027 3152 αὐτοῦ
2050 3102 2203 3165 ἔτους
2234 3103 2496 3172 ἐγεννήθη
2532 3105 2628 3157 καὶ
2656 3107 2684 3158 6
2711 3105 2818 3159 τῶν
2846 3106 3226 3175 Παλαιολόγων
3242 3109 3429 3176 γένους

1865 3190 2081 3259 καὶτῆς
2131 3192 2412 3261 βασιλείας
2454 3194 2697 3264 διάδοχος
2732 3196 2826 3248 καί⁵
2870 3195 2963 3249 τοῦ
2999 3198 3107 3251 τῶν
3148 3199 3432 3267 Ῥωμαίων

1868 3283 2064 3353 μικροῦ
2090 3284 2282 3365 τούτου
2313 3287 2607 3356 σπινθῆρος
2635 3289 2996 3357 κληρονόμος,
3024 3293 3053 3343 6
3079 3290 3270 3361 κύριος
3311 3293 3432 3346 Ἀνο

1862 3376 2024 3443 δρέας
2073 3378 2101 3428 6
2167 3379 2556 3445 Παλαιολόγος,
2602 3382 2630 3432 6
2684 3381 2799 3443 υίὸς
2856 3383 2951 3434 τοῦ
3010 3383 3276 3436 δεσπότου
3328 3385 3432 3456 κὺρ

1861 3467 2033 3534 Θωμᾶ
2066 3468 2161 3521 τοῦ
2195 3473 2731 3543 πορφυρογεννήτου.

1863 3670 2116 3739 davitque
2145 3670 2211 3724 iis
2240 3684 2473 3730 ameras.
2498 3680 2555 3724 ιιι
2585 3685 2680 3739 per
2704 3680 2866 3724 totam
2889 3671 3121 3726 hiemem
3153 3688 3249 3728 eos
3270 3673 3434 3743 impe-

1861 3759 2839 3822 dirent,neinvenirentoccasionem
2884 3763 3122 3816 ferenda:
3166 3764 3285 3817 urbi
3313 3766 3435 3834 Opis

1865 3865 1969 3904 una
1991 3866 2113 3903 eum
2139 3850 2466 3919 imperatore
2487 3850 2671 3906 fratre.
2699 3853 3053 3908 Turacbanes
3078 3853 3239 3923 igitur
3262 3868 3318 3909 ut
3344 3858 3436 3909 ad-

1864 3942 2030 4007 venit,
2062 3942 2249 3996 lstltmi
2286 3945 2687 4011 propugnacula
2716 3945 2880 4014 cepit,
2916 3946 3340 4014 cecideruntque
3371 3964 3437 4002 ex

1866 4042 2097 4103 utraque
2114 4046 2288 4103 parte,
2303 4033 2737 4089 Christianorum
2755 4047 2805 4089 et
2826 4036 3436 4106 inﬁdelium.permulti,

1866 4126 1959 4179 sed
1993 4125 2207 4179 illorum
2256 4126 2460 4194 plures,
2498 4126 2591 4193 qui
2638 4126 2798 4179 iidem
2829 4125 2965 4195 fuga:
3002 4141 3059 4179 se
3089 4127 3433 4181 mandarunt.

1864 4218 1985 4286 Ipse
2038 4218 2254 4282 deinde,
2292 4217 2795 4280 relicta‘Coriutlto,
2816 4232 2911 4287 per
2936 4218 3171 4272 mediam
3202 4219 3436 4273 insulam

1869 4309 2135 4378 procedit,
2167 4307 2409 4376 capiens,
2444 4306 2690 4375 spoliatis
2717 4345 2734 4372 ,
2763 4310 2815 4360 in
2852 4307 3167 4361 servitutem
3194 4309 3440 4377 redigons

268 4394 644 4450 MenseJunio
673 4396 792 4466 ejus
844 4400 969 4450 anni
1009 4398 1203 4451 bellum
1263 4400 1614 4474 commissum
1664 4410 1765 4465 est,
1868 4414 2226 4470 quoscunque
2256 4399 2472 4461 obvios,
2507 4400 2865 4468 pervenitque
2886 4398 2953 4451 ad
2978 4400 3315 4462 provinciam
3338 4402 3441 4453 Ar-

195 4497 367 4557 atque
406 4487 692 4542 invadente
733 4503 832 4543 nos
863 4492 1105 4543 exercitu
1138 4490 1320 4543 hostili
1344 4530 1358 4551 ,
1386 4507 1482 4558 pro
1537 4494 1765 4561 captivis
1870 4492 2035 4547 cadiae
2065 4499 2118 4545 et
2140 4490 2315 4545 sinum
2344 4491 2769 4550 Messeniacum.
2795 4498 2848 4543 et
2876 4489 2962 4543 via
3005 4489 3295 4544 lthomensi
3321 4507 3441 4559 pro-

197 4578 416 4646 abrepti
451 4586 581 4632 sunt
608 4578 794 4632 cuncti
839 4577 1161 4632 suburbani.
1213 4578 1332 4644 Quo
1384 4580 1576 4633 eodem
1636 4594 1768 4635 tem—
1871 4583 2117 4653 grediens
2139 4592 2307 4636 totum
2326 4584 2501 4636 sinum
2524 4580 2910 4635 Messeniacum
2928 4581 3250 4637 Mantineam
3275 4598 3441 4651 usque

196 4685 340 4740 pore
369 4679 608 4723 castrum
629 4668 925 4739 perfectum
946 4678 1473 4739 est,cxstruct:eque
1498 4672 1550 4725 in
1576 4688 1641 4726 eo
1664 4684 1773 4727 tres
1808 4674 1848 4727 D
1878 4674 2263 4743 depopulatur.
2302 4672 2613 4742 Perspectis
2639 4682 2818 4725 autem
2883 4672 3120 4741 regionis
3177 4675 3442 4740 angustis

197 4774 384 4815 turres
417 4760 605 4824 ﬁrmae,
639 4763 757 4815 dua:
786 4760 1153 4815 continentem
1184 4777 1412 4828 versus;
1448 4765 1623 4828 tertia,
1664 4765 1773 4819 illis
1874 4774 1926 4819 et
1960 4777 2151 4819 natura
2174 4766 2340 4827 invia,
2362 4780 2453 4834 per
2470 4779 2631 4833 quam
2654 4774 2798 4817 totus
2817 4763 2978 4818 simul
3001 4764 3272 4818 exercitus
3298 4774 3442 4818 tran-

195 4857 370 4925 paulo
396 4854 575 4917 altior,
601 4853 667 4906 ad
694 4867 859 4905 mare.
883 4850 1161 4904 Murorum
1184 4852 1412 4906 latitudo
1435 4862 1551 4906 erat
1582 4854 1772 4922 viginti

194 4948 448 5016 quinque
463 4947 681 5014 pedum,
703 4944 931 4997 interius
947 4944 1181 5011 spatium
1205 4944 1439 4998 duorum
1456 4955 1506 4998 et
1527 4946 1771 5014 triginta.

196 5041 439 5110 Easdem
464 5040 683 5107 plumbo
715 5039 849 5090 texit
877 5046 931 5091 et
958 5046 1134 5091 totum
1165 5046 1403 5090 castrum
1428 5036 1564 5091 bene
1600 5038 1778 5090 muni-

198 5136 281 5186 vit
305 5144 363 5185 et
390 5131 640 5199 praesidio
664 5130 922 5183 ﬁrmavit.
951 5128 1153 5183 Deinde
1178 5127 1437 5182 vicesimo
1468 5138 1661 5183 octavo
1692 5130 1778 5183 die

197 5226 438 5295 Augusti
458 5225 583 5278 inde
607 5238 881 5293 egressus,
899 5223 955 5275 in
988 5222 1159 5276 vallos
1186 5221 1333 5275 urbis
1361 5220 1776 5287 impressionem

199 5320 361 5382 fecit,
395 5332 457 5369 ac
487 5317 660 5386 primo
682 5313 1015 5383 Septembris
1032 5314 1160 5367 anni
1199 5311 1331 5366 6961
1367 5312 1774 5381 Adrianopolim

198 5411 498 5474 concessit,
517 5410 728 5463 duobus
756 5408 861 5462 illis
884 5407 1073 5461 diebus
1090 5406 1261 5469 urbis,
1284 5415 1343 5459 ut
1371 5405 1603 5467 videtur,
1639 5419 1773 5457 mce-

206 5507 298 5558 nia
336 5511 393 5555 et
441 5500 642 5562 fossas,
670 5509 723 5552 et
751 5498 797 5552 si
835 5496 963 5565 quid
990 5497 1132 5551 aliud
1164 5497 1401 5556 volebat.
1437 5496 1770 5565 speculatus.

204 5596 416 5650 Eodem
469 5601 756 5655 autumno,
788 5590 1043 5645 Octobris
1066 5591 1155 5643 die
1184 5589 1380 5658 primo,
1407 5587 1777 5642 Turacbanem

201 5698 259 5741 et
300 5685 443 5739 duos
495 5683 635 5737 ﬁlios
685 5682 821 5750 ejus.
848 5682 1197 5735 Achumatem
1242 5690 1294 5733 et
1341 5680 1580 5732 Amarim
1609 5718 1623 5739 ,
1658 5695 1778 5731 cum

204 5776 456 5834 exercitu
476 5774 676 5843 ingenti
704 5774 755 5827 in
783 5773 1211 5840 Peloponnesum
1248 5773 1487 5832 misit.ut
1506 5774 1775 5841 despotas.

205 5870 411 5926 fratres
434 5868 773 5938 imperatoris
795 5866 932 5919 bello
955 5866 1124 5917 adorti
1159 5866 1524 5932 prohiberent,
1554 5881 1639 5926 ne.
1663 5864 1784 5916 reli-

210 5961 322 6021 clis
372 5961 481 6016 illis
535 5958 688 6023 locis,
720 5955 1032 6025 imperatori
1066 5954 1265 6009 auxilio
1320 5956 1585 6017 venirent,
1626 5969 1780 6005 man-

1876 4856 1983 4911 sire
2008 4872 2111 4911 non
2125 4866 2330 4925 posset,
2364 4856 2594 4909 militum
2618 4868 2964 4910 strenuorum
2986 4864 3136 4923 parte
3153 4856 3441 4912 Achumati

1878 4948 1986 5003 (ilio
2022 4950 2333 5007 commissa.
2367 4948 2449 5001 via
2477 4964 2600 5002 eum
2624 4964 2745 5017 quae
2769 4958 2918 5003 trans
2947 4946 3259 5002 Leontarim
3309 4950 3439 5012 fert,

1878 5040 2170 5111 procedere
2191 5041 2379 5110 jussit.
2398 5039 2466 5095 At
2484 5042 2645 5095 aliam
2669 5043 2713 5094 is
2736 5041 2875 5093 viam
2899 5038 3181 5105 ingressus
3201 5050 3305 5096 est.
3323 5042 3442 5106 Quo

1879 5142 2179 5198 comperto.
2210 5131 2447 5199 despotze
2483 5130 2678 5185 fratres
2700 5129 3008 5184 Manlianum
3041 5130 3278 5186 Asanetn
3304 5133 3440 5185 clam

1882 5238 2003 5277 cum
2038 5223 2276 5276 exercitu
2306 5223 2524 5277 mittunt
2553 5241 2566 5288 ;
2596 5224 2688 5291 qui
2723 5223 2811 5277 ubi
2867 5231 3235 5292 pervenerunt
3275 5224 3326 5275 in
3370 5224 3444 5278 lo-

1882 5329 2028 5375 cum,
2060 5328 2217 5381 quem
2252 5314 2574 5369 illitransire
2605 5315 2823 5375 vellent,
2844 5314 3027 5368 subito
3054 5314 3109 5367 in
3140 5314 3441 5368 eosincur-

1886 5406 2037 5459 sione
2061 5403 2221 5464 facta.
2244 5420 2349 5458 non
2378 5420 2579 5473 paucos
2598 5406 2789 5475 partim
2818 5406 3097 5472 occidunt,
3126 5406 3323 5474 partim
3349 5420 3443 5460 ca-

1889 5499 2062 5565 piunt.
2100 5497 2152 5548 in
2184 5495 2266 5551 his
2292 5499 2464 5565 ipsum
2491 5497 2828 5551 Turacbauis
2856 5496 3023 5549 ﬁlium
3058 5497 3443 5575 Achumatem,

1885 5600 2042 5654 quem
2074 5584 2318 5653 Spartam
2364 5586 2430 5638 ad
2489 5583 2814 5638 Demetrium
2877 5587 3158 5655 despotam
3200 5588 3441 5641 mittunt.

1888 5680 2103 5733 Decimo
2138 5678 2366 5745 septimo
2398 5678 2485 5731 dte
2527 5675 2764 5730 lunuarii
2802 5677 2929 5728 anni
2978 5678 3219 5746 ejusdem
3279 5691 3445 5737 natus

1886 5781 1968 5824 est
1999 5768 2418 5837 Palteulogorum
2447 5778 2500 5821 et
2532 5769 2739 5836 imperii
2770 5783 3054 5836 parvaque
3091 5770 3253 5836 hujus
3302 5776 3445 5827 scim

1890 5863 2015 5914 tiliae
2044 5858 2408 5911 Romanorum
2430 5859 2878 5921 lizeres,Andreas
2898 5850 3250 5929 Palmologus,
3295 5860 3441 5916 Tito-

1893 5971 1990 6005 ntat-
2026 5951 2463 6022 porphyrogeuiti
2493 5952 2732 6020 despota:
2770 5954 2932 6006 lilius.
