4134 6452
780 456 893 519 835
946 420 953 425 ’

1960 455 2353 515 GEORGlif

2455 459 2525 515 iA
2534 456 2674 514 NTZ
2683 456 2743 513 1E
3931 445 4019 508 836

859 569 968 621 Καὶ
996 566 1164 621 ταῦτα
1214 569 1313 638 μὲν
1356 570 1420 637 δὴ
1466 570 1636 625 οὕτως
1669 569 1813 639 εἶχον
1848 571 1915 622 τὰ
1945 571 2040 633 τῆς
2079 570 2347 621 Πελοπον-
2376 567 2424 626 Α
2452 570 2544 622 τοῦ
2600 568 2999 638 χαρακώματος
3048 565 3397 633 περιίσταντο
3433 565 3483 615 oi
3544 560 3889 628 ίαννιτζάροι
3936 566 4015 611 σζι

787 664 975 728 νήσου.
1011 661 1100 721 '0;
1132 661 1187 711 δὲ
1222 661 1281 713 τὸ
1309 660 1408 729 ἔαρ
1445 661 1782 729 ἐπέλαμψεν,
1815 663 1843 711 6
1872 662 2117 731 ἀμηρᾶς,
2151 662 2210 713 ὃν
2234 657 2347 728 εἶχε

785 752 1301 818 κατεσκευασμένον
1327 751 1514 803 στόλον
1548 753 1912 818 οἰκονομήσας
1943 753 2042 809 τὰς
2080 752 2350 811 ἐλεϐόλεις

782 861 888 897 κατ
919 842 1294 902 ὲλεδολίσκους
1323 846 1416 893 καὶ
1446 843 1637 911 ἐτέρας
1671 843 1942 911 μηχανὰς,
1967 843 2030 902 ἃς
2062 840 2173 912 εἶχε
2219 860 2351 912 προ·-

782 935 1221 1006 ητοιμασμένας,
1268 928 1379 986 εἶτε
1408 933 1718 1005 ἔμπροσθεν
1766 934 1976 996 στείλας
2001 933 2094 984 τὸν
2125 935 2351 1003 Χαρατὴ

789 1028 1034 1098 μπασιᾶν
1069 1025 1205 1093 μετὰ
1237 1025 1530 1090 φουσάτου,
1579 1026 1672 1077 καὶ
1712 1025 1883 1077 ἐλθὼν
1926 1025 2217 1076 ἀπέκλεισε
2254 1024 2350 1093 τὴν

787 1119 963 1170 πόλιν.
996 1117 1106 1169 Καὶ
1138 1116 1244 1184 πρὸ
1264 1115 1359 1167 τοῦ
1385 1116 1557 1167 ἐλθεῖν
1585 1118 1676 1167 τὸν
1701 1117 1947 1183 ἀμηρᾶν,
1997 1117 2119 1177 τοὺς
2150 1116 2352 1179 ἔξωθεν

788 1208 1038 1276 πύργους
1072 1206 1170 1274 τῆς
1207 1206 1415 1268 πόλεως
1440 1208 1565 1265 τοὺς
1596 1208 1653 1257 ὲν
1689 1208 1878 1274 ἀγροῖς
1910 1206 2003 1257 καὶ
2032 1206 2267 1273 κώμαις,
2298 1207 2355 1258 ἐν

785 1294 867 1359 οἷς
896 1295 1036 1366 ἦσαν
1081 1315 1229 1359 τινες
1261 1296 1540 1365 ἄνθρωποι
1574 1296 1932 1365 συναχθέντες
1959 1297 2050 1350 δεὰ
2075 1298 2134 1349 τὸ
2176 1297 2357 1363 αἰςρνίο

787 1394 904 1444 διον
954 1392 1049 1443 τοῦ
1104 1388 1359 1459 στρατοῦ,
1397 1388 1818 1457 ἐξεπολιόρκησε
1851 1390 1946 1441 καὶ
1986 1391 2213 1458 ἐπῇρεν.
2264 1387 2357 1451 Ἐξ

786 1480 967 1533 αὐτῶν
1012 1480 1181 1549 μέρος
1223 1478 1321 1547 μὲν
1351 1478 1509 1547 237
1547 1477 1928 1539 ἐδουλώσαντο,
1964 1482 2056 1533 καὶ
2094 1479 2259 1546 μέρος
2292 1479 2356 1530 ἐκ

786 1570 879 1621 τοῦ
908 1568 1101 1638 λοιμοῦ
1141 1570 1236 1621 καὶ
1272 1569 1370 1637 τῆς
1401 1569 1567 1637 ἄλλης
1609 1569 1982 1630 κακοπαθείας
2028 1572 2222 1638 ἐπῇρε,
2262 1570 2356 1621 καὶ

784 1660 882 1711 οὐκ
920 1659 1133 1725 ὀλίγους
1182 1659 1541 1726 Χριστιανοὺς
1590 1657 1960 1726 ῂχμαλώτισε.
2015 1656 2097 1707 Τὰ
2156 1656 2211 1707 δὲ
2260 1656 2355 1707 τοῦ

787 1750 1025 1816 πολέμου
1056 1750 1331 1814 ἀναγκαῖα
1363 1748 1458 1801 καὶ
1500 1749 1781 1815 ἐπιτήδεια
1818 1749 1912 1799 καὶ
1948 1748 2189 1815 μηχαναὶ
2227 1747 2354 1798 ἀνα-

788 1839 1201 1908 μέσονήρχοντο
1230 1839 1433 1891 πολλὰ·
1459 1840 1654 1905 ἔφερον
1683 1839 1787 1907 γὰρ
1822 1838 2089 1897 ὲλεϐόλεις
2129 1837 2350 1898 πολλάς.

2461 664 2574 720 τοῖς
2624 660 2805 720 ἄλλοις
2861 658 3108 725 εὐγενέσι
3155 655 3250 709 τοῦ
3307 654 3570 706 παλατίου
3636 651 3832 704 αὑτοῦ.
3870 650 3928 701 '0
3972 652 4015 700 δὲ

2460 751 2706 817 μπασιᾶς
2748 749 2777 801 6
2811 747 2905 800 τοῦ
2938 749 3129 816 ἀμηρᾶ
3178 745 3450 814 συγγενὴς
3492 743 3667 797 ὲλΘὼν
3715 742 4015 808 ἐσκήνωσεν

2456 840 2571 907 ἅμα
2613 839 2691 905 τῷ
2748 839 3171 907 ἐμπιστευθέντι
3215 836 3367 905 αὐτῷ
3422 833 3641 903 στρατῷ
3677 831 3893 885 ἄνωθεν
3937 831 4013 881 τοῦ

2459 932 2496 982 Γ
2501 930 2694 983 αλατᾶ.
2731 930 2839 982 Καὶ
2866 931 2934 998 τῇ
2964 928 3102 998 αὐτῇ
3139 928 3324 998 ἡμέρᾳ
3351 926 3585 992 ἔφθασεν
3614 923 3714 975 καὶ
3742 923 3911 991 μέρος
3937 920 4015 971 τοῦ

2457 1021 2645 1074 στόλου
2674 1022 2865 1084 αὐτοῦ,
2903 1021 2999 1073 καὶ
3032 1019 3362 1088 ἐπλησίασεν
3393 1016 3557 1085 338
3587 1017 3647 1067 ἐν
3679 1017 3803 1075 ταῖς
3837 1014 4014 1066 ἀκταῖς

2454 1115 2552 1183 τῆς
2581 1114 2853 1182 Θαλάσσης
2901 1113 2999 1181 τῆς
3032 1112 3262 1173 πόλεως.
3290 1106 3472 1162 Ἦσαν
3502 1108 3559 1160 δὲ
3604 1108 3869 1177 τριήρεις
3901 1106 4014 1156 ὡσεὶ

2456 1206 2752 1276 τριάκοντα
2779 1210 2873 1259 καὶ
2915 1206 3219 1274 δρόμωνες,
3252 1204 3377 1272 νῆες
3408 1203 3465 1255 δὲ
3504 1201 3596 1255 καὶ
3639 1200 3910 1267 πλοιάρια
3938 1202 4013 1250 καὶ

2460 1300 2716 1369 μονήρεις
2753 1299 3051 1368 τριάκοντα
3097 1296 3193 1350 καὶ
3231 1296 3448 1350 ἑκατόν.
3482 1296 3587 1347 Καὶ
3638 1292 3821 1354 οὕτως
3861 1293 4007 1357 παρέ-

2457 1406 2622 1440 πεται
2657 1391 2722 1457 τῇ
2756 1388 2911 1440 πόλει
2950 1387 3259 1455 πολιορκῶν
3283 1386 3453 1453 αὐτὴν
3500 1387 3639 1437 πᾶσι
3678 1383 3908 1449 τρόποις
3934 1383 4012 1431 καὶ

2462 1481 2757 1547 μηχαναῖς,
2788 1480 2877 1531 διὰ
2924 1478 3094 1547 ξηρᾶς
3130 1479 3225 1532 καὶ
3275 1478 3553 1545 Θαλάσσης
3600 1474 4014 1543 περικυκλώσας

2455 1573 2521 1625 τὰ
2551 1573 2682 1624 δέκα
2712 1570 2883 1623 δκτὼ
2928 1571 3079 1641 μίλια
3130 1569 3231 1637 τῆς
3274 1568 3501 1629 πόλεως.
3550 1567 3661 1619 Καὶ
3693 1567 3722 1618 6
3776 1563 4011 1630 βασιλεὺς

2457 1664 2759 1731 προσέταξε
2795 1662 2893 1732 τὴν
2940 1663 3129 1730 σειρὰν
3164 1660 3263 1728 τὴν
3304 1660 3530 1727 σιδηρᾶν
3576 1659 3679 1726 τὴν
3716 1655 4013 1724 βαρυτάτην

2458 1758 2515 1807 ὲν
2544 1755 2622 1823 τῷ
2658 1756 2887 1823 στόματι
2921 1754 3015 1806 τοῦ
3053 1753 3272 1821 λιμένος
3315 1750 3514 1819 βαλεῖν,
3552 1749 3640 1800 ἵνα
3689 1747 3786 1800 τοῦ
3821 1746 4011 1797 στὲλςυ.

2459 1844 2601 1910 λέγω
2647 1845 2754 1897 τῶν
2799 1842 3074 1909 πολεμίων
3124 1841 3348 1903 πλοίων,
3396 1837 3612 1906 κωλύσῃ
3670 1837 3769 1901 τὴν
3802 1834 4013 1898 Epoﬁov‘

816 1931 889 1993 Εξ
919 1932 1102 1984 αὖτῶν
1134 1932 1189 1982 δέ
1221 1947 1368 1989 τινες
1404 1930 1662 1981 τοσοῧτον
1697 1930 1944 1998 ὑπῆρχον
1978 1930 2057 1991 εἰς
2100 1929 2349 1996 μέγεθος.
2385 1911 2426 1964 Β
2457 1937 2661 1989 ἔσωθεν
2690 1937 2743 1988 δὲ
2778 1937 2876 2004 τῆς
2915 1934 3120 1987 άλύσου
3154 1931 3252 1991 τὰς
3291 1929 3715 1998 παρατυχούσας
3754 1926 3894 1989 νῆας
3922 1925 4014 1973 ἐνέ-

785 2022 852 2081 ἃς
879 2023 980 2074 οὐκ
1028 2021 1284 2073 ἐδύναντο
1334 2020 1746 2088 τεσσαράκοντα
1780 2021 1947 2087 ζεύγη
1987 2020 2123 2086 βοῶν
2168 2020 2353 2087 σύρειν

789 2112 1026 2179 ἑκάστην
1054 2112 1233 2165 αὐτῶν
1277 2112 1309 2181 ἢ
1343 2113 1437 2163 καὶ
1472 2112 1812 2178 πεντήκοντα
1848 2111 2017 2179 ζεύγη
2066 2112 2160 2165 καὶ
2193 2113 2355 2163 πλέον

789 2203 822 2271 ἦ
854 2203 946 2255 δύο
978 2202 1217 2271 χιλιάδες
1251 2202 1548 2272 ἄνθρωποι.
1576 2204 1683 2256 Καὶ
1723 2206 1788 2270 τῇ
1826 2202 1870 2271 β’
1914 2203 2007 2256 τοῦ
2037 2203 2354 2271 Ἀπριλλίου

791 2296 996 2362 ἔφθασε
1052 2296 1149 2349 καὶ
1192 2297 1218 2347 6
1259 2297 1482 2365 ἀμηρᾶς
1532 2296 1671 2365 μετὰ
1724 2296 1929 2363 πλῆθος
1983 2296 2356 2366 ἀναρίΘμητον

793 2383 1028 2454 στρατοῦ
1062 2384 1289 2436 ἱππικοῦ
1321 2402 1379 2437 τε
1413 2390 1506 2439 καὶ
1554 2384 1745 2448 πεζοῦ.
1788 2386 1990 2439 Ἐλθὼν
2028 2386 2124 2454 τὴν
2152 2386 2356 2455 σκηνὴν

788 2477 953 2529 αὑτοῦ
1010 2477 1287 2545 πήγνυσιν
1322 2476 1382 2539 ἐξ
1422 2477 1667 2538 ἐναντίας
1706 2480 1805 2546 τῆς
1847 2477 2021 2545 πύλης
2068 2476 2164 2529 τοῦ
2197 2477 2353 2543 ἁγίου

796 2568 1103 2636 ἰ’ωμανοῦ,
1154 2558 1243 2619 καῖ
1304 2570 1331 2619 ὁ
1367 2567 1600 2636 στρατὸς
1655 2568 1789 2620 ὡσεὶ
1840 2568 2024 2637 ἄμμος
2078 2568 2355 2636 Θαλάσσης

788 2658 928 2712 κατὰ
956 2661 1017 2712 τὸ
1057 2659 1368 2728 Ἐξαμίλιον
1398 2659 1496 2725 τῆς
1524 2658 1724 2729 χέρσου
1753 2659 1818 2710 ὲκ
1847 2659 1947 2726 τῆς
1994 2661 2124 2728 μιᾶς
2153 2659 2355 2712 Θαλάσ-

789 2769 889 2818 σης
915 2752 1008 2803 καὶ
1039 2753 1104 2803 ὲκ
1129 2751 1224 2819 τῆς
1254 2751 1466 2819 ἑτέρας.
1496 2751 1605 2802 Καὶ
1634 2752 1660 2803 6
1684 2751 1781 2817 τῆς
1798 2750 2097 2820 ’Δνατολῆς
2127 2752 2355 2821 στρατὸς

790 2843 1029 2910 ἐπήξατο
1064 2841 1164 2903 τὰς
1209 2841 1415 2908 σκηνὰς
1455 2841 1633 2893 αὐτῶν
1665 2843 1724 2893 ἐν
1765 2844 1879 2903 τοῖς
1918 2842 2112 2906 δεξιοῖς
2164 2843 2354 2912 μέρεσι

788 2935 883 2988 τοῦ
916 2936 1108 3005 ἀμηρᾶ
1139 2935 1233 2987 καὶ
1263 2934 1362 2995 ἓως
1402 2933 1509 2985 τῶν
1542 2933 1721 2984 ἀκτῶν
1750 2933 1847 3000 τῆς
1879 2932 2152 3003 Θαλάσσης
2180 2933 2353 3000 πύλης

791 3030 892 3096 τῆς
926 3027 1170 3098 Χρυσῆς,
1197 3028 1224 3079 6
1254 3027 1308 3078 δὲ
1337 3025 1436 3093 τῆς
1471 3025 1735 3095 Εὐρώπης
1770 3027 1825 3076 ἐν
1855 3029 1917 3093 τῇ
1968 3028 2231 3095 ἀριστερᾷ
2260 3029 2352 3077 καὶ

785 3121 891 3183 ἕως
922 3127 1017 3189 της
1042 3119 1217 3188 πύλης
1236 3120 1331 3185 τῆς
1365 3114 1591 3185 Ξυλίνης
1615 3118 1724 3169 τῶν
1755 3118 1933 3169 ἁκτῶν
1963 3118 2053 3170 τοῦ
2084 3120 2350 3187 Κερατίου

789 3217 1011 3269 κόλπου.
1050 3214 1158 3267 Ka‘t
1185 3214 1213 3266 6
1238 3215 1459 3281 ἀμηρᾶς
1489 3213 1919 3281 περιεκυκλοῦτο
1963 3215 2211 3285 ὀρυκτοῖς
2252 3234 2350 3284 χα-
2378 3245 2419 3300 C

790 3306 1079 3375 ρακώμασι
1111 3306 1204 3358 καὶ
1236 3304 1464 3367 ξυλίνοις
1490 3306 2001 3375 περισταυρώμασι,
2034 3308 2124 3357 καὶ
2150 3306 2347 3369 ἔξωθεν

858 3483 936 3537 Ac
966 3497 1053 3537 res
1080 3482 1550 3550 Peloponnesiacze
1573 3482 1790 3551 quidem
1827 3483 1960 3537 tales
1980 3482 2219 3538 fuerunt.
2249 3483 2351 3537 Ve—

790 3586 846 3626 re
877 3582 1058 3627 autem
1092 3572 1399 3640 ingruente,
1439 3587 1652 3626 ameras
1681 3588 1807 3625 cum
1844 3574 2045 3637 classe,
2075 3588 2237 3640 quam
2265 3575 2350 3626 in—

788 3674 1052 3719 structam
1082 3664 1334 3726 habebat,
1375 3673 1659 3733 postquam
1692 3665 1964 3732 expedivit
2001 3666 2266 3734 helcpnles
2294 3674 2349 3720 et

791 3755 1149 3810 heleboliscos
1177 3754 1447 3823 aliasque,
1484 3771 1622 3824 quas
1668 3765 1977 3823 paraverat,
2042 3757 2345 3820 machinas,

785 3847 1288 3916 Charatehpasiane
1316 3862 1436 3901 cum
1502 3848 1745 3901 exercitu
1781 3848 2064 3916 prtemisso
2086 3889 2099 3912 ,
2132 3848 2350 3904 advenit

787 3939 1087 4007 urbemque
1123 3938 1406 3992 obsidione
1431 3938 1631 4006 pressit
1662 3945 1826 3991 :ante
1853 3947 2032 3993 tamen
2056 3949 2233 3995 turres
2249 3956 2347 3994 ex-

789 4043 869 4084 tra
896 4030 1083 4084 urbem
1120 4030 1173 4083 in
1209 4029 1353 4098 agris
1388 4030 1632 4098 vicisque
1659 4030 1813 4091 sitas.
1837 4031 1890 4084 in
1918 4046 2055 4099 quas
2101 4032 2347 4086 nonnulli

786 4132 1008 4194 propter
1024 4119 1360 4192 repentinam
1389 4122 1630 4176 hostium
1654 4121 2015 4190 irruptionem
2050 4138 2107 4176 se
2129 4139 2348 4192 recepe-

790 4224 929 4280 rant,
963 4223 1300 4285 expugnatas
1332 4216 1546 4269 evertit.
1574 4212 1775 4268 Horum
1803 4223 2007 4283 partem
2029 4215 2083 4268 in
2112 4216 2348 4271 servitu-

788 4318 896 4361 tem
926 4308 1139 4376 redigit,
1164 4316 1370 4376 partem
1403 4316 1550 4374 peste
1572 4315 1626 4361 et
1655 4306 1777 4360 aliis
1805 4307 2169 4363 incommodis
2214 4325 2348 4361 eon-

790 4400 939 4464 I'ecit,
968 4415 1031 4454 ac.
1055 4415 1164 4454 non
1193 4399 1350 4468 pauci
1377 4398 1675 4454 Christiani
1711 4400 1909 4467 captivi
1931 4399 2055 4453 facti
2084 4398 2351 4455 suut.Res

793 4490 860 4543 ad
893 4489 1090 4543 bellum
1119 4488 1440 4543 necessaria:
1470 4496 1525 4566 et
1559 4488 1716 4541 utiles
1747 4503 1869 4540 cum
1905 4488 2173 4541 machinis
2211 4489 2350 4541 inte-

791 4584 893 4635 rim
926 4595 1118 4651 magno
1144 4594 1371 4633 numero
1396 4580 1805 4633 advehebantur
1840 4597 1852 4632 :
1889 4578 1940 4631 in
1966 4579 2050 4653 bis
2080 4580 2351 4648 belepoles
2384 4583 2426 4636 D
2457 4573 2621 4629 Εΐίὶηῑ
2656 4590 2820 4630 naves
2863 4576 2944 4630 hic

793 4672 1098 4740 permirum,
1142 4684 1372 4738 quarum
1409 4668 1681 4721 nonnulla:
1705 4676 1867 4720 tanta:
1885 4676 2039 4721 erant
2083 4670 2352 4737 magnitu-

786 4764 955 4825 dinis,
990 4772 1048 4814 ut
1076 4759 1347 4829 singulma
1376 4757 1735 4827 quadraginta
1757 4757 2239 4828 velquinquaginta
2263 4759 2351 4829 ju-

791 4853 873 4917 gis
918 4852 1080 4903 boum
1102 4858 1263 4917 atque
1284 4847 1567 4901 hominum
1591 4846 1712 4915 plus
1730 4846 1941 4899 duobus
1966 4847 2349 4902 millilmstrahi

790 4956 899 4996 non
927 4948 1167 5009 possent.
1196 4938 1445 4993 Secundo
1469 4936 1666 5005 Aprilis
1684 4936 1800 5004 ipse
1820 4952 2032 4992 ameras
2052 4938 2203 4991 aﬂ‘uit
2227 4954 2350 4992 cum

790 5033 961 5101 cepiis
983 5032 1325 5101 equestribus
1356 5041 1411 5084 et
1440 5027 1785 5098 pedestribus
1808 5029 2198 5091 inuumeris.et
2238 5040 2353 5084 ten-

788 5125 988 5177 torium
1022 5138 1088 5176 ex
1118 5122 1347 5176 adverso
1376 5130 1544 5190 portae
1567 5122 1741 5175 sancti
1774 5122 2003 5175 Romani
2040 5122 2173 5183 fixit,
2193 5133 2354 5193 atque

788 5214 1065 5269 exercitus
1098 5222 1157 5265 ut
1182 5227 1345 5266 arena
1370 5212 1537 5266 maris
1556 5212 1619 5266 ad
1648 5211 2012 5266 llexamilium
2039 5228 2133 5283 per
2151 5225 2349 5267 terram

786 5311 856 5361 ab
881 5321 991 5361 uno
1023 5306 1158 5360 mari
1196 5304 1260 5359 ad
1289 5304 1519 5359 alterum
1553 5305 1832 5373 pertinuit,
1856 5314 2019 5375 atque
2073 5307 2353 5361 orientalis

786 5397 1009 5469 quidem
1040 5411 1167 5466 pars
1188 5410 1217 5449 a
1249 5396 1435 5449 dextra
1459 5409 1654 5449 amerze
1678 5410 1849 5464 usque
1876 5396 1940 5450 ad
1968 5406 2197 5463 portam,
2235 5413 2354 5467 qua:

788 5501 871 5543 est
903 5490 955 5541 in
988 5489 1186 5552 littore,
1222 5502 1442 5541 auream
1472 5496 1856 5542 castrametata
1898 5497 2000 5550 est,
2027 5487 2282 5557 Eumme
2323 5506 2352 5543 a

790 5583 1014 5635 sinistra
1049 5595 1223 5649 usque
1246 5579 1311 5633 ad
1343 5580 1575 5649 ligneam
1605 5590 1815 5648 portam
1850 5580 1904 5633 in
1928 5580 2083 5635 sinus
2109 5581 2350 5634 Ceratini

791 5679 973 5731 littore
1001 5678 1182 5731 sitam.
1216 5674 1345 5729 Erat
1374 5690 1586 5730 ameras
1622 5677 1763 5730 vallo
1805 5687 1859 5730 et
1917 5676 2063 5731 fossa
2110 5678 2355 5745 puiisqtte

789 5769 1022 5830 cinctus,
1047 5777 1101 5821 et
1125 5778 1276 5821 extra
1310 5768 1509 5821 vallum
1546 5769 2072 5838 stabantjaunitzari
2107 5784 2229 5823 eum
2273 5784 2355 5821 re-

789 5861 952 5929 liquis
974 5859 1160 5930 palatii
1209 5860 1546 5929 proceribus.
1596 5862 1777 5916 Pasias
1834 5872 2037 5927 autem,
2086 5871 2353 5931 cognatus

2457 2029 2674 2088 ϐαλλον,
2718 2030 2865 2091 ὅπως
2924 2025 3292 2094 ἰσχυροτέρως
3341 2021 3634 2074 κωλύσωσι
3670 2022 3772 2085 τὴν
3824 2014 4013 2069 eiseis»

2458 2123 2552 2174 καὶ
2588 2122 2729 2173 κατὰ
2756 2119 2865 2172 τῶν
2888 2118 3098 2186 ἐχθρῶν
3130 2114 3558 2184 ἁντιμάχωνται.
3598 2107 3791 2163 Ἦσαν
3822 2108 3879 2159 δὲ
3905 2106 4016 2172 νῆες

2456 2210 2727 2273 τοιαῦται,
2760 2213 2822 2261 ὲκ
2880 2210 2979 2277 μὲν
3032 2206 3325 2275 Λιγουρῖας
3365 2206 3535 2272 τρεῖς.
3577 2203 3644 2254 ὲκ
3670 2201 3727 2252 δὲ
3788 2198 4014 2267 Ἰϐηρίας

2458 2305 2577 2373 ἦτοι
2631 2300 2936 2362 Καστελίας
2992 2302 3112 2366 μία,
3145 2300 3208 2350 ὲκ
3253 2295 3352 2349 τοῦ
3399 2293 3604 2346 Γάλλου
3633 2292 3734 2359 τῆς
3795 2288 4013 2356 [1906.954-

2458 2396 2612 2460 τζιας
2688 2435 2704 2450 .
2781 2434 2795 2448 .
2875 2430 2931 2455 .,
2967 2394 3031 2444 ὲκ
3073 2391 3131 2444 δὲ
3166 2391 3264 2459 τῆς
3302 2388 3528 2455 Κρήτης
3587 2385 3768 2447 τρεῖς.
3816 2384 3883 2434 ἐκ
3932 2384 4015 2444 τῆς

2459 2488 2666 2547 πόλεως
2695 2483 2995 2553 λεγομένης
3022 2480 3237 2544 Χάνδαξ
3278 2480 3310 2548 ἡ
3347 2477 3445 2544 μία
3480 2475 3571 2527 καὶ
3602 2476 3659 2526 al
3689 2474 3786 2525 δύο
3824 2475 3887 2524 ὲκ
3923 2474 4018 2523 Κυ-

2457 2579 2676 2641 δωνίας,
2704 2578 2877 2630 πᾶσαι
2910 2574 2988 2636 είς
3013 2572 3321 2642 παράταξιν
3347 2568 3655 2636 πολεμικὴν
3686 2566 3876 2621 καλῶς
3898 2567 4019 2631 igri-

2461 2664 2755 2735 μασμέναι.
2792 2663 3026 2729 Ἔτυχον
3054 2660 3111 2713 δὲ
3142 2660 3239 2712 καὶ
3259 2660 3322 2711 ἐκ
3355 2657 3465 2710 τῶν
3505 2655 3741 2708 Ἐνετῶν
3787 2654 4017 2722 τριήρεις

2458 2754 2759 2825 ἐμπορικαὶ
2816 2754 3055 2822 μεγάλαι
3113 2754 3286 2823 τρεῖς,
3344 2751 3409 2813 ἃς
3450 2750 3500 2802 οι
3550 2748 3745 2802 Ἰταλοὶ
3805 2746 4019 2800 εἰώθασι

2456 2846 2698 2916 γρόσσας
2722 2843 2853 2914 γαλέ
2864 2862 2962 2914 ρας
2996 2843 3185 2897 καλεῖν
3218 2843 3249 2913 ἢ
3279 2842 3478 2910 μᾶλλον
3501 2842 3679 2893 εἰπεῖν
3698 2840 4018 2907 γαλεάτζας,

2458 2938 2553 2990 καὶ
2579 2938 2765 3007 ἕτεραι
2793 2937 3039 3006 τριήρεις
3073 2936 3286 3003 ταχεῖαι
3317 2933 3452 3001 πρὸς
3500 2931 3734 2999 φύλαξιν
3762 2932 3861 2983 καὶ
3893 2933 4017 2991 ὑπη-

2459 3030 2644 3098 ρεσίαν
2675 3028 2782 3080 τῶν
2807 3026 3126 3096 ἐμπορικῶν
3150 3026 3503 3091 τεταγμέναι.
3544 3023 3653 3076 Καὶ
3689 3022 4021 3090 προσέταξεν

2457 3122 2484 3173 ὁ
2523 3119 2773 3187 βασιλεὺς
2805 3119 2892 3169 ἴνα
2924 3117 3017 3169 καὶ
3050 3116 3208 3169 αὑταὶ
3234 3114 3671 3183 ἐναπομείνωσιν
3696 3113 3779 3173 είς
3817 3111 4020 3177 συνδρο-

2463 3212 2568 3278 μὴν
2597 3213 2695 3279 τῆς
2726 3209 2958 3272 πόλεως.
2991 3209 3101 3263 Καὶ
3132 3207 3277 3261 οὕτω
3307 3207 3375 3259 τὰ
3421 3207 3515 3259 τοῦ
3565 3206 3793 3274 λιμένος
3836 3204 4020 3260 ὠκονό-

2456 3319 2616 3372 μητο,
2653 3302 2717 3353 ὲκ
2750 3301 2807 3354 δὲ
2837 3302 2936 3366 τῆς
2979 3301 3175 3370 χέρσου
3226 3299 3463 3368 ἔστησαν
3489 3299 3539 3349 οί
3592 3297 3842 3350 ἐναντίοι
3875 3293 4021 3363 239

2450 3496 2645 3534 amet-az
2677 3496 2797 3534 cum
2820 3480 3062 3535 exercitu
3083 3479 3186 3533 sibi
3229 3478 3522 3535 commisso
3554 3491 3724 3545 supra
3781 3477 4017 3531 Galatam

2450 3583 2631 3628 castra
2664 3574 2861 3641 posuit.
2888 3572 3087 3626 Eodem
3103 3572 3189 3625 die
3216 3586 3340 3639 pars
3354 3570 3545 3625 classis
3566 3571 3793 3623 advenit
3820 3578 3877 3622 et
3911 3583 4023 3637 pro-

2450 3681 2517 3735 pe
2553 3666 2736 3719 urbem
2776 3665 2840 3717 ad
2866 3665 3021 3718 littus
3044 3664 3211 3717 maris
3240 3663 3464 3733 appulit.
3504 3662 3676 3716 Erant
3696 3663 3961 3714 triremes
3981 3672 4022 3711 et

2450 3760 2741 3811 tlromones
2763 3757 2980 3811 circiter
3008 3756 3250 3827 triginta,
3280 3771 3445 3810 naves
3471 3756 3721 3811 minores
3752 3765 3945 3808 autem
3980 3762 4023 3805 et

2452 3849 2723 3902 uniremes
2755 3856 2973 3902 centum
3004 3857 3059 3901 et
3091 3848 3333 3917 triginta.
3366 3845 3442 3900 Ita
3473 3845 3538 3899 ad
3572 3846 3769 3899 urbem
3829 3844 4025 3899 accedit

2449 3938 2766 4007 obsidetque
2794 3953 2911 3992 eam
2943 3939 3090 3993 omni
3123 3939 3281 3994 modo
3305 3938 3603 4006 omnisque
3634 3938 3868 4004 generis
3916 3951 4020 3989 ma-

2450 4029 2647 4091 chinis.
2679 4040 2823 4085 terra
2846 4029 3091 4099 marique
3126 4045 3219 4099 per
3247 4029 3549 4084 octodecim
3571 4028 3905 4082 milliarium
3926 4044 4025 4079 am—

2451 4124 2621 4177 bitum
2660 4122 2945 4176 inclusam.
2979 4119 3273 4191 Imperator
3316 4120 3849 4191 ponderosissimam
3896 4129 4026 4175 cate-

2453 4229 2573 4267 nam
2594 4213 2824 4268 ferream
2851 4214 2932 4268 ori
2956 4223 3140 4283 portus
3157 4213 3412 4283 praetendi
3429 4213 3615 4281 jussit,
3638 4228 3750 4281 qua
3778 4228 4023 4266 accessus

2453 4303 2668 4355 navium
2703 4302 2981 4357 hostilium
3010 4312 3290 4357 arceretur
3318 4320 3332 4367 ;
3370 4303 3507 4356 intra
3538 4316 3661 4355 eam
3689 4317 3888 4364 naves,
3914 4316 4020 4370 qua

2455 4392 2589 4447 forte
2641 4393 2863 4447 aderant
2897 4431 2913 4456 ,
2969 4393 3377 4448 collocabantur
3433 4397 3499 4448 ad
3550 4394 3794 4447 validius
3856 4396 4024 4447 defen-

2453 4482 2686 4535 dendum
2712 4483 2981 4538 aditumet
3023 4484 3260 4553 impetus
3298 4483 3535 4539 hostium
3594 4485 4018 4553 propulsandos.

2992 4592 3008 4629 :
3051 4591 3082 4631 e
3130 4576 3347 4645 Liguria
3392 4586 3521 4639 tres,
3558 4592 3623 4629 ex
3680 4578 3868 4632 Iberia
3922 4578 4023 4631 sive

2452 4663 2675 4719 Castilia
2719 4680 2859 4728 una,
2894 4682 2924 4719 e
2963 4665 3248 4720 Provincia
3295 4665 3456 4721 Galli.
3487 4703 3574 4729 ..,
3598 4681 3631 4721 e
3684 4669 3862 4722 Creta
3904 4679 4020 4731 tres,

2452 4771 2518 4809 ex
2567 4756 2721 4819 urbe,
2750 4759 2835 4811 cui
2860 4755 3121 4811 Chandax
3142 4772 3360 4821 nomen,
3403 4772 3534 4821 una,
3583 4756 4014 4827 Cydottialarum

2455 4851 2592 4915 duae,
2655 4849 2932 4904 omnesad
2965 4864 3197 4918 pugnam
3230 4849 3395 4918 probe
3447 4850 3747 4904 instructae.
3794 4855 4019 4905 Aderant

2457 4950 2708 5011 pra-terea
2737 4940 3064 4995 Venetorum
3108 4956 3316 5009 magnae
3373 4942 3624 4996 triremes
3683 4945 4018 4998 mercatoria:

2455 5046 2585 5100 tres,
2622 5051 2759 5104 quas
2788 5032 2906 5088 itali
2932 5049 3154 5104 magnas
3197 5033 3425 5104 galeras,
3483 5035 3597 5090 sive
3645 5037 3841 5105 petius
3892 5038 4017 5103 gale—

2455 5137 2603 5181 atzas
2640 5128 2915 5195 appellare
2969 5127 3192 5191 solent,
3250 5136 3303 5180 et
3346 5126 3464 5179 alia;
3512 5127 3775 5182 triremes
3822 5128 4017 5181 veloces

2455 5223 2519 5274 ad
2576 5219 2879 5273 custodiam
2941 5227 2993 5271 et
3067 5218 3286 5273 tutelam
3338 5218 3597 5272 mercium
3652 5220 4014 5272 constituat:

2455 5328 2591 5383 quas
2642 5320 2697 5363 et
2737 5310 2885 5379 ipsas
2935 5308 3234 5376 imperator
3281 5310 3346 5363 ad
3400 5310 3847 5364 succurrendum
3912 5312 4013 5363 urb:

2460 5418 2678 5457 manere
2733 5401 2921 5471 jussit.
2984 5400 3100 5455 Hoc
3125 5402 3287 5455 modo
3324 5401 3486 5470 igitur
3518 5402 3700 5470 portui
3754 5403 4013 5469 provisum

2456 5506 2557 5550 est.
2590 5495 2647 5548 In
2688 5506 2831 5548 terra
2863 5494 3048 5547 hostes
3073 5509 3321 5561 magnam
3349 5494 3492 5545 illam
3556 5493 3886 5561 helepolim.
3938 5510 4015 5547 cn-

2453 5592 2541 5656 jus
2593 5602 2656 5640 os
2683 5586 2899 5655 patebat
2947 5585 3248 5654 spithamas
3294 5584 3600 5647 duodecim,
3635 5594 3692 5639 et
3727 5585 3869 5639 alias
3892 5601 4019 5639 com-

2459 5681 2638 5746 plures
2665 5686 2903 5745 spcctatu
2933 5677 3126 5744 dignas
3158 5678 3501 5731 collocarunt
3538 5694 3552 5741 ;
3583 5693 3650 5729 ac
3690 5677 3848 5732 fossa
3898 5678 4019 5729 milio

2461 5771 2561 5823 tari
2596 5772 2699 5822 alta
2729 5772 2887 5821 «lucta
2917 5768 3165 5835 palisque
3189 5783 3424 5836 superne
3456 5768 4013 5836 tnuuita,jaculaban‘

2458 5872 2565 5925 tur,
2591 5870 2641 5912 et
2676 5860 2874 5915 muenia
2932 5860 3081 5912 urbis
3133 5859 3266 5914 locis
3315 5859 3735 5928 quatuordccim
3794 5865 4015 5933 graviter
