4134 6452
167 487 274 551 837

1160 478 1610 540 CIIRONICON
1651 478 1922 538 MAJUS.
1964 504 2029 513 --
2073 480 2208 538 LIB.
2254 480 2355 540 [11.

3285 480 3391 541 838

160 600 265 668 τὴν
292 597 537 668 μεγάλην
584 597 801 665 ἐκείνην
832 595 1091 656 ὲλεϐόλιν,
1128 594 1326 655 πλάτος
1392 609 1605 661 ,χουοαν
1638 591 1730 643 ἐπὶ
1761 592 1804 646 Α
1832 606 1996 641 κοντα
2059 593 2152 642 καὶ
2193 592 2373 654 ὀκτὼ,
2415 592 2475 644 τὺ
2532 591 2586 645 δὲ
2620 591 2806 645 λοιπὸν
2844 591 2973 659 ἄχρι
3014 591 3109 642 τοῦ
3160 589 3398 659 ἀριθμόὖ

159 688 580 756 τοῦ-στόματος
632 688 917 755 σπιθαμὰς
971 684 1321 745 δυοκαίδεκα,
1388 686 1485 736 καὶ
1542 684 1734 753 ἐτέρας

161 777 371 840 πολλάς
413 777 682 840 ὲλεΰόλεις
712 777 868 842 ἀξίας
910 777 1218 844 θεάματος·
1262 776 1356 828 καὶ
1404 777 1734 844 στρατήγιον

161 870 400 939 ὀρυκτὸν
446 871 777 939 ποιήσαντες
814 869 1018 939 ὑψηλὸν
1056 868 1151 922 καὶ
1183 869 1323 937 μετά
1366 868 1540 932 ξύλων
1570 884 1735 920 σταυ-

162 961 447 1031 ρὼσαντες
480 964 649 1026 αὑτὰς
678 962 884 1016 ἀνωθεν
913 962 1160 1022 ἔϐαλλον,
1187 962 1280 1015 καὶ
1310 964 1368 1014 ἐν
1396 963 1585 1021 τόποις
1615 962 1733 1014 τέσο

161 1070 331 1123 σαρσι
362 1056 456 1107 καὶ
484 1055 616 1108 δέκα
652 1058 721 1108 τά
747 1056 905 1123 τείχη
942 1056 1039 1123 τῆς
1081 1056 1290 1118 πόλεως
1334 1054 1583 1124 σφοδρῶς
1612 1054 1733 1106 ἔτυ-

158 1162 318 1198 πτον.
383 1146 493 1198 Καὶ
552 1148 617 1198 ἐκ
672 1145 1017 1214 πετροϐόλων
1073 1147 1488 1215 μηχανημάτων
1544 1146 1733 1199 πολλαὶ

158 1235 335 1288 οίκίαι
362 1238 687 1305 περιφανεῖς
732 1238 900 1304 ιγγὺς
925 1239 1035 1289 τῶν
1075 1238 1277 1305 τειχῶν
1322 1238 1727 1305 ἠχρειὼθησαν,

158 1329 258 1379 καὶ
283 1328 516 1394 μάλιστα
545 1328 613 1381 τὰ
639 1329 919 1399 ἀνάκτορα
943 1346 958 1359 ·
988 1331 1050 1382 εκ
1076 1329 1133 1381 δὲ
1158 1329 1267 1383 τῶν
1313 1329 1607 1382 έλεόόλεων
1634 1329 1732 1397 τὴν

160 1419 323 1473 πόλιν
346 1420 639 1490 ἐθορύϐουν
668 1421 989 1489 κροτοῦντες
1015 1422 1107 1475 καὶ
1135 1422 1457 1486 κλονοῦντες
1482 1426 1596 1487 τοῖς
1618 1424 1731 1477 τεί-

156 1527 285 1577 χεσι
338 1513 579 1574 καὶτοῖς
625 1511 860 1581 πύργοις
905 1512 1160 1578 ὲνέδιδον,
1212 1514 1307 1566 καὶ
1358 1513 1584 1584 διαμφλς
1631 1515 1731 1568 οὐκ

154 1601 352 1655 ἔλιπον
398 1601 620 1657 θάνατοι
650 1604 713 1654 ἐκ
740 1621 799 1655 τε
858 1605 966 1657 τῶν
1009 1605 1303 1659 ἐλεϐόλεων
1342 1607 1436 1660 καὶ
1490 1608 1729 1661 ὲλεδολί-

158 1711 315 1747 σκων
348 1697 740 1767 μπαλαιστρῶν
769 1715 827 1750 τε
857 1700 950 1750 καὶ
974 1698 1147 1762 τόξων
1183 1700 1275 1752 καὶ
1315 1701 1518 1765 ἐτέρων
1552 1719 1730 1771 μηχα-

154 1786 443 1852 νημάτων.
481 1787 591 1838 Kal
646 1787 749 1840 οὐκ
776 1787 977 1839 ἔπαυεν
1004 1790 1032 1840 ό
1064 1788 1300 1855 πόλεμος
1349 1788 1471 1841 καθ’
1513 1790 1727 1858 ἡμέραν

150 1891 215 1925 τε
251 1876 345 1926 καὶ
378 1873 571 1936 νύκτα,
622 1876 679 1928 αί
712 1874 1026 1942 συμπλοκαὶ
1064 1875 1156 1926 καὶ
1207 1876 1262 1925 al
1312 1876 1601 1944 συρρήξεις
1633 1876 1728 1927 καὶ⁹

149 1968 205 2017 οί
247 1965 661 2036 ἀκροϐολισμοὶ,
697 1967 930 2027 ἐλπίζων
974 1969 1002 2019 6
1031 1966 1252 2033 ἀμηρᾶς
1285 1966 1372 2018 διὰ
1419 1968 1480 2018 τὸ
1512 1967 1727 2032 ὀλίγους

154 2054 305 2111 εἶναι
341 2060 485 2127 ἡμᾶς
515 2059 608 2111 καὶ
651 2059 891 2127 ίσχυρῶς
914 2060 1319 2119 κεκοπιακότας
1353 2059 1593 2121 εὐκόλως
1626 2062 1721 2126 θη-

155 2150 358 2218 ρεῦσαι
382 2151 483 2218 τὴν
515 2151 671 2204 πόλιν
697 2168 713 2184 ο
762 2150 854 2204 καὶ
897 2151 997 2203 οὐκ
1031 2152 1215 2203 εἴασεν
1244 2152 1393 2219 ἡμᾶς
1424 2149 1610 2203 ἄνεσιν
1637 2150 1727 2202 λα-

148 2245 274 2296 ϐεῖν
327 2244 438 2297 οὐδ’
485 2244 644 2305 ὅλως.
687 2243 755 2296 'H
790 2244 847 2296 δὲ
898 2244 1105 2313 μεγάλη
1158 2244 1335 2310 ἐκείνη
1387 2243 1476 2294 καὶ
1528 2243 1726 2312 ἰσχυρὰ

150 2335 404 2397 ἐλέὸολις
442 2335 531 2387 διά
563 2335 624 2387 τὸ
658 2335 898 2403 συνεχῶς
931 2333 1293 2402 σφενδονίζειν
1324 2334 1419 2385 καὶ
1448 2334 1509 2385 οὐ
1536 2330 1725 2385 τοσοῦὲ

147 2441 251 2477 τον
280 2425 342 2477 τὸ
378 2424 644 2493 μέταλλον
678 2425 944 2493 ὑπάρχειν
975 2423 1219 2491 καθαρὸν
1250 2424 1514 2491 διερράγη
1564 2426 1620 2474 ὲν
1647 2425 1723 2493 τῷ

149 2518 378 2587 βάλλειν
408 2518 501 2570 τὸν
549 2519 802 2587 τεχνίτην
831 2518 893 2569 τὸ
937 2516 1050 2585 πῦρ
1082 2517 1175 2569 καὶ
1209 2518 1290 2578 είς
1339 2516 1508 2569 πολλά
1541 2516 1725 2583 διεμε-

149 2610 320 2677 ρίσθη
352 2610 661 2677 κλάσματα,
693 2609 790 2662 καὶ
821 2609 887 2660 ὲκ
916 2609 1121 2660 τούτων
1157 2607 1340 2661 πολλοὶ
1374 2608 1723 2679 ἀπεκτάνθη-

146 2720 256 2754 σαν
290 2702 388 2754 καὶ
415 2702 751 2772 ἐπλήγησαν.
776 2701 889 2754 Καὶ
912 2699 1153 2761 ἀκούσας
1172 2704 1199 2752 6
1223 2702 1446 2770 ἀμηρᾶς
1474 2702 1717 2771 ἐλυπήθη

144 2792 297 2855 λίαν,
333 2792 427 2844 καὶ
453 2790 787 2861 προσέταξεν
820 2791 907 2844 ἵνα
943 2791 1058 2845 ἀντ’
1088 2791 1263 2859 αὐτῆς
1297 2794 1599 2861 ποιήσωσιν
1626 2795 1719 2847 ἀλ-

142 2886 252 2949 λην
286 2884 665 2951 ἰσχυροτέραν,
710 2883 803 2936 καὶ
828 2882 935 2945 ἕως
963 2882 1064 2951 τῆς
1114 2883 1284 2952 αὐτῆς
1322 2883 1535 2951 ἡμέρας
1566 2886 1717 2938 οὐδὲν

141 2978 302 3040 ἄξιον
335 2976 494 3045 ἔργον
528 2974 651 3026 καθ’
678 2975 833 3044 ἡμῶν
865 2974 1256 3043 κατώρθωσαν.
1292 2977 1399 3028 Καὶ
1429 2980 1493 3043 τῇ
1534 2978 1595 3027 ιε’
1620 2979 1715 3029 τοῦ

141 3065 314 3117 αὑτοῦ
352 3065 553 3131 ἔφθασε
582 3065 679 3116 καὶ
707 3068 735 3117 6
769 3063 1181 3129 ὲναπολειφθεὶς
1226 3065 1409 3124 στόλος
1443 3066 1609 3117 αὑτοῦ
1652 3066 1714 3117 ἔκ

138 3175 202 3209 τε
240 3157 334 3208 τοῦ
371 3156 533 3228 250
562 3156 816 3221 Εὐξείνου
848 3156 1042 3208 πόντου
1081 3157 1177 3208 καὶ
1213 3157 1582 3224 Νικομηδείας
1620 3160 1711 3210 καὶ

1838 680 1946 733 τῶν
1974 681 2053 733 τκ’
2085 684 2327 753 ὑπῆρχον
2360 684 2487 750 νῆες
2522 688 2733 753 μακραὶ
2764 685 2857 737 καὶ
2889 684 3071 743 πλοῖα,
3109 683 3216 735 τῶν
3248 700 3309 750 γε
3340 686 3401 735 τὸ

1838 774 2061 842 φορτίον
2089 771 2159 845 ἦν
2208 775 2465 843 μαχίμων
2498 778 2590 827 καὶ
2636 775 2871 839 τοξοτῶν
2905 776 3116 844 ἀνδρῶν
3148 776 3405 843 παμπόλ-

1836 865 1942 918 λων
1967 866 2059 918 τὺν
2086 868 2354 936 ἀριθμόν·
2390 869 2639 938 ὑπῆρχον
2671 870 2783 936 γάρ
2817 870 2876 920 ὲν
2916 869 3131 932 τούτοις
3156 872 3250 921 καὶ
3273 869 3403 937 δρό-

1840 977 2016 1027 μωνες
2046 962 2256 1029 φορτίοι
2295 960 2457 1013 πέντε
2502 962 2594 1013 καὶ
2625 962 2823 1017 εἴκοσι.
2864 961 2912 1013 οἳ
2956 957 3103 1028 εἶχον
3133 977 3401 1029 πεφορτι-

1838 1049 2008 1114 σμένα
2032 1047 2187 1115 ξύλα,
2213 1049 2451 1119 τίτανον,
2482 1051 2691 1116 πέτρας
2712 1053 2807 1102 καὶ
2830 1051 3020 1117 ἑτέρας
3045 1049 3175 1113 ὕλας
3205 1053 3402 1116 ἐπιτη-

1833 1139 1980 1201 δείας
2015 1142 2152 1208 πρὸς
2198 1142 2513 1211 πολιορκίαν
2545 1144 2773 1205 πόλεως.
2823 1142 2969 1211 Πλὴν
3001 1144 3059 1193 ὲν
3098 1144 3175 1210 τῷ
3220 1145 3399 1211 λιμένι

1833 1232 1892 1282 οὐ
1942 1234 2141 1300 ῥᾳδίως
2198 1230 2340 1301 εἶχον
2383 1238 2481 1303 τὴν
2511 1236 2714 1287 εἴσιδον
2749 1235 2816 1288 δι’
2847 1236 3025 1287 αἰτίαν
3052 1236 3116 1304 ἣν
3150 1235 3396 1303 εἴπομεν.

1844 1326 2121 1387 Ἐλθόντες
2146 1329 2209 1379 ὲκ
2242 1328 2340 1394 τῆς
2379 1329 2531 1397 ἑῴων
2579 1331 2814 1397 περαίας
2846 1329 3091 1382 κάτωθεν
3133 1329 3316 1394 ὀλίγον
3345 1346 3398 1381 τι

1830 1418 1922 1469 τοῦ
1949 1419 2135 1470 διπλοῦ
2162 1422 2336 1482 κίονος
2361 1421 2454 1473 καὶ
2480 1421 2644 1490 μέχρι
2670 1422 2768 1489 τῆς
2801 1422 3095 1487 ἐκκλησίας
3117 1420 3211 1474 τοῦ
3238 1422 3396 1486 ἁγίου

1830 1512 2247 1564 Κωνσταντίνου
2312 1515 2475 1579 ἐγγὺς
2530 1513 2629 1582 τὴν
2686 1513 2877 1566 στάσιν
2936 1514 3078 1581 μετὰ
3135 1514 3397 1581 ἀγκυρῶν

1832 1603 2114 1671 ἐποίησαν,
2150 1603 2227 1671 Τῇ
2262 1604 2319 1656 δὲ
2361 1604 2564 1675 δεκάτῃ
2615 1604 2708 1657 τοῦ
2750 1604 2918 1657 αὐτοῦ
2962 1605 3276 1675 ἀριθμήσας
3307 1605 3400 1655 τον

1832 1695 2014 1746 στόλον
2044 1697 2137 1749 καὶ
2171 1696 2264 1749 τοῦ
2311 1698 2406 1761 τῆς
2436 1698 2637 1768 χέρσον
2673 1697 2931 1765 στρατοῦ,
2974 1698 3183 1749 ἱππέων
3214 1714 3271 1748 τε
3304 1699 3398 1747 καὶ

1830 1786 2093 1852 πεζικῶν,
2128 1790 2221 1840 καὶ
2252 1788 2375 1858 εὗρε
2423 1794 2669 1857 τριήρεις
2701 1789 2793 1839 καὶ
2841 1790 3070 1857 διήρεις,
3112 1791 3393 1857 μονήρεις.

1829 1880 2113 1947 δρόμωνας
2163 1880 2297 1949 νῆας
2335 1882 2425 1932 καὶ
2481 1882 2660 1944 πλοῖα,
2710 1882 2885 1932 είκοσι
2921 1884 3012 1933 καὶ
3067 1886 3393 1947 τετρακόσια

1832 1973 1975 2023 ίστία
1998 1988 2013 2001 ·
2047 1974 2074 2023 6
2115 1973 2168 2024 δὲ
2202 1974 2429 2036 στρατὸς
2459 1975 2485 2025 6
2513 1973 2683 2025 θέλων
2739 1973 3006 2041 μάχεσθαι
3042 1976 3103 2026 ὲκ
3137 1975 3235 2041 τῆς
3264 1974 3394 2041 χέρ-

1813 2078 1923 2130 ⁸σου
1960 2061 2198 2128 χιλιάδες
2229 2062 2473 2130 ὑπῆρχον
2503 2062 2644 2115 ὀκτὼ
2674 2064 2768 2114 καὶ
2794 2064 3135 2132 πεντήκοντα
3160 2065 3255 2115 καὶ
3282 2064 3397 2115 διε-

1825 2153 2026 2205 κόσιαι.
2065 2155 2124 2204 ΟΞ
2153 2154 2207 2205 δὲ
2245 2155 2379 2221 πρὸς
2421 2154 2856 2223 ἀντιπαράταξιν
2898 2154 3091 2220 ἄνδρες
3121 2154 3270 2215 ὅντες
3302 2154 3390 2206 ἔν-

1824 2242 1912 2293 δον
1947 2242 2044 2308 τῆς
2094 2242 2302 2302 πόλεως
2354 2242 2455 2308 τῆς
2509 2241 2777 2310 τοσαύτης
2832 2244 2910 2301 εἰς
2970 2242 3201 2310 μέγεθος
3253 2237 3395 2309 ἦσαν

1825 2333 2062 2400 χιλιάδες
2094 2336 2366 2400 τέσσαρες
2415 2335 2507 2385 καὶ
2545 2338 2693 2400 τρεῖς
2746 2336 2841 2388 καὶ
2881 2334 3256 2404 ἑϐδομήκοντα
3301 2339 3393 2385 καὶ

1824 2424 2144 2480 ἐννακόσιοι,
2180 2423 2307 2474 ἄνευ
2349 2423 2455 2474 τῶν
2502 2425 2668 2488 ξένιον
2720 2424 2875 2491 μόλις
2908 2424 3078 2476 ὅντων
3134 2424 3393 2492 χιλιάδων

1822 2513 1933 2566 δύο.
1964 2515 2176 2579 Ἐγνων
2207 2515 2314 2582 γάρ
2352 2514 2460 2579 ἐγὼ
2491 2515 2651 2566 τοῦτο
2684 2514 2858 2577 οὕτως
2884 2516 3029 2584 ἔχειν
3073 2517 3181 2568 ἀπὸ
3211 2518 3389 2578 αἰτίας

1822 2606 2100 2675 τοιαύτης.
2140 2606 2249 2658 Τοῦ
2279 2606 2385 2675 γὰρ
2428 2606 2694 2676 βασιλέως
2724 2608 3133 2676 προστάξαντος
3162 2611 3273 2668 τοῖς
3299 2609 3394 2674 δη-

1823 2700 2056 2767 μάρχοις
2088 2700 2181 2751 καὶ
2216 2703 2545 2766 στρατηγοῖς
2570 2700 2805 2768 ἔγραψεν
3030 2701 3259 2764 ἕκαστος
3291 2701 3391 2753 αύ-

1819 2792 1929 2843 τῶν
1968 2790 2067 2857 τὴν
2094 2789 2405 2858 δημαρχίαν
2459 2788 2627 2841 αὐτοῦ
2668 2790 2936 2859 ἀκριϐῶς,
2986 2795 3113 2852 τοίς
3151 2792 3390 2859 δυναμέ-

1818 2899 1944 2941 νους
1973 2884 2030 2932 ἐν
2061 2880 2137 2948 τῷ
2169 2882 2393 2950 κάστρῳ
2423 2884 2724 2947 κωμικούς
2752 2900 2811 2933 τε
2845 2884 2939 2934 καὶ
2972 2886 3262 2952 μοναχοὺς,
3290 2886 3391 2936 καὶ

1820 2974 1936 3022 τίνα
1989 2973 2131 3022 ὅπλα
2180 2972 2411 3032 ἕκαστος
2452 2972 2633 3022 αὐτῶν
2675 2974 2910 3042 κέκτητο
2960 2976 3094 3041 πρὸς
3141 2976 3387 3042 ἄμυνανο

1818 3064 1909 3115 καὶ
1948 3063 2119 3123 οὕτως
2153 3063 2383 3123 ἕκαστος
2438 3064 2546 3114 τῶν
2577 3064 2881 3134 δημάρχων
2909 3065 3108 3118 δέδωκε
3157 3068 3252 3119 τὸν
3294 3086 3390 3120 κα-

1814 3157 2043 3221 τάλογον
2101 3157 2198 3223 τῆς
2251 3155 2566 3223 δημαρχίας
2621 3156 2787 3209 αὑτοῦ
2845 3158 2923 3226 τῷ
2963 3157 3191 3223 βασιλεῖ.
3241 3157 3300 3213 Ὀ
3331 3161 3387 3213 δὲ

152 3248 371 3313 Ἀσίας,
407 3242 483 3303 ὦν
515 3250 542 3301 ό
576 3248 811 3318 ἀριθμὸς
851 3249 1024 3300 εῐκοσι
1061 3248 1156 3301 καὶ
1191 3250 1504 3315 τριακόσια,
1547 3250 1605 3313 ἐξ
1638 3243 1711 3301 ὧν
1738 3283 1782 3343 C
1821 3246 2080 3308 κελεύσας
2111 3265 2177 3312 με
2198 3243 2372 3299 εἶπεν⁹
2411 3247 2588 3317 «Αὕτη
2613 3250 2643 3316 ἡ
2669 3248 2917 3301 διικονία
2939 3249 3075 3317 πρὸς
3107 3251 3164 3301 σὲ
3182 3250 3387 3321 ἀφορᾷν

138 3342 393 3412 ὑπῆρχον
422 3341 665 3412 τριήρεις
695 3340 825 3393 δέκα
868 3341 963 3394 καὶ
996 3338 1157 3403 ὀκτὼ,
1199 3340 1406 3408 διήοεις
1438 3342 1708 3409 τεσςαρά-

142 3521 526 3589 percutiebant
572 3537 586 3586 ;
632 3521 1088 3585 destruebantque
1176 3520 1465 3581 machinis,
1517 3520 1715 3588 quibus

139 3614 731 3684 lapidesjariebantur,
754 3613 949 3666 multas
972 3610 1165 3665 domos
1214 3612 1459 3680 egregias
1500 3622 1716 3678 propter

139 3706 348 3761 mantia
397 3707 549 3766 sitas,
581 3704 844 3772 imprimis
902 3703 1120 3771 palatia,
1163 3713 1324 3769 atque
1381 3702 1713 3769 belepolibus

142 3800 336 3850 urbem
372 3795 763 3864 perturbabant
820 3803 875 3847 et
917 3807 1040 3847 cum
1098 3792 1320 3859 strepitu
1362 3806 1424 3843 ac
1482 3792 1709 3843 tumultu

139 3887 349 3944 nunt-ia
374 3899 661 3955 turresque
690 3886 959 3955 petebant,
993 3895 1045 3937 et
1079 3883 1334 3949 utrinque
1359 3884 1712 3949 gentinaban-

140 3992 235 4033 tur
288 3980 463 4034 caedes
500 3978 851 4046 helepolibus,
876 3976 1239 4033 belcboliscis.
1272 3974 1523 4048 ballistis.
1550 3990 1711 4025 aICU-

140 4071 411 4137 bus,aliis
462 4069 745 4135 machinis,
782 4083 881 4122 nec
908 4067 1157 4122 cessabat
1192 4067 1391 4119 belium
1419 4066 1497 4116 vel
1542 4074 1705 4119 noctu

134 4162 228 4217 vel
259 4161 519 4225 interdiu,
550 4161 644 4215 sed
673 4170 829 4215 erant
854 4169 1128 4230 perpetuas
1154 4173 1363 4227 pugn-.e,
1389 4156 1703 4217 conﬂictus,

132 4254 526 4323 jaculationes.
573 4250 811 4321 Sperans
864 4252 1007 4305 enim
1058 4265 1299 4311 ameras,
1357 4250 1500 4317 quod
1544 4248 1701 4317 pauci

134 4360 390 4401 essemus
419 4345 566 4414 iique
595 4344 886 4398 admodum
918 4342 1178 4404 canfecti,
1214 4340 1373 4395 facile
1419 4356 1477 4394 se
1513 4342 1702 4394 urbem

132 4445 579 4507 expugnaturum
611 4449 754 4499 esse,
782 4435 983 4488 nullam
1009 4436 1165 4502 plane
1196 4433 1434 4501 quietem
1474 4447 1573 4486 nos
1616 4447 1705 4486 ca-

134 4545 270 4598 pere
292 4542 488 4598 passus
505 4535 606 4581 est.
640 4526 828 4597 Magna
857 4537 1039 4579 autem
1075 4526 1163 4578 illa
1192 4537 1244 4577 et
1274 4525 1447 4577 valida
1490 4525 1706 4591 helepo-

1823 3342 1886 3391 τὰ
1922 3340 2163 3407 φυλακῆς
2208 3340 2436 3407 δεόμενα
2480 3343 2571 3394 καὶ
2602 3343 2896 3411 ἀπόκρυφα
2942 3343 3041 3411 (Ι).
3078 3342 3263 3412 Λῆψον
3294 3343 3386 3396 οὖν

1822 3520 1902 3569 bis
1936 3520 2231 3573 dromones
2260 3521 2496 3571 onerarii
2545 3522 2787 3588 quinque
2837 3532 2891 3574 et
2940 3524 3150 3594 viginti,
3199 3525 3380 3593 lignis,

1822 3610 1991 3674 calce,
2024 3612 2170 3662 satis
2198 3610 2426 3676 aliisque
2457 3611 2617 3663 rebus
2643 3613 2705 3662 ad
2732 3615 3146 3677 oppugnandum
3190 3616 3378 3667 urbem

1819 3702 2022 3753 idoneis
2041 3701 2241 3753 onusti.
2269 3700 2461 3753 Verum
2488 3716 2595 3754 non
2619 3702 2774 3755 flcile
2800 3722 2826 3751 ιι
2850 3703 3152 3757 habuerunt
3176 3707 3287 3759 ad‘t
3310 3723 3378 3759 'm

1816 3804 2001 3857 portus
2033 3802 2248 3860 proriter
2280 3808 2499 3847 causam
2554 3812 2712 3863 quam
2743 3796 2871 3848 dixi.
2897 3796 3195 3852 Exoriente
3216 3801 3381 3853 adve-

1814 3896 1913 3936 ωδε
1938 3885 2094 3950 paulo
2123 3886 2259 3938 infra
2292 3886 2563 3951 duplicem
2591 3889 2896 3941 columnam
2928 3905 3096 3958 usque
3119 3906 3283 3959 prope
3312 3893 3379 3946 ad

1811 3975 2091 4028 ecclesiam
2117 3974 2295 4029 Sancti
2314 3976 2655 4030 Constantini
2679 3979 2731 4031 in
2755 3980 2970 4033 ancoris
2987 3982 3272 4035 stationem
3294 3983 3381 4035 ba-

1814 4066 2029 4118 lucbnut.
2062 4065 2154 4118 Die
2182 4069 2383 4120 mensis
2406 4069 2618 4121 decimo
2649 4072 2908 4123 rrcensitn
2939 4072 3107 4124 classe
3129 4086 3181 4125 et
3222 4088 3377 4125 excr-

1810 4158 1922 4212 t‘itu
1970 4166 2080 4211 tum
2135 4159 2372 4226 equestri
2419 4168 2531 4213 tum
2567 4162 2821 4229 pedestri,
2864 4163 3067 4215 invenit
3106 4164 3373 4224 triremes.

1810 4251 2062 4311 biremes.
2085 4251 2378 4315 uniremes,
2406 4252 2714 4315 dromones,
2739 4268 2900 4306 naves
2921 4264 2968 4306 ct
2994 4255 3272 4309 naviculas
3298 4256 3378 4311 vi-

1808 4342 1941 4411 ginti
1961 4349 2014 4397 et
2031 4342 2474 4411 quadringentas,
2499 4345 2730 4398 militum
2750 4356 2928 4398 autem
2953 4357 3093 4399 terra
3116 4348 3374 4402 dimicdre

1808 4435 2153 4501 gestientium
2220 4435 2453 4489 ducenta
2488 4436 2945 4505 duodesexaginta
2991 4440 3156 4492 millia
3193 4449 3371 4496 erant.

1808 4524 1885 4576 Ad
1935 4524 2126 4578 borum
2172 4526 2402 4594 impetus
2457 4527 2803 4581 sustinendos
2829 4531 2920 4597 qui
2944 4540 3099 4582 erant
3124 4530 3174 4583 iu
3208 4541 3369 4585 tanta:

138 4624 212 4675 lis
247 4628 472 4690 propter
528 4618 843 4673 continuam
913 4616 1300 4686 jaculationem
1325 4655 1339 4679 ,
1402 4616 1698 4685 praesertim
1734 4618 1779 4675 υ
1808 4617 2191 4684 magnitudinis
2224 4619 2379 4683 urbe,
2403 4618 2830 4672 numerabantur
2858 4631 3049 4688 quater
3067 4622 3209 4675 mille
3237 4639 3373 4677 non-

135 4727 269 4768 cum
300 4710 517 4765 metallo
576 4725 687 4763 non
715 4709 787 4763 ita
815 4723 944 4776 puro
970 4715 1137 4771 esset,
1187 4708 1405 4774 dirupta
1444 4708 1566 4775 igne
1607 4721 1703 4760 ex-

132 4804 333 4861 stinxit
356 4802 697 4871 magistrum,
726 4808 781 4854 et
808 4799 862 4853 in
894 4799 1059 4853 multa
1089 4797 1261 4852 frusta
1295 4797 1520 4866 disjeCta
1566 4799 1702 4853 alios

132 4894 453 4962 complures
481 4902 574 4946 aut
600 4892 797 4946 delevit
823 4900 912 4945 aut
963 4891 1289 4945 vulneravit.
1352 4888 1469 4955 Qua
1500 4904 1556 4943 re
1604 4905 1701 4942 au-

130 4991 275 5053 dita,
308 5002 521 5041 ameras
545 5000 873 5055 magnOpere
893 4984 1089 5048 doluit,
1117 4984 1418 5050 edixitque,
1443 4994 1501 5037 ut
1551 4984 1695 5037 illius

131 5082 261 5134 loco
277 5079 441 5132 aliam
472 5078 765 5133 ﬁrmiorem
798 5075 1058 5139 facerent,
1094 5089 1193 5129 nec
1224 5075 1522 5143 quidquam
1540 5089 1695 5144 egre-

131 5172 212 5242 gii
237 5170 422 5237 olieris
445 5168 512 5223 ad
534 5183 661 5222 eum
690 5182 864 5237 usque
891 5167 1031 5220 diem
1060 5175 1247 5221 contra
1281 5181 1381 5220 nos
1425 5175 1697 5234 patratum

130 5274 244 5317 est.
280 5261 534 5330 Ejusdem
570 5261 774 5314 mensis
802 5259 887 5313 die
919 5259 982 5312 l5
1024 5257 1229 5328 reliqua
1265 5258 1383 5327 ejus
1432 5258 1622 5313 classis
1673 5274 1702 5312 e

130 5365 308 5423 ponto
341 5352 569 5417 Euxino,
600 5350 914 5407 Nicomedia
937 5360 986 5405 et
1009 5351 1154 5415 Asia,
1180 5352 1398 5404 navium
1433 5359 1701 5403 trecenta-

128 5461 256 5499 rum
286 5454 341 5496 et
374 5442 563 5510 viginti
606 5442 780 5505 adest,
830 5456 860 5495 ο
886 5441 1088 5510 quibus
1122 5449 1279 5494 erant
1314 5442 1563 5493 triremes
1599 5452 1696 5491 oc-

127 5534 394 5596 todeciin,
431 5532 665 5586 biremes
690 5531 1283 5600 duodequinquaginta,
1328 5531 1547 5597 reliqua:
1594 5544 1694 5581 na-

128 5641 227 5679 ves
252 5626 427 5691 longa:
448 5632 502 5676 et
524 5622 812 5686 onerariae,
838 5622 1035 5689 quibus
1069 5635 1298 5686 magnus
1319 5634 1579 5671 numerus
1596 5618 1697 5669 mi-

128 5719 290 5771 litum
320 5726 374 5768 et
401 5715 805 5782 Sagittariorum
830 5715 1151 5767 vehebatur.
1177 5711 1617 5786 Numer-abutitur
1644 5710 1700 5761 in

1812 4708 1955 4776 genti
1992 4710 2331 4777 septuaginta
2361 4720 2491 4773 tres,
2526 4722 2719 4777 praeter
2764 4722 3078 4772 extraneos.
3131 4729 3368 4781 quorum

1808 4798 1896 4850 vix
1921 4798 2027 4852 duo
2053 4799 2219 4853 millia
2242 4810 2419 4853 erant.
2437 4800 2677 4870 Cognovi
2703 4801 2850 4856 enim
2886 4803 2988 4856 hoc
3014 4804 3083 4857 ita
3114 4819 3234 4859 esse
3270 4807 3374 4860 hac

1808 4890 2036 4945 ratione.
2079 4890 2669 4969 Jubenteimperatore,
2703 4894 2899 4963 singuli
2928 4906 3184 4959 praetores
3199 4902 3373 4950 etdu-

1808 4996 1898 5036 ces
1921 4981 2172 5036 accurate
2202 4985 2606 5047 renuntiarunt,
2642 5002 2707 5040 ex
2747 4987 2990 5055 ipsorum
3052 4988 3373 5041 detnarcbia

1808 5075 1901 5141 qui
1924 5084 2144 5142 possent
2173 5073 2417 5128 militiam
2453 5077 2684 5130 tolerare
2717 5086 2831 5130 tum
2867 5078 2991 5132 laici
3026 5088 3139 5133 tum
3176 5096 3369 5135 mona-

1808 5164 1921 5225 cbi,
1953 5174 2005 5217 ct
2040 5179 2159 5232 quae
2184 5165 2419 5234 quisque
2449 5181 2597 5220 arma
2620 5170 2686 5220 ad
2706 5169 2810 5221 vim
2831 5170 3251 5237 propulsandam
3277 5172 3374 5223 ba-

1810 5256 1978 5309 beret.
2017 5254 2275 5311 Mandatus
2308 5267 2489 5312 autem
2523 5261 2655 5313 mihi
2690 5260 3011 5327 imperator.
3050 5281 3068 5311 ι
3105 5262 3157 5315 Id
3203 5279 3373 5331 nego-

1808 5349 1962 5410 tium,
2010 5348 2205 5415 inquit,
2241 5352 2307 5402 ad
2340 5360 2389 5404 te
2420 5353 2686 5419 pertinet;
2721 5355 2973 5407 cautione
3019 5358 3164 5409 enim
3195 5369 3249 5409 et
3297 5358 3371 5412 si-

1805 5438 1970 5491 lentio
1990 5453 2128 5506 Opus
2154 5452 2257 5494 est.
2292 5445 2493 5511 Accipe
2537 5444 2699 5513 igitur
2745 5445 3052 5513 cataloguin
3078 5463 3367 5511 ccnsumn,

1804 5532 2057 5598 domique
2080 5531 2364 5600 diligenter
2381 5546 2654 5603 computa,
2677 5550 2809 5604 quot
2829 5539 2939 5591 sint
2968 5548 3021 5591 et
3047 5538 3174 5607 quid
3197 5554 3375 5592 armo-

1811 5638 1928 5675 rum
1963 5624 2077 5678 sive
2109 5636 2263 5678 scuta
2302 5626 2415 5680 sive
2447 5644 2604 5683 arcus
2632 5629 3047 5685 sivemacbinm.
3076 5649 3094 5681 ι
3126 5630 3366 5684 Fuucms

1817 5713 2187 5781 igiturlabore
2215 5720 2283 5772 ab
2314 5722 2638 5788 imperatore
2678 5721 2811 5774 mihi
2840 5723 3118 5787 mandato,
3144 5721 3368 5775 tabellas

194 5830 500 5896 (“Plenius
532 5826 1191 5896 Chroniconabbreviatum,
1221 5824 1359 5896 infra,
1388 5824 1478 5896 sub
1499 5836 1589 5895 ,an.
1625 5832 1715 5896 0‘ij

1820 5826 1895 5896 3311
1928 5830 1955 5883 ἡ
1993 5829 2186 5896 δουλεία
2213 5833 2329 5894 πρὸς
2375 5833 2430 5880 σὲ
2458 5835 2629 5896 ἀφορᾷ,
2658 5836 2737 5883 καὶ
2762 5835 2815 5883 οὐ
2838 5835 2954 5896 πρὸς
2980 5836 3123 5882 ἄλ)ον
3143 5834 3264 5890 τινὰ,
3290 5833 3373 5881 διὰ

126 5896 184 5943 τὸ
200 5888 494 5943 ’ἐπίστασθαί
518 5906 573 5937 σε
603 5891 682 5937 καὶ
702 5891 861 5943 καλῶς
882 5888 1089 5950 ἀριθμεῖν
1114 5891 1191 5936 καὶ
1218 5890 1373 5942 καλῶς
1393 5888 1649 5960 φυλάσσειν
1672 5892 1729 5935 τά
1756 5902 1801 5944 φ.
1838 5891 1881 5935 ὃ.
1918 5906 1963 5936 κ.
1991 5891 2039 5937 ἀ.
2072 5891 2207 5941 Enn,
