4134 6452
189 452 292 517 Sit
1142 446 1401 506 (:mtON
1419 444 1587 504 ΜΝ
1634 442 1776 503 MAJ

1883 472 1907 497 ›.
1948 466 2011 475 ν*
2058 439 2207 498 LlB.
2260 439 2370 495 lli.
3338 432 3433 490 si?

200 561 337 629 ὅλης
365 558 462 628 τῆς
494 555 728 627 ἡμέρας,
772 558 928 625 ἡμεῖς
960 557 1015 609 δὲ
1048 556 1112 607 δι’
1145 558 1271 626 ὅλης
1306 559 1399 626 τῆς
1437 558 1634 617 νυκτὸς
1658 558 1757 615 τὰς
1793 559 1828 608 Α
1863 550 2121 614 ψευσθεῖς
2158 549 2261 601 ὑπὸ
2288 550 2383 608 τὰς
2415 547 2582 606 αὑτὰς
2614 546 2831 603 ἐλπίδας
2868 546 3030 607 ἔτερα
3074 545 3168 598 νέα
3205 549 3441 617 ἐξευρή-

197 668 337 716 ulla;
363 651 551 707 καὶτὰ
580 649 712 716 ξύλα
744 649 1050 717 εἰλκίζομεν
1088 650 1311 702 ἔσωθενο
1347 652 1439 702 καὶ
1465 653 1518 702 αἱ
1554 649 1767 718 ὀρύξεις
1845 652 2021 710 ’ματα
2060 644 2156 693 καί
2193 644 2437 709 μηχανὰς
2480 642 2559 701 εἰς
2600 638 2922 706 ποῖιορκίαν
2959 640 3131 690 ἐποίει
3154 656 3165 667 ’
3193 640 3439 692 ἑλέπολιν

198 746 319 798 τῶν
385 744 610 811 τάφρων
653 744 1012 811 ὲιαπέμειναν
1048 742 1121 806 ὡς
1156 743 1249 796 καὶ
1278 738 1344 811 ἦν
1376 744 1434 794 τὸ
1485 746 1765 810 πρότερον.

198 836 345 899 Τοῦς
398 834 454 887 δὲ
485 835 829 903 χαλάσαντας
869 836 1112 903 πύργους
1145 833 1273 902 χοῦν
1332 834 1467 902 μετὰ
1498 834 1772 899 σπυρίδων

198 929 563 997 βαστάζοντες
594 930 687 982 καὶ
718 932 952 995 ἀγγείων
989 929 1213 993 ξυλίνων
1246 929 1386 981 οἴνου
1420 932 1516 980 κα)⁵
1550 930 1767 994 ἑτέροις

198 1022 382 1086 ξύλοις
416 1022 569 1083 αὖθις
607 1023 1048 1090 ἁνεκαινίζομεν.
1093 1022 1153 1074 Ὀ
1187 1022 1241 1074 δὲ
1290 1023 1514 1089 ἁμηρᾶς
1549 1021 1771 1088 θεωρῶν

196 1114 470 1184 ᾐσχύνετο
530 1115 615 1167 διὰ
680 1115 740 1167 τὸ
811 1117 909 1185 τὴν
989 1115 1184 1185 βουλὴν
1254 1114 1420 1167 αὑτοῦ
1491 1114 1773 1183 ἄπρακτον

197 1205 368 1277 244
396 1206 599 1275 μένειν,
636 1208 727 1258 καὶ
759 1206 953 1276 ἑτέραν
992 1208 1242 1276 μηχανὴν
1272 1206 1575 1275 πολεμικὴν
1608 1206 1775 1258 θέὶων

200 1300 434 1367 ποιῆσαι
464 1298 798 1367 προσέταξεν
834 1300 923 1351 ἵνα
960 1298 1159 1351 ἕλθωσί
1188 1316 1329 1361 τινες
1381 1299 1571 1366 ἄνδρες
1603 1301 1649 1350 οἱ
1686 1299 1773 1349 6o-

198 1394 431 1461 νάμενοι
478 1390 653 1459 ὀρθῶς
691 1393 821 1443 ἰδεῖν
868 1393 964 1444 καὶ
1019 1394 1199 1444 ποιεῖν
1229 1395 1369 1455 ὀπὰς
1416 1394 1773 1461 ὑποκεκρυμ-

205 1487 381 1554 μένας
416 1488 664 1540 κάτωθεν
696 1488 794 1555 τῆς
818 1488 947 1555 γῆς,
978 1488 1129 1547 ὅπως
1164 1486 1231 1539 δι’
1262 1486 1443 1539 αὑτῶν
1482 1488 1509 1538 ὀ
1542 1487 1775 1555 στρατὸς

202 1580 451 1641 εὐκόλως
509 1579 826 1632 εἰσέλθωσιν
868 1579 1018 1632 ἔνδον
1063 1581 1163 1645 τῆς
1210 1580 1441 1641 πόλεως.
1486 1580 1596 1633 Καὶ
1634 1579 1777 1631 κατὰ

201 1673 268 1725 τὸ
302 1672 640 1742 προσταχθὲν
671 1672 766 1725 ὑπ’
796 1672 960 1725 αὑτοῦ
987 1673 1223 1742 ἤρξαντο
1276 1673 1551 1741 ὀρύσσειν.
1588 1673 1777 1725 Ἰωάν-

200 1784 307 1837 νης
328 1766 385 1819 δέ
417 1784 499 1829 τις
517 1767 809 1839 Τερμανὸς
853 1766 1025 1836 ἄκρον
1072 1765 1387 1836 ἠσκημένος
1417 1767 1513 1829 τὰς
1546 1766 1639 1819 τοῦ
1680 1783 1779 1817 πο-

1874 735 1981 800 γὰρ
2020 732 2285 797 μεγίστην
2323 732 2553 798 ἔχουσαν
2589 734 2812 799 τροχοὺς
2844 729 3066 790 πολλοὺς
3112 731 3245 798 μετὰ
3273 730 3442 791 gon.»

1875 822 2115 890 χοντρὼν
2149 822 2308 890 245
2347 825 2743 882 κατεσκεύασε,
2798 823 2997 883 πλάτος
3041 822 3274 891 ἔχουσαν
3308 826 3439 875 πολ)

1876 919 1971 969 καὶ
2002 918 2154 985 ὑψος·
2194 920 2407 971 ἐνέδυσε
2457 920 2513 969 δὲ
2566 918 2737 982 αὐτὴν
2771 918 2973 970 ἔσωθεν
3016 920 3111 970 καὶ
3146 918 3345 981 ἔξωθεν
3382 921 3445 971 ἐκ

1879 1010 2063 1078 τρίτου
2113 1012 2249 1077 μετὰ
2298 1011 2576 1077 βουὸάὶων
2616 1011 2709 1062 καὶ
2765 1010 2901 1078 βοῶν
2932 1010 3139 1078 δορῶν,
3180 1010 3273 1062 καὶ
3307 1012 3443 1078 πύρν

1877 1119 2008 1168 γους
2041 1100 2185 1169 εἶχεν
2220 1103 2427 1154 ἄνωθεν
2464 1104 2556 1153 καὶ
2592 1101 3103 1169 παραπετάσματα,
3128 1090 3446 1171 ἀναϐάθρας

1878 1196 1970 1246 καὶ
2021 1194 2378 1260 καταϐάθρας
2402 1235 2414 1251 ,
2445 1195 2530 1244 ἵνα
2586 1198 2646 1245 ού
2698 1187 3063 1262 δυνησώμέθα
3096 1197 3219 1257 τοὺς
3244 1195 3447 1247 ἔσωθεν

1879 1287 2048 1351 αὐτῆς
2081 1286 2363 1352 βλάπτειν.
2402 1282 2525 1350 Εἶχε
2548 1285 2604 1336 δὲ
2636 1287 2728 1336 καὶ
2748 1287 2806 1338 τὸ
2837 1285 3038 1349 ἔξωθεν
3075 1286 3236 1355 μέρος
3268 1289 3447 1355 ἠνοιγ-

1885 1379 2068 1444 μένον,
2100 1380 2187 1431 ἵνα
2241 1380 2439 1448 ρᾳδῖως
2500 1381 2863 1447 εἶσέρχωνται
2910 1384 3003 1434 καὶ
3034 1381 3361 1450 ὲξέρχωνται
3398 1384 3448 1432 οἰ

1884 1469 2220 1536 βηιυλόμενοι.
2260 1471 2412 1521 Κατ-ἰ
2441 1469 2495 1520 δὲ
2525 1473 2583 1521 τὸ
2626 1471 2793 1540 μέρος
2823 1470 2891 1521 δι’
2924 1466 2984 1521 οῦ
3014 1471 3239 1538 ἔμελλον
3275 1471 3450 1523 ἐλθεῖν

1881 1562 1938 1611 ὲν
1987 1562 2063 1628 τῷ
2110 1561 2408 1630 ὀρύγματι,
2450 1559 2560 1629 εἶχε
2600 1564 2776 1625 πύλας
2807 1565 2955 1632 τρεῖς
3006 1563 3247 1631 μεγάλας
3306 1567 3449 1631 μετά

1883 1654 2429 1721 παρασκεπάσματος
2466 1654 2710 1722 σφοδρῶς
2755 1655 3127 1723 ἐνδεδυμένας,
3172 1656 3248 1718 ὡς
3297 1655 3446 1707 εἴπο-

1886 1762 2007 1812 μεν.
2039 1743 2196 1814 Εἶχον
2228 1746 2283 1798 δὲ
2313 1747 2515 1799 ἔσωθεν
2540 1748 2635 1799 καὶ
2661 1748 2924 1799 κύκλοθεν
2956 1749 3064 1801 πᾶν
3093 1749 3324 1819 ὄργανον
3359 1752 3451 1802 καὶ

198 1859 377 1928 λέμου
417 1860 786 1929 μηχανὰςκαὶ
810 1860 905 1921 τὰς
928 1857 1023 1912 τοῦ
1050 1859 1219 1929 ὑγροῦ
1242 1861 1433 1930 πυρὸς,
1466 1860 1777 1922 ἑνωτισθεὶς
1814 1891 1853 1945 Β
1881 1843 2079 1945 ῖῆξνην
2122 1843 2429 1945 πῆλεμιξὴν
2458 1846 2550 1945 ’ξαλ
2584 1842 2784 1945 ποξλάἕ
2807 1843 2973 1945 *ὕλας
3023 1845 3115 1945 ’39-"-
3164 1842 3317 1909 ξύλα,
3363 1843 3452 1944 [‘1‘-

198 1951 307 2021 τὴν
334 1952 603 2022 μηχανὴν,
637 1948 832 2022 ἑτέραν
851 1952 990 2023 ὀπὴν
1018 1953 1269 2006 ἐναντίαν
1296 1952 1497 2021 ὀρύξας
1522 1955 1613 2006 καὶ
1640 1954 1777 2023 μετὰ

198 2044 378 2113 ὑγροῦ
439 2044 612 2115 πυρὸς
663 2047 1001 2115 τεχνηέντως
1058 2047 1422 2108 συσκευάσας,
1465 2047 1777 2116 ἐρχομένων

196 2138 317 2189 τῶν
343 2136 603 2207 Τοὺρκων
654 2138 742 2190 διὰ
795 2140 892 2207 τῆς
939 2138 1081 2203 ὀπῆς
1136 2139 1275 2207 μετὰ
1326 2140 1499 2209 χαρᾶς
1530 2140 1690 2203 αὐτὸς
1716 2143 1777 2192 τὸ

202 2229 561 2299 πῦράνάψας
594 2229 656 2282 τὸ
700 2232 779 2292 εἰς
828 2230 927 2300 τὴν
975 2231 1221 2285 ἐναντίαν
1266 2230 1594 2303 ὠρυγμένην
1644 2230 1776 2302 παρ’

195 2319 369 2373 αὑτοῦ
410 2321 547 2387 ὀπὴν
606 2320 837 2382 πολλοὺς
885 2320 942 2383 ὲξ
972 2321 1153 2373 αὑτῶν
1200 2322 1504 2374 κατέκαυσε
1550 2322 1776 2383 καὶτὰς

196 2411 400 2479 τέχνας
451 2410 633 2463 αὑτῶν
668 2414 746 2473 εἰς
787 2411 938 2467 οὐδὲν
996 2412 1297 2476 ἀπέδειξεν·
1354 2413 1491 2482 ὀπὴν
1537 2412 1594 2465 δὲ
1650 2415 1776 2477 μίαν

197 2500 463 2552 ἐναντίων
496 2501 523 2551 ὀ
567 2500 828 2565 γεννάδας
860 2501 1139 2573 Γερμανὸς
1169 2503 1350 2555 λαθὼν
1377 2504 1475 2573 οὑχ
1500 2496 1673 2572 εὗρεν.
1712 2494 1774 2557 Ui

197 2588 441 2658 Τοῦρκοι
474 2591 529 2643 δὲ
558 2592 651 2645 καὶ
686 2593 838 2645 αὑτοὶ
862 2593 923 2645 τὸ
954 2596 1121 2663 ὑγρὸν
1142 2594 1252 2664 πῦρ
1285 2595 1517 2663 ἀνῆψαν,
1547 2597 1573 2648 ὃ
1602 2613 1777 2666 προη·

197 2682 497 2750 τοίμασαν,
525 2684 662 2753 πλὴν
691 2685 842 2737 οὐδὲν
875 2685 1268 2756 κατώρθωσαν·
1302 2688 1514 2757 πύργου
1540 2689 1595 2740 δέ
1632 2706 1775 2752 τινος

203 2775 374 2843 μόνον
398 2775 632 2828 παλαιοῦ
653 2776 833 2842 ὀλίγον
864 2776 1028 2847 μέρος
1056 2779 1119 2829 ἐκ
1144 2777 1239 2830 τοῦ
1262 2779 1462 2847 κρότου
1487 2779 1578 2832 τοῦ
1606 2781 1773 2851 πυρὸς

197 2865 423 2929 ἔπεσεν,
456 2865 514 2917 ὃν
536 2866 699 2933 ἡμεῖς
728 2859 889 2924 εὐθὺς
911 2867 1357 2935 ἀνεκαινίσαμεν.
1384 2862 1564 2921 Ἦσαν
1595 2869 1650 2921 δὲ
1681 2870 1772 2920 καί

198 2974 358 3020 τινες
386 2958 608 3028 γηραιοὶ
649 2958 699 3010 οἳ
739 2957 928 3023 ελεγον
960 2958 1041 3010 ὅτι
1072 2959 1165 3011 καὶ
1200 2960 1245 3012 oi
1282 2961 1513 3013 ἐναντίοι
1562 2964 1617 3013 ἐν
1653 2960 1769 3013 ἑτέ-

203 3066 335 3119 ραις
372 3049 569 3118 μνὶχαις
599 3048 758 3101 τοῦτο
792 3048 1038 3118 ἔπραξαν
1067 3050 1163 3102 καὶ
1180 3050 1334 3104 οὐδὲν
1369 3051 1772 3120 ὲκατώρθωσαν

196 3141 297 3196 διὰ
328 3142 387 3194 τὸ
411 3143 473 3194 τὸ
510 3141 691 3195 πλεῖον
722 3143 891 3213 μέρος
918 3143 1017 3209 τῆς
1047 3144 1254 3206 πόλεως
1282 3144 1638 3197 ὑποκάτωθεν
1662 3144 1772 3198 τῶν

1892 1934 2122 2003 ρίψωσιν
2178 1938 2236 1986 ὲν
2300 1935 2377 2003 τῷ
2435 1935 2625 2002 τάφρῳ
2661 1936 2717 1986 ὲν
2765 1934 2842 2004 τῷ
2889 1936 3219 2005 προσήκοντι
3249 1934 3446 2003 καιρῷ,

1886 2028 2032 2087 ὅπως
2062 2026 2261 2096 ῥᾳδίως
2285 2025 2601 2078 εἰσέλθωσιν
2621 2040 2635 2055 ⁸
2670 2022 2817 2094 εἶχον
2837 2026 2893 2078 δὲ
2924 2026 3196 2095 κλίμακας
3220 2023 3451 2093 ἐχούσας

1887 2115 1987 2177 τὰς
2037 2114 2305 2183 βαθμίδας
2336 2114 2697 2184 μηρινθώδεις
2734 2116 3182 2184 ὑποχαλουμένας
3227 2114 3314 2168 διὰ
3356 2114 3453 2167 κά-

1888 2207 2015 2269 λων,
2050 2208 2144 2258 καὶ
2177 2206 2333 2268 αὖθις
2362 2202 2497 2275 ᾖρον
2530 2206 2660 2273 μίαν
2696 2207 2774 2269 εἰς
2820 2206 2977 2274 ὕψος.
3015 2206 3451 2275 Προσδεδομένης

1887 2300 1998 2359 τοῖς
2040 2298 2247 2367 τείχεσι
2276 2299 2370 2351 καὶ
2399 2299 2582 2366 πάσης
2617 2299 2810 2366 ἑτέρας
2853 2298 3125 2368 μηχανῆς,
3155 2299 3220 2368 ἢν
3251 2299 3452 2367 ἠδυνή-

1888 2391 1956 2460 θη
1998 2391 2291 2461 ἁνθρώπου
2353 2393 2477 2455 νοῦς
2530 2392 2745 2459 νοῆσαι,
2779 2391 2854 2453 ὼς
2900 2392 3001 2443 οὑκ
3032 2390 3261 2461 ἤλπιζεν
3298 2389 3454 2458 βασι⁴

1885 2485 2011 2546 λεύς
2066 2472 2220 2546 ποτε,
2274 2486 2373 2536 οὑκ
2429 2484 2657 2551 ἐποίησε
2690 2483 2787 2544 τοῦ
2820 2482 3027 2536 ἁλῶσαι
3071 2484 3133 2535 τὸ
3165 2483 3452 2554 φρούριον.

1885 2577 2223 2645 Ποιήσαντες
2260 2576 2316 2627 δὲ
2362 2576 2457 2628 καὶ
2484 2577 2542 2626 ἐν
2574 2574 2786 2643 ἑτέροις
2814 2575 3035 2644 μέρεσιν
3065 2574 3277 2643 ἁμάξας
3314 2575 3454 2644 μετᾶ

1886 2668 2155 2720 πλείστων
2186 2665 2417 2735 τροχῶν,
2445 2668 2537 2717 καὶ
2566 2664 2772 2720 ἄνωθεν
2815 2663 2891 2726 ὡς
2932 2664 3201 2733 πύργους,
3230 2666 3322 2718 καὶ
3353 2666 3451 2718 αὑ-

1881 2757 1963 2809 τοὶ
2018 2755 2359 2822 ἐνδεδυμένοι
2410 2755 2470 2808 ὂν
2523 2757 2723 2825 τρόπον
2771 2756 3017 2825 εἴπομεν,
3069 2756 3328 2824 Ἔχοντες
3357 2757 3453 2808 καὶ

1884 2849 2038 2901 αὐτοὶ
2094 2846 2355 2910 πλείστας
2406 2847 2652 2916 μηχανάς
2714 2848 3259 2909 κατασκευασθείσας
3315 2849 3452 2917 μετὰ

1880 2941 1976 2995 τοῦ
2026 2940 2194 3009 ὑγροῦ
2250 2941 2420 3009 πυρὸς
2457 2941 2550 2993 καὶ
2607 2941 2665 2991 έν
2722 2942 2822 3010 μιᾷ
2852 2941 2970 3010 ὥρᾳ
3021 2941 3323 3010 ἡτοίμασαν
3368 2943 3453 2993 ἶνα

1882 3036 2084 3099 πάντες
2114 3036 2211 3103 τὴν
2248 3035 2513 3106 σὺρῤηξιν
2563 3033 2679 3101 ἅμα
2732 3037 3063 3103 ποιήσωσιν.
3097 3037 3206 3088 Καὶ
3235 3036 3451 3105 πρῶτον

1886 3128 1985 3196 μὲν
2011 3127 2180 3199 246
2213 3128 2352 3195 μετὰ
2400 3125 2499 3194 τῆς
2532 3125 2767 3195 φοϐερᾶς
2804 3128 3015 3195 ἐκείνης
3044 3126 3330 3188 ὲλεϐὀλεως
3362 3127 3453 3179 τύ-

198 3234 406 3305 τειχῶν
451 3235 718 3305 πετρῶδες
743 3230 906 3290 εἶναι.
955 3236 1190 3305 Σφαλεὶς
1230 3237 1285 3289 δὲ
1334 3238 1361 3290 ὁ
1410 3238 1631 3307 ἀμηρᾶς
1678 3238 1770 3291 καὶ
1802 3240 1843 3297 C
1881 3226 2081 3291 φαντεὶ
2114 3220 2358 3290 σφοδρῶς
2386 3217 2621 3288 ἔρριψαν
2669 3219 2748 3281 εἷς
2777 3218 2970 3287 ἔδαφος
3011 3219 3091 3271 τὸν
3123 3219 3332 3290 πύργον
3360 3220 3452 3271 τὸν

206 3428 410 3483 magno
434 3414 614 3483 animo
634 3422 687 3469 et
712 3428 972 3483 generose
999 3430 1057 3471 se
1088 3416 1409 3485 objicientes
1444 3434 1604 3488 supra
1634 3420 1777 3473 vires

204 3504 542 3558 laborarent.
582 3505 771 3573 Itaque
804 3519 928 3559 cum
986 3505 1063 3558 illi
1102 3516 1214 3560 toto
1241 3506 1330 3563 die
1370 3506 1546 3563 fossas
1591 3508 1781 3577 imple-

204 3603 357 3657 rent,
384 3595 561 3648 nostri
596 3602 706 3648 tota
739 3605 901 3649 nocte
929 3596 1235 3661 materiem,
1268 3607 1492 3663 terram,
1522 3599 1665 3667 ligna
1694 3600 1781 3653 in-

205 3697 299 3743 tro
331 3688 651 3756 egerebant,
690 3688 834 3743 unde
866 3687 1026 3743 fossae
1061 3698 1403 3756 manserunt,
1438 3693 1628 3760 quales
1656 3702 1781 3754 ante

207 3779 448 3833 fuerant.
488 3777 689 3833 Turres
714 3788 892 3834 autem
918 3795 1214 3836 concussas
1244 3783 1410 3836 humo
1439 3784 1491 3836 in
1524 3784 1780 3837 corbibus

200 3879 261 3923 et
294 3871 437 3923 vasis
472 3869 666 3939 ligneis
698 3870 925 3925 vinariis
949 3885 1164 3941 aggesta
1194 3874 1547 3943 trabibusque
1575 3877 1779 3927 instau-

206 3960 423 4012 rabant.
448 3957 577 4024 Qum
602 3974 721 4013 cum
750 3961 1209 4017 animadverteret
1228 3979 1459 4027 ameras,
1488 3964 1777 4017 erubesce-

206 4053 326 4105 bat.
380 4050 522 4117 quod
588 4051 875 4105 consilium
934 4067 1091 4106 suum
1117 4063 1314 4107 eventu
1348 4064 1577 4117 careret,
1618 4063 1777 4122 atque

204 4141 373 4193 aliam
403 4141 666 4194 rationem
695 4151 1047 4210 experturus,
1079 4144 1390 4214 imperavit,
1418 4154 1478 4199 ut
1500 4146 1775 4206 adessent,

204 4233 307 4301 qui
346 4243 491 4286 recto
522 4232 727 4301 judicio
779 4234 1064 4289 oculorum
1097 4244 1381 4291 uterentur
1409 4246 1464 4291 et
1491 4222 1777 4291 cuniculos

204 4340 372 4393 agere
405 4324 685 4391 cauerent,
723 4341 818 4395 per
870 4342 1009 4396 quos
1049 4330 1325 4383 exercitus
1378 4329 1540 4383 facile
1585 4331 1774 4384 urbem

205 4420 418 4471 intrare
450 4429 671 4485 posset:
698 4428 1090 4487 cceperuntqne
1154 4420 1219 4471 ad
1254 4419 1626 4485 praescriptum
1658 4420 1775 4488 ejus

205 4510 419 4563 fodere.
468 4512 537 4563 At
560 4509 802 4565 Joannes
833 4511 1053 4579 quidam
1104 4510 1411 4565 Germanus
1445 4511 1499 4564 in
1532 4521 1775 4565 traetau~

1883 3403 2125 3456 haberet.
2161 3403 2265 3470 Spe
2296 3403 2459 3469 igitur
2488 3403 2674 3469 lapsus
2697 3414 2749 3458 et
2779 3406 3075 3459 frustratus
3106 3421 3317 3459 ameras
3346 3408 3450 3461 alia

1884 3510 2020 3549 nova
2060 3496 2276 3549 inventa
2311 3505 2365 3549 et
2400 3495 2686 3550 macltinas
2711 3498 2777 3550 ad
2808 3500 3225 3565 expugnandam
3261 3502 3448 3554 urbem

1883 3586 2150 3640 adhibuit.
2184 3585 2478 3655 llelepolim
2508 3589 2826 3653 maximam,
2857 3591 3043 3643 multis
3068 3592 3199 3645 rotis
3238 3602 3453 3648 susten-

1883 3690 2011 3741 tam,
2047 3679 2100 3730 in
2137 3678 2331 3745 primis
2375 3679 2537 3732 latam
2566 3689 2619 3733 et
2646 3681 2833 3743 altam,
2874 3681 3033 3751 lignis
3062 3682 3339 3750 instruxit,
3365 3695 3449 3740 at-

1882 3763 1989 3837 que
2046 3772 2193 3825 intus
2225 3782 2273 3825 et
2305 3782 2460 3825 extra
2516 3772 2787 3841 triplicalo
2839 3775 2990 3828 corio
3029 3775 3346 3831 bubalorunt
3397 3788 3451 3833 et

1884 3863 2046 3914 boum
2072 3863 2272 3915 induit.
2306 3863 2551 3918 Habebat
2578 3865 2765 3918 eadem
2797 3880 3027 3934 superne
3048 3877 3220 3922 turres
3239 3880 3291 3922 et
3312 3871 3449 3930 vein,

1882 3969 2137 4007 ascensus
2173 3956 2297 4009 item
2350 3965 2403 4009 et
2436 3956 2755 4020 descensus,
2792 3973 2858 4012 ne
2893 3959 2984 4027 qui
3031 3959 3174 4013 intus
3208 3975 3451 4015 essenta

1886 4047 2043 4101 nobis
2070 4057 2287 4113 possent
2312 4048 2454 4101 hedi.
2486 4049 2707 4102 Patebat
2732 4066 2896 4118 porro
2928 4051 3099 4116 foras,
3126 4062 3184 4105 ut
3214 4055 3302 4120 qui
3343 4055 3455 4106 vel-

1884 4141 2015 4199 Ient,
2053 4139 2208 4193 facile
2258 4150 2311 4193 et
2339 4142 2545 4210 ingredi
2577 4151 2630 4195 et
2659 4144 2837 4205 egredi
2870 4156 3113 4210 possent.
3146 4144 3203 4197 In
3258 4160 3319 4199 ea
3350 4161 3449 4197 au-

1885 4241 1987 4282 tem
2024 4238 2199 4297 parte,
2224 4244 2327 4297 qua
2374 4231 2426 4283 in
2468 4229 2670 4285 fossam
2706 4233 2908 4287 intrare
2940 4235 3156 4295 vellent,
3195 4244 3303 4288 tres
3336 4252 3452 4288 ma-

1882 4334 1998 4389 gna:
2033 4331 2201 4389 porta:
2244 4331 2433 4384 erant,
2481 4330 2823 4391 legumento,
2883 4336 2941 4378 ut
2981 4326 3241 4388 diximus,
3285 4327 3452 4393 probe

1881 4414 2129 4466 ohtccmt.
2166 4412 2222 4466 In
2265 4413 2677 4469 circnitu'intus
2724 4424 2777 4468 et
2807 4426 2958 4469 extra
2990 4417 3250 4485 disposita
3293 4431 3453 4471 erant

1883 4506 2066 4558 omnia
2093 4520 2286 4571 genera
2316 4505 2630 4560 bellicorum
2656 4507 3143 4561 instrumentorum
3168 4520 3218 4563 et
3240 4511 3451 4564 machi-

203 4604 297 4655 dis
349 4600 558 4655 bellicis
590 4601 858 4656 machinis
905 4610 958 4656 et
1000 4602 1120 4670 igne
1154 4600 1343 4655 Grazco
1383 4603 1775 4657 exercitatissi—
1809 4593 1854 4649 Ῑ)
1884 4608 2099 4656 narum.
2128 4596 2369 4649 πῖθιθΐίαὲ
2396 4606 2449 4650 ει
2484 4597 2755 4663 lignorum
2784 4615 2975 4666 magna
3009 4601 3187 4668 COPia.
3212 4618 3327 4669 qum
3358 4620 3454 4671 0D-

205 4709 357 4757 mus,
376 4707 499 4746 cum
524 4692 998 4747 animadvertisset
1024 4692 1241 4745 illorum
1274 4693 1585 4757 consilium,
1611 4694 1774 4747 alium

205 4785 527 4839 cuniculum
571 4785 904 4839 contrarium
968 4783 1239 4854 agendum
1302 4794 1356 4837 et
1413 4785 1535 4853 igne
1589 4784 1778 4839 Graeco

206 4875 508 4931 artificiose
558 4874 889 4943 implendum
922 4874 1155 4937 curavit,
1190 4874 1491 4943 Turcisque
1539 4876 1655 4929 laete
1685 4890 1780 4943 per

208 4966 531 5020 cuniculum
586 4964 1028 5033 procedentibus,
1078 4963 1195 5031 ipse
1225 4963 1279 5016 in
1312 4963 1486 5017 altero
1514 4978 1542 5015 a
1578 4979 1636 5017 se
1661 4973 1781 5017 acto

208 5056 475 5111 cuniculo
496 5070 728 5109 accenso
762 5057 907 5125 igne,
934 5054 1133 5109 multos
1169 5069 1357 5108 eorum
1384 5056 1591 5109 exussit
1614 5070 1782 5123 Opus-

209 5164 327 5217 que
387 5148 453 5201 ad
489 5146 718 5201 nihil-um
746 5145 971 5215 redegit.
1018 5146 1169 5201 Unus
1204 5154 1382 5198 tamen
1415 5144 1651 5198 hostium
1684 5160 1781 5196 cu-

208 5237 434 5292 niculus
452 5251 772 5305 generosum
794 5235 947 5290 illum
969 5236 1296 5291 Germanum
1320 5235 1499 5288 latuit.
1526 5234 1628 5303 Ipsi
1645 5248 1782 5303 quo-

210 5345 323 5400 que
353 5329 545 5383 Turcae
596 5328 737 5383 idem
770 5343 939 5399 genus
979 5326 1119 5396 ignis
1151 5335 1414 5395 pararunt
1432 5336 1484 5395 et
1516 5326 1780 5380 accende-

264 5431 367 5481 iut,
400 5419 491 5474 sed
534 5419 665 5471 nihil
720 5418 1065 5487 profecerunt
1100 5436 1114 5481 ;
1147 5416 1249 5471 nisi
1307 5417 1452 5486 quod
1489 5417 1652 5469 unius
1683 5430 1780 5469 ve-

228 5520 381 5567 .:st:e
414 5514 578 5565 turris
610 5526 774 5580 parva
805 5524 930 5579 pars
960 5524 1024 5563 ex
1058 5509 1215 5575 pulsu
1249 5509 1457 5562 incensi
1485 5508 1623 5577 ignis
1655 5522 1781 5560 con<

211 5607 376 5666 cidit,
407 5620 569 5673 qnam
598 5613 778 5658 tamen
811 5604 992 5659 statim
1018 5602 1461 5656 iustauravimus.
1496 5602 1657 5653 Erant
1681 5616 1780 5651 au-

212 5710 327 5750 tem
363 5711 520 5750 senes
550 5696 788 5765 quidam,
834 5695 926 5764 qui
965 5695 1229 5757 dicerent,
1267 5694 1452 5748 hostes
1493 5693 1629 5747 idem
1660 5701 1778 5745 teu-

214 5799 368 5841 tasse
403 5787 521 5839 aliis
551 5787 601 5837 in
638 5786 789 5839 bellis
836 5802 934 5838 nec
965 5785 1257 5853 quidquam
1292 5782 1611 5852 profecisse,
1639 5769 1785 5849 quod.

212 5886 396 5949 major
428 5879 576 5933 urbis
620 5894 744 5945 pars
796 5878 980 5931 subter
1036 5892 1223 5930 muros
1280 5877 1455 5930 solum
1520 5890 1774 5929 saxosum

551 5976 822 6036 PATBUL.
870 5978 982 6035 Gtt.
1023 5972 1204 6035 CLVI

1884 4694 2118 4752 portuno
2149 4694 2393 4755 tempore
2431 4687 2487 4740 in
2540 4688 2740 4743 fossam
2783 4690 3101 4759 dejicercnt,
3136 4708 3243 4761 quo
3281 4694 3449 4745 habe-

1885 4785 2003 4827 rent
2035 4777 2262 4830 aditum.
2297 4777 2579 4833 Habebam
2633 4782 2808 4835 scalas
2865 4784 3125 4849 gradibus
3182 4788 3447 4853 Stuppeis.

1884 4880 2004 4932 quae
2058 4881 2152 4933 per
2190 4866 2347 4922 futues
2404 4869 2826 4924 demittebantur
2862 4884 2914 4926 et
2948 4890 3137 4928 rursus
3186 4876 3241 4928 in
3276 4878 3445 4931 altum

1882 4958 2259 5011 trahebantur.
2289 4960 2735 5017 Admovebantur
2759 4966 3028 5021 mamilius
3046 4978 3300 5035 prazterea
3332 4972 3452 5023 alia:

1886 5063 2075 5103 omnes
2113 5051 2402 5115 machiner,
2450 5069 2586 5121 quas
2640 5057 2951 5125 excogitare
3008 5074 3161 5113 mens
3218 5060 3451 5113 humanm

1886 5151 2082 5209 potest,
2116 5145 2306 5211 quales
2338 5160 2616 5213 nunquam
2644 5149 2886 5203 visurum
2917 5166 2975 5203 sc
3001 5166 3121 5204 esse
3143 5164 3455 5219 speraverat

1887 5235 2182 5298 imperator
2248 5252 2347 5291 nec
2382 5237 2447 5290 ad
2516 5239 2841 5308 capiendum
2894 5244 3175 5297 castellum
3230 5243 3451 5311 aliquod

1887 5326 2001 5391 ipse
2025 5322 2245 5379 fecerat.
2282 5325 2558 5382 Fabrieati
2592 5341 2719 5383 sunt
2742 5331 2903 5384 etiam
2929 5332 3051 5384 aliis
3078 5331 3130 5384 iu
3162 5332 3296 5385 locis
3322 5349 3453 5385 cur-

1889 5434 1983 5471 rus
2014 5419 2143 5470 rotis
2183 5421 2469 5487 permultis
2499 5431 2552 5476 et
2586 5439 2822 5491 superne
2866 5426 3107 5478 turribus
3157 5426 3452 5479 instructos

1888 5518 1941 5562 et
1979 5524 2065 5572 eo,
2105 5525 2211 5577 quo
2233 5509 2498 5575 diximus,
2535 5516 2694 5567 modo
2723 5517 2982 5579 n‘tunitos,
3015 5532 3248 5583 cumque
3281 5519 3455 5580 etipsi

1890 5602 2173 5655 machinas
2209 5603 2475 5669 plurimas
2502 5605 2762 5659 haberent
2796 5608 2938 5674 igne,
2974 5608 3064 5675 qui
3098 5622 3206 5660 non
3242 5609 3453 5662 exstin-

1885 5692 2457 5759 guitur,repletos,has
2480 5706 2885 5761 ruinpararunt,
2909 5709 2965 5750 ut
2986 5713 3088 5749 una
3114 5713 3304 5751 omnes
3327 5701 3457 5752 hora

1882 5784 2218 5852 eruptionem
2257 5783 2514 5837 facerent.
2554 5786 2629 5838 Ac
2687 5789 2918 5855 primum
2953 5790 3170 5857 quidem
3206 5790 3445 5852 ingentis

1886 5877 1939 5929 ill
1967 5893 2027 5928 us
2064 5875 2317 5943 helepolis
2352 5879 2508 5946 pulsu
2554 5889 2754 5934 turrem
2815 5896 2980 5952 prope
3030 5893 3237 5951 portam
3280 5875 3457 5937 sanati

3065 5979 3139 6040 Ξῖ
