4134 6452
690 427 800 490 843

1911 421 2248 484 GEORGII
2291 422 2720 484 ΡΙΙΒΑΝΤΖᾸΞ

3811 430 3923 493 εει

693 544 921 616 πλησίον
951 545 1050 613 τῆς
1083 543 1258 612 πύλης
1285 540 1380 595 τοῦ
1412 539 1568 608 άγίου
1613 538 1917 610 Ῥωμανοῦ,
1956 541 2051 592 καὶ
2081 537 2243 602 εὐθὺς
2275 544 2318 598 Α
2348 539 2458 592 διον
2491 539 2718 610 εὕρωσι,
2755 536 2848 592 καὶ
2885 540 3088 604 ἰδόντες
3137 541 3240 602 τὰς
3292 541 3518 605 ἐλπίδας
3542 541 3731 594 αὐτῶν
3767 545 3931 604 κενὰς

689 641 788 709 τὴν
817 635 1063 689 ἑλέπολιν
1087 635 1302 704 ἐκείνην
1334 633 1602 704 σύραντες
1633 631 1872 701 ἔστησαν
1907 631 2117 684 ἄνωθεν
2152 631 2247 682 τοῦ

690 731 1023 798 ὀρύγματος.
1077 726 1185 779 Καὶ
1215 727 1248 795 ἡ
1295 725 1442 795 μάχη
1475 725 1570 776 καὶ
1608 725 1642 793 ὴ
1697 721 1986 791 συμπλοκὴ
2032 721 2249 773 νοσιαία

688 813 787 872 ’καὶ
816 820 1091 890 φρικαλέα
1118 818 1382 886 ἐγεγόνει·
1434 812 1501 886 ἦν
1533 815 1590 870 δέ
1622 816 1751 885 πρὶν
1802 813 1893 866 τὸν
1941 813 2092 884 ἥλιον
2121 815 2250 866 ἀνα-

689 911 902 974 τεῖλαι,
947 913 1039 965 καὶ
1081 910 1150 963 δι’
1198 910 1326 976 ὅλης
1384 907 1484 977 τῆς
1538 908 1753 976 ἡμέρας
1803 905 2096 973 ἐκράτησε.
2138 903 2249 956 Καὶ

693 1004 823 1055 τοτὲ
864 1002 964 1069 μὲν
998 1003 1055 1053 ἐν
1087 999 1243 1070 μέρει
1276 999 1374 1065 τὴν
1426 997 1747 1065 συμπλοκὴν
1781 996 1876 1048 καὶ
1907 995 2004 1064 τὴν
2046 995 2249 1063 σύρρη-

693 1097 773 1160 gn
809 1092 1043 1164 ἰσχυρῶς
1070 1091 1427 1161 ⁴ίίγωνίιζόντο,
1459 1090 1592 1141 ποτέ
1642 1090 1699 1141 δὲ
1729 1091 1786 1141 ἐν
1829 1090 1983 1156 μέρει
2013 1088 2082 1138 τὰ
2117 1086 2251 1150 ξύλα

689 1185 787 1238 καὶ
815 1185 911 1246 τὰς
949 1182 1080 1244 ὔλας
1112 1184 1206 1235 καὶ
1231 1178 1462 1250 χώματα
1490 1179 1556 1232 τὰ
1591 1178 1796 1232 ἔσωθεν
1823 1179 1919 1242 τῆς
1953 1178 2249 1239 ἑλεπόλεως

690 1281 746 1329 ἐν
804 1276 881 1344 τῷ
930 1273 1121 1342 τάφρῳ
1161 1273 1443 1342 ἐῤῥιπτον·
1497 1269 1591 1322 καὶ
1639 1271 1700 1320 ἐκ
1750 1268 1841 1320 τοῦ
1899 1269 2250 1336 χαλάσματος

690 1369 781 1421 τοῦ
817 1370 1026 1433 πύργου
1076 1363 1234 1432 ὓλην,
1264 1363 1357 1414 καὶ
1381 1361 1440 1425 ἐξ
1471 1357 1545 1414 ὧν
1575 1362 1775 1412 ἐκεῖνοι
1813 1360 2098 1430 ἔρριπτον,
2129 1360 2249 1410 ὁδὸν

689 1462 906 1513 εὐθεῖαν
952 1458 1140 1519 αὐτοῖς
1173 1456 1557 1526 ᾠκονόμησαν.
1593 1453 1862 1521 Τυχόντες
1896 1452 1993 1503 καὶ
2032 1453 2079 1504 οί
2112 1453 2248 1519 ἠμέ-

689 1571 836 1622 τεροι
887 1549 1152 1618 γενναίως
1215 1547 1414 1607 αὐτοὺς
1469 1545 1875 1612 άπεμπόδιζιιν,
1907 1545 2000 1596 καὶ
2047 1544 2106 1593 ἐκ
2140 1543 2249 1593 τῶν

690 1645 973 1709 κλιμάκων
996 1640 1254 1700 πολλάκις
1283 1637 1480 1699 αὐτοὺς
1506 1635 1944 1704 άπεκρήμνιζον,
1979 1635 2070 1684 καί
2095 1651 2249 1694 τινας

690 1738 962 1803 κλίμακας
1026 1733 1240 1797 ξυλίνας
1296 1729 1644 1797 κατέκοψαν,
1704 1728 1798 1779 xal.
1856 1727 2140 1795 καρτερῶς
2199 1725 2247 1776 οί

691 1827 921 1880 ἐναντίοι
949 1823 1210 1884 πολλάκις
1255 1825 1319 1891 τῇ
1357 1821 1541 1890 ἡμέρᾳ
1576 1819 1762 1890 ἐκείνῃ
1786 1818 2248 1890 άπεκρούσθησαν

691 1922 816 1989 ξλρι
847 1918 945 1985 τῆς
976 1915 1198 1986 πρώτης
1230 1911 1380 1982 ὥρας
1411 1912 1510 1980 τῆς
1553 1910 1767 1972 νυκτός.

764 2013 826 2064 Οἱ
857 2010 913 2061 δὲ
952 2007 1170 2068 ἀσεόεῖς
1199 2005 1261 2056 ἐκ
1292 2021 1350 2054 τε
1402 2003 1496 2056 τοῦ
1533 2001 1703 2054 κόπου
1761 2000 1853 2052 τοῦ
1904 1999 2105 2053 πολλοῦ
2157 2001 2250 2050 καὶ

691 2104 793 2154 τῶν
827 2099 1049 2170 πληγῶν
1099 2097 1525 2167 ἠγανάκτησαν,
1560 2094 1656 2146 καὶ
1689 2095 1722 2162 ἡ
1769 2093 2059 2162 συμπλοκὴ
2106 2094 2197 2143 καὶ
2225 2093 2252 2144 ὁ

690 2193 927 2261 πόλεμος
969 2189 1156 2259 ἐλύθη,
1190 2187 1504 2249 ἐλπίζοντες
1540 2187 1644 2261 μὲν
1676 2186 1753 2254 τῷ
1798 2184 1943 2255 πρωῒ
1973 2184 2110 2253 μετὰ
2140 2184 2286 2234 όλ.ί-’

693 2303 784 2350 you
815 2283 984 2336 κόπου
1036 2281 1136 2350 τὴν
1176 2279 1332 2347 βάσιν
1366 2277 1590 2330 εῧκολον
1645 2276 1919 2347 εὕρωσιν·
1961 2275 2095 2328 ἀλλὰ
2145 2276 2252 2325 τῶν

690 2377 920 2427 ἐλπίδων
952 2370 1294 2442 ἐψεύσθησαν
1322 2409 1336 2432 ,
1382 2369 1468 2422 διὰ
1506 2368 1561 2419 τὶ
1604 2366 1702 2437 μέν
1765 2366 2021 2434 Ἰωάννης
2056 2369 2081 2418 ό
2114 2366 2250 2418 Ἰου-

690 2463 959 2525 στινιανὸς
985 2462 1060 2524 ῶς
1109 2478 1191 2524 τις
1248 2461 1462 2526 ἀδάμας
1510 2459 1578 2511 δι’
1608 2459 1734 2528 ὅλης
1764 2459 1862 2527 τῆς
1893 2458 2085 2518 νυκτὸς
2119 2459 2251 2509 ἀνα-

690 2555 965 2628 θαρρύνας
1010 2555 1137 2614 τοὺς
1190 2551 1281 2604 ὑπ’
1313 2550 1478 2603 αὑτὸν
1505 2549 1843 2619 στρατιώτας
1875 2549 1967 2601 καὶ
1991 2548 2251 2617 παραινέο

691 2664 788 2708 σαος
822 2647 986 2698 ’καὶὸ
1040 2643 1296 2713 βασιλεὺς
1352 2641 1542 2710 παρών
1605 2640 1742 2708 μετὰ
1781 2640 1985 2711 ἐτέρων
2043 2638 2253 2690 πολλῶν

694 2739 798 2791 τῶν
843 2737 1106 2789 ἐλθόντων
1164 2736 1243 2796 εἰς
1291 2733 1500 2784 ἐκεῖνον
1544 2731 1634 2783 τὸν
1691 2731 1858 2783 τόπον
1881 2731 1961 2792 είς
2000 2728 2254 2798 βοήθειαν

689 2833 755 2883 δι’
790 2832 918 2900 ὅλης
948 2829 1048 2898 τῆς
1101 2826 1294 2888 νυκτὸς
1323 2824 1495 2878 πολλὰ
1535 2823 1902 2885 κοπιάσαντες
1934 2820 2093 2892 247
2128 2821 2255 2884 τοὺς

693 2922 931 2991 τάφρους
959 2920 1235 2971 ἐκένωσαν
1265 2915 1358 2968 καὶ
1386 2914 1479 2966 τὸν
1519 2911 1756 2964 πεσόντα
1787 2911 2002 2978 πύργον
2032 2909 2254 2978 μυρίαις

693 3016 958 3086 μηχαναῖς
1000 3010 1356 3081 ἀνώρθωσαν,
1407 3008 1502 3060 καὶ
1550 3006 1648 3074 τὴν
1680 3004 1925 3058 ἑλέπολιν
1954 3004 2065 3056 τῶν
2098 3004 2254 3055 ἐναν-

693 3109 820 3160 τίων
855 3104 1227 3167 ὑποκάτωθεν,
1260 3093 1322 3153 οὗ
1349 3101 1528 3160 ἔκειτο
1560 3096 1908 3166 ἐνδεδυμένη,
1942 3095 2256 3163 ἐπυρπόλη-

2355 628 2702 698 ἐθαὺμασαν.
2763 630 2873 683 Καὶ
2929 633 2958 683 ό
3017 634 3240 700 άμηρὶς
3295 624 3565 702 λυπηθεῖς
3599 634 3813 702 μᾶλλον
3844 637 3933 687 καῖ

2353 719 2664 788 αἰσχυνθεὶς
2684 721 2966 790 ἐθαύμασε
2982 725 3079 792 τὴν
3101 724 3476 793 ἐπιδεξιότητα
3494 727 3604 778 τῶν
3619 727 3934 795 ἡμετέρων,

2354 816 2448 864 καὶ
2478 813 2631 880 ἔλεγε
2663 813 2961 882 θαυμάζων
3001 815 3150 882 τάχα
3188 833 3208 866 ι
3249 815 3379 870 Ἐὰν
3407 815 3502 868 καὶ
3541 819 3591 868 ot
3627 817 3934 886 τριάκοντα

2354 903 2497 955 ἑπτὰ
2526 904 2763 973 χιλιάδες
2815 905 2865 958 οί
2902 905 3183 975 προφῆται
3239 899 3396 958 εἶπόν
3426 925 3520 976 μοι
3571 909 3660 960 ὃτι
3691 909 3856 959 αὐτοὶ
3893 909 3936 958 οι

2353 995 2574 1058 ἀσεϐεῖς
2611 1017 2631 1048 ι
2670 997 2847 1064 λέγων
2887 999 3034 1066 ἡμᾶς
3071 1018 3089 1051 ι
3132 1000 3220 1051 διὰ
3263 1001 3393 1069 μιᾶς
3442 1002 3641 1064 νυκτὸς
3673 1001 3936 1054 δύνανται

2355 1088 2581 1152 ποιῆσαι
2607 1088 2642 1141 ἃ.
2676 1090 2958 1157 ἐποίησαν,
3001 1091 3101 1143 οὐκ
3155 1093 3461 1150 ἐπίστευον.
3495 1113 3512 1143 ι
3558 1093 3808 1147 Ἔπειτα
3841 1095 3936 1162 μὲν

2359 1177 2580 1245 θεωρῶν
2607 1177 2684 1246 μὴ
2706 1178 2923 1247 ἔχοντας
2951 1180 3117 1248 φόϐον
3143 1183 3292 1251 ἡμᾶς
3315 1181 3438 1235 οὔτε
3467 1182 3676 1235 δειλίαν
3700 1186 3790 1245 είς
3814 1185 3936 1246 τοὺς

2355 1271 2787 1342 ἀκροϐολισμοὺς
2822 1274 2916 1324 καὶ
2942 1274 3240 1343 συῤῥήξεις
3289 1276 3358 1337 ἃς
3412 1277 3636 1329 ἐπθίουν
3686 1277 3762 1328 δι’
3810 1278 3939 1344 ὅλης

2350 1364 2452 1431 τῆς
2491 1363 2866 1438 ἠμέραςηκαὶ
2914 1366 3044 1427 τοὺς
3091 1365 3500 1434 ἀναριθμήτους
3541 1365 3940 1427 ἐλεὸολίσκους

2355 1454 2485 1524 βέλη
2517 1472 2573 1507 τε
2608 1455 2703 1507 καὶ
2739 1455 2949 1522 πέτρας
2982 1455 3190 1509 ἄνωθεν
3225 1456 3351 1509 καθ’
3394 1458 3557 1525 ἡμῶν
3585 1457 3940 1527 βρεχομὲνας

2352 1542 2426 1604 ὼς
2451 1544 2641 1605 ὑετοὺς
2677 1544 2736 1609 ἐξ
2770 1545 3024 1615 οὐρανοῦ,
3059 1547 3152 1598 καὶ
3182 1547 3300 1599 ἀντ’
3329 1547 3544 1610 οὐδενὸς
3591 1549 3788 1602 πάντα
3834 1550 3937 1601 κίν-

2352 1634 2508 1687 δυνον
2536 1636 2886 1704 ἐλογίζοντοο
2942 1639 3025 1700 είς
3073 1634 3168 1691 οὖν
3201 1639 3455 1708 ταραχὴν
3511 1644 3609 1696 καὶ
3664 1642 3941 1711 σύγχυσιν

2354 1726 2618 1796 λογισμοῦ
2671 1730 2916 1797 μεγάλην
2971 1729 3229 1784 ἐνέπεσεν
3279 1731 3441 1793 αὑτός
3489 1750 3551 1784 τε
3585 1735 3686 1785 καὶ
3728 1735 3941 1804 πᾶσαή

2356 1813 2523 1882 βουλὴ
2553 1816 2740 1871 αὐτοῦ.
2778 1818 2887 1869 Καὶ
2910 1818 3084 1871 ταῦτα
3110 1821 3208 1888 μέν
3235 1819 3300 1888 δὴ
3333 1818 3509 1883 οὕτως
3543 1816 3724 1890 εἶχον.

2286 1880 2366 1933 Β-
2427 1880 2538 1961 Kal
2572 1908 2781 1961 τούτων
2833 1880 3137 1978 γινομένων
3190 1880 3666 1982 πολιορκουμένης
3711 1913 3827 1981 τῆς
3851 1915 3940 1972 εό-

2351 2001 2489 2064 λεως
2518 2003 2644 2070 νῆες
2665 2004 2814 2070 τρεῖς
2847 2002 3146 2071 Λιγουρίας
3179 2003 3243 2053 ἐκ
3275 2004 3409 2055 Χίου
3442 2005 3648 2074 φόρτον
3673 2006 3940 2067 λαϐόντες

2351 2095 2447 2146 καὶ
2481 2093 2682 2162 ἄνεμον
2711 2094 3052 2162 τηρήσαντες
3093 2094 3398 2162 ἐπιτήδειον
3450 2096 3542 2146 τὸν
3593 2096 3775 2149 πλοῦν
3810 2099 3940 2166 πρὲις

2354 2185 2502 2255 ἡμᾶς
2537 2183 2820 2237 ἐποιοῦντο
2846 2199 2860 2214 ο
2893 2183 3260 2254 διερχομένων
3304 2185 3361 2238 δέ
3391 2187 3572 2241 αὐτῶν
3601 2189 3663 2241 εὖ
3674 2207 3774 2258 ρον
3824 2193 3938 2243 καθ’

2353 2276 2473 2328 ὁδὸν
2503 2277 2596 2328 καὶ
2655 2275 2853 2346 ἑτέραν
2885 2275 3039 2344 μίαν
3085 2277 3370 2348 βασιλικὴν
3402 2280 3568 2350 248
3598 2282 3706 2350 νῆα
3752 2287 3819 2335 ἐκ
3854 2285 3938 2335 Σι-

2354 2366 2539 2428 κελίας
2605 2368 2746 2435 μετὰ
2794 2367 2943 2419 σίτου
3006 2369 3336 2441 ἐρχομένην.
3397 2372 3506 2423 Καὶ
3563 2373 3854 2439 φθάσασαι
3886 2379 3941 2427 ἐν

2357 2461 2455 2529 μιᾷ
2489 2459 2596 2511 τῶν
2632 2460 2845 2512 νυκτῶν
2891 2461 3059 2527 ἐγγὺς
3105 2461 3204 2527 τῆς
3249 2462 3482 2524 πόλεως.
3512 2464 3610 2515 καὶ
3665 2465 3749 2532 τῷ
3798 2466 3940 2533 πρωϊ

2358 2551 2558 2612 ἰδόντες
2591 2549 2760 2611 αὑτὰς
2783 2552 2840 2603 αἱ
2892 2550 3270 2618 ήμερόσκοποι
3301 2552 3550 2621 τριήρεις
3584 2553 3685 2606 τοῦ
3744 2556 3940 2622 ἀμηρί

2355 2640 2448 2694 καλ
2477 2643 2538 2694 ἐκ
2570 2641 2663 2693 τοῦ
2699 2641 2890 2711 ἐτέρου
2943 2642 3132 2694 στόλου
3185 2643 3351 2711 μέρος
3401 2643 3537 2696 πολὺ
3579 2646 3706 2697 κατ’
3755 2646 3940 2698 αὐτῶν

2354 2731 2624 2802 ὥρμησαν
2673 2732 2814 2799 μετὰ
2863 2731 3044 2802 πάσης
3074 2734 3270 2802 χαρᾶς,
3320 2736 3458 2801 μετὰ
3504 2736 3820 2804 τυμπάνων
3850 2741 3940 2789 sui

2355 2824 2659 2893 κερατίνων
2727 2823 3045 2891 σαλπίγγων
3106 2823 3456 2893 κροτοῦντες,
3514 2825 3842 2890 ἐλπίζοντες
3888 2833 3942 2880 ἐν

2356 2922 2575 2991 εὐκολίᾳ
2609 2922 2782 2973 ’τάσδε
2821 2921 2920 2984 τὰς
2957 2922 3093 2988 νῆας
3135 2921 3489 2991 σαγηνεῦσαι.
3538 2922 3628 2983 Ὧς
3671 2923 3730 2974 δὲ
3785 2923 3942 2989 fur..-

2359 3030 2458 3066 σαν
2491 3013 2581 3065 καὶ
2612 3012 2702 3064 τὸν
2729 3011 2969 3081 πόλεμον
3005 3011 3217 3080 ἀνῆψαν
3270 3013 3365 3065 καὶ
3391 3014 3845 3081 ἀκροϐολίζοντο,
3888 3019 3944 3066 ἐν

2359 3105 2597 3174 πρώτοις
2627 3100 2790 3174 ἦλθον
2823 3104 2962 3156 κατὰ
2992 3105 3091 3172 τῆς
3119 3103 3408 3174 βασιλικῆς
3439 3107 3566 3175 νηὸς
3594 3110 3742 3175 μετὰ
3761 3111 3945 3180 ἐπηρ-

693 3216 811 3252 σαν.
844 3199 980 3266 Περὶ
1012 3197 1068 3248 δὲ
1104 3193 1296 3260 τρίτην
1328 3188 1779 3258 άλεκτροφωνίαν
1830 3186 2078 3249 ἐλθόντες
2114 3187 2253 3256 μετὰ
2284 3203 2328 3263 C
2366 3195 2533 3264 μένης
2563 3195 2788 3263 ὀφρύος·
2825 3194 2939 3263 ἠδὲ
2986 3194 3116 3257 ναῦς
3147 3196 3213 3247 ἐκ
3244 3197 3344 3265 τῆς
3370 3195 3592 3267 πρώτης
3625 3201 3944 3267 προσεολὴς

693 3290 888 3361 χαρᾶς,
931 3284 1245 3348 ἐλπίζοντες
1281 3281 1370 3335 ἵνα
1396 3280 1496 3351 τὴν
1531 3279 1708 3349 βάσιν,
1754 3279 1830 3342 ώς
1872 3279 2118 3347 εἴπομεν,
2159 3277 2257 3346 ρᾁ

695 3475 923 3530 Romani
956 3473 1115 3529 sitam
1145 3474 1580 3539 prostraverunt,
1606 3475 1769 3534 atque
1794 3464 2080 3534 helepolim
2117 3464 2260 3519 illico

695 3575 996 3637 proumtam
1022 3575 1180 3630 supra
1217 3575 1334 3612 eam
1364 3557 1564 3613 fossam
1600 3556 1958 3611 collocarunt.
1988 3553 2126 3608 Hinc
2161 3571 2261 3622 pu-

695 3674 798 3729 gna
827 3665 880 3711 et
904 3653 1184 3710 dimicatio
1229 3650 1457 3703 exitiosa
1483 3657 1536 3701 et
1578 3647 1855 3700 horribilis
1885 3646 2108 3710 exarsit,
2142 3659 2262 3713 quae

697 3747 988 3805 commissa
1018 3753 1142 3798 ante
1172 3743 1348 3796 lucem
1380 3754 1474 3808 per
1497 3747 1666 3792 totum
1698 3738 1836 3792 diem
1859 3737 2095 3791 duravit.
2126 3733 2263 3788 Tur-

695 3859 771 3897 (διε
799 3835 1212 3897 nunecqullictu
1238 3841 1291 3886 et
1310 3830 1604 3887 certamine
1626 3829 1824 3884 acriter
1841 3828 2261 3892 contendebant,

699 3946 844 3988 nunc
893 3931 1058 3998 ligna,
1114 3926 1420 3987 materiem,
1483 3932 1708 3988 terram,
1748 3936 1869 3992 qua:
1919 3921 1975 3975 in
2030 3919 2262 3990 helepoli

698 4035 875 4088 erant,
901 4023 954 4074 in
997 4020 1197 4075 fossam
1232 4014 1616 4084 conjiciebant.
1642 4012 1684 4066 E
1712 4013 1868 4067 ruina
1892 4012 2058 4067 turris
2089 4018 2260 4065 mate-

700 4121 854 4171 riam.
880 4111 1125 4176 materia,
1149 4123 1310 4178 quam
1345 4106 1728 4174 congerebant,
1747 4104 1890 4157 viam
1917 4103 2128 4172 planam
2159 4101 2260 4157 sibi

700 4214 980 4275 pararunt.
1012 4207 1079 4255 At
1129 4214 1256 4254 vero
1286 4198 1459 4252 nostri
1497 4211 1592 4251 eos
1623 4203 1842 4250 strenue
1876 4193 2264 4264 impediebant,

701 4308 1031 4366 atque-saepe
1079 4291 1439 4346 detrudebant
1486 4290 1552 4342 de
1585 4287 1748 4343 scalis
1784 4285 1998 4355 ligneis,
2029 4299 2261 4354 quarum

704 4383 993 4437 nonnullas
1038 4379 1410 4444 conciderunt,
1456 4377 1748 4445 hostesque
1771 4389 1837 4429 eo
1867 4375 1956 4429 die
1986 4389 2161 4443 usque
2197 4373 2262 4427 ad

703 4479 926 4538 primam
960 4473 1138 4525 noctis
1180 4471 1368 4524 horam
1403 4482 1547 4537 saepe
1578 4467 1777 4520 acriter
1799 4465 1999 4534 repulsi
2037 4475 2187 4520 sunt.

2367 3287 2504 3356 μετὰ
2557 3285 2919 3339 ἐλεόολίσκων
2967 3287 3064 3339 καὶ
3118 3285 3294 3354 βελῶν
3337 3287 3435 3340 καὶ
3493 3290 3715 3358 πετρῶν
3754 3293 3944 3354 κακῶς

2363 3483 2512 3534 rans,
2542 3469 2586 3522 si
2629 3468 2849 3536 triginta
2882 3475 3084 3537 septem
3112 3469 3281 3521 millia
3313 3468 3705 3538 prOphetarum
3740 3470 3848 3523 sibi
3868 3470 3950 3522 af-

2364 3561 2691 3622 ﬁrmassent,
2724 3561 2920 3628 impios
2942 3560 3067 3631 (nos
3093 3560 3325 3630 scilicet)
3349 3576 3455 3613 una
3477 3568 3664 3627 nocte,
3691 3563 3848 3630 quod
3873 3563 3953 3617 fe-

2365 3661 2572 3715 cerunt,
2595 3652 2833 3706 facturos
2853 3666 2997 3715 esse,
3017 3667 3074 3706 se
3101 3666 3208 3705 non
3228 3651 3542 3706 habiturum
3563 3651 3738 3708 fuisse
3761 3654 3948 3708 ﬁdem.

2369 3740 2571 3794 Deinde
2611 3757 2734 3795 cum
2761 3755 2869 3794 nos
2892 3742 3042 3794 omni
3074 3754 3272 3795 vacare
3305 3741 3522 3805 timore,
3565 3757 3670 3797 nec
3706 3744 3951 3812 impres-

2368 3832 2550 3886 siones
2581 3846 2922 3900 pugnasque,
2952 3845 3090 3899 quas
3141 3845 3240 3898 per
3267 3839 3441 3885 totum
3468 3831 3613 3886 diem
3661 3832 3950 3896 fecerunt,

2366 3921 2839 3989 autjaculationes
2874 3920 3194 3976 innumeras
3229 3933 3283 3976 et
3312 3937 3444 3977 saxa
3477 3923 3716 3991 desuper
3753 3924 3815 3978 in
3845 3941 3952 3979 nos

2367 4013 2624 4067 imbrium
2658 4013 2830 4066 instar
2850 4012 3088 4067 demissa
3112 4013 3492 4077 extimescere,
3526 4014 3622 4068 sed
3651 4031 3824 4070 omne
3855 4033 3951 4086 pe-

2367 4102 2598 4156 riculum
2637 4102 2790 4154 nihili
2833 4099 3012 4156 facere
3059 4101 3560 4168 animadvertisset,
3593 4105 3649 4157 in
3683 4120 3952 4177 magnam

2368 4194 2537 4247 animi
2588 4193 3050 4263 perturbationem
3099 4200 3154 4248 et
3211 4196 3715 4269 consternationem
3751 4199 3876 4268 ipse
3904 4210 3956 4253 et

2370 4287 2656 4340 universus
2697 4295 2924 4340 senatus
2954 4285 3076 4355 ejus
3110 4284 3442 4341 inciderunt.
3475 4289 3656 4358 Atque
3685 4289 3808 4344 bac
3835 4292 3956 4356 qui-

2367 4377 2487 4431 dem
2525 4377 2595 4429 ila
2631 4385 2953 4430 evenerunt.

2443 4469 2664 4521 Interim
2715 4467 2843 4521 dum
2885 4466 3018 4522 urbs
3061 4467 3369 4534 obsidetur,
3409 4478 3522 4523 tres
3574 4486 3755 4526 naves
3790 4471 3954 4543 Ligu-

775 4567 959 4632 ltaque
989 4561 1166 4632 impii,
1199 4560 1269 4614 ob
1302 4559 1543 4613 laborem
1596 4557 1892 4627 plagasque
1932 4556 2266 4621 frendentes,
2299 4543 2348 4602 Ῑ)
2381 4559 2536 4613 stium
2559 4559 2610 4610 in
2637 4557 2774 4612 Chio
2795 4567 3056 4622 oneratae,
3074 4568 3294 4611 ventum
3335 4559 3636 4613 secundum
3662 4574 3866 4624 nactae,
3888 4566 3954 4617 ad

705 4669 936 4722 .mguam
965 4651 1259 4714 solverunt,
1289 4658 1508 4716 postero
1525 4647 1612 4700 die
1635 4646 1737 4700 levi
1764 4660 1928 4712 opera
1962 4647 2265 4714 ingressum

702 4747 913 4800 facilem
956 4743 1242 4802 habituros
1291 4753 1350 4793 se
1387 4753 1509 4794 esse
1564 4738 1688 4791 rati.
1724 4737 1792 4789 At
1823 4735 2142 4790 exciderunt
2173 4751 2269 4805 spe

701 4853 821 4899 sua,
855 4834 999 4904 quod
1053 4831 1290 4885 Joannes
1319 4827 1684 4894 Justinianus,
1716 4827 1865 4881 velut
1898 4826 2123 4881 adamas
2154 4835 2265 4880 tota

704 4937 864 4980 nocte
895 4925 1093 4978 milites
1127 4937 1255 4976 suos
1289 4921 1628 4985 cohortatus,
1664 4930 1827 4988 atque
1857 4919 2154 4987 imperator
2177 4932 2270 4972 co-

707 5033 822 5069 ram
854 5015 969 5082 ipse
1006 5026 1244 5081 praesens
1300 5025 1421 5064 cum
1451 5009 1574 5064 aliis
1613 5011 1819 5075 multis,
1854 5010 1946 5078 qui
1976 5009 2165 5063 eodem
2201 5013 2268 5064 ad

703 5123 858 5176 opem
883 5104 1161 5158 ferendam
1184 5101 1578 5164 conﬂuxerant,
1601 5116 1695 5170 per
1723 5110 1888 5155 totam
1913 5111 2126 5154 noctem
2154 5116 2270 5155 ma—

702 5214 808 5266 guo
831 5177 1023 5249 labore
1049 5193 1225 5247 fossas
1257 5191 1696 5258 vacuefecerunt,
1728 5204 1933 5247 turrem
1968 5193 2264 5262 collapsam

705 5287 1036 5343 tuolitncntis
1088 5285 1388 5338 innumeris
1438 5285 1819 5339 instaurarunt
1867 5295 1920 5338 et
1976 5285 2267 5354 helepolim

706 5384 968 5445 hostium,
998 5383 1121 5448 lgue
1147 5379 1236 5433 ubi
1262 5387 1448 5447 operta
1484 5369 1682 5444 stabat,
1716 5378 2016 5441 submisso,
2037 5391 2271 5432 exusse-

703 5486 852 5531 ruul.
890 5473 1071 5542 Itaque
1102 5470 1204 5523 sub
1237 5469 1456 5542 tertium
1485 5469 1607 5536 galli
1642 5454 1862 5523 cantum
1913 5484 2038 5522 cum
2085 5469 2185 5522 laeti
2217 5477 2270 5521 et

703 5585 797 5638 spe
839 5535 996 5628 freti?
1017 5562 1229 5615 facilem
1262 5535 1363 5623 se;
1393 5569 1449 5612 ut
1482 5535 1615 5625 dixi,
1649 5560 1953 5630 ingressum
1986 5561 2270 5614 habituros

706 5673 849 5720 esse,
887 5652 1257 5715 advenissent,
1313 5651 1402 5704 ubi
1436 5663 1530 5721 spe
1561 5667 1622 5707 se
1653 5651 1946 5706 frustratos
1999 5651 2268 5714 viderunt,

706 5746 883 5802 mirati
918 5752 1063 5810 sunt,
1104 5751 1268 5811 atque
1299 5756 1535 5811 ameras,
1583 5757 1912 5813 magnopere
1949 5742 2193 5794 tristatus
2219 5750 2272 5794 et

703 5843 1045 5904 nudelacttts,
1088 5833 1364 5904 obstupuit
1409 5831 1606 5888 virtute
1642 5843 1844 5896 nostra,
1889 5830 2132 5900 dixitque
2169 5827 2268 5881 mi-

2374 4668 2471 4705 nos
2503 4665 2722 4705 cursum
2752 4649 3026 4703 tenebant.
3057 4647 3277 4704 Inventa
3317 4650 3371 4703 in
3408 4651 3602 4704 itinere
3635 4653 3746 4706 alia
3778 4655 3956 4723 impe-

2371 4742 2574 4794 ratoria
2607 4740 2754 4803 navi,
2784 4755 2906 4810 qum
2957 4755 2986 4793 e
3017 4739 3204 4794 Sicilia
3230 4756 3351 4795 cum
3376 4739 3659 4797 frumento
3685 4745 3956 4807 solverat,

2373 4845 2531 4886 nocte
2549 4833 2784 4900 quadam
2823 4847 2988 4901 prope
3024 4834 3216 4887 urbem
3248 4833 3608 4888 devenerunt.
3640 4833 3808 4890 Mane
3830 4848 3893 4890 ut
3930 4854 3956 4889 a

2372 4924 2587 4978 diurnis
2620 4923 2989 4978 excubaturiis
3047 4924 3364 4978 triremibus
3397 4939 3596 4980 amera:
3640 4941 3959 4996 conspecta:

2373 5025 2522 5080 sunt,
2556 5031 2586 5069 e
2620 5017 2828 5084 reliqua
2857 5014 3035 5068 classe
3067 5029 3232 5068 nares
3263 5028 3370 5067 non
3423 5030 3609 5075 pauca:
3637 5033 3769 5071 cum
3816 5019 3955 5072 laeti-

2373 5100 2467 5164 tia,
2499 5107 2878 5169 tympanorum
2903 5103 2956 5150 et
2987 5111 3251 5150 cornuum
3273 5098 3521 5166 strepitu,
3555 5099 3794 5154 incitato
3828 5119 3954 5155 cur-

2373 5206 2458 5251 su,
2499 5196 2688 5242 contra
2748 5185 3017 5249 feruntur,
3051 5184 3201 5238 nullo
3239 5185 3423 5238 labore
3467 5191 3576 5240 'eas
3602 5203 3779 5244 naves
3834 5205 3862 5239 a
3903 5205 3955 5242 se

2376 5282 2735 5349 interceptum
2779 5278 2843 5330 iri
2881 5276 3134 5346 opiuaue.
3167 5277 3303 5330 Cum
3337 5279 3954 5346 appropinquassentet

2372 5386 2607 5441 pugnam
2636 5370 3038 5424 commisissent
3059 5366 3373 5437 jaculando.
3399 5368 3453 5421 in
3493 5369 3692 5437 primis
3722 5369 3954 5439 impera-

2375 5462 2570 5514 toriam
2624 5474 2814 5514 navem
2847 5460 3136 5528 superbius
3185 5457 3360 5511 adorti
3390 5465 3560 5523 sunt;
3593 5473 3722 5527 qua:
3773 5467 3954 5514 lacn

2373 5566 2468 5605 eos
2500 5551 2680 5620 primo
2714 5550 3157 5620 impetujaculis,
3180 5550 3320 5611 telis,
3353 5541 3503 5614 saxis
3531 5549 3676 5603 male
3701 5562 3952 5617 excepit:

2374 5657 2608 5711 cumque
2641 5645 2820 5711 proris
2852 5657 2969 5694 eam
2993 5641 3310 5706 subiissent,
3340 5640 3412 5693 illi
3443 5655 3541 5694 eos
3572 5642 3798 5695 eminus
3837 5643 3955 5695 ollis

2374 5737 2496 5805 igne
2527 5734 2717 5788 Graeco
2748 5735 2884 5788 bene
2914 5733 3134 5802 repletis
3161 5740 3322 5799 atque
3345 5714 3494 5787 saxis
3524 5734 3953 5802 prohibuerunt,

2375 5843 2568 5897 magna
2605 5827 2656 5880 in
2707 5840 2804 5880 eos
2857 5833 3038 5892 strage
3068 5824 3236 5880 edita.
3268 5821 3376 5880 Nos
3427 5825 3543 5879 lucc
3576 5825 3644 5880 de
3681 5833 3949 5880 menibus
