4134 6452
178 457 287 521 845

1216 453 1655 515 CHBONICON
1689 452 1962 514 MAJUS.
2005 479 2073 489 -·
2109 455 2255 518 LlB.
2307 455 2418 515 lii.

3316 449 3417 512 846

178 568 504 633 ἐδεξιώσατο
548 568 765 633 αὐτούς.
794 568 897 626 Kal
918 569 1163 632 ἐλθόντες
1195 572 1314 633 ταῖς
1336 570 1586 639 πρώραις
1612 568 1744 621 ὑπο·
1772 572 1820 628 Α
1848 566 2067 637 θεωρῶν
2098 569 2259 621 αὑτὸν
2307 568 2484 630 οὕτως
2526 567 2787 622 ποιοῦντα
2831 566 3177 638 ἠγανάκτουν
3218 564 3420 619 λυπού-

178 659 429 713 κάτωθεν
479 660 581 731 τῆς
638 663 788 732 νηὸς,
851 663 1006 716 αὑτοὶ
1046 663 1102 715 δέ
1155 664 1292 731 μετά
1326 663 1539 733 χύτρων
1572 679 1747 716 κατα-

181 754 575 823 σκευασμένων
608 754 871 825 τεχνικῶς
908 757 1045 823 πυρὶ
1070 756 1221 823 ὑγρῷ
1247 756 1343 809 καὶ
1382 754 1602 823 πετρῶν
1642 754 1750 808 πά-

176 846 271 898 λιν
310 847 515 910 αὐτοὺς
573 847 846 917 μακρόθεν
889 845 1262 915 άπεμπόδιζον
1293 846 1381 898 διὰ
1411 848 1471 897 τ’)
1503 846 1752 913 γίνεσθαι

176 936 350 991 πολὺν
389 937 550 1007 φόνον
587 938 708 992 κατ’
740 938 957 1002 αὐτούς.
1002 938 1195 1007 Ἦμεῖς
1240 939 1296 991 δὲ
1321 941 1383 990 ἐκ
1408 938 1520 990 τῶν
1556 938 1753 1006 τειχῶν

176 1026 391 1082 ἄνωθεν
421 1029 595 1083 ταῦτα
626 1030 959 1098 θεωροῦντες
989 1030 1255 1100 ἐδεόμεθα
1289 1031 1386 1083 τοῦ
1426 1030 1563 1083 Θεοῦ
1597 1031 1751 1101 ἐλεῆ-

176 1137 276 1174 σαι
320 1121 513 1185 αὐτοὺς
562 1127 660 1174 καὶ
709 1123 880 1191 ἡμᾶς.
920 1122 1156 1191 Ὀμοίως
1200 1124 1255 1175 δέ
1286 1123 1313 1174 δ
1345 1123 1567 1192 άμηρᾶς
1597 1122 1757 1190 ἔφιπ-

176 1230 285 1277 πος
314 1214 485 1279 ἑστὼς
519 1216 661 1268 κατά
712 1216 813 1279 τὰς
866 1216 1037 1279 ἀκτὰς
1077 1216 1176 1283 τῆς
1212 1216 1490 1286 θαλάσσης
1527 1216 1755 1285 ἐθεώρει

176 1307 247 1360 τὰ
290 1309 581 1375 γινόμενα.
616 1307 718 1361 Kal
747 1309 911 1363 πάλιν
956 1311 1018 1361 ἐκ
1057 1309 1244 1379 τρίτου
1301 1310 1757 1379 ἐμακροϐολίζον-

175 1414 286 1461 το,
338 1394 460 1451 εἶτα
517 1397 684 1451 πάλιν
744 1399 994 1462 θέλοντες
1054 1400 1328 1471 ωρῤἦξαι
1384 1400 1569 1463 αὐτοῖς
1619 1402 1756 1469 μετὰ

175 1487 503 1556 ἐπηρμένης
557 1488 758 1558 ὀφρύος
798 1490 893 1542 καὶ
933 1489 1184 1558 μεγάλων
1213 1489 1580 1559 ἀλαλαγμῶν·
1614 1492 1663 1543 οἱ
1702 1491 1758 1544 δέ

174 1578 477 1650 ναύκληροι
504 1581 599 1634 καὶ
646 1581 978 1650 κυϐερνῆται
1031 1582 1127 1635 καὶ
1167 1581 1434 1652 ναύαρχοι
1490 1583 1758 1653 ἀνδρείως

173 1672 276 1723 καὶ⁵
305 1672 604 1740 ῥωμαλέοις
635 1672 950 1736 σταθέντες,
1000 1675 1127 1736 τοὺς
1157 1673 1354 1738 ναύτας
1401 1676 1759 1746 παραθαρρύ-

176 1780 375 1825 ναντες
420 1763 717 1817 ἀποθανεῖν
771 1764 973 1833 μᾶλλον
1022 1764 1055 1835 ἢ
1112 1766 1235 1834 ζῇν,
1290 1766 1384 1819 καὶ
1434 1766 1672 1834 μάλιστα
1730 1769 1758 1821 ὁ

176 1873 243 1906 να
255 1856 467 1926 υάρχης
511 1857 613 1925 τῆς
639 1856 931 1927 βασιλικῆς
962 1858 1093 1926 νηὸς
1115 1857 1359 1928 τοῠνομα
1381 1859 1758 1922 Φλαντανελᾶς

175 1948 245 1999 ἐκ
282 1945 536 2016 πρύμνης
588 1948 669 2010 είς
717 1948 946 2018 πρώραν
983 1949 1335 2017 διερχόμενος
1378 1951 1473 2001 καὶ
1503 1950 1581 2011 ώς
1618 1950 1755 2003 λέων

177 2037 496 2104 μαχόμενος
526 2037 620 2088 καὶ
658 2039 867 2105 φωναῖς
920 2038 1046 2101 τοὺς
1280 2038 1506 2109 ἐτέρους
1559 2042 1756 2107 διεγεί-

180 2143 317 2196 ρων,
339 2126 480 2179 ὥστε
510 2132 573 2181 οὺ
609 2128 842 2197 δύναμαι
895 2130 1073 2193 είπεῖν
1113 2131 1214 2193 τὰς
1243 2132 1430 2198 φωνάς
1455 2132 1623 2184 αὑτοῦ
1657 2134 1755 2186 καὶ

175 2220 312 2280 τοὺς
333 2218 451 2289 τῶν·
470 2220 677 2288 ἐτέρων
714 2220 946 2291 κρότους
988 2222 1094 2284 ἐως
1140 2220 1232 2273 τοῦ
1264 2222 1497 2291 οὐρανοῦ
1533 2225 1759 2294 αἰρομέ-

178 2327 330 2372 νους.
381 2310 491 2363 Kal
532 2311 798 2381 σύρῤηξις
845 2312 1016 2366 πάλιν
1079 2314 1432 2385 μεγαλητέρα
1485 2316 1756 2383 ἐγεγόνει,

178 2401 285 2455 καὶ
337 2402 522 2455 πολλοὶ
585 2404 647 2455 ἐκ
697 2402 808 2457 τῶν
865 2405 1144 2475 τριήρεων
1185 2406 1608 2476 ἀπεκτάνθησαν
1666 2411 1760 2462 καὶ

179 2493 529 2563 ἐπνίγησαν,
588 2495 687 2547 καὶ
737 2494 832 2548 δύο
890 2495 1003 2548 τῶν
1044 2496 1318 2566 τριήρεων
1376 2496 1758 2565 πυριαλώτους

182 2586 499 2656 ἐποίησαν,
566 2590 661 2641 καὶ
711 2586 1045 2657 θεωροῦντες
1091 2589 1190 2651 τὰς
1244 2589 1378 2658 νῆας
1434 2589 1757 2645 ἐδειλίασαν.

193 2680 260 2732 '0
291 2680 347 2733 δέ
384 2682 609 2751 ἀμηρᾶς
659 2681 881 2751 θεωρῶν
914 2682 1084 2752 μηδὲν
1114 2682 1264 2749 ἄξιον
1310 2681 1471 2752 ἔργον
1500 2682 1760 2736 ποιοῦντα

182 2772 284 2825 τὶν
324 2774 578 2844 τοσοῦτοδν
610 2774 708 2827 καὶ
757 2773 1079 2843 τηλικοῦτον
1128 2774 1332 2842 στόλον,
1377 2774 1513 2828 ἀλλά
1561 2775 1761 2846 μᾶλλον

182 2865 393 2933 ἥττονα
414 2863 564 2929 ὅντα,
603 2864 792 2933 μανεὶς
820 2867 917 2919 καὶ
948 2865 1108 2935 θυμῷ
1134 2866 1384 2935 ληφθεὶς,
1413 2864 1763 2936 βρυχώμενος

187 2956 291 3008 καὶ
326 2956 450 3019 τοὺς
494 2957 713 3020 ὀδόντας
769 2956 970 3027 τρὶζων
1022 2957 1213 3028 ὕϐρεις
1262 2958 1448 3027 ἐνέχεε
1506 2958 1584 3021 είς
1638 2958 1765 3020 τοὺς

188 3048 389 3110 αὑτοῦ,
416 3047 823 3117 δειλοκαρδίους
843 3047 939 3101 καὶ
960 3047 1323 3117 γυναικώδεις
1344 3050 1437 3103 καὶ
1467 3049 1765 3117 ἀνωφελεῖς

188 3139 511 3193 ἀποκαλῶν.
546 3140 655 3193 Kal
706 3141 797 3193 τὸν
852 3141 1021 3192 ἵππον
1075 3140 1366 3209 κεντρίσας
1414 3135 1581 3209 ἦλθεν
1612 3141 1764 3204 ἐντὸς

1856 676 2015 726 μενοι
2035 662 2132 713 καὶ
2155 662 2280 723 τοὺς
2314 663 2370 713 ἐν
2395 660 2473 726 τῷ
2501 661 2674 731 στόλῳ
2704 654 3233 730 ἐϐλασφήμουν⁶’καὶ
3268 660 3422 713 πλεῖ-

1854 766 1968 801 στοι
2008 750 2237 818 ἐςριπποι
2291 753 2368 821 τῷ
2426 754 2620 823 ἀμηρᾷ
2669 754 2766 805 καὶ
2813 753 2965 805 αὐτοὶ
2997 750 3423 814 ἀκολουθοῦντες

1853 844 1957 907 ἕως
1992 845 2101 899 τῶν
2148 845 2293 914 νηῶν
2335 848 2591 915 ἧγγισαν.
2628 847 2691 899 Οἱ
2725 845 2780 898 δέ
2807 844 2903 897 τοῦ
2932 845 3121 896 στόλου
3152 845 3244 896 τδν
3272 845 3422 913 ἀμη-

1857 934 1958 1003 ρᾶν
1981 933 2155 998 οὕτως
2188 936 2531 1005 θεωροῦντες
2556 936 2888 1005 πράττοντα,
2918 933 3013 986 καὶ
3041 933 3424 1002 αἰσχυνθέντες

1855 1024 1952 1087 τὰς
1984 1024 2194 1094 ὕϐρεις,
2225 1026 2459 1089 ἄκοντες
2482 1026 2577 1078 καὶ
2610 1027 2832 1088 ἑκόντες
2868 1024 3009 1095 μετὰ
3043 1025 3219 1093 θυμοῦ
3250 1029 3424 1095 μεγά-

1856 1116 1951 1171 λου
1984 1117 2360 1186 μετέστρεψαν
2383 1118 2539 1179 αὖθις
2567 1119 2667 1181 τὰς
2708 1117 2934 1189 πρώρας
2970 1119 3115 1171 κατὰ
3143 1118 3253 1171 τῶν
3279 1118 3425 1186 νηῶν

1858 1212 1954 1263 καὶ
1980 1210 2250 1279 ἐμάχοντο
2280 1209 2540 1279 ίσχυρῶς.
2574 1210 2680 1263 Kal
2702 1211 2753 1263 τί
2782 1212 2886 1281 χρὴ
2902 1210 3089 1279 λέγειν
3114 1228 3126 1276 ;
3160 1210 3223 1264 οὐ
3262 1212 3427 1280 μόνον

1859 1301 1940 1361 είς
1972 1299 2125 1352 οὑδέν
2169 1301 2268 1363 τὰς
2324 1301 2461 1368 νῆας
2522 1299 2799 1369 ἔϐλαψαν,
2853 1302 2987 1355 ἀλλά
3026 1303 3123 1355 καὶ
3171 1302 3427 1363 τοσοῦτος

1859 1392 2020 1458 φόνος
2073 1394 2169 1445 καὶ
2224 1392 2412 1462 πληγὴ
2462 1393 2860 1459 ἐγεγόνεικατ“
2895 1393 3094 1454 αὐτοὺς
3143 1392 3285 1445 ὥστε
3321 1392 3424 1446 οὑκ

1863 1482 2123 1535 ἐδύναντο
2180 1484 2231 1534 αἱ
2266 1485 2518 1553 τριήρεις
2562 1485 2788 1537 δπισθεν
2838 1486 3036 1538 ἐλθεῖν.
3072 1485 3236 1554 250
3270 1486 3429 1554 Ἐφο-

1861 1575 2134 1644 νεύθησαν
2169 1576 2226 1628 δὲ
2279 1579 2337 1629 ἐν
2396 1577 2581 1649 ἐκείνῃ
2612 1581 2677 1647 τῇ
2726 1578 2929 1649 ἡμέρᾳ,
2957 1578 3029 1640 ὡς
3068 1578 3273 1646 ἔμαθον
3316 1580 3427 1646 ἐγὼ

1861 1666 1920 1730 ἐξ
1951 1665 2148 1730 αὐτῶν,
2196 1668 2379 1721 πλεῖον
2410 1668 2441 1738 ἢ
2475 1669 2801 1721 δυοκαίδεκα
2833 1670 3075 1738 χιλιάδες
3101 1671 3423 1740 ’Λγαρηνοὶ.

1865 1760 2026 1827 μόνον
2060 1761 2116 1811 ἐν
2163 1763 2227 1829 τῇ
2262 1760 2526 1829 θαλάσσῃ.
2586 1761 2875 1831 Ἐλθούσης
2901 1761 2953 1813 δὲ
2999 1762 3098 1832 τῆς
3143 1765 3333 1825 νυκτὸς
3369 1764 3427 1829 ἐξ

1863 1854 2109 1922 ἀνάγκης
2139 1856 2167 1905 ὁ
2212 1853 2398 1915 στόλος
2449 1854 2645 1922 μικρὸν
2679 1855 3022 1924 ἀνεχώρησε,
3056 1856 3149 1908 καὶ
3201 1858 3255 1909 αἱ
3303 1857 3430 1926 νῆες

1860 1943 2148 2014 εὐκαιρίαν
2191 1943 2448 2012 εὑρόντες
2479 1944 2733 2014 εἰσῆλθον
2768 1949 2826 1997 ἐν
2856 1945 2935 2015 τῷ
2967 1946 3149 2015 λιμένι
3187 1948 3319 2001 ἀνευ
3340 1949 3431 2001 oft-

1858 2035 2008 2097 δενὸς
2033 2035 2495 2100 ἀποκτανθέντος,
2549 2040 2597 2089 εί
2648 2038 2722 2108 μὴ
2767 2038 2932 2091 τινῶν
2959 2039 3158 2105 ὀλίγων
3190 2039 3426 2109 πληγέν-

1857 2144 1988 2179 των.
2026 2128 2136 2180 Kal
2169 2127 2287 2196 μεθ’
2318 2128 2533 2197 ἡμέρας
2576 2128 2728 2192 τινάς
2763 2129 2856 2181 δύο
2893 2128 2925 2200 ἢ
2962 2131 3113 2198 τρεῖς
3152 2131 3208 2197 ἐξ
3241 2132 3423 2183 αὑτῶν

1860 2220 1999 2288 πρὸς
2044 2219 2252 2290 Κύριον
2301 2220 2670 2289 ἐξεδήμησαν.
2720 2220 2779 2274 ’0
2806 2223 3033 2291 ἀμηρᾶς
3081 2220 3138 2274 δέ
3171 2218 3428 2275 τοσοῦτον

1864 2314 2055 2379 μανεὶς
2092 2314 2185 2364 καὶ
2211 2313 2470 2379 λυπηθεὶς
2510 2315 2652 2367 κατά
2684 2314 2900 2366 τοῦ“τοῦ
2946 2312 3130 2367 στόλου
3159 2316 3431 2383 δρουγγα-

1862 2402 1979 2472 ρίου
2008 2402 2199 2472 ἤθελεν
2233 2396 2398 2457 αὑτὸν
2432 2405 2859 2458 ἀνασκολοπίσαι
2881 2445 2895 2467 ,
2929 2405 3101 2472 λέγων
3132 2407 3213 2459 ὅτι
3236 2407 3431 2488 ἐνεκεν

1858 2495 1959 2562 τῆς
1990 2496 2202 2548 ἐκείνου
2231 2496 2521 2566 ἀνανδρίας
2583 2499 2677 2550 καὶ
2726 2495 3078 2568 ὀλιγοιιυχίας
3121 2500 3178 2550 αἱ
3210 2498 3339 2571 νῆες
3371 2500 3430 2551 ἐν

1860 2588 2045 2658 ἐκείνῃ
2075 2590 2141 2657 τῇ
2177 2589 2332 2640 νυκτὶ
2372 2589 2679 2654 ἐξάλλοντο,
2716 2606 2810 2643 και
2842 2592 2912 2643 δι’
2946 2590 3272 2660 ἀπροσεξίας
3305 2595 3431 2644 τού-

1861 2696 1955 2731 του
1996 2682 2095 2733 xal
2142 2680 2476 2749 ἀνωφελείας
2534 2684 2717 2734 είασεν
2752 2683 2923 2744 αὑτάς
2972 2683 3236 2736 είσελθεῖν
3266 2687 3323 2736 ἐν
3354 2684 3434 2750 τῷ

1862 2770 2063 2839 λιμένι.
2104 2771 2262 2832 Τινὲς
2304 2772 2361 2824 δέ
2394 2773 2456 2826 ἐκ
2498 2773 2607 2825 τῶν
2649 2775 2923 2844 ἀρχόντων
2956 2774 3055 2843 τῆς
3107 2774 3303 2843 βουλῆς
3335 2780 3433 2828 καὶ

1862 2858 1963 2926 τῆς
1992 2859 2162 2927 αὐλῆς
2201 2860 2295 2913 τοῦ
2332 2862 2528 2932 ἀμηρᾶ
2559 2863 2862 2933 ἐδεήθησαν
2912 2864 3123 2927 τοῦτον,
3160 2864 3299 2918 ὥστε
3331 2866 3431 2932 ζῆν

1861 2947 1955 3000 τὸν
1982 2948 2343 3019 δρουγγάριον
2382 2951 2718 3023 ἐχαρίσατοο
2774 2951 2913 3021 πλὴν
2966 2951 3060 3004 τοῦ
3120 2952 3432 3021 ἀξιώματος

1865 3040 2027 3095 αὑτὸν
2063 3042 2372 3111 ἐγύμνωσε,
2428 3044 2523 3095 καὶ
2578 3044 2758 3098 πάντα
2804 3045 2896 3097 τὸν
2953 3045 3065 3114 βίον
3111 3046 3275 3099 αὑτοῦ
3316 3050 3435 3107 τοῖς

1870 3133 2231 3205 ίαννιτξάροις
2264 3135 2579 3207 ἐχαρίσατο.

184 3232 293 3300 τῆς
352 3230 629 3299 θαλάσσης
681 3226 846 3301 (ἦσαν
888 3231 997 3301 γάρ
1054 3232 1222 3298 ἐγγὺς
1282 3232 1384 3299 τῆς
1440 3231 1639 3302 χέρσου
1702 3234 1755 3285 αἱ
1782 3238 1828 3300 C
1935 3227 2046 3279 Kal
2080 3228 2243 3281 πάλιν
2274 3227 2527 3296 κατηφὴς
2563 3228 2825 3298 ὑπάρχων
2864 3229 2892 3281 δ
2932 3230 3155 3299 ἀμηρᾶς
3198 3230 3294 3281 καὶ
3336 3231 3436 3291 τὰς

186 3321 444 3389 τριήρεις
475 3321 609 3372 ὡσεὶ
654 3320 803 3372 λίθου
861 3320 1069 3389 βολὴν),
1124 3321 1222 3373 καὶ
1265 3320 1335 3373 τὰ
1383 3321 1608 3375 πλείονα
1652 3322 1765 3375 τῶν

187 3411 440 3482 γυτώνων
468 3411 630 3464 αὑτοῦ
673 3411 957 3480 ἐϐἀφησαν
997 3413 1061 3464 ἐκ
1108 3412 1217 3464 τῶν
1244 3411 1343 3480 τῆς
1379 3412 1631 3482 ἁλμυρᾶς
1667 3412 1768 3466 θα·

188 3504 401 3571 λάσσης
430 3501 659 3555 ὑδάτων.
721 3501 765 3555 Ο
794 3502 850 3554 δὲ
902 3502 1129 3575 στρατὸς
1172 3504 1201 3554 6
1232 3505 1383 3575 παρὰ
1423 3506 1521 3575 τὴν
1564 3506 1768 3575 χέρσον

191 3690 531 3751 spectantes.
566 3680 678 3735 Deo
706 3696 893 3750 preces
924 3680 1279 3747 faciebamus,
1310 3692 1368 3736 ut
1400 3683 1641 3751 ipsorum
1675 3696 1771 3745 no-

192 3776 408 3842 strique
440 3776 808 3827 misereretur.
848 3772 1112 3826 Similiter
1138 3788 1373 3837 ameras,
1429 3789 1573 3844 equo
1621 3775 1770 3829 insi-

193 3869 356 3927 dens,
394 3883 424 3919 e
458 3866 659 3930 littore,
695 3880 815 3931 qua:
863 3865 1086 3927 liebant,
1120 3866 1503 3935 prospiciebat.
1539 3866 1771 3936 Jamque

197 3959 424 4014 tertium
453 3956 787 4025 iaculantur,
821 3957 1072 4025 fastuque
1105 3959 1303 4026 turgidi
1338 3968 1391 4012 et
1423 3973 1623 4029 magno
1655 3961 1770 4015 cla-

197 4065 356 4104 more
405 4064 500 4103 cos
563 4049 851 4102 invadunt.
913 4049 979 4102 At
1037 4049 1306 4113 naucleri,
1350 4051 1765 4119 gubernatores.

198 4139 465 4193 navarchi
511 4138 654 4191 virili
688 4138 873 4192 animo
903 4146 957 4192 et
1008 4138 1236 4192 robusto
1290 4152 1508 4209 pectore
1540 4149 1768 4207 stantes,

196 4243 399 4285 nautas
421 4230 778 4283 cohortantur
806 4229 872 4283 ad
898 4238 1126 4283 mortem
1159 4230 1283 4286 vitae
1311 4233 1769 4301 anteponendam,

196 4324 252 4374 in
301 4321 490 4389 primis
525 4320 890 4389 imperatoriae
924 4321 1077 4374 navis
1132 4322 1463 4387 navarchus,
1503 4322 1763 4378 Phlanta-

197 4414 354 4466 nclas
378 4410 611 4474 nomine,
639 4411 731 4479 qui
760 4411 969 4479 epuppi
988 4411 1053 4464 ad
1076 4426 1291 4480 proram
1325 4413 1616 4479 processit,
1647 4415 1766 4468 leo-

198 4508 289 4558 nis
340 4504 513 4572 instar
554 4502 842 4556 decertans
871 4511 925 4555 et
954 4501 1195 4571 reliquos
1246 4504 1470 4558 vocibus
1503 4504 1766 4569 excitans,

1871 3319 2058 3388 χεῖρας
2084 3319 2251 3372 αὑτοῦ
2306 3320 2382 3383 ὡς
2425 3320 2574 3373 κύων
2619 3321 2833 3375 δάκνων
2873 3321 2965 3374 καὶ
2997 3322 3096 3387 λάξ
3140 3322 3263 3374 ποδὶ
3291 3326 3437 3374 κατέι

1871 3413 1973 3478 γῆς
2004 3410 2227 3481 θεωρῶν
2270 3412 2522 3474 καὶτοὺς
2553 3414 2769 3482 τείχους
2815 3414 2981 3484 ῥήξας
3030 3414 3112 3476 δὶς
3168 3414 3262 3467 καὶ
3317 3413 3438 3485 τρὶς

1871 3503 2114 3566 καὶτοὺς
2145 3503 2390 3575 τάφρους
2428 3505 2681 3574 γεμίσας,
2716 3505 2809 3559 xal
2841 3506 3003 3570 εὐθὺς
3035 3507 3195 3559 πάλιν
3239 3508 3439 3570 αὐτοὺς

1871 3680 2067 3736 turbis
2098 3682 2190 3751 qui
2210 3683 2266 3737 in
2287 3682 2459 3739 classe
2478 3695 2653 3749 erant,
2691 3694 2743 3739 et
2771 3686 2990 3755 plurimi
3016 3688 3173 3757 equis
3200 3703 3437 3744 ameram

1871 3772 2065 3837 secuti,
2099 3772 2200 3841 ipsi
2232 3788 2454 3843 quoque
2485 3791 2661 3845 usque
2694 3776 2762 3830 ad
2802 3791 2968 3831 naves
3004 3779 3343 3847 procedunt:
3375 3795 3440 3834 ac

1871 3861 2162 3928 classiarii,
2220 3864 2293 3918 ita
2334 3881 2459 3918 cum
2510 3874 2756 3936 agentem
2803 3883 2925 3923 eum
2987 3869 3185 3934 vident,
3237 3871 3442 3940 pudom

1870 3954 2237 4008 conviciorum
2268 3958 2559 4024 compulsi,
2589 3960 2871 4015 conversis
2900 3975 3088 4016 rursus
3127 3963 3305 4031 proris
3340 3967 3439 4015 ad-

1874 4061 2063 4100 versus
2104 4057 2415 4101 nostrorum
2438 4064 2625 4113 naves,
2662 4060 2883 4106 strenue
2914 4054 3215 4108 decertant.
3238 4053 3436 4109 Verum

1870 4137 1999 4207 quid
2033 4150 2171 4206 opus
2200 4146 2304 4202 est,
2337 4147 2399 4192 ut
2428 4151 2679 4195 eventum
2705 4142 2930 4196 dicam?
2958 4142 3079 4197 Non
3110 4145 3270 4199 modo
3301 4146 3441 4199 nihil

1871 4228 2169 4298 quidquam
2222 4240 2529 4283 nocuerunt
2576 4233 2827 4298 navibus,
2862 4236 2954 4288 sed
2997 4236 3161 4289 etiam
3192 4246 3344 4291 tanta
3382 4240 3435 4291 in

1872 4332 1967 4373 eos
1998 4318 2181 4373 clades
2212 4327 2532 4390 stragesque
2564 4323 2709 4376 edita
2742 4334 2849 4387 est,
2888 4334 2947 4377 ut
2979 4326 3231 4382 triremes
3265 4330 3441 4382 redire

1872 4423 1981 4462 non
2011 4420 2252 4479 possent.
2277 4412 2457 4467 Occisi
2481 4421 2609 4467 sunt
2633 4414 2726 4467 illo
2743 4414 2829 4469 die
2852 4415 3108 4483 Agareni,
3138 4427 3276 4472 utex
3305 4420 3441 4490 ipsis

1872 4503 2127 4570 cognovi,
2155 4503 2277 4572 plus
2309 4503 2605 4560 duodecies
2630 4506 2774 4561 mille
2796 4509 2849 4560 in
2888 4510 3023 4561 mari
3045 4510 3329 4566 duntaxat.
3359 4513 3442 4564 In-

196 4611 338 4665 quas
363 4595 541 4649 verbis
572 4596 878 4663 exprimere
909 4608 1017 4647 non
1054 4596 1223 4663 magis
1252 4609 1416 4664 quam
1448 4607 1767 4650 caetrrorum
1804 4604 1844 4659 ι)
1874 4604 2100 4663 gruente
2143 4603 2327 4659 nocte,
2380 4597 2601 4661 classis,
2657 4601 2985 4654 necessitate
3031 4614 3242 4667 coacta,
3281 4607 3441 4672 paul»

199 4690 475 4741 clamores
507 4686 739 4756 possim,
772 4686 973 4755 quibus
1004 4695 1151 4741 astra
1200 4685 1555 4741 feriebantur.
1586 4687 1772 4757 Itaque

197 4776 415 4831 exarsit
453 4791 646 4830 rursus
674 4776 1050 4830 vehementius
1087 4791 1287 4845 pugna,
1336 4792 1398 4829 ac
1430 4778 1581 4831 multi
1612 4793 1641 4831 e
1674 4778 1772 4831 tri-

199 4869 452 4924 remibus
485 4868 652 4922 occisi
688 4879 780 4921 aut
810 4860 1059 4923 suﬂocati
1093 4878 1243 4934 sunt,
1277 4868 1605 4937 duabusque
1637 4870 1773 4923 adeo

201 4961 526 5016 triremibus
554 4959 751 5029 captis,
784 4960 839 5013 in
875 4949 1128 5028 maguum
1164 4960 1413 5014 timorem
1442 4961 1769 5016 inciderunt.

200 5054 436 5106 Ameras
458 5066 581 5104 cum
612 5050 768 5104 talem
802 5058 1116 5119 tantamque
1140 5049 1371 5105 classem
1402 5050 1611 5103 nullum
1641 5068 1769 5120 ope-

199 5159 281 5198 ra:
318 5142 547 5210 pretium
573 5141 774 5204 facere,
803 5142 914 5195 imo
942 5140 1125 5209 potius
1157 5142 1404 5208 superari
1436 5142 1659 5207 videret,
1693 5144 1771 5196 ira

201 5242 262 5288 et
311 5233 496 5286 furore
529 5232 807 5297 incensus,
844 5233 1083 5287 fremens
1121 5241 1175 5285 et
1209 5231 1465 5287 dentibus
1493 5231 1769 5299 frendens,

209 5324 514 5380 maledictis
532 5339 661 5378 suos
693 5324 977 5394 proscidit,
1006 5327 1251 5393 ignavos,
1284 5323 1641 5389 effeminatos,
1675 5340 1772 5380 no-

203 5414 440 5471 hulones
487 5414 771 5483 increpans
809 5431 826 5481 ;
881 5429 945 5467 ac
987 5415 1221 5469 subditis
1266 5430 1411 5485 equo
1444 5417 1770 5481 calcaribus,

206 5508 263 5561 in
304 5520 453 5560 mare
500 5516 788 5575 provectus
842 5517 923 5560 est
954 5505 1146 5576 (prope
1183 5507 1326 5559 enim
1357 5523 1384 5559 a
1419 5516 1561 5561 terra
1607 5524 1774 5564 naves

206 5599 461 5661 aberant,
517 5598 734 5652 circiter
764 5588 973 5665 iactum
1007 5597 1224 5666 lapidis)
1257 5636 1273 5660 ,
1326 5608 1382 5651 ut
1431 5611 1610 5654 vestes
1656 5603 1774 5667 ejus

208 5682 509 5737 maximam
573 5694 781 5753 partem
839 5702 977 5754 aqua
1022 5687 1164 5741 salsa
1214 5686 1585 5744 madefierent.
1621 5690 1772 5753 Quod

209 5768 304 5828 ubi
358 5790 480 5827 eum
538 5775 826 5831 facientem
874 5777 1007 5830 vidit
1038 5777 1336 5839 exercitus,
1382 5780 1473 5847 qui
1512 5780 1563 5831 in
1595 5782 1773 5833 littore

212 5874 353 5930 erat,
382 5864 750 5935 indignatione
777 5862 831 5923 et
856 5867 1043 5923 dolore
1073 5871 1355 5934 commoti,
1389 5872 1649 5925 Convicia!
1674 5888 1772 5926 an-

1874 4686 2120 4747 recessit,
2155 4695 2210 4740 et
2242 4696 2479 4755 quatuor
2505 4688 2610 4742 illa:
2642 4704 2828 4754 naves,
2855 4698 3313 4762 opportunitatem
3342 4713 3440 4750 na-

1874 4784 1993 4841 ctae,
2030 4786 2246 4845 portum
2280 4778 2576 4845 intrarunt,
2611 4783 2829 4836 nemine
2863 4786 2928 4839 de
2956 4787 3071 4840 suis
3096 4789 3298 4853 occiso,
3324 4805 3442 4857 per.

1874 4870 2061 4937 paucis
2111 4870 2431 4934 vulneratis,
2476 4889 2707 4941 quorum
2764 4886 2886 4943 post
2917 4877 3128 4948 aliquot
3174 4882 3291 4935 dies
3330 4884 3442 4935 duo

1875 4960 1958 5012 vel
1984 4968 2092 5013 tres
2122 4961 2189 5014 ad
2218 4960 2508 5017 Dominum
2551 4967 2879 5035 migraruut.
2913 4970 3140 5025 Ameras
3173 4971 3306 5026 adeo
3329 4975 3440 5026 ira-

1875 5052 2130 5105 scebatur
2168 5056 2632 5125 sureensebatque
2679 5058 2876 5114 classis
2902 5062 3179 5128 prtefecm,
3225 5078 3281 5116 ut
3315 5068 3438 5133 palo

1874 5154 1999 5193 eum
2028 5144 2346 5212 transﬁgere
2376 5150 2658 5215 cogitaret,
2690 5151 2834 5217 quod
2861 5151 3000 5204 illius
3030 5152 3239 5219 ignavia
3270 5163 3321 5208 et
3346 5172 3438 5210 se-

1874 5233 2042 5301 gnitia
2066 5248 2230 5288 naves
2262 5234 2351 5287 illa
2380 5249 2539 5289 noete
2563 5239 2886 5303 evasissent,
2914 5240 3167 5311 idemque
3184 5248 3438 5304 socordia

1874 5330 1928 5375 et
1952 5322 2221 5391 imperitia
2250 5328 2575 5394 praepeditus
2609 5345 2712 5382 non
2756 5331 3121 5399 prohibuisset
3152 5351 3265 5398 eas,
3301 5355 3440 5407 quo-

1877 5413 2055 5469 minus
2088 5427 2298 5483 porlum
2335 5418 2624 5475 intrarent.
2654 5419 2852 5473 Verum
2887 5423 3107 5491 quidam
3137 5436 3358 5483 senatus
3383 5443 3437 5485 et

1876 5506 2013 5559 aulae
2054 5523 2308 5576 proceres
2362 5511 2614 5578 precibus
2655 5514 3013 5580 impetrarunt
3044 5520 3113 5572 ab
3148 5534 3348 5588 amera,
3380 5534 3438 5577 ut

1875 5614 1999 5652 eum
2062 5600 2241 5653 vivere
2293 5611 2607 5669 pateretur:
2667 5604 2761 5671 qui
2812 5612 2994 5660 tamen
3025 5608 3286 5679 dignitate
3310 5629 3436 5669 eum

1875 5690 2045 5743 exuiit
2062 5706 2362 5761 omnesque
2382 5692 2668 5747 facultates
2687 5697 2804 5764 ejus
2824 5698 3166 5765 jannitzariis
3194 5703 3437 5760 donavit.

1947 5781 2186 5834 Rursum
2250 5795 2479 5838 maestus
2534 5801 2771 5852 ameras,
2822 5790 2975 5843 canis
3032 5792 3203 5844 instar
3240 5810 3435 5847 manus

1880 5875 2115 5940 mordet,
2162 5878 2296 5943 pede
2342 5888 2539 5932 terram
2573 5880 2771 5943 pulsat.
2799 5897 2944 5946 cum,
2973 5883 3055 5937 his
3082 5893 3133 5938 et
3159 5897 3239 5939 ter
3270 5890 3438 5943 muris
