4134 6452
167 462 276 530 8ἱ9

1184 476 1631 542 CHRONICON
1672 482 1942 542 MAJUS-
1979 503 2049 515 -
2091 482 2236 541 LIB.
2287 484 2402 547 lli.

3297 478 3400 541 83.0

169 577 456 646 εὐγενέσι),
502 578 759 650 Μανουὴλ
810 583 866 637 δέ
906 584 983 653 τῷ
1037 586 1098 639 ἐκ
1151 587 1254 657 τῆς
1292 590 1590 660 Λιγουρίας
1628 608 1732 659 φυ-
1761 596 1806 651 Α
1834 591 1890 644 δὲ
1919 590 1995 659 τῷ
2027 593 2088 645 ὲκ
2125 593 2433 661 Καρύστου,
2466 592 2621 664 ἀνδρὶ
2647 590 2943 663 πολεμιστῇ
2975 593 3066 646 καὶ
3090 593 3401 663 δραστηρίῳ

164 671 380 725 λάττειν
406 671 473 724 τὰ
509 671 650 743 μέρη
685 674 787 743 τῆς
838 676 1011 748 πύλης
1050 681 1148 749 τῆξ
1183 681 1485 753 λεγομένης
1509 685 1730 754 Χρυσῆς

168 764 310 833 μετὰ
328 765 617 820 διακοσίων
638 768 847 839 ἀνδρῶν
866 772 1099 839 τοξότων
1118 792 1175 827 τε
1199 776 1289 829 καὶ
1314 777 1729 845 μπαλαιστρῶνο

165 852 317 924 εἶκον
371 861 481 929 γᾴρ
533 861 592 913 ἐν
642 861 840 932 ἐκείνῳ
868 864 946 934 τῷ
980 867 1135 936 μέρει
1166 868 1416 922 ἑλέπολιν
1459 870 1731 937 ἐναντίαν,

166 949 266 1001 καὶ
292 950 463 1021 αὐτὴν
516 953 655 1020 μετὰ
689 954 968 1024 βουϐάλων
994 960 1087 1013 καὶ
1129 960 1267 1029 βοῶν
1300 962 1474 1030 δορῶν
1521 962 1734 1016 ἐνδεδυ-

168 1039 365 1111 μένην,
394 1044 488 1096 καὶ
507 1043 578 1097 τὰ
601 1045 756 1116 τείχη
793 1048 931 1116 μετὰ
966 1051 1227 1118 μηχανῶν
1249 1051 1500 1107 ἔτυπτον.
1541 1053 1737 1123 Παύλῳ

169 1133 274 1200 μὲν
324 1135 421 1187 xui.
462 1134 736 1208 Ἀντωνίῳ
796 1140 893 1193 καὶ
930 1139 1163 1212 Τρωίλῳ
1215 1138 1327 1206 τοῖς
1388 1146 1738 1213 αὐταδέλφοις

166 1226 508 1298 ἐμπιστεύϐη
538 1229 625 1282 ἵνα
654 1231 968 1299 φυλάττωσι
1001 1237 1063 1288 τδ
1094 1226 1461 1308 Μυρίανδρον,
1490 1240 1623 1291 ὅπου
1647 1241 1741 1293 καὶ

166 1317 226 1369 ἐν
249 1319 482 1383 ἐκείνοις
515 1323 628 1385 τοῖς
657 1322 880 1393 μέρεσιν
918 1328 950 1393 ἠ
987 1327 1141 1391 πόλις
1166 1324 1234 1400 ἦν
1260 1331 1618 1394 ἐπικίνδυνος,
1648 1333 1741 1385 καὶ

168 1409 363 1471 νυκτὸς
390 1412 486 1463 καὶ
512 1411 728 1481 ἡμέρας
754 1415 913 1479 πεζοί
937 1434 996 1469 τε
1016 1418 1109 1471 καὶ
1135 1419 1361 1472 ἱππόται
1387 1421 1482 1471 τοῦ
1506 1421 1743 1491 πλήθους

169 1501 284 1553 τῶν
312 1500 573 1573 Τούρκων
612 1504 885 1574 ἐμάχοντο
914 1508 1180 1574 γενναίως
1216 1509 1308 1561 καὶ
1338 1510 1625 1580 ἀνδρείως,
1651 1512 1744 1563 καὶ

170 1592 437 1657 πολλάκις
480 1595 575 1648 καὶ
626 1597 904 1667 τὰητείχη
960 1598 1296 1668 χαλάσαντες
1351 1603 1444 1655 καὶ
1500 1602 1745 1664 θέλοντες

168 1684 433 1739 εἰσελθεῖν
462 1688 647 1749 κακῶς
676 1688 1111 1759 ἀπεδιώχθησαν,
1155 1693 1248 1744 καὶ
1290 1692 1450 1760 φόνον
1499 1694 1581 1755 είς
1650 1694 1744 1745 ati-

168 1775 299 1838 τοὺς
321 1776 420 1828 οὐκ
449 1776 627 1843 ὀλίγον
667 1778 906 1843 ἐποίουν,
960 1778 1053 1831 καὶ
1095 1779 1259 1848 μέρος
1287 1781 1385 1849 μὲν
1410 1781 1517 1832 τῶν
1549 1780 1745 1847 κλιμά-

168 1874 288 1918 κων
313 1864 491 1920 αὐτῶν
521 1868 737 1939 ἔσυρον,
774 1871 939 1939 μέρος
958 1871 1014 1929 δὲ
1046 1870 1289 1936 ἐολαζον,
1323 1871 1417 1924 καὶ
1438 1872 1505 1923 τὰ
1529 1872 1634 1923 τῶν
1652 1874 1740 1926 άν-

168 1958 317 2027 δρῶν
356 1957 493 2014 ἆθλα
516 1963 609 2015 καὶ
633 1963 769 2033 γέρα
819 1965 1039 2032 μνήμης
1071 1965 1289 2017 αἰωνίου
1323 1965 1564 2035 ὑπῆρχον
1593 1963 1741 2027 ἄξια.

169 2053 418 2124 Θεοφίλῳ
472 2055 525 2108 δὲ
553 2055 632 2124 τῷ
687 2057 1056 2128 Παλαιολόγῳ,
1099 2057 1252 2127 ἀνδρὶ
1283 2060 1530 2128 ἐμπείρῳ
1565 2059 1745 2126 πάσης

172 2152 575 2218 γραμματικῆς
604 2152 992 2220 πραγματείας
1014 2152 1110 2204 καὶ
1139 2153 1234 2222 τῆς
1269 2152 1593 2221 Ἑλληνικῆς
1625 2169 1748 2204 παι-

169 2238 321 2301 δείας
359 2240 452 2292 καὶ
487 2240 875 2310 μαθηματικῆς
921 2245 1000 2302 εἰς
1037 2245 1205 2313 ἄκρον
1237 2244 1579 2313 γευσαμένῳ,
1636 2245 1747 2296 ἐνε-

172 2330 442 2400 πιστεύθη
482 2332 767 2400 φυλάττειν
799 2336 941 2389 κατὰ
979 2335 1044 2388 τά
1075 2336 1214 2404 μέρη
1270 2333 1371 2403 τῆς
1410 2335 1584 2407 πύλης
1651 2336 1750 2404 τῆς

162 2423 476 2489 λεγομένης
516 2424 838 2494 Σηλυϐρίσις.
884 2426 974 2495 Τῷ
1029 2427 1087 2478 δέ
1152 2427 1371 2497 Ἰωάννῃ
1408 2426 1484 2496 τῷ
1529 2426 1749 2478 Ἰουστι-

175 2512 349 2584 νιανῷ
376 2515 452 2584 τῷ
489 2515 650 2568 αὐτοῦ
680 2518 969 2587 στρατηγῴ
1000 2517 1163 2588 254
1183 2518 1273 2570 καὶ
1304 2520 1383 2581 είς
1406 2518 1584 2570 πάντα
1603 2516 1750 2586 καλῷ

176 2606 276 2657 καὶ
307 2607 616 2675 ἐπιτηδείῳ,
664 2611 799 2677 πρὸς
830 2609 890 2662 ὃν
929 2611 1020 2662 καὶ
1045 2612 1072 2662 ὁ
1102 2609 1355 2678 βασιλεὺς
1399 2609 1567 2663 πολλὰ
1622 2611 1751 2681 θαρο

178 2696 298 2762 ρὦ
320 2692 387 2765 ἦν
417 2698 505 2750 διὰ
532 2699 631 2767 τὴν
658 2700 1013 2769 γενναιότητα
1034 2701 1126 2752 καὶ
1150 2701 1371 2769 ἀνδρίαν
1416 2703 1515 2754 καὶ
1547 2702 1752 2771 τόλμην

176 2785 369 2848 αὑτοῦ,
432 2788 584 2851 ἐδόθη
653 2791 741 2843 ἵνα
792 2791 928 2860 μετὰ
971 2794 1341 2861 τετρακοσίων
1402 2793 1753 2862 στρατιωτῶν

190 2878 414 2932 Ἰταλῶν
436 2896 493 2932 τε
525 2880 620 2933 καὶ
656 2882 940 2951 Ῥωμαίων
992 2885 1231 2956 φυλάττῃ
1289 2886 1345 2937 ἐν
1395 2888 1507 2945 τοῖς
1562 2885 1751 2955 μέρεσι

179 2972 285 3039 τῆς
338 2973 511 3040 πύλης
547 2974 638 3027 τοῦ
673 2976 829 3043 ἁγίου
867 2976 1168 3047 Ῥωμανοῦ,
1224 2980 1359 3032 ὅπου
1418 2983 1466 3032 οἱ
1518 2980 1751 3049 Τοῦρκοι

181 3062 371 3116 πλεῖον
406 3063 512 3115 τῶν
545 3066 718 3120 ἄλλων
752 3068 931 3137 μερῶν
958 3070 1235 3139 ἐμάχοντο
1281 3089 1294 3101 ·
1320 3072 1412 3124 καὶ
1439 3071 1536 3141 τὴν
1564 3072 1751 3124 ἐλεόὁ-

179 3156 269 3208 λιν
298 3158 395 3226 τὴν
422 3158 665 3228 μεγάλην
687 3159 779 3211 καὶ
806 3160 904 3227 τὴν
950 3160 1187 3213 ἐλεὸόλιν
1242 3164 1300 3214 ἐν
1362 3162 1589 3225 ἐκείνοις
1646 3166 1753 3225 τοῖς

1838 683 1931 735 καὶ
1964 683 2159 758 τοξότῃ
2192 684 2489 756 ἠσκημένῳ
2521 686 2661 755 ὑπὲρ
2689 684 2993 754 ἄνθρωπον,
3026 685 3120 737 καὶ
3178 684 3397 753 Ἰωάννῃ

1836 769 2118 839 Γερμανῷ,
2155 772 2310 841 ἀνδρὶ
2338 772 2431 835 τὰς
2481 773 2573 825 τοῦ
2622 774 2858 844 πολέμου
2913 774 3157 843 μηχανὰς
3224 774 3399 833 καλῶς

1837 862 2020 928 εἰδότι,
2076 863 2231 933 ἐδόθη
2268 864 2356 916 ἵνα
2394 864 2733 931 φυλάττωσιν
2766 868 2823 918 ἐν
2872 867 2986 927 τοῖς
3045 865 3234 933 μέρεσι
3291 866 3401 923 τοῖς

1838 956 2226 1023 Καλυγαρίοις.
2300 955 2358 1007 ’0
2404 956 2460 1007 δὲ
2496 956 2815 1025 Ἱερώνυμος
2874 957 2968 1009 καὶ
3030 956 3322 1024 Λεονάρδος
3353 956 3399 1004 οἱ

1841 1046 2161 1114 Διγουρίται
2196 1046 2282 1098 ἵνα
2310 1044 2650 1112 φυλάττωσιν
2685 1045 2743 1097 ἐν
2776 1048 2887 1108 τοῖς
2939 1047 3132 1114 μέρεσι
3172 1048 3270 1111 τῆς
3306 1043 3404 1093 12-J-

1840 1135 1936 1204 λης
1967 1136 2066 1203 τῆς
2096 1135 2392 1204 λεγομένης
2416 1134 2654 1204 ξυλίνης.
2682 1135 2772 1203 Τῷ
2809 1135 2865 1187 δὲ
2903 1134 3198 1205 καρδινάλῃ
3243 1134 3410 1184 Ῥωσ-

1845 1229 1964 1289 σίας
1994 1225 2150 1295 ἐδόθη
2177 1226 2268 1279 ἵνα
2294 1223 2535 1296 φυλάττῃ
2566 1227 2625 1279 ἐν
2646 1228 2760 1287 τοῖς
2793 1226 2986 1295 μέρεσι
3040 1221 3133 1277 τοῦ
3162 1226 3411 1289 Κυνηγε-

1846 1319 1960 1371 σίου
2027 1319 2121 1369 καὶ
2166 1318 2272 1379 ἕως
2312 1316 2406 1369 τοῦ
2447 1318 2605 1385 ἁγίου
2655 1316 2987 1387 Δημητρίου.
3033 1315 3091 1368 '0
3147 1314 3204 1367 δὲ
3238 1315 3411 1381 μέγας

1844 1409 1967 1473 δοὺξ
1994 1411 2207 1471 Λουκᾶς
2249 1411 2277 1461 ὁ
2307 1409 2562 1478 Νοταρᾶς
2588 1409 2675 1462 ἵνα
2710 1409 2952 1478 φυλάττῃ
2982 1408 3039 1459 ἐν
3075 1408 3186 1468 τοῖς
3222 1405 3411 1473 μέρεσι

1845 1499 1937 1552 τοῦ
1977 1500 2205 1568 Πετρίου
2233 1500 2326 1552 καὶ
2354 1499 2460 1561 ἕως
2504 1502 2603 1570 τῆς
2662 1500 2829 1565 πύλης
2882 1499 2982 1567 τῆς
3018 1497 3174 1564 ἁγίας
3226 1497 3415 1548 Θεοόυ-

1849 1590 1989 1651 σίας.
2038 1590 2124 1641 Ἐν
2153 1589 2209 1641 δέ
2233 1592 2344 1652 τοῖς
2372 1590 2563 1659 μέρεσι
2597 1589 2697 1658 τῆς
2734 1588 2910 1656 πύλης
2966 1587 3064 1656 τῆς
3113 1587 3415 1655 λεγομένης

1847 1679 2055 1749 ὡραίας
2082 1679 2368 1746 φυλάττειν
2400 1678 2717 1748 ὼρίσθησαν
2746 1681 2795 1731 oi
2825 1678 3016 1731 ναῦται
3044 1679 3137 1730 καὶ
3182 1678 3230 1728 oi
3283 1676 3413 1728 ναύ-

1849 1772 2037 1841 κληροι
2060 1771 2153 1824 καὶ
2183 1771 2535 1840 κυϐερνῆται,
2572 1770 2670 1836 ob;
2722 1767 2927 1840 εἷχενή
2964 1768 3092 1831 ναῦς
3124 1770 3156 1838 ἡ
3217 1769 3279 1819 ἐκ
3317 1766 3415 1835 τῆς

1849 1865 2096 1934 Κρήτης.

1913 2037 1975 2093 δ’.
2014 2040 2103 2111 Τῷ
2144 2041 2200 2093 δέ
2255 2041 2493 2111 Γαϐριὴλ
2555 2039 2864 2110 Τρισιζάνῳ
2917 2036 2994 2107 τῷ
3046 2036 3153 2089 τῶν
3192 2035 3419 2088 Ἐνετῶν

1848 2132 2120 2200 τριήρεων
2155 2132 2469 2201 καπετανίῳ
2499 2134 2636 2200 μετὰ
2666 2131 2763 2183 καὶ
2797 2130 2998 2198 ἐτέρων
3046 2127 3256 2197 ἀνδρῶν
3290 2142 3420 2177 πεν-

1850 2222 2089 2290 τήκοντα
2123 2222 2279 2291 ἐδόθη
2309 2222 2598 2291 φυλάττειν
2642 2220 2801 2291 255
2832 2220 2921 2273 τὸν
2974 2220 3180 2287 πύργον
3224 2217 3315 2269 τὸν
3367 2220 3423 2268 ἐν

1854 2311 2003 2379 μέσῳ
2033 2312 2126 2364 τοῦ
2160 2313 2449 2382 ῥεύματος,
2480 2315 2569 2365 τὸν
2606 2314 2941 2381 φυλάσσοντα
2970 2310 3065 2378 τὴν
3093 2309 3295 2363 εἴσοδον
3324 2306 3422 2359 τοῦ

1850 2401 2086 2471 λιμένος,
2119 2404 2213 2455 καὶ
2238 2398 2305 2474 ἦν
2327 2402 2590 2471 ἀντικρὺς
2623 2402 2723 2470 τῆς
2750 2403 2925 2469 πύλης
2952 2401 3047 2469 τῆς
3080 2398 3365 2469 βασιλικῆς

1853 2493 1946 2544 καὶ
1971 2494 2031 2544 τὸ
2068 2493 2429 2561 ἐμπιστευθέν
2458 2492 2604 2561 αὐτῷ
2634 2493 2797 2561 μέρος
2853 2494 2926 2554 ὡς
2970 2491 3172 2558 ποιμὴν
3233 2490 3325 2541 καὶ
3363 2489 3423 2539 οὺ

1858 2584 2127 2653 μισθωτὸς
2150 2585 2329 2646 καλῶς
2354 2584 2640 2653 ἐφύλαττε.
2670 2586 2759 2653 Τῷ
2796 2584 2852 2636 δὲ
2913 2583 3180 2652 Ἀντωνίῳ
3216 2586 3288 2649 τῷ
3327 2598 3425 2633 κα-

1855 2676 2096 2745 πετανίῳ
2124 2675 2233 2728 τῶν
2266 2676 2581 2745 ἐμπορικῶν
2608 2676 2882 2745 τριήρεων
2940 2674 3092 2741 ἐδόθη
3133 2674 3425 2740 φαλάττειν

1854 2771 1951 2830 τὰς
1988 2771 2234 2839 τριήρεις
2259 2768 2423 2821 αὐτοῦ
2454 2769 2546 2821 καὶ
2572 2768 2669 2829 τὰς
2692 2769 2825 2835 νῆας
2866 2767 2961 2827 τὰς
2983 2766 3133 2827 ἐντὸς
3156 2767 3252 2832 τῆς
3295 2765 3427 2816 ἁλύ-

1857 2880 2015 2929 σεως,
2084 2862 2159 2924 ὼς
2198 2862 2411 2932 εἴρηται
2438 2877 2453 2892 ⁸
2506 2862 2559 2913 al
2592 2860 2645 2912 δέ
2689 2858 2815 2927 νῆες
2862 2860 3067 2911 ἐκεῖναι
3095 2859 3179 2909 διὰ
3207 2858 3262 2910 τέ
3290 2854 3433 2910 εἶναι

1856 2957 2025 3018 αὐτὰς
2056 2954 2238 3014 καλῶ;
2270 2952 2676 3022 ἡτοιμασμένοις
2702 2952 2779 3014 είς
2809 2950 3115 3020 παράταξιν
3168 2949 3426 3017 πολέμου,

1858 3051 1904 3101 οἱ
1932 3049 2080 3110 ὄντες
2107 3048 2307 3099 ἔσωθεν
2338 3044 2476 3113 μετὰ
2500 3044 2815 3111 σαλπίγγων
2859 3044 2951 3096 καὶ
2988 3043 3282 3110 τυμπάνων
3335 3042 3430 3093 καὶ

1859 3139 2049 3206 φωνῶν
2078 3138 2461 3207 ἀναριθμήτων
2491 3136 2587 3198 τὰς
2614 3138 2720 3189 τῶν
2755 3134 3011 3203 Τούρκων
3038 3136 3283 3205 τριήρεις
3331 3134 3429 3185 καὶ

185 3249 421 3316 μέρεσιν
443 3250 678 3319 ἔστησαν
707 3251 793 3304 διὰ
830 3252 890 3304 τὸ
925 3247 1064 3305 εἶναι
1110 3254 1200 3306 τὸν
1248 3254 1411 3307 τόπον
1452 3256 1754 3321 ἐπιτήδειον
1783 3272 1825 3329 C
1859 3234 1988 3300 ’θῆλῖ
2023 3231 2099 3293 εἷς
2131 3231 2310 3299 μάχην
2353 3229 2599 3289 ὲκάλουνν
2631 3228 2723 3280 καὶ
2750 3226 3135 3297 ἀίκρθδολισμοἰ
3183 3227 3241 3277 οὗ
3271 3225 3435 3277 δίέλε·

184 3344 328 3415 πρὸς
358 3342 417 3396 τὸ
446 3344 747 3414 πολιορκεῖν
770 3346 837 3399 τὰ
864 3344 1017 3415 τείχη
1046 3347 1139 3399 καὶ
1167 3346 1264 3415 τὴν
1297 3348 1450 3400 πόλιν
1477 3351 1569 3400 καὶ
1591 3349 1677 3401 διὰ
1704 3350 1762 3399 τὸ

184 3433 333 3488 εἶναι
354 3436 548 3489 καὶτὸν
568 3437 786 3505 άμηρᾶν
808 3436 1065 3499 ἀντικρὺς
1082 3437 1482 3507 ἐσκηνωμένον.
1502 3437 1763 3508 Θεοδώρῳ

189 3629 457 3673 strenuos
485 3620 811 3687 praesertim,
844 3619 1025 3674 facere
1060 3619 1261 3689 decet).
1292 3620 1527 3675 Manncli
1576 3620 1763 3690 Liguri

188 3720 350 3777 porta
384 3723 547 3763 aurea
567 3724 689 3777 qua!
719 3710 919 3763 dicitur
948 3726 1071 3766 cum
1101 3713 1407 3781 sagittariES
1436 3723 1489 3766 et
1521 3711 1766 3766 fundito-

190 3803 352 3856 ribus
387 3802 636 3857 duceutis
658 3804 1015 3857 custodienda
1042 3806 1235 3859 tradita
1290 3816 1394 3859 est.
1446 3805 1577 3861 Erat
1618 3806 1763 3859 enim

190 3895 327 3947 huic
399 3894 535 3963 parti
569 3896 811 3963 opposita
838 3894 1128 3964 helepolis,
1174 3906 1226 3950 et
1272 3897 1390 3966 ipsa
1441 3896 1762 3949 bubalorutu

190 3987 474 4052 boumque
532 3985 766 4053 pellibus
812 3986 1025 4048 induta,
1060 4002 1125 4042 ac
1180 3988 1319 4040 muri
1376 3986 1768 4056 quatiebantur

192 4080 492 4133 machinis.
549 4078 771 4141 Paulus,
836 4078 1112 4134 Antonius
1162 4090 1215 4134 et
1282 4080 1525 4144 Troilus,
1570 4079 1771 4133 fratres

194 4170 471 4240 germani,
519 4169 831 4241 Myriandro
870 4169 1113 4238 prmfecti
1169 4178 1319 4236 sunt,
1370 4170 1630 4241 quoniam
1693 4172 1766 4226 ibi

193 4278 420 4332 quoque
450 4263 581 4317 urbs
622 4262 841 4332 gravius
868 4260 1226 4318 laborabatet
1252 4264 1339 4317 die
1368 4272 1643 4334 noctuque
1699 4265 1769 4319 de

196 4358 503 4412 Turearum
526 4358 762 4412 exercitu
785 4355 992 4425 pedites
1046 4365 1102 4410 et
1160 4356 1377 4426 equites
1432 4364 1655 4411 strenue
1708 4370 1772 4410 ac

196 4444 418 4499 fortiter
442 4446 773 4515 pugnabant,
807 4444 1049 4511 adeoque
1082 4458 1245 4512 saepe,
1301 4444 1578 4501 moenibus
1639 4459 1773 4499 con-

196 4540 404 4605 cussis,
438 4540 490 4593 in
522 4540 710 4594 urbem
751 4548 1035 4608 penetrare
1054 4539 1371 4594 nitebantur
1401 4553 1573 4607 :quos
1592 4546 1770 4592 tamen

1869 3341 1968 3376 πον
1994 3323 2263 3392 ἁναμέσον
2304 3320 2480 3373 αὐτῶν
2521 3319 2644 3373 καθ’
2711 3318 2947 3386 ἑκάστην
2992 3319 3199 3387 ἡμέρχν
3228 3336 3240 3348 ·
3288 3317 3427 3384 πλὴν

1866 3418 1925 3468 οὐ
1961 3416 2171 3469 τελείαν
2200 3413 2516 3482 συμπλοκὴν
2540 3412 2776 3465 ἐποίουν.
2816 3413 2875 3465 Οί
2900 3412 2954 3464 δὲ
2979 3412 3155 3479 ἕτεροι
3185 3412 3425 3478 εὐγενεῖς

1868 3599 1914 3652 is
1936 3597 2085 3650 locus
2115 3594 2182 3647 ad
2212 3592 2577 3663 oppugnanda
2608 3592 2808 3645 mcenia
2834 3590 3094 3658 inprimis
3115 3589 3441 3643 commodus

1867 3698 1917 3742 et
1945 3686 2241 3741 tentorium
2266 3698 2462 3738 amerae
2485 3698 2516 3737 ο
2553 3682 2773 3749 regione
2799 3689 2937 3735 erat.
2990 3678 3283 3733 Theodoro
3335 3678 3441 3731 Ca-

1870 3783 2059 3852 rystio,
2122 3780 2240 3833 viro
2310 3777 2595 3839 bellicoso,
2658 3786 2711 3830 et
2735 3784 2987 3839 strenuo,
3050 3787 3114 3827 ac
3145 3771 3443 3841 sagittario

1869 3875 2027 3940 lange
2051 3871 2528 3934 exercitatissimo,
2566 3870 2693 3922 item
2726 3866 2923 3921 Joanni
2976 3865 3269 3929 Germano,
3329 3879 3444 3916 ma-

1871 3965 2158 4019 chinarum
2200 3962 2518 4015 bellicarum
2551 3958 2749 4012 artiiiei
2778 3959 2974 4025 perito,
3008 3956 3158 4024 regio
3215 3954 3447 4021 Calyga~

1874 4059 2078 4111 riorum
2109 4054 2450 4111 defendenda
2507 4060 2644 4107 erat.
2687 4049 3017 4117 Hieronymo
3066 4058 3120 4102 et
3157 4046 3444 4102 Leon-udo

1874 4150 2166 4220 Liguribus
2189 4156 2339 4216 porta
2372 4146 2668 4200 commissa
2696 4150 2797 4204 est.
2835 4157 2954 4213 qua:
2990 4155 3017 4193 a
3054 4141 3198 4206 ligno
3246 4152 3440 4190 nomen

1872 4245 2056 4299 habet.
2087 4240 2361 4297 Cardinali
2392 4237 2600 4293 Rossiat
2645 4236 2799 4306 regio
2850 4233 3138 4304 Cynegesii
3194 4232 3259 4284 ad
3321 4245 3448 4283 san-

1875 4345 2025 4392 etum
2064 4348 2240 4403 usque
2275 4330 2604 4386 Demetrium
2630 4327 2754 4383 data
2778 4335 2882 4381 est.
2917 4324 3144 4393 Magnus
3176 4322 3308 4387 dux,
3344 4321 3451 4374 Lu-

1874 4443 1966 4482 cas
1982 4424 2236 4489 Notaras,
2267 4420 2689 4494 regioneminde
2721 4432 2750 4471 a
2777 4417 2962 4471 Pettio
2993 4429 3166 4484 usque
3198 4414 3264 4466 ad
3318 4427 3450 4482 por-

1878 4528 1987 4573 tam
2016 4524 2219 4573 sanctaa
2249 4512 2570 4568 Theodosiae
2597 4508 2831 4578 accepit.
2853 4508 2929 4559 Ad
2958 4517 3194 4575 portam,
3233 4504 3320 4557 cui
3354 4520 3451 4587 nu-

201 4632 348 4687 male
381 4633 715 4703 excipientes
746 4633 940 4700 nostri,
969 4636 1169 4688 οωδθηι
1200 4633 1255 4686 in
1277 4646 1371 4687 eos
1396 4645 1505 4684 ηοη
1564 4627 1772 4683 medio-
1804 4613 1848 4667 D
1880 4627 2000 4667 men
2036 4594 2280 4681 puichra:
2297 4614 2403 4672 est,
2436 4615 2637 4669 nautae,
2670 4601 2914 4657 naucleri
2944 4610 2998 4653 et
3054 4599 3449 4667 gubernatores

199 4742 354 4781 crem
386 4714 617 4779 edebant
644 4733 697 4780 et
720 4726 896 4781 scalas
924 4740 1117 4781 eorum
1152 4723 1347 4793 partim
1387 4722 1537 4776 intro
1588 4720 1777 4775 trahe-

205 4823 362 4881 baut,
398 4817 591 4884 partim
637 4814 1022 4885 dim-ingebant
1068 4832 1083 4868 :
1147 4820 1533 4880 merentnrque
1580 4810 1779 4864 borum

202 4912 451 4964 virorum
476 4909 776 4963 certamina
798 4917 852 4963 et
876 4923 963 4962 res
987 4915 1153 4976 gesta:
1184 4913 1445 4960 aeternam
1484 4902 1627 4972 apud
1685 4915 1781 4969 po-

205 5013 397 5057 steros
434 5001 782 5055 memoriam.
837 5000 1145 5069 TheOphilo
1195 4995 1522 5065 Palaeologo.
1566 4991 1779 5048 homini

204 5093 514 5150 lit:erarum
544 5105 597 5147 et
618 5093 798 5149 omnis
822 5092 1022 5148 Gra'cze
1044 5090 1379 5147 eruditionis
1404 5097 1456 5143 et
1478 5088 1780 5141 mathema-

206 5189 334 5242 tica:
360 5184 713 5255 peritissimo,
753 5186 1002 5240 custodia
1037 5198 1206 5254 prope
1243 5192 1475 5253 portam,
1508 5194 1630 5248 quze
1684 5175 1782 5230 Se-

206 5278 389 5350 lybria
412 5278 632 5341 dicitur,
664 5278 863 5331 tradita
891 5286 993 5331 est.
1020 5274 1217 5330 Joanni
1278 5260 1614 5334 Justiuiann,
1657 5266 1784 5322 (luci

212 5386 436 5426 summo
464 5379 517 5423 et
553 5371 863 5438 ubicunque
903 5377 1028 5437 apto
1055 5375 1109 5420 et
1164 5366 1383 5429 idoneo,
1417 5361 1504 5415 cui
1553 5362 1785 5430 impera-

216 5473 305 5517 tor
332 5473 551 5532 propter
595 5476 920 5531 generosum
971 5459 1235 5523 animum,
1301 5454 1671 5510 fortitudinem
1731 5460 1786 5506 et

214 5555 506 5611 audaciam
528 5554 822 5624 plurimum
850 5552 1177 5615 confidebat,
1211 5548 1321 5602 dnli
1348 5556 1476 5602 sunt
1528 5545 1791 5613 quadrin-

213 5664 246 5720 ς
287 5650 360 5700 uti
397 5651 591 5701 milites
621 5647 741 5700 Itali
771 5653 826 5700 et
859 5644 1116 5709 Romani,
1147 5643 1473 5711 quibuscum
1502 5638 1783 5706 regionem

215 5762 243 5797 ε
272 5749 281 5793 ξ
314 5754 522 5809 putaui
572 5737 745 5792 Sancti
805 5735 1037 5789 Romani
1081 5733 1413 5793 defensaret,
1463 5729 1552 5781 ubi
1600 5726 1792 5780 Tureze

217 5836 430 5897 acrius,
463 5846 623 5900 quam
649 5831 701 5883 in
733 5828 960 5892 reliquis
1011 5825 1169 5885 locis,
1230 5821 1548 5891 pugnabant
1577 5827 1789 5871 statue-

219 5948 280 5983 nt
327 5939 451 5995 tque
477 5938 727 5994 magnam
760 5921 907 5975 illam
942 5916 1252 5987 ltclepulim,
1306 5922 1586 5982 propterea
1648 5908 1792 5977 quod

1882 4703 2055 4765 navis,
2086 4717 2205 4771 qua:
2230 4715 2261 4754 e
2294 4700 2453 4754 Creta
2475 4704 2720 4760 venerat,
2754 4693 3034 4747 constituti
3057 4698 3233 4744 erant.

1963 4795 2017 4849 4.
2068 4790 2308 4846 Gabrieli
2366 4789 2689 4849 Tribizauo,
2750 4782 3077 4839 Venetarum
3134 4778 3444 4833 triremium

1886 4889 2165 4959 pneiecto,
2191 4894 2245 4939 et
2276 4883 2403 4938 aliis
2427 4878 2825 4950 quinquaginta
2867 4875 3000 4929 viris
3038 4873 3105 4927 ad
3140 4870 3446 4927 custodiam

1884 4982 2165 5049 assignata
2200 4986 2284 5032 est
2344 4975 2510 5029 turris
2547 4974 2601 5025 in
2660 4970 2841 5025 medio
2892 4967 3085 5030 ﬂuctu,
3137 4980 3166 5018 ο
3220 4963 3443 5031 regions:

1890 5082 2061 5143 porta:
2098 5069 2279 5140 regiae,
2316 5068 2444 5129 sita,
2496 5078 2617 5132 qua:
2689 5061 2895 5115 aditum
2953 5067 3138 5127 portus
3192 5052 3454 5109 tucturJ‘s

1887 5163 2147 5219 creditam
2176 5160 2277 5213 sibi
2311 5165 2515 5227 partem
2551 5165 2607 5206 ut
2632 5160 2955 5221 pastor,non
2982 5161 3031 5202 ut
3056 5144 3454 5208 mercenarius,

1891 5258 2181 5324 diligenter
2210 5246 2788 5311 servabat.Antonius,
2853 5242 3303 5297 mercator-iamut
3358 5256 3458 5291 na-

1891 5352 2038 5406 vium
2072 5346 2380 5418 przefectus,
2398 5342 2703 5397 triremium
2730 5352 2958 5391 suarum
2989 5344 3041 5388 ct
3068 5333 3309 5397 navium,
3336 5346 3458 5399 qua:

1893 5444 2033 5496 intra
2051 5446 2297 5493 catenam
2320 5435 2624 5490 constitutae
2645 5440 2816 5495 erant,
2844 5429 3066 5483 tutelam
3086 5424 3320 5493 accepit:
3341 5437 3462 5493 quae

1894 5548 2065 5589 naves
2091 5530 2353 5600 quoniam
2384 5528 2448 5581 ad
2481 5524 2795 5579 conﬂictum
2816 5525 2952 5575 bene
2976 5520 3257 5574 instructa:
3275 5525 3460 5581 erant,

1895 5629 1954 5693 ii,
1995 5626 2087 5695 qui
2117 5626 2263 5678 intus
2295 5628 2471 5683 erant,
2507 5620 2785 5675 tubarum,
2810 5625 3221 5684 tympanorum,
3248 5607 3461 5661 clamo-

1897 5735 2015 5775 rum
2045 5716 2274 5785 strepitu
2301 5711 2571 5781 frequenti
2624 5708 2928 5761 Turcarutn
2984 5716 3151 5756 naves
3191 5709 3247 5755 et
3300 5700 3461 5753 trire-

1898 5830 2011 5867 mes
2040 5812 2103 5864 ad
2149 5817 2422 5863 certamen
2448 5802 2840 5874 provocabunt,
2878 5808 2931 5852 et
2961 5794 3157 5867 iaculis
3217 5791 3462 5861 quotidie

1898 5896 2412 5963 diudcnn:cs,justa
2446 5906 2622 5947 tamen
2662 5906 2839 5961 pugna
2887 5903 2993 5945 non
3036 5880 3459 5942 concurrebant.
