4134 6452
136 487 248 549 853

1142 472 1584 540 CHRONiCON
1628 470 1895 532 MAJUS.
1940 495 2007 504 -
2050 467 2198 529 LIB.
2243 464 2361 526 Ill.

3265 452 3370 516 εδι

135 601 396 667 ἐποίησαν
422 596 471 649 εἰ
498 596 573 666 μὴ
598 597 726 665 μίαν
776 593 886 648 τῶν
946 593 1219 661 τριήρεων
1285 589 1692 660 ἐπυρπόλησαν.
1730 588 1774 645 Α
1807 582 1947 651 μετά
1996 578 2360 647 σοϐαρότητος
2412 574 2504 628 καὶ
2556 571 2840 667 ἀγερώχου
2870 568 3098 667 χνὼμης
3158 565 3370 667 simitu-

136 693 248 746 Kal
294 690 355 745 τὸ
397 692 457 744 ἐν
517 690 583 757 τῇ
626 687 842 759 γεφύρᾳ
889 685 1000 761 πῦρ
1048 683 1252 755 πλῆθος
1297 686 1405 736 τῶν
1443 681 1703 748 Τούρκων

1816 691 1835 723 ι
1871 673 1952 725 Τὰ
1985 672 2086 724 ὅσα
2112 670 2269 724 αὐτοὶ
2294 669 2392 721 οὐκ
2418 666 2757 738 ἐδυνήθησαν
2796 664 2929 732 ἡμῖν
2965 661 3215 729 ποιῆσαι.
3262 656 3376 723 ἐγὼ

136 781 436 852 δραμόντες
489 751 897 847 ἐναπέσϐησαν.
948 751 1085 839 ’ἑοὺς
1258 777 1411 838 νέους
1460 773 1706 834 ἐκείνους
1810 763 2244 831 ἀνταμείψομαι,
2276 778 2295 812 ³
2334 759 2432 813 καὶ
2460 759 2668 852 ᾇνωξεγ
2707 756 2873 852 ἓν.
3078 752 3173 806 τοῦ
3211 751 3371 852 ἀῖίου

134 875 267 937 τοὺς
320 870 670 939 θαυμαστοὺς
710 870 809 923 καὶ
859 868 1099 939 ὡραίους
1151 869 1178 921 ὀ
1229 866 1433 935 ἀσεϐὴς
1483 866 1710 935 ἀμηρᾶς

1812 854 2093 921 Θεοδώρου
2132 853 2307 923 πέραν
2343 853 2401 904 ἐν
2428 851 2504 919 τῷ
2563 850 2777 919 Γαλατᾷ
2806 846 3076 906 ἐλεϐόλεις
3133 842 3374 911 μεγάλας

137 932 447 1035 προστάξας
509 963 589 1031 τῷ
637 932 781 1034 πρωῒ
812 932 1021 1022 πάντας
1074 960 1306 1031 οἰκτρῶς
1366 932 1709 1012 ἐθανάτωσεν
1814 948 2040 1015 στήσας.
2069 946 2158 999 ἵνα
2186 944 2287 1035 τάξ
2313 942 2615 1035 λήμετέρσιε
2643 941 2782 1035 Viles
2812 940 2910 1003 τὰς
2970 939 3030 1035 ἔγ
3067 937 3134 1004 τῇ
3170 932 3376 1035 ἐίσόδῳ

135 1025 295 1126 ἡμῶν
322 1025 573 1126 ὁρώντων
610 1025 804 1116 αὐτούς
830 1069 848 1086 ο
898 1053 993 1106 καὶ
1020 1025 1216 1121 θρῆνος
1262 1050 1507 1118 ἐγεγόνει
1557 1051 1615 1102 ὲν
1645 1051 1709 1119 τῇ
1814 1037 1909 1091 τοῦ
1942 1036 2162 1106 λιμένος
2198 1033 2394 1104 βυθίση
2424 1032 2521 1085 καὶ
2561 1030 2686 1085 ὅθεν
2716 1027 2858 1126 ἦσαν
2900 1027 3117 1126 Δἰιιοιησῃ
3160 1025 3379 1126 ἀναχωο

138 1150 294 1202 πόλει
329 1148 464 1217 ὑπὲρ
486 1146 665 1200 αὐτῶν
697 1145 1030 1215 ἀμέτρητος.
1073 1144 1134 1198 Ὀ
1164 1143 1221 1196 δέ
1254 1142 1511 1212 βασιλεὺς
1538 1141 1714 1211 λυπη-

140 1242 259 1302 θεὶς
287 1240 378 1295 καὶ
407 1240 567 1302 αὐτὸς
602 1238 937 1309 προσέταξεν
970 1237 1059 1292 ἵνα
1085 1235 1291 1290 ἄνωθεν
1316 1236 1438 1287 ’τῶν
1487 1234 1714 1304 πύργων

140 1332 425 1385 κὺκλωθεν
455 1332 584 1394 τοὺς
635 1330 1017 1400 αἰχμαλώτους
1056 1328 1332 1399 Τούρκους
1388 1326 1714 1380 θανατώσω-

143 1442 231 1477 σιν
253 1438 266 1450 ·
298 1419 438 1493 ἦσαν
468 1425 576 1493 γὰρ
606 1424 705 1491 τὸν,
727 1421 962 1492 ἀριθμὸν
1018 1423 1068 1475 οἰ
1104 1420 1483 1489 ἀναιρεθέντες
1528 1420 1714 1472 διακό-

143 1532 254 1567 σιοι
276 1513 557 1582 ἐξήκοντα.
593 1513 704 1568 Καὶ
727 1514 816 1568 διὰ
843 1513 1019 1568 ταῦτα
1065 1509 1160 1567 οῦν
1193 1512 1468 1566 σκάνδαλα
1518 1512 1718 1580 ἀνεφύ-

140 1624 306 1673 ησαν,
338 1606 431 1660 καὶ
464 1606 654 1669 στάσις
686 1607 900 1676 μεγάλη
952 1607 1201 1676 ἐγεγόνει
1233 1606 1550 1676 ἀναμεταξὺ
1606 1604 1715 1657 τῶν

156 1698 387 1751 Ἑνετῶν
408 1700 501 1753 καὶ
532 1699 837 1770 Διγουρίων
865 1716 880 1732 ο
929 1699 1117 1768 ελεγον
1170 1700 1279 1768 γὰρ
1333 1701 1383 1752 οἰ
1429 1697 1716 1767 Λιγούριοι

143 1792 244 1844 καὶ¹
273 1789 684 1860 διισχυρίζόντο»
704 1797 800 1845 τοῦ
827 1787 968 1846 εῖναι
998 1792 1194 1853 αὐτοὺς
1219 1790 1648 1861 ἐμπειροτάτους
1681 1789 1714 1856 ἢ

144 1882 281 1946 τοὺς
313 1881 560 1945 Ἐνετοὺς
590 1884 649 1935 ἐν
679 1883 842 1936 παντὶ
872 1883 1181 1954 πράγματι,
1213 1884 1308 1936 καὶ
1356 1882 1426 1935 δι’
1458 1880 1718 1951 ἀπειρίαν

148 1974 229 2044 μὴ
252 1974 445 2027 εἰδέναι
466 1975 558 2028 τὸν
583 1976 759 2030 Κὸκον
798 1976 1061 2032 Ἰάκωϐον
1085 1975 1121 2030 ἃ.
1142 1977 1338 2040 ἐποίει,
1366 1974 1491 2028 οὔτε
1521 1976 1724 2036 ἐκεῖνος

145 2063 276 2118 οὔτε
305 2066 354 2119 οί
380 2066 558 2119 λοιποὶ
588 2067 700 2119 τῶν
740 2067 973 2122 Ἐνετῶν
1011 2067 1046 2122 ά
1073 2067 1473 2136 ἐπιχειρίζοντο
1498 2082 1511 2096 ο
1544 2066 1613 2119 δι’
1656 2064 1725 2134 ἣν

148 2156 339 2209 αἰτίαν
374 2156 499 2221 τοὺς
543 2157 957 2227 τεσσαράκοντα
1010 2159 1253 2220 ἐκείνους
1303 2158 1457 2220 νέους
1514 2156 1725 2211 ἀπώλε-

152 2265 281 2313 σαν,
321 2248 391 2301 δι⁹
413 2248 506 2312 οὓς
534 2249 786 2314 τοσοῦτος
815 2246 997 2315 οἶκτος
1029 2250 1268 2319 ἐγένετο,
1295 2250 1387 2303 καὶ
1434 2250 1531 2311 τὰς
1570 2249 1727 2322 τριή-

153 2354 275 2403 ρεις
296 2339 389 2390 καὶ
420 2337 519 2408 τὴν
545 2339 792 2407 γέφυραν
829 2341 929 2403 τὰς
962 2342 1016 2393 ἐν
1043 2340 1120 2408 τῷ
1141 2341 1322 2410 λιμένι
1357 2341 1456 2403 οὐκ
1487 2340 1729 2409 ἐπυρπό-

150 2426 349 2495 λησαν.
390 2426 475 2491 Ὠς
503 2425 596 2482 οῦν
620 2430 852 2498 ἤκουσεν
880 2434 912 2489 ἁ
935 2431 1187 2501 βασιλεὺς
1212 2433 1283 2486 τά
1308 2432 1596 2501 γενόμενα,
1642 2432 1729 2483 ἐλ-

154 2519 274 2575 θὼν
323 2521 566 2595 ὡμίλησε
628 2527 741 2589 τοῖς
819 2526 1055 2591 Ἑνετοῑς
1118 2526 1210 2581 καὶ
1264 2527 1594 2597 Λιγουρὶοις,
1634 2527 1730 2581 καὶ

154 2613 502 2685 λυπούμενος
527 2615 644 2671 εἶπε
679 2634 694 2649 ⁸
731 2636 750 2671 ι
788 2621 1102 2690 Παρακαλῶ
1142 2622 1310 2691 ὑμᾶς,
1358 2622 1597 2690 ἀδελφοὶ,
1654 2624 1731 2674 εἰ-

162 2706 446 2774 ρηνεύετε.
487 2709 597 2763 Καὶ
632 2712 795 2779 ἀρκεῖ
837 2712 967 2780 ὑμῖν
1001 2715 1030 2765 ὀ
1060 2712 1259 2776 ἐξωυεν
1310 2713 1543 2779 πόλεμος
1568 2731 1584 2747 ο
1637 2714 1731 2766 καὶ⁵

162 2797 242 2865 μὴ
280 2798 777 2870 ἀναμεταξὺλὺμῶν
827 2803 1063 2873 μάχεσθε
1104 2804 1195 2858 διὰ
1224 2806 1352 2867 τοὺς
1410 2807 1733 2875 οἰκτιρμοὺς

147 2887 263 2940 τοῦ
291 2889 447 2945 Θεοῦ.
485 2909 504 2942 ι
536 2892 647 2945 Καὶ
687 2894 822 2948 ἀλλα
852 2895 1021 2948 πολλά
1066 2896 1459 2967 δημηγορήσας
1518 2900 1732 2968 εἰρηνο-

163 2978 399 3050 ποίησεν
421 2983 637 3047 αὐτούς.

239 3161 403 3232 259
451 3163 509 3217 Ὁ
544 3165 599 3218 δὲ
646 3167 883 3237 ἀμηρᾶςν
912 3168 1037 3221 ἰδὼν
1084 3169 1368 3237 γεγονέναι
1414 3171 1475 3223 τὸ
1534 3173 1741 3241 ἡμέτε-

168 3269 268 3319 ρον
296 3252 457 3321 ἔργον
486 3256 568 3317 είς
595 3257 747 3310 οὐδὲν
772 3260 1047 3329 χρήσιμον
1079 3261 1223 3313 κατὰ
1270 3262 1378 3314 τῶν
1438 3264 1733 3332 τριήρεων,
1767 3278 1813 3339 c

165 3342 307 3394 ἀλλὰ
335 3343 541 3410 μᾶλλον
571 3349 667 3401 καὶ
690 3349 973 3419 ἐζημιώθη
986 3367 1103 3417 μεν,
1143 3353 1451 3423 περιχαρὴς
1490 3352 1733 3419 γεγονὼς

163 3534 334 3587 quam
365 3521 511 3577 aliud
550 3526 939 3592 praestiterunt,
972 3526 1075 3582 niSI
1106 3528 1249 3594 quod
1274 3542 1434 3581 unam
1479 3526 1735 3581 combus-

166 3614 677 3670 serunttriremem.
714 3617 896 3686 lgnem
928 3618 1070 3671 enim
1101 3619 1249 3686 ponti
1289 3619 1548 3686 injectum
1588 3615 1731 3670 Tur-

164 3720 358 3759 carum
383 3707 536 3761 turba
567 3708 853 3763 confestim
876 3710 1152 3764 exstinxit.
1191 3708 1426 3765 Juvenes
1446 3710 1563 3763 illos
1583 3724 1738 3779 egre-

165 3798 291 3867 gios
324 3808 379 3852 et
412 3797 680 3856 formosos
710 3802 911 3870 impius
972 3817 1186 3856 ameras
1234 3802 1299 3855 ad
1336 3817 1500 3854 unum
1544 3815 1735 3855 omnes

166 3898 393 3958 postero
422 3907 578 3946 mane
639 3892 692 3945 in
741 3902 1037 3962 conspectu
1092 3904 1280 3948 nostro
1342 3893 1736 3947 miserabiliter

167 3986 642 4056 trucidarijussit.
676 3986 877 4043 Luctus
923 3987 1049 4041 hinc
1105 3988 1160 4041 in
1202 3987 1335 4042 urbe
1378 3986 1569 4054 ingens
1611 3984 1735 4049 fuit,

167 4086 435 4147 tantaque
460 4088 580 4133 erat
609 4079 955 4149 imperatoris
983 4080 1260 4145 maestitia,
1284 4078 1472 4148 utipse
1492 4078 1734 4132 vicissim

168 4171 420 4239 captivos
472 4170 677 4226 Turcas
728 4171 783 4225 in
871 4170 1109 4225 turribus
1146 4170 1503 4225 circumcirca
1557 4170 1735 4224 occidi

165 4264 405 4332 juberet,
438 4277 664 4317 numero
692 4262 955 4318 ducentos
977 4262 1284 4330 sexaginta.
1338 4259 1487 4315 Orta:
1513 4267 1643 4316 sunt
1669 4276 1734 4315 ex

173 4357 280 4407 hac
303 4368 359 4407 re
386 4356 575 4417 turbae,
610 4368 675 4409 ac
701 4367 894 4423 magna
930 4352 1158 4407 emersit
1203 4350 1345 4405 inter
1396 4350 1637 4405 Venetos
1683 4359 1740 4404 et

170 4444 406 4514 Ligures
438 4446 655 4501 seditio.
695 4445 957 4502 Dicebant
983 4445 1128 4501 enim
1171 4453 1226 4499 et
1284 4442 1627 4498 aﬂirmabant
1653 4443 1745 4496 Li-

168 4553 361 4606 gures,
381 4553 440 4593 se
470 4538 617 4592 omni
669 4539 722 4593 in
749 4553 809 4592 re
860 4536 1086 4593 Venetis
1140 4536 1428 4606 peritiores
1484 4550 1630 4601 esse,
1689 4543 1743 4589 et

1819 1130 2010 1200 ρῆσαι.
2045 1130 2153 1182 Καὶ
2185 1127 2362 1183 ταῦτα
2423 1127 2522 1195 μέν
2573 1125 2748 1179 ἐποίει
2802 1123 2921 1191 οὐχὶ
2971 1116 3128 1192 μόνον
3166 1119 3253 1172 διὰ
3285 1116 3384 1187 τὴν

1817 1218 2023 1270 εῐσοδον
2060 1216 2157 1269 τοῦ
2190 1218 2439 1286 λιμένος,
2468 1215 2583 1269 ἀλλ’
2614 1214 2703 1267 ἵνα
2757 1214 2855 1267 καὶ
2883 1211 2981 1270 τὰς
3041 1211 3149 1263 τῶν
3188 1210 3388 1276 Λιγου-

1822 1309 1961 1379 ρέων
1992 1307 2134 1377 νῆας
2158 1306 2589 1377 ἀνταμείψηται,
2623 1307 2775 1365 ὅπως
2826 1301 2981 1373 δείξῃ
3008 1303 3141 1371 ἡμῖν
3171 1301 3253 1352 ὃτι
3276 1362 3283 1370 ,
3305 1301 3384 1360 εἰς

1818 1402 1887 1455 τὰ
1928 1402 2107 1455 πάντα
2166 1400 2393 1453 δύναται
2444 1400 2541 1453 καὶ
2593 1397 2853 1467 ἀγχίνους
2897 1397 2994 1448 καὶ
3046 1391 3386 1477 πολύτροπὸἑ

1819 1499 1992 1550 ἐστιν.
2040 1494 2270 1557 ’ἰδόντες
2302 1492 2362 1545 δὲ
2418 1492 2468 1544 οί
2519 1491 2578 1545 ἐν
2628 1488 2706 1559 τῷ
2737 1488 2956 1559 Γαλατᾷ
2993 1488 3074 1540 ὃτι
3105 1486 3205 1548 τὰς
3251 1483 3389 1552 νῆας

1820 1587 2072 1640 ἐϐούλετο
2101 1586 2404 1657 ζημιῶσαι,
2432 1582 2795 1653 συναχθέντες
2821 1576 2975 1633 εἷπον
3006 1579 3153 1649 αὑτῷ
3173 1594 3189 1609 ’
3231 1596 3248 1628 ι
3276 1576 3391 1629 Οὐκ

1821 1677 1941 1730 ἔστι
1967 1678 2181 1731 δίκαιον
2208 1679 2295 1730 ὅτι
2321 1675 2421 1737 τὰς
2454 1674 2564 1727 τῶν
2604 1672 2919 1742 Λιγουρέων
2952 1669 3048 1722 καὶ
3098 1668 3257 1737 ἡμῶν
3296 1667 3391 1734 ἐμ-

1823 1771 2061 1842 πορικὰς
2093 1770 2228 1839 νῆας
2281 1763 2581 1837 ζημιῶσαι,
2612 1766 2756 1833 φίλοι
2806 1764 2979 1825 ὅντες.
3019 1784 3038 1814 ο
3081 1759 3140 1814 '0
3174 1760 3229 1812 δὲ
3263 1761 3392 1810 am.

1824 1861 2041 1934 κριθεὶς
2068 1856 2221 1913 εἶπεν
2262 1860 2479 1922 αὐτοῖς·
2521 1877 2540 1911 ι
2593 1852 2763 1912 Ᾱῦται
2813 1856 2870 1910 αἱ
2921 1856 3047 1922 νῆες
3091 1852 3194 1906 οῦκ
3252 1851 3390 1903 εἰσιν

1755 1925 1797 1979 Β
1828 1925 2156 2026 ἐμπορικαὶ,
2188 1952 2327 2005 ἀλλὰ
2360 1950 2558 2023 λῃσταὶ
2594 1949 2900 2010 θαλάττιοι,
2956 1947 3052 2002 καὶ
3097 1945 3257 2015 χάριν
3298 1946 3395 2011 ἐμ-

1827 2045 2190 2118 πορείαςούκ
2230 2041 2395 2115 ἦλθον
2432 2043 2688 2105 ἐνταῦθα,
2715 2041 2829 2094 ἀλλ’
2866 2031 2954 2093 ἵνα
3011 2040 3104 2092 τὸν
3171 2036 3395 2109 βασιλέα

1826 2141 1915 2193 τὸν
1939 2138 2099 2208 ἡμῶν
2120 2135 2316 2208 ἐχθρὸν
2343 2135 2710 2206 βοηθήσωσιν.
2752 2132 2892 2200 Ἐγὼ
2910 2131 2967 2185 δέ
2995 2130 3070 2194 ὡς
3094 2130 3396 2200 προφανεῖς

1828 2230 2081 2300 ἐχθροὺς,
2116 2231 2165 2282 εἰ
2222 2228 2476 2292 δυνατὸν,
2539 2226 2684 2280 θέλω
2738 2221 3066 2278 παιδεῦσαι·
3128 2223 3286 2290 ὑμεῖς
3340 2219 3396 2272 δὲ

1827 2322 2106 2375 ἀπέλθατε
2135 2321 2258 2391 μετ’
2292 2322 2520 2392 εἰρήνης
2553 2320 2627 2383 ὡς
2674 2318 2841 2388 φίλοι.
2880 2335 2899 2368 ι
2944 2314 3145 2372 Λοιπὸν
3174 2312 3269 2366 τοῦ
3305 2312 3397 2377 ἐρ-

1828 2432 1927 2482 γου
1961 2414 2263 2484 ἁψάμενος,
2296 2417 2391 2468 καὶ
2434 2409 2503 2485 ἦν
2541 2415 2670 2467 ἰδεῖν
2705 2414 2936 2482 σημεῖον
2970 2412 3052 2463 ὅτι
3084 2411 3151 2478 τῇ
3203 2404 3399 2477 πρώτῃ

1830 2502 2067 2564 ἐλεϐὀλει
2172 2512 2200 2562 ὁ
2227 2508 2480 2579 τεχνίτης
2515 2507 2574 2560 τὸ
2604 2506 2718 2572 πῦρ
2773 2503 3000 2559 ἐνέϐαλε
3035 2502 3133 2573 τὴν
3168 2501 3269 2569 νῆα
3298 2494 3411 2569 τὴν

1831 2604 1941 2657 τῶν
1971 2600 2467 2672 ἄλλωνᾟρχουσαν
2515 2597 2790 2654 ἐϐύθισεν.
2823 2597 2889 2649 Al.
2944 2595 3003 2649 δὲ
3032 2594 3220 2648 λοιπαὶ
3256 2590 3397 2644 ἰδοῦ-

1836 2712 1928 2747 σαι
1958 2693 2047 2746 τὸν
2074 2693 2324 2746 κίνδυνον
2356 2693 2449 2745 καὶ
2473 2691 2731 2745 θέλουσαι
2762 2690 2977 2758 φυγῶν,
3020 2687 3113 2740 ἐπὶ
3144 2685 3203 2738 τὸ
3238 2684 3412 2754 260

1838 2790 2003 2857 μέρος
2044 2787 2205 2840 πλέον
2235 2785 2583 2839 τοῦνΓαλατᾶ
2612 2784 2799 2852 ὀλίγον
2834 2781 3088 2836 ἐλθοῦσαι
3133 2780 3233 2849 τὴν
3277 2778 3400 2829 στά-

1838 2896 1921 2931 σιν
1975 2878 2263 2947 ἐποίησαν,
2322 2878 2470 2939 ὅπως
2527 2876 2616 2928 διὰ
2671 2875 2782 2928 τῶν
2832 2873 3185 2944 ὑψηλοτάτων
3234 2869 3398 2920 οἴκων

1838 2973 2173 3026 σκέπωνται·
2234 2970 2396 3032 αὐτὸς
2448 2969 2504 3022 δὲ
2557 2969 2634 3037 μὴ
2698 2968 3015 3038 φειδόμενος
3070 2965 3181 3017 τῶν
3228 2963 3398 3015 οἴκων

1838 3066 2066 3127 πολλοὺς
2098 3065 2388 3134 ἐχάλασεν,
2423 3064 2512 3116 ἴνα
2552 3062 2852 3122 ἀκωλύτως
2897 3061 2996 3121 τὰς
3050 3060 3186 3126 νῆας
3226 3057 3403 3127 μάχη-

1837 3172 1945 3207 ται.
1982 3156 2090 3207 Καὶ
2124 3151 2192 3224 ἦν
2255 3154 2536 3222 θαυμάσαι
2597 3154 2679 3206 ὅτι
2745 3151 2929 3205 πλεῖον
2987 3150 3020 3221 ἢ
3065 3149 3259 3202 ἑκατὸν
3308 3148 3401 3199 καὶ

1841 3248 2135 3316 τριάκοντα
2166 3246 2433 3306 ἐλεϐόλεις
2468 3244 2631 3315 ῥίψας
2663 3244 2818 3296 οὐδέν
2850 3261 2902 3296 τι
2934 3243 3100 3295 πλέον
3140 3242 3235 3298 τὰς
3269 3235 3405 3307 νῆας

1843 3337 2080 3405 ἔϐλαψεν
2123 3335 2249 3390 οῦτε
2317 3334 2605 3406 ἄνθρωπον
2664 3331 3026 3396 ἐθανάτωσεν,
3094 3330 3143 3383 εί
3196 3325 3271 3399 μὴ
3305 3341 3403 3392 γυ-

1841 3521 1989 3573 tione
2015 3518 2178 3582 dixit,
2237 3518 2513 3572 facturum
2573 3530 2633 3572 se
2696 3514 2875 3580 nobis,
2928 3529 3051 3582 quas
3108 3526 3208 3565 nos
3268 3508 3406 3577 ipsis

1843 3608 2018 3664 facere
2062 3624 2171 3663 non
2228 3609 2619 3677 potuissemus.
2675 3608 2861 3675 Itaque
2922 3605 2975 3659 in
3030 3604 3170 3659 colle
3230 3601 3403 3677 sancti

1843 3700 2109 3754 Theodori
2137 3707 2287 3754 trans
2320 3699 2500 3753 sinum
2535 3698 2677 3767 apud
2709 3697 2955 3769 Galatam
3023 3711 3249 3764 magnas
3312 3696 3406 3746 lic-

1843 3793 2041 3862 lepoles
2089 3792 2391 3857 collocavit,
2422 3801 2480 3845 ut
2529 3805 2693 3845 naves
2725 3800 2940 3846 nostras
2992 3789 3058 3844 ad
3124 3788 3403 3842 introitum

1842 3894 2032 3951 portus
2068 3883 2415 3946 constitutas,
2447 3882 2553 3936 nisi
2606 3881 2945 3943 recederent,
3005 3878 3403 3945 submergercl.

1844 3976 2017 4041 Atque
2046 3974 2149 4027 hoc
2187 3972 2421 4027 faciebat
2466 3987 2574 4025 non
2609 3973 2784 4026 solum
2842 3978 3061 4040 propter
3118 3970 3401 4022 introitqu

1845 4072 2052 4133 portus,
2085 4064 2176 4119 sed
2206 4064 2393 4127 etiam,
2425 4073 2481 4117 ut
2514 4062 2774 4133 Ligurum
2827 4063 3058 4129 navibus
3124 4057 3224 4130 par
3286 4060 3401 4112 red-

1847 4157 2017 4221 deret,
2053 4156 2317 4224 nobisqtte
2363 4154 2696 4219 ostenderet,
2725 4168 2781 4209 se
2811 4168 2971 4223 posse
3019 4152 3203 4205 omnia
3254 4158 3309 4204 et
3349 4152 3402 4203 in

1846 4248 2039 4318 primis
2070 4246 2323 4302 solertem
2369 4254 2421 4302 et
2452 4254 2733 4301 versutum
2766 4259 2904 4299 esse.
2930 4242 3153 4298 Galataei
3188 4257 3409 4297 cernen-

1850 4350 1951 4403 tes,
1980 4353 2215 4393 ameram
2244 4353 2406 4393 naves
2441 4336 2915 4407 pessumdaturum
2937 4349 3080 4400 esse,
3098 4333 3411 4404 frequentes

1848 4448 1970 4486 eum
2007 4430 2342 4486 comeniunt
2369 4438 2720 4498 monentque,
2748 4444 2961 4497 acquum
3014 4442 3122 4481 non
3170 4442 3312 4489 esse,
3346 4426 3412 4479 ab

1851 4523 1942 4587 iis,
1977 4523 2176 4593 quippe
2208 4521 2421 4587 amicis,
2456 4519 2712 4591 Ligurum
2742 4528 2795 4573 ct
2826 4534 2955 4574 suas
2974 4518 3109 4572 adeo
3140 4525 3411 4572 mercato-

170 4630 439 4685 Iacobum
503 4631 709 4685 Cocum
775 4645 842 4684 ex
905 4629 1177 4699 imperitia
1235 4628 1555 4692 nescivisse,
1606 4627 1738 4697 quid
1774 4614 1956 4688 Drias
1991 4630 2157 4670 “M95
2202 4614 2561 4684 Ροεευῐηάπῖ·
2618 4612 2688 4665 At
2757 4612 2845 4665 me
2897 4610 3224 4679 Γθεροηάίιε
3285 4607 3413 4662 (Ηίε

176 4722 407 4783 faceret,
436 4734 537 4774 nec
582 4721 926 4789 perspexisse
982 4719 1064 4774 vel
1125 4719 1304 4788 ipsum
1354 4718 1439 4775 vel
1491 4718 1735 4787 reliquos

181 4816 441 4878 Venetos,
494 4814 584 4883 qui
649 4813 963 4867 auderent:
1040 4811 1188 4866 unde
1244 4811 1604 4881 quadraginta
1658 4809 1739 4863 illi

172 4909 426 4976 iuvenes,
451 4913 671 4974 propter
696 4920 835 4974 quos
865 4914 1048 4959 tantus
1078 4904 1261 4957 luctus
1326 4910 1494 4967 esset,
1544 4902 1738 4970 periis-

170 5007 320 5062 sent,
352 5012 415 5053 ac
441 4998 688 5051 triremes
738 5007 794 5052 et
838 5011 975 5066 pons
1022 4996 1074 5049 in
1136 5005 1297 5064 portu
1353 5009 1459 5049 non
1506 4993 1742 5049 fuissent

172 5093 423 5146 incensa.
458 5087 582 5144 Hac
603 5088 694 5143 ubi
725 5087 931 5142 audivit
956 5087 1277 5155 imperator,
1318 5086 1453 5139 adiit
1504 5084 1740 5139 Venetos

172 5191 230 5235 et
263 5178 511 5248 Ligures,
548 5187 602 5232 et
628 5177 829 5233 atilicto
864 5177 1051 5230 animo
1086 5177 1160 5231 ita
1188 5190 1298 5242 eos
1316 5175 1589 5230 allocutus
1608 5182 1731 5229 est:

178 5292 196 5324 ι
240 5271 487 5326 Obsecro
514 5285 630 5331 vos,
661 5269 878 5334 fratres,
932 5283 1118 5338 pacem
1177 5268 1339 5322 colite
1369 5284 1382 5320 :
1417 5265 1616 5322 sufﬁcit
1647 5282 1741 5321 ex-

172 5377 390 5419 ternum
445 5363 669 5416 bellum.
722 5360 921 5426 Nolite,
974 5375 1073 5430 per
1133 5360 1560 5415 misericordiam
1623 5358 1741 5421 Dei,

175 5464 431 5512 mutuum
486 5455 681 5510 bellum
734 5468 1040 5509 exercere.»
1104 5452 1222 5505 Alia
1288 5451 1456 5505 multa
1515 5449 1744 5506 dicendo

170 5545 395 5601 hndem
449 5558 546 5600 eos
593 5544 823 5615 pacavit.

244 5721 474 5777 Ameras
497 5735 620 5775 cum
640 5730 878 5775 nostrum
896 5720 1156 5775 adversus
1179 5720 1429 5774 triremes
1454 5719 1732 5788 inceptum

170 5810 312 5864 nihil
361 5809 517 5865 nobis
544 5810 837 5875 commodi,
873 5810 983 5864 imo
1027 5810 1287 5864 damnum
1314 5807 1563 5862 attulisse
1595 5809 1743 5862 vide-

174 5911 283 5967 rct,
324 5901 519 5971 gaudio
549 5898 828 5958 exsultans
861 5917 964 5956 non
1009 5902 1126 5957 sine
1183 5901 1324 5955 fastu
1372 5910 1425 5955 et
1490 5900 1739 5969 indigna-

1848 4721 2012 4761 naves
2043 4714 2304 4760 nonsunt
2331 4705 2688 4767 mercatoria,
2718 4705 2808 4758 sed
2832 4705 3093 4773 piratica},
3142 4718 3244 4757 nec
3270 4718 3411 4755 nier-

1846 4805 2046 4851 catura:
2074 4797 2241 4865 gratia
2274 4796 2379 4850 huc
2410 4796 2771 4857 advenerunt,
2826 4796 2921 4850 sed
2990 4794 3405 4865 imperatorem,

1849 4886 2054 4942 hostem
2083 4895 2348 4948 nostrmn,
2380 4884 2663 4953 adjuturae.
2694 4884 2871 4948 Quare
2917 4890 2976 4937 ut
3000 4882 3185 4936 hostes
3234 4886 3408 4935 mani-

1849 4975 2037 5038 festos,
2059 4976 2101 5029 si
2137 4983 2345 5044 potero,
2363 4989 2458 5028 eos
2482 4973 2721 5043 puniam.
2744 4970 2872 5039 Vos,
2892 4982 2949 5025 ut
2981 4974 3165 5037 amici,
3188 4972 3348 5025 abite.
3382 4990 3401 5023 ι

1847 5067 2039 5137 Itaque
2069 5081 2209 5135 opus
2236 5080 2525 5136 aggressus
2555 5075 2659 5130 est,
2706 5073 2870 5135 atque
2900 5064 3116 5129 accidit,
3152 5072 3211 5116 ut
3238 5063 3408 5131 magi-

1850 5170 1961 5214 ster
2022 5159 2195 5227 prima
2242 5156 2497 5224 ltelepoli,
2559 5156 2647 5210 cui
2714 5157 2888 5226 ignem
2952 5154 3155 5224 injecit,
3218 5170 3408 5207 navem

1850 5251 2147 5321 principem
2170 5249 2527 5317 demergeret.
2552 5247 2792 5317 Reliquae
2816 5261 3006 5309 naves,
3026 5245 3409 5299 animadverso

1850 5344 2109 5417 periculo,
2134 5342 2257 5411 fuga
2283 5341 2514 5395 salutem
2538 5340 2854 5409 quaerebant
2877 5346 2933 5392 et
2991 5337 3237 5391 Galatam
3288 5352 3409 5389 ver-

1849 5452 1939 5491 sus
1987 5437 2147 5505 paulo
2227 5441 2494 5504 provecta
2570 5430 2950 5493 constiterunt,
3015 5436 3080 5483 ut
3132 5428 3411 5484 altissimis

1851 5530 2095 5585 aediliciis
2131 5536 2455 5599 tegerentur.
2489 5524 2667 5579 Atille
2692 5524 2827 5579 nihil
2866 5523 3105 5593 pepercit
3145 5520 3405 5586 aediﬁciis,

1850 5622 1943 5676 sed
1974 5635 2161 5675 eorum
2195 5620 2364 5673 multa
2389 5617 2576 5681 diruit,
2606 5630 2715 5685 quo
2774 5615 2944 5669 libere
3005 5627 3172 5668 naves
3234 5629 3414 5682 oppu-

1850 5712 2057 5784 gnar‘et.
2089 5710 2290 5766 Verum
2320 5709 2514 5763 mirum
2543 5708 2647 5762 boc
2686 5706 2906 5770 accidit,
2950 5714 3011 5761 ut
3076 5714 3297 5760 centum
3354 5713 3409 5758 et

1851 5806 2066 5875 triginta
2097 5802 2330 5873 amplius
2378 5799 2717 5869 ltelepolibus
2792 5813 2946 5860 usus.
3008 5796 3180 5851 nihilo
3235 5795 3439 5869 Inagis'

1852 5898 2078 5952 navibus
2105 5900 2342 5960 noceret,
2385 5908 2481 5949 nec
2517 5893 2789 5949 hominem
2834 5891 3003 5947 ullum
3048 5889 3433 5954 interﬂcerek
