4134 6452
153 438 254 501 857

1151 446 1595 509 CHRONICON
1639 448 1908 530 MAIUS.
1947 476 2012 487 -
2054 452 2197 513 LIB.
2237 454 2351 516 Ili.

3273 455 3380 518 8.58

153 569 237 604 ναι
265 551 452 615 αὑτὰς,
481 552 652 620 λέγων
680 555 761 608 ὅτι
813 557 908 610 καὶ
947 556 1004 608 ἐν
1058 553 1288 622 ἐκείνοις
1338 563 1451 624 τοῖς
1513 561 1706 631 μέρεσι
1736 563 1782 621 Α
1822 564 2053 626 Ἰταλίας
2081 566 2268 628 στόλος
2299 569 2377 629 είς
2424 566 2679 636 βοήθειαν
2731 564 2830 632 τῆς
2879 565 3089 629 πόλεως
3135 567 3374 636 ἔρχεται,

152 644 360 712 ἀνάγκη
395 640 462 715 ἧν
486 641 624 699 εἶναι
653 647 846 707 αὐτάς.
890 648 948 702 Ὀ
997 650 1053 703 δὲ
1085 649 1471 715 ’1ουστινιανὸς
1501 653 1718 705 ἀντέλε-

154 751 250 800 γεν
282 734 366 789 ὅτι
396 736 812 809 οὐδεμία-χρεία
857 735 926 810 ἦν
957 741 1225 805 έλεδὸλεις
1258 744 1532 806 τοσαύτας
1576 739 1716 798 εἶναι

151 826 210 878 ἑν
237 826 465 888 ἐκείνοις
509 831 626 891 τοῖς
681 831 876 900 μέρεσι
917 835 1031 896 τοῖς
1074 833 1332 903 ὑδρείοις.
1391 835 1490 888 Διὰ
1544 836 1716 889 ταῦτα

154 916 256 985 μὲν
284 918 377 974 οὖν
402 919 472 972 τὰ
501 919 654 974 αττια
682 917 847 992 ἦλθον
879 925 973 976 καὶ
999 926 1078 986 είς
1106 925 1300 992 λόγους
1333 928 1712 995 νεωτερικοὺς,

152 1010 246 1061 καὶ
275 1008 461 1081 ὕδρεις
492 1011 707 1083 ἐξέχεον
756 1015 1102 1086 ἑκατέρωθεν
1140 1019 1250 1070 τῶν
1310 1020 1595 1089 στομάτων
1634 1017 1714 1081 εἷς

151 1101 292 1154 κατὰ
320 1100 414 1156 τοῦ
446 1105 657 1174 ἑτέρου,
693 1108 784 1158 καὶ
820 1109 847 1159 6
900 1108 1277 1174 ’1ουστινιανδς
1332 1112 1421 1163 τὸν
1467 1110 1714 1181 Νοταρᾶν

148 1196 402 1264 ἀνωφελῆ
448 1199 544 1250 καὶ
573 1200 851 1270 ἀλάστορα
915 1203 1011 1254 καὶ
1061 1204 1256 1273 ἐχθρὸν
1300 1204 1409 1273 τῆς
1457 1205 1714 1275 πατρίδος

148 1287 432 1350 ἐκάλεσεν,
465 1289 625 1358 263
659 1291 822 1353 αὐτὸς
852 1292 907 1344 δὲ
942 1293 1110 1346 πάλιν
1155 1294 1319 1346 αὑτὸν
1371 1295 1429 1359 ἑξ
1463 1295 1714 1355 ἐναντίας

149 1376 369 1446 ὕϐρεσιν
403 1380 616 1449 ἑτέραις
645 1383 930 1438 ένέπλυνε.
974 1385 1244 1449 Ἀκούσας
1280 1387 1336 1438 δὲ
1383 1389 1411 1440 6
1452 1387 1711 1456 βασιλεὺς

142 1471 316 1522 ταῦτα
350 1473 690 1540 παραλαϐὼν
731 1477 1077 1539 αύτοὺςκατ*
1109 1477 1247 1531 ἰδίαν
1266 1479 1416 1546 λέγει
1441 1495 1456 1511 ο
1496 1498 1513 1530 ι
1538 1480 1716 1531 Ἀδελ-

145 1561 260 1624 (pol,
292 1561 388 1613 οὐκ
406 1562 521 1614 ἔστι
549 1564 740 1632 καιρὸς
760 1566 1036 1633 ἁναμέσον
1067 1567 1228 1634 ἡμῶν
1254 1567 1510 1629 τοιούτως
1539 1569 1713 1620 ποιεῖν

145 1652 240 1703 καὶ
268 1653 442 1719 λέγειν
479 1657 573 1708 καὶ
602 1656 896 1725 μάχεσθαι,
953 1658 1087 1710 ἀλλὰ
1137 1659 1400 1731 καὶηλτοῖς
1461 1657 1712 1726 μισοῦσιν

147 1743 293 1812 ἡμᾶς
323 1747 777 1816 συγχωρήσωμεν
809 1750 905 1801 καὶ
928 1748 1004 1818 τῷ
1039 1749 1158 1818 Θεῷ
1181 1749 1464 1818 δεηθῶμεν
1498 1751 1586 1803 ἵνα
1618 1749 1712 1800 λυ-

139 1835 444 1904 τρωθῶμεν
479 1839 544 1891 ὲκ
580 1838 675 1892 τοῦ
714 1841 1032 1909 προφανοῦς
1058 1843 1330 1909 στόματος
1377 1841 1470 1893 τοῦ
1513 1841 1708 1910 αἰσθη-

138 1927 236 1977 τοῦ
267 1928 455 1982 τούτου
481 1929 802 2000 δράκοντος.
844 1952 863 1985 s
924 1934 1034 1986 Καὶ
1069 1934 1294 2004 ἑτέρους
1329 1935 1431 1986 οὐκ
1488 1935 1706 2003 ὀλίγους

138 2018 333 2086 λόγους
391 2023 575 2084 αὐτοῖς
638 2023 809 2076 είπὼν
876 2026 1292 2096 είρηνοποίησεν
1345 2018 1562 2087 αὐτοὺς.
1611 2027 1707 2078 καὶ

147 2110 382 2173 ἕκαστος
412 2112 617 2165 τούτων
640 2115 704 2166 ὲν
748 2115 827 2183 τῷ
889 2116 1308 2185 ἐμπιστευθέντι
1364 2117 1512 2186 αύτῷ
1558 2115 1707 2185 τόπῳ

136 2204 538 2277 ἐπανέστρεψε,
569 2207 668 2271 τὴν
703 2209 1013 2277 ὑπηρεσίαν
1055 2211 1223 2262 αὑτοῦ
1261 2210 1578 2278 ἐκπληρῶν.
1646 2208 1705 2263 Ὁ

135 2295 195 2346 δὲ
234 2296 611 2358 Ἰουστινιανδς
662 2301 891 2371 φοϐερὸς
922 2304 1095 2374 ἐφάνη
1125 2306 1239 2366 τοῖς
1306 2304 1570 2361 ἐναντίοις
1611 2303 1706 2354 καὶ

137 2388 383 2454 μάλιστα
410 2392 468 2441 ὲν
514 2391 753 2453 ἐκείναις
778 2395 898 2454 ταῖς
930 2395 1164 2464 ἡμέραις
1193 2396 1251 2447 ὲν
1298 2394 1377 2461 τῷ
1405 2395 1588 2459 λέγειν
1614 2394 1706 2447 καὶ

135 2481 456 2550 δινιρθώνειν
495 2487 588 2539 καὶ
639 2485 925 2554 πράττειν,
970 2489 1066 2540 καὶ
1120 2487 1558 2556 ἀκροϐολισμοὺς
1613 2485 1706 2540 καὶ

137 2569 437 2641 συῤῥήξεις
468 2573 592 2624 καθ’
630 2575 872 2644 ἑκάστην
933 2575 1148 2645 ἡμέραν
1184 2577 1325 2629 κατὰ
1355 2577 1463 2628 τῶν
1494 2575 1706 2646 ἐχθρῶν

133 2660 333 2723 ἐποίει,
413 2664 507 2715 καὶ
565 2665 793 2726 πολλοὺς
855 2667 954 2734 μὲν
1015 2665 1270 2736 ἐζώγρει,
1341 2667 1559 2734 ἑτέρους
1648 2665 1707 2718 δὲ

144 2754 428 2825 μαχαίρας
487 2757 662 2808 ἐποίει
703 2757 1101 2826 παρανάλωμα.
1158 2760 1268 2810 Καὶ
1300 2758 1368 2809 τὰ
1423 2757 1705 2826 κατορθώ⁶

138 2866 290 2916 ματα
333 2849 426 2900 καὶ
455 2848 522 2900 τὰ
542 2849 680 2919 ἔργα
708 2850 800 2902 τοῦ
839 2849 1031 2918 ἀνδρὸς
1051 2851 1103 2902 οἱ
1130 2850 1330 2910 πάντες
1366 2849 1703 2919 ἐθαύμαζον,

135 2943 235 2995 καὶ
264 2943 546 3012 λυτρωτὴν
587 2945 680 2995 καὶ
711 2942 937 3014 σωτῆρα
957 2941 1058 3011 τῆς
1096 2943 1305 3005 πόλεως
1330 2943 1536 3012 ἔλεγον.
1559 2942 1705 3014 Πλὴν

135 3035 244 3086 οὐκ
272 3035 353 3096 εἰς
387 3035 540 3096 τέλος
562 3033 734 3096 οὕτως
763 3036 1058 3104 ἐνέμεινεν,
1123 3034 1258 3086 ἀλλὰ
1292 3035 1388 3103 τὴν
1421 3037 1609 3104 φήμην
1638 3036 1705 3105 ἣν

135 3127 282 3193 μετὰ
337 3125 561 3196 ἀνδρίας
608 3127 937 3198 ἐκέρδησεν,
999 3125 1228 3197 ὕστερον
1275 3129 1307 3198 ἡ
1361 3126 1533 3181 δειλία
1591 3128 1701 3181 διέ-

131 3219 386 3286 φθειρεν.

229 3308 418 3376 Ἰίμών
450 3311 505 3363 δὲ
542 3311 716 3374 οὕτως
747 3313 1000 3381 ἐχόντων,
1049 3312 1156 3365 ἰδού
1188 3329 1274 3374 τις
1308 3312 1465 3382 φήμη
1499 3311 1701 3381 ψευδὴς

132 3399 346 3471 ἐρρέθη
378 3403 455 3465 είς
509 3405 568 3454 τὸ
610 3405 871 3459 ἐναντίων
911 3405 1296 3475 στρατόπεδον,
1344 3405 1426 3457 ὅτι
1486 3406 1549 3457 ἐκ
1604 3405 1701 3474 τῆς

126 3597 278 3650 opus
300 3597 422 3637 esse
469 3593 546 3636 tot
579 3582 915 3652 ltelepolibus
944 3584 997 3637 in
1025 3583 1156 3638 locis
1183 3583 1290 3638 illis
1317 3584 1564 3653 aquosis.
1622 3582 1701 3637 Ex

127 3675 242 3729 hac
266 3690 424 3729 causa
450 3677 513 3729 ad
541 3689 822 3730 sermones
863 3674 1183 3729 fervidiores
1233 3689 1547 3744 processnm
1596 3684 1699 3738 est,

129 3776 196 3821 et
239 3768 491 3836 utrinque
520 3783 580 3822 se
614 3767 951 3823 lacessebant
976 3767 1263 3830 conviciis,
1320 3776 1374 3821 et
1432 3764 1701 3822 Justinia-

125 3875 239 3914 nus
263 3859 475 3927 quidem
503 3859 754 3914 Notaram
779 3858 1054 3914 hominem
1076 3858 1320 3927 ineptum
1371 3867 1426 3912 et
1481 3857 1702 3927 pestife-

127 3962 258 4002 rum
303 3957 356 4004 et
383 3949 660 4003 inimicum
695 3947 880 4018 patrie
925 3945 1237 4017 appellavit,
1300 3948 1386 4004 hie
1443 3947 1700 4003 in-illum

126 4039 242 4095 alia
299 4039 532 4096 vicissim
587 4038 829 4094 convicia
885 4038 1040 4094 fudit.
1090 4038 1220 4107 Qua
1271 4053 1393 4095 cum
1452 4039 1697 4095 audisset

123 4131 448 4201 imperator,
477 4145 597 4186 cum
628 4137 855 4201 utroque
896 4143 1139 4186 seorsum
1174 4127 1472 4187 collocutus
1501 4147 1514 4186 :
1547 4129 1708 4187 «Fra-

128 4235 274 4287 tres,
297 4222 488 4292 inquit,
516 4221 738 4277 mlnime
777 4229 994 4292 tempus
1021 4230 1104 4279 est
1122 4223 1193 4278 ita
1216 4222 1354 4277 inter
1372 4237 1468 4281 vos
1488 4223 1703 4293 agendi,

121 4313 386 4383 loquendi
435 4325 487 4371 et
533 4313 797 4380 certandi,
853 4315 982 4386 quin
1037 4316 1217 4385 potius
1261 4315 1420 4370 etiam
1465 4315 1552 4380 iis,
1610 4315 1702 4387 qui

117 4411 368 4465 oderunt
398 4426 516 4476 nos,
544 4410 909 4481 ignoscamus,
944 4417 998 4465 et
1052 4411 1219 4465 Deum
1279 4425 1590 4481 precemur,
1647 4418 1705 4463 ut

118 4503 434 4557 liberemur
469 4517 496 4556 a
547 4501 794 4557 faucibus
861 4502 1046 4570 liuius,
1105 4517 1265 4572 quem
1330 4512 1456 4558 ante
1513 4502 1702 4557 oculos

115 4595 697 4656 \‘i.lennts,draconis.
747 4611 766 4647 ι
806 4594 942 4649 Aliis
995 4594 1239 4661 pluribus
1265 4594 1447 4647 verbis
1474 4609 1606 4648 usus
1653 4593 1706 4646 in

117 4687 432 4741 amicitiam
466 4701 559 4739 eos
595 4687 866 4748 restituit,
897 4694 950 4739 et
994 4694 1219 4754 uterque
1267 4686 1320 4739 in
1352 4685 1709 4739 commissum

120 4781 240 4834 sibi
269 4777 442 4830 locum
470 4777 538 4831 ad
578 4777 820 4832 muneris
872 4776 954 4832 sui
1013 4776 1343 4832 functionein
1387 4774 1566 4829 rediit.
1609 4771 1709 4827 Ju-

119 4868 410 4923 stinianus
438 4868 705 4932 hostibus,
743 4868 848 4922 illis
875 4867 1171 4936 praesertim
1203 4858 1414 4932 diebus,
1449 4865 1710 4920 terribilis

115 4969 255 5012 erat
287 4959 467 5023 dictis,
501 4960 767 5023 consiliis,
809 4958 985 5019 factis,
1018 4973 1082 5012 ac
1115 4957 1356 5027 quotidie
1411 4972 1507 5012 eos
1558 4957 1712 5026 jacu-

118 5052 441 5108 lationibus
468 5061 521 5105 et
551 5050 753 5121 prmliis
782 5050 995 5104 vexavit
1030 5059 1084 5104 et
1113 5064 1303 5104 eorum
1349 5048 1544 5102 multos
1587 5056 1697 5101 tum

119 5131 284 5212 cepit
316 5149 430 5195 tum
473 5141 652 5211 gladio
712 5139 966 5194 confecit.
1024 5139 1453 5192 Admirabantur
1512 5153 1709 5192 omnes

123 5235 304 5306 ltujns
339 5235 438 5287 viri
467 5234 696 5287 consilia
727 5241 780 5287 et
836 5231 1078 5285 facinora
1146 5245 1380 5300 eumque
1435 5231 1707 5284 vindicem

116 5337 185 5381 (-t
217 5335 551 5381 servatorem
611 5325 760 5377 urbis
788 5323 1175 5393 praedicabant.
1228 5321 1430 5375 Verum
1488 5337 1593 5374 non
1644 5321 1710 5374 ad

123 5423 302 5470 linem
343 5432 514 5484 usque
567 5417 726 5469 talem
761 5432 818 5470 se
869 5416 1162 5484 pri-stitit,
1217 5416 1310 5468 sed
1363 5428 1528 5483 quam
1606 5413 1709 5467 sibi

122 5511 340 5563 famam
385 5506 697 5561 fortitudine
721 5516 1013 5577 pepererat,
1045 5521 1166 5562 eam
1202 5514 1390 5576 postea
1429 5504 1712 5559 timiditate

117 5597 344 5653 atnisil.

213 5687 343 5742 ll.cc
373 5704 496 5742 cum
521 5703 698 5742 rerum
724 5697 1032 5742 nostrarum
1081 5687 1322 5742 conditio
1349 5698 1515 5752 esset,
1543 5687 1714 5741 falsus

124 5797 336 5836 rumor
363 5798 455 5850 per
481 5783 778 5835 exercitum
814 5781 1061 5835 hostilem
1092 5779 1420 5850 percrebuit,
1453 5781 1517 5832 ad
1551 5794 1711 5848 opem

134 5873 314 5928 nobis
372 5873 647 5931 ferendam
679 5890 740 5930 ex
799 5871 946 5928 italia
981 5874 1205 5930 c'asscm
1240 5873 1552 5930 adventate.
1589 5872 1712 5928 item

1819 655 2020 725 ὀμείως
2049 661 2143 712 καὶ
2183 659 2212 710 6
2245 659 2461 727 Ίαγκος
2489 661 2514 711 6
2543 659 2892 727 κυϐερνήτης
2929 659 3037 711 τῶν
3069 659 3378 727 Οὐγγάρων

1819 745 1962 814 μετὰ
2012 745 2280 800 πλείστων
2353 751 2604 818 στρατῶν
2661 751 2905 805 ἱππικῶν
2957 768 3014 803 τε
3065 750 3162 803 καὶ
3218 749 3380 820 264

1817 839 2022 903 πεζῶν.
2071 840 2434 905 Ἀκούσαντες
2457 842 2515 894 δὲ
2548 845 2597 896 οἱ
2632 845 2741 896 υἱοὶ
2803 844 2904 912 τῆς
2948 844 3149 910 Ἀγαρ,
3217 842 3379 908 φόϐος

1815 931 2003 1001 διέσχε
2034 933 2288 995 πλεῖστος
2321 934 2551 998 αύτούς·
2583 937 2678 988 καὶ
2713 939 2856 990 κατὰ
2885 935 2981 988 τοῦ
3014 935 3202 1003 ἀμηρᾶ
3236 934 3378 1002 ἀρὰς

1816 1021 2002 1090 ἔλεγον
2028 1025 2122 1076 καὶ
2156 1023 2536 1091 διεγόγγυζον,
2565 1026 2817 1091 λέγοντες
2845 1027 2923 1079 ὅτι
2953 1026 3118 1086 αὐτὸς
3156 1025 3379 1076 ἕσεταιδ

1815 1114 2124 1184 ἀφανισμδς
2157 1115 2249 1168 τοῦ
2292 1117 2484 1184 γένους
2518 1117 2700 1169 αὐτῶν
2734 1117 2822 1170 διὰ
2878 1117 2937 1169 τὸ
2969 1117 3202 1170 ἀδύνατα
3259 1117 3380 1166 ὲπι-

1813 1204 2150 1274 χειρίζισθαι
2183 1208 2400 1269 αύτούς.
2445 1207 2724 1269 Ὡσαύτως
2759 1207 2847 1258 καὶ
2874 1209 2902 1258 6
2923 1208 3143 1276 ἁμηρᾶς
3168 1207 3368 1274 μεστδς

1816 1289 2080 1364 ὑπάρχων
2125 1297 2492 1366 διαλογισμῶν
2539 1299 2634 1352 καὶ
2690 1298 2936 1367 ταραχῆς
2997 1299 3093 1349 καὶ
3146 1297 3376 1358 δειλίας,

1815 1386 1911 1438 καὶ
1937 1389 2149 1457 πᾶσαὴ
2187 1388 2353 1457 βουλὴ
2392 1389 2556 1440 αὑτοῦ
2602 1390 2904 1457 περίλυπος
2959 1388 3192 1455 ὑπῆρχε,
3226 1388 3377 1456 πρῶ-

1812 1495 1903 1530 τον
1963 1480 2062 1544 μὲν
2118 1480 2254 1532 διότι
2297 1480 2494 1550 ἐρρέθη
2533 1481 2719 1543 αὐτοῖς
2769 1481 3030 1548 περὶτῆς
3091 1479 3372 1548 βοηθείας,

1811 1569 2067 1637 δεύτερον
2091 1570 2149 1622 δὲ
2178 1570 2516 1638 Θεωροῦντες
2575 1571 2696 1633 πῶς
2750 1571 3005 1624 τοσοῦτον
3057 1571 3372 1639 στράτευμα

1814 1661 2046 1731 φοϐερὸν
2078 1661 2173 1714 καὶ
2201 1662 2582 1731 ἀναρίθμητον
2604 1661 2898 1732 διὰ,ξηρᾶς
2947 1679 3006 1714 τε
3046 1663 3142 1714 καὶ
3175 1661 3375 1714 Θαλάσ-

1816 1769 1916 1820 σης
1967 1750 2253 1812 τοσούταις
2313 1752 2552 1821 ἡμέραις
2621 1751 2778 1804 οὐδὲν
2833 1751 3235 1820 ὲκατόροωσεν,
3281 1752 3374 1802 καὶ

1816 1830 2080 1901 πολλάκῖς
2139 1839 2427 1902 τοσούταις
2489 1841 2763 1908 μηχαναῖς
2801 1838 2896 1890 καὶ
2954 1836 3218 1905 δυνάμεσι
3277 1837 3375 1896 τὰς

1810 1933 2081 2001 κλίμακας
2107 1934 2162 1985 έν
2187 1935 2302 1994 τοῖς
2336 1931 2545 2000 τείχεσι
2575 1930 2828 1999 βαλόντες
2888 1928 3076 1989 κακῶς
3117 1928 3374 1995 ἁττειπέμ⁴

1810 2023 2030 2091 φθησαν
2098 2022 2194 2074 καὶ
2261 2020 2818 2090 ἀπεκρημγίσθησαν,
2872 2021 2968 2072 καὶ
2997 2018 3157 2085 φόνος
3205 2017 3375 2078 πολὺς

1808 2114 1929 2166 κατ’
1960 2113 2144 2166 αὐτῶν
2167 2112 2438 2180 ἐγίγνετο,
2473 2111 2614 2164 ὥστε
2659 2112 2775 2173 τοῖς
2826 2109 3095 2177 Τούρκοις
3150 2113 3261 2169 τοῖς
3316 2107 3375 2158 ἐν

1807 2207 1920 2265 τοῖς
1979 2204 2189 2274 τείχεσι
2264 2203 2436 2256 δειλία
2517 2203 2858 2272 προσήγγισε
2896 2215 2910 2230 °
2963 2199 3145 2268 τρίτον
3189 2197 3243 2250 δὲ
3294 2197 3374 2248 ὃτι

1808 2296 2079 2364 ἐθεώρουν
2120 2296 2371 2364 σημεῖον.
2393 2294 2511 2355 Φῶς
2543 2293 2857 2362 ἀστράπτον
2911 2275 3252 2343 καταϐαῖνον
3316 2289 3374 2353 ἐξ

1807 2389 2053 2458 οὐρανῶν
2085 2389 2181 2440 καὶ
2215 2388 2283 2439 δι’
2314 2388 2443 2456 ὅλης
2475 2388 2572 2452 τῆς
2612 2385 2808 2447 νυκτὸς
2867 2383 3074 2438 ἀνωθεν
3131 2381 3229 2450 τῆς
3278 2382 3375 2432 ςτό-

1806 2481 1944 2542 λεως
1985 2480 2141 2541 ἑστὸς
2171 2480 2458 2532 διέσκεπεν
2484 2478 2679 2546 αὐτὴν.
2725 2476 2835 2529 Καὶ
2866 2474 2939 2537 ὡς
2972 2470 3110 2527 εἶδον
3150 2474 3280 2526 αὐτὸ
3315 2475 3376 2524 τὸ

1810 2573 1947 2640 φῶς,
1979 2575 2037 2624 ὲν
2069 2573 2310 2641 πρώτοις
2339 2570 2527 2638 ἔλεγον
2577 2569 2659 2622 ὅτι
2697 2568 2756 2620 '0
2791 2567 2922 2629 Θεὸς
2960 2565 3206 2636 ὠργίσθη
3263 2567 3375 2626 τοῖς

1809 2665 2160 2735 Χριστιανοῖς
2219 2664 2314 2717 καὶ
2373 2661 2571 2732 ἡθελεν
2615 2659 2813 2722 αὐτοὺς
2869 2659 3216 2712 κατακαῦσαι
3284 2657 3377 2708 καὶ¹

1808 2758 1940 2824 ἡμῖν
1975 2754 2302 2824 παραδῶσαι
2340 2753 2585 2814 δούλους.
2618 2753 2851 2805 Ἔπειτα
2889 2751 2945 2804 δὲ
2994 2751 3067 2812 ὡς
3117 2747 3257 2801 εἶδον
3291 2751 3376 2801 ὅτι

1809 2849 2042 2901 πάντοτε
2108 2845 2252 2915 μετὰ
2320 2844 2582 2914 αἰσχύνης
2623 2846 2687 2896 ὲκ
2730 2843 2837 2895 τῶν
2881 2842 3079 2911 τειχῶν
3124 2843 3217 2894 καὶ
3269 2841 3377 2893 τῶν

1809 2937 2095 3005 κλιμάκων
2124 2934 2605 3003 ἀπεκρημνίζοντο
2643 2936 2738 2986 καὶ
2800 2935 3065 2994 τοσούτας
3125 2934 3373 3002 μηχανὰς

1810 3028 2091 3090 ποιοῦντες
2127 3028 2223 3081 καὶ
2276 3027 2428 3079 οὐδὲν
2461 3028 2717 3095 ἴσχυσαν,
2753 3028 2850 3078 καὶ
2885 3025 2957 3088 ὡς
3003 3026 3245 3095 ἥκουσαν
3279 3026 3372 3100 καὶ

1807 3122 1976 3190 ψευδῆ
1999 3121 2187 3190 φήμην
2220 3119 2349 3188 περὶ
2380 3118 2475 3171 τοῦ
2509 3118 2700 3170 στόλου
2725 3120 2824 3186 τῆς
2871 3116 3104 3177 Ἰταλίας
3154 3117 3246 3167 καὶ
3281 3114 3374 3167 τοῦ

1727 3230 1771 3292 C
1827 3215 2058 3279 Ἱὰγκου,
2119 3211 2280 3262 πάλιν
2348 3210 2476 3279 περὶ
2543 3207 2638 3261 τοῦ
2715 3208 2892 3275 φωτὸς
2951 3207 3110 3276 265
3166 3208 3375 3259 ἐκείνου

1803 3304 1989 3370 ἔλεγον
2014 3303 2096 3355 ὅτι
2142 3302 2201 3355 '0
2234 3301 2366 3362 Θεὸς
2424 3301 2562 3368 ὑπὲρ
2603 3299 2714 3354 τῶν
2765 3300 3115 3368 Χριστιανῶν
3150 3299 3379 3366 πολεμεῖ

1807 3396 1900 3447 καὶ
1947 3394 2140 3446 σκέπει
2203 3391 2400 3454 αὐτοὺς
2453 3393 2546 3444 καὶ
2585 3391 2934 3462 ἀντιλήπτωρ
2998 3391 3176 3444 αὐτῶν
3236 3394 3372 3455 ἐστι,

1801 3574 2032 3629 Jancum
2072 3571 2450 3643 Hungarornm
2507 3571 2806 3640 principem
2842 3586 2965 3624 eum
2997 3570 3170 3640 ecpiis
3215 3586 3378 3638 eque-

1807 3667 2011 3721 stribus
2034 3676 2085 3719 et
2108 3664 2449 3734 pedestribus
2480 3663 2753 3718 maximis.
2777 3663 2908 3728 Quae
2927 3663 3017 3715 ubi
3056 3663 3377 3716 audiverunt

1808 3757 1900 3810 lilii
1931 3758 2096 3826 Agar,
2124 3756 2288 3810 timor
2313 3756 2504 3825 ingens
2537 3768 2633 3808 eos
2665 3753 2901 3808 invasit:
2938 3767 3178 3806 amcram
3211 3754 3378 3804 ntale-

1805 3850 1970 3907 dictis
2043 3848 2467 3920 proscindebant
2521 3854 3039 3916 murmurantesqne
3102 3843 3376 3908 dicebant,

1806 3943 1986 4013 ipsum
2017 3939 2232 4012 generis
2274 3939 2356 3994 sui
2385 3937 2683 4008 perniciem
2722 3937 2858 4010 fore,
2880 3951 2908 3990 a
2943 3950 3051 4005 quo
3080 3936 3257 3992 coacti
3286 3950 3380 3990 σου

1809 4040 2092 4098 narentur,
2151 4045 2272 4099 quae
2331 4029 2512 4100 perﬂci
2554 4042 2664 4083 non
2706 4036 2948 4098 possent.
2991 4029 3111 4098 Ipse
3151 4042 3374 4098 quoque

1809 4138 2019 4180 emeras
2048 4121 2356 4194 agitabatur
2383 4119 2598 4176 consilii
2628 4120 2831 4189 inopis,
2867 4119 3273 4189 perturbatione
3313 4133 3377 4174 ac

1811 4225 1984 4279 metu.
2015 4221 2277 4290 totusque
2309 4221 2532 4269 senatus
2587 4209 2707 4280 ejus
2743 4211 3080 4275 trlslaltatur,
3141 4211 3375 4281 primum

1808 4307 2052 4378 quidem,
2084 4305 2227 4378 quod
2269 4305 2336 4362 de
2364 4304 2688 4360 adventante
2713 4304 2917 4360 auxilio
2941 4302 3258 4368 audiebant,
3286 4303 3379 4358 dv-

1809 4400 1954 4460 inde.
1986 4398 2128 4466 quod
2165 4397 2445 4460 videbant,
2473 4404 2682 4451 tantum
2711 4405 2929 4466 tamque
2966 4395 3259 4450 terribilem
3285 4410 3383 4448 ex—

1807 4491 2035 4548 ercitum
2073 4497 2216 4543 terra
2275 4487 2523 4557 marique
2547 4495 2624 4542 tot
2680 4486 2870 4542 diebus
2906 4485 3042 4540 nihil
3093 4487 3374 4556 prolicere,

1814 4584 1907 4640 sed
1939 4582 2256 4651 stepissime,
2309 4563 2472 4636 scalis
2517 4578 2666 4633 omni
2700 4577 3032 4632 adminiculo
3065 4586 3118 4630 et
3168 4592 3382 4630 summo

1816 4675 2001 4728 labore
2038 4671 2315 4727 moenibus
2346 4668 2654 4738 applicatis,
2691 4669 2890 4721 milites
2927 4667 3066 4720 male
3100 4666 3286 4735 repelli
3328 4673 3383 4718 et

1813 4765 2027 4821 detrudi
2054 4773 2107 4820 et
2131 4777 2327 4833 magna
2348 4759 2492 4816 caede
2516 4759 2784 4829 posterni,
2838 4767 2897 4810 ut
2920 4756 3032 4826 jam
3057 4757 3149 4827 qui
3183 4758 3238 4809 in
3262 4773 3382 4809 mu-

1816 4859 1892 4913 ris
1924 4865 2110 4912 essent
2141 4856 2359 4916 Turcaz,
2396 4850 2688 4906 formidine
2748 4849 3108 4917 trepidarent.
3141 4846 3257 4900 line
3296 4861 3386 4901 ac—

1815 4951 1980 5006 cessit
2007 4949 2165 5003 tertio
2185 4946 2326 5011 loco,
2349 4943 2492 5014 quod
2521 4949 2833 5012 portentum
2872 4941 3146 4996 viderunt.
3177 4937 3388 4993 Lumen

1815 5041 2060 5097 fulminis
2090 5041 2265 5094 instar
2287 5050 2598 5099 coruscum,
2628 5035 2693 5087 de
2712 5033 2852 5088 caelo
2899 5047 3060 5100 supra
3090 5031 3272 5084 urbem
3295 5031 3390 5084 ἀε-

1817 5137 2071 5198 missum,
2104 5141 2215 5186 tota
2245 5138 2403 5184 nocte
2434 5141 2556 5181 eam
2592 5124 2818 5180 obtexit.
2869 5122 3022 5189 Quod
3080 5121 3263 5175 lumen
3296 5121 3388 5174 ubi

1815 5225 2342 5286 animadverterunt,
2369 5217 2602 5289 primum
2629 5216 2935 5285 jactabant,
2961 5213 3129 5268 Deum
3158 5227 3389 5268 succen-

1816 5333 1936 5374 sere
1968 5312 2292 5370 Christianis
2315 5325 2521 5380 eosque
2544 5322 2868 5363 exussurum
2900 5313 2954 5360 et
2990 5305 3092 5360 sibi
3125 5305 3180 5358 in
3214 5303 3387 5357 servi-

1817 5411 1958 5465 tium
2012 5406 2338 5461 traditurum
2392 5415 2535 5455 esse.
2570 5398 2770 5453 Deinde
2805 5405 3011 5462 autem,
3051 5410 3174 5449 eum
3211 5391 3388 5447 ubivis

1818 5518 1876 5557 se
1933 5516 2057 5555 cum
2093 5497 2359 5552 dedecore
2403 5495 2469 5548 de
2501 5493 2773 5546 mcenibus
2803 5499 2857 5545 et
2891 5489 3054 5543 scalis
3105 5484 3387 5540 deturbari

1817 5603 1869 5650 ct
1909 5601 2056 5646 tanta
2097 5589 2471 5642 machinarum
2511 5584 2559 5637 vi
2590 5583 2724 5637 nihil
2771 5595 3028 5650 prospere
3073 5594 3232 5647 agere
3262 5579 3383 5630 ani-

1819 5685 2240 5743 madvertercnt,
2263 5693 2327 5732 ac
2357 5676 2553 5730 falsum
2581 5674 2918 5743 perciperent
2959 5670 3026 5723 de
3053 5670 3224 5723 classe
3251 5670 3384 5723 Itala

1819 5785 1872 5831 et
1900 5773 2069 5828 Janeo
2102 5783 2402 5832 rumorem,
2431 5781 2619 5820 rursus
2652 5765 2834 5817 lumen
2861 5763 2986 5816 illud
3014 5761 3087 5814 ita
3119 5759 3387 5828 interpre:

1827 5868 1916 5923 tati
1946 5875 2090 5925 sunt,
2111 5871 2168 5917 ut
2187 5861 2450 5922 dicerent,
2474 5857 2637 5912 Deum
2662 5870 2758 5920 pro
2780 5852 3102 5909 Christianis
3123 5864 3316 5920 pugna:
3332 5863 3391 5915 e,
