4134 6452
670 431 778 493 863

1902 428 2225 492 GEOllGlI
2267 430 2367 490 ΡΗ
2380 425 2699 489 ΒΑΝΤΖΕ

3819 427 3934 491 δδι

668 542 951 610 ἐποίησαν,
977 542 1072 595 καὶ
1104 543 1243 613 μετὰ
1269 544 1578 615 προθυμίας
1610 548 1705 601 καὶ
1734 550 2115 619 γενναιότητος
2138 550 2238 605 καὶ
2266 552 2313 608 Α
2340 545 2607 611 λάξαντες
2680 540 2821 616 ἦσαν
2906 542 3046 598 κατὰ
3121 542 3220 613 τὴν
3294 546 3523 597 ἐκείνων
3591 544 3889 597 διάλεκτον
3916 563 3932 579 ·

673 631 1091 702 μεγαλοψυχίας
1125 634 1253 697 τοὺς
1285 636 1501 704 τείχους
1532 637 1740 692 ἄνωθεν
1802 642 1939 709 μετὰ
1987 642 2095 695 τῶν
2127 643 2241 696 κλι-

672 725 863 793 μάκων
897 725 973 789 ὡς
1013 732 1285 797 πτερωτοὶ
1328 730 1594 801 διέλθητε’
1658 734 1757 788 καὶ
1785 735 1886 805 τὴν
1917 737 2108 806 φήμην
2172 740 2240 806 ἢν

670 818 720 870 οί
754 818 856 885 πρὸ
914 820 1094 888 ἡμῶν,
1159 819 1233 882 ὡς
1268 821 1520 889 είπομεν,
1562 825 1866 893 ἐκέρδησαν
1917 831 2012 881 καὶ
2048 832 2076 882 6
2105 829 2241 891 Θεὸς

670 910 994 981 ὲχαρίσατο,
1030 914 1105 981 μὴ
1139 913 1354 979 γένοιτο
1384 915 1469 968 ἵνα
1527 919 1690 986 ἡμεῖς
1741 920 2102 994 ἀπολέσωμεν
2135 924 2239 978 αύ-

669 1003 790 1073 τὴν,
828 1003 961 1055 ἀλλά
992 1004 1229 1071 μάλιστα
1285 1005 1442 1077 νῦνὴ
1502 1008 1621 1079 ὥρα
1668 1011 1899 1080 ἤγγικεν
1932 1016 2017 1068 ίνα
2067 1016 2242 1086 αὐτὴν

671 1094 1057 1157 πολυπλασίως
1090 1097 1254 1166 270
1277 1099 1623 1170 αὐξήσωμεν.
1663 1121 1682 1154 ι
1720 1104 1829 1155 Καὶ
1860 1106 2081 1174 ἑτέρους
2107 1107 2241 1159 πολ-

671 1184 796 1243 λοῦς
830 1185 1020 1253 λόγους
1058 1191 1494 1255 στρατιωτικοὺς
1550 1190 1730 1245 είττὼν
1770 1193 1957 1256 αὐτοῖς
2002 1195 2241 1266 διέγειρε

669 1277 898 1330 τούτους
960 1280 1037 1339 είς
1085 1280 1521 1348 μεγαλοψυχίαν,
1586 1285 1675 1338 ἵνα
1716 1288 1984 1353 γενναίως
2014 1292 2243 1359 πράξω·

672 1384 779 1421 σιν.
811 1364 940 1421 Εἶτα
973 1370 1158 1437 λέγει·
1196 1391 1215 1423 ι
1256 1374 1364 1428 Καὶ
1400 1375 1495 1428 ἐὰν
1521 1378 1612 1429 καὶ
1635 1378 1693 1441 ἐξ
1722 1379 1878 1447 ἡμῶν
1903 1398 2054 1444 τινες
2100 1384 2242 1436 ἀπο-

671 1460 1003 1525 κτανθῶσιν,
1032 1462 1104 1525 ὡς
1124 1464 1243 1527 ἔθος
1278 1466 1427 1520 ἐστὶν
1457 1468 1513 1519 ὲν
1539 1472 1652 1532 τοῖς
1687 1470 1971 1540 πολέμοις,
1994 1490 2244 1544 γεγραμ-

672 1552 836 1615 μένον
867 1552 960 1603 ἰπὶ
997 1554 1094 1622 τῆς
1128 1556 1378 1625 κεφαλῆς
1437 1560 1624 1623 αὐτοῦ,
1689 1562 1866 1625 καλῶς
1922 1564 2104 1618 οίδατε
2152 1567 2244 1621 διὰ

671 1640 768 1693 τοῦ
808 1644 1079 1713 ἡμετέρου
1112 1650 1284 1715 κορᾶν
1332 1651 1386 1703 τί
1442 1669 1607 1721 φησιν
1652 1655 1679 1706 6
1737 1656 2048 1725 προφήτης,
2101 1658 2183 1711 ὅτι
2214 1658 2243 1710 6

676 1733 965 1787 ἀποθανὼν
994 1738 1053 1789 ὲν
1085 1739 1265 1810 καιρῷ
1298 1742 1529 1813 τοιούτῳ
1583 1744 1861 1818 ὁλόσωμοε
1911 1750 1972 1801 ὲν
2005 1750 2084 1819 τῷ
2139 1768 2245 1805 πα-

676 1824 911 1895 ραδείσῳ
959 1828 1101 1896 μετὰ
1172 1830 1263 1884 τοῦ
1319 1834 1565 1902 Μωάμεθ
1615 1837 1909 1909 ἀριστήσει
1950 1842 2045 1895 καὶ
2102 1846 2237 1909 πιεῖ,

671 1915 764 1966 καὶ
796 1917 935 1983 μετὰ
972 1919 1179 1973 παίδων
1210 1922 1303 1975 καὶ
1356 1924 1492 1992 μετὰ
1541 1928 1816 1993 γυναικῶν
1866 1930 2089 2000 ὡραίων
2149 1936 2241 1987 καὶ

669 2003 957 2071 παρθένων
992 2009 1049 2061 ιν
1082 2010 1233 2081 τόπῳ
1282 2013 1493 2085 χλοερῷ
1528 2019 1626 2071 καὶ
1684 2024 2087 2094 μεμυρισμένῳ
2145 2028 2241 2079 ἄν·

672 2096 824 2150 θεσιν
857 2100 1168 2174 άναπαυθῇ,
1208 2107 1298 2158 καὶ
1332 2110 1389 2159 ὲν
1414 2108 1665 2180 λουτροῖς
1714 2112 2073 2181 ὡραιοτάτοις
2124 2116 2243 2170 λου.

674 2189 796 2259 σθῇ,
831 2194 922 2245 καὶ
960 2196 1018 2247 ἐν
1049 2198 1244 2268 ἐκείνῳ
1298 2200 1375 2270 τῷ
1405 2204 1555 2273 τόπῳ
1589 2205 1651 2257 ὲκ
1704 2204 1845 2259 Θεοῦ
1903 2207 2016 2272 ἕξει
2044 2209 2241 2263 ταῦτα.

685 2283 956 2340 Ἐνταῦθα
1000 2288 1056 2341 δὲ
1096 2290 1262 2344 πάλιν
1302 2292 1361 2357 ἐξ
1428 2295 1565 2365 ἐμοῦ
1616 2299 1728 2360 πᾶς
1761 2300 1789 2350 6
1840 2299 1974 2367 ἐμὸς
2015 2302 2243 2371 στρατὸς

670 2375 765 2427 καὶ
793 2376 1056 2445 ἄρχοντες
1107 2382 1208 2450 τῆς
1265 2384 1437 2454 αὐλῆς
1500 2404 1625 2455 μου,
1685 2390 1781 2443 ἐὰν
1827 2393 2162 2460 νικήσωμεν,
2216 2396 2245 2447 6

675 2468 869 2534 μισθὶς
900 2469 959 2522 δν
992 2473 1173 2537 ἕξουσι
1208 2477 1341 2545 παρ’
1392 2478 1546 2547 ἐμοῦ,
1613 2482 1753 2535 κατὰ
1797 2484 1897 2553 τὴν
1947 2485 2245 2551 ἀναλογίαν

673 2560 910 2613 ἑκάστου
937 2562 1240 2620 διπλασίων
1286 2568 1439 2623 ἔσται
1481 2564 1542 2624 οὗ
1571 2574 1639 2625 τὰ
1669 2572 1766 2625 νῦν
1799 2574 2007 2645 ἔχουσι,
2046 2578 2105 2639 ὃς
2138 2564 2247 2632 απὸ

671 2644 768 2696 τοῦ
802 2645 898 2699 νῦν
924 2648 1157 2718 ἄρξηται
1192 2654 1295 2716 ἕως
1321 2657 1509 2722 τέλους
1539 2659 1652 2728 τῆςε
1696 2644 1857 2731 ζωῆς
1888 2665 2091 2719 αὐτῶν.
2140 2668 2246 2719 Καὶ

683 2737 920 2806 ἡμέραις
948 2744 1129 2809 τρισὶν
1155 2747 1188 2815 ἡ
1212 2747 1363 2811 πόλις
1401 2754 1552 2803 πᾶσα
1582 2752 1734 2821 ὑμῶν
1793 2754 1993 2809 ἔσεται.
2051 2759 2162 2809 Καὶ
2195 2758 2246 2811 εί

672 2842 724 2878 τι
749 2827 798 2879 δ’
817 2828 883 2881 ἂν
908 2833 1244 2904 σκυ>εύσητε
1297 2840 1611 2915 καὶεῦρητε
1676 2846 1903 2913 χρυσίου
1946 2849 2041 2899 καί
2074 2849 2245 2917 ἀργυο

677 2918 797 2986 ρίου
835 2920 1029 2986 σκεῦος
1090 2928 1184 2979 καὶ
1233 2930 1558 3000 ἱματισμὸν,
1628 2938 2020 3003 αἰχμαλώτους
2066 2958 2125 2993 τε
2157 2943 2245 2995 iv-

676 3010 808 3078 δρας
837 3014 930 3064 καὶ
964 3019 1248 3083 γυναῖκας,
1287 3024 1519 3090 μικρούς
1562 3043 1618 3077 τε
1644 3029 1736 3079 καὶ
1762 3031 2051 3097 μεγάλους,
2069 3034 2245 3099 οὐδεὶς

678 3102 939 3175 δυνηθείη
970 3107 1168 3172 αὐτοὺς
1207 3110 1334 3180 ὑμῖν
1385 3115 1609 3185 αἰτῆσαι
1666 3120 1699 3189 ἦ
1748 3138 1798 3173 τι
1844 3124 2135 3192 ἐνοχλῆσαι
2166 3128 2246 3188 είς

676 3194 851 3250 οὐδέν.
893 3216 910 3249 ι
950 3199 1060 3252 Καὶ
1089 3201 1384 3266 τελειώσας
1428 3210 1525 3260 τοῦ
1572 3209 1754 3275 λέγειν
1790 3212 2006 3282 ὤμοσεν
2063 3218 2247 3278 αὐτοῖς
2275 3238 2316 3293 C

680 3286 915 3352 φυλάξαι
946 3292 1013 3342 τά
1045 3291 1146 3345 ὅσα
1176 3293 1363 3359 αὐτοῖς
1407 3297 1713 3363 διετάξατο.
1782 3306 1844 3355 οι
1878 3305 1933 3356 δὲ
1975 3305 2245 3360 ἀκούσαν-

679 3396 770 3443 τες
800 3380 1078 3451 ἐχάρησαν
1111 3383 1253 3449 λίαν,
1308 3389 1402 3441 καὶ
1452 3390 1511 3442 ἐν
1547 3393 1650 3460 μιᾷ
1695 3397 1845 3464 φωνῇ
1878 3397 2075 3459 πάντες
2112 3398 2247 3451 ἀλα-

681 3576 886 3616 neroso
909 3570 961 3616 et
999 3562 1123 3618 forti
1146 3565 1331 3619 animo
1366 3571 1565 3623 mmnia
1620 3586 1714 3640 per
1748 3573 1930 3629 scalas
1984 3583 2245 3645 tanquam

684 3652 844 3707 alites
876 3654 1211 3717 escendatis,
1248 3672 1382 3711 neve
1407 3660 1642 3726 accidat,
1674 3674 1732 3717 ut
1784 3665 2039 3732 gloriam,
2073 3682 2101 3720 a
2135 3684 2249 3722 ma-

682 3744 919 3810 joribus,
957 3754 1011 3799 ut
1039 3746 1175 3810 dixi,
1219 3750 1504 3818 quaesitam
1529 3763 1581 3805 et
1615 3769 1644 3806 a
1672 3754 1781 3811 Deo
1810 3758 2094 3824 donatam,
2148 3777 2248 3817 nos

684 3852 830 3891 nunc
856 3838 1191 3906 amittamus,
1220 3856 1345 3893 cum
1374 3843 1573 3897 eximie
1606 3848 1864 3914 augendae
1886 3851 2004 3919 ejus
2036 3862 2249 3921 tempus

686 3927 847 3979 adsit.
878 3946 894 3977 ι
933 3926 1070 3981 Aliis
1117 3926 1301 3983 multis
1333 3929 1551 3986 bellicis
1587 3936 1748 3997 dictis
1766 3937 1832 3989 ad
1870 3938 2247 3995 lortitudinem

684 4027 778 4069 eos
812 4016 1128 4073 cohortatus
1150 4026 1252 4083 est,
1281 4028 1340 4073 ut
1369 4028 1594 4077 strenue
1646 4036 1975 4094 pugnarent.
2038 4028 2247 4084 Deinde

687 4106 893 4161 addidit
934 4124 948 4161 :
997 4125 1015 4158 ι
1063 4107 1267 4175 Quodsi
1324 4112 1585 4169 nonnulli
1617 4115 1683 4170 de
1751 4116 1929 4181 nobis,
1999 4135 2121 4188 qua:
2169 4131 2253 4175 est

689 4201 1052 4263 hcllinntttra,
1111 4203 1484 4271 occubuerint,
1533 4204 1673 4260 bene
1722 4207 1897 4263 nostis
1930 4223 1959 4263 e
2017 4224 2247 4277 corane,

688 4294 818 4360 quid
855 4292 921 4347 de
957 4292 1039 4348 his
1070 4294 1329 4365 prapheta
1360 4296 1507 4351 dicat
1544 4314 1556 4351 :
1592 4297 1686 4352 tali
1721 4307 1966 4368 tempore
1995 4302 2086 4370 qui
2138 4318 2255 4356 mo-

692 4385 883 4449 riatur,
913 4401 1038 4439 eum
1074 4400 1197 4441 cum
1230 4396 1343 4442 toto
1376 4402 1605 4459 corpore
1648 4390 1701 4445 in
1752 4392 2007 4459 paradiso
2063 4408 2247 4449 caena-

693 4487 873 4531 tnrum
905 4487 959 4531 et
993 4476 1291 4533 bibiturum
1327 4496 1447 4537 esse
1496 4496 1620 4536 cum
1663 4482 1987 4551 Mohamete,
2040 4495 2094 4539 et
2130 4501 2251 4540 cum

2355 661 2373 692 ι
2413 640 2577 695 ’Δὶλὰ
2604 637 2777 692 άλλά⁶
2816 637 3076 706 Μεεμέτη
3109 635 3309 705 ρεσοὺλ
3337 635 3497 700 ἀλλὰ,
3538 654 3557 687 ι
3585 635 3736 689 τοῦτ’
3756 638 3931 689 ἔστιν’

2368 753 2386 785 ι
2411 731 2471 787 Ὀ
2502 730 2634 793 Θεὸς
2666 731 2774 783 τῶν
2805 729 2966 793 θεῶν,
3001 728 3097 783 καὶ
3122 730 3152 781 6
3177 728 3547 799 Μαχουμέτης
3573 730 3603 781 6
3631 729 3936 818 προῩὴτης

2345 823 2534 878 αὑτοῦ.
2584 841 2610 874 ι

2420 913 2578 982 271
2636 911 2999 973 Ἀκούσαντες
3048 910 3106 963 δὲ
3144 911 3311 981 ἡμεῖς
3354 911 3414 964 ἐν
3482 914 3550 981 τῇ
3605 913 3773 965 πόλει
3827 912 3936 979 τῆς

2344 1005 2619 1073 τοσαύτης
2652 1004 2901 1073 κραυγῆς
2932 1003 3068 1056 ὡσεὶ
3093 999 3229 1073 ἦχον
3260 1004 3439 1071 μέγαν
3463 1003 3779 1074 Θαλάσσης,
3817 1005 3938 1056 ὲλο-

2347 1094 2619 1163 γιζόμεθα
2645 1094 2699 1146 τί
2723 1094 2833 1165 ἄρα
2870 1095 3011 1148 ιστί’
3049 1095 3171 1163 μετ’
3205 1094 3387 1163 ὀλίγον
3412 1096 3472 1148 δὲ
3512 1096 3809 1165 ἐμάθομεν
3846 1095 3939 1164 βε-

2347 1186 2515 1249 ϐαίως
2555 1186 2652 1239 καὶ
2684 1187 2739 1238 ὲν
2764 1185 3001 1255 ἀληθείᾳ
3034 1186 3117 1239 δτι
3147 1186 3241 1237 ἐπὶ
3262 1184 3363 1255 τὴν
3388 1184 3585 1253 αὔριον
3614 1190 3646 1241 6
3671 1188 3937 1257 ’Δμηρὶς

2346 1276 2610 1345 ἡτοίμασε
2634 1277 2896 1345 χερσαῖον
2925 1293 2984 1329 τε
3019 1277 3113 1329 καὶ
3127 1278 3348 1348 ύδραῖον
3378 1278 3619 1346 πόλεμον
3649 1280 3933 1349 σφοδρῶς.

2345 1367 2470 1420 ὅσον
2504 1368 2651 1436 αὑτῷ
2676 1363 2743 1437 ἦν
2782 1368 3029 1436 δυνατὸν,
3061 1370 3233 1423 δῶσαι
3283 1374 3352 1440 τῇ
3404 1371 3580 1424 πόλει.
3629 1372 3838 1439 Ἡμεῖς
3878 1374 3935 1425 δὲ

2348 1454 2687 1525 θεωροῦντες
2708 1458 2968 1511 τοσοῦτον
2999 1458 3206 1527 πλῆθος
3236 1458 3348 1513 τῶν
3390 1459 3635 1526 ἀσεὸὦν,
3667 1460 3827 1530 λέγω
3859 1462 3935 1525 ὡς

2346 1548 2471 1613 ἐμοὶ
2502 1548 2671 1611 δοκεῖ,
2702 1549 2874 1611 ὅντως
2902 1551 3025 1603 καθ’
3071 1551 3309 1604 ῑκαστον
3351 1553 3512 1622 ἡμῶν
3569 1556 3938 1607 πεντακόσιοι

2346 1640 2442 1693 καὶ
2465 1641 2651 1694 πλεῖον
2674 1637 2814 1713 ἦσαν
2832 1643 2891 1706 ιε
2914 1643 3098 1696 αὐτῶν
3125 1660 3139 1674 ·
3159 1644 3256 1697 καὶ
3275 1644 3355 1707 είς
3385 1645 3483 1713 τὴν
3508 1646 3625 1699 ἄνω
3655 1648 3933 1715 πρόνοιαν

2346 1729 2531 1792 πάσας
2563 1730 2718 1799 ἡμῶν
2744 1732 2840 1794 τὰς
2864 1732 3081 1795 ἐλπίδας
3110 1733 3437 1804 ἀνεθέμεθα.
3462 1736 3572 1788 Καὶ
3597 1737 3936 1805 Προστάξας

2346 1820 2374 1871 6
2402 1819 2661 1889 βασιλεὺς
2698 1821 2788 1875 ἵνα
2815 1822 2956 1891 μετὰ
2979 1824 3088 1876 τῶν
3123 1824 3298 1891 άγίων
3324 1825 3417 1879 καὶ
3445 1827 3668 1879 σεπτῶν
3696 1830 3939 1881 εἰκόνιον

2350 1910 2583 1965 καὶτῶν
2617 1911 2783 1965 θείων
2816 1914 3239 1983 ὲκτυπωμάτων
3280 1916 3466 1987 ἱερεῖς,
3497 1919 3792 1987 ἀρχιερεῖς
3840 1923 3938 1972 καὶ

2351 2003 2600 2073 μοναχοὶ,
2639 2007 2898 2073 γυναῖκές
2932 2023 2994 2060 τε
3022 2009 3116 2059 καὶ
3143 2008 3354 2072 παιδία,
3382 2009 3520 2078 μετὰ
3545 2011 3818 2080 δακρύων
3847 2014 3936 2065 διέι

2351 2093 2459 2148 τῶν
2511 2094 2711 2165 τειχῶν
2766 2096 2867 2164 τῆς
2924 2097 3136 2161 πόλεως
3176 2100 3600 2171 περιερχόμενοι
3654 2104 3720 2154 τὸ
3758 2102 3935 2169 Κύριε

2350 2188 2576 2259 ἐλέησον
2602 2190 2741 2258 μετά
2774 2190 3032 2260 δακρύων
3062 2192 3322 2262 ἔκραζον,
3372 2195 3468 2246 καὶ
3496 2184 3603 2247 τὸν
3623 2196 3770 2248 Θεὸν
3825 2198 3940 2249 ίκέ-

2349 2298 2509 2334 τευον
2562 2283 2652 2337 ῐνα
2702 2282 2789 2354 μὴ’
2821 2284 2910 2337 διὰ
2959 2275 3060 2349 τάς
3089 2286 3368 2355 ἁμαρτίας
3421 2280 3581 2356 ἡμῶν
3620 2289 3939 2360 παραδὼσῃ

2351 2374 2500 2441 ἡμᾶς
2528 2375 2609 2435 είς
2637 2376 2829 2444 χεῖρας
2860 2374 3071 2446 ἐχθρῶν
3100 2377 3321 2447 ἀνόμων
3354 2380 3450 2431 καὶ
3472 2380 3818 2434 ἀποστατῶν
3843 2384 3941 2433 καὶ

2354 2467 2747 2532 πονηροτάτων
2788 2470 2939 2537 παρὰ
2978 2471 3163 2523 πᾶσαν
3188 2469 3287 2539 τὴν
3317 2471 3443 2538 γῆν,
3469 2471 3590 2523 ἀλλ’
3614 2474 3793 2535 ιῖλεως
3843 2491 3940 2540 γε-

2354 2556 2588 2625 νήσηται
2622 2560 2752 2627 ἡμῖν
2771 2562 2837 2629 τῇ
2871 2560 3208 2633 κληρονομίᾳ
3230 2561 3415 2616 αὑτοῦ.
3448 2564 3558 2617 Καὶ
3585 2566 3735 2634 μετά
3764 2567 3937 2619 κλαυ-

2356 2642 2494 2717 θμοῦ
2530 2650 2800 2717 ἀλλήλους
2850 2652 3282 2723 ἁνεθαρῤύνο-ιτο
3338 2654 3425 2709 ἵνα
3465 2655 3739 2724 ἀνδρείως
3784 2659 3940 2711 ἀντι-

2357 2738 2598 2791 σταοῶσι
2630 2742 2742 2801 τοῖς
2778 2741 3046 2804 ἐναντίοις
3084 2744 3177 2795 ἐπὶ
3204 2747 3269 2813 τῇ
3299 2744 3418 2815 ὥρᾳ
3448 2746 3545 2814 τῆς
3572 2749 3937 2815 συμπλοκῆς.

2366 2830 2599 2900 Ὀμοῖως
2631 2832 2685 2885 δὲ
2717 2835 2811 2886 καὶ
2844 2837 2869 2886 6
2904 2832 3160 2903 βασιλεὺς
3201 2839 3267 2905 τῇ
3298 2836 3437 2905 αὐτῇ
3485 2837 3733 2907 ὀδυνηρᾷ
3768 2840 3941 2890 ἐσπέ-

2359 2941 2427 2992 ρα
2479 2922 2579 2992 τῆς
2628 2924 2889 2995 δευτέρας
2944 2925 3178 2991 συνάξας
3236 2928 3448 2990 πάντας
3499 2930 3628 2991 τοῦς
3676 2932 3739 2981 ἐν
3791 2930 3941 2982 τέλει

2356 3014 2625 3081 ἄρχοντας
2658 3014 2754 3066 καὶ
2803 3016 3151 3086 ἀρχομένους
3192 3019 3511 3088 δημάρχους
3549 3021 3647 3071 καὶ
3708 3023 3943 3073 tantov-

2354 3106 2592 3173 τάρχους
2616 3104 2712 3158 καὶ
2740 3105 2964 3174 ἑτέρους
2993 3108 3325 3178 προκρίτους
3384 3109 3729 3179 στρατιώτας
3762 3112 3943 3165 ταῦτα

2354 3198 2483 3265 ἔφη’

2421 3286 2495 3351 ς’.
2534 3306 2552 3340 ι
2607 3288 2799 3357 Ὑμεῖς
2863 3290 2987 3359 μὲν,
3051 3290 3439 3357 εὐγενέστατοι
3513 3293 3790 3363 ἄρχοντες
3848 3298 3943 3347 καὶ

2352 3379 2800 3450 ὲκλαμπρότατοι
2827 3381 3103 3451 δήμαρχοι
3138 3383 3233 3435 καὶ
3287 3388 3594 3454 στρατηγοὶ
3645 3389 3748 3438 καὶ
3813 3406 3939 3454 γενο

2353 3562 2455 3614 Ιιυο
2485 3570 2589 3626 est,
2630 3578 2648 3610 ι
2687 3560 2833 3615 Deus
2878 3561 3104 3615 deorum
3160 3571 3215 3616 et
3264 3561 3606 3618 Mahumetes
3662 3565 3941 3634 prOpheta

2352 3653 2494 3724 ejus.
2534 3673 2553 3705 ι

2421 3746 2557 3801 Cum
2592 3745 2764 3800 nosin
2806 3746 2939 3800 urbe
2965 3755 3146 3803 tantos
3165 3747 3454 3813 clamores,
3480 3756 3751 3817 tanquam
3788 3765 3943 3817 mago

2356 3852 2486 3889 uum
2527 3838 2697 3889 maris
2727 3835 3027 3900 freiuitum,
3059 3838 3400 3903 audiremus,
3434 3839 3562 3905 quid
3602 3837 3739 3890 illud
3766 3848 3941 3899 essm,

2352 3927 2753 3996 cogitabamus.
2780 3926 2884 3981 Sed
2935 3941 3058 3980 mox
3085 3936 3238 3981 certo
3269 3942 3334 3981 ac
3386 3942 3513 3980 vere
3541 3928 3940 3994 cognovimus,

2354 4014 2407 4067 in
2437 4016 2731 4068 crastinum
2769 4014 2911 4067 diem
2935 4015 3189 4068 Auleram
3213 4022 3472 4068 terrestre
3504 4022 3557 4067 et
3588 4016 3939 4069 maritimum

2357 4105 2579 4169 bellum,
2631 4112 2895 4174 quantum
2949 4112 3154 4172 posset,
3210 4104 3329 4158 urbi
3371 4120 3587 4173 parare.
3657 4104 3943 4159 Intuentrs

2357 4207 2559 4249 tantam
2602 4198 2892 4266 impiorum
2926 4196 3332 4251 multitudinem
3364 4196 3590 4265 (dicam,
3625 4198 3779 4265 quod
3812 4198 3941 4249 mihi

2357 4289 2615 4357 videtur),
2650 4297 2709 4341 ut
2755 4288 2874 4343 sine
2905 4288 3071 4343 dubio
3112 4297 3305 4343 contra
3362 4286 3614 4353 singulos
3678 4297 3937 4339 uestrum

2357 4380 2541 4448 plures
2570 4378 2896 4449 quingentis
2927 4387 3250 4448 pugnarent,
3276 4379 3331 4431 in
3362 4393 3601 4447 superna
3636 4378 3943 4434 Prov-idea:-

2358 4473 2430 4526 tia
2452 4462 2600 4541 spem
2632 4486 2850 4526 omnem
2874 4470 3303 4524 collocabamus.
3332 4468 3592 4537 Pratcepit
3612 4470 3943 4538 imperator.

692 4570 873 4638 pueris
902 4579 954 4623 et
979 4571 1338 4627 muliebribus
1378 4572 1633 4629 formosis
1658 4576 2068 4647 Vlrginibusque
2094 4578 2145 4631 in
2166 4594 2253 4634 re-
2283 4563 2335 4624 D
2362 4572 2420 4617 ut
2441 4578 2563 4617 eum
2603 4562 2774 4618 sacris
2809 4569 2863 4615 et
2893 4562 3219 4617 venerandis
3256 4560 3588 4628 imaginibus
3616 4571 3672 4615 et
3708 4562 3943 4615 simula-

693 4658 851 4726 gione
884 4658 1075 4713 virenti
1101 4669 1151 4715 et
1178 4659 1405 4725 ﬂoribus
1434 4661 1697 4733 fragranti
1724 4666 2038 4734 quieturum
2089 4675 2144 4722 et
2182 4667 2258 4722 la-

694 4749 872 4802 vacris
906 4749 1287 4816 pulcherrimis
1308 4766 1561 4807 usurum;
1581 4754 1763 4823 Atque
1792 4736 1917 4809 talia
1947 4755 2168 4825 quidem
2199 4756 2254 4811 in

694 4840 787 4892 illo
821 4840 940 4893 loco
972 4855 999 4893 a
1049 4838 1159 4895 Deo
1190 4842 1446 4913 accipiet.
1489 4844 1588 4899 Hic
1644 4857 1826 4900 autem
1878 4848 2057 4901 omnis
2100 4863 2256 4903 exer-

692 4932 834 4987 citus
861 4941 913 4986 et
945 4933 1081 4988 aulze
1120 4949 1398 5003 proceres,
1466 4937 1512 4991 si
1564 4938 1879 5002 vicerimus,
1926 4940 2255 5015 stipendium

695 5024 887 5093 duplex
919 5024 1060 5093 ejus,
1083 5027 1227 5095 quud
1268 5026 1655 5090 nunchabent,
1694 5029 1983 5098 accipient,
2027 5030 2095 5083 ab
2156 5032 2259 5084 hoc

696 5120 819 5172 inde
843 5118 929 5172 die
959 5119 1025 5173 ad
1064 5121 1222 5174 linem
1250 5123 1369 5175 vita:
1392 5136 1584 5191 usque.
1621 5121 1755 5177 Tota
1784 5124 1912 5179 urbs
1938 5126 2114 5179 tribus
2144 5123 2262 5176 die-

698 5212 797 5265 bus
830 5220 1007 5265 vestra
1044 5213 1166 5266 erit.
1216 5212 1295 5267 Ac
1328 5213 1375 5269 si
1434 5214 1556 5283 quis
1596 5215 1897 5284 spoliorum
1976 5216 2255 5285 quidpiam

701 5303 909 5369 'egerit,
936 5317 1059 5356 vasa
1096 5317 1260 5357 aurea
1318 5304 1396 5360 vel
1424 5316 1700 5375 argentea,
1756 5316 1929 5363 vestes
1976 5308 2254 5374 repererit,

704 5393 864 5455 viros,
892 5393 1122 5449 feminas
1159 5393 1401 5464 cujusvis
1429 5397 1607 5451 artatis
1642 5402 1868 5466 ceperit,
1924 5414 2084 5452 nemo
2146 5400 2259 5452 lucc

703 5500 793 5539 vus
829 5485 1103 5553 postulare
1126 5494 1218 5540 aut
1243 5489 1543 5542 molestiam
1580 5489 1730 5543 vobis
1766 5504 1951 5544 creare
1975 5491 2195 5559 poterit.
2239 5509 2257 5542 ι

694 5570 804 5647 Ulli
842 5574 998 5627 tinem
1029 5574 1241 5629 dicendi
1277 5574 1424 5641 fecit,
1459 5590 1807 5631 sacramento
1848 5593 1905 5630 se
1943 5577 2257 5644 obstrinxit,

706 5665 973 5719 facturum
1020 5681 1079 5721 se
1138 5682 1275 5729 esse,
1317 5684 1435 5738 qua:
1482 5670 1848 5739 promisisset.
1905 5668 2103 5724 Milites
2164 5671 2263 5726 hac

702 5761 1009 5814 conditione
1048 5762 1279 5816 miriﬁce
1322 5763 1507 5826 laetati,
1556 5780 1663 5815 uno
1692 5778 1784 5816 ore
1816 5764 2111 5815 clamarunt
2156 5763 2261 5815 lin-

704 5867 806 5921 gua
843 5868 984 5907 sua:
1029 5872 1046 5903 ι
1107 5853 1223 5908 Alia
1285 5854 1429 5909 alia!
1482 5855 1807 5911 Mchemctcs
1856 5856 1997 5911 rcs'l
2049 5856 2150 5907 alia
2186 5856 2196 5907 !
2237 5875 2252 5907 ι

2358 4655 2467 4711 cris
2495 4656 2825 4716 sacerdotes,
2860 4654 3111 4724 episcopi
3147 4663 3200 4710 et
3260 4655 3546 4714 monachi,
3584 4656 3863 4709 mulieres
3893 4667 3943 4708 et

2358 4746 2678 4816 pueri,cum
2719 4746 2971 4816 lacrymis
3006 4745 3149 4798 intra
3200 4745 3413 4798 mtenia'
3444 4744 3602 4799 urbis
3642 4749 3943 4816 obeuntes,

2359 4837 2518 4906 Kyrie
2545 4838 2761 4891 eleeson
2794 4834 3134 4889 clamitarent
3179 4842 3233 4887 et
3262 4833 3369 4888 lico
3408 4834 3827 4901 supplicarent,
3880 4851 3943 4889 ne

2360 4936 2578 4997 propter
2605 4934 2821 4995 peccata
2849 4932 3038 4977 nostra
3067 4922 3121 4975 iu
3156 4922 3409 4977 manibus
3433 4924 3680 4977 hostium
3724 4926 3942 4993 iniquo«

2362 5037 2478 5075 rum
2508 5030 2561 5075 et
2587 5020 2876 5089 impiorum
2913 5025 2987 5079 et,
3017 5032 3157 5085 quos
3180 5025 3324 5069 terra
3371 5013 3639 5079 sustinet,
3699 5019 3942 5069 scelera-

2364 5112 2699 5167 tissimorum
2733 5126 2833 5165 nos
2858 5110 3115 5172 traderet,
3150 5108 3241 5161 sed
3275 5106 3542 5174 propitius
3571 5114 3729 5159 esset
3762 5109 3941 5170 nobis,

2369 5202 2670 5258 litereditati
2707 5218 2838 5258 suse.
2875 5201 3107 5271 Insuper
3136 5198 3595 5266 eollacrymantes
3622 5198 3869 5251 invicem
3888 5216 3941 5253 se

2364 5296 2810 5355 cohortabantur,
2845 5301 2902 5345 ut
2934 5300 3177 5359 tempore
3208 5288 3582 5342 committendi
3618 5292 3801 5357 praelii
3842 5292 3940 5344 ior-

2368 5385 2490 5438 titer
2523 5385 2770 5439 hostibus
2800 5383 3149 5438 resisterent.
3182 5373 3456 5434 Caeterum
3487 5379 3657 5432 etiam
3704 5382 3940 5451 impera-

2367 5477 2716 5531 torluctuosa
2751 5477 2837 5531 illa
2869 5490 3117 5545 vespera,
3154 5454 3381 5529 coactis,
3411 5472 3677 5527 omnibus
3734 5479 3940 5544 primu-

2368 5573 2536 5635 ribus,
2571 5571 2903 5641 principibus
2934 5580 2987 5624 et.
3016 5566 3276 5629 subditis,
3333 5567 3603 5631 tribunis,
3655 5570 3939 5623 centurio-

2369 5667 2528 5719 nibus
2572 5674 2627 5719 ct
2660 5663 2882 5732 reliquis
2934 5662 3224 5731 praecipuis
3269 5659 3560 5725 militibus,
3617 5662 3937 5715 concionem

2368 5758 2554 5813 habuit
2579 5757 2632 5809 in
2677 5757 2820 5809 hunc
2853 5758 3070 5808 modum
3108 5771 3121 5808 :

2440 5850 2489 5903 6.
2532 5871 2547 5901 ι
2586 5849 2865 5919 Principes
2894 5844 3243 5911 nobilissimi,
3278 5844 3484 5900 tribuni
3512 5854 3566 5901 et
3605 5846 3931 5902 militeseu-
