4134 6452
225 467 334 529 8ὶῦ
1228 459 1672 521 CIIRONICON
1710 457 1980 521 MAJUS.
2028 485 2095 494 -ν-
2125 459 2271 521 LIB.
2317 457 2437 518 III.
3344 448 3451 513 886

229 580 503 633 ναιότατοι
542 573 941 646 συστρατιῶται
966 574 1059 628 καὶ
1076 575 1181 637 πᾶς
1207 575 1371 645 272
1404 576 1431 627 6
1458 574 1651 637 πιστὸς
1686 573 1784 626 καὶ
1814 580 1857 636 Α
1888 573 2075 644 θερίαν
2104 574 2283 643 ἡμῶν.
2315 558 2511 644 Τρίτον
2542 567 2821 639 βασιλείαν
2854 566 2952 639 τὴν
2983 564 3112 620 ποτὲ
3168 564 3267 636 μέν
3297 582 3452 635 περι-

228 672 417 739 τίμίος
440 668 590 733 λαὸς,
620 666 801 729 καλῶς
832 667 1012 721 οίδατε
1044 666 1126 719 ὃτι
1151 666 1392 734 ἔφθασεν
1417 668 1450 735 ἡ
1486 666 1603 737 ῶρα
1631 665 1725 719 καὶ
1760 668 1789 718 6
1892 666 2058 734 (pavi),
2087 664 2182 719 νῦν
2210 665 2265 718 δὲ
2292 663 2770 733 τεταπεινωμένην
2811 661 2905 713 καὶ
2934 657 3326 725 ὠνειδισμένην
3356 657 3453 709 καὶ

228 762 427 833 ἐχθρὸς
442 765 542 834 τῆς
572 760 811 824 πίστεως
840 760 996 831 ἡμῶν
1028 758 1279 830 βούλεται
1316 759 1401 812 ἵνα
1432 758 1573 829 μετὰ
1606 758 1789 826 πάσης

228 858 428 926 τέχνης
483 855 578 908 καὶ
663 854 914 922 μηχανῆς
978 852 1343 921 ἰσχυροτέρως
1405 852 1791 919 στενοχωρήσῃ

229 947 402 1016 ἡμᾶς,
434 945 527 999 καὶ
552 944 791 1013 πόλεμον
825 941 1058 1013 σφοδρὸν
1086 942 1227 1012 μετά
1262 942 1585 1012 συμπλοκῆς
1620 940 1792 1009 μεγά-

228 1038 329 1105 λης
390 1038 482 1091 καὶ
533 1021 853 1107 συβρήξεως
895 1037 959 1088 ἐκ
1011 1036 1112 1104 τῆς
1142 1034 1339 1104 χέρσου
1391 1033 1487 1087 καὶ
1515 1032 1792 1107 θαλάσσης

226 1128 379 1199 δῶσῃ
403 1128 537 1199 ἡμίν
569 1106 708 1196 μετὰ
732 1127 913 1194 πάσης
938 1125 1245 1194 δυνάμεως,
1296 1125 1407 1189 ἵνα,
1442 1125 1492 1177 εί
1543 1106 1789 1187 δυνατὸν,

230 1222 310 1282 ὡς
340 1219 466 1288 ὄφις
492 1220 585 1272 τὸν
618 1219 698 1271 ίδν
728 1216 934 1287 ἐκχύσῃ
965 1216 1059 1270 καὶ
1100 1216 1176 1280 ῶς
1223 1215 1359 1269 λέων
1390 1205 1665 1285 ἀνῆμερος
1694 1232 1793 1269 κα-

229 1312 402 1380 ταπίῃ
436 1310 603 1378 ἡμᾶς.
638 1306 945 1379 [Βιάζεται]
977 1307 1066 1361 διὰ
1093 1306 1252 1360 τοῦτο
1286 1307 1431 1375 λέγω
1474 1309 1571 1363 καὶ
1622 1324 1795 1377 παρα-

230 1399 388 1454 καλῶ
415 1400 561 1469 ὑμᾶς
603 1400 691 1452 ῐνα
724 1400 893 1468 στῆτε
917 1400 1181 1470 ἀνδρείως
1223 1401 1321 1454 καὶ
1355 1400 1493 1471 μετά
1539 1402 1793 1469 γενναίας

225 1478 441 1561 ψυχῆς,
471 1492 548 1554 ὡς
578 1491 815 1546 πάντοτε
838 1490 945 1554 ἕως
990 1491 1086 1545 τοῦ
1122 1494 1221 1545 νῦν
1277 1493 1601 1562 ἐποιήσατε,
1654 1491 1792 1544 κατὰ

227 1584 343 1637 τῶν
394 1583 603 1653 ἐχθρῶν
639 1583 740 1651 τῆς
793 1583 1033 1645 πίστεως
1084 1582 1263 1653 ἡμῶν.
1329 1584 1680 1652 Παραδίδωμι
1738 1582 1794 1634 δὲ

230 1675 368 1744 ὑμῖν
396 1674 495 1745 τὴν
556 1674 1024 1743 ἐκλαμπροτάτην
1072 1675 1166 1727 καὶ
1224 1674 1540 1744 περίφημον
1575 1674 1794 1741 ταύτην

231 1767 396 1819 πόλιν
435 1766 529 1817 καὶ
560 1766 798 1836 πατρίδα
827 1765 986 1833 ἡμῶν
1016 1767 1112 1819 καί⁵
1140 1764 1537 1834 βασιλεύουσαν
1564 1764 1674 1817 τῶν
1703 1766 1796 1817 πό-

227 1853 396 1905 λεων.
426 1852 620 1914 Καλῶς
646 1847 741 1904 οὖν
803 1850 1007 1916 οίδατε,
1039 1851 1281 1920 ἀδελφοί,
1312 1851 1392 1904 ὅτι
1418 1851 1506 1905 διὰ
1553 1852 1797 1920 τέσσαρά

229 1958 359 1995 τινα
389 1940 665 2009 ὀφειλέται
689 1939 889 2001 κοινῶς
935 1940 1108 2009 ἐσμεν
1158 1938 1360 2000 πάντες
1397 1938 1486 1989 ῐνα
1522 1939 1792 2007 προτιμή-
1832 1923 1869 1975 Β

237 2049 425 2100 σωμεν
452 2032 747 2086 ἀποθανεῖν
776 2030 979 2099 μᾶλλον
1010 2030 1041 2100 ἢ
1079 2030 1200 2100 ζῇν,
1238 2029 1455 2099 πρῶτον
1507 2031 1608 2099 μὲν
1655 2028 1795 2098 ὑπὲρ

229 2124 338 2193 τῆς
369 2123 607 2186 πίστεως
640 2124 799 2193 ήμῶν
830 2124 925 2175 καὶ
955 2119 1259 2185 εὐσεϐείας,
1290 2120 1543 2190 δεύτερον
1564 2121 1619 2174 δὲ
1654 2122 1794 2192 ὑπὲρ

232 2216 338 2284 τῆς
381 2214 660 2283 πατρίδος,
711 2214 898 2284 τρίτον
952 2213 1009 2265 δὲ
1060 2212 1200 2282 ὑπὲρ
1253 2211 1350 2265 τοῦ
1406 2212 1672 2281 βασιλέως
1719 2213 1795 2275 ὼς

230 2307 478 2374 Χριστοῦ
513 2305 737 2376 Κυρίου,
770 2306 866 2358 καὶ
899 2304 1160 2373 τέταρτον
1212 2302 1352 2374 ὑπὲρ
1382 2304 1664 2372 συγγενῶν
1704 2306 1796 2356 καὶ

229 2398 431 2466 φίλων.
456 2396 680 2458 Λοιπὸν,
716 2395 961 2464 ἀδελφοί,
988 2394 1083 2447 ἐὰν
1128 2394 1404 2465 χρεῶσται
1462 2397 1628 2463 ἐσμεν
1656 2395 1795 2464 ὑπὲρ

227 2490 356 2552 ἐνὸς
390 2489 454 2542 ἐκ
488 2488 600 2541 τῶν
653 2487 943 2557 τεσσάρων
987 2485 1353 2555 ἀγωνίζεσθαι
1399 2479 1505 2549 ἕως
1537 2486 1791 2550 θανάτου,

228 2579 418 2647 πολλῷ
447 2580 651 2649 μᾶλλον
684 2579 828 2649 ὑπὲρ
857 2578 1078 2634 πάντων
1100 2577 1306 2631 τούτων
1340 2579 1525 2646 ἡμεῖς,
1554 2577 1629 2639 ὡς
1671 2576 1793 2645 pte-

225 2688 364 2725 πετε
395 2673 709 2743 προφανῶς,
730 2673 827 2726 καὶ
860 2673 923 2726 ἐκ
953 2672 1180 2725 πάντων
1211 2670 1477 2741 μέλλομεν
1512 2669 1795 2738 ζημιωθῆ-

226 2784 345 2819 ναι.
373 2765 498 2818 Ἐὰν
533 2765 622 2819 διὰ
642 2768 710 2818 τὰ
743 2766 852 2833 ὲμά
877 2764 1328 2834 πλημμελήματα
1367 2760 1746 2832 παραχωρήσῃ
1767 2762 1794 2812 6

225 2858 367 2920 Θεὸς
411 2858 509 2926 τὴν
557 2858 712 2927 νίκην
741 2858 851 2918 τοῖς
902 2854 1181 2919 ἀσεϐέσιν,
1228 2854 1365 2922 ὑπὲρ
1416 2852 1515 2920 τῆς
1559 2854 1794 2911 πίστεως

226 2949 390 3016 ἡμῶν
420 2951 517 3019 τῆς
536 2949 717 3017 ἀγίας,
747 2948 815 3018 ἦν
846 2947 1082 3017 Χριστὸς
1137 2947 1194 2999 ἐν
1244 2946 1319 3014 τῷ
1364 2942 1552 3012 οἰκείῳ
1597 2943 1791 3011 αἵματι

414 3042 544 3109 ἡμῖν
565 3035 1316 3109 ἐδωρήσατο,κινδυνεύομεν’
1334 3037 1486 3088 ὅέστι
1499 3035 1793 3102 κεφάλαιον

224 3133 476 3185 πάντων.
504 3132 614 3183 Καὶ
642 3131 737 3183 ἐὰν
770 3130 861 3182 τὸν
896 3128 1105 3198 κόσμον
1144 3128 1264 3185 ὅλον
1305 3125 1545 3195 κερδήσῃ
1583 3141 1661 3184 τις
1695 3123 1791 3174 καὶ

218 3220 328 3289 τὴν
380 3220 557 3289 ψυχὴν
608 3218 882 3289 ζημιωθῇ,
937 3218 991 3270 τί
1038 3218 1096 3270 τὸ
1124 3216 1349 3283 δφελος;
1392 3213 1653 3280 Δεύτερον
1686 3228 1790 3263 πα-

218 3310 384 3379 τρίδα
408 3326 471 3383 πε
480 3309 611 3380 ρίφη
620 3326 719 3379 μον
735 3307 992 3370 τοιούτως
1016 3304 1395 3376 ὑστερούμεθα
1413 3304 1504 3355 καὶ
1525 3300 1620 3370 τὴν
1639 3300 1787 3351 ἐλευ-

218 3492 456 3556 rissimi,
490 3490 895 3545 commilitones
923 3483 1331 3557 generosissimi
1358 3491 1410 3539 et
1433 3497 1625 3538 omnes
1654 3481 1785 3535 tide-

218 3585 309 3640 les
330 3592 385 3637 et
421 3582 725 3637 honorandi
748 3583 897 3637 cives
932 3582 946 3634 ι
976 3580 1155 3633 Probe
1199 3576 1391 3642 nostis,
1409 3575 1622 3631 venisse
1648 3584 1785 3629 tem-

217 3689 352 3742 pus,
379 3687 490 3749 ouo,
520 3673 642 3728 ﬁdei
674 3682 874 3727 nostrae
919 3670 1092 3725 hostis
1150 3667 1407 3723 omnibus
1456 3666 1667 3720 artibus
1722 3672 1777 3718 et

217 3769 498 3825 machinis
525 3766 899 3823 vehementius
936 3780 1037 3821 nos
1081 3778 1298 3834 urgere,
1344 3769 1398 3816 et
1456 3773 1618 3831 grave
1667 3758 1783 3813 bel-

216 3863 337 3917 lum
371 3874 567 3930 magno
609 3858 863 3914 conﬂictu
897 3867 949 3912 et
999 3856 1299 3912 certamine
1328 3864 1473 3909 terra
1533 3854 1781 3921 marique

215 3968 439 4011 summa
465 3951 817 4007 contentione
846 3950 1003 4005 nobis
1037 3948 1240 4002 inferre
1296 3947 1562 4012 decrevit,
1627 3956 1704 4011 ut,
1737 3947 1783 3999 si

215 4046 419 4115 possit.
445 4053 701 4114 tanquam
733 4042 948 4113 anguis,
985 4052 1254 4095 venenum
1282 4040 1335 4094 in
1391 4054 1491 4094 nos
1521 4038 1779 4101 eﬂ‘undat,

212 4146 302 4198 et,
332 4144 585 4205 tanquam
611 4133 840 4189 immitis
864 4133 972 4197 leo,
1006 4148 1107 4187 nos
1128 4132 1379 4187 devoret.
1431 4130 1611 4197 Quare
1649 4145 1781 4200 rogo

210 4237 280 4284 et
319 4228 510 4283 hortor
537 4242 656 4292 vos,
706 4235 767 4280 ut
790 4224 917 4281 forti
957 4234 1011 4279 et
1058 4239 1322 4296 generoso
1381 4224 1585 4287 animo,
1641 4223 1785 4277 sicut

212 4324 512 4389 hucusque
566 4332 785 4388 semper
839 4316 1074 4381 fecistis,
1133 4317 1383 4373 hostibus
1417 4316 1539 4370 tidei
1587 4325 1783 4370 nostra:

213 4410 518 4466 resistatis.
550 4408 731 4463 Trado
759 4417 813 4463 et
834 4407 1158 4463 commendo
1209 4407 1364 4463 vobis
1420 4406 1781 4461 clarissimam

212 4508 369 4559 hanc
396 4511 452 4558 et
473 4501 737 4557 illustrem
765 4501 978 4565 urbem,
1001 4501 1233 4569 patriam
1254 4510 1523 4564 nostram,
1557 4509 1612 4555 et
1640 4501 1782 4570 regi-

1893 757 2324 825 ἐξουθενημένην
2352 755 2741 821 ἀπωλέσαμεν,
2772 752 2867 805 καὶ
2911 751 3015 804 ὑπὸ
3042 748 3137 801 τοῦ
3183 749 3449 817 τυράννου

1892 847 1987 900 καὶ
2017 845 2247 908 ἀσεϐοῦς
2301 845 2552 915 ἄρχεται.
2601 843 2880 912 Τέταρτον
2925 841 2982 893 δέ
3036 838 3128 893 καὶ
3177 838 3452 906 φιλτάτων

1891 938 2097 991 τέκνων
2149 938 2243 990 καὶ
2296 935 2542 1005 συμϐίων
2577 934 2672 988 καὶ
2724 932 3004 1001 συγγενῶν
3054 928 3450 999 ὑστερούμεθα.

1894 1031 2066 1092 Αὐτὸς
2122 1028 2179 1080 δέ
2236 1029 2264 1080 6
2296 1027 2575 1096 ἀλιτήριος
2620 1028 2648 1078 6
2695 1027 2916 1097 ἀμηρᾶς
2964 1023 3303 1093 πεντήκοντα
3361 1022 3456 1072 καὶ

1894 1120 2031 1173 ἑπτὰ
2060 1120 2271 1189 ἡμέρας
2307 1119 2428 1186 ἄγει
2464 1119 2708 1186 σήμερον
2736 1115 2828 1183 ἀφ’
2855 1115 2913 1167 οὗ
2936 1116 3079 1184 ἡμᾶς
3114 1112 3284 1164 ἐλθὼν
3321 1109 3457 1163 ἀπέ-

1894 1215 2111 1266 κλεισεν
2139 1213 2232 1263 καὶ
2268 1210 2406 1279 μετὰ
2437 1209 2617 1278 πάσης
2668 1206 2921 1277 μηχανῆς
2967 1205 3061 1257 καὶ
3102 1202 3281 1274 ίσχύος
3325 1199 3452 1254 καθ’

1893 1305 2107 1375 ἡμέραν
2126 1320 2181 1355 τε
2207 1304 2299 1355 καί⁵
2326 1301 2493 1354 νύκτα
2510 1302 2613 1355 οὐκ
2640 1299 2921 1353 ἐπαύσατο
2942 1296 3241 1365 πολιορκῶν
3262 1294 3412 1361 ἡμᾶς
3437 1308 3453 1322 ⁸

1896 1398 1986 1450 καὶ
2018 1398 2202 1466 χάριτι
2233 1394 2327 1448 τοῦ
2366 1396 2746 1447 παντεπόπτου
2782 1384 3023 1458 Χριστοῦ
3056 1386 3267 1454 Κυρίου
3298 1383 3455 1451 ἡμῶν

1894 1490 1957 1542 ἐκ
1991 1488 2098 1541 τῶν
2127 1485 2326 1555 τειχῶν
2350 1484 2489 1552 μετά
2508 1482 2769 1551 αἰσχύνης
2800 1481 2926 1550 ἄχρι
2956 1479 3051 1531 τοῦ
3076 1478 3170 1530 νῦν
3189 1476 3453 1533 πολλάκις

1895 1579 2083 1633 κακῶς
2116 1576 2480 1644 ἀπεπέμφθη.
2516 1573 2598 1626 Τὰ
2640 1570 2735 1625 νῦν
2764 1570 2817 1622 δὲ
2860 1569 3044 1632 πάλιν,
3091 1566 3331 1634 ἀδελφοὶ,
3381 1566 3455 1633 μὴ

1895 1670 2221 1739 δειλιάσητε,
2270 1669 2362 1722 ἐὰν
2393 1669 2485 1721 καὶ
2531 1668 2709 1734 τεῖχος
2764 1664 2993 1733 μερόθεν
3023 1659 3201 1729 ὀλίγον
3232 1661 3296 1711 ἐκ
3343 1657 3461 1711 τῶν

1897 1764 2110 1832 κρότων
2145 1762 2238 1813 καὶ
2270 1761 2381 1813 τῶν
2419 1757 2725 1827 πτωμάτων
2755 1758 2864 1808 τῶν
2915 1754 3213 1806 ἐλεπόλεων
3268 1750 3453 1809 ἔπεσε,

1898 1856 2052 1916 διότι,
2073 1854 2148 1916 ὡς
2165 1853 2323 1921 ὑμεῖς
2353 1851 2631 1918 θεωρεῖτε,
2664 1847 2810 1901 κατὰ
2841 1846 2902 1899 τδ
2934 1843 3154 1899 δυνατδν
3187 1840 3458 1908 ἐδιωρθώ-

1898 1964 1962 1999 σα
1975 1963 2075 2015 μεν
2106 1944 2266 1997 πάλιν
2316 1943 2467 1996 αὐτό.
2505 1941 2693 2010 Ἡμεῖς
2718 1941 2896 1993 πᾶσαν
2919 1937 3016 2006 τὴν
3043 1936 3232 1988 ἐλπίδα
3258 1934 3337 1995 είς
3362 1935 3461 1998 τὴν

1895 2041 2106 2107 ἄμαχον
2138 2037 2296 2102 δόξαν
2324 2036 2418 2088 τοῦ
2446 2035 2580 2088 Θεοῦ
2611 2033 2935 2102 ἀνεθέμεθα,
2972 2023 3116 2083 οὗτοι
3150 2031 3207 2081 ἐν
3241 2028 3455 2095 ἅρμασι

1894 2132 1987 2184 καὶ
2008 2123 2152 2184 οὗτοι
2186 2132 2243 2182 ἐν
2272 2128 2463 2189 ἵπποις
2503 2127 2597 2181 καὶ
2630 2125 2859 2193 δυνάμει
2893 2125 2986 2177 καὶ
3030 2120 3246 2188 πλήθει,
3294 2121 3457 2186 ἡμεῖς

1893 2224 1946 2274 δέ
1980 2224 2035 2274 ὲν
2063 2222 2283 2289 ὀνόματι
2334 2219 2533 2288 Κυρίου
2575 2218 2669 2271 τοῦ
2718 2216 2850 2269 Θεοῦ
2881 2216 2973 2268 καὶ
3022 2214 3266 2281 Σωτῆρος
3302 2210 3462 2279 ἡμῶν

1894 2314 2258 2382 πεποίθαμεν,
2281 2312 2431 2365 δεῦτε
2445 2328 2536 2381 ρον
2558 2310 2612 2363 δὲ
2638 2312 2734 2362 καὶ
2756 2312 2812 2360 ἐν
2832 2309 2951 2369 ταῖς
2976 2306 3272 2376 ἡμετέραις
3302 2321 3359 2371 χε
3371 2306 3459 2371 ps".

1894 2405 1988 2457 καὶ
2013 2402 2414 2472 ρωμαλεότητι,
2445 2402 2510 2471 ἦν
2542 2401 2856 2470 ἐδωρήσατο
2899 2399 3031 2468 ἡμῖν
3065 2400 3096 2466 ἡ
3151 2398 3269 2447 θεία
3298 2392 3459 2447 δύνα-

1896 2486 2009 2563 μις.
2038 2493 2296 2562 Γνωρίζω
2327 2493 2383 2545 δὲ
2429 2493 2511 2545 ὅτι
2553 2490 2693 2559 αὕτη
2743 2490 2775 2559 ὴ
2814 2488 3255 2559 μυριαρίθμητος
3287 2485 3457 2553 ἀγέλη

1892 2587 2000 2639 τῶν
2035 2585 2270 2648 ἀσεϐῶν,
2318 2584 2499 2647 καθὼς
2539 2586 2572 2653 ή
2607 2582 2786 2635 αὐτῶν
2812 2582 3094 2651 συνήθεια,
3146 2577 3457 2631 ἐλεύσονται

1895 2678 2018 2730 καθ’
2076 2677 2231 2746 ἡμῶν
2281 2674 2444 2746 2⁸14¹
2493 2675 2630 2745 μετὰ
2685 2672 2957 2743 βαναύσου
2991 2670 3087 2724 καὶ
3140 2668 3458 2739 ἐπηρμένης

1892 2767 2094 2837 ὀφρύος
2123 2768 2218 2819 καὶ
2264 2767 2498 2834 θάρσους
2551 2764 2747 2816 πολλοῦ
2797 2766 2895 2817 καὶ
2929 2762 3073 2831 βίας,
3107 2762 3192 2814 ἵνα
3245 2760 3464 2833 διὰτί»

1893 2861 2174 2928 ὀλιγότητα
2207 2858 2361 2926 ἡμῶν
2393 2856 2622 2925 ολίψωσι
2645 2856 2737 2907 καὶ
2771 2856 2834 2907 ἐκ
2866 2857 2959 2907 τοῦ
2994 2859 3161 2907 κόπου
3194 2869 3458 2921 στενοχω-

1896 2952 2126 3018 ρήσωσι,
2173 2951 2265 3001 καὶ
2304 2949 2444 3018 μετὰ
2481 2946 2672 3015 φωνῶν
2719 2945 2969 3012 μεγάλων
3002 2945 3095 2996 καὶ
3125 2942 3458 3009 ἀλαλαγμῶν

1892 3041 2303 3111 ἀναριθμήτων,
2356 3040 2442 3092 ἵνα
2491 3040 2636 3108 ἡμᾶς
2685 3039 2987 3106 φοϐήσωσι.
3038 3037 3148 3097 Τὰς
3199 3035 3456 3095 τοιαύτας

1893 3134 2072 3188 αὐτῶν
2102 3134 2376 3204 φλυαρίας
2423 3133 2605 3193 καλῶς
2663 3133 2862 3196 οίδςιτε,
2898 3131 3075 3184 καὶού
3123 3128 3227 3199 χρὴ
3277 3128 3460 3195 λέγειν

1895 3226 2022 3297 περὶ
2045 3226 2269 3279 τούτων.
2304 3225 2413 3277 Καὶ
2435 3224 2552 3295 ὥρᾳ
2594 3223 2769 3290 ὀλίγοι
2795 3220 2969 3275 ταῦτα
3022 3223 3311 3289 ποιήσωσι,
3362 3221 3455 3271 καὶ

1893 3320 2294 3391 ἀναριθμήτους
2324 3318 2529 3387 πέτρας
2582 3317 2677 3369 καί
2711 3316 2872 3384 ἔτερα
2924 3313 3049 3383 βέλη
3082 3314 3175 3367 καὶ
3224 3312 3457 3366 {1.56015-

1890 3503 2212 3571 dcpressum
2253 3509 2307 3555 et
2349 3508 2589 3570 spretum
2634 3507 2685 3552 et
2720 3505 3095 3567 contemptum
3131 3496 3452 3558 amittimus,

1892 3594 1943 3648 in
1969 3602 2290 3663 potestatem
2341 3593 2551 3662 tyranni
2591 3602 2644 3645 et
2680 3592 2829 3659 impii
2862 3590 3100 3644 hominis
3156 3602 3453 3643 concessu-

1891 3702 2009 3740 rum
2038 3703 2052 3749 ;
2094 3696 2374 3755 postremo
2401 3684 2586 3738 liberis
2622 3682 2998 3746 amatissimis,
3028 3681 3355 3749 coniugibus
3399 3690 3453 3733 ct

1891 3779 2142 3849 cognatis
2175 3778 2500 3847 spoliantur.
2540 3774 2636 3829 Est
2678 3783 2858 3828 autem
2913 3774 3031 3828 dies
3060 3773 3453 3842 quinquagesi-

1891 3887 2012 3924 mus
2043 3871 2333 3937 septimus,
2372 3884 2438 3925 ex
2472 3884 2580 3938 quo
2626 3868 2894 3921 scelestus
2947 3867 3047 3919 iste
3084 3880 3297 3920 ameras
3346 3878 3458 3918 nos

1888 3964 2143 4017 obsessos
2182 3971 2327 4016 tenet
2380 3970 2435 4015 et
2470 3960 2725 4013 omnibus
2769 3958 3037 4013 machinis
3089 3959 3346 4027 omnique
3403 3959 3451 4010 vi

1890 4054 1975 4107 die
1998 4069 2059 4105 ac
2084 4060 2246 4105 nocte
2271 4066 2369 4105 nos
2405 4064 2721 4119 oppugnare
2750 4064 2853 4104 non
2910 4048 3128 4103 desistit
3180 4066 3194 4101 :
3233 4058 3289 4101 at
3336 4065 3450 4101 om.

1889 4146 1978 4199 nia
2006 4147 2265 4201 intuentis
2292 4146 2498 4200 Christi
2532 4145 2743 4199 Domini
2783 4145 2953 4212 gratia
3016 4143 3302 4211 hucusque
3355 4158 3461 4195 σπι-η

1891 4246 2187 4299 penumero
2213 4247 2336 4286 cum
2360 4232 2626 4286 dedecore
2651 4246 2680 4284 a
2723 4231 2996 4285 mmnibus
3041 4230 3292 4299 repulsus
3341 4243 3455 4283 est.

1889 4324 2233 4392 QuaprOpIer
2288 4339 2387 4379 nec
2438 4338 2604 4389 nunc,
2655 4324 2874 4387 fratres,
2910 4324 3092 4377 timori
3144 4324 3321 4377 locum
3370 4338 3459 4376 re-‘

1891 4414 2176 4483 linquatis,
2205 4415 2421 4470 etiamsi
2451 4417 2649 4471 muenia
2701 4416 2882 4484 aliqua
2914 4431 2979 4469 ex
3016 4424 3169 4484 parte
3226 4424 3453 4484 propter

1889 4507 2220 4577 hclepolium
2244 4508 2437 4576 pulsus
2469 4520 2522 4564 et
2577 4511 2717 4564 ictus
2751 4517 3105 4574 corruerunt,
3160 4509 3449 4578 quoniam,

213 4608 350 4649 "3'"
383 4593 623 4647 urbium-
653 4589 772 4645 N0“
804 4592 1089 4662 ignoratis.
1120 4590 1339 4659 (⁸⁸³11⁵8⁸,
1385 4602 1624 4662 qualum
1682 4609 1781 4648 n0—
1814 4626 1858 4681 υ
1889 4608 1951 4654 ut
1986 4598 2183 4654 videtis
2214 4600 2338 4668 ipsi,
2378 4615 2477 4669 pro
2506 4600 2714 4655 viribus
2730 4615 2793 4654 ea
2821 4600 3273 4657 iustauravimus.
3314 4602 3447 4655 Om-

212 4684 464 4739 minibus
491 4686 855 4739 communiter
878 4694 1073 4740 Omnes
1092 4698 1190 4739 nos
1214 4694 1442 4740 mortem
1481 4687 1603 4739 vita:
1624 4697 1781 4741 ante-

210 4790 424 4848 ponere
455 4776 675 4840 debere,
706 4777 942 4846 primum
969 4791 1066 4846 pro
1096 4775 1200 4830 ﬁde
1224 4785 1276 4830 et
1314 4777 1534 4845 pietate,
1569 4776 1773 4832 deinde

211 4881 323 4943 pro
352 4867 547 4936 patria,
575 4876 689 4922 tum
714 4883 810 4937 pro
843 4868 1171 4937 imperatore
1204 4876 1262 4922 ut
1291 4878 1457 4922 uncto
1481 4883 1641 4923 serto
1674 4867 1781 4922 Do-

209 4957 382 5023 mini,
403 4966 677 5026 postremo
696 4972 794 5027 pro
815 4959 1058 5028 cognatis
1088 4967 1139 5013 et
1167 4959 1378 5013 amicis.
1413 4957 1641 5023 Quodsi,
1673 4959 1780 5012 l’ra-

211 5059 364 5112 tres,
402 5063 497 5117 pro
557 5063 663 5102 una
723 5050 919 5104 barum
971 5058 1209 5119 quatuor
1262 5064 1444 5104 rerum
1500 5050 1780 5104 decertare

209 5154 395 5209 usque
413 5139 481 5193 ad
521 5154 708 5196 necem
729 5141 1015 5205 debemus,
1054 5140 1229 5197 multo
1256 5141 1451 5210 magis,
1482 5149 1544 5195 ut
1569 5140 1777 5209 liquido

207 5238 461 5299 apparet,
479 5244 577 5299 pro
607 5230 694 5285 his
720 5223 976 5288 omnibus
999 5240 1228 5286 mortem
1248 5240 1355 5284 non
1377 5230 1775 5286 recusabimus.

208 5322 276 5376 Si
301 5332 520 5390 propter
549 5322 749 5377 delicta
776 5337 897 5377 mea
928 5321 1071 5377 Deus
1097 5322 1382 5376 victoriam
1427 5322 1613 5391 impiis
1640 5338 1777 5378 con-

207 5412 462 5476 cesserit,
496 5412 550 5467 in
586 5424 770 5468 sancta
804 5414 907 5468 {ide
938 5425 1147 5481 nostra,
1182 5429 1344 5484 quam
1372 5413 1623 5472 Christus
1648 5431 1775 5472 san-

209 5504 385 5572 guine
418 5518 521 5559 suo
572 5505 735 5560 nobis
784 5507 1016 5574 paravit,
1074 5505 1447 5574 periclitamur
1504 5507 1597 5561 :id
1628 5508 1774 5577 quod

205 5597 460 5650 omnium
487 5606 650 5666 caput
680 5608 782 5651 est.
813 5596 948 5651 Nam
1017 5597 1063 5653 si
1108 5597 1233 5667 quis
1282 5607 1455 5654 totum
1508 5600 1771 5654 mundum

205 5685 476 5748 lucretur,
510 5689 707 5741 animae
738 5697 918 5742 autem
940 5688 1324 5743 detrimentum
1365 5689 1623 5759 patiatur,
1644 5691 1771 5760 quid

207 5774 291 5827 illi
319 5775 608 5843 proderit?
638 5776 887 5833 Secundo
941 5777 1059 5834 loco
1092 5781 1273 5835 inclita
1305 5782 1480 5851 patria
1506 5790 1561 5836 et
1586 5782 1757 5836 liber-

208 5873 324 5920 tate
365 5868 658 5935 privamur.
698 5870 883 5925 Tcrtio
908 5872 1584 5941 imperinmolimillustre,
1624 5892 1763 5929 nunc

1886 4706 2006 4745 nem
2035 4707 2182 4759 spem
2232 4693 2285 4744 in
2313 4691 2483 4760 gloria
2513 4692 2712 4746 invicta
2764 4691 2857 4745 Dei
2903 4693 3310 4747 Collocavimus.
3366 4695 3451 4749 Illi

1880 4779 2157 4843 curribus,
2188 4780 2362 4849 equis,
2413 4781 2602 4847 copiis,
2646 4779 3000 4842 multitudini,
3056 4795 3155 4834 nos
3181 4781 3296 4845 Dei,
3336 4780 3447 4836 Do-

1881 4872 2011 4925 mini
2039 4883 2092 4925 et
2126 4872 2423 4927 Sailvatoris
2454 4872 2649 4935 nostri,
2682 4872 2914 4934 nomini,
2968 4871 3169 4926 deinde
3219 4873 3447 4927 demum

1880 4962 2134 5016 manibus
2161 4970 2215 5015 et
2247 4962 2426 5016 robori
2460 4962 2697 5027 ﬁdimus,
2724 4977 2752 5016 a
2779 4963 2965 5016 divina
3009 4964 3253 5032 polentia
3286 4966 3451 5018 nobis

1878 5055 2115 5109 donatis.
2155 5054 2281 5109 Scio
2322 5055 2598 5125 equidem,
2642 5056 2779 5110 hanc
2820 5055 3270 5111 innumerabilem
3333 5058 3438 5111 im-

1878 5146 2092 5214 piorum
2123 5146 2334 5199 turbam
2361 5161 2512 5200 more
2542 5161 2643 5201 suo
2670 5154 2864 5200 contra
2898 5162 2998 5200 nos
3046 5162 3440 5213 processuram

1876 5252 1996 5293 esse
2035 5254 2177 5292 cum.
2202 5237 2374 5302 fastu,
2408 5239 2553 5292 elato
2594 5240 2913 5308 supercilio,
2960 5240 3241 5307 spiritibus
3292 5258 3436 5310 Inag-

1876 5330 1962 5384 nis
2006 5337 2060 5384 et
2079 5330 2355 5393 violentia,
2401 5339 2580 5385 utnos
2620 5345 2822 5399 paucos
2847 5338 3149 5399 urgeantet
3176 5334 3439 5386 aerumnis
3532 5322 3535 5327 ’

1874 5430 2146 5489 premant,
2184 5420 2389 5489 ingenti
2415 5421 2542 5474 item
2575 5436 2698 5476 cum
2728 5422 2968 5476 clamore
2985 5431 3039 5476 et
3062 5423 3295 5486 ululatu,
3331 5432 3444 5492 quo

1876 5520 2080 5566 metum
2107 5513 2266 5566 nobis
2300 5512 2555 5581 injiciant
2590 5530 2606 5567 :
2654 5530 2791 5583 quas
2816 5528 3004 5567 eorum
3059 5529 3231 5581 nugas
3271 5517 3443 5583 probe

1874 5603 2069 5664 nostis.
2107 5612 2165 5656 ut
2190 5602 2325 5656 nihil
2350 5605 2600 5667 attineat,
2636 5605 2702 5658 de
2758 5604 2841 5658 his
2866 5605 3067 5659 dicere.
3118 5606 3233 5659 Non
3274 5606 3439 5673 pauci

1874 5703 1986 5747 tum
2020 5696 2092 5748 ita
2119 5693 2337 5758 facient,
2370 5706 2531 5763 atque
2558 5694 2763 5763 lapides
2795 5695 3130 5765 aliaquetela
3159 5696 3435 5765 etjacula,

1872 5796 1933 5839 ut
1975 5800 2137 5841 arena
2176 5786 2363 5849 maris,
2416 5787 2721 5850 innumera,
2776 5786 2827 5840 in
2866 5803 2965 5842 nos
3021 5787 3383 5854 conjicientur
3415 5803 3435 5839 :

1872 5879 2069 5941 quibus
2100 5888 2277 5933 tamen
2306 5878 2441 5933 nihil
2497 5894 2594 5933 nos
2622 5879 2812 5934 laesum
2880 5880 2939 5931 iri
2972 5878 3203 5941 cmzﬁtln,
3259 5892 3441 5947 quan»-
