4134 6452
153 517 248 580 869

1152 498 1595 567 CIIIKONICON
1637 492 1907 557 MAJUS.
1950 487 2190 549 -ῖιΒ,
2223 485 2314 545 IlI

3261 471 3368 538 870

159 629 585 698 Μεσοποταμίαν,
604 625 856 696 Φοινίκην
891 624 985 678 καὶ
1014 622 1405 688 Παλαιστίνην,
1440 614 1700 686 ’Δραόίαν
1726 612 1778 673 Α
1804 596 2582 698 ὑπερασπισταί.ᾼοἵδατε“γάρ
2614 594 2816 698 καλῶς,
2845 594 2944 698 καὶ
2972 590 3237 698 δευτέραν
3255 609 3369 698 ‘ra.

157 742 207 776 τε
239 724 330 777 καὶ
381 722 662 783 ἰδυδαίαν,
699 718 1072 788 Βακτριανοὺς
1104 717 1194 768 καὶ
1246 712 1480 773 Σκύθας,
1514 710 1703 761 Μακε-

157 815 326 870 δονίαν
375 813 469 867 καὶ
495 810 813 873 Θετταλίαν,
859 808 1110 870 Ἐλλάδα,
1141 806 1422 866 Βοιωτίαν,
1459 797 1704 866 Λοκροὺς

155 906 243 957 καὶ
277 903 563 964 Αἰτωλοὺς,
614 899 1005 968 Ἀκαρνανίαν,
1043 896 1266 965 ’Ᾱχαίαν
1297 894 1390 945 καὶ
1436 887 1705 943 Πελοπόν-

153 1013 331 1064 νησον,
360 994 626 1061 ΙἬπειρον
655 991 751 1044 καὶ
791 991 853 1042 τὸ
896 987 1189 1058 Ὶλλυρικδν
1211 1027 1227 1051 ,
1264 971 1530 1054 Ᾱυχνίτας
1564 980 1708 1034 κατά

153 1086 210 1137 τὸ
246 1083 630 1154 Ἀνδριατικὸν,
675 1079 928 1143 Ἰταλίαν,
962 1075 1315 1136 Τουσκίνους,
1348 1072 1584 1131 Κελτοὺς
1614 1069 1708 1120 καὶ

159 1175 586 1242 Κελτογαλάτας,
636 1172 883 1249 Ἰϐηρίαν⁸
908 1188 969 1222 τε
996 1171 1089 1222 καὶ
1128 1168 1232 1230 ἕως
1273 1166 1380 1218 τῶν
1408 1164 1706 1232 Γαδείρων,

156 1269 356 1323 Λιϐύαν
377 1267 469 1321 καὶ
486 1265 880 1335 Μαυρητανίαν
897 1264 993 1316 καὶ
1008 1259 1385 1328 Μαυρουσίαν,
1400 1249 1706 1317 Αἰθιοπίαν,

155 1360 402 1424 Βελέδας,
425 1357 686 1426 Σκούδην,
710 1355 1011 1425 Νουμιδίαν
1030 1353 1126 1405 καὶ
1151 1349 1419 1419 Ἀφρικὴν
1444 1348 1531 1400 καὶ
1556 1348 1710 1411 Αῐγυ-

157 1470 306 1516 πτον,
340 1452 500 1511 αὑτὸς
528 1449 596 1501 τὰ
625 1448 719 1498 νῦν
764 1447 1011 1519 βούλεται
1059 1442 1343 1506 δουλῶσαι,
1368 1441 1462 1493 καὶ
1485 1439 1585 1508 τήν
1611 1455 1711 1490 κυ-

154 1544 443 1611 ριεύουσαν
484 1542 646 1612 277
677 1540 786 1592 τῶν
838 1538 1046 1590 πόλεων
1104 1534 1254 1603 ζυγῷ
1293 1531 1588 1585 ὑποϐαλεῖν
1618 1531 1714 1583 καὶ

155 1634 390 1704 δουλείᾳ,
413 1633 505 1686 καὶ
533 1633 632 1696 τὰς
666 1632 827 1698 ἀγίας
853 1628 1149 1697 ἐκκλησίας
1171 1627 1348 1696 ήμῶν,
1368 1625 1497 1678 ἔνθα
1518 1626 1715 1692 ἐπροσ-

157 1718 429 1794 κυνέῖτοὴ
481 1725 610 1792 ἁγία
661 1721 828 1793 Τριάς
881 1723 977 1774 καὶ
1023 1719 1388 1785 ὲδοξολογεῖτο
1440 1716 1500 1768 τὸ
1547 1714 1717 1778 πανάτ

157 1838 293 1887 γιον,
333 1819 421 1870 καὶ
449 1818 583 1869 ὅπου
617 1817 665 1867 οί
695 1814 916 1880 ἄγγελοι
945 1810 1208 1880 ἠκούοντο
1238 1810 1430 1878 ὑμνεῖν
1456 1809 1516 1860 τὸ
1559 1808 1712 1860 Θεῖον

156 1913 251 1965 καὶ
285 1911 377 1981 τήν
397 1910 656 1976 ἒνσαρκον
686 1907 780 1959 τοῦ
811 1904 945 1957 Θεοῦ
964 1904 1137 1970 Λόγου
1167 1900 1499 1970 οἰκονομίαν,
1529 1899 1715 1969 βούλε-

1803 699 1960 770 τρίδα
1991 697 2084 751 καὶ
2110 695 2324 766 μητέρα
2351 693 2518 761 αὐτὴν
2547 691 2784 752 ἀεννὰως
2813 689 2987 757 εἴχετε
3008 703 3022 718 ’

1805 789 2061 858 δευτέρου
2097 788 2258 842 πάλιν
2288 785 2431 851 λέγω
2453 785 2543 837 καὶ
2565 780 2872 852 παρακαλῶ
2898 780 2983 831 ἴνα
3009 779 3066 830 ὲν
3089 777 3223 844 αὐτῇ
3249 773 3364 842 ὥρᾳ

1806 881 1880 942 ὡς
1911 878 2220 948 φιλόπιστοί
2248 893 2305 928 τε
2337 875 2430 927 καὶ
2478 873 2766 942 ὀμόπιστοι
2814 867 2909 922 καὶ
2961 865 3179 934 ἀδελφοὶ
3212 863 3370 932 ποιήο

3074 685 3154 738 διὸ
3185 686 3273 737 καὶ
3305 686 3368 734 ὲκ

1809 989 1959 1044 σητε.
1993 990 2011 1022 ι
2047 968 2177 1024 Εἶτα
2209 967 2470 1037 στραφεῖς
2499 966 2556 1016 ὲν
2582 965 2692 1022 τοῖς
2720 960 3031 1032 ἀριστεροῖς
3074 956 3262 1025 μέρεσι
3284 953 3372 1005 λέ-

1809 1083 1894 1133 γει
1926 1066 2036 1124 τοῖς
2069 1061 2420 1129 Λιγουρίταις
2454 1076 2467 1088 ·
2504 1076 2522 1109 ι
2553 1052 2624 1108 Ὦ
2655 1054 3001 1123 Λιγουρῖται,
3031 1049 3372 1116 ἐντιμότατοι

1810 1153 2052 1219 ἀδελφοὶ,
2095 1151 2284 1219 ἀνδρες
2315 1148 2481 1216 278
2529 1144 2855 1214 πολεμισταὶ
2885 1145 2980 1195 καὶ
3032 1137 3370 1208 μεγαλοκὰρ·

1811 1250 1910 1301 διοι
1946 1248 2039 1299 καὶ
2068 1243 2358 1314 φημιστοὶ,
2392 1240 2571 1302 καλῶς
2608 1240 2784 1292 οίδατε
2821 1237 2916 1291 καὶ
2957 1234 3260 1304 γινώσκετε
3293 1231 3376 1282 ὅτι

1813 1343 1846 1410 ή
1879 1339 2145 1408 δυστυχὴς
2196 1337 2333 1405 αὕτη
2391 1335 2544 1396 πιλις
2599 1333 2833 1386 πάντοτε
2889 1330 2988 1384 οὑκ
3027 1330 3151 1397 ἐμοὶ
3215 1324 3379 1378 μόνον

1816 1433 2076 1501 ὑπῆρχεν,
2132 1428 2267 1481 ἀλλὰ
2329 1428 2420 1479 καὶ
2469 1428 2595 1494 ὑμῖν
2649 1425 2738 1478 διὰ
2797 1421 2966 1474 πολλά
3024 1436 3143 1471 τινα
3189 1417 3372 1468 αἴτια.

1825 1528 2014 1592 Ὑμεῖς
2048 1526 2146 1592 μὲν
2180 1521 2439 1582 πολλάκις
2475 1521 2609 1588 μετὰ
2642 1516 2954 1588 προθυμίας
2980 1513 3118 1582 αὐτῇ
3147 1508 3380 1578 ἐϐοηθήο

1817 1637 1967 1683 σατε,
2005 1615 2409 1684 καὶ“συνδρομῇ
2442 1614 2685 1682 ὑμετέρᾳ
2715 1610 3058 1679 ἐλυτρώσατε
3111 1607 3218 1659 ἀπὸ
3270 1603 3381 1656 τῶν

1830 1710 2146 1781 Ἀγαρηνῶν
2186 1709 2294 1760 τῶν
2340 1706 2512 1773 αὑτῆς
2563 1704 2841 1757 ἐναντίων.
2899 1699 2980 1754 Τὰ
3035 1700 3128 1752 νῦν
3163 1698 3325 1752 πάλιν
3353 1696 3383 1748 6

1817 1805 2005 1872 καιρός
2051 1804 2199 1854 ἐστιν
2240 1800 2548 1870 ἐπιτήδειος
2585 1799 2671 1850 ἴνα
2719 1797 2929 1863 δείξητε
2985 1794 3063 1855 εἰς
3127 1790 3383 1861 βοήθειαν

1818 1899 1986 1964 αὐτῆς
2030 1894 2126 1964 τὴν
2163 1891 2385 1964 Χριστῷ
2441 1891 2661 1958 ἀγάπην
2717 1889 2811 1942 καὶ
2863 1885 3086 1956 ἀνδρίαν
3127 1886 3220 1936 καὶ
3254 1899 3385 1950 γεν-

154 1964 251 2057 ται
282 1964 502 2072 πόιῆσαι
531 1964 895 2069 προσκύνημα
923 1998 1020 2065 τῆς
1053 1964 1220 2048 αὑτοῦ
1245 1964 1591 2064 βλασφημίας
1622 1992 1719 2044 καὶ
1747 1964 1792 2021 Β
1820 1989 2076 2058 ναιότητα
2103 1987 2276 2056 ὑμῶν.
2321 2003 2339 2036 ι
2383 1986 2491 2037 Καὶ
2524 1981 2908 2051 πληθυντικῶς
2958 1977 3219 2072 στραφεὶς
3251 1975 3385 2072 πρὸς

157 2096 254 2149 τοῦ
289 2092 566 2163 φληναφοῦ
611 2089 776 2145 αὑτοῦ
813 2090 1261 2159 ψευδοπροφήτου
1319 2085 1588 2155 Μωάμεθ,
1627 2084 1719 2135 καὶ

157 2190 580 2256 κατοικητήριον
621 2188 830 2252 ἀλόγων
865 2186 959 2236 καὶ
993 2182 1277 2251 καμήλων.
1304 2181 1524 2242 Λοιπὸν,
1570 2180 1720 2230 ἁδελ-

157 2281 254 2347 φοὶ
285 2278 374 2331 καὶ
405 2278 826 2346 συστρατιῶται,
854 2274 997 2326 κατὰ
1026 2272 1152 2324 νοῦν
1181 2271 1517 2339 ἐνθυμήθητε
1551 2269 1636 2320 ἵνα
1662 2269 1720 2320 τὸ

162 2370 506 2438 μνημόσυνον
532 2368 684 2436 ὑμῶν
713 2368 805 2418 καὶ
838 2368 869 2434 ἡ
915 2364 1103 2434 μνήμη
1159 2363 1254 2414 καὶ
1283 2363 1313 2430 ή
1360 2361 1516 2430 φήμη
1564 2361 1654 2412 καὶ
1687 2362 1719 2428 ἠ

154 2463 442 2531 ἐλευθερία
471 2460 702 2522 αἰωνίως
735 2461 1054 2529 γενήσηται.
1089 2476 1107 2508 ι

231 2555 341 2608 Καὶ
372 2554 632 2620 στραφεὶς
662 2551 799 2621 πρὸς
825 2551 948 2610 τοὺς
991 2549 1242 2612 Ἐνετοὺς
1276 2550 1334 2600 ἐν
1378 2549 1487 2608 τοῖς
1532 2546 1721 2608 δεξιοῖς

159 2649 389 2720 μέρεσιν
416 2643 734 2712 ἱσταμένους
763 2643 866 2710 ἔφη
889 2656 946 2690 "t
974 2639 1179 2692 Ἐνετοὶ
1209 2640 1472 2705 εὐγενεῖς,
1505 2637 1724 2702 ἀδελφοὶ

157 2737 506 2807 ἠγαπημένοι
534 2737 589 2785 ὲν
617 2731 836 2802 Χριστῷ
857 2731 932 2799 τῷ
959 2730 1076 2798 Θεῷ
1097 2769 1111 2793 ,
1141 2730 1330 2798 ἄνδρες
1382 2728 1592 2796 ἰσχυροὶ
1635 2727 1722 2777 καὶ

159 2845 498 2899 στρατιῶται
522 2825 735 2878 δυνατοὶ
765 2825 856 2876 καὶ
891 2824 947 2874 ὲν
972 2821 1228 2890 πολέμοις
1263 2818 1648 2886 δοκιμώτατοι,
1678 2816 1726 2867 οἳ

155 2923 254 2975 διὰ
284 2921 389 2973 τῶν
417 2917 830 2985 ἐστιλὸωμένων
857 2914 1016 2984 ὑμῶν
1064 2911 1346 2982 ρομφαίων
1385 2911 1475 2961 καὶ
1510 2910 1727 2976 χάριτος

158 3012 430 3074 πολλάκις
462 3009 665 3079 πλῆθος
706 3007 814 3060 τῶν
855 3006 1174 3074 ’Δγαρηνῶν
1203 3000 1602 3064 ὲθανατώσατε,
1633 3000 1728 3050 καὶ

155 3107 226 3158 τὸ
261 3101 399 3172 αἷμα
428 3101 604 3155 αὐτῶν
641 3098 980 3168 ποταμειδῶς
1009 3098 1071 3146 ὲκ
1107 3093 1213 3146 τῶν
1241 3093 1436 3162 χειρῶν
1458 3093 1610 3161 ὑμῶν
1637 3090 1729 3160 ξρ-

159 3200 354 3266 ρευσε,
383 3197 449 3264 τῇ
499 3195 736 3262 σήμερον
766 3188 1071 3258 παρακαλῶ
1122 3189 1266 3256 ὑμᾶς
1300 3187 1384 3238 ῖνα
1428 3186 1526 3255 τὴν
1574 3184 1729 3236 πόλιν

154 3289 374 3354 ταύτην
402 3286 514 3353 ,τὴν
558 3282 957 3353 εὑρισκομένην
1015 3281 1108 3332 ἐπὶ
1156 3278 1394 3348 τοσαύτῃ
1472 3277 1731 3345 συμφορᾷ

156 3378 262 3431 τοῦ
297 3370 532 3445 πολέμου
563 3375 838 3444 ὀλοψύχως
871 3374 966 3426 καὶ
995 3375 1059 3425 ὲκ
1099 3373 1268 3442 μέσου
1316 3369 1493 3438 ψυχῆς
1535 3367 1731 3436 γένητε

156 3555 321 3615 liam,
356 3551 656 3615 ilelladem,
689 3551 980 3614 Bteotiam,
1015 3549 1242 3615 Locros,
1283 3547 1520 3614 Etolos,
1560 3548 1734 3602 Acar-

159 3645 415 3708 naniam,
449 3643 736 3705 Achaiam,
797 3643 1252 3710 Peloponnesism.
1287 3640 1531 3709 Epirum,
1567 3639 1735 3709 Illyri-

159 3753 323 3802 cum,
348 3735 644 3804 Lychuitas
676 3735 728 3787 in
754 3734 891 3787 mari
916 3734 1217 3798 Adriatico,
1239 3733 1473 3797 Italiam,
1503 3731 1733 3795 Tuscos,

156 3828 775 3894 Celtas,Celtogalatas,
801 3825 1031 3880 lberiam
1060 3841 1231 3891 usque
1259 3824 1457 3886 Gades,
1489 3824 1734 3894 Libyam,

159 3920 592 3982 Mauretaniam,
647 3918 1021 3980 Maurusiam,
1076 3915 1435 3981 [Ethiopian],
1487 3914 1734 3978 Bch-das,

158 4014 429 4076 Scudam,
448 4011 785 4075 Numidiam,
809 4009 1072 4074 Africam,
1092 4008 1421 4077 IEgyptum:
1453 4008 1552 4062 hac
1574 4007 1738 4075 igitur

157 4119 315 4158 nunc
348 4103 451 4157 iste
489 4102 650 4170 potiri
693 4111 927 4154 conatur
961 4111 1014 4153 et
1064 4102 1309 4169 reginam
1353 4097 1567 4151 urbium
1605 4098 1736 4152 sub-

149 4199 359 4266 jugare
401 4195 454 4246 in
509 4194 934 4260 servitutemque
981 4191 1260 4260 redigere,
1311 4199 1474 4260 atque
1520 4202 1737 4245 sanctas

155 4287 436 4342 ecclesias
480 4293 721 4351 nostras,
767 4285 858 4338 ubi
899 4294 1091 4340 sancta
1123 4283 1366 4338 Trinitas
1404 4284 1738 4338 adorabatur

153 4392 221 4437 et
276 4379 682 4434 sanctissimum
726 4376 1108 4431 celebrabatur
1142 4376 1379 4440 Numen,
1424 4376 1511 4428 ubi
1559 4376 1735 4443 angi-li

154 4472 415 4526 divinam
449 4480 683 4524 mentem
714 4476 769 4520 et
804 4470 855 4520 in
905 4482 1070 4520 carne
1100 4477 1412 4535 susceptam
1449 4467 1538 4519 Dei
1577 4465 1736 4520 Verbi

154 4562 538 4620 oeconomiam
567 4569 828 4614 canentes
861 4559 1246 4622 audiebantur,
1287 4559 1338 4611 in
1373 4557 1560 4611 fanum
1590 4559 1739 4612 blas-

1823 2083 2032 2142 πάντας
2055 2077 2208 2131 εἶπεν
2226 2093 2240 2106 ·
2271 2097 2287 2128 ι
2313 2075 2553 2144 Οὑκὲχω
2579 2073 2768 2143 καιρὸν
2793 2072 2966 2123 εἰπεῖν
2988 2070 3117 2137 ὑμῖν
3143 2065 3384 2118 πλείονα.

1819 2177 1996 2230 Μόνον
2027 2174 2086 2225 τὸ
2121 2169 2594 2236 τεταπεινωμένον
2655 2166 2925 2235 ἡμέτερον
2978 2164 3257 2231 σκῆπτρον
3308 2161 3388 2219 εἰς

1821 2269 1918 2329 τὰς
1965 2265 2118 2334 ὑμῶν
2146 2265 2335 2333 χεῖρας
2367 2261 2684 2329 ἀνατίθημι,
2743 2260 2827 2311 ἵνα
2864 2257 2995 2308 αὑτὸ
3029 2253 3146 2325 μετ’
3178 2252 3391 2312 εὐνοίας

1825 2360 2118 2429 φυλάξητε.
2170 2355 2477 2425 Παρακαλῶ
2511 2353 2568 2404 δὲ
2604 2351 2886 2405 καὶτοῦτο
2929 2351 3023 2401 καὶ
3050 2348 3239 2414 δέομαι
3290 2345 3390 2412 τῆς

1826 2452 2094 2521 ὑμετέρας
2149 2449 2391 2516 ἀγάπης,
2447 2446 2536 2498 ἵνα
2579 2445 2678 2512 τὴν
2730 2443 3048 2512 πρέπουσαν
3100 2440 3266 2508 τιμὴν
3296 2437 3392 2489 καὶ

1825 2540 2104 2610 ὑποταγὴν
2173 2540 2382 2608 δώσητε
2435 2539 2549 2599 τοῖς
2606 2535 2894 2605 ὑμετέροις
2934 2535 3265 2602 στρατηγοῖς
3299 2530 3391 2582 καὶ

1824 2635 2128 2702 δημάρχοις
2159 2631 2250 2682 καὶ
2282 2630 2723 2697 ἑκατοντάρχοις,
2755 2628 2983 2686 ἕκαστος
3007 2624 3144 2676 κατὰ
3176 2622 3274 2692 τὴν
3298 2623 3395 2674 τά·

1830 2724 1908 2785 ξιν
1938 2720 2103 2774 αὑτοῦ
2143 2722 2236 2771 καὶ
2266 2720 2454 2787 τάγμα
2488 2720 2583 2770 καὶ
2618 2716 2947 2786 ὑπηρεσίαν.
2980 2715 3287 2782 Γνωρίσατε
3330 2712 3394 2782 δὴ

1830 2816 2007 2867 τοῦτο.
2040 2813 2147 2865 Καὶ
2171 2815 2262 2865 ἐὰν
2294 2814 2355 2864 ἐκ
2398 2812 2632 2880 καρδίας
2665 2809 2939 2878 φυλάξητε
2975 2809 3042 2859 τὰ
3071 2808 3168 2858 ὅσα
3199 2809 3397 2858 ἐνετει-

1829 2910 2007 2976 λάμην
2038 2908 2186 2973 ὑμῖν,
2220 2905 2426 2967 ἐλπίζω
2445 2905 2521 2966 είς
2545 2903 2677 2956 Θεδν
2698 2903 2769 2965 ὼς
2801 2900 3210 2970 λυτρωθείημεν
3237 2902 3398 2968 ήμεῖς

1828 2999 1928 3064 τῆς
1964 2997 2270 3066 ἐνεστώσης
2302 2996 2468 3048 αὑτοῦ
2499 2995 2713 3055 δικαίας
2763 2994 3012 3063 ἀπειλῆς.
3058 2995 3322 3060 Δεύτερον
3343 2993 3398 3043 δὲ

1832 3095 1924 3145 καὶ
1951 3096 1976 3145 ό
2009 3094 2270 3159 στέφανος
2295 3091 2322 3142 ὁ
2347 3090 2712 3159 ἀδαμάντινος
2740 3092 2795 3140 ὲν
2830 3089 3079 3156 οὐρανοῖς
3113 3088 3398 3141 ὲναπόκει-

1829 3201 1920 3236 ται
1950 3184 2099 3252 ὑμῖν,
2134 3183 2226 3234 καὶ
2260 3183 2450 3251 μνήμη
2482 3180 2696 3242 αἰώνιος
2727 3181 2820 3233 καὶ
2847 3180 2998 3245 ἄξιος
3029 3181 3085 3231 ἐν
3107 3179 3184 3248 τῷ
3207 3179 3398 3248 κόσμῳ

1759 3309 1801 3364 C
1833 3277 2036 3327 ἔσεται.
2069 3294 2085 3324 ι
2129 3277 2235 3328 Καὶ
2261 3277 2432 3325 ταῦτα
2464 3273 2634 3326 είπὼν
2673 3275 2767 3324 καὶ
2792 3272 2890 3342 τὴν
2921 3271 3263 3340 δημηγορίαν
3313 3288 3401 3321 τε-

1836 3369 1998 3432 λέσας
2037 3369 2127 3420 καὶ
2163 3369 2301 3438 μετὰ
2332 3367 2583 3437 δακρύων
2615 3368 2710 3420 καὶ
2763 3365 3085 3435 στεναγμῶν
3129 3367 3220 3418 τὸν
3268 3366 3400 3417 Θεὸν

1835 3566 2006 3619 quare
2039 3550 2234 3604 iterum
2265 3563 2361 3603 vos
2393 3549 2643 3612 obsecro,
2673 3559 2732 3603 ut
2760 3549 2814 3603 in
2844 3550 2961 3618 ipso
2993 3563 3174 3602 rerum
3205 3548 3402 3603 discri-

1837 3641 1980 3693 mine
2006 3641 2209 3694 amicos
2228 3651 2280 3694 et
2306 3641 2424 3694 fidei
2455 3642 2634 3694 socios
2651 3650 2704 3694 et
2730 3640 2924 3694 fratres
2949 3655 3041 3694 vos
3061 3643 3347 3709 prastetis.
3378 3660 3394 3691 ι

1835 3732 2040 3786 Deinde
2094 3731 2162 3785 ad
2196 3732 2478 3786 sinistram
2510 3747 2723 3795 versus,
2759 3732 2989 3799 Ligures
3030 3735 3101 3786 ita
3133 3734 3402 3788 allocutus

1837 3833 1913 3877 est
1952 3841 1966 3877 :
2008 3842 2024 3873 ι
2059 3822 2303 3891 Ligures,
2330 3822 2527 3878 fratres
2552 3825 2984 3890 honoratissimi,
3010 3825 3111 3878 viri
3134 3825 3400 3890 bellicosi,

1838 3916 2082 3984 generosi
2117 3928 2170 3969 et
2211 3916 2441 3974 nobiles.
2478 3932 2584 3970 non
2636 3917 2929 3985 ignoratis,“
2956 3916 3227 3970 infelicem
3264 3917 3404 3970 hanc

1839 4009 2027 4060 urbem
2071 4023 2285 4076 semper
2339 4025 2446 4062 non
2490 4023 2663 4061 meam
2725 4009 2918 4090 sqlius,
2962 4008 3056 4061 sed
3097 4009 3258 4061 etiam
3316 4026 3406 4061 ve-

1839 4107 2004 4152 stram
2042 4098 2210 4153 fuisse
2241 4097 2424 4152 multis
2448 4100 2514 4152 de
2541 4100 2738 4155 causis.
2783 4100 2888 4152 Vos
2914 4115 3054 4168 saepe
3081 4099 3325 4152 studiose
3355 4099 3406 4152 ei

1840 4206 1995 4258 opem
2028 4191 2250 4257 tulisus,
2298 4200 2350 4244 et
2387 4191 2592 4246 auxilio
2624 4202 2808 4246 vestro
2861 4188 3140 4246 liherastis
3176 4207 3294 4246 eam
3340 4195 3414 4246 ah

1840 4283 2127 4351 Agarenis,
2160 4283 2280 4350 ejus
2308 4283 2576 4336 hostibus.
2607 4281 2761 4336 Nunc
2797 4299 2987 4338 rursus
3019 4293 3232 4351 tempus
3257 4285 3408 4339 adest

1841 4384 2226 4442 opportunum,
2257 4390 2366 4442 quo
2397 4391 2498 4445 ope
2535 4375 2752 4429 ferenda
2789 4376 2934 4428 illam
2962 4377 3011 4428 in
3031 4375 3250 4430 Christo
3279 4379 3412 4430 cha-

1841 4471 2082 4530 ritatem,
2128 4468 2500 4522 fortitudinem
2543 4483 2605 4522 ac
2639 4456 3132 4536 magnanimitatem
3175 4480 3408 4523 vestram

1842 4560 2229 4628 comprobetis.
2247 4578 2263 4610 ι
2295 4561 2576 4613 Postremo
2598 4563 2662 4613 ad
2684 4576 2873 4615 omnes
2895 4563 3058 4615 simul
3081 4578 3410 4622 conversus:

157 4655 409 4724 phemia:
458 4669 572 4707 sua:
626 4662 682 4706 et
738 4652 941 4722 garruli
989 4652 1268 4721 pr0phetxe
1319 4651 1643 4705 Mohametis
1686 4659 1739 4705 et
1771 4651 1816 4705 ι)
1854 4668 1870 4697 ι
1902 4648 2016 4701 Non
2054 4659 2137 4703 est
2171 4660 2409 4718 tempus,
2453 4650 2649 4720 inquit,
2679 4650 2929 4720 pluribus
2958 4667 3053 4708 vos
3081 4653 3413 4722 alloquendi.

156 4754 461 4803 brutorum
513 4745 961 4812 camelorumque
1010 4743 1381 4797 habitaculum
1416 4752 1739 4797 convertere

154 4843 396 4910 cogitat.
433 4837 660 4899 Verum,
701 4837 901 4892 fratres
935 4845 989 4892 et
1030 4838 1456 4901 commilitones,
1508 4839 1740 4907 cogitate

153 4948 297 4986 cum
343 4931 545 4983 animis
585 4929 806 4993 vestris,
839 4943 948 4997 quo
984 4938 1146 4998 pacto
1189 4931 1511 4983 memoriam
1561 4932 1740 4985 nostri

149 5032 223 5077 et
260 5020 463 5073 famam
494 5020 870 5073 etlibertatem
907 5028 1224 5088 perpetuam
1248 5021 1684 5088 consequamini.
1717 5038 1736 5071 ι

238 5111 385 5166 Tum
419 5112 485 5165 ad
519 5109 754 5164 Venetos
790 5125 1115 5174 conversus,
1143 5111 1232 5179 qui
1268 5126 1297 5164 a
1327 5112 1530 5165 dextris
1555 5112 1741 5166 adsta-

153 5209 350 5261 bant:
389 5222 407 5254 ι
445 5202 658 5266 Veneti,
689 5201 887 5269 inquit,
923 5202 1182 5265 illustres,
1213 5201 1412 5256 fratres
1438 5205 1490 5256 in
1523 5204 1743 5258 Christo

155 5295 284 5347 Deo
326 5291 533 5354 dilecti,
579 5290 679 5343 viri
732 5290 898 5345 fortes
943 5301 996 5343 et
1040 5291 1242 5344 milites
1278 5282 1485 5344 strenui
1515 5303 1569 5345 et
1603 5293 1742 5347 bello

154 5383 569 5456 probatissimi,
604 5383 696 5452 qui
746 5382 941 5450 gladiis
974 5383 1170 5437 vestris
1211 5383 1541 5438 micantibus
1571 5395 1625 5438 et
1658 5390 1740 5438 di-

151 5481 299 5533 vina
331 5477 503 5547 gratia
539 5490 683 5544 saepe
719 5489 942 5544 magnas
971 5475 1341 5544 Agarenorum
1380 5487 1590 5546 strages
1621 5479 1740 5530 etli-

147 5571 356 5634 distis,
393 5583 624 5638 quorum
656 5567 878 5635 sanguis
914 5565 1152 5621 ﬂuminis
1184 5569 1356 5622 iustar
1396 5569 1464 5622 de
1493 5570 1741 5623 manibus

145 5661 369 5715 vestris
403 5659 648 5722 deﬂuxit,
683 5659 840 5711 hodie
866 5673 962 5712 vos
990 5659 1242 5723 obsecro,
1283 5670 1342 5713 ut
1376 5660 1565 5713 urbem
1602 5661 1745 5716 hanc

141 5759 217 5809 in
276 5761 430 5806 tanta
484 5753 608 5805 belli
636 5752 947 5805 calamitate
991 5762 1326 5816 versantem,
1362 5770 1434 5806 'ex
1470 5753 1655 5808 animo
1690 5765 1743 5807 et

150 5843 369 5897 intimo
406 5850 618 5907 pectore
650 5839 974 5894 defendatis.
1019 5839 1183 5895 Scitis
1233 5843 1374 5895 enim
1423 5844 1546 5911 ipsi,
1606 5844 1744 5897 hanc

150 5955 268 5991 V05
305 5935 528 5989 alte-'am
560 5935 793 6006 patriam
840 5945 892 5989 et
930 5946 1153 5990 matrem
1187 5952 1399 6006 semper
1433 5938 1686 5992 habuisse
1727 5956 1739 5991 :

1848 4739 2251 4796 Tantummodo
2283 4756 2556 4810 sceptrum
2579 4755 2822 4797 nosmtm
2854 4744 3119 4811 dignitate
3150 4761 3248 4799 sua
3277 4762 3413 4799 exu-

1851 4842 1958 4887 tum
1988 4834 2237 4888 mauibus
2262 4836 2456 4889 vestris
2481 4836 2821 4899 commendo,
2855 4845 2912 4890 ut
2937 4838 3182 4892 studiose
3202 4855 3229 4890 a
3261 4839 3415 4894 vobis

1849 4926 2209 4979 custodiatur.
2245 4925 2443 4980 llortor
2481 4939 2660 4980 autem
2697 4937 2751 4981 et
2799 4930 3120 4984 cbaritatetn
3173 4942 3409 4986 vestram

1849 5017 2101 5080 obsecro,
2133 5027 2192 5071 ut
2236 5034 2394 5086 quem
2443 5019 2596 5074 decet
2637 5023 2893 5076 honorem
2948 5034 2999 5077 et
3051 5024 3414 5077 obedientiam

1851 5109 2115 5162 tuilitibtts
2145 5111 2361 5173 vestris,
2401 5111 2638 5166 tribunis
2663 5123 2716 5166 et
2746 5114 3180 5180 centurionibus,
3215 5132 3381 5170 secun
3401 5148 3415 5158 -

1851 5202 1978 5256 dum
2015 5217 2169 5255 suum
2218 5203 2449 5272 quisque
2489 5205 2738 5258 ordinem
2794 5213 2842 5259 et
2892 5207 3248 5276 manipulum,
3282 5224 3417 5277 pra:-

1853 5292 2068 5346 beatis:
2111 5291 2330 5357 scitote,
2375 5291 2476 5345 hoc
2528 5309 2743 5362 quoque
2804 5311 2925 5349 esse
2963 5299 3202 5352 muneris
3232 5300 3415 5353 vestri.

1853 5386 2054 5451 Quodsi
2104 5401 2167 5438 ex
2219 5385 2403 5439 animo
2463 5386 2722 5451 feceritis,
2779 5404 2898 5456 qua!
2934 5389 3089 5442 vobis
3141 5393 3415 5458 mandavi,

1856 5480 1962 5532 Deo
1984 5479 2234 5532 confisus
2265 5493 2446 5547 spero,
2503 5479 2668 5533 minis
2702 5488 2756 5533 et
2792 5481 3052 5547 periculis
3089 5482 3210 5550 jure
3243 5487 3310 5535 ab
3343 5499 3410 5538 eo

1855 5569 1906 5622 in
1942 5585 2038 5622 nos
2073 5571 2294 5623 intentis
2346 5586 2443 5624 nos
2495 5571 2786 5624 liberatum
2825 5571 2914 5625 iri.
2965 5573 3166 5627 Deinde
3216 5590 3417 5628 corona

1856 5661 2200 5714 adamantina
2241 5664 2291 5715 in
2319 5663 2458 5716 coelo
2493 5678 2586 5716 vos
2631 5671 2832 5726 manet,
2869 5674 2921 5716 et
2959 5665 3220 5718 memoria
3253 5667 3417 5719 vestri

1855 5761 2114 5821 perpetua
2163 5763 2215 5806 et
2245 5754 2441 5806 eximia
2499 5754 2550 5806 iu
2599 5754 2732 5808 orbe
2789 5765 3053 5809 terrarum
3098 5757 3219 5810 erit.
3250 5775 3269 5808 ι
3324 5754 3421 5810 llis

1857 5844 2035 5897 verbis
2065 5859 2188 5898 cum
2225 5845 2382 5899 finem
2418 5846 2633 5899 dicendi
2678 5845 2895 5902 fecisset
2929 5857 2982 5900 et
3017 5863 3137 5900 cum
3169 5848 3422 5917 lacrymis

1858 5939 2255 6008 gemitibttsqt'e
2286 5939 2390 5992 Deo
2434 5939 2638 6007 gratias
2669 5939 2892 6010 egisset,
2923 5941 3102 5995 cuncti
3135 5940 3279 5994 velut
3313 5957 3421 5992 uno
