4134 6452
703 427 769 488 87
778 429 810 487 5

1924 418 2246 478 GEORGII
2286 418 2714 481 ΡΗΠΛΝΤΖΕ

3851 408 3969 475 ὃτῦ

706 544 784 602 είς
831 538 961 592 Θεὸν
1013 534 1104 588 τοῦ
1140 528 1277 588 εἶναι
1324 533 1584 602 ἡμετέρα.
1621 529 1842 592 Λοιπὸν,
1876 531 2113 598 ἀδελφοὶ,
2151 530 2275 598 χαί-⁷
2301 539 2339 586 Α
2371 532 2704 600 φρονήσεως.
2741 529 2805 585 Οἱ
2859 528 2916 582 δὲ
2947 528 3203 597 Τοῦρκοι,
3264 523 3463 586 ἰδόντες
3518 526 3616 596 τὴν
3668 524 3968 595 τοσαύτην

713 646 858 697 pste,
892 628 973 679 ὅτι
1023 629 1050 678 6
1102 625 1395 692 πολύτιμος
1447 620 1711 686 στέφανος
1759 621 1885 686 ὑμῖν
1921 620 2117 681 ¹ἔσεται,
2153 623 2270 690 οὐχὶ

712 722 872 788 μόνον
906 717 1141 787 φθαρτὸς
1170 717 1260 768 καὶ
1292 714 1503 782 γήϊνος,
1535 711 1671 763 ἀλλὰ
1696 713 1788 763 καὶ
1822 713 2164 779 ἐπουράνιος.
2214 710 2271 761 '0

705 814 835 873 Ha");
868 813 895 862 6
933 811 1072 878 ὺπέρ
1109 808 1264 876 ἡμῶν
1296 807 1545 873 πολεμεῖ,
1587 805 1760 875 δειλίᾳ
1791 803 2014 872 κατέχει
2044 804 2103 854 τὸ
2138 803 2275 871 πλῆ-

710 905 799 964 θος
834 904 939 957 τῶν
974 902 1203 954 ἀσεϐῶν.
1253 920 1270 952 ο

792 996 900 1049 Καὶ
948 995 1119 1046 ταῦτα
1169 992 1262 1043 τοῦ
1322 990 1590 1059 βασιλέως
1649 990 1919 1055 λέγοντος,
1961 989 2213 1057 Ἰωάννης
2249 990 2275 1040 6

726 1088 1104 1147 Ίουστινιανδς
1152 1088 1179 1137 6
1211 1086 1305 1137 καὶ
1356 1083 1661 1152 στρατηγὸς
1705 1082 1916 1149 ἐπλήγη
1942 1081 2095 1145 τόξου
2132 1081 2273 1148 βέλει

715 1185 771 1233 ἐν
822 1182 933 1242 τοῖς
982 1179 1226 1230 σκέλεσιν
1275 1177 1365 1229 ἐπὶ
1403 1176 1492 1229 τὸν
1544 1174 1717 1236 δεξιὸν
1766 1173 1921 1227 πόδα.
1959 1174 2126 1235 Αὐτός
2160 1173 2215 1224 δὲ
2248 1175 2276 1225 6

713 1272 966 1324 τοσοῦτον
1021 1270 1279 1338 ἔμπειρος
1331 1266 1405 1319 ὢν
1459 1264 1721 1330 πολέμου,
1753 1264 1825 1325 ὡς
1884 1261 1991 1316 εἶδε
2037 1265 2097 1316 τὸ
2142 1258 2279 1330 αἷμα

714 1366 859 1431 ῥέειν
892 1365 954 1414 ἐκ
979 1362 1070 1413 τόὖ
1106 1360 1356 1427 σώματος
1390 1357 1581 1423 αὑτοῦ,
1605 1359 1726 1418 ὅλος
1761 1356 2056 1425 ἠλλοιώθη.
2092 1358 2183 1409 καὶ
2210 1356 2277 1425 ἢν

712 1453 1022 1523 προέδειξεν
1080 1452 1304 1519 ἀνδρίαν
1338 1453 1400 1502 ἐκ
1434 1449 1530 1502 τοῦ
1575 1449 1739 1515 φόϐου
1788 1449 1975 1516 ἔχασε,
2012 1450 2107 1501 καὶ
2139 1448 2279 1501 άνωι

715 1548 891 1615 φελῶς
930 1548 1064 1615 μετὰ
1097 1545 1267 1598 ταῦτα
1294 1544 1513 1611 ἔπραξε.
1548 1542 1643 1604 Ὃς
1667 1540 2016 1610 ἀνεχώρησεν
2045 1540 2166 1593 ὅθεν
2189 1536 2276 1612 ἦν.

714 1640 879 1711 284
910 1639 1062 1692 Μετὰ
1115 1637 1326 1703 σιωπῆς
1378 1634 1632 1701 διήρχετο
1684 1632 1865 1697 ζητῶν
1923 1636 2162 1702 ἰατροὺς,
2206 1636 2279 1702 μὴ

720 1726 1074 1797 μνημονεύων
1106 1727 1203 1790 τῆς
1234 1724 1616 1790 γενναιότητος
1651 1724 1744 1774 καὶ
1779 1722 2183 1791 ἐπιδεξιότητος
2211 1724 2280 1793 ἢν

721 1818 956 1888 ἀρχῆθεν
1008 1816 1194 1879 ἔδειξε.
1232 1815 1341 1867 Καὶ
1378 1814 1475 1865 οὐκ
1530 1810 1650 1865 εἷπε
1686 1815 1797 1873 τοῖς
1847 1812 2098 1865 συνοῦσιν
2131 1814 2280 1883 αὐτῷ

719 1916 890 1973 οὐδὲν,
921 1910 1041 1963 οὔτε
1080 1910 1192 1960 ἀντ’
1228 1908 1394 1961 αὐτοῦ
1439 1906 1590 1958 είασέ
1622 1922 1745 1957 τινα
1779 1905 1988 1973 ἕτερον,
2024 1906 2109 1957 ῐνα
2141 1906 2215 1975 μὴ
2247 1908 2279 1975 ἡ

720 2006 969 2072 γεγονυῖα
1002 2003 1263 2070 σύγχυσις
1296 2000 1520 2066 γένηται
1567 1997 1661 2049 καὶ
1691 1995 1959 2049 ἀπώλεια.
2002 1998 2282 2065 Στραφέν-

716 2115 806 2160 τες
838 2095 892 2148 δὲ
923 2096 970 2147 οἱ
1001 2091 1327 2159 στρατιῶται
1360 2089 1453 2141 καὶ
1488 2088 1562 2155 μὴ
1596 2088 1794 2148 ἰδόντες
1820 2087 1912 2137 τὸν
1946 2089 2279 2155 στρατηγὸν,

720 2190 807 2241 διὰ
842 2188 934 2239 τοῦ
974 2185 1229 2253 ῥηθέντος
1258 2182 1416 2248 λόγου
1454 2181 1537 2231 ὅτι
1570 2177 1774 2245 ἔφυγεν
1802 2180 1882 2239 είς
1913 2178 2161 2246 ταραχὴν
2190 2181 2283 2231 καὶ

721 2282 924 2333 δειλίαν
978 2275 1221 2344 μεγάλην
1270 2272 1549 2325 ἐνέπεσον.
1610 2269 1669 2321 ὐ
1717 2266 2113 2338 οὖνςβασιλεὺς
2144 2271 2285 2324 κατὰ

724 2366 1025 2436 συγκυρίαν
1074 2365 1237 2417 πάλιν
1282 2362 1461 2413 ἐκεῖσε
1515 2360 1767 2428 εὑρεθεὶς
1811 2361 1911 2429 όρᾷ
1960 2362 2086 2423 τοὺς
2124 2378 2286 2431 στρα-

719 2463 922 2523 τιώτας
958 2455 1401 2527 συγκεχυμένους
1434 2456 1530 2507 καὶ
1566 2454 1802 2522 μεστοὺς
1835 2453 2003 2522 φόϐου
2051 2456 2123 2517 ὼς
2152 2456 2286 2523 πρό-

722 2552 860 2603 ϐατα
885 2549 1208 2615 διωκόμενα,
1239 2545 1333 2597 καὶ
1363 2542 1553 2612 μαθὼν
1584 2543 1644 2594 τὸ
1672 2542 1847 2594 αἴτιον
1880 2544 1973 2595 καὶ
2000 2544 2091 2595 τόν
2123 2561 2288 2613 στρα-

722 2643 889 2711 τηγὸν
928 2637 1093 2692 αὐτοῦ
1147 2635 1530 2690 Ἰουστινιανὺν
1579 2634 1702 2687 ίδὼν
1759 2634 2034 2703 φεύγοντα
2065 2637 2287 2704 ἐγγίσας

727 2735 876 2801 αὖτῷ
900 2732 1049 2799 λέγει
1078 2746 1091 2760 ο
1132 2747 1149 2780 ι
1187 2728 1437 2795 Ἀδελφέ,
1471 2726 1524 2777 τί
1556 2726 1712 2779 τοῦτο
1739 2728 2092 2796 πεποίηκαςς
2128 2729 2290 2797 Στρέ-

730 2828 831 2894 ψον
862 2827 919 2876 ἐν
948 2823 1023 2891 τῷ
1052 2821 1464 2888 διατεταγμένῳ
1498 2835 1591 2870 σου
1618 2820 1786 2885 τόπῳ.
1833 2818 1898 2870 Ἦ
1933 2820 2118 2889 πληγὴ
2149 2819 2285 2889 αὕτη

730 2920 909 2985 ὀλίγον
937 2916 985 2968 τί
1020 2918 1150 2967 ἐστι.
1175 2912 1434 2982 Στρέψον,
1453 2911 1535 2963 ὄτι
1558 2910 1624 2962 τὰ
1655 2910 1749 2962 νῦν
1777 2912 1809 2978 ἡ
1839 2912 2042 2963 πλείων
2078 2913 2287 2982 ἀνάγκη

731 3009 898 3060 ἐστίν.
940 3006 1004 3058 Ἠ
1042 3004 1195 3064 πόλις
1245 3004 1325 3063 είς
1372 3000 1562 3070 χεῖράς
1613 3017 1707 3052 σου
1757 2999 2047 3070 κρέμεται,
2080 3002 2168 3054 ἵνα
2199 3003 2292 3054 λυ-

727 3096 941 3169 τρώσῃς
989 3094 1178 3162 αὑτήν.
1214 3110 1232 3143 ι
1281 3090 1455 3143 Πολλὰ
1485 3089 1541 3140 δὲ
1587 3089 1837 3150 είπόντος
1887 3089 1980 3142 τοῦ
2029 3090 2292 3158 βασιλέως

2375 620 2637 689 σύγχυσιν
2671 620 2780 673 τῶν
2812 622 3121 690 ἡμετέρων,
3169 618 3369 687 θάρσος
3401 618 3611 670 ἔλαϐον.
3648 618 3819 671 Ἐκεῖ
3870 622 3967 668 καὶ

2373 712 2401 762 6
2435 712 2606 777 Σογάν
2638 713 2881 779 μπασιᾶς
2910 710 3105 779 παρὼν
3138 712 3251 772 τοῖς
3294 709 3678 778 ίαννιτζαρίοις
3708 711 3816 761 καὶ
3846 710 3965 769 τοῖς

2377 804 2582 870 ἑτέροις
2608 803 2909 872 διαλεχθεὶς
2935 804 3235 871 ἐπήγειρεν
3266 801 3444 854 αὐτῶν
3481 802 3548 853 τὰ
3588 804 3966 869 φρονήματα.

2377 895 2487 946 Καί
2544 912 2627 957 τις
2686 893 3022 962 ίαννίτξαρις
3077 893 3319 962 τοῦνομα
3383 893 3641 959 Χασάνης
3705 892 3803 958 (ἐκ
3868 891 3966 943 to?

2379 990 2681 1043 Λουπαδίου
2730 990 2758 1041 6
2812 990 3156 1058 γιγαντὼδης
3213 989 3439 1056 ὥρμητο
3503 986 3749 1057 λὲνδρος)
3816 986 3965 1052 ὑπὲρ

2380 1081 2622 1148 κεφαλῆς
2654 1084 2722 1151 τῇ
2755 1082 3024 1153 ἀριστερᾷ
3046 1081 3191 1150 χειρὶ
3224 1081 3316 1132 τὸν
3344 1080 3534 1148 θυρεόν
3571 1078 3781 1147 βαλὼν,
3812 1081 3884 1144 τῇ
3912 1077 3969 1127 δὲ

2379 1174 2527 1244 δεξιᾷ
2552 1176 2612 1227 τὸ
2638 1174 2790 1244 ξίφος
2817 1176 3223 1243 ἀσπασάμενος,
3252 1176 3345 1226 ἐπὶ
3380 1176 3440 1227 τὸ
3471 1176 3671 1242 τεῖχος,
3696 1166 3762 1225 οὗ
3791 1173 3971 1225 ἐθεὼο

2385 1289 2466 1337 ρει
2527 1271 2622 1337 τὴν
2673 1270 2959 1339 σύγχυσιν,
3018 1270 3317 1339 ἐχώρησεν.
3383 1266 3543 1337 285
3598 1267 3853 1319 Ἐποντο
3913 1264 3971 1316 δὲ

2380 1360 2527 1429 αὑτῷ
2556 1361 2647 1413 καὶ
2687 1362 2863 1428 ἕτεροι
2907 1360 3042 1413 ὡσεὶ
3078 1362 3394 1429 τριάκοντα,
3427 1359 3524 1425 τὴν
3578 1356 3818 1425 ἀνδρίαν
3874 1355 3973 1422 ζη-

2379 1449 2672 1516 λώσαντες.
2706 1455 2768 1505 Οἱ
2822 1448 2879 1505 δέ
2930 1452 3398 1520 ἐναπομείναντες
3454 1450 3719 1517 ἡμέτεροι
3774 1450 3842 1500 ἐν
3891 1444 3973 1514 τῷ

2375 1544 2550 1611 τείχει
2581 1543 2973 1611 κατηκόντιζον
2999 1544 3198 1605 αὐτοὺς
3230 1545 3323 1595 καὶ
3357 1542 3570 1612 βέλεσιν
3602 1541 3848 1594 ἔϐαλλον
3882 1542 3981 1592 καὶ

2384 1633 2564 1697 λίθους
2605 1634 3013 1703 ὑπερμεγέθεις
3045 1633 3260 1687 ἐκύλιον
3294 1634 3414 1685 κατ’
3444 1633 3625 1687 αὐτῶν
3648 1649 3665 1663 θ
3702 1634 3848 1686 δέκα
3880 1634 3977 1684 καὶ

2386 1725 2528 1777 ὀκτὼ
2580 1725 2638 1790 ἐξ
2681 1727 2860 1778 αὐτῶν
2894 1727 3339 1794 άπεκρήμνισαν.
3389 1724 3447 1778 Ὀ
3495 1726 3552 1778 δὲ
3600 1725 3880 1793 Χασάνης
3914 1726 3977 1776 οὐ

2388 1818 2652 1887 πρότερον
2685 1818 2887 1886 ἐπέσχε
2940 1820 3042 1886 τὴν
3068 1816 3246 1886 ὁρμὴν
3336 1818 3582 1869 ἀνελθεῖν
3617 1820 3678 1868 ἐν
3711 1818 3829 1878 τοῖς
3863 1817 3977 1867 τείσ

2385 1924 2503 1975 χεσι
2555 1910 2648 1960 καὶ
2685 1908 2991 1978 τρέψασθαι
3035 1910 3161 1971 τοὺς
3211 1909 3535 1977 ἡμετέρους.
3581 1909 3787 1960 Ἱινίκα
3844 1907 3981 1973 γοῦν

2384 2000 2653 2068 ἐκράτησε
2690 2000 2787 2067 τῆς
2815 2001 3239 2068 ἐπιχειρήσεως,
3279 2002 3373 2053 καὶ
3402 2001 3585 2069 ἕτεροι
3620 2000 3817 2052 πολλοὶ
3852 2003 3982 2052 ἁκο-

2384 2089 2742 2159 λουθήσαντες
2803 2092 3108 2160 ἁνὴρχονντο
3156 2094 3234 2155 είς
3295 2093 3353 2144 τὸ
3418 2095 3620 2161 τεῖχος.
3671 2093 3794 2145 Καὶ
3843 2094 3975 2153 τοὺς

2385 2180 2772 2243 ἀναϐαίνοντας
2801 2182 2900 2234 οὐκ
2932 2181 3177 2249 ἔφθασαν
3206 2182 3439 2236 κωλύειν
3484 2186 3532 2236 οἱ
3566 2185 3848 2252 ἡμέτεροι
3887 2184 3974 2235 διὰ

2383 2272 2482 2341 τὴν
2530 2273 2822 2344 ὀλιγότητα
2849 2291 2861 2304 °
2897 2275 2947 2327 oi
2996 2275 3051 2327 δὲ
3105 2276 3359 2342 πολέμιοι
3398 2276 3605 2345 πλῆθος
3636 2272 3815 2347 ἦσαν.
3847 2278 3978 2336 Tol:

2384 2363 2441 2416 δὲ
2496 2364 2731 2418 ἀναϐᾶσι
2786 2364 3195 2434 συμπλέκοντες
3250 2367 3540 2438 ἐμάχοντο,
3586 2372 3685 2422 καλ⁸
3742 2367 3815 2440 ἧν
3877 2376 3977 2424 οὐκ

2385 2454 2563 2520 ὀλίγος
2608 2455 2789 2506 αὐτῶν
2841 2458 2869 2507 6
2919 2455 3099 2522 φόνος.
3140 2458 3247 2510 Καὶ
3274 2460 3302 2509 6
3334 2459 3976 2530 Χασάνης¹μαχόμενος

2389 2545 2784 2613 προσπαισθε“ις
2809 2546 2985 2617 πέτρα
3008 2550 3115 2599 τινὶ
3138 2547 3464 2603 κατέπεσεν.
3496 2550 3975 2621 Ἐπιστρατρέντες

2387 2637 2443 2689 δὲ
2471 2637 2521 2688 οί
2551 2638 2816 2707 ἡμέτεροι
2868 2640 2961 2691 καὶ
2999 2639 3201 2702 ἰδόντες
3245 2640 3412 2694 αὑτὸν
3447 2643 3709 2709 κείμενον
3737 2646 3978 2711 πέτραις

2389 2728 2612 2779 ἔϐαλλον
2651 2729 2916 2781 πάντοθεν
2944 2746 2957 2759 ·
3019 2731 3047 2783 6
3073 2730 3133 2783 δὲ
3191 2732 3270 2794 είς
3327 2733 3456 2798 γόνυ
3489 2734 3794 2797 διαναστὰς
3833 2738 3968 2805 ἡβῶ

2391 2834 2531 2874 νετο.
2562 2819 2665 2870 ὑπὸ
2693 2820 2747 2871 δέ
2784 2820 2876 2871 τοῦ
2934 2820 3175 2889 πλήθους
3214 2821 3324 2873 τῶν
3355 2826 3695 2892 τραυμάτων
3732 2829 3974 2897 παρείθη

2390 2908 2486 2974 τὴν
2512 2907 2693 2971 δεξιὰν
2726 2914 2820 2960 καὶ
2866 2910 3194 2979 κατεχώσθη
3238 2912 3353 2975 τοῖς
3390 2913 3594 2982 βέλεσι.
3637 2918 3757 2971 Καὶ
3792 2920 3973 2988 ἕτεροι

2393 2999 2579 3051 πολλοὶ
2631 3001 3060 3071 ἀπεκτάνθησαν
3115 3003 3209 3054 καὶ
3256 3003 3579 3073 ἐπλήγησαν
3629 3009 3727 3060 καὶ
3784 3009 3975 3063 ἕνεκεν

2392 3090 2498 3140 τῶν
2528 3092 2864 3160 τραυμάτων
2895 3093 3030 3158 πρὸς
3071 3094 3130 3146 τὸ
3157 3095 3524 3162 στρατόπεδον
3559 3099 3972 3171 ἐκομίσθησαν.

726 3189 875 3257 αὑτῷ
904 3187 1057 3240 οὐδὲν
1088 3184 1442 3253 ἀπεκρίνατο,
1474 3179 1590 3235 ἀλλ’
1618 3183 1676 3233 ἐν
1703 3182 1777 3251 τῷ
1803 3182 2018 3252 Γαλατᾷ
2042 3183 2289 3253 περάσας
2316 3199 2358 3253 c
2392 3177 2524 3233 Εἶτα
2576 3184 2831 3236 τοσοῦτον
2887 3184 3093 3238 άναϐὶν
3147 3186 3207 3236 τὸ
3257 3186 3461 3254 πλῆθος
3506 3189 3619 3241 τῶν
3693 3194 3979 3262 πολεμίων

726 3281 967 3349 αἰσχρῶς
1030 3280 1145 3331 ἐκεῖ
1199 3274 1430 3345 τελευτᾷ
1484 3275 1547 3327 ἐκ
1599 3272 1699 3340 τῆς
1742 3272 1963 3341 πικρίας
2011 3278 2106 3329 καὶ
2138 3293 2292 3345 περι-

730 3466 805 3516 Λσ
834 3461 1082 3531 gaudete,
1119 3458 1341 3520 fratres,
1373 3454 1635 3525 quoniam
1663 3466 1863 3507 corona
1896 3455 2292 3521 pretiosissima

729 3554 883 3607 vobis
914 3550 1148 3618 reposita
1177 3556 1283 3608 est,
1312 3562 1418 3600 non
1454 3545 1598 3599 ﬂuxa
1628 3556 1681 3599 et
1715 3555 1929 3600 terrena
1964 3547 2165 3609 solum,
2200 3546 2295 3600 sed

728 3646 893 3697 etiam
929 3640 1193 3693 cuslc'stis.
1246 3637 1352 3702 Qui
1391 3650 1491 3702 pro
1530 3635 1689 3690 nobis
1728 3643 1931 3706 pugnat
1982 3634 2146 3701 Deus,
2196 3636 2298 3689 im-

733 3741 949 3808 piorum
987 3734 1172 3800 copias
1207 3728 1500 3785 formidine
1530 3727 1770 3781 cohibet.
1797 3745 1816 3778 ι

800 3826 922 3880 llaec
968 3823 1181 3876 dicente
1234 3821 1587 3886 imperatore,
1644 3815 1881 3870 Joannes
1952 3814 2298 3871 Justinianus

729 3920 837 3970 dux
872 3917 1068 3985 sagitta
1097 3912 1422 3964 vulneratus
1452 3916 1538 3962 est
1572 3908 1624 3960 in
1658 3907 1885 3961 dextero
1915 3906 2075 3974 pede.
2103 3904 2194 3959 Vir
2219 3906 2295 3960 rei

734 4009 983 4061 militaris
1007 4016 1115 4059 tam
1140 4002 1358 4071 egregie
1385 4002 1615 4065 peritus,
1648 3996 1739 4051 ubi
1773 3998 2093 4064 sanguinem
2124 4012 2154 4051 e
2178 4012 2299 4051 cor-

734 4116 865 4169 pore.
910 4094 1271 4165 profluentem
1304 4092 1459 4153 vidit,
1492 4097 1641 4144 totus
1687 4096 1950 4150 mutatus,
1983 4101 2144 4155 quam
2178 4097 2301 4142 ante

733 4192 1047 4241 ostenderat
1092 4184 1378 4241 virtutem,
1436 4178 1619 4233 statim
1678 4191 1879 4245 pavore
1931 4176 2153 4245 abiecit,
2203 4193 2301 4231 nec

735 4281 1036 4350 quidquam
1069 4284 1253 4344 postea
1303 4288 1481 4339 Opera:
1510 4270 1752 4333 navavit,
1786 4271 1877 4324 sed
1916 4272 2055 4335 loco,
2098 4271 2150 4323 in
2191 4286 2299 4339 quo

734 4381 878 4434 erat,
903 4368 1115 4427 relicto,
1146 4381 1267 4418 cum
1296 4362 1517 4416 silentio
1549 4360 1827 4424 discessit,
1858 4360 2125 4412 medicum
2154 4376 2301 4429 quze-

737 4476 883 4522 rens.
921 4473 1020 4512 uec
1052 4470 1261 4511 memor
1288 4452 1631 4507 fortitudinis
1658 4459 1711 4503 et
1742 4450 2105 4513 dexteritatis,
2134 4466 2297 4519 quam

2395 3274 2521 3335 τοὺς
2597 3275 2909 3345 ἡμετέρους
2963 3276 3351 3343 διεσκέδασαν,
3408 3280 3500 3331 καὶ
3558 3282 3801 3348 ἀφέντες
3858 3288 3977 3347 τοὺς

2398 3462 2509 3515 tus,
2553 3468 2789 3508 maerore
2845 3456 3001 3509 obiit.
3056 3456 3279 3511 Interim
3329 3457 3541 3519 Turcae,
3592 3463 3978 3518 animadversa

2398 3555 2548 3597 tanta
2575 3554 2888 3599 nostrorum
2914 3549 3345 3614 perturbatione,
3373 3561 3709 3619 receperunt
3736 3554 3977 3614 animos;

2400 3640 2569 3699 atque
2594 3631 2775 3700 Sogan
2809 3633 2987 3686 basias
3011 3632 3346 3702 januitzaros
3373 3636 3621 3706 aliosque
3648 3640 3977 3694 adhortatus

2398 3726 2593 3780 erexit.
2621 3723 2972 3781 Jannitzarus
2998 3728 3244 3795 quidam,
3284 3730 3503 3783 nomine
3531 3729 3847 3794 Cliasanes,
3878 3732 3973 3786 Lu-

2399 3816 2561 3878 padio
2593 3817 2887 3881 oriundus,
2936 3819 3141 3887 ingenti
3170 3819 3423 3887 carperis
3460 3821 3867 3887 magnitudine,
3908 3827 3976 3876 si-

2400 3908 2572 3961 nistra
2595 3924 2757 3961 manu
2783 3924 2946 3978 supra
2971 3918 3136 3979 caput
3160 3922 3375 3965 scutum
3404 3914 3764 3980 protendens,
3788 3917 3973 3971 dextra

2402 3999 2640 4068 gladium
2668 4002 2969 4069 stringens,
2995 4003 3061 4055 ad
3092 4018 3334 4067 murum,
3358 4018 3463 4071 qua
3481 4005 3735 4059 turbatos
3761 4021 3977 4062 nostros

2402 4091 2558 4157 vidit,
2627 4094 2923 4161 processit,
2982 4093 3206 4148 circiter
3236 4094 3452 4163 triginta
3506 4096 3728 4152 virtutis
3764 4102 3978 4153 amulis

2403 4182 2782 4249 sequentibus.
2819 4183 3001 4237 Nostri
3052 4194 3381 4239 manserunt
3436 4188 3488 4239 in
3539 4202 3722 4250 muro,
3774 4204 3979 4259 eosque

2400 4272 2599 4341 jaculis
2630 4284 2685 4327 et
2715 4275 3014 4343 grandibus
3034 4277 3185 4329 saxis
3218 4288 3551 4344 exorperurit
3579 4288 3757 4346 atque
3790 4282 3977 4335 decem

2404 4373 2457 4414 et
2493 4373 2615 4416 octo
2674 4364 3050 4418 detnrbarunt.
3084 4364 3285 4419 Verum
3336 4369 3619 4422 Chasanes
3669 4386 3786 4424 non
3833 4389 3981 4439 prius

2406 4453 2614 4506 remisit
2670 4455 2954 4522 impetum,
3001 4471 3188 4518 quam,
3240 4472 3469 4511 escenso
3523 4475 3708 4525 muro,
3765 4477 3982 4517 nostros

736 4568 765 4605 a
801 4549 1071 4620 principio
1108 4548 1437 4615 praestiterat
1474 4559 1487 4595 :
1526 4556 1624 4595 nec
1660 4556 1788 4594 vero
1829 4540 1897 4594 iis
1927 4544 2016 4608 qui
2051 4542 2295 4601 aderant,
2335 4542 2374 4595 D
2407 4542 2634 4611 fugaret.
2692 4546 2988 4614 Postquam
3038 4547 3205 4617 igitur
3246 4563 3380 4603 auso
3426 4552 3632 4618 potitus
3672 4564 3784 4616 est,
3820 4558 3981 4609 etiam

738 4643 905 4694 ullum
939 4640 1161 4691 verbum
1196 4634 1347 4697 fecit,
1374 4643 1466 4687 aut
1506 4631 1590 4685 sui
1630 4630 1893 4684 vicarium
1927 4630 2165 4699 reliquit,
2195 4646 2302 4698 quo

740 4730 1112 4799 impediretur,
1140 4742 1263 4796 qua:
1290 4734 1476 4778 secuta
1505 4731 1612 4783 est,
1644 4720 1897 4774 confusio
1934 4729 1987 4774 et
2012 4720 2299 4789 pernicies.

734 4822 999 4879 Conversi
1053 4820 1196 4874 enim
1256 4816 1479 4879 milites,
1537 4828 1660 4868 cum
1695 4813 1889 4865 ducem
1945 4826 2051 4862 non
2088 4812 2302 4879 conspi-

735 4919 909 4978 ciunt,
944 4913 1037 4967 sed
1092 4912 1297 4979 fugisse
1336 4908 1591 4970 audiunt,
1646 4907 1700 4958 in
1753 4904 2214 4973 perturbationem
2250 4914 2304 4959 et

742 5022 939 5060 lm'lttllt
978 5005 1249 5068 ingentem
1299 5000 1631 5052 inciderunt.
1668 4995 1878 5069 Rursus
1926 4994 2065 5048 forte
2118 4995 2305 5049 aderat

744 5100 1082 5165 imperator:
1130 5091 1224 5159 qui
1254 5091 1343 5143 ubi
1399 5088 1603 5142 milites
1642 5087 1990 5156 perturbatos
2019 5095 2071 5139 et
2114 5076 2301 5155 plenos

740 5201 950 5249 tmmrv,
1005 5186 1150 5237 velut
1183 5196 1312 5235 oves
1344 5179 1533 5234 bestiis
1582 5178 1844 5247 agitatas.
1883 5177 2036 5241 vidit,
2084 5191 2299 5230 causam

740 5280 964 5329 .rdotcus
1011 5269 1466 5325 etJustinianum
1516 5265 1806 5336 profugum
1840 5265 2300 5328 animadvertens,

740 5370 818 5419 sic
842 5382 965 5418 eum
995 5362 1309 5430 aggreditur
1346 5377 1359 5411 :
1402 5378 1420 5408 ι
1455 5357 1525 5411 Mi
1561 5356 1752 5417 frater,
1782 5355 1979 5423 inquit,
2006 5355 2134 5423 quid
2163 5356 2300 5408 istud

743 5458 900 5526 agis?
929 5456 1058 5508 Iledi
1095 5454 1147 5506 in
1184 5454 1360 5505 locum
1393 5460 1547 5502 tuum
1589 5463 1601 5501 :
1635 5449 1790 5517 plaga
1820 5447 1920 5501 ista
1948 5447 2153 5500 modica
2188 5458 2299 5510 est;

745 5552 881 5610 redi,
920 5549 1118 5599 anmbo
1156 5554 1206 5598 te
1237 5563 1250 5608 ;
1282 5544 1499 5611 gravior
1525 5542 1668 5594 enim
1706 5554 1850 5592 nunc
1878 5538 2176 5592 necessitas
2210 5556 2302 5590 ur-

741 5653 849 5709 get.
889 5636 1025 5691 Urbs
1057 5638 1107 5689 iu
1144 5636 1398 5688 manibus
1430 5636 1540 5688 tuis
1572 5639 1677 5691 est,
1710 5646 1737 5681 a
1768 5640 1819 5683 te
1849 5629 2114 5682 servanda
2146 5638 2245 5681 est.
2278 5648 2297 5679 ι

742 5733 857 5782 Alia
888 5732 1037 5794 plura
1070 5727 1310 5780 monenti
1352 5723 1663 5793 imperatori
1707 5721 1839 5773 nihil
1881 5719 2184 5786 respondit,
2210 5720 2299 5772 sed

740 5825 981 5876 (Baiulttut
1008 5819 1286 5887 trajectus,
1312 5818 1505 5871 ibidem
1536 5816 1587 5868 in
1614 5814 2069 5881 contemptionem
2100 5811 2299 5862 adduc-

2405 4634 2557 4686 nmlti
2590 4635 2701 4698 alii,
2730 4651 2856 4689 eum
2894 4638 3093 4699 secuti,
3131 4638 3185 4692 in
3221 4652 3435 4692 murum
3470 4642 3814 4706 evadebant,
3851 4663 3982 4711 quos

2405 4723 2576 4776 nostri
2608 4733 2831 4791 propter
2858 4725 3199 4793 paucitatem
3242 4726 3530 4794 prohibere
3564 4744 3675 4783 non
3704 4743 3980 4798 poterant.

2404 4828 2526 4866 ctnn
2564 4813 2800 4866 hostium
2832 4828 3063 4883 magnus
3095 4831 3359 4870 numerus
3390 4827 3560 4871 esset.
3604 4818 3875 4876 Pretium
3912 4837 3981 4879 ta-

2407 4919 2528 4956 men
2561 4919 2683 4956 cum
2718 4903 2918 4972 iis,qui
2952 4906 3767 4969 ascendercnt,commiserunt
3796 4926 3854 4969 et
3876 4934 3976 4969 non

2405 4995 2657 5064 exiguam
2693 4998 2745 5047 in
2790 5011 2887 5050 eos
2926 4997 3213 5051 ediderunt
3262 5000 3484 5053 eadem.
3519 5001 3642 5069 Ipse
3670 5004 3975 5068 Cbasanes.

2406 5084 2545 5136 inter
2574 5086 2920 5150 pugnandum
2971 5100 3105 5139 saxo
3133 5086 3394 5150 offensus,
3438 5092 3764 5157 procubuit.
3804 5099 3970 5160 Quem

2405 5189 2527 5227 cum
2555 5178 2802 5228 conversi
2840 5177 3011 5229 nostri
3039 5177 3309 5243 jaceutem
3358 5181 3563 5246 vident,
3623 5184 3847 5253 lapides
3881 5206 3973 5241 uno

2405 5267 2570 5333 dique
2604 5266 2656 5318 in
2692 5282 2814 5319 eum
2846 5267 3169 5335 conjiciunt.
3209 5269 3302 5322 Ille
3336 5270 3387 5323 in
3420 5286 3595 5340 genua
3637 5277 3859 5342 enisus,
3886 5296 3972 5348 pu-

2405 5359 2625 5426 gnabat,
2680 5358 2769 5409 sed
2810 5374 2930 5410 mox
2987 5361 3266 5425 plagarum
3315 5364 3671 5419 multitudine
3720 5373 3969 5423 manibus

2405 5448 2648 5515 elanguit
2695 5456 2747 5502 et
2796 5449 2917 5500 telis
2959 5449 3190 5503 obrutus
3240 5460 3341 5505 est.
3371 5450 3530 5505 Multi
3575 5455 3711 5508 item
3750 5459 3847 5511 alii
3886 5470 3967 5513 aut

2406 5539 2600 5600 oet-isi,
2653 5548 2745 5590 aut
2796 5540 3067 5592 vulnerati
3111 5551 3166 5594 et
3214 5552 3439 5610 propter
3466 5545 3657 5613 plagas
3695 5549 3750 5601 in
3802 5562 3965 5607 castra

2406 5629 2670 5693 asportati
2708 5638 2855 5681 sunt.
2907 5627 3146 5682 Tandem
3201 5634 3383 5685 hostes
3432 5638 3766 5691 catervatim
3824 5658 3961 5693 muro

2403 5718 2579 5786 potiti,
2616 5728 2835 5772 nostros
2872 5720 3227 5785 dissiparunt,
3275 5722 3388 5789 qui.
3427 5724 3639 5779 relictis
3684 5731 3958 5783 exteriori-

2406 5814 2505 5861 bus
2544 5809 2835 5871 iuuenibus,
2882 5825 2974 5875 per
3010 5823 3221 5877 portant
3272 5812 3315 5864 ir
3362 5815 3555 5868 urbem
3598 5821 3957 5888 irruinpeuter
