  <div class='ocr_page' id='page_1' title='image "/cluster/home/n/w/nwhite01/storage/ocr_20150623/156/nnc1.0046980911/434.png"; bbox 0 0 4134 6452; ppageno 0'>
   <div class='ocr_carea' id='block_1_1' title="bbox 171 476 280 538">
    <p class='ocr_par' dir='ltr' id='par_1_1' title="bbox 171 476 280 538">
     <span class='ocr_line' id='line_1_1' title="bbox 171 476 280 538; baseline -0.009 0"><span class='ocrx_word' id='word_1_1' title='bbox 171 476 280 538; x_wconf 80' lang='grc'>8⁸17</span> 
     </span>
    </p>
   </div>
   <div class='ocr_carea' id='block_1_2' title="bbox 1217 467 2418 531">
    <p class='ocr_par' dir='ltr' id='par_1_2' title="bbox 1217 467 2418 531">
     <span class='ocr_line' id='line_1_2' title="bbox 1217 467 2418 531; baseline -0.003 0"><span class='ocrx_word' id='word_1_2' title='bbox 1217 468 1653 531; x_wconf 81' lang='lat' dir='ltr'>CHRONICON</span> <span class='ocrx_word' id='word_1_3' title='bbox 1699 467 1965 531; x_wconf 81' lang='lat' dir='ltr'><strong>MAIUS.</strong></span> <span class='ocrx_word' id='word_1_4' title='bbox 2004 493 2073 503; x_wconf 73' lang='grc'>’-</span> <span class='ocrx_word' id='word_1_5' title='bbox 2112 467 2258 529; x_wconf 86' lang='lat' dir='ltr'>LIB.</span> <span class='ocrx_word' id='word_1_6' title='bbox 2306 468 2418 528; x_wconf 77' lang='lat' dir='ltr'>III-</span> 
     </span>
    </p>
   </div>
   <div class='ocr_carea' id='block_1_3' title="bbox 3307 467 3411 530">
    <p class='ocr_par' dir='ltr' id='par_1_3' title="bbox 3307 467 3411 530">
     <span class='ocr_line' id='line_1_3' title="bbox 3307 467 3411 530; baseline 0.01 -1"><span class='ocrx_word' id='word_1_7' title='bbox 3307 467 3411 530; x_wconf 82' lang='lat'>878</span> 
     </span>
    </p>
   </div>
   <div class='ocr_carea' id='block_1_4' title="bbox 171 578 3408 657">
    <p class='ocr_par' dir='ltr' id='par_1_4' title="bbox 171 578 3408 657">
     <span class='ocr_line' id='line_1_4' title="bbox 171 578 3408 657; baseline -0.004 -12"><span class='ocrx_word' id='word_1_8' title='bbox 171 591 380 657; x_wconf 69' lang='grc' dir='ltr'>ἔξωθεν</span> <span class='ocrx_word' id='word_1_9' title='bbox 408 587 615 656; x_wconf 81' lang='grc' dir='ltr'>τείχους</span> <span class='ocrx_word' id='word_1_10' title='bbox 647 585 850 639; x_wconf 72' lang='grc' dir='ltr'>ἔσωθεν</span> <span class='ocrx_word' id='word_1_11' title='bbox 877 584 965 639; x_wconf 89' lang='grc' dir='ltr'>διά</span> <span class='ocrx_word' id='word_1_12' title='bbox 994 584 1092 653; x_wconf 83' lang='grc' dir='ltr'>τῆς</span> <span class='ocrx_word' id='word_1_13' title='bbox 1122 584 1294 655; x_wconf 88' lang='grc' dir='ltr'>πύλης</span> <span class='ocrx_word' id='word_1_14' title='bbox 1324 585 1537 638; x_wconf 76' lang='grc' dir='ltr'>ἔϐαινον</span> <span class='ocrx_word' id='word_1_15' title='bbox 1564 604 1738 639; x_wconf 84' lang='grc' dir='ltr'>κατα·</span> <span class='ocrx_word' id='word_1_16' title='bbox 1770 589 1813 641; x_wconf 81' lang='grc' dir='ltr'>Α</span> <span class='ocrx_word' id='word_1_17' title='bbox 1842 582 2041 652; x_wconf 82' lang='grc' dir='ltr'>τιὼτην</span> <span class='ocrx_word' id='word_1_18' title='bbox 2072 581 2337 649; x_wconf 65' lang='grc' dir='ltr'>γενναίως</span> <span class='ocrx_word' id='word_1_19' title='bbox 2362 582 2476 643; x_wconf 80' lang='grc' dir='ltr'>τοῖς</span> <span class='ocrx_word' id='word_1_20' title='bbox 2502 578 2782 648; x_wconf 84' lang='grc' dir='ltr'>πολεμίοις</span> <span class='ocrx_word' id='word_1_21' title='bbox 2818 579 2980 650; x_wconf 70' lang='lat'><strong>287</strong></span> <span class='ocrx_word' id='word_1_22' title='bbox 3006 579 3408 648; x_wconf 75' lang='grc' dir='ltr'>ίσυμπλέκετο·</span> 
     </span>
    </p>
   </div>
   <div class='ocr_carea' id='block_1_5' title="bbox 171 674 1740 749">
    <p class='ocr_par' dir='ltr' id='par_1_5' title="bbox 171 674 1740 749">
     <span class='ocr_line' id='line_1_5' title="bbox 171 674 1740 749; baseline -0.004 -13"><span class='ocrx_word' id='word_1_23' title='bbox 171 684 460 745; x_wconf 80' lang='grc' dir='ltr'>πατῶντες</span> <span class='ocrx_word' id='word_1_24' title='bbox 512 674 591 743; x_wconf 82' lang='grc' dir='ltr'>είς</span> <span class='ocrx_word' id='word_1_25' title='bbox 641 680 731 733; x_wconf 74' lang='grc' dir='ltr'>τὸν</span> <span class='ocrx_word' id='word_1_26' title='bbox 776 679 982 749; x_wconf 71' lang='grc' dir='ltr'>ἕτερον.</span> <span class='ocrx_word' id='word_1_27' title='bbox 1016 678 1203 732; x_wconf 85' lang='grc' dir='ltr'>Ταῦτα</span> <span class='ocrx_word' id='word_1_28' title='bbox 1246 679 1301 731; x_wconf 81' lang='grc' dir='ltr'>δὲ</span> <span class='ocrx_word' id='word_1_29' title='bbox 1348 678 1522 740; x_wconf 78' lang='grc' dir='ltr'>οὕτως</span> <span class='ocrx_word' id='word_1_30' title='bbox 1552 680 1740 747; x_wconf 72' lang='grc' dir='ltr'>ἔχοντα</span> 
     </span>
    </p>
   </div>
   <div class='ocr_carea' id='block_1_6' title="bbox 170 769 1739 842">
    <p class='ocr_par' dir='ltr' id='par_1_6' title="bbox 170 769 1739 842">
     <span class='ocr_line' id='line_1_6' title="bbox 170 769 1739 842; baseline -0.004 -15"><span class='ocrx_word' id='word_1_31' title='bbox 170 774 274 827; x_wconf 77' lang='grc' dir='ltr'>καὶ</span> <span class='ocrx_word' id='word_1_32' title='bbox 311 778 460 842; x_wconf 78' lang='grc' dir='ltr'>φωνή</span> <span class='ocrx_word' id='word_1_33' title='bbox 502 789 585 834; x_wconf 90' lang='grc' dir='ltr'>τις</span> <span class='ocrx_word' id='word_1_34' title='bbox 619 771 818 842; x_wconf 74' lang='grc' dir='ltr'>ἐρρέθη</span> <span class='ocrx_word' id='word_1_35' title='bbox 847 770 1050 824; x_wconf 70' lang='grc' dir='ltr'>ἔσωθεν</span> <span class='ocrx_word' id='word_1_36' title='bbox 1072 772 1168 824; x_wconf 76' lang='grc' dir='ltr'>καὶ</span> <span class='ocrx_word' id='word_1_37' title='bbox 1196 771 1396 836; x_wconf 75' lang='grc' dir='ltr'>ἔξωθεν</span> <span class='ocrx_word' id='word_1_38' title='bbox 1425 772 1520 823; x_wconf 77' lang='grc' dir='ltr'>καὶ</span> <span class='ocrx_word' id='word_1_39' title='bbox 1552 772 1617 823; x_wconf 80' lang='grc' dir='ltr'>ἐκ</span> <span class='ocrx_word' id='word_1_40' title='bbox 1646 769 1739 823; x_wconf 85' lang='grc' dir='ltr'>τοῦ</span> 
     </span>
    </p>
   </div>
   <div class='ocr_carea' id='block_1_7' title="bbox 172 860 1743 932">
    <p class='ocr_par' dir='ltr' id='par_1_7' title="bbox 172 860 1743 932">
     <span class='ocr_line' id='line_1_7' title="bbox 172 860 1743 932; baseline -0.001 -17"><span class='ocrx_word' id='word_1_41' title='bbox 172 864 379 932; x_wconf 81' lang='grc' dir='ltr'>μέρους</span> <span class='ocrx_word' id='word_1_42' title='bbox 422 860 518 914; x_wconf 80' lang='grc' dir='ltr'>τοῦ</span> <span class='ocrx_word' id='word_1_43' title='bbox 566 860 822 929; x_wconf 74' lang='grc' dir='ltr'>λιμένοςο</span> <span class='ocrx_word' id='word_1_44' title='bbox 860 879 881 912; x_wconf 71' lang='grc' dir='ltr'>ε</span> <span class='ocrx_word' id='word_1_45' title='bbox 926 860 1098 916; x_wconf 82' lang='grc' dir='ltr'>Ἑάλω</span> <span class='ocrx_word' id='word_1_46' title='bbox 1139 862 1202 914; x_wconf 82' lang='grc' dir='ltr'>τὸ</span> <span class='ocrx_word' id='word_1_47' title='bbox 1245 860 1522 930; x_wconf 87' lang='grc' dir='ltr'>φρούριον,</span> <span class='ocrx_word' id='word_1_48' title='bbox 1556 861 1649 913; x_wconf 59' lang='grc' dir='ltr'>καλ</span> <span class='ocrx_word' id='word_1_49' title='bbox 1676 861 1743 913; x_wconf 66' lang='grc' dir='ltr'>τὰ</span> 
     </span>
    </p>
   </div>
   <div class='ocr_carea' id='block_1_8' title="bbox 176 953 1744 1025">
    <p class='ocr_par' dir='ltr' id='par_1_8' title="bbox 176 953 1744 1025">
     <span class='ocr_line' id='line_1_8' title="bbox 176 953 1744 1025; baseline -0.004 -15"><span class='ocrx_word' id='word_1_50' title='bbox 176 956 487 1025; x_wconf 84' lang='grc' dir='ltr'>στρατήγια</span> <span class='ocrx_word' id='word_1_51' title='bbox 535 956 630 1008; x_wconf 81' lang='grc' dir='ltr'>καὶ</span> <span class='ocrx_word' id='word_1_52' title='bbox 670 955 736 1006; x_wconf 84' lang='grc' dir='ltr'>τά</span> <span class='ocrx_word' id='word_1_53' title='bbox 768 957 979 1024; x_wconf 86' lang='grc' dir='ltr'>σημαῖα</span> <span class='ocrx_word' id='word_1_54' title='bbox 1008 955 1218 1008; x_wconf 74' lang='grc' dir='ltr'>ἀνωθεν</span> <span class='ocrx_word' id='word_1_55' title='bbox 1262 956 1321 1005; x_wconf 79' lang='grc' dir='ltr'>έν</span> <span class='ocrx_word' id='word_1_56' title='bbox 1348 956 1463 1015; x_wconf 87' lang='grc' dir='ltr'>τοῖς</span> <span class='ocrx_word' id='word_1_57' title='bbox 1509 953 1744 1023; x_wconf 81' lang='grc' dir='ltr'>πύργοις</span> 
     </span>
    </p>
   </div>
   <div class='ocr_carea' id='block_1_9' title="bbox 176 1044 1740 1119">
    <p class='ocr_par' dir='ltr' id='par_1_9' title="bbox 176 1044 1740 1119">
     <span class='ocr_line' id='line_1_9' title="bbox 176 1044 1740 1119; baseline -0.006 -16"><span class='ocrx_word' id='word_1_58' title='bbox 176 1051 439 1119; x_wconf 70' lang='grc' dir='ltr'>ἔστησαν.</span> <span class='ocrx_word' id='word_1_59' title='bbox 478 1067 497 1099; x_wconf 75' lang='grc' dir='ltr'>ι</span> <span class='ocrx_word' id='word_1_60' title='bbox 534 1048 644 1101; x_wconf 75' lang='grc' dir='ltr'>Καὶ</span> <span class='ocrx_word' id='word_1_61' title='bbox 683 1047 716 1115; x_wconf 81' lang='grc' dir='ltr'>ἠ</span> <span class='ocrx_word' id='word_1_62' title='bbox 765 1046 920 1117; x_wconf 81' lang='grc' dir='ltr'>φωνὴ</span> <span class='ocrx_word' id='word_1_63' title='bbox 947 1047 1075 1108; x_wconf 74' lang='grc' dir='ltr'>τοὺς</span> <span class='ocrx_word' id='word_1_64' title='bbox 1114 1044 1423 1114; x_wconf 78' lang='grc' dir='ltr'>ἡμετέρους</span> <span class='ocrx_word' id='word_1_65' title='bbox 1451 1044 1740 1113; x_wconf 75' lang='grc' dir='ltr'>ἐτρέψατο,</span> 
     </span>
    </p>
   </div>
   <div class='ocr_carea' id='block_1_10' title="bbox 168 1136 1746 1210">
    <p class='ocr_par' dir='ltr' id='par_1_10' title="bbox 168 1136 1746 1210">
     <span class='ocr_line' id='line_1_10' title="bbox 168 1136 1746 1210; baseline -0.005 -14"><span class='ocrx_word' id='word_1_66' title='bbox 168 1144 306 1204; x_wconf 80' lang='grc' dir='ltr'>τοὺς</span> <span class='ocrx_word' id='word_1_67' title='bbox 333 1143 392 1196; x_wconf 73' lang='grc' dir='ltr'>δὲ</span> <span class='ocrx_word' id='word_1_68' title='bbox 437 1141 733 1210; x_wconf 87' lang='grc' dir='ltr'>πολεμίους</span> <span class='ocrx_word' id='word_1_69' title='bbox 772 1139 1141 1208; x_wconf 77' lang='grc' dir='ltr'>ἀνεθάῖῤῥυνε·</span> <span class='ocrx_word' id='word_1_70' title='bbox 1190 1138 1356 1208; x_wconf 67' lang='grc'>286</span> <span class='ocrx_word' id='word_1_71' title='bbox 1404 1138 1500 1190; x_wconf 72' lang='grc' dir='ltr'>καὶ</span> <span class='ocrx_word' id='word_1_72' title='bbox 1545 1136 1746 1190; x_wconf 82' lang='grc' dir='ltr'>ἀλαλά-</span> 
     </span>
    </p>
   </div>
   <div class='ocr_carea' id='block_1_11' title="bbox 172 1229 1744 1301">
    <p class='ocr_par' dir='ltr' id='par_1_11' title="bbox 172 1229 1744 1301">
     <span class='ocr_line' id='line_1_11' title="bbox 172 1229 1744 1301; baseline -0.004 -14"><span class='ocrx_word' id='word_1_73' title='bbox 172 1235 372 1299; x_wconf 82' lang='grc' dir='ltr'>ξαντες</span> <span class='ocrx_word' id='word_1_74' title='bbox 398 1234 580 1301; x_wconf 81' lang='grc' dir='ltr'>φωνὰς</span> <span class='ocrx_word' id='word_1_75' title='bbox 612 1232 813 1294; x_wconf 75' lang='grc' dir='ltr'>πολλὰς</span> <span class='ocrx_word' id='word_1_76' title='bbox 846 1234 940 1285; x_wconf 71' lang='grc' dir='ltr'>καὶ</span> <span class='ocrx_word' id='word_1_77' title='bbox 982 1230 1283 1300; x_wconf 79' lang='grc' dir='ltr'>προθύμως</span> <span class='ocrx_word' id='word_1_78' title='bbox 1316 1232 1444 1284; x_wconf 82' lang='grc' dir='ltr'>ἀνευ</span> <span class='ocrx_word' id='word_1_79' title='bbox 1477 1229 1646 1297; x_wconf 91' lang='grc' dir='ltr'>φόϐου</span> <span class='ocrx_word' id='word_1_80' title='bbox 1692 1229 1744 1281; x_wconf 73' lang='lat' dir='ltr'>oi</span> 
     </span>
    </p>
   </div>
   <div class='ocr_carea' id='block_1_12' title="bbox 172 1324 1109 1394">
    <p class='ocr_par' dir='ltr' id='par_1_12' title="bbox 172 1324 1109 1394">
     <span class='ocr_line' id='line_1_12' title="bbox 172 1324 1109 1394; baseline -0.005 -12"><span class='ocrx_word' id='word_1_81' title='bbox 172 1329 382 1389; x_wconf 79' lang='grc' dir='ltr'>πάντες</span> <span class='ocrx_word' id='word_1_82' title='bbox 411 1328 500 1380; x_wconf 62' lang='grc' dir='ltr'>ἐπὶ</span> <span class='ocrx_word' id='word_1_83' title='bbox 524 1326 592 1378; x_wconf 83' lang='grc' dir='ltr'>τά</span> <span class='ocrx_word' id='word_1_84' title='bbox 622 1327 777 1394; x_wconf 87' lang='grc' dir='ltr'>τείχη</span> <span class='ocrx_word' id='word_1_85' title='bbox 807 1324 1109 1377; x_wconf 87' lang='grc' dir='ltr'>ἀνέϐαινον.</span> 
     </span>
    </p>
   </div>
   <div class='ocr_carea' id='block_1_13' title="bbox 267 1411 1746 1484">
    <p class='ocr_par' dir='ltr' id='par_1_13' title="bbox 267 1411 1746 1484">
     <span class='ocr_line' id='line_1_13' title="bbox 267 1411 1746 1484; baseline -0.001 -17"><span class='ocrx_word' id='word_1_86' title='bbox 267 1416 355 1476; x_wconf 83' lang='grc' dir='ltr'>Ὠς</span> <span class='ocrx_word' id='word_1_87' title='bbox 382 1416 473 1468; x_wconf 77' lang='grc' dir='ltr'>οὖν</span> <span class='ocrx_word' id='word_1_88' title='bbox 520 1411 659 1468; x_wconf 75' lang='grc' dir='ltr'>εἶδεν</span> <span class='ocrx_word' id='word_1_89' title='bbox 692 1418 718 1467; x_wconf 99' lang='lat'>6</span> <span class='ocrx_word' id='word_1_90' title='bbox 747 1416 1038 1484; x_wconf 79' lang='grc' dir='ltr'>δυστυχὴς,</span> <span class='ocrx_word' id='word_1_91' title='bbox 1076 1417 1103 1466; x_wconf 91' lang='grc' dir='ltr'>ό</span> <span class='ocrx_word' id='word_1_92' title='bbox 1142 1414 1395 1484; x_wconf 80' lang='grc' dir='ltr'>βασιλεὺς</span> <span class='ocrx_word' id='word_1_93' title='bbox 1424 1414 1517 1469; x_wconf 70' lang='grc' dir='ltr'>καὶ</span> <span class='ocrx_word' id='word_1_94' title='bbox 1547 1414 1746 1467; x_wconf 79' lang='grc' dir='ltr'>αὐθέν-</span> 
     </span>
    </p>
   </div>
   <div class='ocr_carea' id='block_1_14' title="bbox 171 1504 1746 1575">
    <p class='ocr_par' dir='ltr' id='par_1_14' title="bbox 171 1504 1746 1575">
     <span class='ocr_line' id='line_1_14' title="bbox 171 1504 1746 1575; baseline 0 -18"><span class='ocrx_word' id='word_1_95' title='bbox 171 1524 282 1575; x_wconf 88' lang='grc' dir='ltr'>της</span> <span class='ocrx_word' id='word_1_96' title='bbox 314 1524 439 1575; x_wconf 83' lang='grc' dir='ltr'>μου,</span> <span class='ocrx_word' id='word_1_97' title='bbox 470 1505 793 1573; x_wconf 79' lang='grc' dir='ltr'>δακρυχέων</span> <span class='ocrx_word' id='word_1_98' title='bbox 827 1504 1166 1573; x_wconf 83' lang='grc' dir='ltr'>ὲπαρακάλει</span> <span class='ocrx_word' id='word_1_99' title='bbox 1192 1505 1283 1557; x_wconf 74' lang='grc' dir='ltr'>τὸν</span> <span class='ocrx_word' id='word_1_100' title='bbox 1312 1506 1465 1568; x_wconf 84' lang='grc' dir='ltr'>Θεὸν,</span> <span class='ocrx_word' id='word_1_101' title='bbox 1496 1506 1589 1558; x_wconf 74' lang='grc' dir='ltr'>καὶ</span> <span class='ocrx_word' id='word_1_102' title='bbox 1618 1507 1746 1567; x_wconf 81' lang='grc' dir='ltr'>τοὺς</span> 
     </span>
    </p>
   </div>
   <div class='ocr_carea' id='block_1_15' title="bbox 174 1596 1747 1667">
    <p class='ocr_par' dir='ltr' id='par_1_15' title="bbox 174 1596 1747 1667">
     <span class='ocr_line' id='line_1_15' title="bbox 174 1596 1747 1667; baseline 0 -19"><span class='ocrx_word' id='word_1_103' title='bbox 174 1598 527 1665; x_wconf 79' lang='grc' dir='ltr'>στρατιώτας</span> <span class='ocrx_word' id='word_1_104' title='bbox 586 1597 673 1648; x_wconf 78' lang='grc' dir='ltr'>ἵνα</span> <span class='ocrx_word' id='word_1_105' title='bbox 726 1596 1215 1664; x_wconf 75' lang='grc' dir='ltr'>μεγαλοψυχήσωσι</span> <span class='ocrx_word' id='word_1_106' title='bbox 1258 1598 1604 1667; x_wconf 83' lang='grc' dir='ltr'>προέτρεπε’</span> <span class='ocrx_word' id='word_1_107' title='bbox 1653 1599 1747 1650; x_wconf 76' lang='grc' dir='ltr'>καὶ</span> 
     </span>
    </p>
   </div>
   <div class='ocr_carea' id='block_1_16' title="bbox 171 1684 1745 1757">
    <p class='ocr_par' dir='ltr' id='par_1_16' title="bbox 171 1684 1745 1757">
     <span class='ocr_line' id='line_1_16' title="bbox 171 1684 1745 1757; baseline 0 -16"><span class='ocrx_word' id='word_1_108' title='bbox 171 1690 279 1741; x_wconf 71' lang='grc' dir='ltr'>οὐκ</span> <span class='ocrx_word' id='word_1_109' title='bbox 304 1684 372 1756; x_wconf 83' lang='grc' dir='ltr'>ἦν</span> <span class='ocrx_word' id='word_1_110' title='bbox 400 1690 699 1757; x_wconf 82' lang='grc' dir='ltr'>συνδρομῆς</span> <span class='ocrx_word' id='word_1_111' title='bbox 733 1690 827 1740; x_wconf 72' lang='grc' dir='ltr'>καὶ</span> <span class='ocrx_word' id='word_1_112' title='bbox 856 1688 1104 1756; x_wconf 75' lang='grc' dir='ltr'>βοηθείας</span> <span class='ocrx_word' id='word_1_113' title='bbox 1134 1689 1288 1751; x_wconf 71' lang='grc' dir='ltr'>ἐλπὶς</span> <span class='ocrx_word' id='word_1_114' title='bbox 1318 1690 1566 1755; x_wconf 77' lang='grc' dir='ltr'>οὐδεμία.</span> <span class='ocrx_word' id='word_1_115' title='bbox 1606 1690 1662 1743; x_wconf 89' lang='grc' dir='ltr'>Ὀ</span> <span class='ocrx_word' id='word_1_116' title='bbox 1690 1690 1745 1741; x_wconf 77' lang='grc' dir='ltr'>δὲ</span> 
     </span>
    </p>
   </div>
   <div class='ocr_carea' id='block_1_17' title="bbox 171 1775 1747 1845">
    <p class='ocr_par' dir='ltr' id='par_1_17' title="bbox 171 1775 1747 1845">
     <span class='ocr_line' id='line_1_17' title="bbox 171 1775 1747 1845; baseline 0.002 -20"><span class='ocrx_word' id='word_1_117' title='bbox 171 1775 273 1827; x_wconf 67' lang='grc' dir='ltr'>τὸν</span> <span class='ocrx_word' id='word_1_118' title='bbox 307 1776 472 1827; x_wconf 89' lang='grc' dir='ltr'>ῖππον</span> <span class='ocrx_word' id='word_1_119' title='bbox 504 1776 768 1843; x_wconf 69' lang='grc' dir='ltr'>κεντήσις</span> <span class='ocrx_word' id='word_1_120' title='bbox 802 1775 1026 1843; x_wconf 75' lang='grc' dir='ltr'>δραμὼν</span> <span class='ocrx_word' id='word_1_121' title='bbox 1064 1775 1302 1843; x_wconf 80' lang='grc' dir='ltr'>ἔφθασεν</span> <span class='ocrx_word' id='word_1_122' title='bbox 1333 1777 1462 1828; x_wconf 78' lang='grc' dir='ltr'>ἔνθα</span> <span class='ocrx_word' id='word_1_123' title='bbox 1516 1778 1575 1827; x_wconf 70' lang='grc' dir='ltr'>τὸ</span> <span class='ocrx_word' id='word_1_124' title='bbox 1610 1779 1747 1845; x_wconf 86' lang='grc' dir='ltr'>πλῆ-</span> 
     </span>
    </p>
   </div>
   <div class='ocr_carea' id='block_1_18' title="bbox 174 1868 1749 1938">
    <p class='ocr_par' dir='ltr' id='par_1_18' title="bbox 174 1868 1749 1938">
     <span class='ocr_line' id='line_1_18' title="bbox 174 1868 1749 1938; baseline 0.003 -18"><span class='ocrx_word' id='word_1_125' title='bbox 174 1869 276 1932; x_wconf 86' lang='grc' dir='ltr'>θος</span> <span class='ocrx_word' id='word_1_126' title='bbox 312 1871 422 1921; x_wconf 87' lang='grc' dir='ltr'>τῶν</span> <span class='ocrx_word' id='word_1_127' title='bbox 472 1868 683 1921; x_wconf 83' lang='grc' dir='ltr'>ἀσεϐῶν</span> <span class='ocrx_word' id='word_1_128' title='bbox 734 1869 957 1936; x_wconf 66' lang='grc' dir='ltr'>ἤρχετο,</span> <span class='ocrx_word' id='word_1_129' title='bbox 990 1870 1082 1921; x_wconf 77' lang='grc' dir='ltr'>καὶ</span> <span class='ocrx_word' id='word_1_130' title='bbox 1114 1870 1362 1938; x_wconf 77' lang='grc' dir='ltr'>ὥσπερ-ό</span> <span class='ocrx_word' id='word_1_131' title='bbox 1391 1871 1630 1938; x_wconf 74' lang='grc' dir='ltr'>Σαμψὼν</span> <span class='ocrx_word' id='word_1_132' title='bbox 1657 1873 1749 1924; x_wconf 69' lang='grc' dir='ltr'>ἐπὶ</span> 
     </span>
    </p>
   </div>
   <div class='ocr_carea' id='block_1_19' title="bbox 173 1961 1743 2035">
    <p class='ocr_par' dir='ltr' id='par_1_19' title="bbox 173 1961 1743 2035">
     <span class='ocr_line' id='line_1_19' title="bbox 173 1961 1743 2035; baseline 0.002 -22"><span class='ocrx_word' id='word_1_133' title='bbox 173 1962 312 2021; x_wconf 77' lang='grc' dir='ltr'>τοὺς</span> <span class='ocrx_word' id='word_1_134' title='bbox 370 1961 703 2028; x_wconf 77' lang='grc' dir='ltr'>ἀλλοφύλους</span> <span class='ocrx_word' id='word_1_135' title='bbox 758 1962 956 2025; x_wconf 80' lang='grc' dir='ltr'>ἐποίει,</span> <span class='ocrx_word' id='word_1_136' title='bbox 1000 1964 1095 2014; x_wconf 76' lang='grc' dir='ltr'>καὶ</span> <span class='ocrx_word' id='word_1_137' title='bbox 1148 1963 1276 2024; x_wconf 86' lang='grc' dir='ltr'>τοὺς</span> <span class='ocrx_word' id='word_1_138' title='bbox 1316 1964 1533 2026; x_wconf 78' lang='grc' dir='ltr'>ἀσεϐεῖς</span> <span class='ocrx_word' id='word_1_139' title='bbox 1579 1966 1635 2015; x_wconf 81' lang='grc' dir='ltr'>ἐν</span> <span class='ocrx_word' id='word_1_140' title='bbox 1678 1968 1743 2035; x_wconf 79' lang='grc' dir='ltr'>τῇ</span> 
     </span>
    </p>
   </div>
   <div class='ocr_carea' id='block_1_20' title="bbox 174 2052 1748 2125">
    <p class='ocr_par' dir='ltr' id='par_1_20' title="bbox 174 2052 1748 2125">
     <span class='ocr_line' id='line_1_20' title="bbox 174 2052 1748 2125; baseline 0.003 -21"><span class='ocrx_word' id='word_1_141' title='bbox 174 2053 380 2125; x_wconf 80' lang='grc' dir='ltr'>πρώτῃ</span> <span class='ocrx_word' id='word_1_142' title='bbox 410 2053 693 2121; x_wconf 77' lang='grc' dir='ltr'>συμπλοκῇ</span> <span class='ocrx_word' id='word_1_143' title='bbox 729 2055 790 2102; x_wconf 82' lang='grc' dir='ltr'>ἐκ</span> <span class='ocrx_word' id='word_1_144' title='bbox 822 2052 927 2103; x_wconf 83' lang='grc' dir='ltr'>τῶν</span> <span class='ocrx_word' id='word_1_145' title='bbox 974 2054 1170 2121; x_wconf 79' lang='grc' dir='ltr'>τείχων</span> <span class='ocrx_word' id='word_1_146' title='bbox 1202 2056 1635 2123; x_wconf 65' lang='grc' dir='ltr'>ἀπεκρήμνισεν,</span> <span class='ocrx_word' id='word_1_147' title='bbox 1673 2057 1748 2119; x_wconf 84' lang='grc' dir='ltr'>ὡς</span> 
     </span>
    </p>
   </div>
   <div class='ocr_carea' id='block_1_21' title="bbox 178 2143 1746 2214">
    <p class='ocr_par' dir='ltr' id='par_1_21' title="bbox 178 2143 1746 2214">
     <span class='ocr_line' id='line_1_21' title="bbox 178 2143 1746 2214; baseline 0.001 -17"><span class='ocrx_word' id='word_1_148' title='bbox 178 2146 321 2197; x_wconf 85' lang='grc' dir='ltr'>ίδεῖν</span> <span class='ocrx_word' id='word_1_149' title='bbox 362 2145 546 2213; x_wconf 78' lang='grc' dir='ltr'>θαῦμα</span> <span class='ocrx_word' id='word_1_150' title='bbox 595 2143 742 2208; x_wconf 77' lang='grc' dir='ltr'>ξένον</span> <span class='ocrx_word' id='word_1_151' title='bbox 774 2145 903 2203; x_wconf 73' lang='grc' dir='ltr'>τοὺς</span> <span class='ocrx_word' id='word_1_152' title='bbox 950 2146 1277 2212; x_wconf 78' lang='grc' dir='ltr'>ἐντυχόντας</span> <span class='ocrx_word' id='word_1_153' title='bbox 1312 2150 1399 2197; x_wconf 79' lang='grc' dir='ltr'>καὶ</span> <span class='ocrx_word' id='word_1_154' title='bbox 1432 2147 1746 2214; x_wconf 84' lang='grc' dir='ltr'>βλέποντας,</span> 
     </span>
    </p>
   </div>
   <div class='ocr_carea' id='block_1_22' title="bbox 174 2235 1749 2307">
    <p class='ocr_par' dir='ltr' id='par_1_22' title="bbox 174 2235 1749 2307">
     <span class='ocr_line' id='line_1_22' title="bbox 174 2235 1749 2307; baseline 0 -19"><span class='ocrx_word' id='word_1_155' title='bbox 174 2236 527 2307; x_wconf 80' lang='grc' dir='ltr'>Βρυχόμενος</span> <span class='ocrx_word' id='word_1_156' title='bbox 552 2236 625 2297; x_wconf 78' lang='grc' dir='ltr'>ὥς</span> <span class='ocrx_word' id='word_1_157' title='bbox 654 2235 791 2286; x_wconf 77' lang='grc' dir='ltr'>λίων</span> <span class='ocrx_word' id='word_1_158' title='bbox 834 2235 930 2286; x_wconf 74' lang='grc' dir='ltr'>καὶ</span> <span class='ocrx_word' id='word_1_159' title='bbox 960 2236 1055 2301; x_wconf 79' lang='grc' dir='ltr'>τὴν</span> <span class='ocrx_word' id='word_1_160' title='bbox 1090 2238 1368 2304; x_wconf 78' lang='grc' dir='ltr'>ῥομφαίαν</span> <span class='ocrx_word' id='word_1_161' title='bbox 1398 2240 1749 2304; x_wconf 80' lang='grc' dir='ltr'>ὲσπασμένην</span> 
     </span>
    </p>
   </div>
   <div class='ocr_carea' id='block_1_23' title="bbox 176 2328 1746 2399">
    <p class='ocr_par' dir='ltr' id='par_1_23' title="bbox 176 2328 1746 2399">
     <span class='ocr_line' id='line_1_23' title="bbox 176 2328 1746 2399; baseline -0.002 -17"><span class='ocrx_word' id='word_1_162' title='bbox 176 2332 328 2399; x_wconf 75' lang='grc' dir='ltr'>ἔχων</span> <span class='ocrx_word' id='word_1_163' title='bbox 359 2335 415 2383; x_wconf 81' lang='grc' dir='ltr'>ὲν</span> <span class='ocrx_word' id='word_1_164' title='bbox 440 2331 504 2399; x_wconf 72' lang='grc' dir='ltr'>τῇ</span> <span class='ocrx_word' id='word_1_165' title='bbox 529 2329 677 2398; x_wconf 82' lang='grc' dir='ltr'>δεξιᾷ</span> <span class='ocrx_word' id='word_1_166' title='bbox 711 2328 937 2388; x_wconf 73' lang='grc' dir='ltr'>πολλοὺς</span> <span class='ocrx_word' id='word_1_167' title='bbox 966 2328 1073 2380; x_wconf 84' lang='grc' dir='ltr'>τῶν</span> <span class='ocrx_word' id='word_1_168' title='bbox 1108 2329 1385 2395; x_wconf 78' lang='grc' dir='ltr'>πολεμίων</span> <span class='ocrx_word' id='word_1_169' title='bbox 1418 2330 1700 2397; x_wconf 73' lang='grc' dir='ltr'>ἀπέσφαξε.</span> <span class='ocrx_word' id='word_1_170' title='bbox 1734 2348 1746 2359; x_wconf 91' lang='grc'><strong>·</strong></span> 
     </span>
    </p>
   </div>
   <div class='ocr_carea' id='block_1_24' title="bbox 178 2415 1756 2491">
    <p class='ocr_par' dir='ltr' id='par_1_24' title="bbox 178 2415 1756 2491">
     <span class='ocr_line' id='line_1_24' title="bbox 178 2415 1756 2491; baseline -0.001 -17"><span class='ocrx_word' id='word_1_171' title='bbox 178 2424 283 2474; x_wconf 73' lang='grc' dir='ltr'>καὶ</span> <span class='ocrx_word' id='word_1_172' title='bbox 314 2421 372 2472; x_wconf 78' lang='grc' dir='ltr'>τὸ</span> <span class='ocrx_word' id='word_1_173' title='bbox 399 2415 534 2487; x_wconf 76' lang='grc' dir='ltr'>αἷμα</span> <span class='ocrx_word' id='word_1_174' title='bbox 572 2419 882 2486; x_wconf 68' lang='grc' dir='ltr'>ποταμηδὸν</span> <span class='ocrx_word' id='word_1_175' title='bbox 918 2421 979 2471; x_wconf 80' lang='grc' dir='ltr'>ὲκ</span> <span class='ocrx_word' id='word_1_176' title='bbox 1009 2421 1119 2471; x_wconf 78' lang='grc' dir='ltr'>τῶν</span> <span class='ocrx_word' id='word_1_177' title='bbox 1154 2420 1332 2472; x_wconf 84' lang='grc' dir='ltr'>ποδῶν</span> <span class='ocrx_word' id='word_1_178' title='bbox 1363 2424 1457 2472; x_wconf 74' lang='grc' dir='ltr'>καὶ</span> <span class='ocrx_word' id='word_1_179' title='bbox 1490 2423 1597 2473; x_wconf 89' lang='grc' dir='ltr'>τῶν</span> <span class='ocrx_word' id='word_1_180' title='bbox 1643 2441 1756 2491; x_wconf 61' lang='grc' dir='ltr'>χεμ</span> 
     </span>
    </p>
   </div>
   <div class='ocr_carea' id='block_1_25' title="bbox 184 2510 1750 2583">
    <p class='ocr_par' dir='ltr' id='par_1_25' title="bbox 184 2510 1750 2583">
     <span class='ocr_line' id='line_1_25' title="bbox 184 2510 1750 2583; baseline 0.003 -22"><span class='ocrx_word' id='word_1_181' title='bbox 184 2511 305 2579; x_wconf 79' lang='grc' dir='ltr'>ρῶν</span> <span class='ocrx_word' id='word_1_182' title='bbox 335 2510 499 2563; x_wconf 79' lang='grc' dir='ltr'>αὑτοῦ</span> <span class='ocrx_word' id='word_1_183' title='bbox 529 2512 703 2581; x_wconf 76' lang='grc' dir='ltr'>ἕρῤεε.</span> <span class='ocrx_word' id='word_1_184' title='bbox 731 2512 837 2564; x_wconf 74' lang='grc' dir='ltr'>Καὶ</span> <span class='ocrx_word' id='word_1_185' title='bbox 867 2511 895 2562; x_wconf 88' lang='lat'>6</span> <span class='ocrx_word' id='word_1_186' title='bbox 927 2511 1264 2581; x_wconf 75' lang='grc' dir='ltr'>προρῤηθεὶς</span> <span class='ocrx_word' id='word_1_187' title='bbox 1292 2513 1391 2566; x_wconf 80' lang='grc' dir='ltr'>Δὸν</span> <span class='ocrx_word' id='word_1_188' title='bbox 1408 2515 1750 2583; x_wconf 79' lang='grc' dir='ltr'>Φραγκίσκος</span> 
     </span>
    </p>
   </div>
   <div class='ocr_carea' id='block_1_26' title="bbox 176 2601 1751 2673">
    <p class='ocr_par' dir='ltr' id='par_1_26' title="bbox 176 2601 1751 2673">
     <span class='ocr_line' id='line_1_26' title="bbox 176 2601 1751 2673; baseline -0.001 -18"><span class='ocrx_word' id='word_1_189' title='bbox 176 2605 208 2655; x_wconf 87' lang='grc' dir='ltr'>ό</span> <span class='ocrx_word' id='word_1_190' title='bbox 261 2602 484 2664; x_wconf 87' lang='grc' dir='ltr'>Τολέδος</span> <span class='ocrx_word' id='word_1_191' title='bbox 530 2602 665 2670; x_wconf 74' lang='grc' dir='ltr'>ὑπὲρ</span> <span class='ocrx_word' id='word_1_192' title='bbox 710 2603 801 2654; x_wconf 77' lang='grc' dir='ltr'>τὸν</span> <span class='ocrx_word' id='word_1_193' title='bbox 866 2601 1117 2671; x_wconf 80' lang='grc' dir='ltr'>Ἀχιλλέα</span> <span class='ocrx_word' id='word_1_194' title='bbox 1176 2603 1474 2673; x_wconf 72' lang='grc' dir='ltr'>ἐποίησεν·</span> <span class='ocrx_word' id='word_1_195' title='bbox 1529 2606 1588 2655; x_wconf 84' lang='grc' dir='ltr'>ὲν</span> <span class='ocrx_word' id='word_1_196' title='bbox 1639 2606 1751 2664; x_wconf 85' lang='grc' dir='ltr'>τοῖς</span> 
     </span>
    </p>
   </div>
   <div class='ocr_carea' id='block_1_27' title="bbox 178 2691 1753 2761">
    <p class='ocr_par' dir='ltr' id='par_1_27' title="bbox 178 2691 1753 2761">
     <span class='ocr_line' id='line_1_27' title="bbox 178 2691 1753 2761; baseline 0.001 -18"><span class='ocrx_word' id='word_1_197' title='bbox 178 2692 384 2754; x_wconf 79' lang='grc' dir='ltr'>δεξιοῖς</span> <span class='ocrx_word' id='word_1_198' title='bbox 412 2691 506 2743; x_wconf 78' lang='grc' dir='ltr'>τοῦ</span> <span class='ocrx_word' id='word_1_199' title='bbox 542 2692 807 2759; x_wconf 87' lang='grc' dir='ltr'>βασιλέως</span> <span class='ocrx_word' id='word_1_200' title='bbox 845 2692 1025 2760; x_wconf 72' lang='grc' dir='ltr'>ἔτυχε,</span> <span class='ocrx_word' id='word_1_201' title='bbox 1060 2692 1151 2744; x_wconf 81' lang='grc' dir='ltr'>καὶ</span> <span class='ocrx_word' id='word_1_202' title='bbox 1186 2691 1260 2753; x_wconf 81' lang='grc' dir='ltr'>ὥς</span> <span class='ocrx_word' id='word_1_203' title='bbox 1314 2710 1395 2746; x_wconf 77' lang='grc' dir='ltr'>τις</span> <span class='ocrx_word' id='word_1_204' title='bbox 1424 2693 1579 2753; x_wconf 76' lang='grc' dir='ltr'>ἀετὸς</span> <span class='ocrx_word' id='word_1_205' title='bbox 1616 2695 1753 2761; x_wconf 83' lang='grc' dir='ltr'>μετά</span> 
     </span>
    </p>
   </div>
   <div class='ocr_carea' id='block_1_28' title="bbox 177 2782 1748 2850">
    <p class='ocr_par' dir='ltr' id='par_1_28' title="bbox 177 2782 1748 2850">
     <span class='ocr_line' id='line_1_28' title="bbox 177 2782 1748 2850; baseline 0.001 -15"><span class='ocrx_word' id='word_1_206' title='bbox 177 2782 399 2850; x_wconf 78' lang='grc' dir='ltr'>ὀνύχων</span> <span class='ocrx_word' id='word_1_207' title='bbox 430 2782 524 2833; x_wconf 74' lang='grc' dir='ltr'>καὶ</span> <span class='ocrx_word' id='word_1_208' title='bbox 573 2783 840 2849; x_wconf 81' lang='grc' dir='ltr'>στόματος</span> <span class='ocrx_word' id='word_1_209' title='bbox 891 2784 1017 2842; x_wconf 82' lang='grc' dir='ltr'>τοὺς</span> <span class='ocrx_word' id='word_1_210' title='bbox 1065 2782 1344 2844; x_wconf 73' lang='grc' dir='ltr'>ἐναντίους</span> <span class='ocrx_word' id='word_1_211' title='bbox 1392 2784 1748 2837; x_wconf 83' lang='grc' dir='ltr'>κατέκοπτεν.</span> 
     </span>
    </p>
   </div>
   <div class='ocr_carea' id='block_1_29' title="bbox 193 2852 1753 2941">
    <p class='ocr_par' dir='ltr' id='par_1_29' title="bbox 193 2852 1753 2941">
     <span class='ocr_line' id='line_1_29' title="bbox 193 2852 1753 2941; baseline -0.003 -16"><span class='ocrx_word' id='word_1_212' title='bbox 193 2872 436 2941; x_wconf 78' lang='grc' dir='ltr'>Ὁμοίως</span> <span class='ocrx_word' id='word_1_213' title='bbox 477 2872 571 2923; x_wconf 76' lang='grc' dir='ltr'>καὶ</span> <span class='ocrx_word' id='word_1_214' title='bbox 616 2871 872 2937; x_wconf 79' lang='grc' dir='ltr'>Θεόφιλος</span> <span class='ocrx_word' id='word_1_215' title='bbox 902 2870 930 2921; x_wconf 88' lang='lat'>6</span> <span class='ocrx_word' id='word_1_216' title='bbox 961 2852 1350 2936; x_wconf 79' lang='grc' dir='ltr'>Παλαιολόγος,</span> <span class='ocrx_word' id='word_1_217' title='bbox 1379 2869 1454 2931; x_wconf 84' lang='grc' dir='ltr'>ὡς</span> <span class='ocrx_word' id='word_1_218' title='bbox 1504 2866 1613 2921; x_wconf 83' lang='grc' dir='ltr'>εἶδε</span> <span class='ocrx_word' id='word_1_219' title='bbox 1664 2873 1753 2921; x_wconf 81' lang='grc' dir='ltr'>τὸν</span> 
     </span>
    </p>
   </div>
   <div class='ocr_carea' id='block_1_30' title="bbox 182 2961 1751 3033">
    <p class='ocr_par' dir='ltr' id='par_1_30' title="bbox 182 2961 1751 3033">
     <span class='ocr_line' id='line_1_30' title="bbox 182 2961 1751 3033; baseline -0.004 -16"><span class='ocrx_word' id='word_1_220' title='bbox 182 2963 424 3033; x_wconf 75' lang='grc' dir='ltr'>βασιλέα</span> <span class='ocrx_word' id='word_1_221' title='bbox 474 2962 784 3031; x_wconf 81' lang='grc' dir='ltr'>μαχόμενον</span> <span class='ocrx_word' id='word_1_222' title='bbox 834 2963 926 3014; x_wconf 77' lang='grc' dir='ltr'>καὶ</span> <span class='ocrx_word' id='word_1_223' title='bbox 970 2962 1070 3029; x_wconf 71' lang='grc' dir='ltr'>τὴν</span> <span class='ocrx_word' id='word_1_224' title='bbox 1101 2964 1254 3014; x_wconf 81' lang='grc' dir='ltr'>πόλιν</span> <span class='ocrx_word' id='word_1_225' title='bbox 1312 2961 1751 3022; x_wconf 74' lang='grc' dir='ltr'>κινδυνεύουσαν,</span> 
     </span>
    </p>
   </div>
   <div class='ocr_carea' id='block_1_31' title="bbox 186 3050 1756 3125">
    <p class='ocr_par' dir='ltr' id='par_1_31' title="bbox 186 3050 1756 3125">
     <span class='ocr_line' id='line_1_31' title="bbox 186 3050 1756 3125; baseline -0.003 -17"><span class='ocrx_word' id='word_1_226' title='bbox 186 3055 596 3125; x_wconf 86' lang='grc' dir='ltr'>μεγαλοφὼνως</span> <span class='ocrx_word' id='word_1_227' title='bbox 626 3055 764 3123; x_wconf 87' lang='grc' dir='ltr'>μετά</span> <span class='ocrx_word' id='word_1_228' title='bbox 794 3052 1079 3121; x_wconf 86' lang='grc' dir='ltr'>κλαυθμοῦ</span> <span class='ocrx_word' id='word_1_229' title='bbox 1113 3052 1320 3120; x_wconf 79' lang='grc' dir='ltr'>κράξας</span> <span class='ocrx_word' id='word_1_230' title='bbox 1351 3050 1473 3103; x_wconf 85' lang='grc' dir='ltr'>είπε</span> <span class='ocrx_word' id='word_1_231' title='bbox 1497 3068 1511 3083; x_wconf 80' lang='grc' dir='ltr'>ο</span> <span class='ocrx_word' id='word_1_232' title='bbox 1552 3072 1570 3102; x_wconf 76' lang='grc' dir='ltr'>ι</span> <span class='ocrx_word' id='word_1_233' title='bbox 1605 3053 1756 3103; x_wconf 84' lang='grc' dir='ltr'>Θέλω</span> 
     </span>
    </p>
   </div>
   <div class='ocr_carea' id='block_1_32' title="bbox 184 3134 1756 3217">
    <p class='ocr_par' dir='ltr' id='par_1_32' title="bbox 184 3134 1756 3217">
     <span class='ocr_line' id='line_1_32' title="bbox 184 3134 1756 3217; baseline -0.005 -14"><span class='ocrx_word' id='word_1_234' title='bbox 184 3152 376 3203; x_wconf 78' lang='grc' dir='ltr'>θανεῖν</span> <span class='ocrx_word' id='word_1_235' title='bbox 426 3147 626 3216; x_wconf 81' lang='grc' dir='ltr'>μᾶλλον</span> <span class='ocrx_word' id='word_1_236' title='bbox 679 3148 710 3217; x_wconf 74' lang='grc' dir='ltr'>ἢ</span> <span class='ocrx_word' id='word_1_237' title='bbox 767 3148 887 3217; x_wconf 79' lang='grc' dir='ltr'>ζῇν,</span> <span class='ocrx_word' id='word_1_238' title='bbox 925 3165 942 3196; x_wconf 77' lang='grc' dir='ltr'>ι</span> <span class='ocrx_word' id='word_1_239' title='bbox 990 3134 1084 3198; x_wconf 70' lang='grc' dir='ltr'>και</span> <span class='ocrx_word' id='word_1_240' title='bbox 1137 3146 1413 3215; x_wconf 79' lang='grc' dir='ltr'>συρῤήξας</span> <span class='ocrx_word' id='word_1_241' title='bbox 1460 3146 1652 3197; x_wconf 78' lang='grc' dir='ltr'>ἑαυτὸν</span> <span class='ocrx_word' id='word_1_242' title='bbox 1698 3148 1756 3197; x_wconf 82' lang='grc' dir='ltr'>ἐν</span> 
     </span>
    </p>
   </div>
   <div class='ocr_carea' id='block_1_33' title="bbox 188 3229 1833 3318">
    <p class='ocr_par' dir='ltr' id='par_1_33' title="bbox 188 3229 1833 3318">
     <span class='ocr_line' id='line_1_33' title="bbox 188 3229 1833 3318; baseline -0.002 -26"><span class='ocrx_word' id='word_1_243' title='bbox 188 3241 347 3310; x_wconf 83' lang='grc' dir='ltr'>μέσῳ</span> <span class='ocrx_word' id='word_1_244' title='bbox 376 3240 512 3308; x_wconf 85' lang='grc' dir='ltr'>μετά</span> <span class='ocrx_word' id='word_1_245' title='bbox 542 3240 789 3307; x_wconf 78' lang='grc' dir='ltr'>κραυγῆς</span> <span class='ocrx_word' id='word_1_246' title='bbox 812 3237 938 3299; x_wconf 76' lang='grc' dir='ltr'>τοὺς</span> <span class='ocrx_word' id='word_1_247' title='bbox 961 3238 1119 3296; x_wconf 82' lang='grc' dir='ltr'>ὅσους</span> <span class='ocrx_word' id='word_1_248' title='bbox 1145 3229 1271 3304; x_wconf 76' lang='grc' dir='ltr'>εὗρε</span> <span class='ocrx_word' id='word_1_249' title='bbox 1302 3236 1509 3295; x_wconf 78' lang='grc' dir='ltr'>πάντας</span> <span class='ocrx_word' id='word_1_250' title='bbox 1540 3237 1721 3288; x_wconf 77' lang='grc' dir='ltr'>διεσκί</span> <span class='ocrx_word' id='word_1_251' title='bbox 1790 3262 1833 3318; x_wconf 77' lang='lat' dir='ltr'>c</span> 
     </span>
    </p>
   </div>
   <div class='ocr_carea' id='block_1_34' title="bbox 184 3328 1758 3397">
    <p class='ocr_par' dir='ltr' id='par_1_34' title="bbox 184 3328 1758 3397">
     <span class='ocr_line' id='line_1_34' title="bbox 184 3328 1758 3397; baseline -0.004 -11"><span class='ocrx_word' id='word_1_252' title='bbox 184 3336 325 3387; x_wconf 77' lang='grc' dir='ltr'>δασε</span> <span class='ocrx_word' id='word_1_253' title='bbox 374 3333 468 3384; x_wconf 77' lang='grc' dir='ltr'>καὶ</span> <span class='ocrx_word' id='word_1_254' title='bbox 510 3331 855 3397; x_wconf 85' lang='grc' dir='ltr'>διεσκόρπισε</span> <span class='ocrx_word' id='word_1_255' title='bbox 901 3330 997 3382; x_wconf 75' lang='grc' dir='ltr'>καὶ</span> <span class='ocrx_word' id='word_1_256' title='bbox 1045 3331 1405 3382; x_wconf 74' lang='grc' dir='ltr'>ἐθανάτωσεν.</span> <span class='ocrx_word' id='word_1_257' title='bbox 1447 3328 1612 3380; x_wconf 81' lang='grc' dir='ltr'>Ἀλλά</span> <span class='ocrx_word' id='word_1_258' title='bbox 1664 3332 1758 3380; x_wconf 74' lang='grc' dir='ltr'>καὶ</span> 
     </span>
    </p>
   </div>
   <div class='ocr_carea' id='block_1_35' title="bbox 200 3421 1764 3493">
    <p class='ocr_par' dir='ltr' id='par_1_35' title="bbox 200 3421 1764 3493">
     <span class='ocr_line' id='line_1_35' title="bbox 200 3421 1764 3493; baseline -0.004 -15"><span class='ocrx_word' id='word_1_259' title='bbox 200 3426 457 3493; x_wconf 76' lang='grc' dir='ltr'>Ἰωάννης</span> <span class='ocrx_word' id='word_1_260' title='bbox 484 3426 510 3476; x_wconf 88' lang='lat'>6</span> <span class='ocrx_word' id='word_1_261' title='bbox 534 3423 820 3491; x_wconf 65' lang='grc' dir='ltr'>Δαλμάτης</span> <span class='ocrx_word' id='word_1_262' title='bbox 849 3423 964 3472; x_wconf 80' lang='grc' dir='ltr'>ἐκεῖ</span> <span class='ocrx_word' id='word_1_263' title='bbox 991 3422 1180 3490; x_wconf 63' lang='grc' dir='ltr'>πιρὼν</span> <span class='ocrx_word' id='word_1_264' title='bbox 1216 3422 1356 3489; x_wconf 75' lang='grc' dir='ltr'>ὑπὲρ</span> <span class='ocrx_word' id='word_1_265' title='bbox 1386 3421 1565 3473; x_wconf 83' lang='grc' dir='ltr'>πάντα</span> <span class='ocrx_word' id='word_1_266' title='bbox 1596 3438 1764 3489; x_wconf 89' lang='grc' dir='ltr'>στρα-</span> 
     </span>
    </p>
   </div>
   <div class='ocr_carea' id='block_1_36' title="bbox 197 3586 1766 3669">
    <p class='ocr_par' dir='ltr' id='par_1_36' title="bbox 197 3586 1766 3669">
     <span class='ocr_line' id='line_1_36' title="bbox 197 3586 1766 3669; baseline -0.001 -12"><span class='ocrx_word' id='word_1_267' title='bbox 197 3605 438 3657; x_wconf 62' lang='lat' dir='ltr'><strong>invicem</strong></span> <span class='ocrx_word' id='word_1_268' title='bbox 467 3619 525 3656; x_wconf 90' lang='lat' dir='ltr'>se</span> <span class='ocrx_word' id='word_1_269' title='bbox 553 3601 978 3656; x_wconf 80' lang='lat' dir='ltr'><strong>conculcalmnt.</strong></span> <span class='ocrx_word' id='word_1_270' title='bbox 1016 3599 1139 3653; x_wconf 67' lang='lat' dir='ltr'><strong>llaec</strong></span> <span class='ocrx_word' id='word_1_271' title='bbox 1169 3601 1294 3653; x_wconf 88' lang='lat' dir='ltr'>dum</span> <span class='ocrx_word' id='word_1_272' title='bbox 1320 3610 1575 3669; x_wconf 79' lang='lat' dir='ltr'><strong>aguntur,</strong></span> <span class='ocrx_word' id='word_1_273' title='bbox 1620 3586 1766 3657; x_wconf 79' lang='lat' dir='ltr'><strong>intus</strong></span> 
     </span>
    </p>
   </div>
   <div class='ocr_carea' id='block_1_37' title="bbox 195 3693 1763 3763">
    <p class='ocr_par' dir='ltr' id='par_1_37' title="bbox 195 3693 1763 3763">
     <span class='ocr_line' id='line_1_37' title="bbox 195 3693 1763 3763; baseline -0.004 -10"><span class='ocrx_word' id='word_1_274' title='bbox 195 3707 257 3753; x_wconf 90' lang='lat' dir='ltr'>et</span> <span class='ocrx_word' id='word_1_275' title='bbox 291 3705 447 3750; x_wconf 79' lang='lat' dir='ltr'><strong>extra</strong></span> <span class='ocrx_word' id='word_1_276' title='bbox 490 3705 544 3748; x_wconf 86' lang='lat' dir='ltr'>et</span> <span class='ocrx_word' id='word_1_277' title='bbox 573 3696 637 3747; x_wconf 84' lang='lat' dir='ltr'>ad</span> <span class='ocrx_word' id='word_1_278' title='bbox 670 3702 887 3763; x_wconf 87' lang='lat' dir='ltr'><strong>portmn</strong></span> <span class='ocrx_word' id='word_1_279' title='bbox 921 3693 1191 3745; x_wconf 88' lang='lat' dir='ltr'><strong>clamatur</strong></span> <span class='ocrx_word' id='word_1_280' title='bbox 1224 3710 1238 3745; x_wconf 91' lang='lat'><strong>:</strong></span> <span class='ocrx_word' id='word_1_281' title='bbox 1280 3712 1298 3744; x_wconf 78' lang='grc' dir='ltr'>ι</span> <span class='ocrx_word' id='word_1_282' title='bbox 1330 3693 1500 3761; x_wconf 81' lang='lat' dir='ltr'><strong>Capta</strong></span> <span class='ocrx_word' id='word_1_283' title='bbox 1528 3702 1612 3747; x_wconf 89' lang='lat' dir='ltr'>est</span> <span class='ocrx_word' id='word_1_284' title='bbox 1644 3710 1763 3759; x_wconf 79' lang='lat' dir='ltr'><strong>arx,</strong></span> 
     </span>
    </p>
   </div>
   <div class='ocr_carea' id='block_1_38' title="bbox 196 3785 1768 3858">
    <p class='ocr_par' dir='ltr' id='par_1_38' title="bbox 196 3785 1768 3858">
     <span class='ocr_line' id='line_1_38' title="bbox 196 3785 1768 3858; baseline -0.003 -15"><span class='ocrx_word' id='word_1_285' title='bbox 196 3790 357 3858; x_wconf 79' lang='lat' dir='ltr'><strong>signa</strong></span> <span class='ocrx_word' id='word_1_286' title='bbox 397 3798 449 3842; x_wconf 89' lang='lat' dir='ltr'>et</span> <span class='ocrx_word' id='word_1_287' title='bbox 477 3787 673 3841; x_wconf 79' lang='lat' dir='ltr'><strong>vexilla</strong></span> <span class='ocrx_word' id='word_1_288' title='bbox 719 3786 954 3840; x_wconf 86' lang='lat' dir='ltr'>sublime</span> <span class='ocrx_word' id='word_1_289' title='bbox 987 3786 1038 3837; x_wconf 92' lang='lat' dir='ltr'>in</span> <span class='ocrx_word' id='word_1_290' title='bbox 1087 3785 1334 3839; x_wconf 86' lang='lat' dir='ltr'><strong>turribus</strong></span> <span class='ocrx_word' id='word_1_291' title='bbox 1378 3785 1543 3839; x_wconf 82' lang='lat' dir='ltr'><strong>elata.</strong></span> <span class='ocrx_word' id='word_1_292' title='bbox 1573 3803 1592 3836; x_wconf 73' lang='grc' dir='ltr'>ι</span> <span class='ocrx_word' id='word_1_293' title='bbox 1636 3786 1768 3850; x_wconf 71' lang='lat' dir='ltr'><strong>Quas</strong></span> 
     </span>
    </p>
   </div>
   <div class='ocr_carea' id='block_1_39' title="bbox 197 3878 1765 3947">
    <p class='ocr_par' dir='ltr' id='par_1_39' title="bbox 197 3878 1765 3947">
     <span class='ocr_line' id='line_1_39' title="bbox 197 3878 1765 3947; baseline -0.006 -10"><span class='ocrx_word' id='word_1_294' title='bbox 197 3898 309 3937; x_wconf 75' lang='lat' dir='ltr'><strong>vox</strong></span> <span class='ocrx_word' id='word_1_295' title='bbox 334 3891 551 3936; x_wconf 88' lang='lat' dir='ltr'><strong>nostros</strong></span> <span class='ocrx_word' id='word_1_296' title='bbox 582 3879 807 3947; x_wconf 75' lang='lat' dir='ltr'><strong>fugavit.</strong></span> <span class='ocrx_word' id='word_1_297' title='bbox 847 3878 1031 3932; x_wconf 77' lang='lat' dir='ltr'>hostes</span> <span class='ocrx_word' id='word_1_298' title='bbox 1056 3878 1387 3945; x_wconf 80' lang='lat' dir='ltr'><strong>erexit,.qui</strong></span> <span class='ocrx_word' id='word_1_299' title='bbox 1422 3892 1617 3945; x_wconf 79' lang='lat' dir='ltr'><strong>magno</strong></span> <span class='ocrx_word' id='word_1_300' title='bbox 1652 3878 1765 3930; x_wconf 80' lang='lat' dir='ltr'><strong>cla—</strong></span> 
     </span>
    </p>
   </div>
   <div class='ocr_carea' id='block_1_40' title="bbox 197 3970 1763 4043">
    <p class='ocr_par' dir='ltr' id='par_1_40' title="bbox 197 3970 1763 4043">
     <span class='ocr_line' id='line_1_40' title="bbox 197 3970 1763 4043; baseline -0.004 -15"><span class='ocrx_word' id='word_1_301' title='bbox 197 3990 358 4028; x_wconf 89' lang='lat' dir='ltr'><strong>more</strong></span> <span class='ocrx_word' id='word_1_302' title='bbox 386 3984 443 4027; x_wconf 89' lang='lat' dir='ltr'>et</span> <span class='ocrx_word' id='word_1_303' title='bbox 478 3973 707 4043; x_wconf 87' lang='lat' dir='ltr'><strong>impetu,</strong></span> <span class='ocrx_word' id='word_1_304' title='bbox 755 3971 906 4025; x_wconf 84' lang='lat' dir='ltr'><strong>nullo</strong></span> <span class='ocrx_word' id='word_1_305' title='bbox 950 3972 1168 4034; x_wconf 82' lang='lat' dir='ltr'><strong>timore,</strong></span> <span class='ocrx_word' id='word_1_306' title='bbox 1212 3970 1266 4023; x_wconf 92' lang='lat' dir='ltr'>in</span> <span class='ocrx_word' id='word_1_307' title='bbox 1306 3984 1523 4023; x_wconf 89' lang='lat' dir='ltr'><strong>murum</strong></span> <span class='ocrx_word' id='word_1_308' title='bbox 1572 3984 1763 4023; x_wconf 84' lang='lat' dir='ltr'><strong>ascen-</strong></span> 
     </span>
    </p>
   </div>
   <div class='ocr_carea' id='block_1_41' title="bbox 192 4067 353 4120">
    <p class='ocr_par' dir='ltr' id='par_1_41' title="bbox 192 4067 353 4120">
     <span class='ocr_line' id='line_1_41' title="bbox 192 4067 353 4120; baseline -0.012 0"><span class='ocrx_word' id='word_1_309' title='bbox 192 4067 353 4120; x_wconf 88' lang='lat' dir='ltr'><strong>dunt.</strong></span> 
     </span>
    </p>
   </div>
   <div class='ocr_carea' id='block_1_42' title="bbox 272 4151 1765 4221">
    <p class='ocr_par' dir='ltr' id='par_1_42' title="bbox 272 4151 1765 4221">
     <span class='ocr_line' id='line_1_42' title="bbox 272 4151 1765 4221; baseline -0.002 -13"><span class='ocrx_word' id='word_1_310' title='bbox 272 4153 399 4209; x_wconf 65' lang='lat' dir='ltr'><strong>llaec</strong></span> <span class='ocrx_word' id='word_1_311' title='bbox 427 4168 551 4208; x_wconf 88' lang='lat' dir='ltr'>cum</span> <span class='ocrx_word' id='word_1_312' title='bbox 574 4152 721 4207; x_wconf 93' lang='lat' dir='ltr'><strong>videt</strong></span> <span class='ocrx_word' id='word_1_313' title='bbox 743 4152 908 4206; x_wconf 84' lang='lat' dir='ltr'>miser</span> <span class='ocrx_word' id='word_1_314' title='bbox 940 4152 1257 4221; x_wconf 73' lang='lat' dir='ltr'>imperator,</span> <span class='ocrx_word' id='word_1_315' title='bbox 1289 4151 1553 4207; x_wconf 90' lang='lat' dir='ltr'><strong>dominus</strong></span> <span class='ocrx_word' id='word_1_316' title='bbox 1585 4167 1765 4215; x_wconf 88' lang='lat' dir='ltr'><strong>meus,</strong></span> 
     </span>
    </p>
   </div>
   <div class='ocr_carea' id='block_1_43' title="bbox 193 4230 1767 4313">
    <p class='ocr_par' dir='ltr' id='par_1_43' title="bbox 193 4230 1767 4313">
     <span class='ocr_line' id='line_1_43' title="bbox 193 4230 1767 4313; baseline -0.002 -13"><span class='ocrx_word' id='word_1_317' title='bbox 193 4260 326 4300; x_wconf 86' lang='lat' dir='ltr'>cum</span> <span class='ocrx_word' id='word_1_318' title='bbox 361 4242 611 4313; x_wconf 87' lang='lat' dir='ltr'><strong>lacrymis</strong></span> <span class='ocrx_word' id='word_1_319' title='bbox 636 4241 806 4297; x_wconf 87' lang='lat' dir='ltr'><strong>Deum</strong></span> <span class='ocrx_word' id='word_1_320' title='bbox 844 4252 1118 4311; x_wconf 84' lang='lat' dir='ltr'>precatur,</span> <span class='ocrx_word' id='word_1_321' title='bbox 1152 4253 1207 4303; x_wconf 88' lang='lat' dir='ltr'>et</span> <span class='ocrx_word' id='word_1_322' title='bbox 1230 4242 1457 4307; x_wconf 85' lang='lat' dir='ltr'><strong>milites,</strong></span> <span class='ocrx_word' id='word_1_323' title='bbox 1496 4230 1563 4296; x_wconf 79' lang='grc' dir='ltr'>ιη’</span> <span class='ocrx_word' id='word_1_324' title='bbox 1602 4259 1767 4312; x_wconf 75' lang='lat' dir='ltr'><strong>gene-</strong></span> 
     </span>
    </p>
   </div>
   <div class='ocr_carea' id='block_1_44' title="bbox 199 4333 1763 4404">
    <p class='ocr_par' dir='ltr' id='par_1_44' title="bbox 199 4333 1763 4404">
     <span class='ocr_line' id='line_1_44' title="bbox 199 4333 1763 4404; baseline -0.004 -14"><span class='ocrx_word' id='word_1_325' title='bbox 199 4352 327 4392; x_wconf 83' lang='lat' dir='ltr'><strong>rosc</strong></span> <span class='ocrx_word' id='word_1_326' title='bbox 356 4344 615 4404; x_wconf 79' lang='lat' dir='ltr'><strong>pugnent,</strong></span> <span class='ocrx_word' id='word_1_327' title='bbox 646 4334 903 4402; x_wconf 84' lang='lat' dir='ltr'><strong>impellit:</strong></span> <span class='ocrx_word' id='word_1_328' title='bbox 928 4343 984 4386; x_wconf 86' lang='lat' dir='ltr'>at</span> <span class='ocrx_word' id='word_1_329' title='bbox 1014 4333 1161 4387; x_wconf 91' lang='lat' dir='ltr'><strong>nulla</strong></span> <span class='ocrx_word' id='word_1_330' title='bbox 1187 4333 1300 4401; x_wconf 87' lang='lat' dir='ltr'>jam</span> <span class='ocrx_word' id='word_1_331' title='bbox 1334 4335 1455 4402; x_wconf 89' lang='lat' dir='ltr'><strong>opis</strong></span> <span class='ocrx_word' id='word_1_332' title='bbox 1480 4342 1533 4387; x_wconf 89' lang='lat' dir='ltr'>et</span> <span class='ocrx_word' id='word_1_333' title='bbox 1574 4334 1763 4386; x_wconf 77' lang='lat' dir='ltr'><strong>auxilii</strong></span> 
     </span>
    </p>
   </div>
   <div class='ocr_carea' id='block_1_45' title="bbox 196 4425 1764 4498">
    <p class='ocr_par' dir='ltr' id='par_1_45' title="bbox 196 4425 1764 4498">
     <span class='ocr_line' id='line_1_45' title="bbox 196 4425 1764 4498; baseline -0.004 -14"><span class='ocrx_word' id='word_1_334' title='bbox 196 4446 328 4498; x_wconf 84' lang='lat' dir='ltr'><strong>spes</strong></span> <span class='ocrx_word' id='word_1_335' title='bbox 369 4438 504 4482; x_wconf 88' lang='lat' dir='ltr'><strong>erat.</strong></span> <span class='ocrx_word' id='word_1_336' title='bbox 533 4427 715 4491; x_wconf 83' lang='lat' dir='ltr'><strong>Itaque</strong></span> <span class='ocrx_word' id='word_1_337' title='bbox 745 4426 861 4495; x_wconf 82' lang='lat' dir='ltr'><strong>ipse</strong></span> <span class='ocrx_word' id='word_1_338' title='bbox 887 4440 1029 4495; x_wconf 87' lang='lat' dir='ltr'><strong>equo</strong></span> <span class='ocrx_word' id='word_1_339' title='bbox 1064 4427 1337 4479; x_wconf 88' lang='lat' dir='ltr'><strong>concitato</strong></span> <span class='ocrx_word' id='word_1_340' title='bbox 1381 4425 1625 4487; x_wconf 82' lang='lat' dir='ltr'><strong>advolat,</strong></span> <span class='ocrx_word' id='word_1_341' title='bbox 1658 4440 1764 4494; x_wconf 89' lang='lat' dir='ltr'>qua</span> 
     </span>
    </p>
   </div>
   <div class='ocr_carea' id='block_1_46' title="bbox 197 4516 1768 4591">
    <p class='ocr_par' dir='ltr' id='par_1_46' title="bbox 197 4516 1768 4591">
     <span class='ocr_line' id='line_1_46' title="bbox 197 4516 1768 4591; baseline -0.005 -14"><span class='ocrx_word' id='word_1_342' title='bbox 197 4522 448 4577; x_wconf 74' lang='lat' dir='ltr'><strong>irruebat</strong></span> <span class='ocrx_word' id='word_1_343' title='bbox 481 4520 719 4575; x_wconf 91' lang='lat' dir='ltr'><strong>hostium</strong></span> <span class='ocrx_word' id='word_1_344' title='bbox 757 4518 941 4581; x_wconf 86' lang='lat' dir='ltr'><strong>turba,</strong></span> <span class='ocrx_word' id='word_1_345' title='bbox 974 4525 1029 4570; x_wconf 85' lang='lat' dir='ltr'>et</span> <span class='ocrx_word' id='word_1_346' title='bbox 1049 4518 1506 4585; x_wconf 83' lang='lat' dir='ltr'><strong>quemadmodum</strong></span> <span class='ocrx_word' id='word_1_347' title='bbox 1538 4516 1768 4591; x_wconf 84' lang='lat' dir='ltr'><strong>Sampso</strong></span> 
     </span>
    </p>
   </div>
   <div class='ocr_carea' id='block_1_47' title="bbox 1846 672 3414 742">
    <p class='ocr_par' dir='ltr' id='par_1_47' title="bbox 1846 672 3414 742">
     <span class='ocr_line' id='line_1_47' title="bbox 1846 672 3414 742; baseline -0.001 -17"><span class='ocrx_word' id='word_1_348' title='bbox 1846 676 1937 726; x_wconf 76' lang='grc' dir='ltr'>καὶ</span> <span class='ocrx_word' id='word_1_349' title='bbox 1984 675 2032 725; x_wconf 76' lang='lat' dir='ltr'>oi</span> <span class='ocrx_word' id='word_1_350' title='bbox 2084 673 2415 742; x_wconf 71' lang='grc' dir='ltr'>ἐντυχόντεςΓ</span> <span class='ocrx_word' id='word_1_351' title='bbox 2452 674 2545 724; x_wconf 71' lang='grc' dir='ltr'>καὶ</span> <span class='ocrx_word' id='word_1_352' title='bbox 2581 672 2872 741; x_wconf 82' lang='grc' dir='ltr'>βλέποντες</span> <span class='ocrx_word' id='word_1_353' title='bbox 2917 672 3229 741; x_wconf 77' lang='grc' dir='ltr'>ἐθαύμαζον</span> <span class='ocrx_word' id='word_1_354' title='bbox 3282 678 3414 741; x_wconf 73' lang='grc' dir='ltr'>περὶ</span> 
     </span>
    </p>
   </div>
   <div class='ocr_carea' id='block_1_48' title="bbox 1843 764 3410 835">
    <p class='ocr_par' dir='ltr' id='par_1_48' title="bbox 1843 764 3410 835">
     <span class='ocr_line' id='line_1_48' title="bbox 1843 764 3410 835; baseline -0.001 -16"><span class='ocrx_word' id='word_1_355' title='bbox 1843 767 1943 832; x_wconf 90' lang='grc' dir='ltr'>τῆς</span> <span class='ocrx_word' id='word_1_356' title='bbox 1977 765 2159 833; x_wconf 88' lang='grc' dir='ltr'>ίσχύος</span> <span class='ocrx_word' id='word_1_357' title='bbox 2191 765 2286 816; x_wconf 76' lang='grc' dir='ltr'>καὶ</span> <span class='ocrx_word' id='word_1_358' title='bbox 2336 764 2719 833; x_wconf 86' lang='grc' dir='ltr'>γενναιότητος</span> <span class='ocrx_word' id='word_1_359' title='bbox 2745 764 2856 816; x_wconf 85' lang='grc' dir='ltr'>τῶν</span> <span class='ocrx_word' id='word_1_360' title='bbox 2882 764 3123 831; x_wconf 89' lang='grc' dir='ltr'>ἀρίστων</span> <span class='ocrx_word' id='word_1_361' title='bbox 3176 765 3410 835; x_wconf 77' lang='grc' dir='ltr'>ἀνδρῶν.</span> 
     </span>
    </p>
   </div>
   <div class='ocr_carea' id='block_1_49' title="bbox 1846 857 3416 927">
    <p class='ocr_par' dir='ltr' id='par_1_49' title="bbox 1846 857 3416 927">
     <span class='ocr_line' id='line_1_49' title="bbox 1846 857 3416 927; baseline 0.001 -18"><span class='ocrx_word' id='word_1_362' title='bbox 1846 859 1957 909; x_wconf 77' lang='grc' dir='ltr'>Καὶ</span> <span class='ocrx_word' id='word_1_363' title='bbox 1991 859 2068 918; x_wconf 68' lang='grc' dir='ltr'>δὶς</span> <span class='ocrx_word' id='word_1_364' title='bbox 2097 859 2191 910; x_wconf 73' lang='grc' dir='ltr'>καὶ</span> <span class='ocrx_word' id='word_1_365' title='bbox 2218 858 2337 926; x_wconf 78' lang='grc' dir='ltr'>τρὶς</span> <span class='ocrx_word' id='word_1_366' title='bbox 2365 857 2463 925; x_wconf 76' lang='grc' dir='ltr'>τῆς</span> <span class='ocrx_word' id='word_1_367' title='bbox 2498 858 2733 926; x_wconf 70' lang='grc' dir='ltr'>ἐμϐολῆς</span> <span class='ocrx_word' id='word_1_368' title='bbox 2759 859 2854 911; x_wconf 76' lang='grc' dir='ltr'>καὶ</span> <span class='ocrx_word' id='word_1_369' title='bbox 2888 857 3208 927; x_wconf 74' lang='grc' dir='ltr'>συρῤήξεὼς</span> <span class='ocrx_word' id='word_1_370' title='bbox 3234 875 3293 909; x_wconf 90' lang='grc' dir='ltr'>τε</span> <span class='ocrx_word' id='word_1_371' title='bbox 3322 861 3416 911; x_wconf 73' lang='grc' dir='ltr'>καὶ</span> 
     </span>
    </p>
   </div>
   <div class='ocr_carea' id='block_1_50' title="bbox 1848 950 3419 1019">
    <p class='ocr_par' dir='ltr' id='par_1_50' title="bbox 1848 950 3419 1019">
     <span class='ocr_line' id='line_1_50' title="bbox 1848 950 3419 1019; baseline -0.001 -16"><span class='ocrx_word' id='word_1_372' title='bbox 1848 950 2166 1018; x_wconf 81' lang='grc' dir='ltr'>συμπλοκῆς</span> <span class='ocrx_word' id='word_1_373' title='bbox 2211 951 2509 1018; x_wconf 78' lang='grc' dir='ltr'>γενομένης</span> <span class='ocrx_word' id='word_1_374' title='bbox 2559 951 2811 1017; x_wconf 84' lang='grc' dir='ltr'>μεγάλως</span> <span class='ocrx_word' id='word_1_375' title='bbox 2841 950 2967 1013; x_wconf 82' lang='grc' dir='ltr'>τοὺς</span> <span class='ocrx_word' id='word_1_376' title='bbox 3019 950 3238 1012; x_wconf 76' lang='grc' dir='ltr'>ἀσεϐεῖς</span> <span class='ocrx_word' id='word_1_377' title='bbox 3268 952 3419 1019; x_wconf 80' lang='grc' dir='ltr'>ὲτρέ-</span> 
     </span>
    </p>
   </div>
   <div class='ocr_carea' id='block_1_51' title="bbox 1834 1041 3419 1112">
    <p class='ocr_par' dir='ltr' id='par_1_51' title="bbox 1834 1041 3419 1112">
     <span class='ocr_line' id='line_1_51' title="bbox 1834 1041 3419 1112; baseline 0.001 -18"><span class='ocrx_word' id='word_1_378' title='bbox 1834 1044 2016 1111; x_wconf 75' lang='grc' dir='ltr'>’ψαντο</span> <span class='ocrx_word' id='word_1_379' title='bbox 2064 1043 2159 1094; x_wconf 77' lang='grc' dir='ltr'>καὶ</span> <span class='ocrx_word' id='word_1_380' title='bbox 2204 1041 2410 1108; x_wconf 82' lang='grc' dir='ltr'>πλῆθος</span> <span class='ocrx_word' id='word_1_381' title='bbox 2457 1042 2789 1093; x_wconf 80' lang='grc' dir='ltr'>ἀπέκτειναν</span> <span class='ocrx_word' id='word_1_382' title='bbox 2827 1045 2920 1095; x_wconf 72' lang='grc' dir='ltr'>καὶ</span> <span class='ocrx_word' id='word_1_383' title='bbox 2955 1042 3177 1112; x_wconf 81' lang='grc' dir='ltr'>ἐτέρους</span> <span class='ocrx_word' id='word_1_384' title='bbox 3219 1044 3280 1094; x_wconf 81' lang='grc' dir='ltr'>ἐκ</span> <span class='ocrx_word' id='word_1_385' title='bbox 3309 1044 3419 1096; x_wconf 80' lang='grc' dir='ltr'>τῶν</span> 
     </span>
    </p>
   </div>
   <div class='ocr_carea' id='block_1_52' title="bbox 1845 1134 3422 1205">
    <p class='ocr_par' dir='ltr' id='par_1_52' title="bbox 1845 1134 3422 1205">
     <span class='ocr_line' id='line_1_52' title="bbox 1845 1134 3422 1205; baseline -0.001 -18"><span class='ocrx_word' id='word_1_386' title='bbox 1845 1136 2045 1203; x_wconf 78' lang='grc' dir='ltr'>τειχῶν</span> <span class='ocrx_word' id='word_1_387' title='bbox 2104 1135 2541 1204; x_wconf 79' lang='grc' dir='ltr'>ἀπεκρὴμνιζον,</span> <span class='ocrx_word' id='word_1_388' title='bbox 2574 1136 2669 1194; x_wconf 71' lang='grc' dir='ltr'>καὶ</span> <span class='ocrx_word' id='word_1_389' title='bbox 2720 1135 3117 1203; x_wconf 78' lang='grc' dir='ltr'>ἀγωνιζόμενοι</span> <span class='ocrx_word' id='word_1_390' title='bbox 3172 1134 3422 1205; x_wconf 84' lang='grc' dir='ltr'>σφοδρῶς</span> 
     </span>
    </p>
   </div>
   <div class='ocr_carea' id='block_1_53' title="bbox 1847 1228 3421 1299">
    <p class='ocr_par' dir='ltr' id='par_1_53' title="bbox 1847 1228 3421 1299">
     <span class='ocr_line' id='line_1_53' title="bbox 1847 1228 3421 1299; baseline -0.001 -19"><span class='ocrx_word' id='word_1_391' title='bbox 1847 1230 1939 1280; x_wconf 65' lang='grc' dir='ltr'>καὶ</span> <span class='ocrx_word' id='word_1_392' title='bbox 1974 1228 2410 1297; x_wconf 75' lang='grc' dir='ltr'>συμπλεκόμενοι</span> <span class='ocrx_word' id='word_1_393' title='bbox 2447 1228 2891 1299; x_wconf 83' lang='grc' dir='ltr'>ἀπεκτάνθησαν,</span> <span class='ocrx_word' id='word_1_394' title='bbox 2922 1228 3019 1281; x_wconf 73' lang='grc' dir='ltr'>καὶ</span> <span class='ocrx_word' id='word_1_395' title='bbox 3055 1228 3222 1280; x_wconf 75' lang='grc' dir='ltr'>πολὺν</span> <span class='ocrx_word' id='word_1_396' title='bbox 3259 1232 3421 1296; x_wconf 82' lang='grc' dir='ltr'>φόνον</span> 
     </span>
    </p>
   </div>
   <div class='ocr_carea' id='block_1_54' title="bbox 1847 1318 3424 1387">
    <p class='ocr_par' dir='ltr' id='par_1_54' title="bbox 1847 1318 3424 1387">
     <span class='ocr_line' id='line_1_54' title="bbox 1847 1318 3424 1387; baseline 0.001 -18"><span class='ocrx_word' id='word_1_397' title='bbox 1847 1321 1926 1379; x_wconf 81' lang='grc' dir='ltr'>είς</span> <span class='ocrx_word' id='word_1_398' title='bbox 1956 1318 2083 1379; x_wconf 83' lang='grc' dir='ltr'>τοὺς</span> <span class='ocrx_word' id='word_1_399' title='bbox 2112 1318 2407 1386; x_wconf 86' lang='grc' dir='ltr'>πολεμίους</span> <span class='ocrx_word' id='word_1_400' title='bbox 2432 1318 2539 1387; x_wconf 83' lang='grc' dir='ltr'>πρὸ</span> <span class='ocrx_word' id='word_1_401' title='bbox 2565 1318 2657 1371; x_wconf 85' lang='grc' dir='ltr'>τοῦ</span> <span class='ocrx_word' id='word_1_402' title='bbox 2688 1319 2984 1371; x_wconf 73' lang='grc' dir='ltr'>ἀποθανεῖν</span> <span class='ocrx_word' id='word_1_403' title='bbox 3028 1319 3297 1386; x_wconf 81' lang='grc' dir='ltr'>ἐποίησαν</span> <span class='ocrx_word' id='word_1_404' title='bbox 3332 1318 3424 1371; x_wconf 77' lang='grc' dir='ltr'>οὖ·</span> 
     </span>
    </p>
   </div>
   <div class='ocr_carea' id='block_1_55' title="bbox 1846 1408 3424 1477">
    <p class='ocr_par' dir='ltr' id='par_1_55' title="bbox 1846 1408 3424 1477">
     <span class='ocr_line' id='line_1_55' title="bbox 1846 1408 3424 1477; baseline 0 -19"><span class='ocrx_word' id='word_1_405' title='bbox 1846 1422 1976 1468; x_wconf 86' lang='grc' dir='ltr'>τως.</span> <span class='ocrx_word' id='word_1_406' title='bbox 2006 1408 2112 1459; x_wconf 71' lang='grc' dir='ltr'>Καὶ</span> <span class='ocrx_word' id='word_1_407' title='bbox 2137 1408 2318 1477; x_wconf 73' lang='grc' dir='ltr'>ἕτεροί</span> <span class='ocrx_word' id='word_1_408' title='bbox 2346 1424 2489 1469; x_wconf 86' lang='grc' dir='ltr'>τινες</span> <span class='ocrx_word' id='word_1_409' title='bbox 2521 1408 2853 1476; x_wconf 84' lang='grc' dir='ltr'>στρατιῶται</span> <span class='ocrx_word' id='word_1_410' title='bbox 2878 1408 2978 1459; x_wconf 76' lang='grc' dir='ltr'>οὐκ</span> <span class='ocrx_word' id='word_1_411' title='bbox 3008 1408 3224 1474; x_wconf 79' lang='grc' dir='ltr'>ἀγενεῖς</span> <span class='ocrx_word' id='word_1_412' title='bbox 3255 1410 3424 1477; x_wconf 82' lang='grc' dir='ltr'>μαχό-</span> 
     </span>
    </p>
   </div>
   <div class='ocr_carea' id='block_1_56' title="bbox 1851 1497 3426 1565">
    <p class='ocr_par' dir='ltr' id='par_1_56' title="bbox 1851 1497 3426 1565">
     <span class='ocr_line' id='line_1_56' title="bbox 1851 1497 3426 1565; baseline -0.001 -19"><span class='ocrx_word' id='word_1_413' title='bbox 1851 1513 2004 1563; x_wconf 87' lang='grc' dir='ltr'>μενοι</span> <span class='ocrx_word' id='word_1_414' title='bbox 2034 1499 2091 1549; x_wconf 82' lang='grc' dir='ltr'>ὲν</span> <span class='ocrx_word' id='word_1_415' title='bbox 2143 1497 2221 1565; x_wconf 80' lang='grc' dir='ltr'>τῷ</span> <span class='ocrx_word' id='word_1_416' title='bbox 2270 1498 2421 1565; x_wconf 87' lang='grc' dir='ltr'>τόπῳ</span> <span class='ocrx_word' id='word_1_417' title='bbox 2453 1497 2649 1565; x_wconf 67' lang='grc' dir='ltr'>ἐκείνῳ</span> <span class='ocrx_word' id='word_1_418' title='bbox 2679 1499 2774 1549; x_wconf 80' lang='grc' dir='ltr'>καὶ</span> <span class='ocrx_word' id='word_1_419' title='bbox 2807 1500 2959 1549; x_wconf 75' lang='grc' dir='ltr'>αὐτοὶ</span> <span class='ocrx_word' id='word_1_420' title='bbox 2996 1498 3426 1565; x_wconf 74' lang='grc' dir='ltr'>ἀπεκτάνθησαν</span> 
     </span>
    </p>
   </div>
   <div class='ocr_carea' id='block_1_57' title="bbox 1849 1588 3426 1661">
    <p class='ocr_par' dir='ltr' id='par_1_57' title="bbox 1849 1588 3426 1661">
     <span class='ocr_line' id='line_1_57' title="bbox 1849 1588 3426 1661; baseline 0.003 -24"><span class='ocrx_word' id='word_1_421' title='bbox 1849 1588 2077 1656; x_wconf 88' lang='grc' dir='ltr'>πλησίον</span> <span class='ocrx_word' id='word_1_422' title='bbox 2126 1589 2228 1655; x_wconf 86' lang='grc' dir='ltr'>τῆς</span> <span class='ocrx_word' id='word_1_423' title='bbox 2254 1588 2429 1659; x_wconf 86' lang='grc' dir='ltr'>πύλης</span> <span class='ocrx_word' id='word_1_424' title='bbox 2471 1588 2565 1641; x_wconf 81' lang='grc' dir='ltr'>τοῦ</span> <span class='ocrx_word' id='word_1_425' title='bbox 2596 1590 2755 1657; x_wconf 83' lang='grc' dir='ltr'>ἁγίου</span> <span class='ocrx_word' id='word_1_426' title='bbox 2798 1592 3104 1658; x_wconf 79' lang='grc' dir='ltr'>Ῥωμανοῦ,</span> <span class='ocrx_word' id='word_1_427' title='bbox 3143 1592 3278 1643; x_wconf 75' lang='grc' dir='ltr'>ὅπου</span> <span class='ocrx_word' id='word_1_428' title='bbox 3327 1591 3426 1661; x_wconf 79' lang='grc' dir='ltr'>τὴν</span> 
     </span>
    </p>
   </div>
   <div class='ocr_carea' id='block_1_58' title="bbox 1850 1681 3427 1752">
    <p class='ocr_par' dir='ltr' id='par_1_58' title="bbox 1850 1681 3427 1752">
     <span class='ocr_line' id='line_1_58' title="bbox 1850 1681 3427 1752; baseline 0.001 -20"><span class='ocrx_word' id='word_1_429' title='bbox 1850 1681 2090 1732; x_wconf 83' lang='grc' dir='ltr'>ὲλέϐολιν</span> <span class='ocrx_word' id='word_1_430' title='bbox 2149 1683 2367 1749; x_wconf 84' lang='grc' dir='ltr'>ἐκείνην</span> <span class='ocrx_word' id='word_1_431' title='bbox 2420 1682 2834 1734; x_wconf 76' lang='grc' dir='ltr'>κατεσκεύασαν</span> <span class='ocrx_word' id='word_1_432' title='bbox 2892 1684 2987 1734; x_wconf 69' lang='grc' dir='ltr'>καὶ</span> <span class='ocrx_word' id='word_1_433' title='bbox 3039 1685 3137 1751; x_wconf 78' lang='grc' dir='ltr'>τὴν</span> <span class='ocrx_word' id='word_1_434' title='bbox 3185 1683 3427 1752; x_wconf 85' lang='grc' dir='ltr'>μεγάλην</span> 
     </span>
    </p>
   </div>
   <div class='ocr_carea' id='block_1_59' title="bbox 1851 1773 3428 1845">
    <p class='ocr_par' dir='ltr' id='par_1_59' title="bbox 1851 1773 3428 1845">
     <span class='ocr_line' id='line_1_59' title="bbox 1851 1773 3428 1845; baseline 0.002 -20"><span class='ocrx_word' id='word_1_435' title='bbox 1851 1774 2090 1825; x_wconf 77' lang='grc' dir='ltr'>ὲλέϐολιν</span> <span class='ocrx_word' id='word_1_436' title='bbox 2134 1773 2392 1843; x_wconf 78' lang='grc' dir='ltr'>ἔστησαν,</span> <span class='ocrx_word' id='word_1_437' title='bbox 2428 1777 2520 1826; x_wconf 77' lang='grc' dir='ltr'>καὶ</span> <span class='ocrx_word' id='word_1_438' title='bbox 2568 1777 2635 1827; x_wconf 71' lang='grc' dir='ltr'>τὰ</span> <span class='ocrx_word' id='word_1_439' title='bbox 2676 1775 2831 1845; x_wconf 81' lang='grc' dir='ltr'>τείχη</span> <span class='ocrx_word' id='word_1_440' title='bbox 2869 1777 2972 1843; x_wconf 81' lang='grc' dir='ltr'>τῆς</span> <span class='ocrx_word' id='word_1_441' title='bbox 3015 1776 3224 1837; x_wconf 79' lang='grc' dir='ltr'>πόλεως</span> <span class='ocrx_word' id='word_1_442' title='bbox 3255 1775 3428 1844; x_wconf 85' lang='grc' dir='ltr'>χαλά-</span> 
     </span>
    </p>
   </div>
   <div class='ocr_carea' id='block_1_60' title="bbox 1854 1866 3429 1938">
    <p class='ocr_par' dir='ltr' id='par_1_60' title="bbox 1854 1866 3429 1938">
     <span class='ocr_line' id='line_1_60' title="bbox 1854 1866 3429 1938; baseline 0.001 -22"><span class='ocrx_word' id='word_1_443' title='bbox 1854 1883 2045 1927; x_wconf 87' lang='grc' dir='ltr'>σαντες</span> <span class='ocrx_word' id='word_1_444' title='bbox 2076 1868 2282 1919; x_wconf 74' lang='grc' dir='ltr'>ἐκεῖθεν</span> <span class='ocrx_word' id='word_1_445' title='bbox 2315 1870 2369 1919; x_wconf 77' lang='grc' dir='ltr'>ὲν</span> <span class='ocrx_word' id='word_1_446' title='bbox 2399 1871 2462 1938; x_wconf 80' lang='grc' dir='ltr'>τῇ</span> <span class='ocrx_word' id='word_1_447' title='bbox 2497 1868 2649 1919; x_wconf 75' lang='grc' dir='ltr'>πόλει</span> <span class='ocrx_word' id='word_1_448' title='bbox 2688 1868 2909 1937; x_wconf 79' lang='grc' dir='ltr'>πρῶτον</span> <span class='ocrx_word' id='word_1_449' title='bbox 2953 1869 3229 1937; x_wconf 57' lang='grc' dir='ltr'>εἰσῆλθον.</span> <span class='ocrx_word' id='word_1_450' title='bbox 3284 1866 3429 1934; x_wconf 66' lang='grc' dir='ltr'>Ἐγὼ</span> 
     </span>
    </p>
   </div>
   <div class='ocr_carea' id='block_1_61' title="bbox 1856 1956 3430 2029">
    <p class='ocr_par' dir='ltr' id='par_1_61' title="bbox 1856 1956 3430 2029">
     <span class='ocr_line' id='line_1_61' title="bbox 1856 1956 3430 2029; baseline 0.002 -22"><span class='ocrx_word' id='word_1_451' title='bbox 1856 1956 1911 2008; x_wconf 76' lang='grc' dir='ltr'>δὲ</span> <span class='ocrx_word' id='word_1_452' title='bbox 1936 1960 2001 2026; x_wconf 82' lang='grc' dir='ltr'>τῇ</span> <span class='ocrx_word' id='word_1_453' title='bbox 2029 1956 2147 2027; x_wconf 75' lang='grc' dir='ltr'>ὥρᾳ</span> <span class='ocrx_word' id='word_1_454' title='bbox 2177 1959 2358 2027; x_wconf 75' lang='grc' dir='ltr'>ἐκείνῃ</span> <span class='ocrx_word' id='word_1_455' title='bbox 2387 1958 2483 2026; x_wconf 70' lang='grc' dir='ltr'>οὐχ</span> <span class='ocrx_word' id='word_1_456' title='bbox 2510 1961 2743 2029; x_wconf 75' lang='grc' dir='ltr'>εὑρέθην</span> <span class='ocrx_word' id='word_1_457' title='bbox 2777 1961 3006 2028; x_wconf 75' lang='grc' dir='ltr'>πλησίον</span> <span class='ocrx_word' id='word_1_458' title='bbox 3038 1961 3132 2011; x_wconf 70' lang='grc' dir='ltr'>τοῦ</span> <span class='ocrx_word' id='word_1_459' title='bbox 3164 1960 3430 2018; x_wconf 62' lang='grc' dir='ltr'>αύ⁹ιεντός</span> 
     </span>
    </p>
   </div>
   <div class='ocr_carea' id='block_1_62' title="bbox 1860 2049 3429 2121">
    <p class='ocr_par' dir='ltr' id='par_1_62' title="bbox 1860 2049 3429 2121">
     <span class='ocr_line' id='line_1_62' title="bbox 1860 2049 3429 2121; baseline 0.001 -20"><span class='ocrx_word' id='word_1_460' title='bbox 1860 2066 1960 2119; x_wconf 91' lang='grc' dir='ltr'>μου</span> <span class='ocrx_word' id='word_1_461' title='bbox 1987 2049 2079 2101; x_wconf 80' lang='grc' dir='ltr'>τοῦ</span> <span class='ocrx_word' id='word_1_462' title='bbox 2122 2051 2407 2118; x_wconf 58' lang='grc' dir='ltr'>βισιῦέωέ,</span> <span class='ocrx_word' id='word_1_463' title='bbox 2437 2052 2570 2102; x_wconf 84' lang='grc' dir='ltr'>ἀλλά</span> <span class='ocrx_word' id='word_1_464' title='bbox 2619 2054 2916 2121; x_wconf 76' lang='grc' dir='ltr'>προστάξει</span> <span class='ocrx_word' id='word_1_465' title='bbox 2953 2054 3161 2105; x_wconf 81' lang='grc' dir='ltr'>ἐκείνου</span> <span class='ocrx_word' id='word_1_466' title='bbox 3198 2057 3278 2113; x_wconf 66' lang='grc' dir='ltr'>εἰς</span> <span class='ocrx_word' id='word_1_467' title='bbox 3309 2051 3429 2103; x_wconf 83' lang='grc' dir='ltr'>ἐπί-</span> 
     </span>
    </p>
   </div>
   <div class='ocr_carea' id='block_1_63' title="bbox 1859 2142 3261 2213">
    <p class='ocr_par' dir='ltr' id='par_1_63' title="bbox 1859 2142 3261 2213">
     <span class='ocr_line' id='line_1_63' title="bbox 1859 2142 3261 2213; baseline 0.002 -20"><span class='ocrx_word' id='word_1_468' title='bbox 1859 2146 2053 2210; x_wconf 77' lang='grc' dir='ltr'>σκεψιν</span> <span class='ocrx_word' id='word_1_469' title='bbox 2078 2142 2237 2211; x_wconf 85' lang='grc' dir='ltr'>δῆθεν</span> <span class='ocrx_word' id='word_1_470' title='bbox 2272 2144 2327 2193; x_wconf 79' lang='grc' dir='ltr'>ὲν</span> <span class='ocrx_word' id='word_1_471' title='bbox 2360 2143 2505 2211; x_wconf 74' lang='grc' dir='ltr'>ἄλλῳ</span> <span class='ocrx_word' id='word_1_472' title='bbox 2536 2145 2692 2211; x_wconf 78' lang='grc' dir='ltr'>μέρει</span> <span class='ocrx_word' id='word_1_473' title='bbox 2721 2143 2818 2211; x_wconf 79' lang='grc' dir='ltr'>τῆς</span> <span class='ocrx_word' id='word_1_474' title='bbox 2850 2145 3061 2205; x_wconf 81' lang='grc' dir='ltr'>πόλεως</span> <span class='ocrx_word' id='word_1_475' title='bbox 3093 2145 3261 2213; x_wconf 79' lang='grc' dir='ltr'>ῆμην.</span> 
     </span>
    </p>
   </div>
   <div class='ocr_carea' id='block_1_64' title="bbox 1928 2232 3432 2302">
    <p class='ocr_par' dir='ltr' id='par_1_64' title="bbox 1928 2232 3432 2302">
     <span class='ocr_line' id='line_1_64' title="bbox 1928 2232 3432 2302; baseline 0.002 -16"><span class='ocrx_word' id='word_1_476' title='bbox 1928 2239 1999 2301; x_wconf 85' lang='grc' dir='ltr'>η’.</span> <span class='ocrx_word' id='word_1_477' title='bbox 2049 2232 2345 2286; x_wconf 85' lang='grc' dir='ltr'>Ἐλθόντων</span> <span class='ocrx_word' id='word_1_478' title='bbox 2377 2235 2431 2286; x_wconf 77' lang='grc' dir='ltr'>δὲ</span> <span class='ocrx_word' id='word_1_479' title='bbox 2471 2236 2579 2286; x_wconf 77' lang='grc' dir='ltr'>τών</span> <span class='ocrx_word' id='word_1_480' title='bbox 2612 2235 2875 2302; x_wconf 83' lang='grc' dir='ltr'>Ίόύρκων</span> <span class='ocrx_word' id='word_1_481' title='bbox 2927 2238 3019 2288; x_wconf 70' lang='grc' dir='ltr'>καὶ</span> <span class='ocrx_word' id='word_1_482' title='bbox 3050 2235 3178 2295; x_wconf 82' lang='grc' dir='ltr'>τοὺς</span> <span class='ocrx_word' id='word_1_483' title='bbox 3223 2236 3281 2288; x_wconf 82' lang='grc' dir='ltr'>ὲν</span> <span class='ocrx_word' id='word_1_484' title='bbox 3319 2238 3432 2289; x_wconf 69' lang='grc' dir='ltr'>τοῖς</span> 
     </span>
    </p>
   </div>
   <div class='ocr_carea' id='block_1_65' title="bbox 1859 2324 3438 2394">
    <p class='ocr_par' dir='ltr' id='par_1_65' title="bbox 1859 2324 3438 2394">
     <span class='ocr_line' id='line_1_65' title="bbox 1859 2324 3438 2394; baseline 0 -17"><span class='ocrx_word' id='word_1_485' title='bbox 1859 2325 2059 2377; x_wconf 74' lang='grc' dir='ltr'>ἔσωθεν</span> <span class='ocrx_word' id='word_1_486' title='bbox 2104 2325 2310 2393; x_wconf 76' lang='grc' dir='ltr'>τείχεσι</span> <span class='ocrx_word' id='word_1_487' title='bbox 2361 2326 2726 2391; x_wconf 77' lang='grc' dir='ltr'>Χριστιανοὺς</span> <span class='ocrx_word' id='word_1_488' title='bbox 2760 2324 2918 2394; x_wconf 84' lang='grc' dir='ltr'>μετά’</span> <span class='ocrx_word' id='word_1_489' title='bbox 2945 2326 3307 2378; x_wconf 80' lang='grc' dir='ltr'>έλεϐολίσκων</span> <span class='ocrx_word' id='word_1_490' title='bbox 3337 2326 3438 2377; x_wconf 71' lang='grc' dir='ltr'>καὶ</span> 
     </span>
    </p>
   </div>
   <div class='ocr_carea' id='block_1_66' title="bbox 1862 2415 3438 2485">
    <p class='ocr_par' dir='ltr' id='par_1_66' title="bbox 1862 2415 3438 2485">
     <span class='ocr_line' id='line_1_66' title="bbox 1862 2415 3438 2485; baseline 0.003 -18"><span class='ocrx_word' id='word_1_491' title='bbox 1862 2415 2035 2483; x_wconf 83' lang='grc' dir='ltr'>βελῶν</span> <span class='ocrx_word' id='word_1_492' title='bbox 2107 2416 2201 2468; x_wconf 74' lang='grc' dir='ltr'>καὶ</span> <span class='ocrx_word' id='word_1_493' title='bbox 2270 2416 2439 2479; x_wconf 76' lang='grc' dir='ltr'>τόξων</span> <span class='ocrx_word' id='word_1_494' title='bbox 2498 2416 2592 2468; x_wconf 80' lang='grc' dir='ltr'>καὶ</span> <span class='ocrx_word' id='word_1_495' title='bbox 2665 2417 2883 2484; x_wconf 84' lang='grc' dir='ltr'>πετρῶν</span> <span class='ocrx_word' id='word_1_496' title='bbox 2937 2418 3438 2485; x_wconf 78' lang='grc' dir='ltr'>ὲναπολειφθέντας</span> 
     </span>
    </p>
   </div>
   <div class='ocr_carea' id='block_1_67' title="bbox 1860 2505 3439 2576">
    <p class='ocr_par' dir='ltr' id='par_1_67' title="bbox 1860 2505 3439 2576">
     <span class='ocr_line' id='line_1_67' title="bbox 1860 2505 3439 2576; baseline 0.004 -19"><span class='ocrx_word' id='word_1_497' title='bbox 1860 2505 2105 2570; x_wconf 80' lang='grc' dir='ltr'>ἐδίωξαν,</span> <span class='ocrx_word' id='word_1_498' title='bbox 2137 2506 2228 2557; x_wconf 73' lang='grc' dir='ltr'>καὶ</span> <span class='ocrx_word' id='word_1_499' title='bbox 2285 2508 2577 2573; x_wconf 74' lang='grc' dir='ltr'>ἐγκρατεῖς</span> <span class='ocrx_word' id='word_1_500' title='bbox 2626 2509 2845 2561; x_wconf 85' lang='grc' dir='ltr'>πάντων</span> <span class='ocrx_word' id='word_1_501' title='bbox 2875 2510 3149 2576; x_wconf 82' lang='grc' dir='ltr'>ἐγένοντο,</span> <span class='ocrx_word' id='word_1_502' title='bbox 3176 2512 3331 2563; x_wconf 63' lang='grc' dir='ltr'>’ἀνευ</span> <span class='ocrx_word' id='word_1_503' title='bbox 3380 2512 3439 2564; x_wconf 79' lang='grc' dir='ltr'>δὲ</span> 
     </span>
    </p>
   </div>
   <div class='ocr_carea' id='block_1_68' title="bbox 1858 2595 3436 2664">
    <p class='ocr_par' dir='ltr' id='par_1_68' title="bbox 1858 2595 3436 2664">
     <span class='ocr_line' id='line_1_68' title="bbox 1858 2595 3436 2664; baseline 0.004 -17"><span class='ocrx_word' id='word_1_504' title='bbox 1858 2598 1965 2648; x_wconf 73' lang='grc' dir='ltr'>τῶν</span> <span class='ocrx_word' id='word_1_505' title='bbox 2002 2596 2230 2664; x_wconf 81' lang='grc' dir='ltr'>πύργων</span> <span class='ocrx_word' id='word_1_506' title='bbox 2261 2595 2370 2647; x_wconf 85' lang='grc' dir='ltr'>τῶν</span> <span class='ocrx_word' id='word_1_507' title='bbox 2413 2596 2723 2664; x_wconf 85' lang='grc' dir='ltr'>λεγομένων</span> <span class='ocrx_word' id='word_1_508' title='bbox 2750 2597 3036 2651; x_wconf 81' lang='grc' dir='ltr'>Βασιλείου</span> <span class='ocrx_word' id='word_1_509' title='bbox 3083 2601 3315 2661; x_wconf 84' lang='grc' dir='ltr'>Λέοντος</span> <span class='ocrx_word' id='word_1_510' title='bbox 3341 2602 3436 2653; x_wconf 74' lang='grc' dir='ltr'>καὶ</span> 
     </span>
    </p>
   </div>
   <div class='ocr_carea' id='block_1_69' title="bbox 1873 2682 3439 2757">
    <p class='ocr_par' dir='ltr' id='par_1_69' title="bbox 1873 2682 3439 2757">
     <span class='ocr_line' id='line_1_69' title="bbox 1873 2682 3439 2757; baseline 0.006 -23"><span class='ocrx_word' id='word_1_511' title='bbox 1873 2686 2132 2751; x_wconf 69' lang='grc' dir='ltr'>Ἀλεξίου,</span> <span class='ocrx_word' id='word_1_512' title='bbox 2162 2689 2219 2740; x_wconf 81' lang='grc' dir='ltr'>ὲν</span> <span class='ocrx_word' id='word_1_513' title='bbox 2247 2682 2327 2748; x_wconf 77' lang='grc' dir='ltr'>οἷς</span> <span class='ocrx_word' id='word_1_514' title='bbox 2360 2690 2695 2757; x_wconf 81' lang='grc' dir='ltr'>έστήκεισαν</span> <span class='ocrx_word' id='word_1_515' title='bbox 2721 2692 2767 2742; x_wconf 83' lang='grc' dir='ltr'>οί</span> <span class='ocrx_word' id='word_1_516' title='bbox 2804 2691 2998 2745; x_wconf 86' lang='grc' dir='ltr'>ναῦται</span> <span class='ocrx_word' id='word_1_517' title='bbox 3033 2694 3227 2745; x_wconf 81' lang='grc' dir='ltr'>ἐκεῖνοι</span> <span class='ocrx_word' id='word_1_518' title='bbox 3277 2694 3327 2745; x_wconf 87' lang='grc' dir='ltr'>οί</span> <span class='ocrx_word' id='word_1_519' title='bbox 3375 2694 3439 2744; x_wconf 74' lang='grc' dir='ltr'>ὲκ</span> 
     </span>
    </p>
   </div>
   <div class='ocr_carea' id='block_1_70' title="bbox 1861 2778 3439 2855">
    <p class='ocr_par' dir='ltr' id='par_1_70' title="bbox 1861 2778 3439 2855">
     <span class='ocr_line' id='line_1_70' title="bbox 1861 2778 3439 2855; baseline 0.004 -25"><span class='ocrx_word' id='word_1_520' title='bbox 1861 2781 1958 2847; x_wconf 83' lang='grc' dir='ltr'>τῆς</span> <span class='ocrx_word' id='word_1_521' title='bbox 1992 2779 2211 2847; x_wconf 78' lang='grc' dir='ltr'>Κρήτης</span> <span class='ocrx_word' id='word_1_522' title='bbox 2236 2794 2249 2807; x_wconf 69' lang='grc' dir='ltr'>ι</span> <span class='ocrx_word' id='word_1_523' title='bbox 2302 2778 2454 2829; x_wconf 75' lang='grc' dir='ltr'>αὐτοὶ</span> <span class='ocrx_word' id='word_1_524' title='bbox 2488 2779 2597 2847; x_wconf 80' lang='grc' dir='ltr'>γὰρ</span> <span class='ocrx_word' id='word_1_525' title='bbox 2638 2780 2905 2846; x_wconf 87' lang='grc' dir='ltr'>γενναίως</span> <span class='ocrx_word' id='word_1_526' title='bbox 2953 2781 3223 2851; x_wconf 72' lang='grc' dir='ltr'>ἐμάχοντο</span> <span class='ocrx_word' id='word_1_527' title='bbox 3272 2784 3439 2855; x_wconf 83' lang='grc' dir='ltr'>μέχρι</span> 
     </span>
    </p>
   </div>
   <div class='ocr_carea' id='block_1_71' title="bbox 1863 2872 3443 2945">
    <p class='ocr_par' dir='ltr' id='par_1_71' title="bbox 1863 2872 3443 2945">
     <span class='ocr_line' id='line_1_71' title="bbox 1863 2872 3443 2945; baseline -0.008 -6"><span class='ocrx_word' id='word_1_528' title='bbox 1863 2873 1957 2923; x_wconf 57' lang='grc' dir='ltr'>καὶ</span> <span class='ocrx_word' id='word_1_529' title='bbox 1981 2873 2076 2938; x_wconf 81' lang='grc' dir='ltr'>τῆς</span> <span class='ocrx_word' id='word_1_530' title='bbox 2104 2872 2269 2939; x_wconf 79' lang='grc' dir='ltr'>ἕκτης</span> <span class='ocrx_word' id='word_1_531' title='bbox 2297 2874 2393 2923; x_wconf 65' lang='grc' dir='ltr'>καὶ</span> <span class='ocrx_word' id='word_1_532' title='bbox 2421 2872 2657 2939; x_wconf 78' lang='grc' dir='ltr'>ἐσδόμης</span> <span class='ocrx_word' id='word_1_533' title='bbox 2687 2872 2837 2940; x_wconf 76' lang='grc' dir='ltr'>ὥρας</span> <span class='ocrx_word' id='word_1_534' title='bbox 2871 2874 2965 2925; x_wconf 77' lang='grc' dir='ltr'>καὶ</span> <span class='ocrx_word' id='word_1_535' title='bbox 3004 2874 3233 2935; x_wconf 73' lang='grc' dir='ltr'>πολλοὺς</span> <span class='ocrx_word' id='word_1_536' title='bbox 3266 2875 3443 2945; x_wconf 80' lang='grc' dir='ltr'>Τούρ-</span> 
     </span>
    </p>
   </div>
   <div class='ocr_carea' id='block_1_72' title="bbox 1864 2963 3440 3035">
    <p class='ocr_par' dir='ltr' id='par_1_72' title="bbox 1864 2963 3440 3035">
     <span class='ocr_line' id='line_1_72' title="bbox 1864 2963 3440 3035; baseline 0.003 -20"><span class='ocrx_word' id='word_1_537' title='bbox 1864 2981 1993 3024; x_wconf 78' lang='grc' dir='ltr'>κους</span> <span class='ocrx_word' id='word_1_538' title='bbox 2033 2963 2403 3026; x_wconf 68' lang='grc' dir='ltr'>ἐθανάτωσαν,</span> <span class='ocrx_word' id='word_1_539' title='bbox 2435 2965 2529 3015; x_wconf 75' lang='grc' dir='ltr'>καὶ</span> <span class='ocrx_word' id='word_1_540' title='bbox 2581 2964 2837 3017; x_wconf 81' lang='grc' dir='ltr'>τοσοῦτον</span> <span class='ocrx_word' id='word_1_541' title='bbox 2892 2965 3095 3035; x_wconf 91' lang='grc' dir='ltr'>πλῆθος</span> <span class='ocrx_word' id='word_1_542' title='bbox 3146 2965 3440 3035; x_wconf 77' lang='grc' dir='ltr'>βλέποντες</span> 
     </span>
    </p>
   </div>
   <div class='ocr_carea' id='block_1_73' title="bbox 1864 3055 3441 3126">
    <p class='ocr_par' dir='ltr' id='par_1_73' title="bbox 1864 3055 3441 3126">
     <span class='ocr_line' id='line_1_73' title="bbox 1864 3055 3441 3126; baseline 0.003 -19"><span class='ocrx_word' id='word_1_543' title='bbox 1864 3055 1958 3107; x_wconf 81' lang='grc' dir='ltr'>καὶ</span> <span class='ocrx_word' id='word_1_544' title='bbox 1989 3056 2085 3124; x_wconf 84' lang='grc' dir='ltr'>τὴν</span> <span class='ocrx_word' id='word_1_545' title='bbox 2106 3056 2259 3108; x_wconf 90' lang='grc' dir='ltr'>πόλιν</span> <span class='ocrx_word' id='word_1_546' title='bbox 2292 3056 2699 3124; x_wconf 81' lang='grc' dir='ltr'>δεδουλωμένην</span> <span class='ocrx_word' id='word_1_547' title='bbox 2730 3056 2896 3126; x_wconf 77' lang='lat'>288</span> <span class='ocrx_word' id='word_1_548' title='bbox 2928 3060 3134 3123; x_wconf 82' lang='grc' dir='ltr'>πᾶσαν,</span> <span class='ocrx_word' id='word_1_549' title='bbox 3162 3060 3317 3112; x_wconf 69' lang='grc' dir='ltr'>αὐτοὶ</span> <span class='ocrx_word' id='word_1_550' title='bbox 3340 3056 3441 3112; x_wconf 72' lang='grc' dir='ltr'>οὗκ</span> 
     </span>
    </p>
   </div>
   <div class='ocr_carea' id='block_1_74' title="bbox 1865 3144 3443 3215">
    <p class='ocr_par' dir='ltr' id='par_1_74' title="bbox 1865 3144 3443 3215">
     <span class='ocr_line' id='line_1_74' title="bbox 1865 3144 3443 3215; baseline 0.003 -20"><span class='ocrx_word' id='word_1_551' title='bbox 1865 3144 2057 3213; x_wconf 79' lang='grc' dir='ltr'>ἧθελον</span> <span class='ocrx_word' id='word_1_552' title='bbox 2107 3144 2461 3214; x_wconf 84' lang='grc' dir='ltr'>δουλωθῆναι,</span> <span class='ocrx_word' id='word_1_553' title='bbox 2494 3146 2630 3198; x_wconf 75' lang='grc' dir='ltr'>ἀλλὰ</span> <span class='ocrx_word' id='word_1_554' title='bbox 2668 3148 2870 3213; x_wconf 82' lang='grc' dir='ltr'>μᾶλλον</span> <span class='ocrx_word' id='word_1_555' title='bbox 2927 3148 3113 3215; x_wconf 80' lang='grc' dir='ltr'>ἔλεγον</span> <span class='ocrx_word' id='word_1_556' title='bbox 3143 3149 3443 3203; x_wconf 83' lang='grc' dir='ltr'>ἀποθανεῖν</span> 
     </span>
    </p>
   </div>
   <div class='ocr_carea' id='block_1_75' title="bbox 1866 3237 3441 3312">
    <p class='ocr_par' dir='ltr' id='par_1_75' title="bbox 1866 3237 3441 3312">
     <span class='ocr_line' id='line_1_75' title="bbox 1866 3237 3441 3312; baseline 0.004 -25"><span class='ocrx_word' id='word_1_557' title='bbox 1866 3239 2115 3303; x_wconf 83' lang='grc' dir='ltr'>κρεῖττον</span> <span class='ocrx_word' id='word_1_558' title='bbox 2152 3237 2183 3306; x_wconf 79' lang='grc' dir='ltr'>ἢ</span> <span class='ocrx_word' id='word_1_559' title='bbox 2214 3238 2335 3305; x_wconf 77' lang='grc' dir='ltr'>ζ-ῇν.</span> <span class='ocrx_word' id='word_1_560' title='bbox 2370 3238 2612 3307; x_wconf 76' lang='grc' dir='ltr'>Τοὖρκος</span> <span class='ocrx_word' id='word_1_561' title='bbox 2645 3240 2703 3291; x_wconf 81' lang='grc' dir='ltr'>δέ</span> <span class='ocrx_word' id='word_1_562' title='bbox 2746 3257 2830 3301; x_wconf 88' lang='grc' dir='ltr'>τις</span> <span class='ocrx_word' id='word_1_563' title='bbox 2880 3242 2960 3310; x_wconf 87' lang='grc' dir='ltr'>τῷ</span> <span class='ocrx_word' id='word_1_564' title='bbox 2985 3244 3203 3312; x_wconf 75' lang='grc' dir='ltr'>Ἀμηρᾳ</span> <span class='ocrx_word' id='word_1_565' title='bbox 3232 3244 3441 3311; x_wconf 83' lang='grc' dir='ltr'>ἀναφο-</span> 
     </span>
    </p>
   </div>
   <div class='ocr_carea' id='block_1_76' title="bbox 1871 3329 3441 3402">
    <p class='ocr_par' dir='ltr' id='par_1_76' title="bbox 1871 3329 3441 3402">
     <span class='ocr_line' id='line_1_76' title="bbox 1871 3329 3441 3402; baseline 0.004 -21"><span class='ocrx_word' id='word_1_566' title='bbox 1871 3331 1970 3399; x_wconf 85' lang='grc' dir='ltr'>ράν</span> <span class='ocrx_word' id='word_1_567' title='bbox 2000 3331 2231 3396; x_wconf 83' lang='grc' dir='ltr'>ποιήσας</span> <span class='ocrx_word' id='word_1_568' title='bbox 2278 3329 2408 3396; x_wconf 73' lang='grc' dir='ltr'>περὶ</span> <span class='ocrx_word' id='word_1_569' title='bbox 2438 3333 2536 3395; x_wconf 78' lang='grc' dir='ltr'>τῆς</span> <span class='ocrx_word' id='word_1_570' title='bbox 2572 3329 2778 3382; x_wconf 76' lang='grc' dir='ltr'>τούτων</span> <span class='ocrx_word' id='word_1_571' title='bbox 2812 3332 3059 3400; x_wconf 81' lang='grc' dir='ltr'>ἀνδρίας,</span> <span class='ocrx_word' id='word_1_572' title='bbox 3096 3335 3441 3402; x_wconf 71' lang='grc' dir='ltr'>προσέταξεν</span> 
     </span>
    </p>
   </div>
   <div class='ocr_carea' id='block_1_77' title="bbox 1868 3418 3440 3498">
    <p class='ocr_par' dir='ltr' id='par_1_77' title="bbox 1868 3418 3440 3498">
     <span class='ocr_line' id='line_1_77' title="bbox 1868 3418 3440 3498; baseline 0.002 -24"><span class='ocrx_word' id='word_1_573' title='bbox 1868 3423 1954 3475; x_wconf 69' lang='lat' dir='ltr'>In</span> <span class='ocrx_word' id='word_1_574' title='bbox 1986 3421 2287 3473; x_wconf 78' lang='grc' dir='ltr'>κατέλθωσι</span> <span class='ocrx_word' id='word_1_575' title='bbox 2326 3421 2463 3489; x_wconf 85' lang='grc' dir='ltr'>μετά</span> <span class='ocrx_word' id='word_1_576' title='bbox 2495 3420 2824 3489; x_wconf 71' lang='grc' dir='ltr'>συμϐάσεως</span> <span class='ocrx_word' id='word_1_577' title='bbox 2854 3426 2951 3477; x_wconf 75' lang='grc' dir='ltr'>καὶ</span> <span class='ocrx_word' id='word_1_578' title='bbox 2987 3418 3120 3478; x_wconf 79' lang='grc' dir='ltr'>ὦσιν</span> <span class='ocrx_word' id='word_1_579' title='bbox 3158 3425 3440 3498; x_wconf 76' lang='grc' dir='ltr'>ἐλεύθεροι</span> 
     </span>
    </p>
   </div>
   <div class='ocr_carea' id='block_1_78' title="bbox 1873 3601 3446 3668">
    <p class='ocr_par' dir='ltr' id='par_1_78' title="bbox 1873 3601 3446 3668">
     <span class='ocr_line' id='line_1_78' title="bbox 1873 3601 3446 3668; baseline 0.004 -15"><span class='ocrx_word' id='word_1_580' title='bbox 1873 3601 2095 3667; x_wconf 81' lang='lat' dir='ltr'><strong>reliquis</strong></span> <span class='ocrx_word' id='word_1_581' title='bbox 2114 3602 2379 3654; x_wconf 89' lang='lat' dir='ltr'><strong>militibus</strong></span> <span class='ocrx_word' id='word_1_582' title='bbox 2425 3616 2691 3668; x_wconf 80' lang='lat' dir='ltr'><strong>generose</strong></span> <span class='ocrx_word' id='word_1_583' title='bbox 2725 3602 2988 3657; x_wconf 89' lang='lat' dir='ltr'><strong>adversus</strong></span> <span class='ocrx_word' id='word_1_584' title='bbox 3024 3606 3210 3658; x_wconf 86' lang='lat' dir='ltr'><strong>hostes</strong></span> <span class='ocrx_word' id='word_1_585' title='bbox 3259 3609 3446 3660; x_wconf 86' lang='lat' dir='ltr'><strong>decer-</strong></span> 
     </span>
    </p>
   </div>
   <div class='ocr_carea' id='block_1_79' title="bbox 1872 3692 3441 3759">
    <p class='ocr_par' dir='ltr' id='par_1_79' title="bbox 1872 3692 3441 3759">
     <span class='ocr_line' id='line_1_79' title="bbox 1872 3692 3441 3759; baseline 0.003 -12"><span class='ocrx_word' id='word_1_586' title='bbox 1872 3694 2038 3747; x_wconf 86' lang='lat' dir='ltr'><strong>tavit:</strong></span> <span class='ocrx_word' id='word_1_587' title='bbox 2078 3702 2155 3754; x_wconf 93' lang='lat' dir='ltr'>nt,</span> <span class='ocrx_word' id='word_1_588' title='bbox 2201 3692 2291 3759; x_wconf 87' lang='lat' dir='ltr'>qui</span> <span class='ocrx_word' id='word_1_589' title='bbox 2344 3694 2569 3745; x_wconf 83' lang='lat' dir='ltr'><strong>aderant</strong></span> <span class='ocrx_word' id='word_1_590' title='bbox 2610 3702 2664 3745; x_wconf 92' lang='lat' dir='ltr'>et</span> <span class='ocrx_word' id='word_1_591' title='bbox 2689 3693 2967 3756; x_wconf 85' lang='lat' dir='ltr'><strong>videbant.</strong></span> <span class='ocrx_word' id='word_1_592' title='bbox 3016 3695 3441 3751; x_wconf 78' lang='lat' dir='ltr'><strong>fortissimorum</strong></span> 
     </span>
    </p>
   </div>
   <div class='ocr_carea' id='block_1_80' title="bbox 1870 3784 3445 3860">
    <p class='ocr_par' dir='ltr' id='par_1_80' title="bbox 1870 3784 3445 3860">
     <span class='ocr_line' id='line_1_80' title="bbox 1870 3784 3445 3860; baseline 0.006 -25"><span class='ocrx_word' id='word_1_593' title='bbox 1870 3787 2111 3837; x_wconf 73' lang='lat' dir='ltr'><strong>virorum</strong></span> <span class='ocrx_word' id='word_1_594' title='bbox 2150 3784 2404 3857; x_wconf 82' lang='lat' dir='ltr'><strong>virtutem</strong></span> <span class='ocrx_word' id='word_1_595' title='bbox 2440 3794 2492 3836; x_wconf 92' lang='lat' dir='ltr'>et</span> <span class='ocrx_word' id='word_1_596' title='bbox 2515 3784 2803 3837; x_wconf 86' lang='lat' dir='ltr'><strong>audaciam</strong></span> <span class='ocrx_word' id='word_1_597' title='bbox 2857 3787 3210 3843; x_wconf 83' lang='lat' dir='ltr'><strong>mirarentur.</strong></span> <span class='ocrx_word' id='word_1_598' title='bbox 3258 3787 3445 3860; x_wconf 85' lang='lat' dir='ltr'><strong>Itaque</strong></span> 
     </span>
    </p>
   </div>
   <div class='ocr_carea' id='block_1_81' title="bbox 1872 3877 3447 3950">
    <p class='ocr_par' dir='ltr' id='par_1_81' title="bbox 1872 3877 3447 3950">
     <span class='ocr_line' id='line_1_81' title="bbox 1872 3877 3447 3950; baseline 0.005 -20"><span class='ocrx_word' id='word_1_599' title='bbox 1872 3877 1955 3930; x_wconf 90' lang='lat' dir='ltr'>his</span> <span class='ocrx_word' id='word_1_600' title='bbox 1984 3886 2035 3930; x_wconf 90' lang='lat' dir='ltr'>et</span> <span class='ocrx_word' id='word_1_601' title='bbox 2062 3888 2141 3930; x_wconf 91' lang='lat' dir='ltr'>ter</span> <span class='ocrx_word' id='word_1_602' title='bbox 2176 3877 2535 3944; x_wconf 86' lang='lat' dir='ltr'><strong>impressione</strong></span> <span class='ocrx_word' id='word_1_603' title='bbox 2570 3888 2624 3931; x_wconf 89' lang='lat' dir='ltr'>et</span> <span class='ocrx_word' id='word_1_604' title='bbox 2661 3893 2839 3948; x_wconf 81' lang='lat' dir='ltr'><strong>pugna</strong></span> <span class='ocrx_word' id='word_1_605' title='bbox 2878 3879 3043 3941; x_wconf 77' lang='lat' dir='ltr'><strong>facta,</strong></span> <span class='ocrx_word' id='word_1_606' title='bbox 3106 3882 3303 3950; x_wconf 86' lang='lat' dir='ltr'><strong>impios</strong></span> <span class='ocrx_word' id='word_1_607' title='bbox 3353 3899 3447 3937; x_wconf 84' lang='lat' dir='ltr'><strong>ve-</strong></span> 
     </span>
    </p>
   </div>
   <div class='ocr_carea' id='block_1_82' title="bbox 1872 3965 3446 4033">
    <p class='ocr_par' dir='ltr' id='par_1_82' title="bbox 1872 3965 3446 4033">
     <span class='ocr_line' id='line_1_82' title="bbox 1872 3965 3446 4033; baseline 0.004 -13"><span class='ocrx_word' id='word_1_608' title='bbox 1872 3967 2151 4020; x_wconf 90' lang='lat' dir='ltr'><strong>hementer</strong></span> <span class='ocrx_word' id='word_1_609' title='bbox 2202 3965 2480 4033; x_wconf 78' lang='lat' dir='ltr'><strong>fugarunt,</strong></span> <span class='ocrx_word' id='word_1_610' title='bbox 2532 3970 2735 4022; x_wconf 89' lang='lat' dir='ltr'><strong>multos</strong></span> <span class='ocrx_word' id='word_1_611' title='bbox 2782 3971 3130 4032; x_wconf 87' lang='lat' dir='ltr'><strong>occiderunt,</strong></span> <span class='ocrx_word' id='word_1_612' title='bbox 3190 3973 3328 4025; x_wconf 87' lang='lat' dir='ltr'><strong>alios</strong></span> <span class='ocrx_word' id='word_1_613' title='bbox 3381 3975 3446 4028; x_wconf 87' lang='lat' dir='ltr'>de</span> 
     </span>
    </p>
   </div>
   <div class='ocr_carea' id='block_1_83' title="bbox 1873 4059 3449 4126">
    <p class='ocr_par' dir='ltr' id='par_1_83' title="bbox 1873 4059 3449 4126">
     <span class='ocr_line' id='line_1_83' title="bbox 1873 4059 3449 4126; baseline 0.004 -14"><span class='ocrx_word' id='word_1_614' title='bbox 1873 4059 2043 4113; x_wconf 87' lang='lat' dir='ltr'><strong>muris</strong></span> <span class='ocrx_word' id='word_1_615' title='bbox 2067 4059 2410 4126; x_wconf 87' lang='lat' dir='ltr'><strong>depulerunt,</strong></span> <span class='ocrx_word' id='word_1_616' title='bbox 2445 4068 2606 4126; x_wconf 88' lang='lat' dir='ltr'><strong>atque</strong></span> <span class='ocrx_word' id='word_1_617' title='bbox 2651 4061 3033 4114; x_wconf 89' lang='lat' dir='ltr'><strong>occubuerunt</strong></span> <span class='ocrx_word' id='word_1_618' title='bbox 3064 4065 3284 4117; x_wconf 88' lang='lat' dir='ltr'><strong>tandem</strong></span> <span class='ocrx_word' id='word_1_619' title='bbox 3318 4080 3449 4119; x_wconf 83' lang='lat' dir='ltr'><strong>con-</strong></span> 
     </span>
    </p>
   </div>
   <div class='ocr_carea' id='block_1_84' title="bbox 1872 4156 3447 4224">
    <p class='ocr_par' dir='ltr' id='par_1_84' title="bbox 1872 4156 3447 4224">
     <span class='ocr_line' id='line_1_84' title="bbox 1872 4156 3447 4224; baseline 0.004 -18"><span class='ocrx_word' id='word_1_620' title='bbox 1872 4160 2076 4206; x_wconf 86' lang='lat' dir='ltr'><strong>stanter</strong></span> <span class='ocrx_word' id='word_1_621' title='bbox 2103 4160 2157 4205; x_wconf 93' lang='lat' dir='ltr'>et</span> <span class='ocrx_word' id='word_1_622' title='bbox 2182 4158 2406 4205; x_wconf 85' lang='lat' dir='ltr'><strong>strenue</strong></span> <span class='ocrx_word' id='word_1_623' title='bbox 2466 4160 2773 4221; x_wconf 79' lang='lat' dir='ltr'><strong>pugnantes</strong></span> <span class='ocrx_word' id='word_1_624' title='bbox 2805 4162 2854 4205; x_wconf 90' lang='lat' dir='ltr'>et</span> <span class='ocrx_word' id='word_1_625' title='bbox 2891 4168 3085 4222; x_wconf 71' lang='lat' dir='ltr'><strong>magna</strong></span> <span class='ocrx_word' id='word_1_626' title='bbox 3135 4156 3287 4224; x_wconf 82' lang='lat' dir='ltr'><strong>prius</strong></span> <span class='ocrx_word' id='word_1_627' title='bbox 3342 4158 3447 4211; x_wconf 81' lang='lat' dir='ltr'><strong>ho-</strong></span> 
     </span>
    </p>
   </div>
   <div class='ocr_carea' id='block_1_85' title="bbox 1877 4243 3447 4311">
    <p class='ocr_par' dir='ltr' id='par_1_85' title="bbox 1877 4243 3447 4311">
     <span class='ocr_line' id='line_1_85' title="bbox 1877 4243 3447 4311; baseline 0.004 -14"><span class='ocrx_word' id='word_1_628' title='bbox 1877 4245 2042 4297; x_wconf 85' lang='lat' dir='ltr'><strong>stium</strong></span> <span class='ocrx_word' id='word_1_629' title='bbox 2081 4252 2263 4311; x_wconf 80' lang='lat' dir='ltr'><strong>strage</strong></span> <span class='ocrx_word' id='word_1_630' title='bbox 2287 4243 2433 4298; x_wconf 87' lang='lat' dir='ltr'><strong>data.</strong></span> <span class='ocrx_word' id='word_1_631' title='bbox 2464 4244 2593 4297; x_wconf 78' lang='lat' dir='ltr'><strong>Item</strong></span> <span class='ocrx_word' id='word_1_632' title='bbox 2636 4245 2728 4297; x_wconf 86' lang='lat' dir='ltr'><strong>alii</strong></span> <span class='ocrx_word' id='word_1_633' title='bbox 2782 4246 2926 4299; x_wconf 83' lang='lat' dir='ltr'><strong>haud</strong></span> <span class='ocrx_word' id='word_1_634' title='bbox 2971 4247 3212 4301; x_wconf 87' lang='lat' dir='ltr'><strong>imbelles</strong></span> <span class='ocrx_word' id='word_1_635' title='bbox 3247 4249 3447 4304; x_wconf 90' lang='lat' dir='ltr'><strong>milites</strong></span> 
     </span>
    </p>
   </div>
   <div class='ocr_carea' id='block_1_86' title="bbox 1872 4335 3445 4411">
    <p class='ocr_par' dir='ltr' id='par_1_86' title="bbox 1872 4335 3445 4411">
     <span class='ocr_line' id='line_1_86' title="bbox 1872 4335 3445 4411; baseline 0.003 -21"><span class='ocrx_word' id='word_1_636' title='bbox 1872 4337 2060 4390; x_wconf 92' lang='lat' dir='ltr'><strong>eodem</strong></span> <span class='ocrx_word' id='word_1_637' title='bbox 2090 4335 2213 4391; x_wconf 90' lang='lat' dir='ltr'><strong>loco</strong></span> <span class='ocrx_word' id='word_1_638' title='bbox 2241 4337 2565 4393; x_wconf 80' lang='lat' dir='ltr'><strong>tlimicautes</strong></span> <span class='ocrx_word' id='word_1_639' title='bbox 2619 4339 2972 4405; x_wconf 86' lang='lat' dir='ltr'><strong>ceciderunt,</strong></span> <span class='ocrx_word' id='word_1_640' title='bbox 3028 4355 3199 4410; x_wconf 84' lang='lat' dir='ltr'><strong>prope</strong></span> <span class='ocrx_word' id='word_1_641' title='bbox 3231 4353 3445 4411; x_wconf 87' lang='lat' dir='ltr'><strong>portam</strong></span> 
     </span>
    </p>
   </div>
   <div class='ocr_carea' id='block_1_87' title="bbox 1872 4427 3445 4498">
    <p class='ocr_par' dir='ltr' id='par_1_87' title="bbox 1872 4427 3445 4498">
     <span class='ocr_line' id='line_1_87' title="bbox 1872 4427 3445 4498; baseline 0.003 -15"><span class='ocrx_word' id='word_1_642' title='bbox 1872 4428 2043 4483; x_wconf 82' lang='lat' dir='ltr'><strong>sancti</strong></span> <span class='ocrx_word' id='word_1_643' title='bbox 2080 4427 2337 4489; x_wconf 82' lang='lat' dir='ltr'><strong>Romani,</strong></span> <span class='ocrx_word' id='word_1_644' title='bbox 2391 4430 2479 4483; x_wconf 88' lang='lat' dir='ltr'>ubi</span> <span class='ocrx_word' id='word_1_645' title='bbox 2536 4430 2823 4498; x_wconf 81' lang='lat' dir='ltr'><strong>helepolim</strong></span> <span class='ocrx_word' id='word_1_646' title='bbox 2867 4431 3012 4485; x_wconf 88' lang='lat' dir='ltr'><strong>illam</strong></span> <span class='ocrx_word' id='word_1_647' title='bbox 3052 4431 3246 4487; x_wconf 72' lang='lat' dir='ltr'><strong>Turca:</strong></span> <span class='ocrx_word' id='word_1_648' title='bbox 3298 4432 3445 4488; x_wconf 70' lang='lat' dir='ltr'>rece-</span> 
     </span>
    </p>
   </div>
   <div class='ocr_carea' id='block_1_88' title="bbox 1874 4519 3447 4591">
    <p class='ocr_par' dir='ltr' id='par_1_88' title="bbox 1874 4519 3447 4591">
     <span class='ocr_line' id='line_1_88' title="bbox 1874 4519 3447 4591; baseline 0.004 -20"><span class='ocrx_word' id='word_1_649' title='bbox 1874 4528 1995 4572; x_wconf 85' lang='lat' dir='ltr'><strong>rant</strong></span> <span class='ocrx_word' id='word_1_650' title='bbox 2059 4527 2114 4573; x_wconf 90' lang='lat' dir='ltr'>et</span> <span class='ocrx_word' id='word_1_651' title='bbox 2170 4535 2422 4585; x_wconf 73' lang='lat' dir='ltr'><strong>magnum</strong></span> <span class='ocrx_word' id='word_1_652' title='bbox 2486 4519 2773 4588; x_wconf 87' lang='lat' dir='ltr'><strong>helepolim</strong></span> <span class='ocrx_word' id='word_1_653' title='bbox 2835 4523 3279 4577; x_wconf 86' lang='lat' dir='ltr'><strong>constituerant:</strong></span> <span class='ocrx_word' id='word_1_654' title='bbox 3335 4538 3447 4591; x_wconf 87' lang='lat' dir='ltr'>qua</span> 
     </span>
    </p>
   </div>
   <div class='ocr_carea' id='block_1_89' title="bbox 197 4609 3449 4686">
    <p class='ocr_par' dir='ltr' id='par_1_89' title="bbox 197 4609 3449 4686">
     <span class='ocr_line' id='line_1_89' title="bbox 197 4609 3449 4686; baseline -0.001 -18"><span class='ocrx_word' id='word_1_655' title='bbox 197 4618 390 4668; x_wconf 82' lang='lat' dir='ltr'><strong>hostes</strong></span> <span class='ocrx_word' id='word_1_656' title='bbox 421 4610 730 4681; x_wconf 81' lang='lat' dir='ltr'><strong>prostravit,</strong></span> <span class='ocrx_word' id='word_1_657' title='bbox 770 4610 840 4662; x_wconf 89' lang='lat' dir='ltr'>ita</span> <span class='ocrx_word' id='word_1_658' title='bbox 872 4609 1068 4675; x_wconf 91' lang='lat' dir='ltr'><strong>impios</strong></span> <span class='ocrx_word' id='word_1_659' title='bbox 1106 4609 1277 4679; x_wconf 82' lang='lat' dir='ltr'><strong>primo</strong></span> <span class='ocrx_word' id='word_1_660' title='bbox 1311 4609 1514 4676; x_wconf 87' lang='lat' dir='ltr'><strong>impetu</strong></span> <span class='ocrx_word' id='word_1_661' title='bbox 1544 4622 1575 4661; x_wconf 92' lang='lat' dir='ltr'>e</span> <span class='ocrx_word' id='word_1_662' title='bbox 1635 4623 1771 4663; x_wconf 77' lang='lat' dir='ltr'><strong>mte-</strong></span> <span class='ocrx_word' id='word_1_663' title='bbox 1804 4633 1846 4686; x_wconf 75' lang='grc' dir='ltr'>ι)</span> <span class='ocrx_word' id='word_1_664' title='bbox 1874 4611 2105 4678; x_wconf 89' lang='lat' dir='ltr'><strong>primum</strong></span> <span class='ocrx_word' id='word_1_665' title='bbox 2145 4611 2326 4664; x_wconf 89' lang='lat' dir='ltr'><strong>diruto</strong></span> <span class='ocrx_word' id='word_1_666' title='bbox 2362 4626 2537 4674; x_wconf 87' lang='lat' dir='ltr'><strong>muro,</strong></span> <span class='ocrx_word' id='word_1_667' title='bbox 2572 4611 2625 4663; x_wconf 82' lang='lat' dir='ltr'>in</span> <span class='ocrx_word' id='word_1_668' title='bbox 2674 4612 2864 4665; x_wconf 88' lang='lat' dir='ltr'><strong>urbem</strong></span> <span class='ocrx_word' id='word_1_669' title='bbox 2923 4621 3301 4680; x_wconf 86' lang='lat' dir='ltr'><strong>penetrarunt.</strong></span> <span class='ocrx_word' id='word_1_670' title='bbox 3338 4613 3449 4682; x_wconf 78' lang='lat' dir='ltr'>Ego</span> 
     </span>
    </p>
   </div>
   <div class='ocr_carea' id='block_1_90' title="bbox 199 4698 1764 4768">
    <p class='ocr_par' dir='ltr' id='par_1_90' title="bbox 199 4698 1764 4768">
     <span class='ocr_line' id='line_1_90' title="bbox 199 4698 1764 4768; baseline -0.004 -10"><span class='ocrx_word' id='word_1_671' title='bbox 199 4706 363 4758; x_wconf 80' lang='lat' dir='ltr'><strong>uibus</strong></span> <span class='ocrx_word' id='word_1_672' title='bbox 390 4704 660 4765; x_wconf 82' lang='lat' dir='ltr'><strong>deturbat,</strong></span> <span class='ocrx_word' id='word_1_673' title='bbox 686 4710 743 4754; x_wconf 91' lang='lat' dir='ltr'>ut</span> <span class='ocrx_word' id='word_1_674' title='bbox 773 4700 864 4768; x_wconf 89' lang='lat' dir='ltr'>qui</span> <span class='ocrx_word' id='word_1_675' title='bbox 893 4702 1121 4753; x_wconf 90' lang='lat' dir='ltr'><strong>aderant</strong></span> <span class='ocrx_word' id='word_1_676' title='bbox 1151 4708 1203 4752; x_wconf 89' lang='lat' dir='ltr'>et</span> <span class='ocrx_word' id='word_1_677' title='bbox 1246 4698 1525 4761; x_wconf 88' lang='lat' dir='ltr'><strong>videbant,</strong></span> <span class='ocrx_word' id='word_1_678' title='bbox 1565 4701 1764 4753; x_wconf 92' lang='lat' dir='ltr'><strong>mirum</strong></span> 
     </span>
    </p>
   </div>
   <div class='ocr_carea' id='block_1_91' title="bbox 196 4786 1771 4861">
    <p class='ocr_par' dir='ltr' id='par_1_91' title="bbox 196 4786 1771 4861">
     <span class='ocr_line' id='line_1_91' title="bbox 196 4786 1771 4861; baseline -0.003 -12"><span class='ocrx_word' id='word_1_679' title='bbox 196 4805 487 4849; x_wconf 82' lang='lat' dir='ltr'><strong>cernerent</strong></span> <span class='ocrx_word' id='word_1_680' title='bbox 510 4792 902 4861; x_wconf 87' lang='lat' dir='ltr'><strong>spectaculum.</strong></span> <span class='ocrx_word' id='word_1_681' title='bbox 943 4790 1140 4845; x_wconf 85' lang='lat' dir='ltr'><strong>Leonis</strong></span> <span class='ocrx_word' id='word_1_682' title='bbox 1196 4790 1368 4844; x_wconf 84' lang='lat' dir='ltr'><strong>instar</strong></span> <span class='ocrx_word' id='word_1_683' title='bbox 1420 4786 1683 4852; x_wconf 78' lang='lat' dir='ltr'><strong>fremens,</strong></span> <span class='ocrx_word' id='word_1_684' title='bbox 1716 4800 1771 4844; x_wconf 86' lang='lat' dir='ltr'>et</span> 
     </span>
    </p>
   </div>
   <div class='ocr_carea' id='block_1_92' title="bbox 202 4882 1770 4952">
    <p class='ocr_par' dir='ltr' id='par_1_92' title="bbox 202 4882 1770 4952">
     <span class='ocr_line' id='line_1_92' title="bbox 202 4882 1770 4952; baseline -0.003 -12"><span class='ocrx_word' id='word_1_685' title='bbox 202 4893 396 4940; x_wconf 77' lang='lat' dir='ltr'><strong>dextra</strong></span> <span class='ocrx_word' id='word_1_686' title='bbox 450 4883 688 4952; x_wconf 76' lang='lat' dir='ltr'><strong>gladium</strong></span> <span class='ocrx_word' id='word_1_687' title='bbox 746 4883 994 4935; x_wconf 88' lang='lat' dir='ltr'><strong>strictum</strong></span> <span class='ocrx_word' id='word_1_688' title='bbox 1053 4891 1266 4942; x_wconf 89' lang='lat' dir='ltr'><strong>tenens,</strong></span> <span class='ocrx_word' id='word_1_689' title='bbox 1325 4882 1525 4934; x_wconf 85' lang='lat' dir='ltr'><strong>multos</strong></span> <span class='ocrx_word' id='word_1_690' title='bbox 1583 4883 1770 4935; x_wconf 88' lang='lat' dir='ltr'><strong>hostes</strong></span> 
     </span>
    </p>
   </div>
   <div class='ocr_carea' id='block_1_93' title="bbox 204 4971 1773 5041">
    <p class='ocr_par' dir='ltr' id='par_1_93' title="bbox 204 4971 1773 5041">
     <span class='ocr_line' id='line_1_93' title="bbox 204 4971 1773 5041; baseline -0.006 -9"><span class='ocrx_word' id='word_1_691' title='bbox 204 4977 521 5040; x_wconf 86' lang='lat' dir='ltr'><strong>trucidavit,</strong></span> <span class='ocrx_word' id='word_1_692' title='bbox 563 4989 627 5029; x_wconf 89' lang='lat' dir='ltr'>ac</span> <span class='ocrx_word' id='word_1_693' title='bbox 652 4974 878 5041; x_wconf 80' lang='lat' dir='ltr'><strong>sanguis</strong></span> <span class='ocrx_word' id='word_1_694' title='bbox 915 4973 967 5025; x_wconf 91' lang='lat' dir='ltr'>in</span> <span class='ocrx_word' id='word_1_695' title='bbox 1008 4973 1229 5025; x_wconf 91' lang='lat' dir='ltr'><strong>modum</strong></span> <span class='ocrx_word' id='word_1_696' title='bbox 1272 4971 1516 5025; x_wconf 84' lang='lat' dir='ltr'><strong>ﬂuminis</strong></span> <span class='ocrx_word' id='word_1_697' title='bbox 1556 4988 1585 5024; x_wconf 88' lang='lat' dir='ltr'>c</span> <span class='ocrx_word' id='word_1_698' title='bbox 1628 4973 1773 5039; x_wconf 63' lang='lat' dir='ltr'><strong>pudi-</strong></span> 
     </span>
    </p>
   </div>
   <div class='ocr_carea' id='block_1_94' title="bbox 203 5060 1774 5131">
    <p class='ocr_par' dir='ltr' id='par_1_94' title="bbox 203 5060 1774 5131">
     <span class='ocr_line' id='line_1_94' title="bbox 203 5060 1774 5131; baseline -0.004 -11"><span class='ocrx_word' id='word_1_699' title='bbox 203 5074 312 5122; x_wconf 87' lang='lat' dir='ltr'>hus</span> <span class='ocrx_word' id='word_1_700' title='bbox 342 5080 396 5121; x_wconf 90' lang='lat' dir='ltr'>et</span> <span class='ocrx_word' id='word_1_701' title='bbox 426 5066 677 5119; x_wconf 83' lang='lat' dir='ltr'><strong>inanibus</strong></span> <span class='ocrx_word' id='word_1_702' title='bbox 700 5064 818 5131; x_wconf 87' lang='lat' dir='ltr'><strong>ejus</strong></span> <span class='ocrx_word' id='word_1_703' title='bbox 850 5060 1171 5131; x_wconf 79' lang='lat' dir='ltr'><strong>proﬂuebat.</strong></span> <span class='ocrx_word' id='word_1_704' title='bbox 1228 5060 1491 5115; x_wconf 82' lang='lat' dir='ltr'><strong>Dominus</strong></span> <span class='ocrx_word' id='word_1_705' title='bbox 1548 5060 1774 5113; x_wconf 77' lang='lat' dir='ltr'><strong>Franci-</strong></span> 
     </span>
    </p>
   </div>
   <div class='ocr_carea' id='block_1_95' title="bbox 204 5152 1768 5221">
    <p class='ocr_par' dir='ltr' id='par_1_95' title="bbox 204 5152 1768 5221">
     <span class='ocr_line' id='line_1_95' title="bbox 204 5152 1768 5221; baseline -0.006 -7"><span class='ocrx_word' id='word_1_706' title='bbox 204 5174 336 5214; x_wconf 75' lang='lat' dir='ltr'><strong>scns</strong></span> <span class='ocrx_word' id='word_1_707' title='bbox 364 5167 568 5220; x_wconf 89' lang='lat' dir='ltr'><strong>autem,</strong></span> <span class='ocrx_word' id='word_1_708' title='bbox 604 5154 859 5216; x_wconf 77' lang='lat' dir='ltr'><strong>Toletlus,</strong></span> <span class='ocrx_word' id='word_1_709' title='bbox 890 5168 1051 5221; x_wconf 89' lang='lat' dir='ltr'><strong>quem</strong></span> <span class='ocrx_word' id='word_1_710' title='bbox 1075 5169 1238 5221; x_wconf 88' lang='lat' dir='ltr'><strong>supra</strong></span> <span class='ocrx_word' id='word_1_711' title='bbox 1260 5152 1556 5217; x_wconf 80' lang='lat' dir='ltr'><strong>nominavi,</strong></span> <span class='ocrx_word' id='word_1_712' title='bbox 1591 5153 1768 5221; x_wconf 76' lang='lat' dir='ltr'><strong>ipsum</strong></span> 
     </span>
    </p>
   </div>
   <div class='ocr_carea' id='block_1_96' title="bbox 202 5242 1771 5319">
    <p class='ocr_par' dir='ltr' id='par_1_96' title="bbox 202 5242 1771 5319">
     <span class='ocr_line' id='line_1_96' title="bbox 202 5242 1771 5319; baseline -0.008 -14"><span class='ocrx_word' id='word_1_713' title='bbox 202 5250 489 5319; x_wconf 81' lang='lat' dir='ltr'><strong>superavit</strong></span> <span class='ocrx_word' id='word_1_714' title='bbox 519 5248 808 5309; x_wconf 80' lang='lat' dir='ltr'><strong>Achillem,</strong></span> <span class='ocrx_word' id='word_1_715' title='bbox 839 5246 903 5299; x_wconf 90' lang='lat' dir='ltr'>ad</span> <span class='ocrx_word' id='word_1_716' title='bbox 950 5246 1194 5299; x_wconf 81' lang='lat' dir='ltr'><strong>dextram</strong></span> <span class='ocrx_word' id='word_1_717' title='bbox 1231 5243 1576 5310; x_wconf 71' lang='lat' dir='ltr'><strong>imperatoris</strong></span> <span class='ocrx_word' id='word_1_718' title='bbox 1613 5242 1771 5295; x_wconf 87' lang='lat' dir='ltr'><strong>dimi-</strong></span> 
     </span>
    </p>
   </div>
   <div class='ocr_carea' id='block_1_97' title="bbox 202 5334 1772 5406">
    <p class='ocr_par' dir='ltr' id='par_1_97' title="bbox 202 5334 1772 5406">
     <span class='ocr_line' id='line_1_97' title="bbox 202 5334 1772 5406; baseline -0.008 -10"><span class='ocrx_word' id='word_1_719' title='bbox 202 5356 343 5396; x_wconf 85' lang='lat' dir='ltr'><strong>cans</strong></span> <span class='ocrx_word' id='word_1_720' title='bbox 368 5348 420 5392; x_wconf 93' lang='lat' dir='ltr'>et</span> <span class='ocrx_word' id='word_1_721' title='bbox 451 5339 643 5406; x_wconf 71' lang='lat' dir='ltr'><strong>aquilae</strong></span> <span class='ocrx_word' id='word_1_722' title='bbox 684 5339 855 5389; x_wconf 80' lang='lat' dir='ltr'><strong>instar</strong></span> <span class='ocrx_word' id='word_1_723' title='bbox 886 5334 1161 5402; x_wconf 76' lang='lat' dir='ltr'><strong>unguibus</strong></span> <span class='ocrx_word' id='word_1_724' title='bbox 1193 5343 1245 5387; x_wconf 90' lang='lat' dir='ltr'>et</span> <span class='ocrx_word' id='word_1_725' title='bbox 1279 5347 1374 5387; x_wconf 91' lang='lat' dir='ltr'>ore</span> <span class='ocrx_word' id='word_1_726' title='bbox 1428 5334 1608 5386; x_wconf 78' lang='lat' dir='ltr'><strong>hostes</strong></span> <span class='ocrx_word' id='word_1_727' title='bbox 1637 5346 1772 5385; x_wconf 90' lang='lat' dir='ltr'><strong>con-</strong></span> 
     </span>
    </p>
   </div>
   <div class='ocr_carea' id='block_1_98' title="bbox 202 5424 1778 5495">
    <p class='ocr_par' dir='ltr' id='par_1_98' title="bbox 202 5424 1778 5495">
     <span class='ocr_line' id='line_1_98' title="bbox 202 5424 1778 5495; baseline -0.007 -8"><span class='ocrx_word' id='word_1_728' title='bbox 202 5435 417 5487; x_wconf 87' lang='lat' dir='ltr'><strong>cidens.</strong></span> <span class='ocrx_word' id='word_1_729' title='bbox 450 5429 713 5484; x_wconf 85' lang='lat' dir='ltr'><strong>Similiter</strong></span> <span class='ocrx_word' id='word_1_730' title='bbox 739 5426 1079 5495; x_wconf 87' lang='lat' dir='ltr'><strong>Theophilus</strong></span> <span class='ocrx_word' id='word_1_731' title='bbox 1113 5426 1467 5491; x_wconf 57' lang='lat' dir='ltr'><strong>l‘alatolottus,</strong></span> <span class='ocrx_word' id='word_1_732' title='bbox 1500 5436 1558 5477; x_wconf 92' lang='lat' dir='ltr'>ut</span> <span class='ocrx_word' id='word_1_733' title='bbox 1607 5424 1778 5492; x_wconf 84' lang='lat' dir='ltr'><strong>impe-</strong></span> 
     </span>
    </p>
   </div>
   <div class='ocr_carea' id='block_1_99' title="bbox 207 5516 1775 5586">
    <p class='ocr_par' dir='ltr' id='par_1_99' title="bbox 207 5516 1775 5586">
     <span class='ocr_line' id='line_1_99' title="bbox 207 5516 1775 5586; baseline -0.006 -8"><span class='ocrx_word' id='word_1_734' title='bbox 207 5532 450 5578; x_wconf 87' lang='lat' dir='ltr'><strong>ratorem</strong></span> <span class='ocrx_word' id='word_1_735' title='bbox 480 5522 847 5575; x_wconf 85' lang='lat' dir='ltr'><strong>decertantem</strong></span> <span class='ocrx_word' id='word_1_736' title='bbox 877 5528 932 5573; x_wconf 86' lang='lat' dir='ltr'>et</span> <span class='ocrx_word' id='word_1_737' title='bbox 962 5520 1148 5572; x_wconf 87' lang='lat' dir='ltr'><strong>urbem</strong></span> <span class='ocrx_word' id='word_1_738' title='bbox 1181 5519 1579 5586; x_wconf 88' lang='lat' dir='ltr'><strong>periclitantem</strong></span> <span class='ocrx_word' id='word_1_739' title='bbox 1618 5516 1775 5578; x_wconf 81' lang='lat' dir='ltr'><strong>vidit,</strong></span> 
     </span>
    </p>
   </div>
   <div class='ocr_carea' id='block_1_100' title="bbox 210 5608 1775 5683">
    <p class='ocr_par' dir='ltr' id='par_1_100' title="bbox 210 5608 1775 5683">
     <span class='ocr_line' id='line_1_100' title="bbox 210 5608 1775 5683; baseline -0.006 -14"><span class='ocrx_word' id='word_1_740' title='bbox 210 5630 405 5683; x_wconf 79' lang='lat' dir='ltr'><strong>magna</strong></span> <span class='ocrx_word' id='word_1_741' title='bbox 440 5628 569 5666; x_wconf 84' lang='lat' dir='ltr'><strong>voce</strong></span> <span class='ocrx_word' id='word_1_742' title='bbox 601 5622 656 5666; x_wconf 91' lang='lat' dir='ltr'>ct</span> <span class='ocrx_word' id='word_1_743' title='bbox 707 5612 1015 5679; x_wconf 82' lang='lat' dir='ltr'><strong>lacrymans</strong></span> <span class='ocrx_word' id='word_1_744' title='bbox 1053 5610 1349 5664; x_wconf 83' lang='lat' dir='ltr'><strong>clamavit:</strong></span> <span class='ocrx_word' id='word_1_745' title='bbox 1386 5627 1403 5659; x_wconf 81' lang='grc' dir='ltr'>ι</span> <span class='ocrx_word' id='word_1_746' title='bbox 1449 5608 1578 5662; x_wconf 75' lang='lat' dir='ltr'><strong>Mori</strong></span> <span class='ocrx_word' id='word_1_747' title='bbox 1612 5623 1775 5676; x_wconf 82' lang='lat' dir='ltr'><strong>quam</strong></span> 
     </span>
    </p>
   </div>
   <div class='ocr_carea' id='block_1_101' title="bbox 211 5699 1778 5769">
    <p class='ocr_par' dir='ltr' id='par_1_101' title="bbox 211 5699 1778 5769">
     <span class='ocr_line' id='line_1_101' title="bbox 211 5699 1778 5769; baseline -0.004 -12"><span class='ocrx_word' id='word_1_748' title='bbox 211 5707 396 5759; x_wconf 84' lang='lat' dir='ltr'><strong>vivere</strong></span> <span class='ocrx_word' id='word_1_749' title='bbox 431 5702 593 5764; x_wconf 90' lang='lat' dir='ltr'><strong>malo,</strong></span> <span class='ocrx_word' id='word_1_750' title='bbox 637 5720 655 5751; x_wconf 77' lang='grc' dir='ltr'>ι</span> <span class='ocrx_word' id='word_1_751' title='bbox 696 5711 748 5754; x_wconf 84' lang='lat' dir='ltr'>et</span> <span class='ocrx_word' id='word_1_752' title='bbox 775 5702 975 5769; x_wconf 86' lang='lat' dir='ltr'><strong>impetu</strong></span> <span class='ocrx_word' id='word_1_753' title='bbox 1024 5701 1164 5754; x_wconf 81' lang='lat' dir='ltr'><strong>facto</strong></span> <span class='ocrx_word' id='word_1_754' title='bbox 1224 5702 1278 5753; x_wconf 90' lang='lat' dir='ltr'>in</span> <span class='ocrx_word' id='word_1_755' title='bbox 1316 5701 1519 5753; x_wconf 86' lang='lat' dir='ltr'><strong>medios</strong></span> <span class='ocrx_word' id='word_1_756' title='bbox 1574 5699 1778 5761; x_wconf 85' lang='lat' dir='ltr'><strong>hostes,</strong></span> 
     </span>
    </p>
   </div>
   <div class='ocr_carea' id='block_1_102' title="bbox 209 5790 1781 5863">
    <p class='ocr_par' dir='ltr' id='par_1_102' title="bbox 209 5790 1781 5863">
     <span class='ocr_line' id='line_1_102' title="bbox 209 5790 1781 5863; baseline -0.004 -16"><span class='ocrx_word' id='word_1_757' title='bbox 209 5802 480 5863; x_wconf 81' lang='lat' dir='ltr'><strong>quotquot</strong></span> <span class='ocrx_word' id='word_1_758' title='bbox 534 5792 758 5854; x_wconf 81' lang='lat' dir='ltr'><strong>invenit,</strong></span> <span class='ocrx_word' id='word_1_759' title='bbox 814 5791 1047 5863; x_wconf 61' lang='lat' dir='ltr'><strong>disjecit,</strong></span> <span class='ocrx_word' id='word_1_760' title='bbox 1082 5791 1389 5859; x_wconf 86' lang='lat' dir='ltr'><strong>dissipavit,</strong></span> <span class='ocrx_word' id='word_1_761' title='bbox 1444 5790 1661 5843; x_wconf 85' lang='lat' dir='ltr'><strong>occidit.</strong></span> <span class='ocrx_word' id='word_1_762' title='bbox 1714 5791 1781 5843; x_wconf 84' lang='lat' dir='ltr'>At</span> 
     </span>
    </p>
   </div>
   <div class='ocr_carea' id='block_1_103' title="bbox 209 5882 1777 5953">
    <p class='ocr_par' dir='ltr' id='par_1_103' title="bbox 209 5882 1777 5953">
     <span class='ocr_line' id='line_1_103' title="bbox 209 5882 1777 5953; baseline -0.005 -10"><span class='ocrx_word' id='word_1_763' title='bbox 209 5889 357 5943; x_wconf 90' lang='lat' dir='ltr'><strong>cnim</strong></span> <span class='ocrx_word' id='word_1_764' title='bbox 389 5883 625 5939; x_wconf 74' lang='lat' dir='ltr'><strong>Joannes</strong></span> <span class='ocrx_word' id='word_1_765' title='bbox 671 5883 911 5938; x_wconf 82' lang='lat' dir='ltr'><strong>Dalmata</strong></span> <span class='ocrx_word' id='word_1_766' title='bbox 950 5898 1192 5953; x_wconf 74' lang='lat' dir='ltr'><strong>quoque,</strong></span> <span class='ocrx_word' id='word_1_767' title='bbox 1247 5882 1316 5935; x_wconf 88' lang='lat' dir='ltr'>ibi</span> <span class='ocrx_word' id='word_1_768' title='bbox 1353 5898 1612 5951; x_wconf 69' lang='lat' dir='ltr'><strong>prursens,</strong></span> <span class='ocrx_word' id='word_1_769' title='bbox 1670 5896 1777 5951; x_wconf 68' lang='lat' dir='ltr'><strong>prae</strong></span> 
     </span>
    </p>
   </div>
   <div class='ocr_carea' id='block_1_104' title="bbox 1874 4700 3447 4767">
    <p class='ocr_par' dir='ltr' id='par_1_104' title="bbox 1874 4700 3447 4767">
     <span class='ocr_line' id='line_1_104' title="bbox 1874 4700 3447 4767; baseline 0.003 -16"><span class='ocrx_word' id='word_1_770' title='bbox 1874 4700 1965 4767; x_wconf 83' lang='lat' dir='ltr'><strong>illo</strong></span> <span class='ocrx_word' id='word_1_771' title='bbox 1995 4709 2240 4767; x_wconf 83' lang='lat' dir='ltr'><strong>tempore</strong></span> <span class='ocrx_word' id='word_1_772' title='bbox 2266 4714 2371 4752; x_wconf 89' lang='lat' dir='ltr'>non</span> <span class='ocrx_word' id='word_1_773' title='bbox 2408 4700 2663 4753; x_wconf 77' lang='lat' dir='ltr'><strong>versabar</strong></span> <span class='ocrx_word' id='word_1_774' title='bbox 2700 4700 2842 4754; x_wconf 76' lang='lat' dir='ltr'><strong>circa</strong></span> <span class='ocrx_word' id='word_1_775' title='bbox 2910 4702 3315 4766; x_wconf 85' lang='lat' dir='ltr'><strong>imperatorem,</strong></span> <span class='ocrx_word' id='word_1_776' title='bbox 3347 4703 3447 4755; x_wconf 89' lang='lat' dir='ltr'><strong>do-</strong></span> 
     </span>
    </p>
   </div>
   <div class='ocr_carea' id='block_1_105' title="bbox 1874 4789 3445 4860">
    <p class='ocr_par' dir='ltr' id='par_1_105' title="bbox 1874 4789 3445 4860">
     <span class='ocr_line' id='line_1_105' title="bbox 1874 4789 3445 4860; baseline 0.004 -18"><span class='ocrx_word' id='word_1_777' title='bbox 1874 4789 2081 4843; x_wconf 90' lang='lat' dir='ltr'><strong>minum</strong></span> <span class='ocrx_word' id='word_1_778' title='bbox 2116 4805 2316 4855; x_wconf 88' lang='lat' dir='ltr'><strong>meum,</strong></span> <span class='ocrx_word' id='word_1_779' title='bbox 2348 4792 2439 4845; x_wconf 92' lang='lat' dir='ltr'>sed</span> <span class='ocrx_word' id='word_1_780' title='bbox 2461 4791 2620 4860; x_wconf 87' lang='lat' dir='ltr'><strong>jussu</strong></span> <span class='ocrx_word' id='word_1_781' title='bbox 2652 4790 2771 4858; x_wconf 75' lang='lat' dir='ltr'><strong>ejus</strong></span> <span class='ocrx_word' id='word_1_782' title='bbox 2801 4793 2865 4846; x_wconf 85' lang='lat' dir='ltr'>ad</span> <span class='ocrx_word' id='word_1_783' title='bbox 2900 4793 3234 4847; x_wconf 85' lang='lat' dir='ltr'><strong>lustrandam</strong></span> <span class='ocrx_word' id='word_1_784' title='bbox 3284 4794 3445 4849; x_wconf 90' lang='lat' dir='ltr'><strong>aliam</strong></span> 
     </span>
    </p>
   </div>
   <div class='ocr_carea' id='block_1_106' title="bbox 1876 4880 2694 4948">
    <p class='ocr_par' dir='ltr' id='par_1_106' title="bbox 1876 4880 2694 4948">
     <span class='ocr_line' id='line_1_106' title="bbox 1876 4880 2694 4948; baseline 0.002 -19"><span class='ocrx_word' id='word_1_785' title='bbox 1876 4889 2081 4948; x_wconf 81' lang='lat' dir='ltr'><strong>partem</strong></span> <span class='ocrx_word' id='word_1_786' title='bbox 2125 4880 2273 4934; x_wconf 89' lang='lat' dir='ltr'><strong>urbis</strong></span> <span class='ocrx_word' id='word_1_787' title='bbox 2307 4880 2694 4934; x_wconf 85' lang='lat' dir='ltr'><strong>discesseram.</strong></span> 
     </span>
    </p>
   </div>
   <div class='ocr_carea' id='block_1_107' title="bbox 1945 4969 3450 5039">
    <p class='ocr_par' dir='ltr' id='par_1_107' title="bbox 1945 4969 3450 5039">
     <span class='ocr_line' id='line_1_107' title="bbox 1945 4969 3450 5039; baseline 0.001 -16"><span class='ocrx_word' id='word_1_788' title='bbox 1945 4970 1997 5024; x_wconf 90' lang='lat'><strong>8.</strong></span> <span class='ocrx_word' id='word_1_789' title='bbox 2029 4970 2216 5023; x_wconf 71' lang='lat' dir='ltr'><strong>Turca:</strong></span> <span class='ocrx_word' id='word_1_790' title='bbox 2244 4976 2433 5023; x_wconf 78' lang='lat' dir='ltr'><strong>urbem</strong></span> <span class='ocrx_word' id='word_1_791' title='bbox 2473 4969 2703 5039; x_wconf 81' lang='lat' dir='ltr'><strong>ingressi</strong></span> <span class='ocrx_word' id='word_1_792' title='bbox 2738 4969 3087 5024; x_wconf 82' lang='lat' dir='ltr'><strong>Christianos</strong></span> <span class='ocrx_word' id='word_1_793' title='bbox 3122 4972 3259 5025; x_wconf 91' lang='lat' dir='ltr'><strong>intra</strong></span> <span class='ocrx_word' id='word_1_794' title='bbox 3308 4971 3450 5024; x_wconf 81' lang='lat' dir='ltr'><strong>inte-</strong></span> 
     </span>
    </p>
   </div>
   <div class='ocr_carea' id='block_1_108' title="bbox 1878 5061 3450 5133">
    <p class='ocr_par' dir='ltr' id='par_1_108' title="bbox 1878 5061 3450 5133">
     <span class='ocr_line' id='line_1_108' title="bbox 1878 5061 3450 5133; baseline 0.001 -18"><span class='ocrx_word' id='word_1_795' title='bbox 1878 5063 2078 5115; x_wconf 85' lang='lat' dir='ltr'><strong>rioretn</strong></span> <span class='ocrx_word' id='word_1_796' title='bbox 2122 5078 2336 5114; x_wconf 90' lang='lat' dir='ltr'><strong>murum</strong></span> <span class='ocrx_word' id='word_1_797' title='bbox 2372 5063 2613 5131; x_wconf 89' lang='lat' dir='ltr'><strong>reliquos</strong></span> <span class='ocrx_word' id='word_1_798' title='bbox 2647 5061 3013 5126; x_wconf 74' lang='lat' dir='ltr'><strong>hclcboliscis,</strong></span> <span class='ocrx_word' id='word_1_799' title='bbox 3046 5063 3259 5130; x_wconf 87' lang='lat' dir='ltr'><strong>jacnlis,</strong></span> <span class='ocrx_word' id='word_1_800' title='bbox 3281 5066 3450 5133; x_wconf 83' lang='lat' dir='ltr'><strong>sagit-</strong></span> 
     </span>
    </p>
   </div>
   <div class='ocr_carea' id='block_1_109' title="bbox 1878 5154 3452 5223">
    <p class='ocr_par' dir='ltr' id='par_1_109' title="bbox 1878 5154 3452 5223">
     <span class='ocr_line' id='line_1_109' title="bbox 1878 5154 3452 5223; baseline 0.002 -16"><span class='ocrx_word' id='word_1_801' title='bbox 1878 5154 2148 5213; x_wconf 71' lang='lat' dir='ltr'><strong>tis.saxis</strong></span> <span class='ocrx_word' id='word_1_802' title='bbox 2177 5155 2466 5220; x_wconf 87' lang='lat' dir='ltr'><strong>persecuti,</strong></span> <span class='ocrx_word' id='word_1_803' title='bbox 2503 5163 2556 5206; x_wconf 90' lang='lat' dir='ltr'>et</span> <span class='ocrx_word' id='word_1_804' title='bbox 2592 5154 2810 5206; x_wconf 76' lang='lat' dir='ltr'><strong>cunctis</strong></span> <span class='ocrx_word' id='word_1_805' title='bbox 2860 5154 3015 5221; x_wconf 89' lang='lat' dir='ltr'><strong>potiti</strong></span> <span class='ocrx_word' id='word_1_806' title='bbox 3048 5164 3198 5216; x_wconf 86' lang='lat' dir='ltr'><strong>sunt,</strong></span> <span class='ocrx_word' id='word_1_807' title='bbox 3256 5167 3452 5223; x_wconf 66' lang='lat' dir='ltr'><strong>praeter</strong></span> 
     </span>
    </p>
   </div>
   <div class='ocr_carea' id='block_1_110' title="bbox 1878 5243 3455 5314">
    <p class='ocr_par' dir='ltr' id='par_1_110' title="bbox 1878 5243 3455 5314">
     <span class='ocr_line' id='line_1_110' title="bbox 1878 5243 3455 5314; baseline 0.001 -15"><span class='ocrx_word' id='word_1_808' title='bbox 1878 5261 1970 5299; x_wconf 87' lang='lat' dir='ltr'>eos</span> <span class='ocrx_word' id='word_1_809' title='bbox 2001 5245 2091 5313; x_wconf 81' lang='lat' dir='ltr'>qui</span> <span class='ocrx_word' id='word_1_810' title='bbox 2120 5245 2172 5298; x_wconf 89' lang='lat' dir='ltr'>in</span> <span class='ocrx_word' id='word_1_811' title='bbox 2209 5245 2452 5297; x_wconf 85' lang='lat' dir='ltr'><strong>turribus</strong></span> <span class='ocrx_word' id='word_1_812' title='bbox 2486 5243 2669 5297; x_wconf 80' lang='lat' dir='ltr'><strong>Basilii</strong></span> <span class='ocrx_word' id='word_1_813' title='bbox 2702 5244 2902 5298; x_wconf 85' lang='lat' dir='ltr'><strong>Leonis</strong></span> <span class='ocrx_word' id='word_1_814' title='bbox 2926 5255 2980 5298; x_wconf 83' lang='lat' dir='ltr'>et</span> <span class='ocrx_word' id='word_1_815' title='bbox 3028 5245 3200 5298; x_wconf 78' lang='lat' dir='ltr'><strong>Alexii</strong></span> <span class='ocrx_word' id='word_1_816' title='bbox 3227 5262 3347 5314; x_wconf 71' lang='lat' dir='ltr'><strong>qua:</strong></span> <span class='ocrx_word' id='word_1_817' title='bbox 3371 5249 3455 5300; x_wconf 83' lang='lat' dir='ltr'><strong>di-</strong></span> 
     </span>
    </p>
   </div>
   <div class='ocr_carea' id='block_1_111' title="bbox 1878 5336 3451 5408">
    <p class='ocr_par' dir='ltr' id='par_1_111' title="bbox 1878 5336 3451 5408">
     <span class='ocr_line' id='line_1_111' title="bbox 1878 5336 3451 5408; baseline 0.001 -18"><span class='ocrx_word' id='word_1_818' title='bbox 1878 5339 2147 5390; x_wconf 84' lang='lat' dir='ltr'><strong>cebantur</strong></span> <span class='ocrx_word' id='word_1_819' title='bbox 2202 5336 2483 5389; x_wconf 78' lang='lat' dir='ltr'><strong>constituti</strong></span> <span class='ocrx_word' id='word_1_820' title='bbox 2538 5348 2714 5408; x_wconf 75' lang='lat' dir='ltr'><strong>erant,</strong></span> <span class='ocrx_word' id='word_1_821' title='bbox 2765 5346 2962 5391; x_wconf 88' lang='lat' dir='ltr'><strong>nautas</strong></span> <span class='ocrx_word' id='word_1_822' title='bbox 3020 5339 3326 5392; x_wconf 76' lang='lat' dir='ltr'><strong>Cretenses.</strong></span> <span class='ocrx_word' id='word_1_823' title='bbox 3385 5338 3451 5392; x_wconf 86' lang='lat' dir='ltr'>lli</span> 
     </span>
    </p>
   </div>
   <div class='ocr_carea' id='block_1_112' title="bbox 1879 5428 3452 5500">
    <p class='ocr_par' dir='ltr' id='par_1_112' title="bbox 1879 5428 3452 5500">
     <span class='ocr_line' id='line_1_112' title="bbox 1879 5428 3452 5500; baseline -0.001 -17"><span class='ocrx_word' id='word_1_824' title='bbox 1879 5431 2023 5483; x_wconf 90' lang='lat' dir='ltr'><strong>enim</strong></span> <span class='ocrx_word' id='word_1_825' title='bbox 2064 5428 2130 5482; x_wconf 90' lang='lat' dir='ltr'>ad</span> <span class='ocrx_word' id='word_1_826' title='bbox 2167 5437 2373 5481; x_wconf 83' lang='lat' dir='ltr'><strong>sextam</strong></span> <span class='ocrx_word' id='word_1_827' title='bbox 2404 5438 2456 5481; x_wconf 91' lang='lat' dir='ltr'>et</span> <span class='ocrx_word' id='word_1_828' title='bbox 2493 5430 2777 5496; x_wconf 80' lang='lat' dir='ltr'><strong>septimam</strong></span> <span class='ocrx_word' id='word_1_829' title='bbox 2820 5430 3009 5481; x_wconf 69' lang='lat' dir='ltr'><strong>hut-am</strong></span> <span class='ocrx_word' id='word_1_830' title='bbox 3067 5440 3293 5483; x_wconf 89' lang='lat' dir='ltr'><strong>strenue</strong></span> <span class='ocrx_word' id='word_1_831' title='bbox 3346 5445 3452 5500; x_wconf 85' lang='lat' dir='ltr'><strong>pu-</strong></span> 
     </span>
    </p>
   </div>
   <div class='ocr_carea' id='block_1_113' title="bbox 1880 5517 3449 5587">
    <p class='ocr_par' dir='ltr' id='par_1_113' title="bbox 1880 5517 3449 5587">
     <span class='ocr_line' id='line_1_113' title="bbox 1880 5517 3449 5587; baseline 0.003 -20"><span class='ocrx_word' id='word_1_832' title='bbox 1880 5518 2117 5585; x_wconf 77' lang='lat' dir='ltr'><strong>gnabant</strong></span> <span class='ocrx_word' id='word_1_833' title='bbox 2147 5526 2200 5570; x_wconf 90' lang='lat' dir='ltr'>et</span> <span class='ocrx_word' id='word_1_834' title='bbox 2228 5517 2426 5571; x_wconf 85' lang='lat' dir='ltr'><strong>multos</strong></span> <span class='ocrx_word' id='word_1_835' title='bbox 2472 5517 2679 5571; x_wconf 85' lang='lat' dir='ltr'><strong>Turcas</strong></span> <span class='ocrx_word' id='word_1_836' title='bbox 2743 5518 3161 5579; x_wconf 74' lang='lat' dir='ltr'><strong>interﬁciebant.</strong></span> <span class='ocrx_word' id='word_1_837' title='bbox 3216 5533 3449 5587; x_wconf 84' lang='lat' dir='ltr'><strong>cumque</strong></span> 
     </span>
    </p>
   </div>
   <div class='ocr_carea' id='block_1_114' title="bbox 1882 5606 3443 5663">
    <p class='ocr_par' dir='ltr' id='par_1_114' title="bbox 1882 5606 3443 5663">
     <span class='ocr_line' id='line_1_114' title="bbox 1882 5606 3443 5663; baseline 0.003 -4"><span class='ocrx_word' id='word_1_838' title='bbox 1882 5615 2082 5659; x_wconf 84' lang='lat' dir='ltr'><strong>tantam</strong></span> <span class='ocrx_word' id='word_1_839' title='bbox 2141 5606 2375 5659; x_wconf 81' lang='lat' dir='ltr'><strong>hostium</strong></span> <span class='ocrx_word' id='word_1_840' title='bbox 2448 5609 2851 5661; x_wconf 79' lang='lat' dir='ltr'><strong>multitudinem</strong></span> <span class='ocrx_word' id='word_1_841' title='bbox 2916 5616 2971 5661; x_wconf 78' lang='lat' dir='ltr'><strong>t-t</strong></span> <span class='ocrx_word' id='word_1_842' title='bbox 3017 5618 3187 5661; x_wconf 82' lang='lat' dir='ltr'><strong>totam</strong></span> <span class='ocrx_word' id='word_1_843' title='bbox 3251 5610 3443 5663; x_wconf 88' lang='lat' dir='ltr'><strong>urbem</strong></span> 
     </span>
    </p>
   </div>
   <div class='ocr_carea' id='block_1_115' title="bbox 1882 5698 3454 5769">
    <p class='ocr_par' dir='ltr' id='par_1_115' title="bbox 1882 5698 3454 5769">
     <span class='ocr_line' id='line_1_115' title="bbox 1882 5698 3454 5769; baseline 0.003 -17"><span class='ocrx_word' id='word_1_844' title='bbox 1882 5698 2163 5752; x_wconf 85' lang='lat' dir='ltr'><strong>subactam</strong></span> <span class='ocrx_word' id='word_1_845' title='bbox 2194 5700 2467 5763; x_wconf 79' lang='lat' dir='ltr'><strong>viderent,</strong></span> <span class='ocrx_word' id='word_1_846' title='bbox 2527 5701 2827 5752; x_wconf 86' lang='lat' dir='ltr'><strong>noluerunt</strong></span> <span class='ocrx_word' id='word_1_847' title='bbox 2877 5709 3057 5753; x_wconf 83' lang='lat' dir='ltr'><strong>tamen</strong></span> <span class='ocrx_word' id='word_1_848' title='bbox 3091 5700 3195 5769; x_wconf 88' lang='lat' dir='ltr'><strong>ipsi</strong></span> <span class='ocrx_word' id='word_1_849' title='bbox 3247 5700 3454 5769; x_wconf 73' lang='lat' dir='ltr'><strong>subigi.</strong></span> 
     </span>
    </p>
   </div>
   <div class='ocr_carea' id='block_1_116' title="bbox 1882 5788 3453 5859">
    <p class='ocr_par' dir='ltr' id='par_1_116' title="bbox 1882 5788 3453 5859">
     <span class='ocr_line' id='line_1_116' title="bbox 1882 5788 3453 5859; baseline 0.002 -17"><span class='ocrx_word' id='word_1_850' title='bbox 1882 5788 1973 5843; x_wconf 88' lang='lat' dir='ltr'>sed</span> <span class='ocrx_word' id='word_1_851' title='bbox 2011 5798 2236 5842; x_wconf 85' lang='lat' dir='ltr'><strong>mortem</strong></span> <span class='ocrx_word' id='word_1_852' title='bbox 2268 5790 2374 5843; x_wconf 84' lang='lat' dir='ltr'><strong>vita</strong></span> <span class='ocrx_word' id='word_1_853' title='bbox 2410 5806 2530 5845; x_wconf 81' lang='lat' dir='ltr'><strong>esse</strong></span> <span class='ocrx_word' id='word_1_854' title='bbox 2556 5790 3018 5859; x_wconf 69' lang='lat' dir='ltr'><strong>praestabiliorem</strong></span> <span class='ocrx_word' id='word_1_855' title='bbox 3059 5791 3349 5846; x_wconf 86' lang='lat' dir='ltr'><strong>ducebant.</strong></span> <span class='ocrx_word' id='word_1_856' title='bbox 3380 5790 3453 5845; x_wconf 82' lang='lat' dir='ltr'><strong>De</strong></span> 
     </span>
    </p>
   </div>
   <div class='ocr_carea' id='block_1_117' title="bbox 1884 5882 3454 5949">
    <p class='ocr_par' dir='ltr' id='par_1_117' title="bbox 1884 5882 3454 5949">
     <span class='ocr_line' id='line_1_117' title="bbox 1884 5882 3454 5949; baseline 0.002 -16"><span class='ocrx_word' id='word_1_857' title='bbox 1884 5898 2114 5949; x_wconf 85' lang='lat' dir='ltr'><strong>quorum</strong></span> <span class='ocrx_word' id='word_1_858' title='bbox 2149 5883 2348 5938; x_wconf 84' lang='lat' dir='ltr'><strong>virtute</strong></span> <span class='ocrx_word' id='word_1_859' title='bbox 2384 5899 2507 5937; x_wconf 90' lang='lat' dir='ltr'>cum</span> <span class='ocrx_word' id='word_1_860' title='bbox 2540 5882 2715 5938; x_wconf 84' lang='lat' dir='ltr'><strong>Turca</strong></span> <span class='ocrx_word' id='word_1_861' title='bbox 2753 5884 2953 5941; x_wconf 78' lang='lat' dir='ltr'><strong>aliuuis</strong></span> <span class='ocrx_word' id='word_1_862' title='bbox 2986 5884 3196 5940; x_wconf 69' lang='lat' dir='ltr'><strong>Amera:</strong></span> <span class='ocrx_word' id='word_1_863' title='bbox 3248 5899 3454 5939; x_wconf 80' lang='lat' dir='ltr'><strong>renuu-</strong></span> 
     </span>
    </p>
   </div>
  </div>
