  <div class='ocr_page' id='page_1' title='image "/cluster/home/n/w/nwhite01/storage/ocr_20150623/156/nnc1.0046980911/436.png"; bbox 0 0 4134 6452; ppageno 0'>
   <div class='ocr_carea' id='block_1_1' title="bbox 181 475 284 541">
    <p class='ocr_par' dir='ltr' id='par_1_1' title="bbox 181 475 284 541">
     <span class='ocr_line' id='line_1_1' title="bbox 181 475 284 541; baseline -0.019 0"><span class='ocrx_word' id='word_1_1' title='bbox 181 475 284 541; x_wconf 77' lang='grc'><strong>881</strong></span> 
     </span>
    </p>
   </div>
   <div class='ocr_carea' id='block_1_2' title="bbox 1227 484 2418 548">
    <p class='ocr_par' dir='ltr' id='par_1_2' title="bbox 1227 484 2418 548">
     <span class='ocr_line' id='line_1_2' title="bbox 1227 484 2418 548; baseline 0.002 -3"><span class='ocrx_word' id='word_1_2' title='bbox 1227 487 1324 546; x_wconf 84' lang='lat' dir='ltr'><strong>CH</strong></span> <span class='ocrx_word' id='word_1_3' title='bbox 1340 484 1676 546; x_wconf 82' lang='lat' dir='ltr'><strong>RONICON</strong></span> <span class='ocrx_word' id='word_1_4' title='bbox 1724 485 1990 548; x_wconf 85' lang='lat' dir='ltr'><strong>MAJUS.</strong></span> <span class='ocrx_word' id='word_1_5' title='bbox 2027 511 2096 523; x_wconf 86' lang='lat'>—</span> <span class='ocrx_word' id='word_1_6' title='bbox 2130 487 2272 547; x_wconf 85' lang='lat' dir='ltr'><strong>LIB.</strong></span> <span class='ocrx_word' id='word_1_7' title='bbox 2307 487 2418 547; x_wconf 83' lang='lat' dir='ltr'><strong>l&#39;lI.</strong></span> 
     </span>
    </p>
   </div>
   <div class='ocr_carea' id='block_1_3' title="bbox 3300 484 3403 539">
    <p class='ocr_par' dir='ltr' id='par_1_3' title="bbox 3300 484 3403 539">
     <span class='ocr_line' id='line_1_3' title="bbox 3300 484 3403 539; baseline -0.01 0"><span class='ocrx_word' id='word_1_8' title='bbox 3300 484 3403 539; x_wconf 74' lang='lat'><strong>882</strong></span> 
     </span>
    </p>
   </div>
   <div class='ocr_carea' id='block_1_4' title="bbox 177 586 3409 665">
    <p class='ocr_par' dir='ltr' id='par_1_4' title="bbox 177 586 3409 665">
     <span class='ocr_line' id='line_1_4' title="bbox 177 586 3409 665; baseline -0.002 -20"><span class='ocrx_word' id='word_1_9' title='bbox 177 595 356 646; x_wconf 72' lang='grc' dir='ltr'>πάντα</span> <span class='ocrx_word' id='word_1_10' title='bbox 390 593 551 647; x_wconf 83' lang='grc' dir='ltr'>τόπον</span> <span class='ocrx_word' id='word_1_11' title='bbox 588 586 864 664; x_wconf 78' lang='grc' dir='ltr'>πανέαχοῦ</span> <span class='ocrx_word' id='word_1_12' title='bbox 913 595 1103 648; x_wconf 81' lang='grc' dir='ltr'>πασῶν</span> <span class='ocrx_word' id='word_1_13' title='bbox 1157 596 1366 649; x_wconf 87' lang='grc' dir='ltr'>κακιῶν</span> <span class='ocrx_word' id='word_1_14' title='bbox 1393 591 1462 665; x_wconf 83' lang='grc' dir='ltr'>ἦν</span> <span class='ocrx_word' id='word_1_15' title='bbox 1491 595 1741 664; x_wconf 79' lang='grc' dir='ltr'>ἐμπλεα’</span> <span class='ocrx_word' id='word_1_16' title='bbox 1775 609 1816 662; x_wconf 72' lang='grc' dir='ltr'><strong>Α</strong></span> <span class='ocrx_word' id='word_1_17' title='bbox 1853 613 1942 664; x_wconf 88' lang='grc' dir='ltr'><strong>ρος</strong></span> <span class='ocrx_word' id='word_1_18' title='bbox 1986 594 2176 647; x_wconf 87' lang='grc' dir='ltr'>τούτου</span> <span class='ocrx_word' id='word_1_19' title='bbox 2223 595 2405 664; x_wconf 79' lang='grc' dir='ltr'>χρόνοι</span> <span class='ocrx_word' id='word_1_20' title='bbox 2456 591 2868 661; x_wconf 82' lang='grc' dir='ltr'>τεσσαράκοντα</span> <span class='ocrx_word' id='word_1_21' title='bbox 2913 591 3067 642; x_wconf 79' lang='grc' dir='ltr'>ἐννέα</span> <span class='ocrx_word' id='word_1_22' title='bbox 3103 589 3196 640; x_wconf 58' lang='lat' dir='ltr'><strong>util</strong></span> <span class='ocrx_word' id='word_1_23' title='bbox 3245 588 3409 655; x_wconf 69' lang='grc' dir='ltr'>μῆνες</span> 
     </span>
    </p>
   </div>
   <div class='ocr_carea' id='block_1_5' title="bbox 174 685 1744 757">
    <p class='ocr_par' dir='ltr' id='par_1_5' title="bbox 174 685 1744 757">
     <span class='ocr_line' id='line_1_5' title="bbox 174 685 1744 757; baseline 0.003 -22"><span class='ocrx_word' id='word_1_24' title='bbox 174 685 350 746; x_wconf 67' lang='grc' dir='ltr'>οὐδεὶς</span> <span class='ocrx_word' id='word_1_25' title='bbox 403 685 568 748; x_wconf 81' lang='grc' dir='ltr'>τόπος</span> <span class='ocrx_word' id='word_1_26' title='bbox 619 686 1047 757; x_wconf 76' lang='grc' dir='ltr'>ἀνεξερεύνητος</span> <span class='ocrx_word' id='word_1_27' title='bbox 1091 688 1122 756; x_wconf 81' lang='grc' dir='ltr'>ἢ</span> <span class='ocrx_word' id='word_1_28' title='bbox 1161 688 1358 751; x_wconf 81' lang='grc' dir='ltr'>ἄσυλος</span> <span class='ocrx_word' id='word_1_29' title='bbox 1411 685 1744 756; x_wconf 79' lang='grc' dir='ltr'>ἔμεινεν.Ὦ</span> 
     </span>
    </p>
   </div>
   <div class='ocr_carea' id='block_1_6' title="bbox 173 778 1744 850">
    <p class='ocr_par' dir='ltr' id='par_1_6' title="bbox 173 778 1744 850">
     <span class='ocr_line' id='line_1_6' title="bbox 173 778 1744 850; baseline 0.001 -20"><span class='ocrx_word' id='word_1_30' title='bbox 173 779 316 846; x_wconf 82' lang='grc' dir='ltr'>Χριο</span> <span class='ocrx_word' id='word_1_31' title='bbox 330 779 379 831; x_wconf 80' lang='grc' dir='ltr'>τὲ</span> <span class='ocrx_word' id='word_1_32' title='bbox 407 778 650 848; x_wconf 68' lang='grc' dir='ltr'>βασιλεῦ,</span> <span class='ocrx_word' id='word_1_33' title='bbox 679 780 779 846; x_wconf 81' lang='grc' dir='ltr'><strong>τῆς</strong></span> <span class='ocrx_word' id='word_1_34' title='bbox 821 780 943 833; x_wconf 83' lang='grc' dir='ltr'>τότε</span> <span class='ocrx_word' id='word_1_35' title='bbox 988 779 1222 848; x_wconf 77' lang='grc' dir='ltr'>θλίψεως</span> <span class='ocrx_word' id='word_1_36' title='bbox 1254 782 1348 832; x_wconf 76' lang='grc' dir='ltr'>καὶ</span> <span class='ocrx_word' id='word_1_37' title='bbox 1381 781 1744 850; x_wconf 79' lang='grc' dir='ltr'><strong>στενοχωρίας</strong></span> 
     </span>
    </p>
   </div>
   <div class='ocr_carea' id='block_1_7' title="bbox 173 871 1742 941">
    <p class='ocr_par' dir='ltr' id='par_1_7' title="bbox 173 871 1742 941">
     <span class='ocr_line' id='line_1_7' title="bbox 173 871 1742 941; baseline 0 -19"><span class='ocrx_word' id='word_1_38' title='bbox 173 871 358 922; x_wconf 79' lang='grc' dir='ltr'>πᾶσαν</span> <span class='ocrx_word' id='word_1_39' title='bbox 385 872 538 925; x_wconf 90' lang='grc' dir='ltr'>πόλιν</span> <span class='ocrx_word' id='word_1_40' title='bbox 569 873 664 924; x_wconf 73' lang='grc' dir='ltr'><strong>καὶ</strong></span> <span class='ocrx_word' id='word_1_41' title='bbox 697 871 904 941; x_wconf 82' lang='grc' dir='ltr'>χώραν,</span> <span class='ocrx_word' id='word_1_42' title='bbox 943 875 1009 940; x_wconf 83' lang='grc' dir='ltr'><strong>ἢν</strong></span> <span class='ocrx_word' id='word_1_43' title='bbox 1041 873 1282 925; x_wconf 74' lang='grc' dir='ltr'><strong>οἰκοῦσιν</strong></span> <span class='ocrx_word' id='word_1_44' title='bbox 1317 873 1368 925; x_wconf 78' lang='lat' dir='ltr'><strong>oi</strong></span> <span class='ocrx_word' id='word_1_45' title='bbox 1399 873 1742 940; x_wconf 64' lang='grc' dir='ltr'>Χριστιανοὶ,</span> 
     </span>
    </p>
   </div>
   <div class='ocr_carea' id='block_1_8' title="bbox 171 959 1743 1032">
    <p class='ocr_par' dir='ltr' id='par_1_8' title="bbox 171 959 1743 1032">
     <span class='ocr_line' id='line_1_8' title="bbox 171 959 1743 1032; baseline 0.002 -21"><span class='ocrx_word' id='word_1_46' title='bbox 171 961 562 1030; x_wconf 77' lang='grc' dir='ltr'>ὲλευθέρωσον.</span> <span class='ocrx_word' id='word_1_47' title='bbox 599 964 710 1016; x_wconf 82' lang='lat' dir='ltr'><strong>Kal.</strong></span> <span class='ocrx_word' id='word_1_48' title='bbox 756 963 932 1016; x_wconf 75' lang='grc' dir='ltr'>πάντα</span> <span class='ocrx_word' id='word_1_49' title='bbox 986 965 1165 1032; x_wconf 87' lang='grc' dir='ltr'>κῆπον</span> <span class='ocrx_word' id='word_1_50' title='bbox 1207 959 1495 1017; x_wconf 67' lang='grc' dir='ltr'>καιοῖκον</span> <span class='ocrx_word' id='word_1_51' title='bbox 1531 965 1579 1016; x_wconf 78' lang='grc' dir='ltr'><strong>οἱ</strong></span> <span class='ocrx_word' id='word_1_52' title='bbox 1611 964 1743 1016; x_wconf 77' lang='grc' dir='ltr'>ἀσε-</span> 
     </span>
    </p>
   </div>
   <div class='ocr_carea' id='block_1_9' title="bbox 173 1052 1745 1126">
    <p class='ocr_par' dir='ltr' id='par_1_9' title="bbox 173 1052 1745 1126">
     <span class='ocr_line' id='line_1_9' title="bbox 173 1052 1745 1126; baseline 0.002 -23"><span class='ocrx_word' id='word_1_53' title='bbox 173 1052 294 1114; x_wconf 81' lang='grc' dir='ltr'>ϐεῖς</span> <span class='ocrx_word' id='word_1_54' title='bbox 349 1053 451 1107; x_wconf 83' lang='grc' dir='ltr'>οὐκ</span> <span class='ocrx_word' id='word_1_55' title='bbox 505 1055 695 1107; x_wconf 75' lang='grc' dir='ltr'>εἴασαν</span> <span class='ocrx_word' id='word_1_56' title='bbox 740 1054 1080 1123; x_wconf 81' lang='grc' dir='ltr'>ἀνώρυκτον,</span> <span class='ocrx_word' id='word_1_57' title='bbox 1118 1057 1204 1108; x_wconf 80' lang='grc' dir='ltr'>ἵνα</span> <span class='ocrx_word' id='word_1_58' title='bbox 1254 1055 1324 1108; x_wconf 83' lang='grc' dir='ltr'>τὰ</span> <span class='ocrx_word' id='word_1_59' title='bbox 1377 1057 1745 1126; x_wconf 80' lang='grc' dir='ltr'><strong>κεκρυμμένα</strong></span> 
     </span>
    </p>
   </div>
   <div class='ocr_carea' id='block_1_10' title="bbox 172 1144 1748 1215">
    <p class='ocr_par' dir='ltr' id='par_1_10' title="bbox 172 1144 1748 1215">
     <span class='ocr_line' id='line_1_10' title="bbox 172 1144 1748 1215; baseline 0.002 -20"><span class='ocrx_word' id='word_1_60' title='bbox 172 1145 434 1213; x_wconf 84' lang='grc' dir='ltr'>χρήματα</span> <span class='ocrx_word' id='word_1_61' title='bbox 482 1144 688 1214; x_wconf 78' lang='grc' dir='ltr'>εὕρωσι</span> <span class='ocrx_word' id='word_1_62' title='bbox 716 1162 729 1176; x_wconf 89' lang='grc'><strong>·</strong></span> <span class='ocrx_word' id='word_1_63' title='bbox 771 1147 863 1199; x_wconf 75' lang='grc' dir='ltr'><strong>καὶ</strong></span> <span class='ocrx_word' id='word_1_64' title='bbox 917 1147 1190 1200; x_wconf 84' lang='grc' dir='ltr'><strong>πλείστων</strong></span> <span class='ocrx_word' id='word_1_65' title='bbox 1237 1147 1338 1214; x_wconf 82' lang='grc' dir='ltr'>μὲν</span> <span class='ocrx_word' id='word_1_66' title='bbox 1371 1147 1507 1200; x_wconf 77' lang='grc' dir='ltr'>νέων</span> <span class='ocrx_word' id='word_1_67' title='bbox 1541 1147 1748 1215; x_wconf 89' lang='grc' dir='ltr'>θησαυ-</span> 
     </span>
    </p>
   </div>
   <div class='ocr_carea' id='block_1_11' title="bbox 173 1237 1742 1310">
    <p class='ocr_par' dir='ltr' id='par_1_11' title="bbox 173 1237 1742 1310">
     <span class='ocr_line' id='line_1_11' title="bbox 173 1237 1742 1310; baseline 0.001 -22"><span class='ocrx_word' id='word_1_68' title='bbox 173 1237 289 1304; x_wconf 85' lang='grc' dir='ltr'><strong>ρῶν</strong></span> <span class='ocrx_word' id='word_1_69' title='bbox 307 1238 397 1290; x_wconf 83' lang='grc' dir='ltr'>καὶ</span> <span class='ocrx_word' id='word_1_70' title='bbox 419 1237 662 1291; x_wconf 88' lang='grc' dir='ltr'>παλαιῶν</span> <span class='ocrx_word' id='word_1_71' title='bbox 690 1240 782 1291; x_wconf 78' lang='grc' dir='ltr'><strong>καὶ</strong></span> <span class='ocrx_word' id='word_1_72' title='bbox 807 1240 1010 1309; x_wconf 80' lang='grc' dir='ltr'>ἑτέρων</span> <span class='ocrx_word' id='word_1_73' title='bbox 1040 1239 1355 1308; x_wconf 79' lang='grc' dir='ltr'>πολυτίμων</span> <span class='ocrx_word' id='word_1_74' title='bbox 1379 1238 1742 1310; x_wconf 70' lang='grc' dir='ltr'><strong>πραγμάτων,</strong></span> 
     </span>
    </p>
   </div>
   <div class='ocr_carea' id='block_1_12' title="bbox 171 1329 931 1401">
    <p class='ocr_par' dir='ltr' id='par_1_12' title="bbox 171 1329 931 1401">
     <span class='ocr_line' id='line_1_12' title="bbox 171 1329 931 1401; baseline 0.007 -22"><span class='ocrx_word' id='word_1_75' title='bbox 171 1329 454 1398; x_wconf 78' lang='grc' dir='ltr'><strong>εὑρόντες,</strong></span> <span class='ocrx_word' id='word_1_76' title='bbox 489 1331 931 1401; x_wconf 78' lang='grc' dir='ltr'>ἐνεπλήσθησαν.</span> 
     </span>
    </p>
   </div>
   <div class='ocr_carea' id='block_1_13' title="bbox 246 1422 1745 1497">
    <p class='ocr_par' dir='ltr' id='par_1_13' title="bbox 246 1422 1745 1497">
     <span class='ocr_line' id='line_1_13' title="bbox 246 1422 1745 1497; baseline 0.003 -21"><span class='ocrx_word' id='word_1_77' title='bbox 246 1426 320 1491; x_wconf 82' lang='grc' dir='ltr'><strong>η’.</strong></span> <span class='ocrx_word' id='word_1_78' title='bbox 366 1423 450 1480; x_wconf 84' lang='grc' dir='ltr'>Ὠς</span> <span class='ocrx_word' id='word_1_79' title='bbox 482 1422 575 1475; x_wconf 83' lang='grc' dir='ltr'><strong>οὖν</strong></span> <span class='ocrx_word' id='word_1_80' title='bbox 606 1426 638 1490; x_wconf 87' lang='grc' dir='ltr'>ὴ</span> <span class='ocrx_word' id='word_1_81' title='bbox 671 1425 824 1487; x_wconf 78' lang='grc' dir='ltr'>πόλις</span> <span class='ocrx_word' id='word_1_82' title='bbox 851 1427 1015 1488; x_wconf 77' lang='grc' dir='ltr'>ἑάλω,</span> <span class='ocrx_word' id='word_1_83' title='bbox 1063 1429 1090 1480; x_wconf 91' lang='lat'><strong>6</strong></span> <span class='ocrx_word' id='word_1_84' title='bbox 1138 1429 1365 1497; x_wconf 81' lang='grc' dir='ltr'>ἁμηρᾶς</span> <span class='ocrx_word' id='word_1_85' title='bbox 1393 1428 1540 1482; x_wconf 79' lang='grc' dir='ltr'>ἔνδον</span> <span class='ocrx_word' id='word_1_86' title='bbox 1573 1429 1745 1480; x_wconf 88' lang='grc' dir='ltr'>είσελ-</span> 
     </span>
    </p>
   </div>
   <div class='ocr_carea' id='block_1_14' title="bbox 175 1514 1746 1587">
    <p class='ocr_par' dir='ltr' id='par_1_14' title="bbox 175 1514 1746 1587">
     <span class='ocr_line' id='line_1_14' title="bbox 175 1514 1746 1587; baseline 0.006 -22"><span class='ocrx_word' id='word_1_87' title='bbox 175 1514 296 1565; x_wconf 86' lang='grc' dir='ltr'><strong>θὼν</strong></span> <span class='ocrx_word' id='word_1_88' title='bbox 343 1515 508 1577; x_wconf 78' lang='grc' dir='ltr'>εὐθὺς</span> <span class='ocrx_word' id='word_1_89' title='bbox 558 1516 706 1587; x_wconf 81' lang='grc' dir='ltr'>πάσῃ</span> <span class='ocrx_word' id='word_1_90' title='bbox 756 1519 957 1587; x_wconf 81' lang='grc' dir='ltr'>σπουδῇ</span> <span class='ocrx_word' id='word_1_91' title='bbox 990 1518 1218 1587; x_wconf 77' lang='grc' dir='ltr'>ζήτησιν</span> <span class='ocrx_word' id='word_1_92' title='bbox 1254 1521 1428 1573; x_wconf 79' lang='grc' dir='ltr'><strong>ἐποίει</strong></span> <span class='ocrx_word' id='word_1_93' title='bbox 1481 1522 1604 1586; x_wconf 65' lang='grc' dir='ltr'>περὶ</span> <span class='ocrx_word' id='word_1_94' title='bbox 1652 1522 1746 1574; x_wconf 85' lang='lat'><strong>106</strong></span> 
     </span>
    </p>
   </div>
   <div class='ocr_carea' id='block_1_15' title="bbox 176 1606 1745 1682">
    <p class='ocr_par' dir='ltr' id='par_1_15' title="bbox 176 1606 1745 1682">
     <span class='ocr_line' id='line_1_15' title="bbox 176 1606 1745 1682; baseline 0.006 -26"><span class='ocrx_word' id='word_1_95' title='bbox 176 1606 466 1674; x_wconf 84' lang='grc' dir='ltr'>βασιλέως,</span> <span class='ocrx_word' id='word_1_96' title='bbox 495 1609 555 1668; x_wconf 82' lang='grc' dir='ltr'>ὃς</span> <span class='ocrx_word' id='word_1_97' title='bbox 589 1612 730 1664; x_wconf 86' lang='grc' dir='ltr'><strong>κατὰ</strong></span> <span class='ocrx_word' id='word_1_98' title='bbox 782 1611 905 1664; x_wconf 82' lang='grc' dir='ltr'>νοῦν</span> <span class='ocrx_word' id='word_1_99' title='bbox 939 1613 1101 1665; x_wconf 77' lang='grc' dir='ltr'>ἄλλον</span> <span class='ocrx_word' id='word_1_100' title='bbox 1129 1614 1230 1666; x_wconf 81' lang='grc' dir='ltr'><strong>οὐκ</strong></span> <span class='ocrx_word' id='word_1_101' title='bbox 1284 1613 1560 1679; x_wconf 78' lang='grc' dir='ltr'><strong>ἐλογίζετο</strong></span> <span class='ocrx_word' id='word_1_102' title='bbox 1592 1615 1638 1666; x_wconf 83' lang='grc' dir='ltr'><strong>εί</strong></span> <span class='ocrx_word' id='word_1_103' title='bbox 1671 1615 1745 1682; x_wconf 82' lang='grc' dir='ltr'>μὴ</span> 
     </span>
    </p>
   </div>
   <div class='ocr_carea' id='block_1_16' title="bbox 179 1698 1747 1773">
    <p class='ocr_par' dir='ltr' id='par_1_16' title="bbox 179 1698 1747 1773">
     <span class='ocr_line' id='line_1_16' title="bbox 179 1698 1747 1773; baseline 0.005 -24"><span class='ocrx_word' id='word_1_104' title='bbox 179 1698 347 1765; x_wconf 78' lang='grc' dir='ltr'>μόνον</span> <span class='ocrx_word' id='word_1_105' title='bbox 403 1700 596 1769; x_wconf 79' lang='grc' dir='ltr'>μαθεῖν</span> <span class='ocrx_word' id='word_1_106' title='bbox 650 1704 697 1754; x_wconf 82' lang='grc' dir='ltr'><strong>εί</strong></span> <span class='ocrx_word' id='word_1_107' title='bbox 749 1705 813 1771; x_wconf 78' lang='grc' dir='ltr'><strong>ζῇ</strong></span> <span class='ocrx_word' id='word_1_108' title='bbox 869 1704 901 1772; x_wconf 84' lang='grc' dir='ltr'>ἢ</span> <span class='ocrx_word' id='word_1_109' title='bbox 956 1703 1220 1769; x_wconf 83' lang='grc' dir='ltr'><strong>τέθνηκεν</strong></span> <span class='ocrx_word' id='word_1_110' title='bbox 1263 1707 1288 1755; x_wconf 90' lang='lat'><strong>6</strong></span> <span class='ocrx_word' id='word_1_111' title='bbox 1334 1703 1608 1773; x_wconf 85' lang='grc' dir='ltr'>βασιλεύς.</span> <span class='ocrx_word' id='word_1_112' title='bbox 1641 1707 1747 1758; x_wconf 75' lang='grc' dir='ltr'>Καὶ</span> 
     </span>
    </p>
   </div>
   <div class='ocr_carea' id='block_1_17' title="bbox 174 1788 1748 1863">
    <p class='ocr_par' dir='ltr' id='par_1_17' title="bbox 174 1788 1748 1863">
     <span class='ocr_line' id='line_1_17' title="bbox 174 1788 1748 1863; baseline 0.008 -25"><span class='ocrx_word' id='word_1_113' title='bbox 174 1788 328 1851; x_wconf 67' lang='grc' dir='ltr'>τινες</span> <span class='ocrx_word' id='word_1_114' title='bbox 378 1790 477 1858; x_wconf 74' lang='grc' dir='ltr'><strong>μὲν</strong></span> <span class='ocrx_word' id='word_1_115' title='bbox 526 1791 776 1855; x_wconf 80' lang='grc' dir='ltr'>ἐλθόντες</span> <span class='ocrx_word' id='word_1_116' title='bbox 819 1794 1010 1861; x_wconf 74' lang='grc' dir='ltr'>ελεγον</span> <span class='ocrx_word' id='word_1_117' title='bbox 1040 1796 1122 1848; x_wconf 79' lang='grc' dir='ltr'>ὅτι</span> <span class='ocrx_word' id='word_1_118' title='bbox 1169 1795 1396 1863; x_wconf 80' lang='grc' dir='ltr'>ἔφυγεν,</span> <span class='ocrx_word' id='word_1_119' title='bbox 1427 1797 1576 1849; x_wconf 79' lang='grc' dir='ltr'>ἄλλοι</span> <span class='ocrx_word' id='word_1_120' title='bbox 1607 1798 1662 1850; x_wconf 74' lang='grc' dir='ltr'>δὲ</span> <span class='ocrx_word' id='word_1_121' title='bbox 1690 1800 1748 1849; x_wconf 83' lang='grc' dir='ltr'>ἐν</span> 
     </span>
    </p>
   </div>
   <div class='ocr_carea' id='block_1_18' title="bbox 172 1881 1743 1956">
    <p class='ocr_par' dir='ltr' id='par_1_18' title="bbox 172 1881 1743 1956">
     <span class='ocr_line' id='line_1_18' title="bbox 172 1881 1743 1956; baseline 0.009 -26"><span class='ocrx_word' id='word_1_122' title='bbox 172 1883 240 1948; x_wconf 76' lang='grc' dir='ltr'>τῇ</span> <span class='ocrx_word' id='word_1_123' title='bbox 275 1881 426 1933; x_wconf 87' lang='grc' dir='ltr'>πόλει</span> <span class='ocrx_word' id='word_1_124' title='bbox 456 1882 642 1948; x_wconf 75' lang='grc' dir='ltr'>ἔλεγον</span> <span class='ocrx_word' id='word_1_125' title='bbox 669 1881 804 1938; x_wconf 76' lang='grc' dir='ltr'>εἶναι</span> <span class='ocrx_word' id='word_1_126' title='bbox 841 1889 1249 1956; x_wconf 75' lang='grc' dir='ltr'><strong>κεκρυμμένον,</strong></span> <span class='ocrx_word' id='word_1_127' title='bbox 1282 1888 1433 1941; x_wconf 74' lang='grc' dir='ltr'>ἄλλοι</span> <span class='ocrx_word' id='word_1_128' title='bbox 1456 1889 1512 1942; x_wconf 80' lang='grc' dir='ltr'>δὲ</span> <span class='ocrx_word' id='word_1_129' title='bbox 1548 1889 1743 1943; x_wconf 78' lang='grc' dir='ltr'>τεθνάο</span> 
     </span>
    </p>
   </div>
   <div class='ocr_carea' id='block_1_19' title="bbox 170 1975 1744 2048">
    <p class='ocr_par' dir='ltr' id='par_1_19' title="bbox 170 1975 1744 2048">
     <span class='ocr_line' id='line_1_19' title="bbox 170 1975 1744 2048; baseline 0.008 -28"><span class='ocrx_word' id='word_1_130' title='bbox 170 1990 267 2024; x_wconf 86' lang='grc' dir='ltr'><strong>ναι</strong></span> <span class='ocrx_word' id='word_1_131' title='bbox 329 1975 653 2042; x_wconf 79' lang='grc' dir='ltr'>μαχόμενον.</span> <span class='ocrx_word' id='word_1_132' title='bbox 709 1979 818 2032; x_wconf 82' lang='lat' dir='ltr'><strong>Kal.</strong></span> <span class='ocrx_word' id='word_1_133' title='bbox 887 1979 1059 2033; x_wconf 81' lang='grc' dir='ltr'>θέλων</span> <span class='ocrx_word' id='word_1_134' title='bbox 1129 1981 1468 2038; x_wconf 78' lang='grc' dir='ltr'>πιστωθῆναι</span> <span class='ocrx_word' id='word_1_135' title='bbox 1527 1983 1744 2048; x_wconf 82' lang='grc' dir='ltr'>ἀληθῶς</span> 
     </span>
    </p>
   </div>
   <div class='ocr_carea' id='block_1_20' title="bbox 171 2065 1748 2144">
    <p class='ocr_par' dir='ltr' id='par_1_20' title="bbox 171 2065 1748 2144">
     <span class='ocr_line' id='line_1_20' title="bbox 171 2065 1748 2144; baseline 0.009 -30"><span class='ocrx_word' id='word_1_136' title='bbox 171 2065 418 2119; x_wconf 77' lang='grc' dir='ltr'>ἔστειλεν</span> <span class='ocrx_word' id='word_1_137' title='bbox 443 2067 569 2122; x_wconf 76' lang='grc' dir='ltr'>ἔνθα</span> <span class='ocrx_word' id='word_1_138' title='bbox 784 2073 846 2141; x_wconf 88' lang='grc' dir='ltr'>δὴ</span> <span class='ocrx_word' id='word_1_139' title='bbox 891 2075 960 2126; x_wconf 66' lang='grc' dir='ltr'>τὰ</span> <span class='ocrx_word' id='word_1_140' title='bbox 990 2075 1260 2142; x_wconf 84' lang='grc' dir='ltr'>πτώματα</span> <span class='ocrx_word' id='word_1_141' title='bbox 1290 2075 1399 2128; x_wconf 80' lang='grc' dir='ltr'><strong>τῶν</strong></span> <span class='ocrx_word' id='word_1_142' title='bbox 1433 2076 1748 2144; x_wconf 81' lang='grc' dir='ltr'>ἀναιρεθέν-</span> 
     </span>
    </p>
   </div>
   <div class='ocr_carea' id='block_1_21' title="bbox 170 2157 1745 2235">
    <p class='ocr_par' dir='ltr' id='par_1_21' title="bbox 170 2157 1745 2235">
     <span class='ocr_line' id='line_1_21' title="bbox 170 2157 1745 2235; baseline 0.011 -30"><span class='ocrx_word' id='word_1_143' title='bbox 170 2173 287 2206; x_wconf 87' lang='grc' dir='ltr'><strong>των</strong></span> <span class='ocrx_word' id='word_1_144' title='bbox 329 2157 506 2211; x_wconf 79' lang='grc' dir='ltr'>ἕκειτο</span> <span class='ocrx_word' id='word_1_145' title='bbox 549 2163 850 2228; x_wconf 88' lang='grc' dir='ltr'>σωροειδῶς</span> <span class='ocrx_word' id='word_1_146' title='bbox 904 2165 1248 2235; x_wconf 84' lang='grc' dir='ltr'>Χριστιανῶν</span> <span class='ocrx_word' id='word_1_147' title='bbox 1288 2183 1343 2220; x_wconf 91' lang='grc' dir='ltr'><strong>τε</strong></span> <span class='ocrx_word' id='word_1_148' title='bbox 1391 2169 1485 2221; x_wconf 83' lang='grc' dir='ltr'>καὶ</span> <span class='ocrx_word' id='word_1_149' title='bbox 1511 2167 1745 2224; x_wconf 76' lang='grc' dir='ltr'>ἀσεϐῶν.</span> 
     </span>
    </p>
   </div>
   <div class='ocr_carea' id='block_1_22' title="bbox 174 2246 1744 2328">
    <p class='ocr_par' dir='ltr' id='par_1_22' title="bbox 174 2246 1744 2328">
     <span class='ocr_line' id='line_1_22' title="bbox 174 2246 1744 2328; baseline 0.009 -32"><span class='ocrx_word' id='word_1_150' title='bbox 174 2246 293 2297; x_wconf 79' lang='grc' dir='ltr'>Καὶ</span> <span class='ocrx_word' id='word_1_151' title='bbox 319 2247 582 2312; x_wconf 81' lang='grc' dir='ltr'>πλείστας</span> <span class='ocrx_word' id='word_1_152' title='bbox 626 2253 869 2321; x_wconf 82' lang='grc' dir='ltr'>κεφαλὰς</span> <span class='ocrx_word' id='word_1_153' title='bbox 907 2255 1017 2309; x_wconf 87' lang='grc' dir='ltr'><strong>τῶν</strong></span> <span class='ocrx_word' id='word_1_154' title='bbox 1060 2258 1460 2328; x_wconf 79' lang='grc' dir='ltr'>ἀναιρεθέντων</span> <span class='ocrx_word' id='word_1_155' title='bbox 1487 2259 1744 2321; x_wconf 76' lang='grc' dir='ltr'>ἔπλυναν,</span> 
     </span>
    </p>
   </div>
   <div class='ocr_carea' id='block_1_23' title="bbox 170 2329 1749 2415">
    <p class='ocr_par' dir='ltr' id='par_1_23' title="bbox 170 2329 1749 2415">
     <span class='ocr_line' id='line_1_23' title="bbox 170 2329 1749 2415; baseline 0.009 -29"><span class='ocrx_word' id='word_1_156' title='bbox 170 2337 224 2386; x_wconf 79' lang='grc' dir='ltr'><strong>εἰ</strong></span> <span class='ocrx_word' id='word_1_157' title='bbox 257 2335 395 2406; x_wconf 84' lang='grc' dir='ltr'>τύχῃ</span> <span class='ocrx_word' id='word_1_158' title='bbox 452 2339 544 2390; x_wconf 64' lang='grc' dir='ltr'><strong>καὶ⁴</strong></span> <span class='ocrx_word' id='word_1_159' title='bbox 599 2339 700 2409; x_wconf 81' lang='grc' dir='ltr'>τὴν</span> <span class='ocrx_word' id='word_1_160' title='bbox 755 2329 1039 2412; x_wconf 68' lang='grc' dir='ltr'>βαῖιλικὴν</span> <span class='ocrx_word' id='word_1_161' title='bbox 1101 2347 1433 2415; x_wconf 84' lang='grc' dir='ltr'>γνωρίσωσι.</span> <span class='ocrx_word' id='word_1_162' title='bbox 1495 2348 1604 2403; x_wconf 78' lang='lat' dir='ltr'><strong>Kal</strong></span> <span class='ocrx_word' id='word_1_163' title='bbox 1649 2349 1749 2401; x_wconf 87' lang='grc' dir='ltr'><strong>οὐκ</strong></span> 
     </span>
    </p>
   </div>
   <div class='ocr_carea' id='block_1_24' title="bbox 172 2426 1748 2508">
    <p class='ocr_par' dir='ltr' id='par_1_24' title="bbox 172 2426 1748 2508">
     <span class='ocr_line' id='line_1_24' title="bbox 172 2426 1748 2508; baseline 0.013 -33"><span class='ocrx_word' id='word_1_164' title='bbox 172 2426 518 2497; x_wconf 80' lang='grc' dir='ltr'><strong>ἐδυνήθησαν</strong></span> <span class='ocrx_word' id='word_1_165' title='bbox 547 2435 812 2500; x_wconf 79' lang='grc' dir='ltr'>γνωρίσαι</span> <span class='ocrx_word' id='word_1_166' title='bbox 835 2434 1007 2503; x_wconf 81' lang='grc' dir='ltr'>αὐτὴν</span> <span class='ocrx_word' id='word_1_167' title='bbox 1032 2439 1080 2488; x_wconf 83' lang='grc' dir='ltr'><strong>εί</strong></span> <span class='ocrx_word' id='word_1_168' title='bbox 1112 2439 1186 2508; x_wconf 82' lang='grc' dir='ltr'>μὴ</span> <span class='ocrx_word' id='word_1_169' title='bbox 1216 2439 1277 2490; x_wconf 79' lang='grc' dir='ltr'>τὸ</span> <span class='ocrx_word' id='word_1_170' title='bbox 1301 2440 1514 2502; x_wconf 80' lang='grc' dir='ltr'>τεθνεὸς</span> <span class='ocrx_word' id='word_1_171' title='bbox 1545 2440 1748 2507; x_wconf 76' lang='grc' dir='ltr'>πτῶμα</span> 
     </span>
    </p>
   </div>
   <div class='ocr_carea' id='block_1_25' title="bbox 169 2518 1746 2601">
    <p class='ocr_par' dir='ltr' id='par_1_25' title="bbox 169 2518 1746 2601">
     <span class='ocr_line' id='line_1_25' title="bbox 169 2518 1746 2601; baseline 0.011 -33"><span class='ocrx_word' id='word_1_172' title='bbox 169 2518 275 2570; x_wconf 89' lang='lat'><strong>106</strong></span> <span class='ocrx_word' id='word_1_173' title='bbox 309 2519 572 2586; x_wconf 81' lang='grc' dir='ltr'>βασιλέως</span> <span class='ocrx_word' id='word_1_174' title='bbox 625 2526 901 2594; x_wconf 76' lang='grc' dir='ltr'>εὑρόντες,</span> <span class='ocrx_word' id='word_1_175' title='bbox 937 2527 965 2580; x_wconf 85' lang='lat'><strong>6</strong></span> <span class='ocrx_word' id='word_1_176' title='bbox 1015 2530 1319 2599; x_wconf 80' lang='grc' dir='ltr'>ἐγνώρισαν</span> <span class='ocrx_word' id='word_1_177' title='bbox 1353 2532 1417 2584; x_wconf 80' lang='grc' dir='ltr'>ὲκ</span> <span class='ocrx_word' id='word_1_178' title='bbox 1457 2533 1565 2585; x_wconf 87' lang='grc' dir='ltr'><strong>τῶν</strong></span> <span class='ocrx_word' id='word_1_179' title='bbox 1595 2533 1746 2601; x_wconf 83' lang='grc' dir='ltr'>βασι·</span> 
     </span>
    </p>
   </div>
   <div class='ocr_carea' id='block_1_26' title="bbox 169 2609 1750 2692">
    <p class='ocr_par' dir='ltr' id='par_1_26' title="bbox 169 2609 1750 2692">
     <span class='ocr_line' id='line_1_26' title="bbox 169 2609 1750 2692; baseline 0.009 -33"><span class='ocrx_word' id='word_1_180' title='bbox 169 2609 352 2661; x_wconf 80' lang='grc' dir='ltr'>λικῶν</span> <span class='ocrx_word' id='word_1_181' title='bbox 403 2616 815 2685; x_wconf 81' lang='grc' dir='ltr'>περικνημίδων</span> <span class='ocrx_word' id='word_1_182' title='bbox 861 2617 893 2688; x_wconf 83' lang='grc' dir='ltr'>ἢ</span> <span class='ocrx_word' id='word_1_183' title='bbox 933 2619 1026 2670; x_wconf 70' lang='grc' dir='ltr'>καὶ</span> <span class='ocrx_word' id='word_1_184' title='bbox 1089 2620 1342 2683; x_wconf 85' lang='grc' dir='ltr'>πεδίλων,</span> <span class='ocrx_word' id='word_1_185' title='bbox 1377 2621 1508 2675; x_wconf 72' lang='grc' dir='ltr'>ἔνθα</span> <span class='ocrx_word' id='word_1_186' title='bbox 1553 2625 1750 2692; x_wconf 78' lang='grc' dir='ltr'>χρυσοῖ</span> 
     </span>
    </p>
   </div>
   <div class='ocr_carea' id='block_1_27' title="bbox 171 2699 1750 2784">
    <p class='ocr_par' dir='ltr' id='par_1_27' title="bbox 171 2699 1750 2784">
     <span class='ocr_line' id='line_1_27' title="bbox 171 2699 1750 2784; baseline 0.009 -30"><span class='ocrx_word' id='word_1_187' title='bbox 171 2703 332 2756; x_wconf 75' lang='grc' dir='ltr'>ἀετοὶ</span> <span class='ocrx_word' id='word_1_188' title='bbox 356 2699 498 2773; x_wconf 75' lang='grc' dir='ltr'>ἦσαν</span> <span class='ocrx_word' id='word_1_189' title='bbox 523 2712 926 2778; x_wconf 79' lang='grc' dir='ltr'>γεγραμμένοι,</span> <span class='ocrx_word' id='word_1_190' title='bbox 953 2714 1026 2776; x_wconf 85' lang='grc' dir='ltr'>ὡς</span> <span class='ocrx_word' id='word_1_191' title='bbox 1053 2713 1174 2772; x_wconf 77' lang='grc' dir='ltr'>ἔθος</span> <span class='ocrx_word' id='word_1_192' title='bbox 1201 2714 1415 2782; x_wconf 78' lang='grc' dir='ltr'>ὑπῆρχε</span> <span class='ocrx_word' id='word_1_193' title='bbox 1451 2719 1563 2778; x_wconf 81' lang='grc' dir='ltr'>τοῖς</span> <span class='ocrx_word' id='word_1_194' title='bbox 1597 2716 1750 2784; x_wconf 84' lang='grc' dir='ltr'>βασι-</span> 
     </span>
    </p>
   </div>
   <div class='ocr_carea' id='block_1_28' title="bbox 167 2793 1750 2874">
    <p class='ocr_par' dir='ltr' id='par_1_28' title="bbox 167 2793 1750 2874">
     <span class='ocr_line' id='line_1_28' title="bbox 167 2793 1750 2874; baseline 0.009 -31"><span class='ocrx_word' id='word_1_195' title='bbox 167 2793 351 2848; x_wconf 73' lang='grc' dir='ltr'>λεῦσι.</span> <span class='ocrx_word' id='word_1_196' title='bbox 386 2797 494 2850; x_wconf 83' lang='grc' dir='ltr'><strong>Καὶ</strong></span> <span class='ocrx_word' id='word_1_197' title='bbox 527 2799 710 2866; x_wconf 86' lang='grc' dir='ltr'>μαθὼν</span> <span class='ocrx_word' id='word_1_198' title='bbox 735 2803 762 2853; x_wconf 90' lang='lat'><strong>6</strong></span> <span class='ocrx_word' id='word_1_199' title='bbox 799 2802 1021 2870; x_wconf 77' lang='grc' dir='ltr'>άμηρᾶς</span> <span class='ocrx_word' id='word_1_200' title='bbox 1059 2804 1370 2873; x_wconf 79' lang='grc' dir='ltr'>περιχαρὴς</span> <span class='ocrx_word' id='word_1_201' title='bbox 1404 2807 1494 2856; x_wconf 76' lang='grc' dir='ltr'><strong>καὶ</strong></span> <span class='ocrx_word' id='word_1_202' title='bbox 1522 2807 1750 2874; x_wconf 83' lang='grc' dir='ltr'>εὐφραι-</span> 
     </span>
    </p>
   </div>
   <div class='ocr_carea' id='block_1_29' title="bbox 170 2888 1746 2967">
    <p class='ocr_par' dir='ltr' id='par_1_29' title="bbox 170 2888 1746 2967">
     <span class='ocr_line' id='line_1_29' title="bbox 170 2888 1746 2967; baseline 0.007 -30"><span class='ocrx_word' id='word_1_203' title='bbox 170 2888 406 2955; x_wconf 75' lang='grc' dir='ltr'>νόμενος</span> <span class='ocrx_word' id='word_1_204' title='bbox 441 2888 654 2959; x_wconf 82' lang='grc' dir='ltr'>ὑπῆρχε</span> <span class='ocrx_word' id='word_1_205' title='bbox 681 2906 693 2919; x_wconf 87' lang='grc'><strong>·</strong></span> <span class='ocrx_word' id='word_1_206' title='bbox 734 2893 828 2944; x_wconf 83' lang='grc' dir='ltr'>καὶ</span> <span class='ocrx_word' id='word_1_207' title='bbox 859 2893 1156 2962; x_wconf 79' lang='grc' dir='ltr'>προστάξει</span> <span class='ocrx_word' id='word_1_208' title='bbox 1204 2896 1368 2948; x_wconf 81' lang='grc' dir='ltr'>αὑτοῦ</span> <span class='ocrx_word' id='word_1_209' title='bbox 1405 2899 1454 2950; x_wconf 87' lang='grc' dir='ltr'><strong>οί</strong></span> <span class='ocrx_word' id='word_1_210' title='bbox 1493 2898 1746 2967; x_wconf 78' lang='grc' dir='ltr'>εὑρεθένο</span> 
     </span>
    </p>
   </div>
   <div class='ocr_carea' id='block_1_30' title="bbox 170 2982 1755 3060">
    <p class='ocr_par' dir='ltr' id='par_1_30' title="bbox 170 2982 1755 3060">
     <span class='ocr_line' id='line_1_30' title="bbox 170 2982 1755 3060; baseline 0.007 -30"><span class='ocrx_word' id='word_1_211' title='bbox 170 2997 273 3041; x_wconf 84' lang='grc' dir='ltr'><strong>τες</strong></span> <span class='ocrx_word' id='word_1_212' title='bbox 309 2982 627 3048; x_wconf 72' lang='grc' dir='ltr'>Χριστιανοὶ</span> <span class='ocrx_word' id='word_1_213' title='bbox 671 2985 879 3051; x_wconf 74' lang='grc' dir='ltr'>ἔθαψαν</span> <span class='ocrx_word' id='word_1_214' title='bbox 938 2985 1002 3037; x_wconf 85' lang='grc' dir='ltr'>τὺ</span> <span class='ocrx_word' id='word_1_215' title='bbox 1045 2986 1321 3055; x_wconf 80' lang='grc' dir='ltr'>βασιλικὸν</span> <span class='ocrx_word' id='word_1_216' title='bbox 1373 2990 1571 3058; x_wconf 84' lang='grc' dir='ltr'>πτῶμα</span> <span class='ocrx_word' id='word_1_217' title='bbox 1611 2989 1755 3060; x_wconf 59' lang='grc' dir='ltr'>μετὰ</span> 
     </span>
    </p>
   </div>
   <div class='ocr_carea' id='block_1_31' title="bbox 175 3075 1748 3150">
    <p class='ocr_par' dir='ltr' id='par_1_31' title="bbox 175 3075 1748 3150">
     <span class='ocr_line' id='line_1_31' title="bbox 175 3075 1748 3150; baseline 0.004 -24"><span class='ocrx_word' id='word_1_218' title='bbox 175 3075 479 3139; x_wconf 73' lang='grc' dir='ltr'>βασιλικῆς</span> <span class='ocrx_word' id='word_1_219' title='bbox 523 3077 708 3145; x_wconf 79' lang='grc' dir='ltr'>τιμῆς.</span> <span class='ocrx_word' id='word_1_220' title='bbox 744 3078 878 3130; x_wconf 78' lang='grc' dir='ltr'>οὐαὶ</span> <span class='ocrx_word' id='word_1_221' title='bbox 921 3080 1042 3132; x_wconf 78' lang='grc' dir='ltr'>οὐαὶ</span> <span class='ocrx_word' id='word_1_222' title='bbox 1077 3078 1244 3146; x_wconf 73' lang='grc' dir='ltr'>κάμοὶ</span> <span class='ocrx_word' id='word_1_223' title='bbox 1278 3081 1378 3150; x_wconf 85' lang='grc' dir='ltr'>τῆς</span> <span class='ocrx_word' id='word_1_224' title='bbox 1406 3083 1660 3148; x_wconf 84' lang='grc' dir='ltr'>προνοίας</span> <span class='ocrx_word' id='word_1_225' title='bbox 1692 3083 1748 3133; x_wconf 79' lang='grc' dir='ltr'>ὲν</span> 
     </span>
    </p>
   </div>
   <div class='ocr_carea' id='block_1_32' title="bbox 172 3165 1748 3242">
    <p class='ocr_par' dir='ltr' id='par_1_32' title="bbox 172 3165 1748 3242">
     <span class='ocr_line' id='line_1_32' title="bbox 172 3165 1748 3242; baseline 0.004 -25"><span class='ocrx_word' id='word_1_226' title='bbox 172 3167 290 3217; x_wconf 82' lang='grc' dir='ltr'>τίνι</span> <span class='ocrx_word' id='word_1_227' title='bbox 324 3167 501 3236; x_wconf 85' lang='grc' dir='ltr'>καιρῷ</span> <span class='ocrx_word' id='word_1_228' title='bbox 533 3184 599 3236; x_wconf 85' lang='grc' dir='ltr'>με</span> <span class='ocrx_word' id='word_1_229' title='bbox 629 3170 1030 3238; x_wconf 73' lang='grc' dir='ltr'>φυλαττούσηςὲ</span> <span class='ocrx_word' id='word_1_230' title='bbox 1061 3165 1170 3224; x_wconf 84' lang='grc' dir='ltr'><strong>Ἦν</strong></span> <span class='ocrx_word' id='word_1_231' title='bbox 1198 3172 1254 3224; x_wconf 78' lang='grc' dir='ltr'>δὲ</span> <span class='ocrx_word' id='word_1_232' title='bbox 1283 3174 1480 3242; x_wconf 77' lang='grc' dir='ltr'>πᾶσαή</span> <span class='ocrx_word' id='word_1_233' title='bbox 1513 3173 1624 3241; x_wconf 80' lang='grc' dir='ltr'><strong>ζωὴ</strong></span> <span class='ocrx_word' id='word_1_234' title='bbox 1655 3173 1748 3226; x_wconf 91' lang='lat'><strong>106</strong></span> 
     </span>
    </p>
   </div>
   <div class='ocr_carea' id='block_1_33' title="bbox 1848 684 2593 754">
    <p class='ocr_par' dir='ltr' id='par_1_33' title="bbox 1848 684 2593 754">
     <span class='ocr_line' id='line_1_33' title="bbox 1848 684 2593 754; baseline -0.004 -17"><span class='ocrx_word' id='word_1_235' title='bbox 1848 688 1996 753; x_wconf 81' lang='grc' dir='ltr'>τρεῖς</span> <span class='ocrx_word' id='word_1_236' title='bbox 2033 688 2126 736; x_wconf 76' lang='grc' dir='ltr'><strong>καὶ</strong></span> <span class='ocrx_word' id='word_1_237' title='bbox 2158 686 2368 754; x_wconf 77' lang='grc' dir='ltr'>ἡμέραι</span> <span class='ocrx_word' id='word_1_238' title='bbox 2399 684 2593 737; x_wconf 84' lang='grc' dir='ltr'>εἴκοσι.</span> 
     </span>
    </p>
   </div>
   <div class='ocr_carea' id='block_1_34' title="bbox 1927 770 3408 847">
    <p class='ocr_par' dir='ltr' id='par_1_34' title="bbox 1927 770 3408 847">
     <span class='ocr_line' id='line_1_34' title="bbox 1927 770 3408 847; baseline -0.003 -20"><span class='ocrx_word' id='word_1_239' title='bbox 1927 776 1988 826; x_wconf 82' lang='grc'><strong>’0</strong></span> <span class='ocrx_word' id='word_1_240' title='bbox 2016 775 2072 827; x_wconf 83' lang='grc' dir='ltr'>δὲ</span> <span class='ocrx_word' id='word_1_241' title='bbox 2115 776 2338 844; x_wconf 82' lang='grc' dir='ltr'>ἀμηρᾶς</span> <span class='ocrx_word' id='word_1_242' title='bbox 2384 777 2450 844; x_wconf 83' lang='grc' dir='ltr'>τῇ</span> <span class='ocrx_word' id='word_1_243' title='bbox 2493 777 2617 847; x_wconf 79' lang='grc' dir='ltr'>νίκῃ</span> <span class='ocrx_word' id='word_1_244' title='bbox 2660 777 2723 844; x_wconf 85' lang='grc' dir='ltr'>τῇ</span> <span class='ocrx_word' id='word_1_245' title='bbox 2763 772 2977 842; x_wconf 77' lang='grc' dir='ltr'>μεγάλῃ</span> <span class='ocrx_word' id='word_1_246' title='bbox 3029 770 3288 838; x_wconf 81' lang='grc' dir='ltr'>ἐπαρθεὶς</span> <span class='ocrx_word' id='word_1_247' title='bbox 3320 772 3408 822; x_wconf 65' lang='grc' dir='ltr'><strong>καλ</strong></span> 
     </span>
    </p>
   </div>
   <div class='ocr_carea' id='block_1_35' title="bbox 1850 863 3412 936">
    <p class='ocr_par' dir='ltr' id='par_1_35' title="bbox 1850 863 3412 936">
     <span class='ocr_line' id='line_1_35' title="bbox 1850 863 3412 936; baseline -0.005 -18"><span class='ocrx_word' id='word_1_248' title='bbox 1850 865 2104 936; x_wconf 79' lang='grc' dir='ltr'>πλείστης</span> <span class='ocrx_word' id='word_1_249' title='bbox 2138 867 2441 931; x_wconf 82' lang='grc' dir='ltr'>κενοδοξίας</span> <span class='ocrx_word' id='word_1_250' title='bbox 2469 867 2734 935; x_wconf 77' lang='grc' dir='ltr'>πλησθεὶς</span> <span class='ocrx_word' id='word_1_251' title='bbox 2766 866 2916 934; x_wconf 75' lang='grc' dir='ltr'>ὠμδς</span> <span class='ocrx_word' id='word_1_252' title='bbox 2962 865 3055 916; x_wconf 67' lang='grc' dir='ltr'><strong>καὶ</strong></span> <span class='ocrx_word' id='word_1_253' title='bbox 3094 863 3412 931; x_wconf 85' lang='grc' dir='ltr'>ἀνελεήμων</span> 
     </span>
    </p>
   </div>
   <div class='ocr_carea' id='block_1_36' title="bbox 1849 955 3413 1027">
    <p class='ocr_par' dir='ltr' id='par_1_36' title="bbox 1849 955 3413 1027">
     <span class='ocr_line' id='line_1_36' title="bbox 1849 955 3413 1027; baseline 0.002 -19"><span class='ocrx_word' id='word_1_254' title='bbox 1849 958 2398 1027; x_wconf 78' lang='grc' dir='ltr'>ἐφάνη.11ροσελθὼν</span> <span class='ocrx_word' id='word_1_255' title='bbox 2446 959 2503 1016; x_wconf 78' lang='grc' dir='ltr'>δὲ</span> <span class='ocrx_word' id='word_1_256' title='bbox 2548 958 2697 1026; x_wconf 81' lang='grc' dir='ltr'>αὐτῷ</span> <span class='ocrx_word' id='word_1_257' title='bbox 2747 960 2774 1010; x_wconf 90' lang='lat'><strong>6</strong></span> <span class='ocrx_word' id='word_1_258' title='bbox 2829 958 3000 1026; x_wconf 83' lang='grc' dir='ltr'>μέγας</span> <span class='ocrx_word' id='word_1_259' title='bbox 3051 955 3180 1018; x_wconf 79' lang='grc' dir='ltr'>δοὺξ</span> <span class='ocrx_word' id='word_1_260' title='bbox 3223 955 3251 1005; x_wconf 83' lang='grc' dir='ltr'><strong>ὁ</strong></span> <span class='ocrx_word' id='word_1_261' title='bbox 3307 955 3413 1018; x_wconf 69' lang='grc' dir='ltr'><strong>κὺρ</strong></span> 
     </span>
    </p>
   </div>
   <div class='ocr_carea' id='block_1_37' title="bbox 1848 1048 3413 1118">
    <p class='ocr_par' dir='ltr' id='par_1_37' title="bbox 1848 1048 3413 1118">
     <span class='ocr_line' id='line_1_37' title="bbox 1848 1048 3413 1118; baseline -0.004 -14"><span class='ocrx_word' id='word_1_262' title='bbox 1848 1053 2065 1113; x_wconf 83' lang='grc' dir='ltr'>Λουκᾶς</span> <span class='ocrx_word' id='word_1_263' title='bbox 2099 1053 2128 1104; x_wconf 89' lang='lat'><strong>6</strong></span> <span class='ocrx_word' id='word_1_264' title='bbox 2163 1053 2414 1118; x_wconf 78' lang='grc' dir='ltr'>Νοταρᾶς</span> <span class='ocrx_word' id='word_1_265' title='bbox 2447 1051 2856 1118; x_wconf 82' lang='grc' dir='ltr'>προσεκύνησεν</span> <span class='ocrx_word' id='word_1_266' title='bbox 2884 1053 3071 1113; x_wconf 82' lang='grc' dir='ltr'>αὐτὸν,</span> <span class='ocrx_word' id='word_1_267' title='bbox 3105 1049 3197 1101; x_wconf 76' lang='grc' dir='ltr'><strong>καὶ</strong></span> <span class='ocrx_word' id='word_1_268' title='bbox 3232 1048 3413 1111; x_wconf 77' lang='grc' dir='ltr'>δείξας</span> 
     </span>
    </p>
   </div>
   <div class='ocr_carea' id='block_1_38' title="bbox 1849 1141 3414 1214">
    <p class='ocr_par' dir='ltr' id='par_1_38' title="bbox 1849 1141 3414 1214">
     <span class='ocr_line' id='line_1_38' title="bbox 1849 1141 3414 1214; baseline -0.003 -18"><span class='ocrx_word' id='word_1_269' title='bbox 1849 1145 1998 1214; x_wconf 84' lang='grc' dir='ltr'>αὐτῷ</span> <span class='ocrx_word' id='word_1_270' title='bbox 2047 1145 2323 1213; x_wconf 75' lang='grc' dir='ltr'>θησαυρδν</span> <span class='ocrx_word' id='word_1_271' title='bbox 2381 1145 2548 1198; x_wconf 86' lang='grc' dir='ltr'>πολὺν</span> <span class='ocrx_word' id='word_1_272' title='bbox 2593 1143 2653 1196; x_wconf 76' lang='grc' dir='ltr'><strong>ὃν</strong></span> <span class='ocrx_word' id='word_1_273' title='bbox 2705 1141 2818 1212; x_wconf 60' lang='grc' dir='ltr'>εἶχε</span> <span class='ocrx_word' id='word_1_274' title='bbox 2885 1144 3284 1212; x_wconf 76' lang='grc' dir='ltr'>κεκρυμμένον,</span> <span class='ocrx_word' id='word_1_275' title='bbox 3322 1145 3414 1192; x_wconf 71' lang='grc' dir='ltr'><strong>καὶ</strong></span> 
     </span>
    </p>
   </div>
   <div class='ocr_carea' id='block_1_39' title="bbox 1849 1233 3414 1305">
    <p class='ocr_par' dir='ltr' id='par_1_39' title="bbox 1849 1233 3414 1305">
     <span class='ocr_line' id='line_1_39' title="bbox 1849 1233 3414 1305; baseline 0 -21"><span class='ocrx_word' id='word_1_276' title='bbox 1849 1235 2029 1298; x_wconf 83' lang='grc' dir='ltr'>λίθους</span> <span class='ocrx_word' id='word_1_277' title='bbox 2059 1237 2151 1287; x_wconf 73' lang='grc' dir='ltr'>καὶ</span> <span class='ocrx_word' id='word_1_278' title='bbox 2183 1235 2504 1304; x_wconf 86' lang='grc' dir='ltr'>μαργάρους</span> <span class='ocrx_word' id='word_1_279' title='bbox 2533 1236 2629 1288; x_wconf 79' lang='grc' dir='ltr'><strong>καὶ</strong></span> <span class='ocrx_word' id='word_1_280' title='bbox 2665 1236 2830 1305; x_wconf 72' lang='grc' dir='ltr'>ἕτερα</span> <span class='ocrx_word' id='word_1_281' title='bbox 2863 1236 3078 1302; x_wconf 70' lang='grc' dir='ltr'>λάφυρα</span> <span class='ocrx_word' id='word_1_282' title='bbox 3109 1235 3232 1297; x_wconf 64' lang='grc' dir='ltr'>ἄξια</span> <span class='ocrx_word' id='word_1_283' title='bbox 3262 1233 3414 1302; x_wconf 85' lang='grc' dir='ltr'>βασι-</span> 
     </span>
    </p>
   </div>
   <div class='ocr_carea' id='block_1_40' title="bbox 1849 1321 3410 1395">
    <p class='ocr_par' dir='ltr' id='par_1_40' title="bbox 1849 1321 3410 1395">
     <span class='ocr_line' id='line_1_40' title="bbox 1849 1321 3410 1395; baseline -0.003 -19"><span class='ocrx_word' id='word_1_284' title='bbox 1849 1326 2050 1388; x_wconf 79' lang='grc' dir='ltr'>λεῦσιν,</span> <span class='ocrx_word' id='word_1_285' title='bbox 2091 1324 2126 1378; x_wconf 77' lang='grc' dir='ltr'>ἃ</span> <span class='ocrx_word' id='word_1_286' title='bbox 2158 1324 2281 1378; x_wconf 88' lang='grc' dir='ltr'>ίδὼν</span> <span class='ocrx_word' id='word_1_287' title='bbox 2319 1326 2346 1376; x_wconf 89' lang='lat'><strong>6</strong></span> <span class='ocrx_word' id='word_1_288' title='bbox 2373 1325 2623 1395; x_wconf 78' lang='grc' dir='ltr'>Ἀμηρᾶς</span> <span class='ocrx_word' id='word_1_289' title='bbox 2653 1326 2750 1377; x_wconf 73' lang='grc' dir='ltr'><strong>καὶ</strong></span> <span class='ocrx_word' id='word_1_290' title='bbox 2787 1329 2937 1377; x_wconf 82' lang='grc' dir='ltr'>πᾶσα</span> <span class='ocrx_word' id='word_1_291' title='bbox 2969 1326 2999 1392; x_wconf 78' lang='grc' dir='ltr'>ἡ</span> <span class='ocrx_word' id='word_1_292' title='bbox 3033 1322 3194 1391; x_wconf 81' lang='grc' dir='ltr'>βουλὴ</span> <span class='ocrx_word' id='word_1_293' title='bbox 3245 1321 3410 1373; x_wconf 80' lang='grc' dir='ltr'>αὐτοῦ</span> 
     </span>
    </p>
   </div>
   <div class='ocr_carea' id='block_1_41' title="bbox 1848 1411 3415 1485">
    <p class='ocr_par' dir='ltr' id='par_1_41' title="bbox 1848 1411 3415 1485">
     <span class='ocr_line' id='line_1_41' title="bbox 1848 1411 3415 1485; baseline -0.004 -16"><span class='ocrx_word' id='word_1_294' title='bbox 1848 1416 2184 1485; x_wconf 75' lang='grc' dir='ltr'>ἐθαύμασαν.</span> <span class='ocrx_word' id='word_1_295' title='bbox 2218 1416 2276 1468; x_wconf 88' lang='grc' dir='ltr'><strong>Ὀ</strong></span> <span class='ocrx_word' id='word_1_296' title='bbox 2304 1417 2360 1468; x_wconf 82' lang='grc' dir='ltr'>δὲ</span> <span class='ocrx_word' id='word_1_297' title='bbox 2389 1417 2636 1482; x_wconf 82' lang='grc' dir='ltr'>Νοταρᾶς</span> <span class='ocrx_word' id='word_1_298' title='bbox 2666 1411 2787 1467; x_wconf 84' lang='grc' dir='ltr'>εἷπε</span> <span class='ocrx_word' id='word_1_299' title='bbox 2817 1415 2892 1481; x_wconf 81' lang='grc' dir='ltr'>τῷ</span> <span class='ocrx_word' id='word_1_300' title='bbox 2916 1413 3105 1482; x_wconf 74' lang='grc' dir='ltr'>ἀμηρᾷ</span> <span class='ocrx_word' id='word_1_301' title='bbox 3133 1429 3146 1442; x_wconf 79' lang='lat'>&#39;</span> <span class='ocrx_word' id='word_1_302' title='bbox 3179 1430 3198 1462; x_wconf 81' lang='grc' dir='ltr'><strong>ι</strong></span> <span class='ocrx_word' id='word_1_303' title='bbox 3230 1411 3415 1462; x_wconf 81' lang='grc' dir='ltr'>Ταῦτα</span> 
     </span>
    </p>
   </div>
   <div class='ocr_carea' id='block_1_42' title="bbox 1851 1502 3411 1576">
    <p class='ocr_par' dir='ltr' id='par_1_42' title="bbox 1851 1502 3411 1576">
     <span class='ocr_line' id='line_1_42' title="bbox 1851 1502 3411 1576; baseline -0.006 -17"><span class='ocrx_word' id='word_1_304' title='bbox 1851 1507 2026 1559; x_wconf 80' lang='grc' dir='ltr'>πάντα</span> <span class='ocrx_word' id='word_1_305' title='bbox 2059 1507 2358 1574; x_wconf 79' lang='grc' dir='ltr'>ἐφύλαττον</span> <span class='ocrx_word' id='word_1_306' title='bbox 2405 1508 2493 1560; x_wconf 86' lang='grc' dir='ltr'>διὰ</span> <span class='ocrx_word' id='word_1_307' title='bbox 2543 1509 2642 1576; x_wconf 87' lang='grc' dir='ltr'>τὴν</span> <span class='ocrx_word' id='word_1_308' title='bbox 2685 1505 2965 1575; x_wconf 80' lang='grc' dir='ltr'>βασιλείαν</span> <span class='ocrx_word' id='word_1_309' title='bbox 3019 1521 3134 1566; x_wconf 90' lang='grc' dir='ltr'>σου,</span> <span class='ocrx_word' id='word_1_310' title='bbox 3176 1503 3267 1554; x_wconf 80' lang='grc' dir='ltr'>καὶ</span> <span class='ocrx_word' id='word_1_311' title='bbox 3303 1502 3411 1554; x_wconf 72' lang='grc' dir='ltr'>ἰδοὺ</span> 
     </span>
    </p>
   </div>
   <div class='ocr_carea' id='block_1_43' title="bbox 1849 1592 3412 1669">
    <p class='ocr_par' dir='ltr' id='par_1_43' title="bbox 1849 1592 3412 1669">
     <span class='ocr_line' id='line_1_43' title="bbox 1849 1592 3412 1669; baseline -0.005 -18"><span class='ocrx_word' id='word_1_312' title='bbox 1849 1600 1916 1653; x_wconf 78' lang='grc' dir='ltr'>τὰ</span> <span class='ocrx_word' id='word_1_313' title='bbox 1948 1599 2042 1652; x_wconf 79' lang='grc' dir='ltr'><strong>νῦν</strong></span> <span class='ocrx_word' id='word_1_314' title='bbox 2069 1599 2371 1669; x_wconf 77' lang='grc' dir='ltr'>χαρίζομαι</span> <span class='ocrx_word' id='word_1_315' title='bbox 2401 1617 2482 1651; x_wconf 89' lang='grc' dir='ltr'>σοι</span> <span class='ocrx_word' id='word_1_316' title='bbox 2514 1599 2687 1669; x_wconf 86' lang='grc' dir='ltr'>δῶρον</span> <span class='ocrx_word' id='word_1_317' title='bbox 2712 1616 2726 1630; x_wconf 81' lang='grc'><em>’</em></span> <span class='ocrx_word' id='word_1_318' title='bbox 2767 1599 2864 1650; x_wconf 78' lang='grc' dir='ltr'><strong>καὶ</strong></span> <span class='ocrx_word' id='word_1_319' title='bbox 2892 1598 3105 1662; x_wconf 83' lang='grc' dir='ltr'>δέομαι,</span> <span class='ocrx_word' id='word_1_320' title='bbox 3141 1595 3290 1656; x_wconf 79' lang='grc' dir='ltr'>δέξαι</span> <span class='ocrx_word' id='word_1_321' title='bbox 3319 1592 3412 1644; x_wconf 80' lang='lat'><strong>106</strong></span> 
     </span>
    </p>
   </div>
   <div class='ocr_carea' id='block_1_44' title="bbox 1849 1685 3418 1759">
    <p class='ocr_par' dir='ltr' id='par_1_44' title="bbox 1849 1685 3418 1759">
     <span class='ocr_line' id='line_1_44' title="bbox 1849 1685 3418 1759; baseline -0.006 -15"><span class='ocrx_word' id='word_1_322' title='bbox 1849 1691 2034 1744; x_wconf 83' lang='grc' dir='ltr'>δούλου</span> <span class='ocrx_word' id='word_1_323' title='bbox 2089 1709 2184 1744; x_wconf 81' lang='grc' dir='ltr'><strong>σου</strong></span> <span class='ocrx_word' id='word_1_324' title='bbox 2231 1691 2331 1758; x_wconf 82' lang='grc' dir='ltr'>τὴν</span> <span class='ocrx_word' id='word_1_325' title='bbox 2364 1691 2547 1759; x_wconf 78' lang='grc' dir='ltr'>δέησιν</span> <span class='ocrx_word' id='word_1_326' title='bbox 2589 1692 2682 1742; x_wconf 80' lang='grc' dir='ltr'>καὶ</span> <span class='ocrx_word' id='word_1_327' title='bbox 2709 1688 3106 1758; x_wconf 83' lang='grc' dir='ltr'>παρακάλεσιν.</span> <span class='ocrx_word' id='word_1_328' title='bbox 3148 1705 3166 1736; x_wconf 71' lang='grc' dir='ltr'><strong>ι</strong></span> <span class='ocrx_word' id='word_1_329' title='bbox 3213 1685 3418 1736; x_wconf 69' lang='grc' dir='ltr'>Ἥὶπι-</span> 
     </span>
    </p>
   </div>
   <div class='ocr_carea' id='block_1_45' title="bbox 1850 1778 3416 1852">
    <p class='ocr_par' dir='ltr' id='par_1_45' title="bbox 1850 1778 3416 1852">
     <span class='ocr_line' id='line_1_45' title="bbox 1850 1778 3416 1852; baseline -0.003 -15"><span class='ocrx_word' id='word_1_330' title='bbox 1850 1787 1941 1850; x_wconf 77' lang='grc' dir='ltr'>ξεν</span> <span class='ocrx_word' id='word_1_331' title='bbox 1991 1785 2083 1838; x_wconf 64' lang='grc' dir='ltr'>οὖν</span> <span class='ocrx_word' id='word_1_332' title='bbox 2138 1778 2290 1848; x_wconf 74' lang='grc' dir='ltr'>οὗτος</span> <span class='ocrx_word' id='word_1_333' title='bbox 2343 1786 2412 1838; x_wconf 84' lang='grc' dir='ltr'>δι’</span> <span class='ocrx_word' id='word_1_334' title='bbox 2461 1786 2640 1838; x_wconf 85' lang='grc' dir='ltr'>αὐτῶν</span> <span class='ocrx_word' id='word_1_335' title='bbox 2694 1784 3009 1852; x_wconf 77' lang='grc' dir='ltr'>ἐλευθερίαν</span> <span class='ocrx_word' id='word_1_336' title='bbox 3052 1781 3214 1850; x_wconf 80' lang='grc' dir='ltr'>τύχαι</span> <span class='ocrx_word' id='word_1_337' title='bbox 3257 1778 3416 1847; x_wconf 75' lang='lat'><strong>292</strong></span> 
     </span>
    </p>
   </div>
   <div class='ocr_carea' id='block_1_46' title="bbox 1855 1873 3421 1947">
    <p class='ocr_par' dir='ltr' id='par_1_46' title="bbox 1855 1873 3421 1947">
     <span class='ocr_line' id='line_1_46' title="bbox 1855 1873 3421 1947; baseline -0.001 -18"><span class='ocrx_word' id='word_1_338' title='bbox 1855 1879 1992 1947; x_wconf 87' lang='grc' dir='ltr'>μετά</span> <span class='ocrx_word' id='word_1_339' title='bbox 2024 1879 2119 1932; x_wconf 82' lang='grc' dir='ltr'><strong>τοῦ</strong></span> <span class='ocrx_word' id='word_1_340' title='bbox 2146 1879 2296 1932; x_wconf 85' lang='grc' dir='ltr'>οῐκου</span> <span class='ocrx_word' id='word_1_341' title='bbox 2327 1878 2524 1931; x_wconf 71' lang='grc' dir='ltr'>αὐτοῦ’</span> <span class='ocrx_word' id='word_1_342' title='bbox 2558 1879 2922 1944; x_wconf 84' lang='grc' dir='ltr'>ἀπελογίσατο</span> <span class='ocrx_word' id='word_1_343' title='bbox 2953 1877 3003 1928; x_wconf 85' lang='grc' dir='ltr'>δὲ</span> <span class='ocrx_word' id='word_1_344' title='bbox 3050 1873 3200 1941; x_wconf 84' lang='grc' dir='ltr'>αύτῷ</span> <span class='ocrx_word' id='word_1_345' title='bbox 3249 1875 3277 1943; x_wconf 62' lang='grc' dir='ltr'><strong>ἐς</strong></span> <span class='ocrx_word' id='word_1_346' title='bbox 3318 1888 3421 1938; x_wconf 82' lang='grc' dir='ltr'>μη-</span> 
     </span>
    </p>
   </div>
   <div class='ocr_carea' id='block_1_47' title="bbox 1783 1949 3421 2037">
    <p class='ocr_par' dir='ltr' id='par_1_47' title="bbox 1783 1949 3421 2037">
     <span class='ocr_line' id='line_1_47' title="bbox 1783 1949 3421 2037; baseline -0.01 -8"><span class='ocrx_word' id='word_1_347' title='bbox 1783 1949 1822 2000; x_wconf 75' lang='grc' dir='ltr'><strong><em>Β</em></strong></span> <span class='ocrx_word' id='word_1_348' title='bbox 1851 1969 1949 2037; x_wconf 79' lang='grc' dir='ltr'>ρᾶς</span> <span class='ocrx_word' id='word_1_349' title='bbox 1980 1969 2069 2022; x_wconf 73' lang='grc' dir='ltr'><strong>καὶ</strong></span> <span class='ocrx_word' id='word_1_350' title='bbox 2117 1964 2270 2021; x_wconf 73' lang='grc' dir='ltr'>εἶπεν</span> <span class='ocrx_word' id='word_1_351' title='bbox 2297 1985 2311 2000; x_wconf 79' lang='grc' dir='ltr'><strong>ο</strong></span> <span class='ocrx_word' id='word_1_352' title='bbox 2349 1985 2368 2019; x_wconf 76' lang='grc' dir='ltr'><strong>ι</strong></span> <span class='ocrx_word' id='word_1_353' title='bbox 2402 1964 2472 2020; x_wconf 79' lang='grc' dir='ltr'><strong><em>Ὦ</em></strong></span> <span class='ocrx_word' id='word_1_354' title='bbox 2501 1969 2754 2035; x_wconf 80' lang='grc' dir='ltr'>ἠμικύων</span> <span class='ocrx_word' id='word_1_355' title='bbox 2788 1967 2879 2019; x_wconf 79' lang='grc' dir='ltr'><strong>καὶ</strong></span> <span class='ocrx_word' id='word_1_356' title='bbox 2909 1965 3244 2030; x_wconf 81' lang='grc' dir='ltr'>ὰπάνθρωπε</span> <span class='ocrx_word' id='word_1_357' title='bbox 3277 1963 3421 2030; x_wconf 58' lang='grc' dir='ltr'>ἀμηέ</span> 
     </span>
    </p>
   </div>
   <div class='ocr_carea' id='block_1_48' title="bbox 1850 2050 3421 2130">
    <p class='ocr_par' dir='ltr' id='par_1_48' title="bbox 1850 2050 3421 2130">
     <span class='ocr_line' id='line_1_48' title="bbox 1850 2050 3421 2130; baseline -0.006 -19"><span class='ocrx_word' id='word_1_358' title='bbox 1850 2061 2161 2130; x_wconf 79' lang='grc' dir='ltr'><strong>χανορῤἁφε</strong></span> <span class='ocrx_word' id='word_1_359' title='bbox 2204 2060 2297 2111; x_wconf 76' lang='grc' dir='ltr'><strong>καὶ</strong></span> <span class='ocrx_word' id='word_1_360' title='bbox 2347 2060 2680 2128; x_wconf 82' lang='grc' dir='ltr'>πολύτροπε,</span> <span class='ocrx_word' id='word_1_361' title='bbox 2710 2057 2965 2111; x_wconf 85' lang='grc' dir='ltr'>τοσοῦτον</span> <span class='ocrx_word' id='word_1_362' title='bbox 3001 2055 3229 2107; x_wconf 84' lang='grc' dir='ltr'>πλοῦτον</span> <span class='ocrx_word' id='word_1_363' title='bbox 3275 2050 3421 2121; x_wconf 81' lang='grc' dir='ltr'>εἶχες</span> 
     </span>
    </p>
   </div>
   <div class='ocr_carea' id='block_1_49' title="bbox 1851 2145 3422 2221">
    <p class='ocr_par' dir='ltr' id='par_1_49' title="bbox 1851 2145 3422 2221">
     <span class='ocr_line' id='line_1_49' title="bbox 1851 2145 3422 2221; baseline -0.005 -19"><span class='ocrx_word' id='word_1_364' title='bbox 1851 2153 1944 2204; x_wconf 74' lang='grc' dir='ltr'><strong>καὶ</strong></span> <span class='ocrx_word' id='word_1_365' title='bbox 1964 2153 2065 2203; x_wconf 83' lang='grc' dir='ltr'><strong>οὐκ</strong></span> <span class='ocrx_word' id='word_1_366' title='bbox 2093 2150 2399 2221; x_wconf 77' lang='grc' dir='ltr'>ἐϐοήθησας</span> <span class='ocrx_word' id='word_1_367' title='bbox 2436 2150 2513 2219; x_wconf 83' lang='grc' dir='ltr'>τῷ</span> <span class='ocrx_word' id='word_1_368' title='bbox 2548 2150 2762 2220; x_wconf 88' lang='grc' dir='ltr'>βασιλεῖ</span> <span class='ocrx_word' id='word_1_369' title='bbox 2803 2149 2880 2218; x_wconf 84' lang='grc' dir='ltr'>τῷ</span> <span class='ocrx_word' id='word_1_370' title='bbox 2919 2148 3154 2218; x_wconf 82' lang='grc' dir='ltr'>αὐθέντῃ</span> <span class='ocrx_word' id='word_1_371' title='bbox 3199 2162 3292 2198; x_wconf 82' lang='grc' dir='ltr'>σου</span> <span class='ocrx_word' id='word_1_372' title='bbox 3329 2145 3422 2195; x_wconf 70' lang='grc' dir='ltr'><strong>καὶ</strong></span> 
     </span>
    </p>
   </div>
   <div class='ocr_carea' id='block_1_50' title="bbox 1849 2241 3421 2314">
    <p class='ocr_par' dir='ltr' id='par_1_50' title="bbox 1849 2241 3421 2314">
     <span class='ocr_line' id='line_1_50' title="bbox 1849 2241 3421 2314; baseline -0.008 -17"><span class='ocrx_word' id='word_1_373' title='bbox 1849 2247 1914 2313; x_wconf 83' lang='grc' dir='ltr'>τῇ</span> <span class='ocrx_word' id='word_1_374' title='bbox 1955 2245 2104 2297; x_wconf 84' lang='grc' dir='ltr'>πόλει</span> <span class='ocrx_word' id='word_1_375' title='bbox 2149 2246 2216 2314; x_wconf 79' lang='grc' dir='ltr'>τῇ</span> <span class='ocrx_word' id='word_1_376' title='bbox 2267 2244 2489 2312; x_wconf 83' lang='grc' dir='ltr'>πατρίδι</span> <span class='ocrx_word' id='word_1_377' title='bbox 2541 2260 2673 2304; x_wconf 87' lang='grc' dir='ltr'>σου;</span> <span class='ocrx_word' id='word_1_378' title='bbox 2721 2241 2840 2295; x_wconf 83' lang='grc' dir='ltr'><strong>Νῦν</strong></span> <span class='ocrx_word' id='word_1_379' title='bbox 2874 2242 2930 2294; x_wconf 76' lang='grc' dir='ltr'>δὲ</span> <span class='ocrx_word' id='word_1_380' title='bbox 2981 2241 3121 2309; x_wconf 82' lang='grc' dir='ltr'>μετὰ</span> <span class='ocrx_word' id='word_1_381' title='bbox 3161 2241 3421 2291; x_wconf 80' lang='grc' dir='ltr'>τοιούτων</span> 
     </span>
    </p>
   </div>
   <div class='ocr_carea' id='block_1_51' title="bbox 1853 2332 3422 2406">
    <p class='ocr_par' dir='ltr' id='par_1_51' title="bbox 1853 2332 3422 2406">
     <span class='ocr_line' id='line_1_51' title="bbox 1853 2332 3422 2406; baseline -0.005 -16"><span class='ocrx_word' id='word_1_382' title='bbox 1853 2337 2128 2406; x_wconf 84' lang='grc' dir='ltr'>πονηριῶν</span> <span class='ocrx_word' id='word_1_383' title='bbox 2190 2338 2288 2390; x_wconf 75' lang='grc' dir='ltr'><strong>καὶ</strong></span> <span class='ocrx_word' id='word_1_384' title='bbox 2347 2337 2700 2406; x_wconf 84' lang='grc' dir='ltr'>πανουργιῶν</span> <span class='ocrx_word' id='word_1_385' title='bbox 2757 2337 2825 2398; x_wconf 76' lang='grc' dir='ltr'>ἃς</span> <span class='ocrx_word' id='word_1_386' title='bbox 2883 2332 3034 2398; x_wconf 75' lang='grc' dir='ltr'>οἶδας</span> <span class='ocrx_word' id='word_1_387' title='bbox 3097 2336 3271 2387; x_wconf 80' lang='grc' dir='ltr'>ποιεῖν</span> <span class='ocrx_word' id='word_1_388' title='bbox 3324 2332 3422 2384; x_wconf 71' lang='grc' dir='ltr'><strong>καὶ</strong></span> 
     </span>
    </p>
   </div>
   <div class='ocr_carea' id='block_1_52' title="bbox 1851 2425 3423 2500">
    <p class='ocr_par' dir='ltr' id='par_1_52' title="bbox 1851 2425 3423 2500">
     <span class='ocr_line' id='line_1_52' title="bbox 1851 2425 3423 2500; baseline -0.005 -18"><span class='ocrx_word' id='word_1_389' title='bbox 1851 2431 2113 2500; x_wconf 80' lang='grc' dir='ltr'>πράττειν</span> <span class='ocrx_word' id='word_1_390' title='bbox 2137 2432 2201 2482; x_wconf 81' lang='grc' dir='ltr'>ὲκ</span> <span class='ocrx_word' id='word_1_391' title='bbox 2229 2431 2510 2496; x_wconf 80' lang='grc' dir='ltr'>νεότητος,</span> <span class='ocrx_word' id='word_1_392' title='bbox 2545 2429 2711 2500; x_wconf 75' lang='grc' dir='ltr'>βούλῃ</span> <span class='ocrx_word' id='word_1_393' title='bbox 2740 2428 3099 2482; x_wconf 83' lang='grc' dir='ltr'>ὑποσκελίσαι</span> <span class='ocrx_word' id='word_1_394' title='bbox 3132 2425 3298 2492; x_wconf 74' lang='grc' dir='ltr'>κάμὲ,</span> <span class='ocrx_word' id='word_1_395' title='bbox 3327 2426 3423 2476; x_wconf 72' lang='grc' dir='ltr'><strong>καὶ</strong></span> 
     </span>
    </p>
   </div>
   <div class='ocr_carea' id='block_1_53' title="bbox 1851 2515 3422 2592">
    <p class='ocr_par' dir='ltr' id='par_1_53' title="bbox 1851 2515 3422 2592">
     <span class='ocr_line' id='line_1_53' title="bbox 1851 2515 3422 2592; baseline -0.006 -17"><span class='ocrx_word' id='word_1_396' title='bbox 1851 2525 2029 2592; x_wconf 82' lang='grc' dir='ltr'>φύγῃς</span> <span class='ocrx_word' id='word_1_397' title='bbox 2063 2523 2156 2574; x_wconf 82' lang='grc' dir='ltr'><strong>τοῦ</strong></span> <span class='ocrx_word' id='word_1_398' title='bbox 2207 2523 2514 2592; x_wconf 74' lang='grc' dir='ltr'>πρέποντος</span> <span class='ocrx_word' id='word_1_399' title='bbox 2549 2539 2632 2574; x_wconf 90' lang='grc' dir='ltr'>σοι</span> <span class='ocrx_word' id='word_1_400' title='bbox 2663 2539 2678 2587; x_wconf 86' lang='lat'><strong>;</strong></span> <span class='ocrx_word' id='word_1_401' title='bbox 2715 2522 2850 2575; x_wconf 74' lang='grc' dir='ltr'>Εἰπέ</span> <span class='ocrx_word' id='word_1_402' title='bbox 2894 2538 3004 2590; x_wconf 85' lang='grc' dir='ltr'>μοι,</span> <span class='ocrx_word' id='word_1_403' title='bbox 3035 2515 3079 2571; x_wconf 79' lang='grc' dir='ltr'>ὧ</span> <span class='ocrx_word' id='word_1_404' title='bbox 3116 2518 3307 2586; x_wconf 76' lang='grc' dir='ltr'>ἀσεϐῆ,</span> <span class='ocrx_word' id='word_1_405' title='bbox 3339 2517 3422 2577; x_wconf 76' lang='grc' dir='ltr'><strong>τίς</strong></span> 
     </span>
    </p>
   </div>
   <div class='ocr_carea' id='block_1_54' title="bbox 1850 2609 3424 2683">
    <p class='ocr_par' dir='ltr' id='par_1_54' title="bbox 1850 2609 3424 2683">
     <span class='ocr_line' id='line_1_54' title="bbox 1850 2609 3424 2683; baseline -0.005 -17"><span class='ocrx_word' id='word_1_406' title='bbox 1850 2616 1878 2666; x_wconf 97' lang='lat'><strong>6</strong></span> <span class='ocrx_word' id='word_1_407' title='bbox 1909 2609 2144 2683; x_wconf 69' lang='grc' dir='ltr'>χαρίσας</span> <span class='ocrx_word' id='word_1_408' title='bbox 2187 2631 2278 2682; x_wconf 88' lang='grc' dir='ltr'><strong>μοι</strong></span> <span class='ocrx_word' id='word_1_409' title='bbox 2319 2616 2408 2668; x_wconf 73' lang='grc' dir='ltr'>τὸν</span> <span class='ocrx_word' id='word_1_410' title='bbox 2461 2614 2689 2668; x_wconf 84' lang='grc' dir='ltr'>πλοῦτον</span> <span class='ocrx_word' id='word_1_411' title='bbox 2724 2615 2816 2666; x_wconf 78' lang='grc' dir='ltr'>τὸν</span> <span class='ocrx_word' id='word_1_412' title='bbox 2867 2613 2957 2665; x_wconf 69' lang='grc' dir='ltr'>σὺν</span> <span class='ocrx_word' id='word_1_413' title='bbox 3001 2612 3099 2664; x_wconf 72' lang='grc' dir='ltr'><strong>καὶ</strong></span> <span class='ocrx_word' id='word_1_414' title='bbox 3129 2611 3229 2680; x_wconf 80' lang='grc' dir='ltr'>τὴν</span> <span class='ocrx_word' id='word_1_415' title='bbox 3269 2610 3424 2661; x_wconf 74' lang='grc' dir='ltr'>πόλιν</span> 
     </span>
    </p>
   </div>
   <div class='ocr_carea' id='block_1_55' title="bbox 1851 2704 3420 2779">
    <p class='ocr_par' dir='ltr' id='par_1_55' title="bbox 1851 2704 3420 2779">
     <span class='ocr_line' id='line_1_55' title="bbox 1851 2704 3420 2779; baseline -0.004 -18"><span class='ocrx_word' id='word_1_416' title='bbox 1851 2710 2056 2778; x_wconf 65' lang='grc' dir='ltr'>ταύτην</span> <span class='ocrx_word' id='word_1_417' title='bbox 2087 2710 2168 2770; x_wconf 81' lang='grc' dir='ltr'><strong>είς</strong></span> <span class='ocrx_word' id='word_1_418' title='bbox 2199 2707 2389 2779; x_wconf 77' lang='grc' dir='ltr'>χεῖράς</span> <span class='ocrx_word' id='word_1_419' title='bbox 2441 2726 2582 2778; x_wconf 78' lang='grc' dir='ltr'>μους</span> <span class='ocrx_word' id='word_1_420' title='bbox 2623 2727 2640 2759; x_wconf 76' lang='grc' dir='ltr'><strong>ι</strong></span> <span class='ocrx_word' id='word_1_421' title='bbox 2690 2709 2851 2772; x_wconf 83' lang='grc' dir='ltr'>Λέγει</span> <span class='ocrx_word' id='word_1_422' title='bbox 2883 2704 3032 2774; x_wconf 84' lang='grc' dir='ltr'>αὐτῷ</span> <span class='ocrx_word' id='word_1_423' title='bbox 3061 2707 3089 2758; x_wconf 89' lang='lat'><strong>6</strong></span> <span class='ocrx_word' id='word_1_424' title='bbox 3129 2704 3379 2768; x_wconf 65' lang='lat' dir='ltr'><strong>Notapc‘i;</strong></span> <span class='ocrx_word' id='word_1_425' title='bbox 3408 2721 3420 2734; x_wconf 91' lang='grc'><strong>·</strong></span> 
     </span>
    </p>
   </div>
   <div class='ocr_carea' id='block_1_56' title="bbox 1855 2788 3424 2871">
    <p class='ocr_par' dir='ltr' id='par_1_56' title="bbox 1855 2788 3424 2871">
     <span class='ocr_line' id='line_1_56' title="bbox 1855 2788 3424 2871; baseline -0.004 -18"><span class='ocrx_word' id='word_1_426' title='bbox 1855 2818 1875 2853; x_wconf 76' lang='grc' dir='ltr'><strong>ι</strong></span> <span class='ocrx_word' id='word_1_427' title='bbox 1923 2800 1984 2854; x_wconf 85' lang='grc' dir='ltr'>Ὀ</span> <span class='ocrx_word' id='word_1_428' title='bbox 2016 2800 2170 2863; x_wconf 83' lang='grc' dir='ltr'><strong>Θεός.</strong></span> <span class='ocrx_word' id='word_1_429' title='bbox 2214 2818 2232 2851; x_wconf 75' lang='grc' dir='ltr'><strong>ι</strong></span> <span class='ocrx_word' id='word_1_430' title='bbox 2283 2788 2341 2854; x_wconf 85' lang='grc' dir='ltr'>Ὅ</span> <span class='ocrx_word' id='word_1_431' title='bbox 2370 2801 2428 2854; x_wconf 82' lang='grc' dir='ltr'>δὲ</span> <span class='ocrx_word' id='word_1_432' title='bbox 2467 2800 2717 2871; x_wconf 80' lang='grc' dir='ltr'>’Δμηρᾶς</span> <span class='ocrx_word' id='word_1_433' title='bbox 2743 2797 2897 2852; x_wconf 73' lang='grc' dir='ltr'>εἶπεν</span> <span class='ocrx_word' id='word_1_434' title='bbox 2928 2797 3078 2867; x_wconf 83' lang='grc' dir='ltr'>αὐτῷ</span> <span class='ocrx_word' id='word_1_435' title='bbox 3102 2812 3116 2827; x_wconf 89' lang='grc'><strong>·</strong></span> <span class='ocrx_word' id='word_1_436' title='bbox 3154 2815 3172 2847; x_wconf 81' lang='grc' dir='ltr'><strong>ι</strong></span> <span class='ocrx_word' id='word_1_437' title='bbox 3208 2796 3362 2848; x_wconf 77' lang='grc' dir='ltr'>Ἐπεὶ</span> <span class='ocrx_word' id='word_1_438' title='bbox 3397 2797 3424 2845; x_wconf 91' lang='lat'><strong>6</strong></span> 
     </span>
    </p>
   </div>
   <div class='ocr_carea' id='block_1_57' title="bbox 1849 2889 3424 2963">
    <p class='ocr_par' dir='ltr' id='par_1_57' title="bbox 1849 2889 3424 2963">
     <span class='ocr_line' id='line_1_57' title="bbox 1849 2889 3424 2963; baseline -0.005 -17"><span class='ocrx_word' id='word_1_439' title='bbox 1849 2894 1980 2956; x_wconf 69' lang='grc' dir='ltr'>Θεδς</span> <span class='ocrx_word' id='word_1_440' title='bbox 2026 2893 2202 2946; x_wconf 83' lang='grc' dir='ltr'>ταῦτά</span> <span class='ocrx_word' id='word_1_441' title='bbox 2253 2910 2344 2962; x_wconf 89' lang='grc' dir='ltr'><strong>μοι</strong></span> <span class='ocrx_word' id='word_1_442' title='bbox 2391 2893 2686 2963; x_wconf 78' lang='grc' dir='ltr'>ἐχαρίσατο</span> <span class='ocrx_word' id='word_1_443' title='bbox 2721 2895 2812 2946; x_wconf 72' lang='grc' dir='ltr'>καὶ</span> <span class='ocrx_word' id='word_1_444' title='bbox 2846 2894 2904 2944; x_wconf 84' lang='grc' dir='ltr'>σὲ</span> <span class='ocrx_word' id='word_1_445' title='bbox 2937 2892 3032 2946; x_wconf 75' lang='grc' dir='ltr'><strong>καὶ</strong></span> <span class='ocrx_word' id='word_1_446' title='bbox 3070 2893 3280 2952; x_wconf 73' lang='grc' dir='ltr'>πάντας</span> <span class='ocrx_word' id='word_1_447' title='bbox 3314 2889 3424 2942; x_wconf 71' lang='grc' dir='ltr'>ὑπὸ</span> 
     </span>
    </p>
   </div>
   <div class='ocr_carea' id='block_1_58' title="bbox 1848 2983 3421 3056">
    <p class='ocr_par' dir='ltr' id='par_1_58' title="bbox 1848 2983 3421 3056">
     <span class='ocr_line' id='line_1_58' title="bbox 1848 2983 3421 3056; baseline -0.003 -19"><span class='ocrx_word' id='word_1_448' title='bbox 1848 2987 1946 3041; x_wconf 76' lang='grc' dir='ltr'><strong>τὰς</strong></span> <span class='ocrx_word' id='word_1_449' title='bbox 1981 2986 2171 3056; x_wconf 81' lang='grc' dir='ltr'>χεῖράς</span> <span class='ocrx_word' id='word_1_450' title='bbox 2209 3004 2310 3055; x_wconf 92' lang='grc' dir='ltr'><strong>μου</strong></span> <span class='ocrx_word' id='word_1_451' title='bbox 2342 2987 2563 3050; x_wconf 86' lang='grc' dir='ltr'>δούλους</span> <span class='ocrx_word' id='word_1_452' title='bbox 2585 2987 2771 3050; x_wconf 80' lang='grc' dir='ltr'>ἕδωσε,</span> <span class='ocrx_word' id='word_1_453' title='bbox 2798 2987 2850 3039; x_wconf 84' lang='grc' dir='ltr'><strong>τί</strong></span> <span class='ocrx_word' id='word_1_454' title='bbox 2879 2987 2942 3038; x_wconf 81' lang='grc' dir='ltr'>σὺ</span> <span class='ocrx_word' id='word_1_455' title='bbox 2973 2985 3174 3050; x_wconf 83' lang='grc' dir='ltr'>λέγεις,</span> <span class='ocrx_word' id='word_1_456' title='bbox 3193 2983 3421 3051; x_wconf 70' lang='grc' dir='ltr'>πονηρὲ,</span> 
     </span>
    </p>
   </div>
   <div class='ocr_carea' id='block_1_59' title="bbox 1851 3075 3425 3148">
    <p class='ocr_par' dir='ltr' id='par_1_59' title="bbox 1851 3075 3425 3148">
     <span class='ocr_line' id='line_1_59' title="bbox 1851 3075 3425 3148; baseline -0.004 -17"><span class='ocrx_word' id='word_1_457' title='bbox 1851 3081 1945 3132; x_wconf 77' lang='grc' dir='ltr'><strong>καὶ</strong></span> <span class='ocrx_word' id='word_1_458' title='bbox 1972 3081 2266 3148; x_wconf 73' lang='grc' dir='ltr'>φλυαρείςς</span> <span class='ocrx_word' id='word_1_459' title='bbox 2294 3081 2418 3143; x_wconf 88' lang='grc' dir='ltr'>Πῶς</span> <span class='ocrx_word' id='word_1_460' title='bbox 2447 3080 2547 3133; x_wconf 85' lang='grc' dir='ltr'><strong>οὐκ</strong></span> <span class='ocrx_word' id='word_1_461' title='bbox 2587 3080 2836 3142; x_wconf 76' lang='grc' dir='ltr'>ἐστιιλάς</span> <span class='ocrx_word' id='word_1_462' title='bbox 2869 3096 2959 3147; x_wconf 91' lang='grc' dir='ltr'><strong>μοι</strong></span> <span class='ocrx_word' id='word_1_463' title='bbox 2992 3077 3131 3128; x_wconf 78' lang='grc' dir='ltr'>αὖτὰ</span> <span class='ocrx_word' id='word_1_464' title='bbox 3161 3078 3291 3145; x_wconf 64' lang='grc' dir='ltr'>πρὶν</span> <span class='ocrx_word' id='word_1_465' title='bbox 3326 3075 3425 3142; x_wconf 74' lang='grc' dir='ltr'><strong>τὴν</strong></span> 
     </span>
    </p>
   </div>
   <div class='ocr_carea' id='block_1_60' title="bbox 1855 3168 3422 3242">
    <p class='ocr_par' dir='ltr' id='par_1_60' title="bbox 1855 3168 3422 3242">
     <span class='ocr_line' id='line_1_60' title="bbox 1855 3168 3422 3242; baseline -0.005 -17"><span class='ocrx_word' id='word_1_466' title='bbox 1855 3172 2034 3240; x_wconf 82' lang='grc' dir='ltr'>μάχην</span> <span class='ocrx_word' id='word_1_467' title='bbox 2057 3173 2265 3242; x_wconf 83' lang='grc' dir='ltr'>κινήσω</span> <span class='ocrx_word' id='word_1_468' title='bbox 2292 3173 2416 3224; x_wconf 77' lang='grc' dir='ltr'>καθ’</span> <span class='ocrx_word' id='word_1_469' title='bbox 2449 3172 2603 3240; x_wconf 83' lang='grc' dir='ltr'>ὑμῶν</span> <span class='ocrx_word' id='word_1_470' title='bbox 2629 3171 2661 3239; x_wconf 83' lang='grc' dir='ltr'>ἢ</span> <span class='ocrx_word' id='word_1_471' title='bbox 2691 3171 2822 3240; x_wconf 77' lang='grc' dir='ltr'>πρὶν</span> <span class='ocrx_word' id='word_1_472' title='bbox 2856 3171 2955 3237; x_wconf 82' lang='grc' dir='ltr'>τὴν</span> <span class='ocrx_word' id='word_1_473' title='bbox 3011 3170 3163 3220; x_wconf 72' lang='grc' dir='ltr'>πόλιν</span> <span class='ocrx_word' id='word_1_474' title='bbox 3192 3168 3422 3234; x_wconf 85' lang='grc' dir='ltr'>νικήσω,</span> 
     </span>
    </p>
   </div>
   <div class='ocr_carea' id='block_1_61' title="bbox 176 3260 3424 3339">
    <p class='ocr_par' dir='ltr' id='par_1_61' title="bbox 176 3260 3424 3339">
     <span class='ocr_line' id='line_1_61' title="bbox 176 3260 3424 3339; baseline -0 -29"><span class='ocrx_word' id='word_1_475' title='bbox 176 3261 431 3328; x_wconf 77' lang='grc' dir='ltr'>ἀοιδίμου</span> <span class='ocrx_word' id='word_1_476' title='bbox 480 3265 537 3313; x_wconf 81' lang='grc' dir='ltr'><strong>ὲν</strong></span> <span class='ocrx_word' id='word_1_477' title='bbox 584 3262 864 3330; x_wconf 83' lang='grc' dir='ltr'>βασιλεῦσι</span> <span class='ocrx_word' id='word_1_478' title='bbox 891 3266 985 3316; x_wconf 71' lang='grc' dir='ltr'>καὶ</span> <span class='ocrx_word' id='word_1_479' title='bbox 1019 3266 1386 3333; x_wconf 85' lang='grc' dir='ltr'>γαληνοτάτου</span> <span class='ocrx_word' id='word_1_480' title='bbox 1419 3270 1509 3319; x_wconf 75' lang='grc' dir='ltr'><strong>καὶ</strong></span> <span class='ocrx_word' id='word_1_481' title='bbox 1539 3266 1750 3337; x_wconf 84' lang='grc' dir='ltr'>μάρτυ-</span> <span class='ocrx_word' id='word_1_482' title='bbox 1774 3277 1818 3339; x_wconf 79' lang='lat' dir='ltr'>C</span> <span class='ocrx_word' id='word_1_483' title='bbox 1853 3263 1938 3316; x_wconf 83' lang='grc' dir='ltr'>ἵνα</span> <span class='ocrx_word' id='word_1_484' title='bbox 1967 3264 2170 3331; x_wconf 68' lang='grc' dir='ltr'>ὀφείλω</span> <span class='ocrx_word' id='word_1_485' title='bbox 2205 3283 2288 3317; x_wconf 92' lang='grc' dir='ltr'>σοι</span> <span class='ocrx_word' id='word_1_486' title='bbox 2329 3266 2428 3335; x_wconf 78' lang='grc' dir='ltr'>τὴν</span> <span class='ocrx_word' id='word_1_487' title='bbox 2458 3266 2619 3334; x_wconf 84' lang='grc' dir='ltr'>χάριν</span> <span class='ocrx_word' id='word_1_488' title='bbox 2649 3266 2739 3316; x_wconf 77' lang='grc' dir='ltr'><strong>καὶ</strong></span> <span class='ocrx_word' id='word_1_489' title='bbox 2770 3265 2867 3331; x_wconf 84' lang='grc' dir='ltr'>τὴν</span> <span class='ocrx_word' id='word_1_490' title='bbox 2905 3262 3278 3330; x_wconf 55' lang='lat' dir='ltr'><strong>mmmam;</strong></span> <span class='ocrx_word' id='word_1_491' title='bbox 3311 3260 3424 3312; x_wconf 78' lang='grc' dir='ltr'><strong>Νῦν</strong></span> 
     </span>
    </p>
   </div>
   <div class='ocr_carea' id='block_1_62' title="bbox 180 3372 1750 3448">
    <p class='ocr_par' dir='ltr' id='par_1_62' title="bbox 180 3372 1750 3448">
     <span class='ocr_line' id='line_1_62' title="bbox 180 3372 1750 3448; baseline 0.006 -26"><span class='ocrx_word' id='word_1_492' title='bbox 180 3385 319 3423; x_wconf 89' lang='lat' dir='ltr'><strong>nere</strong></span> <span class='ocrx_word' id='word_1_493' title='bbox 381 3372 790 3440; x_wconf 71' lang='lat' dir='ltr'><strong>redundabant;</strong></span> <span class='ocrx_word' id='word_1_494' title='bbox 841 3375 1020 3431; x_wconf 90' lang='lat' dir='ltr'><strong>nullus</strong></span> <span class='ocrx_word' id='word_1_495' title='bbox 1054 3377 1203 3431; x_wconf 78' lang='lat' dir='ltr'><strong>ldcus</strong></span> <span class='ocrx_word' id='word_1_496' title='bbox 1252 3387 1388 3440; x_wconf 89' lang='lat' dir='ltr'><strong>erat,</strong></span> <span class='ocrx_word' id='word_1_497' title='bbox 1449 3393 1606 3448; x_wconf 87' lang='lat' dir='ltr'><strong>quem</strong></span> <span class='ocrx_word' id='word_1_498' title='bbox 1645 3395 1750 3433; x_wconf 93' lang='lat' dir='ltr'><strong>non</strong></span> 
     </span>
    </p>
   </div>
   <div class='ocr_carea' id='block_1_63' title="bbox 180 3466 1749 3537">
    <p class='ocr_par' dir='ltr' id='par_1_63' title="bbox 180 3466 1749 3537">
     <span class='ocr_line' id='line_1_63' title="bbox 180 3466 1749 3537; baseline 0.008 -24"><span class='ocrx_word' id='word_1_499' title='bbox 180 3469 566 3515; x_wconf 70' lang='lat' dir='ltr'><strong>scrutarentur</strong></span> <span class='ocrx_word' id='word_1_500' title='bbox 595 3472 648 3517; x_wconf 89' lang='lat' dir='ltr'><strong>et</strong></span> <span class='ocrx_word' id='word_1_501' title='bbox 676 3466 1002 3533; x_wconf 81' lang='lat' dir='ltr'><strong>expilarcnt.</strong></span> <span class='ocrx_word' id='word_1_502' title='bbox 1035 3466 1250 3523; x_wconf 91' lang='lat' dir='ltr'><strong>Christe</strong></span> <span class='ocrx_word' id='word_1_503' title='bbox 1310 3470 1444 3534; x_wconf 81' lang='lat' dir='ltr'><strong>Rex,</strong></span> <span class='ocrx_word' id='word_1_504' title='bbox 1510 3472 1577 3524; x_wconf 89' lang='lat' dir='ltr'><strong>ab</strong></span> <span class='ocrx_word' id='word_1_505' title='bbox 1637 3470 1749 3537; x_wconf 87' lang='lat' dir='ltr'><strong>illa,</strong></span> 
     </span>
    </p>
   </div>
   <div class='ocr_carea' id='block_1_64' title="bbox 182 3554 1754 3626">
    <p class='ocr_par' dir='ltr' id='par_1_64' title="bbox 182 3554 1754 3626">
     <span class='ocr_line' id='line_1_64' title="bbox 182 3554 1754 3626; baseline 0.01 -23"><span class='ocrx_word' id='word_1_506' title='bbox 182 3569 354 3619; x_wconf 83' lang='lat' dir='ltr'><strong>quam</strong></span> <span class='ocrx_word' id='word_1_507' title='bbox 390 3563 499 3607; x_wconf 90' lang='lat' dir='ltr'><strong>tum</strong></span> <span class='ocrx_word' id='word_1_508' title='bbox 539 3557 743 3624; x_wconf 79' lang='lat' dir='ltr'><strong>experti</strong></span> <span class='ocrx_word' id='word_1_509' title='bbox 807 3554 1019 3626; x_wconf 30' lang='lat' dir='ltr'><strong>sun-Ius,</strong></span> <span class='ocrx_word' id='word_1_510' title='bbox 1077 3562 1295 3614; x_wconf 87' lang='lat' dir='ltr'><strong>miseria</strong></span> <span class='ocrx_word' id='word_1_511' title='bbox 1333 3572 1387 3616; x_wconf 91' lang='lat' dir='ltr'><strong>et</strong></span> <span class='ocrx_word' id='word_1_512' title='bbox 1442 3563 1754 3619; x_wconf 88' lang='lat' dir='ltr'><strong>calamitate</strong></span> 
     </span>
    </p>
   </div>
   <div class='ocr_carea' id='block_1_65' title="bbox 184 3647 1751 3719">
    <p class='ocr_par' dir='ltr' id='par_1_65' title="bbox 184 3647 1751 3719">
     <span class='ocr_line' id='line_1_65' title="bbox 184 3647 1751 3719; baseline 0.007 -24"><span class='ocrx_word' id='word_1_513' title='bbox 184 3661 408 3698; x_wconf 71' lang='lat' dir='ltr'><strong>nuttnem</strong></span> <span class='ocrx_word' id='word_1_514' title='bbox 444 3647 632 3702; x_wconf 90' lang='lat' dir='ltr'><strong>urbem</strong></span> <span class='ocrx_word' id='word_1_515' title='bbox 662 3656 716 3701; x_wconf 93' lang='lat' dir='ltr'><strong>et</strong></span> <span class='ocrx_word' id='word_1_516' title='bbox 768 3659 991 3713; x_wconf 88' lang='lat' dir='ltr'><strong>terram,</strong></span> <span class='ocrx_word' id='word_1_517' title='bbox 1041 3668 1202 3719; x_wconf 87' lang='lat' dir='ltr'><strong>quam</strong></span> <span class='ocrx_word' id='word_1_518' title='bbox 1250 3651 1550 3706; x_wconf 77' lang='lat' dir='ltr'><strong>Christiani</strong></span> <span class='ocrx_word' id='word_1_519' title='bbox 1602 3655 1751 3707; x_wconf 82' lang='lat' dir='ltr'><strong>babi-</strong></span> 
     </span>
    </p>
   </div>
   <div class='ocr_carea' id='block_1_66' title="bbox 187 3731 1752 3806">
    <p class='ocr_par' dir='ltr' id='par_1_66' title="bbox 187 3731 1752 3806">
     <span class='ocr_line' id='line_1_66' title="bbox 187 3731 1752 3806; baseline 0.005 -16"><span class='ocrx_word' id='word_1_520' title='bbox 187 3747 326 3793; x_wconf 88' lang='lat' dir='ltr'><strong>tant.</strong></span> <span class='ocrx_word' id='word_1_521' title='bbox 369 3731 589 3793; x_wconf 71' lang='lat' dir='ltr'><strong>tueare.</strong></span> <span class='ocrx_word' id='word_1_522' title='bbox 635 3739 822 3796; x_wconf 77' lang='lat' dir='ltr'><strong>Nullos</strong></span> <span class='ocrx_word' id='word_1_523' title='bbox 870 3742 1073 3806; x_wconf 84' lang='lat' dir='ltr'><strong>hortos,</strong></span> <span class='ocrx_word' id='word_1_524' title='bbox 1135 3745 1276 3798; x_wconf 89' lang='lat' dir='ltr'><strong>nulla</strong></span> <span class='ocrx_word' id='word_1_525' title='bbox 1319 3745 1594 3799; x_wconf 87' lang='lat' dir='ltr'><strong>domicilia</strong></span> <span class='ocrx_word' id='word_1_526' title='bbox 1651 3761 1752 3798; x_wconf 88' lang='lat' dir='ltr'><strong>non</strong></span> 
     </span>
    </p>
   </div>
   <div class='ocr_carea' id='block_1_67' title="bbox 188 3830 1756 3905">
    <p class='ocr_par' dir='ltr' id='par_1_67' title="bbox 188 3830 1756 3905">
     <span class='ocr_line' id='line_1_67' title="bbox 188 3830 1756 3905; baseline 0.004 -24"><span class='ocrx_word' id='word_1_527' title='bbox 188 3830 581 3896; x_wconf 85' lang='lat' dir='ltr'><strong>perquirebant</strong></span> <span class='ocrx_word' id='word_1_528' title='bbox 614 3831 784 3900; x_wconf 85' lang='lat' dir='ltr'><strong>impii.</strong></span> <span class='ocrx_word' id='word_1_529' title='bbox 819 3841 878 3886; x_wconf 92' lang='lat' dir='ltr'><strong>ut</strong></span> <span class='ocrx_word' id='word_1_530' title='bbox 933 3835 1216 3900; x_wconf 74' lang='lat' dir='ltr'><strong>pecuniam</strong></span> <span class='ocrx_word' id='word_1_531' title='bbox 1276 3836 1512 3890; x_wconf 88' lang='lat' dir='ltr'><strong>abditam</strong></span> <span class='ocrx_word' id='word_1_532' title='bbox 1548 3839 1756 3905; x_wconf 85' lang='lat' dir='ltr'><strong>reperi-</strong></span> 
     </span>
    </p>
   </div>
   <div class='ocr_carea' id='block_1_68' title="bbox 190 3923 1756 3992">
    <p class='ocr_par' dir='ltr' id='par_1_68' title="bbox 190 3923 1756 3992">
     <span class='ocr_line' id='line_1_68' title="bbox 190 3923 1756 3992; baseline 0.008 -22"><span class='ocrx_word' id='word_1_533' title='bbox 190 3930 360 3971; x_wconf 80' lang='lat' dir='ltr'><strong>rent:</strong></span> <span class='ocrx_word' id='word_1_534' title='bbox 440 3935 504 3975; x_wconf 90' lang='lat' dir='ltr'><strong>ac</strong></span> <span class='ocrx_word' id='word_1_535' title='bbox 566 3923 820 3979; x_wconf 77' lang='lat' dir='ltr'><strong>maximis</strong></span> <span class='ocrx_word' id='word_1_536' title='bbox 884 3925 1123 3979; x_wconf 88' lang='lat' dir='ltr'><strong>inventis</strong></span> <span class='ocrx_word' id='word_1_537' title='bbox 1178 3927 1470 3992; x_wconf 84' lang='lat' dir='ltr'><strong>thesauris,</strong></span> <span class='ocrx_word' id='word_1_538' title='bbox 1528 3928 1756 3982; x_wconf 80' lang='lat' dir='ltr'><strong>vetustis</strong></span> 
     </span>
    </p>
   </div>
   <div class='ocr_carea' id='block_1_69' title="bbox 187 4010 1754 4086">
    <p class='ocr_par' dir='ltr' id='par_1_69' title="bbox 187 4010 1754 4086">
     <span class='ocr_line' id='line_1_69' title="bbox 187 4010 1754 4086; baseline 0.007 -25"><span class='ocrx_word' id='word_1_539' title='bbox 187 4019 246 4061; x_wconf 78' lang='lat' dir='ltr'><strong>et</strong></span> <span class='ocrx_word' id='word_1_540' title='bbox 317 4010 492 4076; x_wconf 86' lang='lat' dir='ltr'><strong>novis,</strong></span> <span class='ocrx_word' id='word_1_541' title='bbox 564 4023 729 4081; x_wconf 88' lang='lat' dir='ltr'><strong>atque</strong></span> <span class='ocrx_word' id='word_1_542' title='bbox 797 4013 921 4068; x_wconf 90' lang='lat' dir='ltr'><strong>aliis</strong></span> <span class='ocrx_word' id='word_1_543' title='bbox 999 4017 1160 4069; x_wconf 85' lang='lat' dir='ltr'><strong>rebus</strong></span> <span class='ocrx_word' id='word_1_544' title='bbox 1220 4016 1474 4085; x_wconf 86' lang='lat' dir='ltr'><strong>pretiosis</strong></span> <span class='ocrx_word' id='word_1_545' title='bbox 1549 4017 1754 4086; x_wconf 83' lang='lat' dir='ltr'><strong>impleti</strong></span> 
     </span>
    </p>
   </div>
   <div class='ocr_carea' id='block_1_70' title="bbox 187 4112 342 4156">
    <p class='ocr_par' dir='ltr' id='par_1_70' title="bbox 187 4112 342 4156">
     <span class='ocr_line' id='line_1_70' title="bbox 187 4112 342 4156; baseline -0.006 0"><span class='ocrx_word' id='word_1_546' title='bbox 187 4112 342 4156; x_wconf 79' lang='lat' dir='ltr'><strong>sunt.</strong></span> 
     </span>
    </p>
   </div>
   <div class='ocr_carea' id='block_1_71' title="bbox 263 4194 1754 4275">
    <p class='ocr_par' dir='ltr' id='par_1_71' title="bbox 263 4194 1754 4275">
     <span class='ocr_line' id='line_1_71' title="bbox 263 4194 1754 4275; baseline 0.01 -27"><span class='ocrx_word' id='word_1_547' title='bbox 263 4194 318 4248; x_wconf 90' lang='lat'><strong>9.</strong></span> <span class='ocrx_word' id='word_1_548' title='bbox 348 4196 512 4264; x_wconf 86' lang='lat' dir='ltr'><strong>Capta</strong></span> <span class='ocrx_word' id='word_1_549' title='bbox 569 4199 732 4265; x_wconf 77' lang='lat' dir='ltr'><strong>igitur</strong></span> <span class='ocrx_word' id='word_1_550' title='bbox 759 4200 914 4263; x_wconf 90' lang='lat' dir='ltr'><strong>urbe,</strong></span> <span class='ocrx_word' id='word_1_551' title='bbox 967 4203 1221 4269; x_wconf 82' lang='lat' dir='ltr'><strong>Ameras,</strong></span> <span class='ocrx_word' id='word_1_552' title='bbox 1265 4219 1384 4257; x_wconf 86' lang='lat' dir='ltr'><strong>eam</strong></span> <span class='ocrx_word' id='word_1_553' title='bbox 1450 4206 1754 4275; x_wconf 83' lang='lat' dir='ltr'><strong>ingressus,</strong></span> 
     </span>
    </p>
   </div>
   <div class='ocr_carea' id='block_1_72' title="bbox 184 4287 1756 4367">
    <p class='ocr_par' dir='ltr' id='par_1_72' title="bbox 184 4287 1756 4367">
     <span class='ocr_line' id='line_1_72' title="bbox 184 4287 1756 4367; baseline 0.01 -27"><span class='ocrx_word' id='word_1_554' title='bbox 184 4287 595 4342; x_wconf 76' lang='lat' dir='ltr'><strong>studiosissime</strong></span> <span class='ocrx_word' id='word_1_555' title='bbox 631 4290 699 4344; x_wconf 89' lang='lat' dir='ltr'><strong>de</strong></span> <span class='ocrx_word' id='word_1_556' title='bbox 748 4291 1078 4359; x_wconf 88' lang='lat' dir='ltr'><strong>imperatore</strong></span> <span class='ocrx_word' id='word_1_557' title='bbox 1133 4297 1432 4362; x_wconf 66' lang='lat' dir='ltr'><strong>quaerebat.</strong></span> <span class='ocrx_word' id='word_1_558' title='bbox 1467 4315 1566 4352; x_wconf 87' lang='lat' dir='ltr'><strong>nec</strong></span> <span class='ocrx_word' id='word_1_559' title='bbox 1593 4300 1756 4367; x_wconf 87' lang='lat' dir='ltr'><strong>quid-</strong></span> 
     </span>
    </p>
   </div>
   <div class='ocr_carea' id='block_1_73' title="bbox 179 4381 1758 4454">
    <p class='ocr_par' dir='ltr' id='par_1_73' title="bbox 179 4381 1758 4454">
     <span class='ocr_line' id='line_1_73' title="bbox 179 4381 1758 4454; baseline 0.01 -26"><span class='ocrx_word' id='word_1_560' title='bbox 179 4393 350 4442; x_wconf 84' lang='lat' dir='ltr'><strong>quam</strong></span> <span class='ocrx_word' id='word_1_561' title='bbox 379 4381 654 4447; x_wconf 83' lang='lat' dir='ltr'><strong>antiquius</strong></span> <span class='ocrx_word' id='word_1_562' title='bbox 676 4381 926 4448; x_wconf 85' lang='lat' dir='ltr'><strong>habebat,</strong></span> <span class='ocrx_word' id='word_1_563' title='bbox 952 4395 1115 4452; x_wconf 83' lang='lat' dir='ltr'><strong>quam</strong></span> <span class='ocrx_word' id='word_1_564' title='bbox 1144 4394 1201 4441; x_wconf 90' lang='lat' dir='ltr'><strong>ut</strong></span> <span class='ocrx_word' id='word_1_565' title='bbox 1224 4399 1592 4454; x_wconf 74' lang='lat' dir='ltr'><strong>cognosceret,</strong></span> <span class='ocrx_word' id='word_1_566' title='bbox 1613 4393 1758 4446; x_wconf 79' lang='lat' dir='ltr'><strong>vive-</strong></span> 
     </span>
    </p>
   </div>
   <div class='ocr_carea' id='block_1_74' title="bbox 180 4469 1758 4552">
    <p class='ocr_par' dir='ltr' id='par_1_74' title="bbox 180 4469 1758 4552">
     <span class='ocr_line' id='line_1_74' title="bbox 180 4469 1758 4552; baseline 0.012 -31"><span class='ocrx_word' id='word_1_567' title='bbox 180 4479 342 4522; x_wconf 76' lang='lat' dir='ltr'><strong>retne</strong></span> <span class='ocrx_word' id='word_1_568' title='bbox 369 4485 433 4522; x_wconf 89' lang='lat' dir='ltr'><strong>an</strong></span> <span class='ocrx_word' id='word_1_569' title='bbox 453 4469 749 4526; x_wconf 88' lang='lat' dir='ltr'><strong>interiisset</strong></span> <span class='ocrx_word' id='word_1_570' title='bbox 768 4474 1079 4541; x_wconf 87' lang='lat' dir='ltr'><strong>imperator.</strong></span> <span class='ocrx_word' id='word_1_571' title='bbox 1105 4477 1281 4545; x_wconf 86' lang='lat' dir='ltr'><strong>Atque</strong></span> <span class='ocrx_word' id='word_1_572' title='bbox 1298 4495 1421 4532; x_wconf 89' lang='lat' dir='ltr'><strong>eum</strong></span> <span class='ocrx_word' id='word_1_573' title='bbox 1443 4481 1530 4534; x_wconf 89' lang='lat' dir='ltr'><strong>alii</strong></span> <span class='ocrx_word' id='word_1_574' title='bbox 1557 4483 1758 4552; x_wconf 79' lang='lat' dir='ltr'><strong>fugisse</strong></span> 
     </span>
    </p>
   </div>
   <div class='ocr_carea' id='block_1_75' title="bbox 180 4551 1829 4659">
    <p class='ocr_par' dir='ltr' id='par_1_75' title="bbox 180 4551 1829 4659">
     <span class='ocr_line' id='line_1_75' title="bbox 180 4551 1829 4659; baseline 0.012 -48"><span class='ocrx_word' id='word_1_575' title='bbox 180 4564 214 4611; x_wconf 80' lang='lat' dir='ltr'><strong>tl</strong></span> <span class='ocrx_word' id='word_1_576' title='bbox 245 4560 461 4625; x_wconf 77' lang='lat' dir='ltr'><strong>rebant,</strong></span> <span class='ocrx_word' id='word_1_577' title='bbox 481 4551 567 4614; x_wconf 80' lang='lat' dir='ltr'><strong>alii</strong></span> <span class='ocrx_word' id='word_1_578' title='bbox 597 4562 648 4615; x_wconf 88' lang='lat' dir='ltr'><strong>in</strong></span> <span class='ocrx_word' id='word_1_579' title='bbox 671 4564 800 4616; x_wconf 82' lang='lat' dir='ltr'><strong>urbe</strong></span> <span class='ocrx_word' id='word_1_580' title='bbox 821 4566 1056 4629; x_wconf 81' lang='lat' dir='ltr'><strong>latitare,</strong></span> <span class='ocrx_word' id='word_1_581' title='bbox 1083 4568 1174 4620; x_wconf 86' lang='lat' dir='ltr'><strong>alii</strong></span> <span class='ocrx_word' id='word_1_582' title='bbox 1200 4571 1383 4636; x_wconf 67' lang='lat' dir='ltr'><strong>praelio</strong></span> <span class='ocrx_word' id='word_1_583' title='bbox 1406 4551 1750 4629; x_wconf 73' lang='lat' dir='ltr'><strong>occubuisse.</strong></span> <span class='ocrx_word' id='word_1_584' title='bbox 1789 4606 1829 4659; x_wconf 77' lang='grc' dir='ltr'><strong>υ</strong></span> 
     </span>
    </p>
   </div>
   <div class='ocr_carea' id='block_1_76' title="bbox 183 4655 1753 4726">
    <p class='ocr_par' dir='ltr' id='par_1_76' title="bbox 183 4655 1753 4726">
     <span class='ocr_line' id='line_1_76' title="bbox 183 4655 1753 4726; baseline 0.01 -22"><span class='ocrx_word' id='word_1_585' title='bbox 183 4655 380 4720; x_wconf 80' lang='lat' dir='ltr'><strong>Itaque</strong></span> <span class='ocrx_word' id='word_1_586' title='bbox 423 4663 480 4707; x_wconf 92' lang='lat' dir='ltr'><strong>ut</strong></span> <span class='ocrx_word' id='word_1_587' title='bbox 518 4669 630 4708; x_wconf 88' lang='lat' dir='ltr'><strong>rem</strong></span> <span class='ocrx_word' id='word_1_588' title='bbox 666 4666 815 4709; x_wconf 87' lang='lat' dir='ltr'><strong>certo</strong></span> <span class='ocrx_word' id='word_1_589' title='bbox 851 4670 1224 4726; x_wconf 80' lang='lat' dir='ltr'><strong>cognosceret,</strong></span> <span class='ocrx_word' id='word_1_590' title='bbox 1270 4662 1433 4722; x_wconf 82' lang='lat' dir='ltr'><strong>misit.</strong></span> <span class='ocrx_word' id='word_1_591' title='bbox 1482 4665 1568 4718; x_wconf 87' lang='lat' dir='ltr'><strong>ubi</strong></span> <span class='ocrx_word' id='word_1_592' title='bbox 1600 4667 1753 4719; x_wconf 87' lang='lat' dir='ltr'><strong>Chri-</strong></span> 
     </span>
    </p>
   </div>
   <div class='ocr_carea' id='block_1_77' title="bbox 181 4747 1756 4825">
    <p class='ocr_par' dir='ltr' id='par_1_77' title="bbox 181 4747 1756 4825">
     <span class='ocr_line' id='line_1_77' title="bbox 181 4747 1756 4825; baseline 0.007 -29"><span class='ocrx_word' id='word_1_593' title='bbox 181 4748 491 4799; x_wconf 69' lang='lat' dir='ltr'><strong>stianorum</strong></span> <span class='ocrx_word' id='word_1_594' title='bbox 546 4754 598 4800; x_wconf 84' lang='lat' dir='ltr'><strong>et</strong></span> <span class='ocrx_word' id='word_1_595' title='bbox 647 4747 936 4815; x_wconf 84' lang='lat' dir='ltr'><strong>impiorum</strong></span> <span class='ocrx_word' id='word_1_596' title='bbox 975 4753 1237 4806; x_wconf 79' lang='lat' dir='ltr'><strong>cadavera</strong></span> <span class='ocrx_word' id='word_1_597' title='bbox 1277 4757 1569 4809; x_wconf 76' lang='lat' dir='ltr'><strong>acervatim</strong></span> <span class='ocrx_word' id='word_1_598' title='bbox 1607 4755 1756 4825; x_wconf 76' lang='lat' dir='ltr'><strong>jace-</strong></span> 
     </span>
    </p>
   </div>
   <div class='ocr_carea' id='block_1_78' title="bbox 187 4837 1756 4911">
    <p class='ocr_par' dir='ltr' id='par_1_78' title="bbox 187 4837 1756 4911">
     <span class='ocr_line' id='line_1_78' title="bbox 187 4837 1756 4911; baseline 0.008 -22"><span class='ocrx_word' id='word_1_599' title='bbox 187 4843 344 4889; x_wconf 83' lang='lat' dir='ltr'><strong>bant.</strong></span> <span class='ocrx_word' id='word_1_600' title='bbox 379 4837 674 4890; x_wconf 82' lang='lat' dir='ltr'><strong>Abluerunt</strong></span> <span class='ocrx_word' id='word_1_601' title='bbox 711 4840 1016 4895; x_wconf 86' lang='lat' dir='ltr'><strong>occisorum</strong></span> <span class='ocrx_word' id='word_1_602' title='bbox 1048 4843 1220 4910; x_wconf 85' lang='lat' dir='ltr'><strong>capita</strong></span> <span class='ocrx_word' id='word_1_603' title='bbox 1257 4838 1506 4911; x_wconf 79' lang='lat' dir='ltr'><strong>pltirima,</strong></span> <span class='ocrx_word' id='word_1_604' title='bbox 1542 4847 1585 4901; x_wconf 89' lang='lat' dir='ltr'><strong>si</strong></span> <span class='ocrx_word' id='word_1_605' title='bbox 1619 4848 1756 4903; x_wconf 82' lang='lat' dir='ltr'><strong>forte</strong></span> 
     </span>
    </p>
   </div>
   <div class='ocr_carea' id='block_1_79' title="bbox 191 4928 1754 5002">
    <p class='ocr_par' dir='ltr' id='par_1_79' title="bbox 191 4928 1754 5002">
     <span class='ocr_line' id='line_1_79' title="bbox 191 4928 1754 5002; baseline 0.008 -23"><span class='ocrx_word' id='word_1_606' title='bbox 191 4928 543 4992; x_wconf 71' lang='lat' dir='ltr'><strong>imperatoris</strong></span> <span class='ocrx_word' id='word_1_607' title='bbox 587 4939 979 4996; x_wconf 72' lang='lat' dir='ltr'><strong>agnoscerent.</strong></span> <span class='ocrx_word' id='word_1_608' title='bbox 1048 4931 1163 4985; x_wconf 86' lang='lat' dir='ltr'><strong>Non</strong></span> <span class='ocrx_word' id='word_1_609' title='bbox 1226 4945 1473 5001; x_wconf 84' lang='lat' dir='ltr'><strong>poterant</strong></span> <span class='ocrx_word' id='word_1_610' title='bbox 1536 4947 1754 5002; x_wconf 86' lang='lat' dir='ltr'><strong>autem,</strong></span> 
     </span>
    </p>
   </div>
   <div class='ocr_carea' id='block_1_80' title="bbox 183 5020 1755 5095">
    <p class='ocr_par' dir='ltr' id='par_1_80' title="bbox 183 5020 1755 5095">
     <span class='ocr_line' id='line_1_80' title="bbox 183 5020 1755 5095; baseline 0.009 -23"><span class='ocrx_word' id='word_1_611' title='bbox 183 5020 285 5072; x_wconf 71' lang='lat' dir='ltr'><strong>sed</strong></span> <span class='ocrx_word' id='word_1_612' title='bbox 330 5021 608 5072; x_wconf 87' lang='lat' dir='ltr'><strong>inventum</strong></span> <span class='ocrx_word' id='word_1_613' title='bbox 650 5020 992 5088; x_wconf 82' lang='lat' dir='ltr'><strong>imperatoris</strong></span> <span class='ocrx_word' id='word_1_614' title='bbox 1025 5025 1258 5077; x_wconf 82' lang='lat' dir='ltr'><strong>cadaver</strong></span> <span class='ocrx_word' id='word_1_615' title='bbox 1293 5041 1356 5079; x_wconf 81' lang='lat' dir='ltr'><strong>ex</strong></span> <span class='ocrx_word' id='word_1_616' title='bbox 1393 5027 1755 5095; x_wconf 87' lang='lat' dir='ltr'><strong>imperatoriis</strong></span> 
     </span>
    </p>
   </div>
   <div class='ocr_carea' id='block_1_81' title="bbox 184 5112 1757 5185">
    <p class='ocr_par' dir='ltr' id='par_1_81' title="bbox 184 5112 1757 5185">
     <span class='ocr_line' id='line_1_81' title="bbox 184 5112 1757 5185; baseline 0.009 -23"><span class='ocrx_word' id='word_1_617' title='bbox 184 5112 373 5164; x_wconf 68' lang='lat' dir='ltr'><strong>ocreis</strong></span> <span class='ocrx_word' id='word_1_618' title='bbox 407 5120 458 5164; x_wconf 84' lang='lat' dir='ltr'><strong>et</strong></span> <span class='ocrx_word' id='word_1_619' title='bbox 489 5113 873 5166; x_wconf 79' lang='lat' dir='ltr'><strong>calceamentis</strong></span> <span class='ocrx_word' id='word_1_620' title='bbox 903 5125 1257 5181; x_wconf 84' lang='lat' dir='ltr'><strong>agnoverunt,</strong></span> <span class='ocrx_word' id='word_1_621' title='bbox 1282 5117 1331 5168; x_wconf 93' lang='lat' dir='ltr'><strong>in</strong></span> <span class='ocrx_word' id='word_1_622' title='bbox 1361 5118 1557 5185; x_wconf 86' lang='lat' dir='ltr'><strong>quibus</strong></span> <span class='ocrx_word' id='word_1_623' title='bbox 1583 5138 1757 5176; x_wconf 55' lang='lat' dir='ltr'><strong>aureae</strong></span> 
     </span>
    </p>
   </div>
   <div class='ocr_carea' id='block_1_82' title="bbox 193 5202 1752 5280">
    <p class='ocr_par' dir='ltr' id='par_1_82' title="bbox 193 5202 1752 5280">
     <span class='ocr_line' id='line_1_82' title="bbox 193 5202 1752 5280; baseline 0.01 -29"><span class='ocrx_word' id='word_1_624' title='bbox 193 5202 395 5269; x_wconf 66' lang='lat' dir='ltr'><strong>aquila:</strong></span> <span class='ocrx_word' id='word_1_625' title='bbox 424 5202 648 5270; x_wconf 74' lang='lat' dir='ltr'><strong>depicta:</strong></span> <span class='ocrx_word' id='word_1_626' title='bbox 678 5214 882 5268; x_wconf 83' lang='lat' dir='ltr'><strong>essent,</strong></span> <span class='ocrx_word' id='word_1_627' title='bbox 919 5213 976 5258; x_wconf 90' lang='lat' dir='ltr'><strong>ut</strong></span> <span class='ocrx_word' id='word_1_628' title='bbox 1007 5222 1124 5260; x_wconf 90' lang='lat' dir='ltr'><strong>mos</strong></span> <span class='ocrx_word' id='word_1_629' title='bbox 1161 5218 1278 5260; x_wconf 87' lang='lat' dir='ltr'><strong>erat</strong></span> <span class='ocrx_word' id='word_1_630' title='bbox 1317 5209 1752 5280; x_wconf 87' lang='lat' dir='ltr'><strong>imperatoribus.</strong></span> 
     </span>
    </p>
   </div>
   <div class='ocr_carea' id='block_1_83' title="bbox 196 5295 1754 5372">
    <p class='ocr_par' dir='ltr' id='par_1_83' title="bbox 196 5295 1754 5372">
     <span class='ocr_line' id='line_1_83' title="bbox 196 5295 1754 5372; baseline 0.008 -26"><span class='ocrx_word' id='word_1_631' title='bbox 196 5295 374 5362; x_wconf 76' lang='lat' dir='ltr'><strong>Hujus</strong></span> <span class='ocrx_word' id='word_1_632' title='bbox 401 5296 474 5349; x_wconf 89' lang='lat' dir='ltr'><strong>rei</strong></span> <span class='ocrx_word' id='word_1_633' title='bbox 504 5297 700 5350; x_wconf 82' lang='lat' dir='ltr'><strong>Certior</strong></span> <span class='ocrx_word' id='word_1_634' title='bbox 730 5297 906 5351; x_wconf 80' lang='lat' dir='ltr'><strong>factus</strong></span> <span class='ocrx_word' id='word_1_635' title='bbox 936 5300 1181 5364; x_wconf 84' lang='lat' dir='ltr'><strong>Atneras,</strong></span> <span class='ocrx_word' id='word_1_636' title='bbox 1217 5318 1559 5372; x_wconf 86' lang='lat' dir='ltr'><strong>summopere</strong></span> <span class='ocrx_word' id='word_1_637' title='bbox 1605 5307 1754 5372; x_wconf 81' lang='lat' dir='ltr'><strong>gavi-</strong></span> 
     </span>
    </p>
   </div>
   <div class='ocr_carea' id='block_1_84' title="bbox 191 5385 1755 5456">
    <p class='ocr_par' dir='ltr' id='par_1_84' title="bbox 191 5385 1755 5456">
     <span class='ocr_line' id='line_1_84' title="bbox 191 5385 1755 5456; baseline 0.009 -20"><span class='ocrx_word' id='word_1_638' title='bbox 191 5400 291 5437; x_wconf 62' lang='lat' dir='ltr'><strong>sus</strong></span> <span class='ocrx_word' id='word_1_639' title='bbox 319 5391 372 5437; x_wconf 90' lang='lat' dir='ltr'><strong>et</strong></span> <span class='ocrx_word' id='word_1_640' title='bbox 399 5385 727 5441; x_wconf 78' lang='lat' dir='ltr'><strong>exhilaratus</strong></span> <span class='ocrx_word' id='word_1_641' title='bbox 785 5395 886 5449; x_wconf 85' lang='lat' dir='ltr'><strong>est,</strong></span> <span class='ocrx_word' id='word_1_642' title='bbox 918 5399 971 5442; x_wconf 89' lang='lat' dir='ltr'><strong>et</strong></span> <span class='ocrx_word' id='word_1_643' title='bbox 1028 5390 1118 5456; x_wconf 90' lang='lat' dir='ltr'><strong>qui</strong></span> <span class='ocrx_word' id='word_1_644' title='bbox 1192 5390 1420 5446; x_wconf 87' lang='lat' dir='ltr'><strong>aderant</strong></span> <span class='ocrx_word' id='word_1_645' title='bbox 1465 5393 1755 5449; x_wconf 87' lang='lat' dir='ltr'><strong>Christiani</strong></span> 
     </span>
    </p>
   </div>
   <div class='ocr_carea' id='block_1_85' title="bbox 181 5475 1756 5552">
    <p class='ocr_par' dir='ltr' id='par_1_85' title="bbox 181 5475 1756 5552">
     <span class='ocr_line' id='line_1_85' title="bbox 181 5475 1756 5552; baseline 0.006 -26"><span class='ocrx_word' id='word_1_646' title='bbox 181 5476 345 5540; x_wconf 87' lang='lat' dir='ltr'><strong>jussu</strong></span> <span class='ocrx_word' id='word_1_647' title='bbox 378 5475 494 5538; x_wconf 74' lang='lat' dir='ltr'><strong>ejus</strong></span> <span class='ocrx_word' id='word_1_648' title='bbox 518 5477 918 5543; x_wconf 85' lang='lat' dir='ltr'><strong>imperatorium</strong></span> <span class='ocrx_word' id='word_1_649' title='bbox 938 5481 1166 5533; x_wconf 89' lang='lat' dir='ltr'><strong>cadaver</strong></span> <span class='ocrx_word' id='word_1_650' title='bbox 1189 5481 1389 5535; x_wconf 82' lang='lat' dir='ltr'><strong>honore</strong></span> <span class='ocrx_word' id='word_1_651' title='bbox 1419 5483 1756 5552; x_wconf 83' lang='lat' dir='ltr'><strong>imperatori-</strong></span> 
     </span>
    </p>
   </div>
   <div class='ocr_carea' id='block_1_86' title="bbox 189 5554 1750 5640">
    <p class='ocr_par' dir='ltr' id='par_1_86' title="bbox 189 5554 1750 5640">
     <span class='ocr_line' id='line_1_86' title="bbox 189 5554 1750 5640; baseline 0.005 -22"><span class='ocrx_word' id='word_1_652' title='bbox 189 5567 298 5618; x_wconf 69' lang='lat' dir='ltr'><strong>bus</strong></span> <span class='ocrx_word' id='word_1_653' title='bbox 331 5554 566 5632; x_wconf 85' lang='lat' dir='ltr'><strong>legitimo</strong></span> <span class='ocrx_word' id='word_1_654' title='bbox 590 5567 975 5631; x_wconf 81' lang='lat' dir='ltr'><strong>sepeliverunt.</strong></span> <span class='ocrx_word' id='word_1_655' title='bbox 1017 5569 1104 5623; x_wconf 75' lang='lat' dir='ltr'><strong>Va:</strong></span> <span class='ocrx_word' id='word_1_656' title='bbox 1141 5571 1270 5622; x_wconf 91' lang='lat' dir='ltr'><strong>mihi</strong></span> <span class='ocrx_word' id='word_1_657' title='bbox 1300 5587 1534 5638; x_wconf 86' lang='lat' dir='ltr'><strong>quoque.</strong></span> <span class='ocrx_word' id='word_1_658' title='bbox 1589 5588 1750 5640; x_wconf 86' lang='lat' dir='ltr'><strong>quem</strong></span> 
     </span>
    </p>
   </div>
   <div class='ocr_carea' id='block_1_87' title="bbox 181 5657 1758 5725">
    <p class='ocr_par' dir='ltr' id='par_1_87' title="bbox 181 5657 1758 5725">
     <span class='ocr_line' id='line_1_87' title="bbox 181 5657 1758 5725; baseline 0.007 -22"><span class='ocrx_word' id='word_1_659' title='bbox 181 5663 562 5721; x_wconf 67' lang='lat' dir='ltr'><strong>q-totempore</strong></span> <span class='ocrx_word' id='word_1_660' title='bbox 589 5657 824 5723; x_wconf 71' lang='lat' dir='ltr'><strong>servavit</strong></span> <span class='ocrx_word' id='word_1_661' title='bbox 849 5658 1028 5710; x_wconf 91' lang='lat' dir='ltr'><strong>divina</strong></span> <span class='ocrx_word' id='word_1_662' title='bbox 1078 5659 1410 5725; x_wconf 82' lang='lat' dir='ltr'><strong>providentia</strong></span> <span class='ocrx_word' id='word_1_663' title='bbox 1442 5661 1454 5713; x_wconf 75' lang='grc' dir='ltr'>ἰ</span> <span class='ocrx_word' id='word_1_664' title='bbox 1495 5659 1637 5715; x_wconf 80' lang='lat' dir='ltr'><strong>Vixit</strong></span> <span class='ocrx_word' id='word_1_665' title='bbox 1671 5677 1758 5714; x_wconf 88' lang='lat' dir='ltr'><strong>ve-</strong></span> 
     </span>
    </p>
   </div>
   <div class='ocr_carea' id='block_1_88' title="bbox 189 5745 1752 5819">
    <p class='ocr_par' dir='ltr' id='par_1_88' title="bbox 189 5745 1752 5819">
     <span class='ocr_line' id='line_1_88' title="bbox 189 5745 1752 5819; baseline 0.009 -26"><span class='ocrx_word' id='word_1_666' title='bbox 189 5745 468 5798; x_wconf 67' lang='lat' dir='ltr'><strong>nerandus</strong></span> <span class='ocrx_word' id='word_1_667' title='bbox 525 5746 611 5799; x_wconf 85' lang='lat' dir='ltr'><strong>hic</strong></span> <span class='ocrx_word' id='word_1_668' title='bbox 661 5757 713 5800; x_wconf 87' lang='lat' dir='ltr'><strong>et</strong></span> <span class='ocrx_word' id='word_1_669' title='bbox 791 5747 1192 5816; x_wconf 84' lang='lat' dir='ltr'><strong>placidissimus</strong></span> <span class='ocrx_word' id='word_1_670' title='bbox 1251 5751 1569 5819; x_wconf 84' lang='lat' dir='ltr'><strong>imperator,</strong></span> <span class='ocrx_word' id='word_1_671' title='bbox 1626 5755 1752 5808; x_wconf 88' lang='lat' dir='ltr'><strong>dum</strong></span> 
     </span>
    </p>
   </div>
   <div class='ocr_carea' id='block_1_89' title="bbox 185 5836 1754 5910">
    <p class='ocr_par' dir='ltr' id='par_1_89' title="bbox 185 5836 1754 5910">
     <span class='ocr_line' id='line_1_89' title="bbox 185 5836 1754 5910; baseline 0.009 -24"><span class='ocrx_word' id='word_1_672' title='bbox 185 5851 400 5905; x_wconf 64' lang='lat' dir='ltr'><strong>manyr</strong></span> <span class='ocrx_word' id='word_1_673' title='bbox 426 5836 579 5902; x_wconf 87' lang='lat' dir='ltr'><strong>obiit,</strong></span> <span class='ocrx_word' id='word_1_674' title='bbox 629 5855 800 5893; x_wconf 87' lang='lat' dir='ltr'><strong>annos</strong></span> <span class='ocrx_word' id='word_1_675' title='bbox 836 5840 1199 5910; x_wconf 80' lang='lat' dir='ltr'><strong>quadraginta</strong></span> <span class='ocrx_word' id='word_1_676' title='bbox 1270 5859 1484 5903; x_wconf 82' lang='lat' dir='ltr'><strong>novem.</strong></span> <span class='ocrx_word' id='word_1_677' title='bbox 1544 5862 1754 5900; x_wconf 82' lang='lat' dir='ltr'><strong>menses</strong></span> 
     </span>
    </p>
   </div>
   <div class='ocr_carea' id='block_1_90' title="bbox 189 5929 777 6000">
    <p class='ocr_par' dir='ltr' id='par_1_90' title="bbox 189 5929 777 6000">
     <span class='ocr_line' id='line_1_90' title="bbox 189 5929 777 6000; baseline 0.01 -22"><span class='ocrx_word' id='word_1_678' title='bbox 189 5938 304 5982; x_wconf 78' lang='lat' dir='ltr'><strong>tres</strong></span> <span class='ocrx_word' id='word_1_679' title='bbox 336 5935 388 5980; x_wconf 82' lang='lat' dir='ltr'><strong>et</strong></span> <span class='ocrx_word' id='word_1_680' title='bbox 411 5929 523 5983; x_wconf 72' lang='lat' dir='ltr'><strong>dfcs</strong></span> <span class='ocrx_word' id='word_1_681' title='bbox 566 5929 777 6000; x_wconf 70' lang='lat' dir='ltr'><strong>viginti.</strong></span> 
     </span>
    </p>
   </div>
   <div class='ocr_carea' id='block_1_91' title="bbox 1928 3375 3423 3446">
    <p class='ocr_par' dir='ltr' id='par_1_91' title="bbox 1928 3375 3423 3446">
     <span class='ocr_line' id='line_1_91' title="bbox 1928 3375 3423 3446; baseline 0 -18"><span class='ocrx_word' id='word_1_682' title='bbox 1928 3377 2152 3431; x_wconf 83' lang='lat' dir='ltr'><strong>Amet-as</strong></span> <span class='ocrx_word' id='word_1_683' title='bbox 2184 3393 2378 3446; x_wconf 79' lang='lat' dir='ltr'><strong>magna</strong></span> <span class='ocrx_word' id='word_1_684' title='bbox 2411 3378 2634 3432; x_wconf 86' lang='lat' dir='ltr'><strong>victoria</strong></span> <span class='ocrx_word' id='word_1_685' title='bbox 2673 3378 2850 3432; x_wconf 86' lang='lat' dir='ltr'><strong>elatus</strong></span> <span class='ocrx_word' id='word_1_686' title='bbox 2902 3385 2955 3430; x_wconf 84' lang='lat' dir='ltr'><strong>et</strong></span> <span class='ocrx_word' id='word_1_687' title='bbox 2991 3377 3136 3430; x_wconf 89' lang='lat' dir='ltr'><strong>inani</strong></span> <span class='ocrx_word' id='word_1_688' title='bbox 3189 3375 3423 3430; x_wconf 79' lang='lat' dir='ltr'><strong>tumefa-</strong></span> 
     </span>
    </p>
   </div>
   <div class='ocr_carea' id='block_1_92' title="bbox 1855 3469 3420 3538">
    <p class='ocr_par' dir='ltr' id='par_1_92' title="bbox 1855 3469 3420 3538">
     <span class='ocr_line' id='line_1_92' title="bbox 1855 3469 3420 3538; baseline -0.002 -16"><span class='ocrx_word' id='word_1_689' title='bbox 1855 3477 1974 3522; x_wconf 88' lang='lat' dir='ltr'><strong>ctus</strong></span> <span class='ocrx_word' id='word_1_690' title='bbox 2001 3469 2189 3538; x_wconf 82' lang='lat' dir='ltr'><strong>gloria,</strong></span> <span class='ocrx_word' id='word_1_691' title='bbox 2249 3470 2523 3524; x_wconf 88' lang='lat' dir='ltr'><strong>crudelem</strong></span> <span class='ocrx_word' id='word_1_692' title='bbox 2583 3485 2642 3523; x_wconf 91' lang='lat' dir='ltr'><strong>se</strong></span> <span class='ocrx_word' id='word_1_693' title='bbox 2699 3479 2753 3522; x_wconf 92' lang='lat' dir='ltr'><strong>et</strong></span> <span class='ocrx_word' id='word_1_694' title='bbox 2805 3470 3092 3522; x_wconf 75' lang='lat' dir='ltr'><strong>immanem</strong></span> <span class='ocrx_word' id='word_1_695' title='bbox 3153 3469 3420 3537; x_wconf 80' lang='lat' dir='ltr'><strong>pr:rstilit.</strong></span> 
     </span>
    </p>
   </div>
   <div class='ocr_carea' id='block_1_93' title="bbox 1855 3560 3421 3630">
    <p class='ocr_par' dir='ltr' id='par_1_93' title="bbox 1855 3560 3421 3630">
     <span class='ocr_line' id='line_1_93' title="bbox 1855 3560 3421 3630; baseline 0.001 -19"><span class='ocrx_word' id='word_1_696' title='bbox 1855 3560 2096 3615; x_wconf 82' lang='lat' dir='ltr'><strong>Accessit</strong></span> <span class='ocrx_word' id='word_1_697' title='bbox 2123 3562 2187 3615; x_wconf 88' lang='lat' dir='ltr'><strong>ad</strong></span> <span class='ocrx_word' id='word_1_698' title='bbox 2220 3577 2344 3615; x_wconf 91' lang='lat' dir='ltr'><strong>eum</strong></span> <span class='ocrx_word' id='word_1_699' title='bbox 2378 3561 2552 3617; x_wconf 88' lang='lat' dir='ltr'><strong>Lucas</strong></span> <span class='ocrx_word' id='word_1_700' title='bbox 2582 3561 2837 3625; x_wconf 82' lang='lat' dir='ltr'><strong>Notaras,</strong></span> <span class='ocrx_word' id='word_1_701' title='bbox 2891 3577 3116 3630; x_wconf 78' lang='lat' dir='ltr'><strong>magnus</strong></span> <span class='ocrx_word' id='word_1_702' title='bbox 3180 3562 3311 3626; x_wconf 80' lang='lat' dir='ltr'><strong>dux,</strong></span> <span class='ocrx_word' id='word_1_703' title='bbox 3350 3573 3421 3618; x_wconf 82' lang='lat' dir='ltr'><strong>et.</strong></span> 
     </span>
    </p>
   </div>
   <div class='ocr_carea' id='block_1_94' title="bbox 1856 3650 3424 3720">
    <p class='ocr_par' dir='ltr' id='par_1_94' title="bbox 1856 3650 3424 3720">
     <span class='ocr_line' id='line_1_94' title="bbox 1856 3650 3424 3720; baseline 0.001 -18"><span class='ocrx_word' id='word_1_704' title='bbox 1856 3650 2167 3705; x_wconf 87' lang='lat' dir='ltr'><strong>adoratione</strong></span> <span class='ocrx_word' id='word_1_705' title='bbox 2198 3652 2357 3714; x_wconf 76' lang='lat' dir='ltr'><strong>facta,</strong></span> <span class='ocrx_word' id='word_1_706' title='bbox 2389 3653 2664 3720; x_wconf 81' lang='lat' dir='ltr'><strong>ingentem</strong></span> <span class='ocrx_word' id='word_1_707' title='bbox 2704 3653 3046 3717; x_wconf 82' lang='lat' dir='ltr'><strong>thesaurum,</strong></span> <span class='ocrx_word' id='word_1_708' title='bbox 3107 3667 3266 3718; x_wconf 85' lang='lat' dir='ltr'><strong>quem</strong></span> <span class='ocrx_word' id='word_1_709' title='bbox 3304 3652 3424 3704; x_wconf 80' lang='lat' dir='ltr'><strong>abs-</strong></span> 
     </span>
    </p>
   </div>
   <div class='ocr_carea' id='block_1_95' title="bbox 1857 3722 3426 3812">
    <p class='ocr_par' dir='ltr' id='par_1_95' title="bbox 1857 3722 3426 3812">
     <span class='ocr_line' id='line_1_95' title="bbox 1857 3722 3426 3812; baseline 0.003 -20"><span class='ocrx_word' id='word_1_710' title='bbox 1857 3722 2134 3796; x_wconf 69' lang='lat' dir='ltr'><strong>cnndiinm</strong></span> <span class='ocrx_word' id='word_1_711' title='bbox 2191 3744 2441 3808; x_wconf 77' lang='lat' dir='ltr'><strong>habebat,</strong></span> <span class='ocrx_word' id='word_1_712' title='bbox 2496 3759 2738 3812; x_wconf 84' lang='lat' dir='ltr'><strong>gemmas</strong></span> <span class='ocrx_word' id='word_1_713' title='bbox 2797 3759 2958 3811; x_wconf 78' lang='lat' dir='ltr'><strong>pum)</strong></span> <span class='ocrx_word' id='word_1_714' title='bbox 3007 3752 3057 3795; x_wconf 84' lang='lat' dir='ltr'><strong>et</strong></span> <span class='ocrx_word' id='word_1_715' title='bbox 3106 3745 3426 3810; x_wconf 62' lang='lat' dir='ltr'><strong>margaritas</strong></span> 
     </span>
    </p>
   </div>
   <div class='ocr_carea' id='block_1_96' title="bbox 1857 3833 3423 3905">
    <p class='ocr_par' dir='ltr' id='par_1_96' title="bbox 1857 3833 3423 3905">
     <span class='ocr_line' id='line_1_96' title="bbox 1857 3833 3423 3905; baseline 0 -18"><span class='ocrx_word' id='word_1_716' title='bbox 1857 3833 2127 3902; x_wconf 87' lang='lat' dir='ltr'><strong>aliamque</strong></span> <span class='ocrx_word' id='word_1_717' title='bbox 2165 3850 2350 3903; x_wconf 84' lang='lat' dir='ltr'><strong>gazam</strong></span> <span class='ocrx_word' id='word_1_718' title='bbox 2398 3836 2616 3905; x_wconf 89' lang='lat' dir='ltr'><strong>regibus</strong></span> <span class='ocrx_word' id='word_1_719' title='bbox 2671 3837 2888 3904; x_wconf 81' lang='lat' dir='ltr'><strong>dignam</strong></span> <span class='ocrx_word' id='word_1_720' title='bbox 2947 3837 2994 3888; x_wconf 77' lang='lat' dir='ltr'><strong>ei</strong></span> <span class='ocrx_word' id='word_1_721' title='bbox 3058 3835 3423 3898; x_wconf 82' lang='lat' dir='ltr'><strong>monstravit;</strong></span> 
     </span>
    </p>
   </div>
   <div class='ocr_carea' id='block_1_97' title="bbox 1857 3930 3423 3997">
    <p class='ocr_par' dir='ltr' id='par_1_97' title="bbox 1857 3930 3423 3997">
     <span class='ocr_line' id='line_1_97' title="bbox 1857 3930 3423 3997; baseline 0.001 -19"><span class='ocrx_word' id='word_1_722' title='bbox 1857 3941 2088 3997; x_wconf 81' lang='lat' dir='ltr'><strong>quorum</strong></span> <span class='ocrx_word' id='word_1_723' title='bbox 2144 3936 2364 3994; x_wconf 89' lang='lat' dir='ltr'><strong>aspectu</strong></span> <span class='ocrx_word' id='word_1_724' title='bbox 2405 3930 2632 3982; x_wconf 81' lang='lat' dir='ltr'><strong>Ameras</strong></span> <span class='ocrx_word' id='word_1_725' title='bbox 2693 3944 2814 3982; x_wconf 91' lang='lat' dir='ltr'><strong>cum</strong></span> <span class='ocrx_word' id='word_1_726' title='bbox 2856 3930 3108 3982; x_wconf 88' lang='lat' dir='ltr'><strong>universo</strong></span> <span class='ocrx_word' id='word_1_727' title='bbox 3165 3930 3423 3982; x_wconf 80' lang='lat' dir='ltr'><strong>comitatu</strong></span> 
     </span>
    </p>
   </div>
   <div class='ocr_carea' id='block_1_98' title="bbox 1857 4015 3421 4086">
    <p class='ocr_par' dir='ltr' id='par_1_98' title="bbox 1857 4015 3421 4086">
     <span class='ocr_line' id='line_1_98' title="bbox 1857 4015 3421 4086; baseline 0.004 -18"><span class='ocrx_word' id='word_1_728' title='bbox 1857 4015 2161 4085; x_wconf 83' lang='lat' dir='ltr'><strong>obstupuit.</strong></span> <span class='ocrx_word' id='word_1_729' title='bbox 2204 4015 2340 4070; x_wconf 90' lang='lat' dir='ltr'><strong>Tum</strong></span> <span class='ocrx_word' id='word_1_730' title='bbox 2394 4017 2670 4074; x_wconf 83' lang='lat' dir='ltr'><strong>Notaras:</strong></span> <span class='ocrx_word' id='word_1_731' title='bbox 2715 4038 2732 4070; x_wconf 80' lang='grc' dir='ltr'><strong>ι</strong></span> <span class='ocrx_word' id='word_1_732' title='bbox 2794 4018 2916 4072; x_wconf 66' lang='lat' dir='ltr'><strong>llaec</strong></span> <span class='ocrx_word' id='word_1_733' title='bbox 2966 4021 3169 4081; x_wconf 82' lang='lat' dir='ltr'><strong>omnia,</strong></span> <span class='ocrx_word' id='word_1_734' title='bbox 3223 4019 3421 4086; x_wconf 66' lang='lat' dir='ltr'><strong>innuit.</strong></span> 
     </span>
    </p>
   </div>
   <div class='ocr_carea' id='block_1_99' title="bbox 1860 4109 3426 4177">
    <p class='ocr_par' dir='ltr' id='par_1_99' title="bbox 1860 4109 3426 4177">
     <span class='ocr_line' id='line_1_99' title="bbox 1860 4109 3426 4177; baseline -0.004 -13"><span class='ocrx_word' id='word_1_735' title='bbox 1860 4111 2067 4164; x_wconf 89' lang='lat' dir='ltr'><strong>servavi</strong></span> <span class='ocrx_word' id='word_1_736' title='bbox 2113 4109 2378 4175; x_wconf 87' lang='lat' dir='ltr'><strong>majestati</strong></span> <span class='ocrx_word' id='word_1_737' title='bbox 2445 4121 2550 4163; x_wconf 73' lang='lat' dir='ltr'><strong>tua:</strong></span> <span class='ocrx_word' id='word_1_738' title='bbox 2607 4119 2659 4163; x_wconf 89' lang='lat' dir='ltr'><strong>et</strong></span> <span class='ocrx_word' id='word_1_739' title='bbox 2721 4126 2862 4162; x_wconf 87' lang='lat' dir='ltr'><strong>nunc</strong></span> <span class='ocrx_word' id='word_1_740' title='bbox 2912 4111 3005 4162; x_wconf 90' lang='lat' dir='ltr'><strong>tibi</strong></span> <span class='ocrx_word' id='word_1_741' title='bbox 3060 4127 3154 4177; x_wconf 89' lang='lat' dir='ltr'><strong>pro</strong></span> <span class='ocrx_word' id='word_1_742' title='bbox 3205 4125 3426 4162; x_wconf 66' lang='grc' dir='ltr'>ιιιιιιιριηε</span> 
     </span>
    </p>
   </div>
   <div class='ocr_carea' id='block_1_100' title="bbox 1860 4201 3426 4270">
    <p class='ocr_par' dir='ltr' id='par_1_100' title="bbox 1860 4201 3426 4270">
     <span class='ocr_line' id='line_1_100' title="bbox 1860 4201 3426 4270; baseline 0.001 -16"><span class='ocrx_word' id='word_1_743' title='bbox 1860 4201 2035 4263; x_wconf 85' lang='lat' dir='ltr'><strong>trado,</strong></span> <span class='ocrx_word' id='word_1_744' title='bbox 2068 4215 2130 4253; x_wconf 91' lang='lat' dir='ltr'><strong>ac</strong></span> <span class='ocrx_word' id='word_1_745' title='bbox 2162 4216 2312 4268; x_wconf 85' lang='lat' dir='ltr'><strong>rogo,</strong></span> <span class='ocrx_word' id='word_1_746' title='bbox 2347 4208 2404 4254; x_wconf 87' lang='lat' dir='ltr'><strong>ut</strong></span> <span class='ocrx_word' id='word_1_747' title='bbox 2434 4202 2576 4254; x_wconf 88' lang='lat' dir='ltr'><strong>servi</strong></span> <span class='ocrx_word' id='word_1_748' title='bbox 2611 4201 2685 4254; x_wconf 89' lang='grc' dir='ltr'>ιιιί</span> <span class='ocrx_word' id='word_1_749' title='bbox 2748 4217 2935 4270; x_wconf 82' lang='lat' dir='ltr'><strong>preces</strong></span> <span class='ocrx_word' id='word_1_750' title='bbox 2968 4214 3020 4256; x_wconf 89' lang='lat' dir='ltr'><strong>et</strong></span> <span class='ocrx_word' id='word_1_751' title='bbox 3072 4213 3192 4255; x_wconf 84' lang='lat' dir='ltr'><strong>vota</strong></span> <span class='ocrx_word' id='word_1_752' title='bbox 3228 4219 3293 4254; x_wconf 86' lang='lat' dir='ltr'><strong>ne</strong></span> <span class='ocrx_word' id='word_1_753' title='bbox 3340 4219 3426 4256; x_wconf 82' lang='lat' dir='ltr'><strong>as-</strong></span> 
     </span>
    </p>
   </div>
   <div class='ocr_carea' id='block_1_101' title="bbox 1861 4289 3419 4358">
    <p class='ocr_par' dir='ltr' id='par_1_101' title="bbox 1861 4289 3419 4358">
     <span class='ocr_line' id='line_1_101' title="bbox 1861 4289 3419 4358; baseline -0.001 -14"><span class='ocrx_word' id='word_1_754' title='bbox 1861 4304 2108 4357; x_wconf 90' lang='lat' dir='ltr'><strong>pernere.</strong></span> <span class='ocrx_word' id='word_1_755' title='bbox 2162 4309 2180 4340; x_wconf 74' lang='grc' dir='ltr'><strong>ι</strong></span> <span class='ocrx_word' id='word_1_756' title='bbox 2215 4289 2478 4358; x_wconf 86' lang='lat' dir='ltr'><strong>Sperabat</strong></span> <span class='ocrx_word' id='word_1_757' title='bbox 2506 4302 2711 4357; x_wconf 89' lang='lat' dir='ltr'><strong>autem,</strong></span> <span class='ocrx_word' id='word_1_758' title='bbox 2745 4291 2825 4346; x_wconf 90' lang='lat' dir='ltr'><strong>sic</strong></span> <span class='ocrx_word' id='word_1_759' title='bbox 2873 4307 2932 4346; x_wconf 88' lang='lat' dir='ltr'><strong>se</strong></span> <span class='ocrx_word' id='word_1_760' title='bbox 2971 4307 3096 4345; x_wconf 92' lang='lat' dir='ltr'><strong>cum</strong></span> <span class='ocrx_word' id='word_1_761' title='bbox 3130 4293 3292 4345; x_wconf 88' lang='lat' dir='ltr'><strong>domo</strong></span> <span class='ocrx_word' id='word_1_762' title='bbox 3323 4308 3419 4344; x_wconf 80' lang='lat' dir='ltr'><strong>sua</strong></span> 
     </span>
    </p>
   </div>
   <div class='ocr_carea' id='block_1_102' title="bbox 1860 4382 3428 4452">
    <p class='ocr_par' dir='ltr' id='par_1_102' title="bbox 1860 4382 3428 4452">
     <span class='ocr_line' id='line_1_102' title="bbox 1860 4382 3428 4452; baseline 0.002 -18"><span class='ocrx_word' id='word_1_763' title='bbox 1860 4382 2160 4435; x_wconf 87' lang='lat' dir='ltr'><strong>libertatem</strong></span> <span class='ocrx_word' id='word_1_764' title='bbox 2192 4393 2612 4436; x_wconf 69' lang='lat' dir='ltr'><strong>consecuturum</strong></span> <span class='ocrx_word' id='word_1_765' title='bbox 2647 4398 2791 4437; x_wconf 87' lang='lat' dir='ltr'><strong>esse.</strong></span> <span class='ocrx_word' id='word_1_766' title='bbox 2844 4383 2911 4436; x_wconf 85' lang='lat' dir='ltr'><strong>At</strong></span> <span class='ocrx_word' id='word_1_767' title='bbox 2940 4382 3216 4452; x_wconf 86' lang='lat' dir='ltr'><strong>respondit</strong></span> <span class='ocrx_word' id='word_1_768' title='bbox 3265 4383 3428 4437; x_wconf 84' lang='lat' dir='ltr'><strong>Amc-</strong></span> 
     </span>
    </p>
   </div>
   <div class='ocr_carea' id='block_1_103' title="bbox 1859 4473 3422 4540">
    <p class='ocr_par' dir='ltr' id='par_1_103' title="bbox 1859 4473 3422 4540">
     <span class='ocr_line' id='line_1_103' title="bbox 1859 4473 3422 4540; baseline 0.001 -15"><span class='ocrx_word' id='word_1_769' title='bbox 1859 4489 1988 4527; x_wconf 91' lang='lat' dir='ltr'><strong>ras:</strong></span> <span class='ocrx_word' id='word_1_770' title='bbox 2037 4493 2055 4524; x_wconf 78' lang='grc' dir='ltr'><strong>ι</strong></span> <span class='ocrx_word' id='word_1_771' title='bbox 2095 4473 2204 4527; x_wconf 86' lang='lat' dir='ltr'><strong>lleu</strong></span> <span class='ocrx_word' id='word_1_772' title='bbox 2262 4484 2312 4528; x_wconf 91' lang='lat' dir='ltr'><strong>te</strong></span> <span class='ocrx_word' id='word_1_773' title='bbox 2364 4475 2719 4536; x_wconf 89' lang='lat' dir='ltr'><strong>semicanem,</strong></span> <span class='ocrx_word' id='word_1_774' title='bbox 2779 4477 3050 4528; x_wconf 89' lang='lat' dir='ltr'><strong>hominem</strong></span> <span class='ocrx_word' id='word_1_775' title='bbox 3111 4475 3422 4540; x_wconf 87' lang='lat' dir='ltr'><strong>immanem,</strong></span> 
     </span>
    </p>
   </div>
   <div class='ocr_carea' id='block_1_104' title="bbox 1859 4565 3425 4635">
    <p class='ocr_par' dir='ltr' id='par_1_104' title="bbox 1859 4565 3425 4635">
     <span class='ocr_line' id='line_1_104' title="bbox 1859 4565 3425 4635; baseline 0.004 -21"><span class='ocrx_word' id='word_1_776' title='bbox 1859 4574 2214 4618; x_wconf 80' lang='lat' dir='ltr'><strong>veteratorem</strong></span> <span class='ocrx_word' id='word_1_777' title='bbox 2251 4577 2301 4619; x_wconf 90' lang='lat' dir='ltr'><strong>et</strong></span> <span class='ocrx_word' id='word_1_778' title='bbox 2341 4565 2763 4625; x_wconf 78' lang='lat' dir='ltr'><strong>fraudulentum.</strong></span> <span class='ocrx_word' id='word_1_779' title='bbox 2790 4568 2882 4635; x_wconf 87' lang='lat' dir='ltr'><strong>qui</strong></span> <span class='ocrx_word' id='word_1_780' title='bbox 2932 4577 3108 4621; x_wconf 87' lang='lat' dir='ltr'><strong>tantas</strong></span> <span class='ocrx_word' id='word_1_781' title='bbox 3131 4583 3258 4633; x_wconf 86' lang='lat' dir='ltr'><strong>opes</strong></span> <span class='ocrx_word' id='word_1_782' title='bbox 3303 4583 3425 4634; x_wconf 61' lang='lat' dir='ltr'><strong>pas-</strong></span> 
     </span>
    </p>
   </div>
   <div class='ocr_carea' id='block_1_105' title="bbox 1862 4658 3422 4727">
    <p class='ocr_par' dir='ltr' id='par_1_105' title="bbox 1862 4658 3422 4727">
     <span class='ocr_line' id='line_1_105' title="bbox 1862 4658 3422 4727; baseline 0.001 -17"><span class='ocrx_word' id='word_1_783' title='bbox 1862 4658 2086 4720; x_wconf 89' lang='lat' dir='ltr'><strong>sederis,</strong></span> <span class='ocrx_word' id='word_1_784' title='bbox 2121 4673 2218 4710; x_wconf 89' lang='lat' dir='ltr'><strong>nec</strong></span> <span class='ocrx_word' id='word_1_785' title='bbox 2271 4659 2612 4712; x_wconf 84' lang='lat' dir='ltr'><strong>succurreris</strong></span> <span class='ocrx_word' id='word_1_786' title='bbox 2668 4659 2890 4712; x_wconf 80' lang='lat' dir='ltr'><strong>domino</strong></span> <span class='ocrx_word' id='word_1_787' title='bbox 2927 4671 3042 4724; x_wconf 87' lang='lat' dir='ltr'><strong>tuo,</strong></span> <span class='ocrx_word' id='word_1_788' title='bbox 3084 4659 3422 4727; x_wconf 86' lang='lat' dir='ltr'><strong>imperaturi,</strong></span> 
     </span>
    </p>
   </div>
   <div class='ocr_carea' id='block_1_106' title="bbox 1860 4748 3426 4817">
    <p class='ocr_par' dir='ltr' id='par_1_106' title="bbox 1860 4748 3426 4817">
     <span class='ocr_line' id='line_1_106' title="bbox 1860 4748 3426 4817; baseline 0.001 -17"><span class='ocrx_word' id='word_1_789' title='bbox 1860 4763 1958 4801; x_wconf 89' lang='lat' dir='ltr'><strong>nec</strong></span> <span class='ocrx_word' id='word_1_790' title='bbox 1988 4750 2112 4803; x_wconf 88' lang='lat' dir='ltr'><strong>huic</strong></span> <span class='ocrx_word' id='word_1_791' title='bbox 2141 4748 2282 4808; x_wconf 83' lang='lat' dir='ltr'><strong>urbi,</strong></span> <span class='ocrx_word' id='word_1_792' title='bbox 2319 4751 2505 4817; x_wconf 67' lang='lat' dir='ltr'><strong>patriae</strong></span> <span class='ocrx_word' id='word_1_793' title='bbox 2556 4752 2692 4804; x_wconf 77' lang='lat' dir='ltr'><strong>tune!</strong></span> <span class='ocrx_word' id='word_1_794' title='bbox 2750 4767 2894 4802; x_wconf 91' lang='lat' dir='ltr'><strong>nunc</strong></span> <span class='ocrx_word' id='word_1_795' title='bbox 2959 4766 3089 4803; x_wconf 81' lang='lat' dir='ltr'><strong>vero</strong></span> <span class='ocrx_word' id='word_1_796' title='bbox 3121 4767 3242 4802; x_wconf 84' lang='lat' dir='ltr'><strong>cum</strong></span> <span class='ocrx_word' id='word_1_797' title='bbox 3307 4751 3426 4803; x_wconf 70' lang='lat' dir='ltr'><strong>istis</strong></span> 
     </span>
    </p>
   </div>
   <div class='ocr_carea' id='block_1_107' title="bbox 1862 4841 3426 4910">
    <p class='ocr_par' dir='ltr' id='par_1_107' title="bbox 1862 4841 3426 4910">
     <span class='ocr_line' id='line_1_107' title="bbox 1862 4841 3426 4910; baseline 0.001 -19"><span class='ocrx_word' id='word_1_798' title='bbox 1862 4841 2118 4907; x_wconf 86' lang='lat' dir='ltr'><strong>nequitiis</strong></span> <span class='ocrx_word' id='word_1_799' title='bbox 2145 4850 2196 4893; x_wconf 82' lang='lat' dir='ltr'><strong>et</strong></span> <span class='ocrx_word' id='word_1_800' title='bbox 2227 4841 2533 4903; x_wconf 77' lang='lat' dir='ltr'><strong>fraudibus,</strong></span> <span class='ocrx_word' id='word_1_801' title='bbox 2567 4843 2770 4910; x_wconf 86' lang='lat' dir='ltr'><strong>quibus</strong></span> <span class='ocrx_word' id='word_1_802' title='bbox 2808 4842 3023 4895; x_wconf 68' lang='lat' dir='ltr'><strong>deditus</strong></span> <span class='ocrx_word' id='word_1_803' title='bbox 3054 4841 3204 4894; x_wconf 79' lang='lat' dir='ltr'><strong>fuisti</strong></span> <span class='ocrx_word' id='word_1_804' title='bbox 3233 4858 3259 4893; x_wconf 92' lang='lat' dir='ltr'><strong>a</strong></span> <span class='ocrx_word' id='word_1_805' title='bbox 3297 4856 3426 4908; x_wconf 87' lang='lat' dir='ltr'><strong>pne-</strong></span> 
     </span>
    </p>
   </div>
   <div class='ocr_carea' id='block_1_108' title="bbox 1861 4929 3425 4997">
    <p class='ocr_par' dir='ltr' id='par_1_108' title="bbox 1861 4929 3425 4997">
     <span class='ocr_line' id='line_1_108' title="bbox 1861 4929 3425 4997; baseline 0.001 -17"><span class='ocrx_word' id='word_1_806' title='bbox 1861 4929 2004 4989; x_wconf 85' lang='lat' dir='ltr'><strong>ritia,</strong></span> <span class='ocrx_word' id='word_1_807' title='bbox 2037 4945 2118 4982; x_wconf 81' lang='lat' dir='ltr'><strong>me</strong></span> <span class='ocrx_word' id='word_1_808' title='bbox 2169 4945 2383 4997; x_wconf 81' lang='lat' dir='ltr'><strong>qunque</strong></span> <span class='ocrx_word' id='word_1_809' title='bbox 2410 4931 2756 4997; x_wconf 84' lang='lat' dir='ltr'><strong>supplantare</strong></span> <span class='ocrx_word' id='word_1_810' title='bbox 2805 4941 2858 4982; x_wconf 87' lang='lat' dir='ltr'><strong>ct</strong></span> <span class='ocrx_word' id='word_1_811' title='bbox 2911 4945 3121 4997; x_wconf 70' lang='lat' dir='ltr'><strong>pmnam</strong></span> <span class='ocrx_word' id='word_1_812' title='bbox 3188 4929 3425 4997; x_wconf 72' lang='lat' dir='ltr'><strong>eiiugcre</strong></span> 
     </span>
    </p>
   </div>
   <div class='ocr_carea' id='block_1_109' title="bbox 1859 5019 3424 5091">
    <p class='ocr_par' dir='ltr' id='par_1_109' title="bbox 1859 5019 3424 5091">
     <span class='ocr_line' id='line_1_109' title="bbox 1859 5019 3424 5091; baseline -0.001 -18"><span class='ocrx_word' id='word_1_813' title='bbox 1859 5023 2083 5075; x_wconf 81' lang='lat' dir='ltr'><strong>Studes?</strong></span> <span class='ocrx_word' id='word_1_814' title='bbox 2109 5019 2202 5075; x_wconf 90' lang='lat' dir='ltr'><strong>Dic</strong></span> <span class='ocrx_word' id='word_1_815' title='bbox 2234 5023 2384 5081; x_wconf 86' lang='lat' dir='ltr'><strong>mihi.</strong></span> <span class='ocrx_word' id='word_1_816' title='bbox 2415 5023 2660 5085; x_wconf 86' lang='lat' dir='ltr'><strong>sceleste,</strong></span> <span class='ocrx_word' id='word_1_817' title='bbox 2688 5024 2808 5090; x_wconf 81' lang='lat' dir='ltr'><strong>quis</strong></span> <span class='ocrx_word' id='word_1_818' title='bbox 2854 5035 2957 5085; x_wconf 65' lang='lat' dir='ltr'><strong>est,</strong></span> <span class='ocrx_word' id='word_1_819' title='bbox 2989 5023 3080 5091; x_wconf 85' lang='lat' dir='ltr'><strong>qui</strong></span> <span class='ocrx_word' id='word_1_820' title='bbox 3140 5023 3190 5075; x_wconf 91' lang='lat' dir='ltr'><strong>in</strong></span> <span class='ocrx_word' id='word_1_821' title='bbox 3230 5038 3424 5074; x_wconf 77' lang='lat' dir='ltr'><strong>manus</strong></span> 
     </span>
    </p>
   </div>
   <div class='ocr_carea' id='block_1_110' title="bbox 1859 5111 3422 5169">
    <p class='ocr_par' dir='ltr' id='par_1_110' title="bbox 1859 5111 3422 5169">
     <span class='ocr_line' id='line_1_110' title="bbox 1859 5111 3422 5169; baseline 0.001 -4"><span class='ocrx_word' id='word_1_822' title='bbox 1859 5130 2007 5166; x_wconf 78' lang='lat' dir='ltr'><strong>meas</strong></span> <span class='ocrx_word' id='word_1_823' title='bbox 2045 5116 2515 5169; x_wconf 87' lang='lat' dir='ltr'><strong>tradiditdivitias</strong></span> <span class='ocrx_word' id='word_1_824' title='bbox 2551 5126 2668 5168; x_wconf 88' lang='lat' dir='ltr'><strong>tuas</strong></span> <span class='ocrx_word' id='word_1_825' title='bbox 2698 5127 2748 5168; x_wconf 89' lang='lat' dir='ltr'><strong>et</strong></span> <span class='ocrx_word' id='word_1_826' title='bbox 2785 5117 2925 5168; x_wconf 89' lang='lat' dir='ltr'><strong>hanc</strong></span> <span class='ocrx_word' id='word_1_827' title='bbox 2953 5116 3186 5167; x_wconf 81' lang='lat' dir='ltr'><strong>urbem?</strong></span> <span class='ocrx_word' id='word_1_828' title='bbox 3224 5134 3239 5161; x_wconf 76' lang='grc' dir='ltr'><strong>ι</strong></span> <span class='ocrx_word' id='word_1_829' title='bbox 3285 5111 3422 5166; x_wconf 67' lang='lat' dir='ltr'><strong>Res-</strong></span> 
     </span>
    </p>
   </div>
   <div class='ocr_carea' id='block_1_111' title="bbox 1859 5205 3417 5273">
    <p class='ocr_par' dir='ltr' id='par_1_111' title="bbox 1859 5205 3417 5273">
     <span class='ocr_line' id='line_1_111' title="bbox 1859 5205 3417 5273; baseline -0.001 -15"><span class='ocrx_word' id='word_1_830' title='bbox 1859 5206 2048 5273; x_wconf 89' lang='lat' dir='ltr'><strong>pondit</strong></span> <span class='ocrx_word' id='word_1_831' title='bbox 2083 5207 2350 5262; x_wconf 83' lang='lat' dir='ltr'><strong>Notaras:</strong></span> <span class='ocrx_word' id='word_1_832' title='bbox 2393 5227 2410 5257; x_wconf 77' lang='grc' dir='ltr'><strong>ι</strong></span> <span class='ocrx_word' id='word_1_833' title='bbox 2442 5207 2635 5262; x_wconf 65' lang='lat' dir='ltr'><strong>Deus.»</strong></span> <span class='ocrx_word' id='word_1_834' title='bbox 2672 5207 2807 5259; x_wconf 91' lang='lat' dir='ltr'><strong>Tum</strong></span> <span class='ocrx_word' id='word_1_835' title='bbox 2839 5209 3064 5260; x_wconf 72' lang='lat' dir='ltr'><strong>Ameras</strong></span> <span class='ocrx_word' id='word_1_836' title='bbox 3101 5223 3114 5258; x_wconf 93' lang='lat'>:</span> <span class='ocrx_word' id='word_1_837' title='bbox 3159 5226 3176 5256; x_wconf 83' lang='grc' dir='ltr'><strong>ι</strong></span> <span class='ocrx_word' id='word_1_838' title='bbox 3212 5205 3417 5271; x_wconf 72' lang='lat' dir='ltr'><strong>Quodsi</strong></span> 
     </span>
    </p>
   </div>
   <div class='ocr_carea' id='block_1_112' title="bbox 1861 5299 3424 5368">
    <p class='ocr_par' dir='ltr' id='par_1_112' title="bbox 1861 5299 3424 5368">
     <span class='ocr_line' id='line_1_112' title="bbox 1861 5299 3424 5368; baseline -0.001 -19"><span class='ocrx_word' id='word_1_839' title='bbox 1861 5299 1997 5352; x_wconf 86' lang='lat' dir='ltr'><strong>Deus</strong></span> <span class='ocrx_word' id='word_1_840' title='bbox 2028 5302 2138 5352; x_wconf 77' lang='lat' dir='ltr'><strong>Inec</strong></span> <span class='ocrx_word' id='word_1_841' title='bbox 2163 5299 2292 5352; x_wconf 88' lang='lat' dir='ltr'><strong>mibi</strong></span> <span class='ocrx_word' id='word_1_842' title='bbox 2320 5300 2556 5363; x_wconf 88' lang='lat' dir='ltr'><strong>donavit,</strong></span> <span class='ocrx_word' id='word_1_843' title='bbox 2588 5308 2748 5368; x_wconf 87' lang='lat' dir='ltr'><strong>atque</strong></span> <span class='ocrx_word' id='word_1_844' title='bbox 2775 5308 2824 5352; x_wconf 82' lang='lat' dir='ltr'><strong>te</strong></span> <span class='ocrx_word' id='word_1_845' title='bbox 2877 5312 2929 5351; x_wconf 84' lang='lat' dir='ltr'><strong>et</strong></span> <span class='ocrx_word' id='word_1_846' title='bbox 2963 5299 3198 5365; x_wconf 69' lang='lat' dir='ltr'><strong>reliquos</strong></span> <span class='ocrx_word' id='word_1_847' title='bbox 3227 5300 3278 5350; x_wconf 88' lang='lat' dir='ltr'><strong>in</strong></span> <span class='ocrx_word' id='word_1_848' title='bbox 3311 5316 3424 5349; x_wconf 82' lang='lat' dir='ltr'><strong>ma-</strong></span> 
     </span>
    </p>
   </div>
   <div class='ocr_carea' id='block_1_113' title="bbox 1861 5391 3424 5460">
    <p class='ocr_par' dir='ltr' id='par_1_113' title="bbox 1861 5391 3424 5460">
     <span class='ocr_line' id='line_1_113' title="bbox 1861 5391 3424 5460; baseline -0.001 -16"><span class='ocrx_word' id='word_1_849' title='bbox 1861 5407 1962 5444; x_wconf 91' lang='lat' dir='ltr'><strong>nus</strong></span> <span class='ocrx_word' id='word_1_850' title='bbox 1995 5406 2143 5444; x_wconf 83' lang='lat' dir='ltr'><strong>meas</strong></span> <span class='ocrx_word' id='word_1_851' title='bbox 2167 5391 2392 5454; x_wconf 86' lang='lat' dir='ltr'><strong>dedidit,</strong></span> <span class='ocrx_word' id='word_1_852' title='bbox 2427 5392 2554 5460; x_wconf 89' lang='lat' dir='ltr'><strong>quid</strong></span> <span class='ocrx_word' id='word_1_853' title='bbox 2587 5400 2662 5453; x_wconf 91' lang='lat' dir='ltr'><strong>tu,</strong></span> <span class='ocrx_word' id='word_1_854' title='bbox 2690 5406 2942 5460; x_wconf 90' lang='lat' dir='ltr'><strong>nequam,</strong></span> <span class='ocrx_word' id='word_1_855' title='bbox 2977 5391 3056 5445; x_wconf 89' lang='lat' dir='ltr'><strong>ais</strong></span> <span class='ocrx_word' id='word_1_856' title='bbox 3078 5403 3128 5444; x_wconf 91' lang='lat' dir='ltr'><strong>et</strong></span> <span class='ocrx_word' id='word_1_857' title='bbox 3161 5391 3424 5459; x_wconf 69' lang='lat' dir='ltr'><strong>nugaris?</strong></span> 
     </span>
    </p>
   </div>
   <div class='ocr_carea' id='block_1_114' title="bbox 1860 5482 3418 5550">
    <p class='ocr_par' dir='ltr' id='par_1_114' title="bbox 1860 5482 3418 5550">
     <span class='ocr_line' id='line_1_114' title="bbox 1860 5482 3418 5550; baseline -0.001 -16"><span class='ocrx_word' id='word_1_858' title='bbox 1860 5497 1957 5534; x_wconf 87' lang='lat' dir='ltr'><strong>cur</strong></span> <span class='ocrx_word' id='word_1_859' title='bbox 1991 5482 2121 5534; x_wconf 89' lang='lat' dir='ltr'><strong>mihi</strong></span> <span class='ocrx_word' id='word_1_860' title='bbox 2147 5483 2258 5537; x_wconf 78' lang='lat' dir='ltr'><strong>‘uzec</strong></span> <span class='ocrx_word' id='word_1_861' title='bbox 2291 5498 2394 5535; x_wconf 91' lang='lat' dir='ltr'><strong>non</strong></span> <span class='ocrx_word' id='word_1_862' title='bbox 2431 5493 2557 5536; x_wconf 88' lang='lat' dir='ltr'><strong>ante</strong></span> <span class='ocrx_word' id='word_1_863' title='bbox 2582 5482 2799 5545; x_wconf 86' lang='lat' dir='ltr'><strong>misisti,</strong></span> <span class='ocrx_word' id='word_1_864' title='bbox 2825 5496 2984 5550; x_wconf 80' lang='lat' dir='ltr'><strong>quam</strong></span> <span class='ocrx_word' id='word_1_865' title='bbox 3013 5483 3208 5535; x_wconf 82' lang='lat' dir='ltr'><strong>bellum</strong></span> <span class='ocrx_word' id='word_1_866' title='bbox 3231 5494 3418 5536; x_wconf 72' lang='lat' dir='ltr'><strong>contra</strong></span> 
     </span>
    </p>
   </div>
   <div class='ocr_carea' id='block_1_115' title="bbox 1859 5575 3420 5642">
    <p class='ocr_par' dir='ltr' id='par_1_115' title="bbox 1859 5575 3420 5642">
     <span class='ocr_line' id='line_1_115' title="bbox 1859 5575 3420 5642; baseline -0.001 -14"><span class='ocrx_word' id='word_1_867' title='bbox 1859 5591 1954 5630; x_wconf 86' lang='lat' dir='ltr'><strong>vos</strong></span> <span class='ocrx_word' id='word_1_868' title='bbox 1977 5590 2370 5629; x_wconf 82' lang='lat' dir='ltr'><strong>commovercm</strong></span> <span class='ocrx_word' id='word_1_869' title='bbox 2400 5585 2492 5630; x_wconf 84' lang='lat' dir='ltr'><strong>aut</strong></span> <span class='ocrx_word' id='word_1_870' title='bbox 2515 5577 2698 5628; x_wconf 90' lang='lat' dir='ltr'><strong>urbem</strong></span> <span class='ocrx_word' id='word_1_871' title='bbox 2723 5591 2995 5640; x_wconf 85' lang='lat' dir='ltr'><strong>caperem,</strong></span> <span class='ocrx_word' id='word_1_872' title='bbox 3019 5583 3075 5628; x_wconf 88' lang='grc' dir='ltr'><strong>ιιι</strong></span> <span class='ocrx_word' id='word_1_873' title='bbox 3097 5575 3189 5626; x_wconf 90' lang='lat' dir='ltr'><strong>tibi</strong></span> <span class='ocrx_word' id='word_1_874' title='bbox 3215 5577 3420 5642; x_wconf 73' lang='lat' dir='ltr'><strong>gratias</strong></span> 
     </span>
    </p>
   </div>
   <div class='ocr_carea' id='block_1_116' title="bbox 1859 5665 3418 5722">
    <p class='ocr_par' dir='ltr' id='par_1_116' title="bbox 1859 5665 3418 5722">
     <span class='ocr_line' id='line_1_116' title="bbox 1859 5665 3418 5722; baseline 0 -4"><span class='ocrx_word' id='word_1_875' title='bbox 1859 5677 1912 5719; x_wconf 87' lang='lat' dir='ltr'><strong>et</strong></span> <span class='ocrx_word' id='word_1_876' title='bbox 1945 5668 2435 5722; x_wconf 78' lang='lat' dir='ltr'><strong>remunerationem</strong></span> <span class='ocrx_word' id='word_1_877' title='bbox 2476 5667 2772 5720; x_wconf 82' lang='lat' dir='ltr'><strong>deberem?</strong></span> <span class='ocrx_word' id='word_1_878' title='bbox 2804 5665 2957 5719; x_wconf 77' lang='lat' dir='ltr'><strong>Nunc</strong></span> <span class='ocrx_word' id='word_1_879' title='bbox 3009 5667 3152 5718; x_wconf 77' lang='lat' dir='ltr'><strong>enim</strong></span> <span class='ocrx_word' id='word_1_880' title='bbox 3218 5681 3325 5718; x_wconf 89' lang='lat' dir='ltr'><strong>non</strong></span> <span class='ocrx_word' id='word_1_881' title='bbox 3364 5678 3418 5718; x_wconf 91' lang='lat' dir='ltr'><strong>lu</strong></span> 
     </span>
    </p>
   </div>
   <div class='ocr_carea' id='block_1_117' title="bbox 1862 5759 3421 5830">
    <p class='ocr_par' dir='ltr' id='par_1_117' title="bbox 1862 5759 3421 5830">
     <span class='ocr_line' id='line_1_117' title="bbox 1862 5759 3421 5830; baseline -0.001 -18"><span class='ocrx_word' id='word_1_882' title='bbox 1862 5761 1973 5812; x_wconf 80' lang='lat' dir='ltr'><strong>hzec</strong></span> <span class='ocrx_word' id='word_1_883' title='bbox 1999 5761 2126 5812; x_wconf 90' lang='lat' dir='ltr'><strong>mihi</strong></span> <span class='ocrx_word' id='word_1_884' title='bbox 2163 5761 2396 5830; x_wconf 83' lang='lat' dir='ltr'><strong>largiris,</strong></span> <span class='ocrx_word' id='word_1_885' title='bbox 2421 5762 2510 5814; x_wconf 88' lang='lat' dir='ltr'><strong>sed</strong></span> <span class='ocrx_word' id='word_1_886' title='bbox 2547 5759 2710 5813; x_wconf 76' lang='lat' dir='ltr'><strong>Deus.</strong></span> <span class='ocrx_word' id='word_1_887' title='bbox 2758 5781 2774 5811; x_wconf 84' lang='grc'><strong>›</strong></span> <span class='ocrx_word' id='word_1_888' title='bbox 2819 5761 2890 5812; x_wconf 87' lang='lat' dir='ltr'><strong>Ita</strong></span> <span class='ocrx_word' id='word_1_889' title='bbox 2919 5759 3102 5812; x_wconf 88' lang='lat' dir='ltr'><strong>statim</strong></span> <span class='ocrx_word' id='word_1_890' title='bbox 3145 5761 3421 5813; x_wconf 69' lang='lat' dir='ltr'><strong>mandat-it</strong></span> 
     </span>
    </p>
   </div>
   <div class='ocr_carea' id='block_1_118' title="bbox 1861 5849 3424 5917">
    <p class='ocr_par' dir='ltr' id='par_1_118' title="bbox 1861 5849 3424 5917">
     <span class='ocr_line' id='line_1_118' title="bbox 1861 5849 3424 5917; baseline 0.002 -19"><span class='ocrx_word' id='word_1_891' title='bbox 1861 5849 2159 5912; x_wconf 72' lang='lat' dir='ltr'><strong>lictoribus,</strong></span> <span class='ocrx_word' id='word_1_892' title='bbox 2195 5861 2250 5901; x_wconf 89' lang='lat' dir='ltr'><strong>ut</strong></span> <span class='ocrx_word' id='word_1_893' title='bbox 2277 5867 2398 5901; x_wconf 86' lang='lat' dir='ltr'><strong>eum</strong></span> <span class='ocrx_word' id='word_1_894' title='bbox 2437 5851 2486 5902; x_wconf 88' lang='lat' dir='ltr'><strong>in</strong></span> <span class='ocrx_word' id='word_1_895' title='bbox 2515 5866 2782 5904; x_wconf 79' lang='lat' dir='ltr'><strong>careerem</strong></span> <span class='ocrx_word' id='word_1_896' title='bbox 2832 5849 3169 5917; x_wconf 84' lang='lat' dir='ltr'><strong>conjicerent</strong></span> <span class='ocrx_word' id='word_1_897' title='bbox 3202 5857 3254 5902; x_wconf 89' lang='lat' dir='ltr'><strong>et</strong></span> <span class='ocrx_word' id='word_1_898' title='bbox 3301 5849 3424 5901; x_wconf 82' lang='lat' dir='ltr'><strong>dili-</strong></span> 
     </span>
    </p>
   </div>
   <div class='ocr_carea' id='block_1_119' title="bbox 1860 5943 3423 6009">
    <p class='ocr_par' dir='ltr' id='par_1_119' title="bbox 1860 5943 3423 6009">
     <span class='ocr_line' id='line_1_119' title="bbox 1860 5943 3423 6009; baseline 0.002 -20"><span class='ocrx_word' id='word_1_899' title='bbox 1860 5951 2043 6009; x_wconf 66' lang='lat' dir='ltr'><strong>gt&#39;itltr</strong></span> <span class='ocrx_word' id='word_1_900' title='bbox 2070 5944 2420 5996; x_wconf 59' lang='lat' dir='ltr'><strong>Cthludirmtt.</strong></span> <span class='ocrx_word' id='word_1_901' title='bbox 2453 5943 2712 5996; x_wconf 76' lang='lat' dir='ltr'><strong>Postridie</strong></span> <span class='ocrx_word' id='word_1_902' title='bbox 2744 5958 2867 5994; x_wconf 87' lang='lat' dir='ltr'><strong>cum</strong></span> <span class='ocrx_word' id='word_1_903' title='bbox 2902 5956 3098 5996; x_wconf 87' lang='lat' dir='ltr'><strong>rursus</strong></span> <span class='ocrx_word' id='word_1_904' title='bbox 3143 5956 3326 5996; x_wconf 80' lang='lat' dir='ltr'><strong>Curam</strong></span> <span class='ocrx_word' id='word_1_905' title='bbox 3361 5955 3423 6004; x_wconf 77' lang='lat' dir='ltr'><strong>se</strong></span> 
     </span>
    </p>
   </div>
  </div>
