4134 6452
135 463 263 528 893

1128 468 1576 529 CHRONICON
1625 472 1671 527 Μ
1701 472 1894 532 \JUS.
1926 500 1984 507 -
2034 476 2179 534 LIB.
2215 477 2334 535 ΙΙΙ.

3284 474 3389 535 896

133 580 363 632 πόλεων
413 578 507 649 ἔτη
566 580 689 650 ρςδ¹
718 583 817 635 καὶ
859 581 1033 648 μῆνας
1066 580 1095 634 ι’
1121 586 1221 661 ,καὶ
1266 585 1480 653 ἡμέρας
1513 586 1576 637 δ’.
1617 584 1718 636 Καὶ
1750 594 1793 648 Α
1824 590 1979 643 λικοῢ
2036 593 2172 659 μετὰ
2230 593 2413 657 πάσης
2442 592 2562 659 ,τῆς
2607 590 2915 659 συγκλήτου
2972 588 3328 658 ἐξερχόμενος
3362 589 3391 638 6

135 676 260 729 ὑπὸ
309 676 723 731 Κωνσταντίνου
784 678 1016 731 Φλαϐίου
1054 679 1262 749 ἤρξατο
1309 683 1340 748 ἡ
1386 682 1633 749 βασιλεία
1663 685 1720 732 ἐν

133 767 730 822 Κωνσταντινουπόλει
768 771 864 823 καὶ
905 772 998 824 ἐπὶ
1030 772 1446 825 Κωνσταντίνου
1477 773 1572 825 τοῦ
1610 774 1720 827 Πα-

135 857 439 927 λαιολόγου
472 863 647 931 πέρας
693 861 905 915 ἔλαϐεν.
972 865 1059 915 Ἐν
1111 864 1237 933 τῇδε
1284 867 1348 933 τῇ
1398 865 1718 934 τριταλαίνῃ

134 952 309 1005 πόλει
356 954 740 1023 ἐπεκράτησεν
793 957 825 1024 ή
877 956 988 1008 τῶν
1028 956 1313 1026 Ῥωμαίων
1349 956 1593 1025 βασιλεία
1624 956 1719 1025 ἔτη

134 1046 337 1113 ,αρμγ’
368 1047 544 1115 μῆνας
576 1054 606 1099 ι’
642 1050 738 1101 καὶ
782 1049 1000 1119 ἡμέρας
1030 1050 1095 1102 δ’.

222 1139 462 1208 Ποιήσας
508 1140 603 1194 οὖν
648 1145 716 1211 τῇ
784 1144 947 1213 τρίτῃ
1010 1144 1193 1215 ἡμέρᾳ
1236 1144 1338 1212 τῆς
1367 1142 1641 1206 ’ἁλώσεως
1693 1142 1721 1194 6

134 1228 374 1299 ἀμηρᾶς
414 1231 683 1299 Θρίαμϐον
718 1235 814 1286 καὶ
864 1236 1039 1303 χαράν
1092 1236 1335 1303 μεγάλην
1368 1236 1485 1288 διὰ’
1515 1236 1617 1305 τὴν
1645 1234 1723 1287 νί-

134 1338 259 1388 κην
296 1321 394 1390 τὴν
436 1325 580 1376 κατά
615 1326 714 1391 τῆς
749 1327 980 1391 πόλεως,
1010 1326 1105 1379 καὶ
1145 1328 1414 1389 κελεύσας
1455 1327 1541 1379 ἵνα
1578 1328 1724 1391 ἐξέλ-

136 1414 294 1466 θωσι
340 1416 544 1477 πάντες
584 1417 633 1469 οί
683 1416 965 1485 ἄνθρωποι
1010 1420 1198 1487 μικροί
1249 1435 1308 1470 τε
1354 1418 1446 1470 καὶ
1498 1420 1723 1487 μεγάλοι

133 1505 196 1556 οἱ
230 1506 383 1565 ὄντες
427 1507 798 1575 κεκρυμμένοι
846 1509 902 1561 ἐν
957 1526 1065 1562 τισι
1096 1512 1281 1571 τόποις
1317 1513 1542 1576 κριδφοῖς
1597 1513 1695 1579 τῆς

137 1596 368 1656 πόλεως
398 1601 490 1649 καὶ
530 1599 806 1663 ἐλεύθεροι
836 1600 930 1652 καὶ
964 1602 1311 1671 ἀνενόχλητοι
1341 1594 1493 1653 ὦσιν·
1525 1602 1725 1670 ὁμοίως

136 1687 249 1737 καὶ
283 1690 482 1751 πάντες
512 1691 626 1742 ὅσοι
672 1692 734 1743 ἐκ
774 1692 875 1759 τῆς
908 1692 1117 1755 πόλεως
1154 1692 1379 1761 ἔφυγον,
1427 1696 1502 1756 ὠς
1540 1694 1725 1762 προεί-

139 1796 360 1847 παμεν,
396 1782 483 1835 διὰ
524 1784 613 1833 τὸν
654 1784 817 1851 φόϐον
852 1783 946 1836 τοῦ
982 1786 1246 1851 πολέμου,
1290 1787 1517 1849 ἕκαστος
1544 1788 1726 1839 αὐτῶν

138 1871 459 1942 ἐπιστρέψῃ
488 1875 569 1932 είς
603 1873 692 1925 τὸν
729 1870 881 1927 οἷκον
912 1876 1104 1940 αὐτοῦ,
1136 1878 1230 1929 καὶ
1263 1877 1454 1945 βιῶναι
1494 1880 1723 1932 ἕκαστον

1824 684 2171 753 πατριάρχης
2222 687 2317 737 καὶ
2364 685 2787 753 εὐφημούμενος
2811 683 2867 733 ἐν
2895 681 2972 751 τῷ
3006 681 3389 749 πατριαρχείῳ

1824 775 2252 845 ἐπανέστρεψαν*
2284 778 2380 830 καὶ
2428 778 2461 845 ή
2516 775 2821 845 χειροτονία
2865 774 3073 841 ἐγίνετο
3104 770 3251 838 παρά
3283 769 3390 820 τῶν

1824 866 2156 934 ἀρχιερέων,
2204 868 2277 929 ὡς
2336 867 2490 930 τάξις
2521 868 2615 919 καὶ
2662 868 2826 935 νόμος
2862 861 2950 935 ἧν.
2984 861 3291 923 Ἐλάμϐανε
3333 859 3389 910 δέ

1823 957 1850 1009 6
1884 958 2097 1027 μέλλων
2124 959 2381 1026 γενέσθαι
2414 959 2755 1027 πατριάρχης
2782 961 2845 1009 ἐκ
2876 956 2984 1009 τῶν
3001 954 3095 1007 τοῦ
3127 950 3391 1020 βασιλέως

1824 1051 2026 1120 χειρῶν
2078 1053 2139 1103 τὸ
2179 1052 2485 1105 δεκανίκιον
2509 1052 2967 1119 τοιουτοτρόποις.
3014 1044 3390 1111 Καθξζομένου

1824 1144 1921 1195 τοῦ
1959 1144 2229 1211 βασιλέως
2266 1145 2360 1197 ἐπὶ
2405 1145 2498 1198 τοῦ
2540 1143 2824 1215 βασιλικοῦ
2860 1142 3077 1208 δίφρου,
3121 1139 3215 1190 καὶ
3241 1138 3391 1187 πᾶσα

1822 1237 1855 1304 ἡ
1891 1237 2195 1305 σύγκλητος
2233 1239 2512 1300 ἱστάμενοι
2567 1239 2830 1299 ἀσκεπεῖς
2884 1236 2977 1287 καὶ
3028 1232 3201 1299 ὀρθοὶ,
3237 1230 3331 1281 καὶ
3361 1228 3389 1279 6

1828 1328 2000 1395 μέγας
2043 1332 2424 1396 πρωτοπαπᾶς
2461 1328 2553 1380 τοῦ
2580 1329 2845 1381 παλατίου
2878 1325 3048 1378 ἐποίει
3075 1320 3389 1389 εὖλογητδν,

1824 1414 1942 1471 εἶτα
1977 1422 2072 1471 καὶ
2124 1420 2331 1488 μικρὰν
2384 1420 2607 1489 ἐκτενὴν
2630 1457 2644 1479 ,
2677 1420 2771 1471 καὶ
2800 1420 2828 1470 6
2867 1418 3041 1485 μέγας
3071 1414 3392 1481 δομέστικος

1827 1511 2020 1577 ἔψαλλε
2042 1513 2100 1563 τὸ
2139 1532 2155 1563 ι
2191 1514 2369 1565 ’Ὅπου
2394 1514 2502 1580 γὰρ
2528 1513 2789 1583 βασιλέως
2826 1509 3121 1579 παρουσία,
3158 1526 3175 1557 ι
3204 1506 3295 1558 καὶ
3326 1508 3391 1555 τά

1826 1607 1976 1673 ἐξῆ-κ
1998 1602 2128 1657 Εἶτα
2160 1609 2217 1658 τι)
2251 1625 2267 1655 ι
2298 1607 2456 1665 Δόξα,
2477 1624 2493 1654 ι
2526 1608 2553 1657 6
2578 1604 2956 1671 λαμπαδάριος
2981 1604 3041 1652 ἐκ
3070 1599 3164 1650 τοῦ
3201 1597 3392 1664 ἐτέρου

1824 1695 2007 1763 χοροῦ,
2056 1697 2151 1746 καὶ
2187 1694 2282 1748 νῦν
2316 1696 2395 1747 τό²
2431 1714 2449 1745 ι
2499 1696 2558 1745 Ὀ
2597 1693 2851 1760 βασιλεὺς
2902 1691 3013 1742 τῶν
3059 1687 3327 1756 οὐρανῶν,
3368 1704 3384 1735 ι

1826 1790 1918 1840 καὶ
1978 1790 2047 1840 τὰ
2082 1788 2228 1853 ἐξῆς.
2272 1786 2426 1839 Μετὰ
2474 1787 2529 1838 δὲ
2588 1787 2649 1837 τὸ
2691 1783 2843 1844 τέλος
2892 1782 2985 1833 τοῦ
3032 1779 3328 1847 τροπαρίου
3364 1778 3393 1826 6

1827 1880 2082 1950 βασιλεὺς
2124 1882 2405 1939 ἀνίστατο,
2439 1878 2579 1947 ἔχων
2607 1878 2698 1929 ἐπὶ
2729 1877 2826 1944 τὴν
2874 1873 3056 1939 δεξιὰν
3087 1873 3144 1923 τὸ
3175 1868 3387 1921 δεκανί-

142 1964 304 2013 κατά
345 1963 443 2031 τὴν
472 1965 624 2027 τάξιν
668 1966 759 2017 καὶ
791 1967 1090 2036 θρησκείαν
1136 1969 1321 2030 αὐτοῦ,
1356 1970 1431 2031 ὡς
1463 1971 1555 2023 καὶ
1584 1974 1716 2040 πρό⁶
1750 1978 1795 2036 Β
1827 1989 1964 2034 κιον,
1998 1972 2025 2021 6
2054 1971 2112 2021 δέ
2144 1969 2455 2037 ὑποψήφιος
2517 1968 2814 2037 ἐρχόμενος
2837 2008 2852 2031 ,
2905 1966 2999 2017 καὶ
3049 1965 3111 2014 ἐκ
3138 1964 3231 2013 τοῦ
3273 1962 3391 2021 ἐνὸς

137 2069 313 2121 τερον
350 2049 433 2122 ἦν.
481 2056 720 2124 Ὀμοίως
767 2060 1101 2126 προσέταξεν
1159 2060 1246 2113 ἵνα
1309 2063 1578 2131 ποιήσωσι
1626 2064 1721 2115 καὶ

140 2146 506 2216 πατριάρχην
540 2148 615 2211 ὼς
647 2150 879 2217 σύνηθες
909 2147 977 2221 ἦν
1006 2154 1144 2205 κατὰ
1190 2154 1286 2219 τὴν
1315 2154 1467 2217 τάξιν
1515 2156 1717 2207 αὐτῶνθ

138 2230 219 2305 ἦν
272 2240 379 2307 γὸρ
421 2243 815 2308 προαποθανὼν
870 2246 897 2296 6
964 2247 1332 2315 πατριάρχης.
1392 2248 1501 2300 Καὶ
1566 2248 1717 2300 ἐκλέ-

140 2330 345 2392 ξαντες
376 2332 425 2384 oi
474 2334 784 2403 ἐντυχόντες
823 2337 1105 2405 ἀρχιερεῖς
1150 2341 1243 2389 καὶ
1278 2341 1325 2390 οί
1363 2339 1534 2406 ὀλίγοι
1574 2342 1715 2393 πάνυ

135 2422 329 2491 ἕτεροι
384 2425 670 2493 ίερωμένοι
731 2430 826 2480 καὶ
883 2429 1063 2481 λαῖκοὶ
1112 2430 1205 2482 τὸν
1256 2430 1413 2500 305
1473 2432 1718 2498 σοφώτα-

135 2531 242 2565 τον
293 2516 395 2584 κὺρ
427 2516 699 2586 Γεὼργιον
757 2520 846 2571 τὸν
902 2521 1195 2589 Σχολάριον
1230 2523 1417 2575 λαῖκὸν
1474 2524 1553 2576 ἔτι
1590 2526 1717 2577 ὄντα

138 2606 229 2668 είς
281 2608 624 2679 πατριάρχην
681 2612 1140 2681 ἐχειροτόνησαν,
1192 2614 1252 2666 ὃν
1294 2618 1389 2668 καὶ¹
1432 2617 1717 2670 Γεννάδιον

137 2699 535 2765 ἐπωνόμασαν.

224 2788 557 2860 Προῦπῆρχε
586 2792 641 2844 δέ
672 2794 764 2845 καὶ
793 2794 948 2860 τάξις
980 2797 1073 2848 καὶ
1116 2798 1382 2867 συνήθεια
1412 2800 1528 2861 τοῖς
1562 2798 1714 2868 βασι-

136 2876 303 2930 λεῦσι
364 2881 713 2948 Χριστιανοῖς
752 2884 839 2936 ἵνα
863 2886 1205 2954 δωροποιῶσι
1262 2889 1338 2957 τῷ
1398 2908 1713 2959 χειροτονη-

136 2967 299 3020 θέντι
333 2972 641 3041 πατριάρχῃ
698 2975 899 3026 νεωστί⁵
952 2976 1260 3029 δεκανίκιον
1311 2979 1547 3046 χρυσοῦν
1578 2978 1715 3046 μετά

140 3059 314 3110 λίθων
350 3063 659 3129 πολυτίμων
717 3065 812 3117 καὶ
854 3067 1146 3135 μαργάρων
1204 3070 1711 3137 ἐγκεκοσμημένον,

138 3150 241 3202 καὶ
277 3152 443 3205 ἵππον
472 3154 723 3207 ἐκλεκτὸν
774 3158 835 3208 ἐκ
875 3158 983 3209 τῶν
1033 3158 1332 3227 βασιλικῶν
1370 3160 1507 3229 μετὰ
1544 3162 1715 3229 ἐφιπ-

136 3244 278 3296 πίου
307 3249 400 3297 καὶ
432 3248 741 3315 ἐφεστρίδος
775 3249 1062 3321 βασιλικῆς
1090 3254 1571 3323 ἐγκεκοσμημένον
1614 3271 1713 3306 πο-

1827 2064 2026 2129 μέρους
2082 2060 2247 2114 αὑτοῦ
2301 2063 2329 2114 6
2370 2060 2731 2131 Καισαρείας,
2766 2059 2830 2110 ὲκ
2864 2058 2920 2109 δὲ
2948 2056 3041 2109 τοῦ
3073 2055 3329 2123 δευτέρου
3363 2054 3392 2105 6

1832 2155 2164 2225 Ἡρακλείας
2218 2153 2623 2223 μητροπολίτης
2652 2191 2666 2215 ,
2705 2150 2868 2220 306
2912 2149 3008 2201 καὶ
3050 2148 3196 2199 ποιεῖ
3252 2146 3392 2214 πρὸς

1824 2253 2031 2310 πάντας
2066 2246 2358 2314 μετανοίας
2408 2248 2580 2313 τρεῖς,
2630 2242 2749 2295 εἶτα
2794 2241 3158 2311 προσέρχεται
3199 2237 3393 2306 τῷβα-

1824 2338 1964 2389 σιλεῖ
1995 2341 2085 2391 καὶ
2145 2339 2377 2391 ἐνώπιον
2414 2338 2606 2390 τούτου
2662 2340 2809 2389 ποιεί
2855 2336 2957 2403 τὴν
3002 2335 3391 2402 προσήκουσιν

1821 2430 1972 2497 αὐτῷ
2022 2430 2415 2499 προσκύνησιν.
2476 2432 2585 2484 Καὶ
2631 2433 2656 2481 6
2710 2429 2959 2497 βασιλεὺς
3004 2427 3064 2478 τδ
3088 2425 3391 2478 δεκανίκιον

1820 2523 1998 2589 ὀλίγον
2038 2523 2188 2590 ὑψῶν
2220 2523 2425 2589 ἐλεγενο
2464 2540 2482 2572 ι
2526 2522 2591 2574 Ἢ
2640 2521 2770 2584 ἀγία
2823 2520 2997 2588 Τριάς
3050 2520 3082 2587 ἡ
3134 2518 3235 2585 τὴν
3266 2517 3390 2584 ἐμοὶ

1824 2613 2104 2681 βασιλείαν
2159 2614 2526 2685 δωρησαμένη
2588 2611 2997 2681 προχειρίζεταί
3051 2628 3107 2661 σε
3158 2610 3238 2669 είς
3288 2626 3391 2659 πα-

1822 2706 2099 2775 τριάρχην
2144 2708 2268 2767 νέας
2312 2706 2553 2773 Ῥώμης.
2594 2724 2611 2754 ι
2652 2705 2757 2755 Καὶ
2790 2702 2962 2762 οὕτως
2995 2704 3057 2751 ἐκ
3088 2699 3196 2750 τῶν
3236 2701 3389 2763 βασι-

1819 2797 1992 2850 λικῶν
2041 2800 2241 2867 χειρῶν
2300 2802 2328 2851 6
2379 2798 2731 2866 πατριάρχης
2778 2796 3049 2863 ἐλάμϐανε
3092 2794 3190 2861 τὴν
3236 2792 3386 2853 ἐξου-

1822 2890 1963 2955 σίαν,
1996 2893 2091 2943 καὶ
2119 2893 2218 2956 τὴν
2248 2892 2598 2960 εὐχαριστίαν
2652 2889 2731 2957 τῷ
2778 2888 2986 2957 βασιλεί
3024 2886 3214 2937 ἐδίδου.
3255 2882 3389 2936 Εἶτα.

1817 2984 1864 3033 oi
1892 2982 2041 3050 χοροὶ
2063 2982 2289 3049 ἔψαλλον
2319 2982 2378 3033 τό
2404 2998 2416 3011 ·
2453 3000 2471 3031 ι
2497 2982 2589 3041 Είς
2626 2980 2793 3031 πολλὰ
2826 2979 2946 3046 ἐτη,
2973 2976 3228 3033 δέσποτα.
3272 2993 3290 3024 ι
3322 2976 3385 3026 ἐκ

1817 3070 2026 3139 τρίτου,
2057 3075 2149 3122 καὶ
2178 3072 2463 3133 ἀπόλυσις.
2501 3070 2562 3123 '0
2600 3071 2950 3139 πατριάρχης
2978 3066 3383 3135 κατερχόμενος

1823 3166 1959 3232 μετὰ
1990 3164 2288 3232 λαμπάδων
2322 3164 2413 3215 ἐπὶ
2439 3155 2507 3216 τά
2535 3162 2829 3215 διϐάϐουλα
2871 3162 2966 3213 καὶ
2995 3159 3267 3223 εὑρίσκων
3295 3156 3386 3209 τὸν

1819 3255 1991 3309 ἵππον
2039 3256 2442 3326 ἡτοιμασμένον
2485 3255 2769 3307 ἀνέϐαινεν
2821 3256 2906 3305 ἐπ’
2940 3254 3126 3305 αὐτόν.

133 3338 403 3401 λυτελῶςο
444 3310 538 3392 καὶ
587 3310 723 3408 μετὰ
755 3310 975 3410 χασδίου
1004 3310 1201 3397 λευκοῦ
1227 3310 1551 3415 καὶ-χρυσοῦ
1593 3364 1715 3399 σκε-
1739 3310 1784 3371 C
1888 3310 2073 3408 υῡτωέ
2097 3348 2151 3399 δέ
2166 3310 2456 3408 ’καλιαὺτὺς
2485 3348 2513 3397 6
2540 3347 2815 3415 ἀλιτήριος
2846 3345 3014 3397 θέλων
3046 3347 3272 3415 ποιῆσαι
3306 3347 3385 3408 ὡς

136 3429 380 3498 πόμενος
410 3426 475 3500 ἦν
504 3432 529 3481 6
558 3431 741 3493 ἵππος.
776 3435 884 3485 Καὶ
915 3438 979 3487 ἐκ
1008 3436 1102 3488 τοῦ
1131 3438 1392 3490 παλατίου
1420 3438 1513 3491 τοῦ
1547 3439 1708 3508 βασι·

136 3621 275 3665 runt
308 3622 483 3665 autem
515 3612 805 3684 Palreologi
838 3615 891 3667 in
924 3615 1025 3668 hac
1054 3618 1239 3683 regina
1277 3620 1495 3673 urbium
1540 3637 1712 3676 annos

136 3702 271 3767 194,
299 3720 511 3759 menses
553 3706 617 3759 i0
639 3716 690 3759 et
723 3696 838 3761 dies
882 3708 940 3767 4.
976 3708 1129 3776 Cpoli
1154 3710 1439 3778 imperium
1473 3728 1708 3780 emptum

135 3809 226 3850 est
258 3798 360 3851 sub
418 3796 602 3853 Flavio
629 3799 1015 3865 Constantino,
1069 3804 1281 3856 ﬁnitum
1306 3806 1408 3859 sub
1440 3806 1712 3860 Constan-

135 3890 260 3941 tino
286 3888 605 3959 Palaaologo.
628 3890 811 3960 Viguit
846 3894 1009 3960 igitur
1037 3895 1089 3946 in
1117 3896 1428 3950 miserrima
1456 3899 1556 3951 hac
1578 3901 1709 3952 urbe

135 3997 319 4034 annos
348 3982 484 4035 Hi5
507 4023 521 4044 ,
554 3999 767 4037 menses
803 3986 889 4045 10,
917 3986 1030 4038 dies
1062 3986 1113 4039 Δ.

212 4074 441 4126 Arueras
463 4074 547 4127 die
566 4076 725 4127 tertio
750 4086 867 4143 post
890 4085 1105 4143 captam
1133 4078 1324 4131 urbem
1368 4081 1705 4149 triumphum

133 4175 187 4214 et
227 4164 482 4225 gaudium
535 4167 727 4232 ingens
786 4178 1007 4234 prepter
1057 4180 1385 4236 reportatam
1422 4173 1704 4225 victoriam

136 4255 390 4322 agitavit,
419 4256 659 4319 edit-ens,
694 4267 750 4309 ut
772 4272 982 4321 Omnes,
1014 4260 1190 4318 magni
1223 4271 1278 4312 et
1313 4264 1485 4326 parvi,
1508 4264 1598 4329 qui
1630 4264 1707 4316 lav

139 4347 334 4398 tebant
372 4347 423 4398 in
460 4348 590 4398 locis
642 4347 790 4399 urbis
820 4348 1183 4407 absconditis,
1249 4352 1534 4416 prodirent
1570 4370 1706 4407 neve

135 4454 165 4487 τι
196 4452 475 4502 quoquam
529 4447 901 4501 vexarentur;
969 4440 1095 4491 item
1143 4440 1177 4492 ii
1214 4443 1306 4509 qui
1355 4442 1553 4496 timore
1582 4444 1703 4497 belli

135 4529 383 4595 impulsi,
435 4539 493 4583 ut
521 4539 645 4583 ante
686 4532 1258 4591 commemoravimus,
1323 4549 1389 4585 ex
1427 4536 1559 4586 urbe
1587 4551 1708 4602 pro-

1817 3438 2074 3508 βασιλεὺς
2119 3441 2216 3506 τῆς
2258 3440 2485 3502 πόλεως,
2539 3437 2721 3500 καθὼς
2769 3437 2986 3491 ἐποίουν
3021 3439 3113 3489 καὶ
3152 3441 3197 3491 οἱ
3244 3439 3383 3507 Χρι-

1814 3619 2305 3675 acclamationibus
2335 3634 2369 3671 e
2400 3618 2603 3686 palatio
2644 3617 2997 3684 imperatorio
3054 3618 3104 3669 in
3150 3619 3381 3688 patriar-

1814 3712 1971 3764 ehale
2022 3711 2252 3772 redibat,
2303 3719 2465 3776 atque
2508 3709 2719 3761 creatio
2749 3723 2841 3775 per
2872 3709 3158 3775 episcopos
3197 3710 3374 3768 ﬁebat,

1816 3811 1873 3854 ut
1905 3803 2019 3869 lege
2048 3812 2101 3854 et
2130 3815 2279 3853 more
2325 3800 2597 3853 sancitum
2645 3809 2781 3852 erat.
2830 3799 3143 3867 Accipiehat
3192 3808 3375 3853 autem

1815 3894 2026 3946 futurus
2058 3891 2366 3957 patriarcha
2412 3906 2441 3943 e
2484 3890 2736 3943 manibus
2784 3890 3129 3955 imperatoris
3180 3891 3371 3958 pedum

1814 3986 1903 4037 tali
1922 3984 2103 4036 modo.
2134 3983 2365 4035 Sedente
2384 3983 2712 4048 imperatore
2736 3981 2786 4032 in
2807 3981 2935 4034 sella
2956 3980 3299 4048 imperatoria
3321 3991 3377 4036 et

1810 4077 1951 4129 omni
1976 4091 2259 4144 procerum
2287 4075 2478 4129 ordine
2500 4078 2885 4130 circumstante
2907 4076 3063 4127 nudis
3082 4075 3373 4142 capitiIms,

1812 4182 2038 4235 magnus
2058 4177 2384 4235 protopapas
2435 4167 2617 4235 palatii
2671 4166 3137 4229 benedictionem,
3177 4166 3374 4219 deinde

1810 4274 2030 4327 parvam
2054 4274 2272 4326 precum
2298 4259 2490 4313 seriem
2521 4259 2927 4327 pronuntiabat,
2956 4266 3120 4324 atque
3144 4274 3372 4324 magnus

1810 4351 2138 4405 domesticus
2172 4351 2440 4403 canebat:
2479 4368 2497 4400 ι
2534 4351 2632 4405 Ubi
2655 4352 2798 4402 enim
2825 4350 2966 4417 regis
3007 4351 3317 4417 praesentia,
3348 4367 3366 4399 ι

1810 4451 1863 4493 et
1894 4456 2015 4508 quae
2046 4451 2383 4508 sequuntur;
2413 4452 2521 4492 tum
2549 4459 2562 4493 :
2607 4459 2624 4489 ι
2655 4441 2838 4495 Gloria
2872 4461 2889 4491 ι
2921 4439 3280 4506 lampadarius
3307 4456 3370 4493 ex

1810 4531 1979 4583 altero
2009 4533 2197 4593 choro,
2222 4544 2271 4585 et
2311 4553 2328 4583 ι
2370 4548 2461 4584 rex
2488 4533 2771 4591 caelorum,
2808 4544 2965 4584 νοις.
2994 4529 3177 4583 Finito
3208 4540 3368 4583 cantu

137 4624 417 4687 fugerant,
439 4638 589 4675 suam
614 4622 845 4689 quisque
864 4623 1080 4674 domum
1114 4623 1355 4676 redirent
1382 4634 1432 4677 et
1466 4626 1707 4679 viverent
1741 4636 1783 4688 Ι)
1814 4620 2039 4682 allt'rnn,
2080 4621 2371 4688 imperator
2402 4624 2671 4687 surgebat.
2733 4621 2922 4673 dextra
2974 4636 3134 4673 manu
3176 4622 3367 4689 pedum

136 4714 439 4767 secundum
479 4729 682 4767 morem
714 4726 764 4766 et
797 4714 1115 4781 religionem
1144 4731 1316 4777 suam,
1356 4716 1498 4769 sicut
1522 4728 1700 4771 antea.

136 4806 291 4856 Idem
352 4806 656 4871 imperavit,
715 4816 769 4857 ut
828 4808 1193 4871 patriarcbam
1257 4822 1356 4875 pro
1425 4826 1573 4862 more
1605 4826 1705 4863 suo

136 4906 422 4958 crearent;
484 4905 634 4948 vetus
694 4898 839 4947 enim
886 4908 1135 4948 nmrtuus
1189 4909 1305 4949 erat
1385 4900 1570 4967 Itaque
1614 4902 1704 4967 qui

138 4987 286 5038 forte
337 4989 557 5038 aderant
608 4987 843 5054 episcopi
901 5000 955 5041 et
1013 4992 1265 5057 perpauci
1313 4992 1402 5044 alii
1432 4993 1622 5045 clerici
1656 5006 1709 5048 ct

134 5079 265 5131 laici
321 5079 779 5144 sapientissimum
832 5080 1111 5133 dominum
1154 5080 1445 5148 Georgium
1481 5082 1708 5136 Schola-

136 5172 309 5231 rium,
339 5172 617 5223 etiamtum
673 5171 892 5232 laieum,
926 5173 1204 5238 elegerunt
1244 5182 1297 5224 et
1343 5174 1705 5240 patriarchant

136 5272 419 5323 crearunt,
457 5266 913 5318 mutatoaiomine
952 5264 1289 5318 Geunadium
1332 5267 1703 5335 'appellatum.

214 5354 345 5407 Erat
374 5366 553 5407 autem
585 5372 782 5409 munus
820 5367 872 5408 et
918 5373 1033 5409 mos
1070 5358 1505 5409 Christianormn
1535 5361 1705 5426 impe-

136 5456 409 5507 ratorum,
444 5457 501 5498 ut
548 5462 734 5501 recens
765 5456 947 5500 creato
1002 5451 1323 5514 patriawbm
1361 5450 1553 5517 pedum
1614 5469 1708 5501 au-

140 5553 316 5601 reum,
351 5537 579 5606 gemmis
602 5547 655 5591 et
697 5539 1001 5605 margaritis
1036 5538 1375 5600 decoratum,
1410 5552 1572 5603 atque
1597 5540 1705 5590 ele-

136 5639 287 5682 ctum
361 5630 426 5681 de
489 5629 633 5696 regio
692 5629 901 5682 stabulo
965 5645 1189 5695 equum,
1246 5630 1489 5681 stellaet
1537 5639 1705 5681 strato

137 5729 457 5787 sumptuose
484 5730 758 5781 ornatum,
782 5729 833 5773 et
868 5721 1043 5774 serico
1079 5722 1266 5774 villoso
1301 5721 1406 5773 albi
1428 5722 1621 5773 coloris
1649 5729 1703 5773 ct

141 5814 247 5863 ﬁlis
280 5813 459 5865 aureis
496 5813 782 5866 intertexto
818 5825 1033 5873 tectum,
1079 5812 1361 5865 donarent.
1410 5812 1539 5863 llnie
1563 5828 1701 5880 equo

142 5905 383 5957 insidens
430 5905 733 5971 patriarcha
769 5921 887 5959 cum
930 5905 1181 5959 universo
1207 5915 1389 5958 senatu
1422 5918 1467 5957 et
1507 5905 1699 5957 faustis

1813 4721 2022 4771 tenens,
2060 4723 2220 4777 atque
2244 4713 2587 4776 candidatus,
2622 4712 2780 4777 cujus
2820 4712 3049 4763 alterum
3082 4712 3225 4763 latus
3262 4729 3374 4765 nte-

1810 4804 2058 4868 tropolita
2084 4804 2467 4866 ()zesarccnsis,
2492 4804 2720 4857 alterum
2746 4804 3118 4858 Heracleensis
3141 4804 3370 4869 tegebat,
3434 4859 3437 4862 .

1810 4908 2041 4961 corpore
2104 4896 2169 4947 ad
2200 4910 2389 4949 omnes
2437 4908 2516 4949 ter
2545 4896 2829 4959 inclinato,
2881 4897 2947 4949 ad
2979 4898 3362 4964 imperatorem

1808 4990 2096 5041 accedebat
2113 4997 2164 5040 et
2185 4987 2413 5041 solemni
2436 5004 2558 5040 eum
2586 4990 3007 5055 prosequebatur
3028 4987 3366 5040 adoratione.

1810 5079 1946 5131 Tum
2004 5079 2073 5137 is,
2124 5080 2259 5147 pedo
2288 5080 2504 5147 paulum
2537 5079 2772 5141 sublato,
2806 5079 3025 5131 dicebat
3060 5093 3075 5130 :
3119 5096 3137 5129 ι
3169 5076 3367 5132 Sancta

1809 5168 2069 5231 Trinitas,
2096 5184 2215 5238 qua:
2246 5169 2540 5238 imperium
2576 5168 2901 5232 mihidedit,
2932 5170 2996 5221 ad
3034 5169 3371 5235 patriarcha-

1811 5273 1921 5316 tum
1950 5279 2099 5315 nova:
2122 5263 2304 5314 “tuna:
2324 5270 2374 5315 te
2396 5262 2625 5313 evehit.»
2651 5261 2724 5315 Ita
2751 5274 2780 5313 e
2807 5260 3058 5313 manibus
3080 5260 3372 5327 imperato-

1809 5354 1884 5404 ris
1911 5360 2174 5419 potestate
2192 5350 2539 5417 patriarclmli
2577 5359 2819 5415 accepta,
2848 5349 3153 5415 patriarcha
3193 5348 3365 5400 eidem

1809 5445 2016 5512 gratias
2046 5444 2262 5511 agebat.
2318 5441 2523 5494 Deinde
2570 5440 2757 5494 chori:
2820 5439 2910 5491 ιΙιι
2954 5439 3159 5493 multos
3197 5454 3368 5492 annos

1811 5536 2131 5596 Dominus»
2169 5538 2459 5596 canebant,
2485 5544 2648 5603 atque
2676 5534 2833 5586 [iebat
2865 5532 3138 5585 dimissio.
3168 5530 3371 5585 Dehinc

1809 5627 2118 5694 patriarcha
2153 5641 2277 5678 cum
2302 5626 2647 5693 lampadibus
2675 5624 2740 5677 ad
2778 5624 3029 5676 dibabula
3065 5623 3371 5675 descende-

1812 5716 1899 5769 bat
1927 5728 2276 5785 paratumque
2309 5717 2377 5769 ibi
2409 5716 2685 5770 inveniens
2713 5730 2911 5783 equum
2940 5715 3364 5769 conscendebat.

1879 5809 2153 5862 Soelestus
2204 5810 2305 5864 istc
2351 5809 2513 5877 igitur
2556 5819 2616 5861 ut
2657 5809 2956 5874 imperator
3002 5807 3153 5859 urbis
3219 5806 3362 5859 idem

1808 5902 1985 5958 facere
2020 5903 2265 5972 cupiens,
2299 5904 2441 5971 quod
2476 5900 2716 5956 fecerant
2742 5900 3038 5955 Christiani
3070 5899 3360 5967 imptt‘ato-
