4134 6452
746 448 852 509 899

1926 435 2245 495 GEORGII
2295 432 2720 519 eamme

3880 428 3985 489 900

746 568 804 616 ὶν
837 565 901 629 τῇ
936 560 1068 627 ’ἕκτῃ
1102 556 1323 625 συνόδῳ,
1357 555 1451 607 καὶ
1473 553 1499 604 ό
1532 552 1831 618 ἀγιώτατος
1866 551 2054 612 πάπας
2085 551 2301 621 Ἀδρια-
2334 557 2373 609 Α
2405 551 2484 601 ὃτι
2535 550 2595 601 οὐ
2660 550 2859 609 πάντες
2901 544 2951 596 οἱ
3007 541 3337 614 κρατοῦντες
3403 540 3620 599 πάντως
3674 540 3980 608 ὀρθ-εδοξοε,

747 657 833 713 νος
869 655 923 703 ὲν
948 653 1012 719 τῇ
1045 649 1243 716 ἐϐδόμῃ
1271 646 1425 715 311
1462 646 1680 713 συνόδῳ·
1726 644 1800 704 ώς
1843 644 1957 695 ἴστε
1989 642 2183 704 πάντες
2217 643 2299 693 ὅτι
2401 643 2507 695 ο)δ’
2546 638 2699 703 αὖθις
2728 641 2779 691 oi
2810 637 3175 707 κρατούμενοι
3206 634 3497 704 αίρετικοὶ,
3534 634 3609 691 ῶς
3651 632 3813 685 ἔστιν
3854 635 3984 686 locis

750 746 932 797 ἔθεντο
987 744 1082 794 καὶ
1134 737 1611 806 ἀναθεματισμοὺς
1667 738 1760 787 καὶ
1810 736 2147 803 ἀφορισμοὺς
2178 734 2302 785 ἀλύ-

750 854 894 900 τους,
924 837 998 903 μή
1031 854 1110 895 τις
1142 834 1386 901 τολμήσῃ
1414 830 1715 898 προσθῆσαι
1744 827 1775 895 ἢ
1818 828 2063 894 ὲκλείψαι
2100 827 2132 896 ἣ
2166 826 2301 887 ὅλως

752 928 1162 996 παραπλεῦσαι
1204 926 1348 993 άπερ
1377 926 1570 975 ἐκεῖνοι
1605 920 1977 987 εύαγγελικῶς
2026 921 2121 970 καὶ
2172 920 2301 969 ἁποο

749 1018 1008 1078 στολικῶς
1033 1014 1126 1066 καὶ
1160 1012 1402 1081 ἀκριϐῶς
1428 1009 1904 1075 ὲξακολουθοῦντες
1931 1008 2021 1059 διὰ
2054 1007 2303 1074 Πνεύμα-

743 1126 840 1170 τος
899 1109 1057 1171 ἁγίου
1115 1106 1537 1173 ὲσφραγίσαντο.
1579 1104 1872 1171 Μάρτυρες
1896 1100 2218 1152 τῶνῖαύτῶν
2247 1099 2302 1150 at

753 1200 1029 1251 συνοδικαὶ
1070 1198 1240 1264 βίϐλοι
1290 1197 1382 1248 καὶ
1433 1198 1497 1247 τὰ
1546 1194 1802 1246 συνοδικὰ
1838 1194 2143 1260 γράμματα
2194 1190 2303 1242 τῶν

748 1291 890 1339 κατὰ
921 1287 1105 1355 καιρδν
1147 1288 1332 1353 ἄκρων
1361 1283 1659 1353 ἀρχιερέων
1691 1282 1808 1348 ἦτοι
1842 1282 2039 1333 πάπων
2070 1279 2161 1332 καὶ
2197 1278 2304 1331 τῶν

752 1381 927 1445 ἁγίων
972 1378 1219 1448 μεγάλων
1244 1378 1470 1429 ἐκείνων
1499 1376 1752 1437 συνόδων,
1782 1375 1855 1434 ώς
1892 1373 2300 1442 ήριθμήσαμεν,

750 1475 814 1524 ὲκ
856 1471 955 1538 τῆς
1002 1469 1274 1538 ὑμετέρας
1320 1467 1473 1527 ὄντες
1523 1470 1613 1517 καὶ
1650 1466 1801 1516 αὐτοὶ
1846 1466 1947 1531 τῆς
1988 1463 2160 1529 φυλῆς
2194 1462 2305 1514 τῶν

748 1562 1012 1623 Λατίνων,
1073 1558 1261 1626 ἀνδρες
1307 1554 1795 1625 θεοφρουρούμενοι
1847 1553 1996 1623 ἔργῳ
2026 1554 2116 1604 καὶ
2162 1552 2304 1618 λόγῳ

747 1651 1120 1720 τετιμημένοι.
1150 1648 1364 1716 Ταύτην
1391 1648 1491 1713 τὴν
1522 1647 1819 1714 παράδοσιν
1852 1646 2013 1712 ἡμεῖς
2047 1643 2304 1710 ἀσφαλῶς

749 1742 1078 1810 κρατοῦμεν,
1115 1740 1201 1792 ἴνα
1248 1738 1324 1807 μὴ
1362 1738 1441 1800 είς
1485 1738 1793 1806 ἀφορισμδν
1839 1734 1946 1787 τῶν
1988 1735 2306 1799 ἁγιωτάτων

748 1834 1061 1888 ἀποστόλων
1089 1833 1182 1884 καῖ⁸
1219 1832 1327 1883 τῶν
1377 1830 1548 1897 ἁγίων
1587 1826 1982 1896 οίκουμενικῶν
2016 1827 2156 1878 έπτά
2182 1843 2305 1878 συν-

745 1926 882 1978 όδων
905 1926 998 1981 καὶ
1025 1924 1134 1975 τῶν
1162 1920 1481 1987 ἁγιωτάτων
1518 1920 1743 1971 ἐκείνων
1771 1917 1942 1979 ὅντως
1978 1918 2166 1984 ἄκρων
2200 1916 2301 1977 ἀρ-

750 2016 977 2085 χιερέων
1012 2014 1286 2079 πέσωμεν.
1322 2012 1429 2061 Καὶ
1452 2011 1615 2079 ήμείς
1640 2007 2017 2075 εύαγγελικῶς
2052 2008 2145 2059 καὶ
2169 2007 2305 2059 ἀπο-

751 2104 1013 2164 στολικῶς
1047 2105 1189 2155 κατά
1214 2100 1472 2168 ἀλήθειαν
1516 2099 1833 2168 κρατοῦμεν
1862 2101 1965 2167 τὴν
2003 2098 2305 2161 παράδοσιν

750 2199 851 2265 τῆς
890 2196 1271 2265 πρεσϐυτέρας
1317 2192 1557 2259 Ῥώμης·
1592 2192 1653 2242 τὸ
1683 2192 1790 2258 γὰρ
1824 2190 2091 2258 ἡμέτερον
2135 2190 2310 2256 δόγμα

751 2288 883 2355 παρ’
914 2287 1240 2354 ἀμφοτέρων
1282 2282 1339 2336 εὖ
1378 2288 1614 2335 πάντοτε
1675 2283 2025 2350 ὡμολογεῖτο,
2061 2282 2118 2332 τό
2146 2282 2201 2332 δὲ
2252 2278 2312 2343 ἐξ
2342 2325 2362 2339 ,

748 2381 930 2435 αὐτῶν
988 2377 1381 2444 καινοτομηθὲν
1438 2375 1622 2433 αὐτοῖς
1669 2373 1851 2440 μόνοις
1898 2371 2313 2438 ἀκατηγόρητον

752 2470 896 2527 εἶναι
943 2472 1130 2533 δοκεῖ,
1160 2468 1252 2520 καὶ
1284 2468 1427 2533 ἡμᾶς
1466 2466 1575 2517 ἔδει
1607 2465 1797 2532 κριτὰς
1833 2463 2014 2515 αὐτῶν
2046 2460 2185 2513 εἶναι
2216 2462 2309 2513 καὶ

750 2561 1117 2628 κατηγόρους,
1148 2561 1243 2611 καὶ
1273 2558 1371 2609 οὐκ
1402 2556 1599 2616 αὐτοὺς
1648 2554 1827 2621 ήμῶν.
1855 2553 1935 2604 Τὰ.
1969 2552 2063 2605 νῦν
2096 2553 2152 2603 δὲ
2177 2568 2310 2603 νεω-

752 2654 839 2706 στί
874 2668 1019 2712 τινες
1064 2648 1242 2702 αὐτῶν
1281 2648 1519 2713 θεολόγοι
1557 2646 1588 2715 ἢ
1624 2646 1717 2697 καὶ
1753 2646 1953 2712 μᾶλὶον
1986 2644 2159 2694 εἰπεῖν
2188 2659 2313 2695 και·

756 2746 988 2814 νολόγοι,
1043 2744 1135 2795 καὶ
1193 2741 1295 2793 οὐκ
1341 2738 1686 2807 αἰσχύνονται
1717 2738 1801 2787 ἐπ’
1831 2735 2149 2804 ὀκρίϐαντος
2180 2736 2309 2785 ἁνα-

754 2839 958 2890 ϐαίνειν
988 2836 1327 2907 διδάσκοντες
1375 2832 1553 2897 λέγειν
1605 2830 1879 2899 έρῤόρουμ
1934 2827 2306 2896 Γραικόρουμ,

750 2930 996 2982 τουτέστι
1047 2926 1334 2993 σφάλματα
1390 2926 1659 2993 ἡμέτερα,
1698 2916 1815 2973 εἶτα
1874 2922 1949 2990 μή
1984 2920 2200 2987 ἔχοντές
2252 2935 2306 2971 τι

750 3022 937 3090 ἕτερον
966 3022 1141 3073 εἰπεῖν
1195 3019 1242 3069 εί
1296 3019 1382 3088 μὴγ
1406 3016 1585 3083 μόνον,
1617 3014 1690 3075 ὡς
1723 3014 1971 3079 εἴπομεν,
2006 3014 2094 3063 διὰ
2126 3011 2185 3062 τὸ
2228 3010 2302 3078 μὴ

754 3116 900 3180 ημᾶς
937 3111 1113 3180 ὀρθῶς
1165 3111 1381 3176 φρονεῖν
1457 3106 1555 3173 τὴν
1612 3104 1882 3172 βασιλείαν
1926 3103 2307 3171 ἀπωλέσαμεν·

752 3203 915 3272 312
940 3201 1034 3254 καὶ
1061 3199 1217 3252 αὐτοὶ
1248 3197 1491 3264 τάχαώς
1519 3195 1679 3263 δῆθεν
1701 3193 1971 3263 όρθόδοξοι
2005 3195 2133 3255 ἴσως
2153 3193 2304 3255 ὄντες

756 3294 912 3346 αὐτοὶ
944 3293 1153 3346 ἑαυτῶν
1178 3290 1275 3359 τήν
1310 3288 1588 3359 βασιλείαν
1632 3285 1947 3355 κρατοῦσιν,
1981 3286 2078 3336 οὐκ
2114 3284 2309 3346 εἰδότες
2340 3281 2383 3336 C
2417 3287 2611 3353 αἴτιον,
2663 3290 2871 3358 κόσμου
2921 3288 3031 3340 ἔτει
3067 3296 3201 3361 ,ςφκ
3268 3288 3603 3351 ίνδικτιῶνος
3661 3288 3758 3343 ια’.

758 3471 1027 3524 erationes
1061 3476 1355 3536 perpetuas
1389 3467 1457 3523 iis
1489 3468 1723 3521 minatos
1751 3482 1894 3531 esse,
1928 3466 2020 3536 qui
2054 3467 2186 3535 quid
2214 3469 2311 3521 ad-

754 3562 941 3615 derent
966 3571 1056 3613 aut
1085 3559 1364 3612 demerent
1393 3565 1487 3610 aut
1519 3557 1743 3609 omnino
1777 3555 2105 3617 ﬂuctuarent
2141 3559 2193 3610 in
2220 3559 2309 3620 iis,

754 3666 877 3721 qua:
904 3650 1028 3719 ipsi,
1056 3646 1328 3717 Evangelii
1358 3656 1411 3700 et
1442 3646 1812 3714 apostolorum
1852 3653 2118 3714 praecepta
2146 3662 2311 3701 accu-

756 3751 875 3795 rate
907 3740 1140 3794 assecuti
1167 3753 1260 3807 per
1288 3746 1535 3791 sanetum
1563 3735 1851 3806 Spiritum,
1870 3737 2308 3791 constituissem.

760 3832 949 3887 Testes
980 3841 1105 3884 sunt
1133 3830 1251 3883 libri
1282 3830 1543 3884 etlitterze
1568 3829 1814 3899 synodici
1838 3843 2174 3883 summorum
2201 3830 2314 3884 sin-

758 3924 898 3993 gulis
930 3921 1263 3989 temporibus
1283 3919 1659 3990 episeOporum
1685 3922 1799 3974 sive
1826 3936 2085 3990 paparum
2106 3931 2160 3976 et
2182 3938 2311 3975 san-

757 4026 965 4069 clarum
1018 4015 1228 4067 illarum
1272 4012 1627 4081 synodorum,
1662 4027 1799 4076 quas
1850 4013 2310 4076 enumeravimus,

755 4121 878 4159 cum
927 4104 999 4157 illi
1034 4120 1063 4157 e
1114 4114 1291 4156 vestra
1326 4111 1380 4155 et
1412 4100 1731 4155 Latinorum
1766 4110 1926 4169 gente
1956 4113 2161 4166 essent,
2211 4103 2310 4155 viri

754 4195 825 4264 pii
866 4204 921 4249 et
942 4195 1278 4247 venerabiles
1308 4192 1454 4245 dicto
1494 4200 1546 4244 et
1581 4191 1744 4245 facto.
1784 4190 1928 4245 Hanc
1959 4193 2122 4261 igitur
2150 4195 2315 4247 tradi-

753 4288 954 4341 tionem
991 4286 1301 4340 iuviolatam
1326 4299 1635 4346 servamus,
1668 4299 1733 4337 ne
1756 4284 1809 4337 in
1839 4285 2309 4339 sanetissimorum

752 4378 1124 4443 apostolorum
1148 4387 1201 4430 et
1232 4385 1435 4442 septem
1467 4382 1779 4427 sanctarum
1808 4374 2139 4443 synodorum
2163 4391 2314 4431 mcu-

754 4469 1089 4522 menicarum
1121 4476 1175 4521 et
1209 4466 1687 4521 sanctissimorum
1721 4466 1935 4518 illorum
1959 4482 2145 4520 revera
2170 4483 2312 4521 sum-

2340 1886 2377 1938 Β

2403 734 2488 799 ἐφ’
2516 735 2682 801 ἡμῖν·
2742 733 2815 800 μὴ
2865 733 2973 798 γάρ
3014 728 3283 797 ὀρθόδοξοί
3326 729 3464 778 εἰσιν
3517 728 3563 778 oi
3598 725 3982 793 Ἰσμαηλῖται,

2404 827 2487 878 ὅτι
2516 823 2814 893 κρατοῦσιν
2848 821 3041 889 ήμῶν,
3098 821 3191 871 καὶ
3230 818 3336 885 πρὸ
3370 816 3575 868 τούτων
3600 817 3650 867 oi
3687 815 3983 867 εἰδωλολά·

2404 935 2531 985 τραι
2580 918 2631 969 οἳ
2681 917 2805 976 τοὺς
2852 911 3219 983 Χριστιανοὺς
3267 911 3513 973 ὲδέωκον,
3544 909 3576 976 ἢ
3606 909 3783 960 πάλιν
3813 909 3982 959 01A!-

2404 1008 2626 1074 γύπτιον.
2689 1007 2720 1073 ἦ
2768 1004 3099 1057 Βαϐυλώνιοι
3148 1004 3201 1055 οῖ
3252 1020 3377 1055 ποτε
3410 1000 3848 1063 ἐξουσιάσαντες
3884 1000 3986 1050 τιῗιν

2404 1096 2791 1165 Ἰσμαηλιτῶν.
2834 1096 2977 1148 ’Δ).λ⁹
3014 1096 3113 1147 οὐκ
3145 1094 3327 1162 ἔχουσι
3360 1094 3410 1143 τί
3446 1094 3639 1143 εἰπεῖν·
3670 1090 3853 1156 δῆλον
3883 1091 3987 1157 γάρ

2405 1188 2486 1240 ὅτι
2511 1189 2558 1239 οί
2597 1187 2695 1254 μὲν
2732 1185 3124 1253 κυριεύσαντες
3159 1182 3392 1244 ἀσεϐεῖς,
3425 1184 3472 1233 oi
3505 1182 3561 1233 δὲ
3585 1182 3987 1250 κυριευόμενοι

2406 1281 2673 1341 εὑσεοὲλς.
2710 1279 2810 1331 Διά
2836 1276 2997 1329 τοῦτο
3049 1277 3110 1329 οὐ
3155 1275 3237 1327 δεῖ
3268 1275 3463 1335 αὐτοὺς
3502 1275 3833 1341 κομπάζειν
3864 1274 3990 1337 περὶ

2408 1370 2511 1438 τῆς
2544 1370 3003 1440 αὐτοκρατορίας.
3060 1366 3173 1419 Καὶ
3226 1368 3319 1417 ἐπὶ
3376 1366 3584 1426 τούτοις
3631 1363 3990 1431 ἁντεροῦμεν

2407 1466 2591 1525 αὐτοῖς
2613 1480 2626 1493 ·
2656 1463 2778 1524 Πῶς
2807 1464 2855 1514 οί
2890 1462 3030 1514 κατά
3055 1464 3155 1529 τὴν
3182 1461 3399 1513 Μυσίαν
3446 1459 3542 1509 καὶ
3581 1457 3877 1508 Ῥωσσίαν
3903 1457 3996 1508 κ’).

2405 1554 2652 1624 Ἰϐηρίαν
2703 1556 2802 1612 τὴν
2850 1553 2991 1623 ἑῴαν
3053 1554 3150 1605 καὶ
3186 1552 3487 1615 Ἀϐασγίαν
3541 1549 3845 1611 οίκοῦντες
3899 1550 3989 1601 καὶ

2375 1648 2468 1715 γέν
2520 1648 2727 1706 λοιποῖς
2776 1647 2965 1702 τόποις
3017 1646 3245 1713 ἄρχουσι
3289 1644 3393 1695 καὶ
3428 1643 3690 1711 ἄρχονται
3720 1641 3995 1714 ἀφ’)αυ·

2408 1739 2519 1792 τῶν
2550 1779 2565 1801 ,
2599 1740 2780 1791 καίτοι
2820 1755 2880 1803 γε
2930 1741 3043 1798 τοῖς
3086 1737 3379 1804 ἡμετέροις
3429 1736 3695 1803 δόγμασιν
3754 1734 3995 1785 ἀκολου-

2409 1830 2598 1894 θοῦσις
2631 1831 2741 1883 Καὶ
2776 1830 2949 1890 ἄλλως
2993 1830 3055 1879 τδ
3084 1828 3292 1895 σχίσμα
3318 1827 3426 1879 τιῖν
3460 1825 3773 1893 ἐκκλησιῶν
3806 1826 3995 1892 {mtr-

2411 1938 2502 1972 σεν
2550 1922 2579 1972 ό
2621 1921 2811 1981 πὰπας
2844 1922 3118 1988 Στέφανος
3147 1922 3175 1971 ό
3217 1919 3503 1987 Συριρρὼν,
3535 1920 3591 1978 ὃς
3627 1921 3726 1971 καὶ
3755 1919 3993 1986 πρῶτος

2412 2014 2525 2073 τοῖς
2556 2014 2785 2073 Ἰταλοῖς
2839 2014 2979 2079 μετὰ
3040 2012 3266 2080 ἀζύμων
3331 2012 3653 2078 παρέδωκεν
3706 2012 3995 2063 ἐπιτελεῖν

2412 2107 2511 2169 τήν
2567 2104 2732 2170 ἀγίαν
2779 2104 3115 2172 ἱερουργίαν,
3157 2104 3251 2155 καὶ
3281 2104 3381 2170 τήν
3414 2102 3738 2171 προσθήκην
3772 2103 3885 2171 τὴν
3921 2104 3997 2163 εἰς

2409 2195 2472 2247 τὸ
2532 2194 2801 2262 σύμϐολον
2853 2196 2915 2247 τὸ
2948 2196 3102 2259 ἀγιον
3146 2195 3394 2262 φανερῶς
3450 2194 3715 2261 ἐκήρυξε,
3758 2196 3866 2246 καὶ
3903 2194 3997 2255 τὸς

2412 2285 2601 2352 τρίχας
2630 2284 2723 2335 τοῦ
2758 2284 3016 2350 πώγωνος
3044 2283 3257 2352 πρῶτος
3302 2283 3589 2350 ἀπέθριξε,
3616 2284 3716 2335 καὶ
3745 2285 3874 2344 τοῖς
3906 2285 3995 2335 ὑπ’

2414 2375 2576 2427 αὑτὸν
2608 2377 2773 2427 πᾶσιν
2814 2374 2987 2435 οὕτως
3031 2374 3286 2438 ὶξέδωκε,
3334 2375 3718 2443 βασιλεύοντος
3756 2376 3869 2442 μὲν
3902 2377 3996 2441 τῆς

2413 2469 2538 2530 νέας
2571 2466 2795 2534 Ῥώμης
2826 2466 2903 2534 τῷ
2933 2467 3055 2518 τότε
3103 2467 3287 2535 καιρῷ
3324 2467 3418 2519 τοῦ
3452 2467 3800 2534 ἀειμνήστου
3842 2452 3995 2535 βασι-

2411 2559 2548 2618 λέως
2575 2558 2993 2610 Κωνσταντίνου
3028 2558 3121 2610 τοῦ
3174 2559 3505 2627 μονομάχου,
3544 2560 3997 2627 πατριαρχεύον-

2411 2666 2503 2710 τος
2533 2649 2587 2702 δὲ
2620 2648 2856 2718 Μιχαὴλ,
2906 2650 2963 2711 ὃς
2998 2652 3062 2717 τῇ
3118 2649 3404 2717 ἐπωνυμίᾳ
3447 2651 3665 2715 ἐλέγετο
3701 2651 4000 2719 Κηρουλά-

2417 2757 2553 2808 ριος.
2580 2740 2749 2800 Οῦτος
2791 2739 2885 2793 οῦν
2916 2745 2941 2793 ὁ
2974 2743 3319 2810 πατριάρχης
3350 2740 3546 2812 γνώμῃ
3570 2742 3667 2794 τοῦ
3720 2743 3999 2810 βασιλέως

2413 2832 2509 2882 καὶ
2566 2831 2674 2883 τῶν
2703 2831 2863 2899 313
2918 2834 3121 2899 ἐτέρων
3171 2832 3341 2896 τριῶν
3373 2832 3743 2899 πατριαρχῶν
3771 2835 3877 2885 καὶ
3910 2833 3998 2882 το)

2410 2923 2846 2990 ἀρχιεπισκόπου
2912 2923 3254 2990 Βουλγαρίας
3312 2923 3405 2974 καὶ
3456 2922 3552 2973 τοῦ
3610 2924 3854 2991 Κύπρου
3908 2929 3999 2975 καὶ

2418 3014 2600 3080 πάσης
2632 3016 2731 3080 τῆς
2765 3012 2857 3064 ὑπ’
2885 3014 3049 3066 αὐτὸν
3084 3015 3304 3065 συνόδου
3338 3015 3430 3065 τδν
3468 3015 3767 3081 εἰρημένον
3807 3018 3997 3068 πάπαιι

2420 3104 2693 3170 Στέφανον
2738 3104 2847 3156 τῶν
2893 3104 3170 3173 διπτύχων
3212 3104 3497 3167 ἐξέϐαλεν,
3551 3104 3859 3173 ζητοῦντες
3905 3108 3997 3172 τῆς

2410 3196 2517 3247 τῶν
2544 3197 2770 3266 ἀζύμων
2821 3199 2913 3251 καὶ
2972 3198 3076 3267 τῆς
3128 3197 3449 3265 προσθήκης
3494 3198 3594 3266 τῆς
3642 3198 3898 3265 ἐμϐολῆς
3944 3205 4001 3249 τὸ

3846 3291 4001 3342 Ἦδι

2409 3470 2563 3524 licet.
2599 3470 2682 3523 An
2717 3469 3006 3522 orthodoxi
3044 3482 3170 3522 sunt
3197 3468 3504 3527 lsmaelitm,
3537 3470 3668 3536 quia
3700 3474 3871 3525 nabis
3900 3474 4002 3526 im-

2413 3568 2625 3627 perant,
2674 3566 2769 3611 aut
2812 3558 3023 3625 priores
3057 3558 3163 3611 illis
3189 3556 3507 3619 iduloialrzP,
3539 3557 3628 3625 qni
3668 3560 4004 3624 premebant

2410 3648 2775 3712 Christianos,
2830 3657 2923 3701 aut
2972 3646 3207 3718 Egyptii
3242 3647 3326 3699 vel
3369 3646 3651 3717 Babylonii
3693 3648 4003 3703 lsmaelitis

2412 3742 2539 3795 olim
2581 3742 2904 3809 imperantes
2933 3740 3273 3795 ?Enimvero
3321 3756 3427 3793 non
3468 3741 3698 3803 habent,
3735 3742 3879 3810 quid
3918 3758 4002 3797 re-

2412 3834 2737 3902 spondeant.
2780 3832 2837 3885 In
2868 3843 3057 3901 aperto
3098 3833 3242 3887 enim
3276 3842 3381 3895 est,
3416 3848 3509 3886 eos
3551 3834 3647 3901 qui
3689 3836 4002 3902 imperant,

2412 3926 2629 3992 impios,
2660 3924 2856 3992 quibus
2890 3934 3072 3977 autem
3110 3924 3430 3991 imperatur,
3462 3922 3583 3991 pios
3611 3938 3767 3976 esse.
3808 3924 3999 3988 Quart

2413 4029 2521 4069 non
2572 4018 2728 4069 decet
2762 4016 2882 4069 illos
2902 4016 3110 4084 jactare
3140 4016 3430 4082 imperium
3489 4030 3679 4068 suum.
3722 4014 4000 4069 Prw-terea

2412 4116 2601 4161 contra
2660 4109 2883 4162 eosdem
2934 4107 3181 4161 dicamus
3220 4125 3233 4159 :
3269 4107 3554 4172 Quomodo
3602 4098 4001 4177 qui‘llysiam,

2415 4196 2688 4258 Rossiam,
2716 4198 2942 4250 Iberiam
2964 4199 3282 4251 orientalem
3308 4209 3360 4251 et
3384 4199 3677 4267 Ahasgiam
3718 4202 3998 4261 habitant,

2413 4298 2462 4341 et
2499 4289 2619 4341 aliis
2679 4290 2731 4340 in
2768 4290 3083 4355 regionibus
3137 4299 3381 4356 regnent,
3408 4301 3462 4341 et
3494 4290 3580 4342 sui
3640 4291 3797 4357 juris
3864 4294 3998 4351 sint,

2413 4379 2851 4447 quandoquidem
2884 4392 3125 4433 nostram
3151 4391 3352 4433 sectam
3379 4385 3729 4448 sequuntur?
3756 4387 3826 4437 At
3848 4391 3998 4439 enim

2412 4468 2769 4523 ecclesiarum
2799 4468 3199 4524 dissensionem
3228 4480 3431 4524 temere
3472 4475 3642 4525 movit
3676 4474 3997 4543 Stephanus

756 4573 969 4613 morum
1000 4558 1379 4627 cpisc0porum
1412 4555 1840 4610 exsecrationem
1877 4556 2200 4611 incidamus.
2233 4558 2309 4610 Ac
2338 4579 2389 4636 ι)
2417 4558 2658 4625 Syrphro
2712 4574 2871 4627 papa,
2921 4560 3014 4628 qui
3074 4560 3286 4627 primus
3317 4576 3453 4628 pane
3511 4578 3619 4614 non
3656 4565 3999 4619 fermentata

755 4660 1006 4705 tenemus
1028 4664 1157 4702 sane
1202 4646 1510 4716 evangelice
1546 4656 1600 4699 et
1639 4647 1936 4714 apostolice
1965 4649 2309 4702 traditionem

756 4742 955 4795 veteris
1014 4741 1219 4795 Romae.
1260 4737 1458 4793 Nostra
1493 4740 1638 4791 enim
1668 4739 1918 4792 doctrina
1966 4739 2036 4793 ah
2066 4740 2313 4810 unisque

753 4846 969 4897 semper
998 4829 1281 4883 observata
1308 4834 1425 4891 est;
1445 4835 1499 4879 at
1521 4842 1640 4891 qua:
1664 4826 1731 4880 ab
1758 4826 1864 4880 illis
1883 4827 2142 4881 innovata
2160 4838 2309 4895 sunt,

753 4923 886 4978 solis
918 4922 1051 4989 ipsis
1073 4936 1177 4974 non
1208 4919 1568 4987 vituperanda
1591 4933 1715 4971 esse
1737 4917 2011 4983 videntur,
2035 4919 2106 4972 ita
2126 4928 2186 4973 ut
2212 4935 2311 4973 nos

752 5016 967 5068 illorum
1000 5010 1216 5081 judices
1248 5019 1300 5062 et
1334 5017 1682 5061 accusatores
1730 5021 1851 5061 esse
1889 5016 2162 5076 Oporteat,
2197 5024 2307 5063 non

747 5113 962 5158 contra.
1011 5100 1190 5168 Nuper
1244 5113 1372 5152 vero
1404 5098 1457 5151 in
1491 5098 1597 5152 illis
1630 5097 1851 5165 quidam
1887 5113 2073 5151 rerum
2097 5098 2308 5151 divina-

748 5209 853 5247 rur.
881 5233 897 5257 ,
935 5192 1043 5245 imo
1074 5192 1253 5260 potius
1278 5204 1541 5242 novarum
1571 5188 1802 5242 studiosi
1825 5189 2181 5254 exstiterunt,
2209 5190 2303 5257 qui

749 5300 856 5337 non
889 5292 1227 5343 vererentur,
1255 5282 1322 5334 de
1356 5282 1557 5333 nostris
1576 5280 1784 5333 scilicet
1811 5279 2093 5333 erroribus
2122 5282 2303 5348 dispu-

748 5378 936 5437 taturi,
963 5376 1013 5425 in
1038 5382 1349 5441 suggestum
1382 5371 1696 5435 ascendere,
1720 5386 1843 5423 cum
1865 5370 1999 5423 nihil
2021 5371 2301 5435 haberent,

745 5467 895 5535 quod
930 5466 1208 5527 afferrent,
1233 5462 1339 5518 nisi
1370 5464 1623 5517 amisisse
1653 5478 1751 5516 nos
1780 5462 2061 5531 imperium
2085 5475 2301 5531 propter

744 5561 1005 5614 doctrinae
1039 5560 1360 5627 pravitatem
1399 5572 1412 5607 :
1445 5555 1601 5624 quasi
1631 5570 1758 5608 Vero
1786 5554 1911 5622 ipsi,
1940 5555 2085 5623 quod
2114 5558 2301 5607 ortho-

741 5652 870 5704 dosi
913 5649 1040 5710 sint,
1079 5656 1335 5701 tueantur
1380 5647 1667 5713 imperium
1722 5659 1905 5709 suum,
1972 5645 2143 5713 ignari
2200 5646 2297 5707 illi,

743 5757 850 5793 non
883 5756 1095 5802 omnes,
1126 5740 1217 5809 qui
1245 5738 1537 5808 imperant,
1558 5737 1914 5801 orthodoxos,
1938 5752 2036 5791 nec
2055 5737 2147 5805 qui
2166 5738 2297 5789 obe-

740 5832 917 5894 diunt,
940 5830 1222 5885 haereticos
1252 5847 1391 5897 esse,
1416 5829 1465 5883 id
1490 5830 1633 5898 quod
1662 5828 1713 5881 in
1753 5828 1907 5881 nobis
1937 5826 2293 5880 animadverti

2414 4660 2661 4703 sanctum
2694 4649 3022 4703 sacriﬁcium
3058 4655 3240 4719 peragi
3277 4652 3426 4713 sivit,
3458 4662 3513 4705 et
3539 4654 3994 4712 additamentum

2413 4736 2543 4790 illud
2570 4738 2634 4790 ad
2676 4746 2925 4791 sanetum
2973 4738 3279 4808 symbolum
3309 4740 3483 4807 palam
3516 4743 3914 4809 proclamavit,
3937 4764 3997 4802 ac

2411 4828 2619 4897 primus
2646 4830 2867 4883 barbam
2890 4831 3148 4895 totondit,
3172 4832 3424 4901 idemque
3446 4836 3717 4889 omnibus
3741 4839 3847 4891 sibi
3874 4844 3998 4892 sub-

2410 4920 2572 4989 jectis
2608 4920 2787 4974 facere
2815 4922 3089 4989 permisit,
3120 4934 3384 4990 regnante
3408 4932 3521 4975 ttun
3546 4924 3705 4992 Cpoli
3732 4943 3997 4997 perpetuo

2412 5010 2748 5062 memorabili
2800 5010 3130 5077 imperatore
3175 5010 3539 5065 Constantino
3582 5012 3961 5072 Monomacho

2412 5099 2834 5165 patriarchatum
2868 5102 3289 5155 administrante
3328 5102 3618 5168 Michaele,
3652 5111 3753 5175 qui
3788 5126 3991 5180 cognol

2409 5205 2593 5244 mento
2639 5192 2955 5246 Cerularius
2982 5194 3381 5262 appellabatur.
3418 5194 3528 5271 llic.
3548 5196 3726 5264 igitur
3760 5203 3993 5269 patriar—

2409 5285 2512 5337 cha
2544 5300 2573 5338 e
2611 5287 2881 5339 sententia
2937 5287 3286 5354 imperatoris
3330 5298 3384 5341 et
3435 5290 3783 5358 reliquorum
3823 5296 3987 5347 trium

2409 5377 2865 5445 patriarcharum,
2898 5379 3293 5447 archiepiscopi
3323 5381 3449 5433 item
3489 5382 3767 5452 Bulgaria
3797 5398 3848 5439 et
3880 5387 3989 5453 Cy.

2407 5469 2511 5535 pri,
2546 5467 2711 5521 tutius
2740 5468 2999 5535 denique,
3030 5470 3117 5522 cui
3142 5484 3391 5537 praeerat,
3418 5476 3635 5540 synodi.
3666 5492 3798 5529 eum
3827 5494 3984 5546 quem

2406 5559 2541 5620 dixi,
2584 5574 2776 5625 papam
2812 5556 3175 5625 Stephanum,
3224 5561 3535 5629 diplontatis
3590 5568 3777 5633 ejecit,
3830 5572 3983 5635 panis

2405 5650 2710 5702 fermentati
2731 5662 2783 5702 et
2809 5652 2934 5703 facti
2956 5653 3309 5705 additamentt
3343 5658 3610 5708 rationem
3640 5660 3979 5713 desiderans.

2404 5753 2549 5790 anno
2601 5738 2792 5791 mundi
2822 5739 2984 5793 6500.
3024 5740 3277 5795 Ecclesiae
3330 5755 3516 5795 autem
3554 5747 3898 5800 Alexandria:
3926 5762 3977 5799 et

2406 5830 2705 5885 Λιιιίοοιιίιυ
2724 5841 2776 5885 et
2805 5829 3333 5902 Hierosolymorum,
3369 5836 3543 5891 ﬁdelis
3569 5839 3832 5904 Thebais,
3858 5856 3981 5895 san-
