4134 6452
138 430 211 491 90
224 427 243 490 ι

1167 432 1603 493 (IllllONiCON
1648 433 1916 496 MMUS.
1948 460 2012 470 -
2045 435 2191 497 LIB.
2236 437 2329 497 ιν.

3190 474 3195 479 ι
3270 437 3377 501 902

153 546 456 615 Ἐκκλησία
498 547 593 615 τῆς
637 548 1041 617 Ἀλεξανδρεὺς
1102 551 1199 600 καὶ
1242 549 1575 618 Ἀντιοχείας
1624 547 1715 597 καὶ
1747 552 1788 605 Α
1821 549 2055 617 δέχεται,
2091 570 2108 602 i
2174 554 2267 603 καὶ
2306 552 2372 605 τὰ
2435 552 2581 621 ἐξῆς.
2627 569 2644 603 ι
2703 552 2898 613 Πιστὸς
2950 553 3093 621 γὰρ,
3137 551 3323 619 φησὶν,
3360 554 3381 601 5

152 639 565 707 Ἰεροσολύμων,
592 641 625 706 ή
670 639 939 708 Θηϐατςή
976 640 1163 709 πιστὴ.
1202 643 1236 708 ἡ
1266 640 1439 703 Λιϐύη
1481 640 1514 705 ἡ
1562 638 1710 699 ὁσία,

139 732 172 797 ή
207 731 337 792 τοὺς
362 730 591 791 πολίτας
637 730 884 797 θρέψασα
927 731 1023 797 τῆς
1075 730 1347 800 βασιλείας
1387 733 1496 783 τῶν
1546 731 1712 800 οὐρα-

140 818 278 880 νῶν,
310 818 490 881 καθὼς
540 823 704 889 φησιν
747 823 775 872 6
825 821 969 873 θεῖος
997 822 1246 890 Κοσμᾶς,
1279 821 1337 872 ἐν
1365 819 1502 887 ποίῳ
1532 819 1712 889 καιρῷ

139 910 525 977 ἐδουλώθησαν
553 912 655 963 61:6
676 910 770 965 τοῦ
804 913 994 980 ἀμηρᾶ
1018 913 1234 981 Οὐμὰρ,
1259 913 1407 974 ὅστις
1436 909 1505 982 ἦν
1533 916 1562 966 6
1598 912 1712 981 τρί-

137 1018 235 1062 τος
260 1002 396 1067 μετὰ
424 1002 516 1053 τδν
542 1004 988 1071 τρισκατάρατον
1021 1003 1291 1073 Μωάμεθ,
1330 1007 1425 1060 καὶ
1450 1005 1711 1075 ᾐχμαλω-

136 1091 453 1158 τίσθησαν;
493 1095 604 1146 Καὶ
653 1096 815 1147 τοῦτο
859 1095 1093 1162 φανερόν
1153 1096 1301 1148 ἐστιν
1348 1095 1423 1158 ὡς
1465 1095 1710 1163 ἐγεγόνει

138 1185 239 1235 ἐπὶ
275 1185 376 1252 τῆς
405 1184 684 1252 βασιλείας
740 1188 1158 1241 Κωνσταντίνου
1203 1188 1297 1241 τοῦ
1342 1188 1706 1256 Πωγωνάτου,

136 1277 351 1345 κόσμου
400 1277 509 1331 ἔτει
546 1278 740 1351 ,ςρλδᾌ
774 1280 907 1348 πρὶν
939 1282 1039 1349 τὴν
1072 1281 1237 1347 ἁγίαν
1270 1282 1365 1334 καὶ
1394 1282 1708 1350 οίκουμενι-

136 1367 249 1436 κῆν
284 1367 452 1436 ἕκτην
486 1369 704 1422 σύνοδον
740 1370 1198 1441 συναθροισθῆναι
1224 1412 1239 1437 ,
1270 1372 1404 1425 ὅπου
1439 1371 1561 1425 οὔτε
1595 1371 1710 1441 σχί-

135 1476 330 1526 σματα
382 1462 440 1511 ἐν
471 1463 591 1523 ταῖς
635 1462 951 1530 ἐκκλησίαις
981 1463 1229 1532 ὑπῆρχον
1267 1462 1389 1515 οὔτε
1432 1463 1706 1533 διαφοραί.

133 1552 297 1605 Μετὰ
342 1551 398 1604 δέ
432 1568 557 1605 τινα
591 1554 784 1623 καιρὸν
836 1554 888 1606 oi
938 1553 1177 1623 βασιλεῖς
1215 1557 1354 1625 μετὰ
1391 1557 1560 1610 κόπου
1607 1557 1708 1608 οὐκ

130 1641 322 1708 ὀλίγου
356 1642 455 1712 τὴν
490 1643 653 1710 ἁγίαν
689 1644 845 1697 πόλιν
884 1645 947 1696 ἐκ
997 1644 1107 1696 τῶν
1134 1646 1333 1714 χειρῶν
1362 1647 1468 1699 τῶν
1496 1647 1707 1700 ἀσεϐῶν

132 1735 525 1803 ἠλευθέρωσαν
590 1738 686 1789 καὶ
771 1736 877 1789 61:6
933 1738 1034 1805 τὴν
1090 1737 1338 1802 ἐξουσίαν
1413 1738 1707 1807 Ῥωμαίοις

137 1827 433 1895 ἐποίησαν·
467 1828 563 1879 καὶ
594 1828 757 1880 πάλιν
797 1828 859 1880 ἐκ
889 1828 1151 1898 δευτέρου
1187 1830 1277 1881 ἐπὶ
1302 1829 1404 1897 τῆς
1429 1830 1707 1900 βασιλείας

135 1919 427 1970 Βασιλείου
508 1918 604 1971 τοῦ
676 1921 1196 1989 πορφυρογεννήτου
1269 1924 1363 1975 τοῦ
1410 1923 1705 1992 λεγομένου

132 2010 614 2080 ηουλγαροκτόνου
665 2014 691 2064 6
741 2015 841 2081 τῆς
874 2013 1150 2077 Αίγύπτου
1200 2014 1425 2083 ἁμήρᾶς
1472 2014 1708 2079 ’Λζίζιος

130 2106 240 2171 τήν
265 2104 428 2170 ἁγίαν
459 2104 617 2156 πόλιν
649 2102 811 2157 πάλιν
836 2103 999 2157 ἔλαϐε
1034 2104 1278 2175 πολέμῳ,
1298 2107 1394 2159 καὶ
1422 2106 1513 2159 τὸν
1534 2107 1708 2175 τάφον

132 2199 235 2250 τυῦ
280 2199 534 2269 Σωτῆρος
594 2200 750 2267 ήμῶν
817 2199 991 2270 Ἰησοῦ
1043 2200 1283 2269 Χριστοῦ
1335 2204 1710 2273 ἐγηγερμένον

134 2290 449 2351 πολυτελῶς
486 2290 631 2343 θετον
661 2290 788 2343 ναὸν
816 2292 1252 2363 κατεστρέψατο,
1294 2294 1390 2346 καὶ
1440 2294 1509 2345 τά
1538 2293 1708 2362 σκεύη

133 2381 484 2450 ἐλυμήνατο,
529 2382 599 2434 τὰ
637 2384 977 2453 μοναστήρια
1040 2385 1404 2454 κατηδᾰπρισε,
1448 2387 1545 2439 καὶ
1584 2386 1708 2448 τοὺς

132 2472 307 2544 314
340 2474 711 2538 ἀσκουμένους
751 2475 1070 2545 ἁπανταχοῦ
1107 2476 1205 2545 τῆς
1229 2480 1331 2547 γῆς
1363 2478 1577 2549 ἐκείνης
1610 2496 1708 2547 μο..

136 2565 364 2635 ναχοὺς,
406 2567 643 2630 Ἰταλοὺς
690 2568 750 2621 τὸ
780 2569 942 2621 πλέον
976 2570 1008 2639 ἢ
1044 2568 1351 2639 Ῥωμαίους
1392 2569 1484 2623 καὶ
1513 2569 1572 2633 ἐξ
1600 2570 1711 2624 ἐτέ-

139 2673 260 2725 ρων
308 2655 514 2724 φυλῶν,
558 2657 825 2725 ἐφόνευσε
866 2659 964 2711 καὶ
997 2659 1357 2726 ἐφυγάδευσε.
1393 2660 1540 2712 Πάνυ
1576 2660 1709 2711 θαυ-

142 2746 356 2815 μαστόν
406 2749 591 2811 ἐστιν,
646 2749 720 2812 ῶς
749 2749 1027 2817 λέγουσιν,
1064 2752 1362 2819 ήνωμένων
1400 2750 1576 2802 οὐσῶν
1603 2749 1711 2803 τῶν

139 2840 457 2908 ἐκκλησιῶν
487 2840 565 2909 τῷ
603 2843 722 2894 τότε
753 2842 956 2911 καιρῷ,
992 2842 1108 2905 πῶς
1134 2845 1161 2895 6
1195 2843 1326 2905 Θεὸς
1360 2843 1711 2913 ἐπαρέδωκεν

137 2931 340 2993 αὐτοὺς
368 2932 446 2993 είς
478 2934 659 3001 χεῖρας
696 2933 927 2987 ἀσεϐῶν.
966 2935 1128 2987 Ὥστε
1164 2937 1226 2988 ἐκ
1255 2938 1475 2990 πάντων
1503 2936 1711 2989 τούτων

133 3015 209 3088 ἦν
252 3019 377 3072 ἱδεῐν
402 3021 483 3073 ὅτι
531 3022 592 3074 οὑ
642 3023 741 3075 διὰ
770 3026 1115 3093 παρανομίαν
1156 3026 1280 3078 τινὰ
1329 3026 1709 3096 παρεδόθημεν

135 3113 255 3174 τοῖς
314 3113 524 3181 ἐχθροῖς
572 3114 762 3183 ἡμῶν,
817 3116 955 3169 ἁλλὰ
992 3118 1134 3187 πρὸς
1174 3117 1405 3186 μερικὴν
1432 3119 1705 3180 παιδείαν,

1813 639 1967 705 Θεὸς,
2004 642 2061 703 ὃς
2093 644 2190 696 οὐκ
2236 646 2434 712 ἀφήσει
2487 646 2631 713 ὑμᾶς
2686 645 2767 703 είς
2817 644 2970 704 τέλος
3008 644 3380 714 πειρασθῆναι

1816 732 1955 801 ὑπὲρ
2001 734 2028 784 ὃ
2057 734 2309 787 δύνασθε.
2348 754 2366 786 ι
2414 738 2524 788 Καὶ
2553 739 2581 789 6
2617 736 2781 789 Δαϐίδ
2810 753 2825 768 ⁸
2859 754 2877 786 ι
2924 736 3202 789 Παιδεύων
3227 736 3383 789 ἐπαί-

1814 824 1972 877 δευσέ
2023 840 2091 894 με
2134 827 2161 877 ὁ
2215 826 2456 896 Κύριος,
2490 826 2568 895 τῷ
2613 828 2673 882 δέ
2720 828 2936 897 θανάτῳ
2984 828 3045 879 o6
3094 829 3379 897 παρέδωκε

1815 932 1904 984 με.
1938 936 1957 967 ι

1882 1008 1993 1060 Καὶ
2020 1007 2178 1059 τοῦτο
2202 1008 2456 1060 ἄκουσον.
2497 1009 2710 1078 Ὠσπερ
2738 1011 2916 1061 τοίνυν
2959 1011 2991 1077 ἡ
3023 1008 3134 1061 τῶν
3183 1008 3382 1059 Ἀσσυ-

1815 1100 1946 1169 ρίων
1978 1100 2226 1169 βασιλεία
2256 1100 2527 1171 κατελύθη
2569 1101 2675 1154 61:6
2706 1102 2815 1154 τῶν
2849 1100 3231 1159 Βαϐυλωνίων,
3268 1102 3381 1168 ἡδὲ

1810 1192 1920 1246 τῶν
1952 1193 2316 1258 Βαϐυλωνίων
2369 1192 2475 1245 61:6
2508 1193 2618 1245 τῶν
2657 1193 2903 1261 Περσῶν,
2936 1196 2967 1259 ἡ
3010 1194 3065 1246 δὲ
3099 1194 3207 1246 τῶν
3244 1196 3383 1260 Περ-

1814 1284 1921 1335 σῶν
1956 1285 2060 1337 ὑπὸ
2093 1284 2204 1335 τῶν
2235 1285 2584 1349 Μακεδόνων,
2619 1284 2651 1353 ή
2685 1284 2741 1337 δὲ
2766 1284 3096 1337 Μακεδόνων
3135 1285 3241 1336 61:6
3271 1284 3382 1336 τῶν

1826 1375 2135 1443 Ῥωμαίων,
2176 1374 2348 1436 οὕτως
2389 1378 2481 1428 καὶ
2526 1379 2560 1445 ή
2607 1378 2718 1429 τῶν
2762 1375 3054 1444 Ῥωμαίων
3107 1374 3381 1442 κατελύθη

1810 1465 1915 1519 61:6
1961 1465 2071 1518 τῶν
2113 1464 2503 1533 Ὀτμανλίδων.
2538 1464 2612 1517 T6
2655 1466 2710 1517 δέ
2738 1467 2894 1527 τέλος
2935 1465 3144 1534 ταύτης
3176 1464 3385 1534 ἥξεινέν

1809 1558 1888 1627 τῷ
1932 1559 2266 1626 προσήκοντι
2315 1559 2408 1611 καὶ
2442 1558 2736 1627 ὡρισμένῳ
2768 1558 2965 1627 καιρῷ,
3015 1559 3112 1611 καὶ
3148 1556 3384 1612 καταλυ-

1810 1650 2055 1721 θήσεται,
2088 1650 2271 1713 καθὼς
2320 1651 2487 1719 φησὶν
2516 1654 2544 1703 6
2597 1650 2885 1713 θεσπέσιος
2931 1650 3159 1713 Ἡσαΐας
3200 1651 3256 1702 ἐν
3306 1648 3384 1717 τῷ

1809 1745 1905 1813 τῆς
1936 1742 2246 1812 Ἰδουμαίας
2300 1744 2539 1811 ὁράματι
2564 1759 2578 1774 ο
2629 1761 2647 1793 ι
2687 1739 2821 1795 Είπέ
2862 1761 2952 1809 μοι
2986 1744 3225 1812 Κύριος⁶
3288 1742 3382 1809 ἐτη

1810 1836 2057 1889 ἐνιαυτοῦ
2093 1836 2168 1895 ὡς
2200 1835 2451 1898 ἐνιαυτὸς
2488 1833 2784 1904 μισθωτοῦ,
3011 1835 3102 1886 καὶ
3143 1832 3384 1901 ἐκλείψει

1811 1929 1845 1998 ή
1878 1928 2004 1992 δόξα
2031 1927 2247 1997 Κηδὰρ,
2280 1928 2374 1979 καὶ
2401 1927 2463 1977 τδ
2493 1928 2846 1995 κατάλειμμα
2880 1928 2992 1980 τῶν
3034 1926 3385 1993 τοξευμάτων

1810 2023 1942 2073 υίῶν
1969 2020 2153 2089 Κηδὰρ
2180 2020 2288 2071 τῶν
2320 2018 2558 2088 ἰσχυρῶν
2586 2019 2738 2071 ἔσται
2773 2019 2976 2085 ὀλίγον,
3008 2019 3145 2070 διότι
3179 2016 3385 2086 Κύριος

1811 2114 2073 2182 ἐλάλησεν
2096 2116 2124 2166 6
2152 2112 2285 2173 Θεὸς
2320 2111 2561 2181 Ἰσραήλ.
2603 2130 2620 2162 1
2658 2112 2815 2164 Οὕτω
2847 2112 2902 2163 δὲ
2954 2114 3047 2163 καὶ
3073 2113 3101 2164 6
3134 2111 3385 2176 σοφώταο

1810 2223 1902 2267 τος
1947 2205 2217 2272 Στέφανος
2244 2207 2271 2257 6
2300 2203 2710 2271 Ἀλεξανδρεὺς,
2757 2201 3144 2255 ἐπακολουθῶν
3181 2203 3260 2272 τῷ
3285 2202 3385 2256 τοῦ

1812 2300 2095 2368 προφήτου
2126 2296 2299 2368 ῥητῷ,
2334 2295 2429 2348 ἐπὶ
2460 2292 2615 2359 ἔτους
2651 2295 2849 2366 ,ςρλα’,
2892 2291 3272 2365 Σεπτεμϐρίου
3310 2296 3382 2364 γ’.

1811 2391 1994 2461 ἡμέρᾳ
2021 2388 2074 2455 ς’
2105 2388 2362 2456 θεμάτιον
2394 2394 2521 2457 περὶ
2554 2388 2655 2457 τῆς
2694 2388 2802 2439 τῶν
2834 2387 3197 2457 Ἰσμαηλιτῶν
3227 2386 3383 2455 βασι-

1813 2476 1961 2537 λείας
1994 2477 2223 2543 ποιήσας
2268 2479 2362 2527 καὶ¹
2392 2476 2717 2539 κανονίσας,
2759 2497 2777 2526 ι
2818 2476 2986 2537 Οὗτος
3029 2478 3298 2546 κρατήσει
3328 2477 3385 2528 ἐν

1818 2564 1961 2633 ίσχύῖ
1997 2564 2095 2630 μὲν
2147 2564 2238 2615 καὶ
2274 2564 2497 2635 εὐτυχίᾳ
2538 2564 2632 2633 ἐτη
2665 2564 2957 2633 τριακόσια
3003 2566 3184 2629 ἐννέα,
3235 2567 3293 2619 ἐν
3325 2567 3385 2619 δὲ

1814 2658 2094 2725 συστροφῇ
2145 2657 2236 2708 καὶ
2273 2644 2848 2725 ἀκαταστασίᾳιέτερα
2900 2657 2995 2728 ἔτη
3041 2659 3387 2727 πεντήκοντα

1814 2746 2064 2811 ἓξ,’ῶστε
2095 2743 2237 2799 εἶναι
2268 2747 2365 2816 τήν
2390 2748 2749 2816 διακράτησιν
2783 2749 2967 2801 αὐτῶν
3011 2752 3193 2803 πᾶσαν
3221 2751 3385 2803 εὐτυ-

1813 2838 2015 2907 χοῦσαν
2047 2840 2141 2890 καὶ
2183 2838 2555 2906 δυστυχοῦσαν
2587 2838 2682 2907 ἐτη
2729 2839 2856 2902 τξέ.
2895 2859 2913 2891 ι
2947 2840 3107 2905 Τινές
3156 2843 3257 2908 μὲν
3301 2842 3387 2895 λο-

1814 2930 1919 2995 ξῶς
1959 2930 2053 2983 τδν
2102 2930 2353 3000 χρησμὸν
2393 2931 2853 2998 διαλαμϐάνοντες
2909 2931 3151 3000 λέγουσι,
3185 2934 3392 2998 Κακῶς

1813 3025 2140 3094 ἐθεμάτισεν
2190 3026 2218 3077 6
2268 3024 2623 3091 ἀστρονόμος,
2672 3024 3043 3093 λαμϐάνοντες
3072 3025 3173 3094 τὴν
3206 3028 3386 3096 ἀρχὴν

1812 3114 1905 3167 τοῦ
1942 3114 2191 3183 χρησμοῦ
2224 3115 2286 3164 ἐκ
2316 3114 2411 3166 τοῦ
2449 3114 2746 3183 εἰρημένου
2796 3114 2946 3177 ἔτους
2972 3132 2986 3145 ο
3032 3116 3125 3168 καὶ
3158 3116 3257 3171 ἐὰν
3290 3118 3385 3170 οῦς

132 3205 216 3267 ὼς
264 3206 357 3257 καὶ
382 3208 429 3257 οἱ
488 3206 594 3275 πρὸ
632 3206 791 3274 ἡμῶν
835 3207 1018 3274 ἆγιοι·
1067 3226 1086 3258 ε
1127 3207 1239 3260 Καὶ
1281 3210 1462 3260 πάντα
1513 3211 1621 3277 γὰρ
1647 3209 1704 3262 ὃν
1738 3217 1780 3275 C
1814 3223 1920 3268 τως
1968 3201 2036 3275 ἦν
2066 3206 2142 3264 ὼς
2199 3206 2299 3271 ἐμὲ
2335 3207 2482 3272 παχὺ
2534 3205 2753 3266 λεπτὸν,
2810 3206 3105 3260 ἐλάνθανεν
3150 3209 3381 3262 ἐκεῖνον.

137 3298 337 3368 ἀγαπᾷ
362 3295 565 3368 Κύριος
607 3298 879 3365 παιδεύει,
913 3302 1176 3371 μαστιγεῖ
1200 3300 1255 3354 δὲ
1287 3301 1400 3354 υίὶν
1444 3301 1502 3354 ὃν
1535 3318 1709 3370 παρα-

136 3494 226 3536 rta
253 3480 436 3551 Libya,
472 3496 593 3550 qua:
633 3480 781 3535 cives
806 3481 1023 3549 imperii
1075 3481 1335 3537 caelorum
1367 3481 1611 3548 nutrivit,
1648 3493 1708 3535 ut

135 3575 216 3627 ait
242 3573 458 3626 divinus
479 3572 729 3636 Cnsmas,
758 3586 996 3640 quonam
1036 3579 1277 3639 tempore
1303 3572 1540 3625 subactae
1582 3582 1707 3625 sunt

98 3692 103 3699 -
134 3668 207 3720 ab
238 3663 441 3719 Umaro
471 3678 677 3726 amera,
716 3671 839 3732 post
880 3660 1243 3717 Mohametcm
1276 3671 1357 3717 ter
1409 3677 1706 3717 exsecran-

132 3761 270 3811 dum
306 3754 487 3816 tertio,
526 3762 580 3808 et
614 3754 665 3808 in
695 3753 1010 3808 servitutem
1047 3755 1319 3809 redactae?
1353 3752 1576 3808 Factum
1604 3754 1709 3811 hoc

132 3857 227 3903 est
280 3848 567 3901 manifesto
625 3847 925 3915 imperante
983 3845 1340 3899 Constantino
1406 3846 1703 3915 Pogonato,

134 3954 284 3993 anno
316 3938 499 3992 mundi
536 3938 697 4001 διδι,
727 3947 1018 4006 antequam
1054 3948 1241 3992 sancta
1275 3949 1325 3992 et
1366 3940 1706 3993 tecumenica

133 4043 291 4087 sexta
308 4033 545 4104 synodus
568 4032 883 4096 haberetur,
902 4047 1011 4100 quo
1034 4041 1273 4100 tempore
1295 4049 1389 4085 nec
1412 4033 1705 4087 schismata

133 4141 242 4179 nec
268 4125 490 4180 dissidla
522 4124 576 4179 in
602 4124 850 4179 ecclesiis
884 4133 1058 4178 erant.
1086 4124 1381 4193 Aliquanto
1410 4134 1528 4192 post
1553 4141 1704 4195 reges

134 4217 326 4270 labore
370 4230 477 4269 non
516 4214 621 4268 levi
656 4228 897 4269 sanetam
933 4214 1122 4268 urbem
1156 4231 1183 4267 a
1214 4214 1470 4270 manibus
1508 4216 1706 4284 impio-

132 4323 257 4361 rum
280 4306 607 4359 vindicatum
645 4304 1016 4358 Romanorum
1052 4305 1395 4358 tradiderunt
1428 4306 1703 4372 imperio;

129 4403 229 4453 sed
260 4400 561 4467 imperante
603 4397 807 4452 Basilio
846 4397 1329 4467 porphyrogenito,
1380 4398 1473 4466 qui
1512 4398 1706 4467 Bulga-

130 4503 397 4545 roctonus
434 4492 768 4554 nominatur,
804 4506 999 4545 rursus
1033 4490 1255 4561 Egypli
1296 4506 1512 4545 ameras
1534 4534 1549 4554 ,
1579 4490 1703 4543 Azi-

131 4585 276 4642 zius,
335 4582 581 4635 eamdem
632 4584 989 4650 expugnavit,
1044 4583 1356 4650 sepulcrum
1404 4581 1703 4637 Salvatoris

129 4675 307 4729 noSIri
328 4673 455 4729 Jesu
491 4674 693 4728 Christi
722 4683 776 4727 et
805 4684 1129 4743 sumptuose
1152 4685 1408 4728 ornatum
1444 4676 1703 4744 templmn

128 4766 538 4822 sanctissimum
572 4767 626 4820 in
659 4776 988 4835 potestatem
1049 4768 1277 4837 redegit,
1311 4768 1701 4836 supellectilem

127 4860 345 4930 polluit,
378 4860 699 4914 monasteria
735 4859 954 4923 evertit,
982 4859 1162 4913 ubivis
1208 4860 1322 4913 illic
1376 4875 1579 4929 corpus
1610 4876 1704 4914 ex-

124 4959 381 5005 ercentes
411 4951 732 5013 monachos,
764 4949 815 5002 in
846 4951 1044 5018 quibus
1076 4951 1336 5005 Italorum
1368 4962 1422 5004 et
1470 4952 1699 5004 aliarum

126 5042 374 5112 gentium
428 5040 626 5109 major,
659 5055 821 5109 quam
860 5041 1233 5095 Romanorum
1273 5058 1535 5095 numerus
1564 5052 1701 5107 erat,

128 5140 230 5185 aut
260 5130 460 5184 occidit
486 5140 582 5184 aut
619 5130 845 5198 iugavit.
879 5131 1044 5184 Plane
1074 5134 1275 5185 mirum
1304 5142 1483 5185 autem
1510 5140 1614 5193 est,
1645 5141 1703 5185 ut

129 5226 308 5287 aiunt,
341 5223 705 5286 Christianos,
729 5238 853 5277 cum
888 5224 1192 5291 conjuncta:
1220 5233 1403 5278 essent
1432 5225 1697 5289 ecclesiae,

127 5328 159 5365 a
192 5314 303 5365 Deo
331 5324 443 5366 tum
476 5313 529 5366 in
567 5321 888 5381 potestatem
931 5313 1221 5382 impiorum
1271 5315 1499 5369 traditus
1557 5331 1695 5369 esse.

127 5406 283 5457 Adeo
309 5422 372 5457 ex
410 5405 491 5457 bis
520 5404 772 5457 (nnnibus
794 5406 1139 5473 intelligitur,
1174 5422 1279 5457 non
1329 5418 1551 5475 propter
1577 5424 1699 5474 pec-

128 5508 315 5549 catum
356 5496 573 5564 aliquod
604 5498 851 5552 hostibus
884 5513 984 5552 uos
1020 5498 1300 5566 subjectos
1331 5514 1474 5557 esse.
1506 5502 1599 5553 sed
1627 5504 1697 5553 oh

128 5586 458 5652 singularem
489 5587 890 5654 educationem,
924 5591 1543 5657 quemadmodum'olim
1570 5608 1696 5645 san—

1824 3296 1966 3363 Ἐγὼ
2003 3297 2061 3349 δέ
2098 3298 2236 3349 κατά
2268 3298 2328 3348 τὸ
2362 3296 2554 3349 δοκοῦν
2594 3295 2757 3350 τινῶν
2798 3298 3106 3368 φιλοσόφων
3139 3300 3382 3368 ἀρίστων

1812 3490 1917 3527 non
1952 3473 2227 3539 permittet
2274 3488 2368 3526 vos
2393 3473 2556 3536 ultra,
2590 3490 2753 3544 quam
2817 3476 3094 3531 sustinere
3136 3478 3381 3546 possitis,

1812 3566 2028 3621 tentari.
2071 3585 2088 3616 ι
2146 3565 2277 3621 Item
2330 3567 2542 3619 David:
2588 3586 2607 3618 ι
2649 3565 2947 3621 Educando
2990 3570 3244 3623 educavit
3294 3586 3383 3625 me

1812 3660 2093 3723 Dominus,
2130 3674 2226 3713 nec
2258 3674 2384 3713 vero
2416 3659 2575 3712 morti
2613 3674 2698 3712 me
2731 3662 2978 3714 tradidit.
3010 3679 3028 3711 ι

1880 3751 2053 3805 Etiam
2090 3752 2191 3804 hoc
2233 3752 2383 3805 audi.
2414 3751 2887 3816 Quemadmodum
2912 3755 3265 3825 Assyriorum
3300 3770 3384 3809 re-

1811 3857 1973 3911 gnum
2006 3859 2034 3896 a
2076 3843 2389 3910 Babyloniis
2435 3859 2684 3897 eversum
2736 3853 2839 3906 est,
2899 3845 3315 3917 Babyloniorum
3349 3864 3378 3901 a

1810 3935 2015 3998 Persis,
2065 3933 2356 3988 Persarum
2394 3950 2422 3987 a
2469 3934 2880 4003 Macedonibus,
2946 3936 3298 3993 Macedonum
3349 3955 3379 3993 a

1811 4027 2093 4089 Romanis,
2135 4028 2207 4083 ita
2260 4026 2628 4080 Romanorum
2679 4044 2898 4096 quoque
2964 4030 3252 4098 imperium
3312 4032 3381 4086 ab

1808 4117 2210 4173 Otmanlidibus
2245 4136 2257 4171 :
2292 4125 2454 4186 atque
2495 4119 2689 4171 horum
2744 4114 2866 4173 linis
2914 4120 3089 4175 aderit
3134 4121 3284 4190 justo
3326 4136 3380 4176 et

1808 4212 2105 4265 constituto
2132 4218 2395 4278 tempore,
2421 4220 2867 4279 evertenturque,
2898 4212 3040 4266 sicut
3064 4206 3377 4268 alt'divinus

1808 4304 1975 4359 Isaias
2004 4304 2055 4356 in
2082 4303 2263 4372 specie
2290 4302 2557 4355 ldumtezc.
2591 4321 2609 4353 ι
2647 4302 2789 4357 Dixit
2818 4304 2949 4357 mihi
2980 4304 3273 4360 Dominus:
3294 4306 3378 4359 ln-

1808 4404 1886 4449 tra
1932 4410 2154 4455 annum,
2192 4393 2368 4462 qualis
2399 4402 2481 4447 est
2527 4410 2703 4448 annus
2756 4397 3111 4461 mercenarii,
3163 4397 3379 4453 deﬁciet

1807 4485 1978 4554 gloria
2016 4484 2214 4549 Cedar,
2241 4493 2295 4539 et
2342 4485 2582 4553 reliquiae
2614 4486 2923 4554 jaculorum
2969 4486 3193 4542 fortium
3236 4490 3376 4543 lilio-

1810 4592 1927 4630 rum
1960 4575 2135 4629 Cedar
2165 4575 2371 4645 exigua:
2398 4583 2579 4637 erunt,
2611 4577 2867 4642 quoniam
2915 4577 3201 4645 Dominus,
3238 4579 3378 4636 Deus

1806 4664 2043 4729 lsraelis,
2072 4667 2286 4719 locutus
2309 4676 2412 4721 est.
2446 4686 2463 4719 ι
2513 4669 2591 4721 Ad
2618 4673 2759 4737 quod
2785 4670 2988 4725 dictum
3020 4674 3297 4742 propheta:
3318 4691 3378 4729 se

1805 4759 2125 4827 appliquans
2147 4759 2587 4826 sapientissimus
2619 4759 2929 4829 Stephanus
2955 4763 3375 4829 Alexandrinus,

1804 4869 1947 4906 anno
2001 4854 2159 4917 6151,
2204 4851 2541 4920 Septembris
2588 4853 2675 4907 die
2715 4855 2771 4915 3.
2808 4856 3168 4912 hebdomadis
3198 4858 3252 4921 6,
3306 4860 3374 4913 de

1802 4944 2199 4999 lsinaelitarum
2239 4960 2402 5012 regno
2433 4946 2535 4999 hoc
2581 4945 2757 5000 thema
2787 4947 2909 5001 fecit
2957 4958 3009 5003 et
3037 4952 3321 5004 constituit
3356 4968 3369 5003 :

1810 5033 1889 5089 tls
1939 5042 2184 5101 potenter
2225 5043 2277 5085 et
2313 5048 2574 5101 prospere
2609 5038 2861 5105 regnabit
2896 5053 3067 5091 annos
3101 5050 3373 5096 trecenlos

1805 5143 2019 5191 novem,
2053 5131 2105 5177 in
2142 5142 2319 5178 rerum
2359 5126 2628 5192 angustiis
2659 5137 2707 5180 et
2733 5130 3142 5195 perturbatione
3176 5133 3372 5187 deinde

1805 5234 1981 5271 annos
2005 5219 2390 5285 quinquaginta
2415 5233 2528 5279 sex.
2547 5228 2603 5272 ut
2625 5221 2847 5273 omnino
2870 5236 3057 5275 eorum
3081 5224 3371 5294 imperium

1802 5319 1914 5365 tum
1950 5310 2187 5363 faustum
2239 5318 2350 5362 tum
2398 5310 2695 5364 infaustum
2742 5310 2985 5366 futurum
3031 5314 3099 5369 sit
3129 5331 3223 5383 per
3271 5334 3371 5372 an-

1801 5418 1897 5456 nos
1925 5400 2050 5455 565.
2087 5420 2105 5451 ι
2138 5399 2395 5455 Nonnulli
2433 5402 2749 5456 vaticinium
2781 5419 3066 5474 perperam
3106 5408 3372 5479 ἱιιιοιιιρι-ο-

1802 5494 1918 5559 tati,
1945 5502 2319 5547 astronomum
2345 5492 2482 5547 male
2506 5494 2892 5549 ratiocinatum
2926 5512 3046 5551 esse
3081 5497 3367 5560 aﬂirmant,

1801 5583 2014 5636 initium
2046 5583 2306 5635 ducentes
2335 5582 2404 5635 ab
2435 5597 2524 5646 eo,
2556 5598 2715 5652 quem
2757 5584 2893 5648 dixi,
2932 5600 3097 5640 anno.
3130 5586 3284 5650 Quod
3322 5586 3367 5638 si

129 5679 200 5729 cti
222 5678 559 5731 docuerunt:
592 5698 609 5729 ι
633 5677 1030 5749 Quemcunque
1053 5682 1195 5735 enim
1220 5691 1365 5735 amat
1390 5681 1548 5746 Deus,
1568 5698 1690 5736 eum
1799 5678 1869 5732 ita
1895 5690 2060 5744 esset,
2085 5677 2249 5731 falsus
2274 5677 2361 5731 ille
2400 5677 2557 5729 foret.
2618 5676 2685 5729 At
2712 5679 2961 5746 equidem
2984 5677 3048 5731 de
3072 5695 3132 5731 ea
3157 5694 3212 5733 rc
3239 5694 3371 5747 quo-

130 5770 345 5831 educat,
378 5780 430 5823 et
467 5771 695 5838 castigat
744 5773 935 5839 tilium,
972 5789 1131 5842 quem
1172 5775 1386 5843 recipit,
1419 5794 1435 5826 ι
1473 5786 1526 5829 et
1572 5792 1692 5844 qua}
1797 5772 2043 5825 rumdam
2064 5770 2507 5824 doctissimorum
2532 5770 2813 5821 hominum
2832 5770 3126 5824 sententias
3143 5772 3370 5841 cognovi

130 5871 456 5923 sequuntur.
495 5881 510 5912 ι
553 5862 747 5917 Fidelis
790 5867 957 5930 enim,
994 5868 1087 5932 ait,
1143 5865 1404 5921 Dominus
1453 5882 1555 5933 est,
1604 5869 1693 5937 qui
1808 5876 1861 5918 et
1889 5865 2073 5931 didici,
2122 5863 2419 5919 secundum
2457 5878 2595 5932 quas
2630 5862 2848 5931 sapiens
2886 5862 2975 5917 ille
3023 5864 3104 5917 vir
3157 5865 3371 5919 initium
