4134 6452
197 454 304 515 905

1224 443 1664 504 CIIRONICON
1705 442 1972 502 MAJUS.
2013 467 2076 476 -
2103 442 2254 505 LIB.
2291 443 2392 503 IV.

3313 445 3418 506 906

187 569 340 622 Μετὰ
369 566 424 618 δὲ
455 565 516 617 τὸ
557 563 852 618 ἀποθανεῖν
890 562 1107 633 Σάρῤαν
1140 561 1300 616 ἔλαϐε
1332 563 1433 631 τὴν
1468 560 1748 628 Χετοῦραν
1776 567 1827 622 Α
1861 555 2107 617 καλέσεις
2142 556 2206 607 τὸ
2240 557 2410 624 ὄνομα
2449 555 2619 609 αὐτοῦ
2651 557 2857 620 Ἰσαὰκ,
2909 560 3000 610 καὶ
3044 559 3208 629 319
3244 563 3425 629 στήσω

185 660 263 719 είς
295 659 549 725 γυναῖκα,
578 658 637 721 ἐξ
661 652 728 727 ἧς
750 657 1042 724 ἐγέννησεν
1066 654 1214 717 υἱοὺς
1244 654 1324 720 ἓξ,
1353 654 1445 707 τὸν
1468 653 1744 723 Ζομϐρὰν,

186 748 276 802 τὸν
304 749 496 814 ἶΙεζαὶ,
537 751 628 804 τὸν
663 750 866 815 Μαδάϊ,
912 751 1003 802 τὸν
1037 748 1266 818 Μαδιάμ
1315 749 1406 799 καὶ
1441 746 1531 798 τὸν
1572 745 1747 798 Ἐϐόει

186 844 279 896 καὶ
303 845 397 896 τὸν
417 844 588 895 Σοίαι.
621 843 766 896 Ἀλλ’
799 818 891 894 ἐπὶ
912 842 1003 894 τὸν
1030 841 1258 910 Ἰσμαὴλ
1289 841 1382 891 τὸν
1410 838 1561 891 νόθον
1584 840 1748 895 ἔσταν.-

183 935 451 1004 ἐλθωμεν.
514 936 681 1004 318
713 933 868 988 Μετά
895 934 958 985 τὸ
1003 933 1362 1001 συγγενέσθαι
1389 930 1645 999 ’Δϐραάμ
1678 931 1743 997 τῇ

186 1029 361 1096 Ἀγαρ
391 1027 593 1096 εὐρέθη
628 1029 688 1079 ἐν
716 1029 915 1094 γαστρὶ
957 1025 1175 1095 ἔχουσα,
1213 1025 1312 1078 καὶ
1349 1023 1530 1076 ιδοῦσα
1560 1024 1746 1092 Σάρρα

181 1115 503 1183 ἐζηλοτύπει
557 1116 744 1184 αὐτῆς,
783 1116 877 1168 καὶ
919 1114 1164 1176 ὠνείδιζε
1204 1115 1295 1165 τὸν
1345 1112 1620 1182 Ἀϐραὰμ.
1657 1109 1748 1168 καὶ

181 1204 366 1274 ἔθλιψε
394 1208 488 1260 καὶ
529 1207 718 1266 ἐλύπει
752 1207 851 1275 τὴν
886 1209 1088 1275 Ἀγαρ.
1134 1208 1196 1258 'H
1222 1206 1277 1257 δὲ
1317 1207 1518 1272 Ἅγαρ,
1551 1205 1626 1272 μὴ
1654 1203 1748 1256 δυ-

180 1297 389 1367 ναμένη
435 1291 693 1350 τοσοῦτον
745 1297 1029 1351 θλίϐεσθαι
1058 1298 1152 1350 καὶ
1200 1297 1613 1382 καηυχείσθαι.
1642 1296 1747 1347 ὑπὸ

179 1391 279 1458 τῆς
308 1391 525 1458 κυρίας.
558 1391 789 1460 ἀπέδρα,
821 1393 914 1445 καὶ
934 1393 991 1444 ὲν
1023 1392 1102 1458 τῷ
1133 1392 1552 1459 ἀποδιδράσκειν
1577 1390 1747 1456 αὐτὴν

179 1482 242 1534 ἐκ
273 1481 372 1548 τῆς
407 1482 602 1552 κυρίας
647 1482 816 1550 αὐτῆς
847 1482 950 1552 τῆς
1003 1484 1220 1553 Σάρῤας
1252 1483 1567 1552 ἀπήντησεν
1605 1483 1744 1551 αὐτῇ

179 1572 412 1638 ἅγγελος
446 1574 649 1643 Κυρίου
691 1573 863 1641 λέγων
888 1590 902 1604 ·
940 1595 959 1626 ‹
1018 1573 1430 1643 ’Δποστράφηθι
1467 1573 1602 1638 πρὸς
1650 1573 1748 1640 τὴν

180 1665 382 1733 κυρίαν
442 1684 558 1729 σου,
596 1666 688 1719 καὶ
725 1665 1092 1735 ταπεινώθητι
1141 1667 1245 1719 ὐπὸ
1291 1667 1394 1729 τὰς
1425 1669 1610 1736 χεῖρας
1649 1666 1748 1717 αὐ-

177 1757 300 1825 τῆς.
339 1777 359 1809 ι
401 1758 510 1810 Καὶ
558 1754 715 1810 εἶπεν
753 1759 891 1827 αὐτῇ
925 1761 953 1811 ὁ
983 1757 1214 1826 ἄγγελος
1268 1759 1476 1828 Κυρίου
1504 1775 1517 1789 ·
1557 1777 1574 1808 ι
1613 1757 1746 1809 Ἰδοὺ

179 1848 247 1898 σύ
280 1849 337 1900 ἐν
363 1849 560 1917 γαστρὶ⁵
591 1849 757 1918 ἔχεις,
791 1851 887 1902 καὶ
913 1849 1044 1919 τέξῃ
1081 1850 1218 1915 υίὸν,
1260 1851 1356 1902 καὶ
1400 1849 1648 1910 καλέσεις
1687 1849 1748 1899 τὸ

1854 647 1952 716 τὴν
1981 647 2245 718 διαθήκην
2279 666 2381 716 μου
2407 650 2542 718 πρὸς
2565 650 2631 702 αὐ
2645 650 2728 702 τὸν
2762 653 2840 713 είς
2870 650 3140 721 διαθήκην
3173 653 3418 714 αἰώνιον.

1856 734 1996 789 εἶναι
2032 738 2183 807 αὐτῷ
2231 739 2364 799 Θεὸς
2419 739 2494 802 ὼς
2519 741 2718 808 καὶτῷ
2765 743 3043 809 σπέρματι
3106 744 3272 794 αὐτοῦ
3307 746 3426 811 μετ’

1856 832 2040 883 αὐτόν.
2076 833 2209 900 Περὶ
2247 834 2304 886 δὲ
2334 835 2564 903 Ἰσμαὴλ
2599 837 2709 888 ἰδοὺ
2738 838 3023 905 ἐπήκουσά
3047 855 3163 899 σου,
3190 838 3283 890 καὶ
3315 839 3423 892 ἱδώ

1855 922 2126 992 εὐλόγησα
2156 925 2320 976 αὐτὸν
2342 926 2434 979 καὶ
2466 925 2723 994 πληθυνῶ
2750 928 2912 980 αὐτὸν
2941 928 3148 996 σφόδρα
3173 944 3186 958 ⁶
3219 927 3426 981 δώδεκα

1857 1010 1981 1081 ἔθνη
2010 1016 2284 1080 γεννήσει.
2317 1017 2414 1068 καὶ
2446 1015 2604 1067 δώσω
2637 1017 2797 1068 αὐτὸν
2831 1020 2912 1080 εἰς
2941 1017 3094 1082 ἔθνος
3125 1019 3288 1086 μέγα.
3312 1021 3424 1088 Τὴν

1854 1102 1911 1154 δὲ
1942 1103 2206 1171 διαθήκην
2236 1123 2341 1174 μου
2375 1107 2560 1175 στήσω
2591 1107 2731 1177 πρὸς
2772 1109 2984 1173 Ἰσαὰκ,
3009 1109 3068 1162 δν
3092 1111 3310 1174 τέξεταί
3342 1130 3423 1163 σοι

1855 1195 2039 1264 Eappa
2071 1200 2148 1258 εἰς
2181 1199 2271 1250 τὸν
2304 1200 2495 1269 καιρὸν
2543 1200 2755 1254 τοῦτον.
2799 1218 2819 1254 ι
2853 1196 2982 1254 Ὧδε
3025 1203 3296 1272 δυνάμεθα
3325 1223 3427 1257 κα-

1857 1293 2110 1346 ταλαϐεῖν
2127 1294 2188 1345 τὸ
2218 1295 2359 1362 μέγα
2380 1299 2676 1366 μυστήριον
2705 1297 2805 1366 τῆς
2837 1298 3097 1361 εὐσεϐοῦς
3120 1302 3213 1352 καὶ
3237 1301 3426 1367 ὑγιοῦς

1857 1385 1950 1435 καὶ
1984 1384 2148 1450 ἁγίας
2178 1385 2337 1453 ἡμῶν
2370 1388 2630 1450 πίστεως,
2655 1389 2747 1440 καὶ
2774 1388 2874 1457 τὴν
2909 1389 3167 1440 ἀσέϐειαν
3187 1392 3252 1460 ἥν
3273 1390 3425 1458 ἔχου-

1858 1491 1943 1527 σιν
1977 1477 2026 1527 οί
2053 1477 2372 1546 Ἀγαρηνοί.
2408 1480 2510 1530 Καὶ
2543 1480 2643 1532 οὐκ
2680 1477 2832 1534 εἶπεν
2865 1481 3017 1550 αὐτῷ
3049 1483 3225 1551 ὁῖΘεὸς
3255 1483 3424 1548 ἅπαξ,

1856 1566 1991 1620 ἀλλὰ
2018 1569 2109 1620 καὶ
2158 1569 2260 1631 δίς.
2304 1571 2390 1628 Ἐν
2418 1569 2659 1635 πρώτοις
2705 1573 2806 1641 μὲν
2835 1570 2991 1628 εἴπεο
3021 1593 3038 1626 ι
3090 1575 3280 1638 Τέξεις
3313 1577 3426 1627 υίὸν

1857 1661 1950 1712 καὶ
1981 1661 2231 1728 καλέσεις
2258 1664 2319 1714 τὸ
2345 1663 2519 1730 ὄνομα
2548 1664 2714 1716 αὐτοῦ
2746 1665 2954 1727 Ἰσαὰκ,
2991 1667 3087 1720 καὶ
3114 1669 3296 1734 στήσω
3327 1669 3429 1731 τὴν

1854 1751 2120 1820 διαθήκην
2154 1769 2258 1819 μου
2285 1755 2423 1821 πρὸς
2455 1755 2614 1807 αὐτὸν
2646 1757 2727 1817 εἰς
2759 1757 3025 1827 διαθήκην
3063 1759 3302 1823 αἰώνιον,
3333 1761 3427 1811 καὶ

1855 1841 1933 1907 τῷ
1986 1842 2261 1911 σπέρματι
2301 1842 2467 1894 αὐτοῦ
2503 1845 2622 1913 μετ’
2663 1847 2846 1901 αὐτόν,
2905 1866 2925 1898 ›
2973 1847 3031 1899 'U
3072 1848 3128 1900 δὲ
3175 1848 3428 1917 Ἀϐρααμ

176 1939 355 2006 ενομα
384 1940 547 1992 αὐτοῦ
576 1941 828 2010 οισμαὴλ,
861 1944 942 1994 δτι
983 1943 1258 2011 ιπήκουσε
1294 1942 1500 2011 Κύριος
1529 1943 1626 2012 τὴν
1655 1959 1750 1993 τα-
1781 1926 1821 1974 Β
1855 1932 2088 1998 αἰτήσας
2117 1933 2196 2002 τῷ
2226 1932 2345 2002 Θεῷ
2371 1934 2543 1996 οὕτως
2574 1936 2796 2004 ποιῆσαι
2821 1939 2912 1990 καὶ
2941 1938 3031 1991 τὸν
3066 1938 3295 2008 Ἰσμαὴλ
3336 1943 3428 1992 καὶ

177 2030 439 2083 πείνωσίν
477 2049 596 2085 σου.
637 2034 808 2094 Οὖτος
843 2033 994 2085 ἔσται
1026 2035 1285 2102 ἄγροικος
1317 2035 1626 2104 ἄνθρωπος,
1654 2036 1748 2086 καὶ

180 2123 238 2173 αἱ
268 2125 455 2192 χεῖρες
486 2124 650 2178 αὐτοῦ
694 2125 788 2178 ἐπὶ
821 2127 1053 2191 πάντας,
1081 2131 1176 2178 καὶ
1215 2128 1272 2179 αί
1316 2129 1494 2194 χεῖρες
1528 2127 1749 2178 πάντων

175 2215 266 2264 ἐπ’
299 2215 467 2266 αὐτόν
489 2228 500 2242 ·
538 2215 634 2266 καὶ
679 2218 818 2269 κατά
853 2218 1143 2283 πρόσωπον
1190 2218 1410 2268 πάντων
1461 2219 1567 2268 τῶν
1595 2217 1750 2271 ἀδελ-

176 2304 299 2370 φῶν
318 2306 484 2358 αὐτοῦ
510 2310 854 2376 κατοικήσει.
881 2327 900 2359 δ
935 2310 1040 2360 Καὶ
1065 2309 1224 2364 πάλιν
1245 2311 1336 2362 ἐπὶ
1359 2310 1640 2379 κεφαλαίῳ
1664 2310 1748 2374 ιζ’,

176 2394 336 2451 εἶπεν
370 2401 397 2452 ὁ
419 2399 553 2463 Θεὸς
582 2401 660 2470 τῷ
698 2402 952 2470 Ἀϐραὰμ
983 2404 1116 2474 περὶ
1151 2403 1252 2472 τῆς
1283 2404 1497 2475 Σάρῤας
1526 2386 1626 2471 τῆς
1653 2422 1751 2471 γυ-

173 2490 363 2552 ναικὸς
395 2490 562 2548 αὑτοῦ
588 2507 602 2523 ο
635 2509 652 2542 ι
679 2493 896 2563 Σάῥραν
918 2495 1014 2560 τὴν
1049 2497 1283 2561 γυναῖκά
1319 2513 1414 2548 σου
1444 2498 1748 2564 εὐλογήσω,

175 2583 277 2634 καλ
308 2583 464 2638 δώσω
516 2602 598 2637 σοι
637 2585 696 2650 ἐξ
735 2586 905 2656 αὐτῆς
939 2589 1150 2654 τέκνον,
1201 2591 1296 2642 καὶ
1342 2591 1627 2659 εὐλογήσω
1656 2593 1752 2644 αὐο

173 2673 299 2735 τὸν,
328 2675 423 2726 καὶ
458 2674 610 2730 ἔσται
649 2677 727 2738 είς
758 2676 910 2746 ἔθνη,
940 2679 1031 2730 καὶ
1071 2678 1340 2747 βασιλεῖαι
1375 2680 1542 2732 ὲθνῶν
1572 2681 1630 2744 ἐξ
1655 2681 1754 2733 αὐ-

173 2763 279 2815 τοῦ
309 2765 545 2822 ἔσονται.
589 2786 607 2818 ι
646 2769 753 2819 Καὶ
777 2769 976 2821 ἔπεσεν
1023 2769 1283 2840 ’Δϐραάμ
1322 2771 1415 2824 ἐπὶ
1459 2773 1754 2838 πρόσωπον

171 2857 346 2910 αὐτοῦ
377 2861 470 2911 καὶ
518 2861 768 2926 ἐγέλασε,
809 2864 902 2914 καὶ
952 2861 1104 2915 εἶπεν
1135 2868 1193 2916 ἐν
1227 2867 1296 2934 τῇ
1339 2865 1551 2936 διανοίᾳ
1582 2866 1750 2919 αὐτοῦ

169 2950 355 3018 λέγων
386 2967 399 2980 ’
438 2970 457 3002 ι
503 2952 564 3004 Ei
598 2952 845 3018 δυνατὸν,
877 2954 951 3024 τῷ
977 2954 1355 3008 ἑκατονταετεί
1384 2957 1496 3019 υίὸς
1524 2959 1753 3027 γενήσε-

171 3060 297 3106 ται,
349 3044 443 3095 καὶ
499 3045 686 3115 Zaian
714 3048 1041 3116 ἐνενήκοντα
1088 3049 1224 3101 ὲτῶν
1273 3048 1405 3101 οὖσα
1458 3050 1690 3113 τέξεται,
1731 3070 1749 3102 ι

175 3135 321 3187 Eine
361 3136 414 3187 δὲ
463 3134 722 3207 Ἀϐραὰμ
770 3141 905 3207 πρὸς
936 3141 1024 3192 τὸν
1052 3140 1224 3193 Θεὸνο
1270 3161 1289 3194 ι
1336 3142 1564 3212 Ἰσμαὴλ
1600 3143 1755 3205 οὗτος

1853 2023 2153 2093 εὐλογῆσαι
2180 2026 2366 2090 αὐτὸν,
2391 2031 2419 2078 ὸ
2446 2027 2501 2079 δὲ
2535 2027 2666 2090 Θεὸς
2688 2030 3011 2096 ἀποκριθεὶς
3038 2026 3190 2089 εἶπεν
3212 2048 3226 2063 ο
3251 2052 3269 2082 ι
3293 2034 3428 2084 Ἰδοὺ

1853 2118 2123 2185 εὐλόγησα
2157 2119 2343 2183 αὑτὸν,
2377 2121 2471 2173 καὶ
2527 2121 2784 2188 πληθυνῶ
2837 2125 2999 2183 αὐτὸν
3061 2127 3289 2198 σφόδρα,
3332 2131 3427 2183 καὶ

1854 2209 2062 2261 δώδεκα
2113 2210 2239 2276 ἔθνη
2272 2214 2524 2281 γεννήσει
2584 2215 2678 2266 καὶ
2727 2218 2806 2276 είς
2853 2217 3004 2279 ἔθνος
3047 2220 3192 2286 μέγα
3246 2220 3425 2275 ἔσται.

1853 2303 1967 2368 Τὴν
2001 2303 2058 2354 δὲ
2079 2301 2349 2371 διαθήκην
2381 2321 2484 2371 μου
2520 2308 2701 2373 στήσω
2727 2306 2860 2375 πρὸς
2891 2307 3099 2362 Ἰσαάκ.
3139 2327 3156 2361 ι
3198 2310 3300 2360 Καὶ
3326 2310 3426 2362 οὐκ

1854 2393 2122 2464 ἠθέλησεν
2151 2397 2177 2447 ὁ
2216 2395 2349 2456 Θεὸς
2379 2396 2549 2452 δῶσαι
2584 2402 2680 2454 καὶ
2710 2400 3080 2468 ὲμπιστεῦσαι
3110 2401 3207 2470 τὴν
3229 2403 3425 2472 διαθή-

1855 2503 1959 2552 κην
2020 2487 2187 2543 αὐτοῦ
2224 2489 2302 2557 τῷ
2335 2489 2568 2559 Ἰσμαὴλ
2621 2493 2716 2544 καὶ
2772 2493 2850 2562 τῷ
2898 2495 3175 2562 σπέρματι
3235 2497 3420 2559 αὐτοῦ,

1855 2578 1991 2630 ἁ).λά
2051 2579 2199 2647 μόνῳ
2254 2579 2332 2648 τῷ
2367 2582 2556 2639 Ἰσαὰκ
2610 2584 2703 2638 καὶ
2737 2586 2848 2645 τοῖς
2879 2584 2937 2648 ἐξ
2990 2585 3157 2643 αὐτοῦ
3213 2589 3292 2647 εἰς
3338 2589 3427 2638 τὸν

1853 2668 2045 2726 αίῶνα.
2066 2670 2174 2722 Καὶ
2196 2665 2264 2739 ἦν
2287 2670 2571 2736 θαυμάσαι
2592 2674 2640 2724 εἰ
2664 2675 2746 2736 τίς
2768 2674 2828 2725 οὐ
2849 2675 3074 2727 δύναται
3097 2676 3428 2738 καταλαϐεῖν

1853 2759 1952 2828 τὴν
1982 2762 2193 2814 ἔννοιαν
2234 2763 2344 2815 τῶν
2372 2763 2631 2817 τοιούτων
2680 2768 2882 2836 ῥητῶν.
2925 2769 2989 2829 Ol
3021 2769 3079 2821 δὲ
3112 2768 3425 2838 Ἀγαρηνοὶ,

1857 2852 2122 2922 βάρϐαροι
2157 2856 2251 2907 καὶ
2284 2857 2533 2926 ἄγροικοι
2563 2857 2736 2923 ὄντες,
2759 2859 2859 2912 οὐκ
2880 2861 3088 2914 οἴδασιν
3115 2861 3288 2928 ὀρθῶς
3322 2861 3423 2930 τὴν

1856 2943 2067 2998 ἔννοιαν
2097 2946 2206 2998 τῶν
2259 2950 2460 3018 ῥητῶν,
2498 2953 2590 3002 καὶ
2627 2951 2926 3017 κλαύσωσι,
2981 2953 3097 3016 πῶς
3129 2957 3156 3006 ὁ
3202 2955 3334 3016 Θεὸς
3367 2957 3426 3017 ἐξ

1859 3034 2038 3104 ἀρχῆς
2091 3037 2320 3100 ὲξένωσε
2368 3025 2460 3093 τὸν
2519 3045 2869 3113 πατριάρχην
2915 3045 3097 3098 αὐτῶν
3133 3049 3224 3101 καὶ

1863 3129 2065 3190 αὐτοὺς
2092 3130 2191 3198 τῆς
2220 3130 2492 3201 διαθήκης
2524 3134 2695 3186 αὐτοῦ
2731 3137 2824 3189 καὶ
2867 3137 2966 3206 τῆς
2999 3138 3246 3205 χάριτος,
3291 3139 3428 3193 ἀλλά

171 3227 331 3296 ζήτω
348 3230 588 3281 ἐναντίον
617 3248 732 3284 σου,
765 3250 782 3281 ,
818 3229 949 3285 Erus
978 3234 1033 3286 δὲ
1069 3236 1097 3287 ὁ
1128 3235 1260 3296 Θεὸς
1291 3234 1426 3305 πρὸς
1459 3233 1714 3305 Ἀϐραάμ
1739 3253 1752 3266 .
1784 3264 1826 3321 c
1861 3219 2006 3272 οὗτοι
2043 3221 2390 3290 κομπάζουσι
2438 3227 2555 3287 πῶς
2584 3229 2677 3279 καὶ
2715 3229 2866 3280 α)τοὶ
2909 3231 3168 3298 ἀπόγονοί
3195 3233 3302 3286 εἰσι
3333 3232 3426 3287 τοῦ

178 3339 198 3369 ε
234 3321 369 3384 Ναὶ,
402 3321 513 3373 ίδοὺ
547 3324 787 3394 Σάρῤαή
817 3328 957 3395 γυνή
990 3311 1082 3379 σου
1119 3328 1333 3393 τέξεταί
1375 3346 1460 3380 σοι
1488 3330 1621 3393 υἱὸν,
1657 3333 1747 3383 καὶ

172 3505 750 3571 neravit,Zombram,
806 3509 968 3575 lezai,
1023 3509 1219 3575 Madai,
1269 3511 1520 3579 Madiam,
1558 3515 1746 3581 Eboei,

172 3607 233 3648 ct
267 3595 431 3650 Soiai.
480 3596 585 3651 Sed
618 3601 902 3654 redeamus
936 3602 1002 3655 ad
1027 3602 1303 3659 [Sinaelem
1329 3610 1576 3660 nothum.
1608 3611 1751 3676 Agar

172 3691 247 3742 ab
281 3689 591 3745 Abrahamo
648 3707 977 3760 compressa,
1021 3697 1239 3764 gravida
1289 3697 1427 3752 faeta
1463 3710 1562 3754 est.
1597 3702 1750 3766 Quod

173 3783 276 3835 ubi
307 3783 688 3837 animadvertit.
746 3785 929 3849 Sarra,
975 3787 1175 3842 invidia
1235 3800 1526 3852 commota,
1560 3809 1752 3861 expro-

171 3873 391 3937 brabat,
429 3883 592 3943 atque
623 3876 846 3931 laedebat
879 3887 932 3931 et
964 3878 1229 3948 aﬂligebat
1282 3883 1442 3949 Agar.
1476 3884 1750 3948 Qua-.cum

172 3965 325 4018 herae
388 3967 666 4021 cruciatus
710 3979 763 4021 et
813 3969 1036 4035 injurias
1088 3972 1354 4026 sustinere
1389 3990 1492 4026 non
1547 3987 1747 4043 posset,

169 4056 410 4124 aufugit.
439 4060 504 4110 At
560 4060 880 4128 profugienti
912 4076 939 4113 a
975 4063 1135 4116 Sarra
1193 4066 1320 4117 hera
1355 4069 1564 4119 obviam
1607 4069 1752 4122 venit

170 4150 427 4216 angelus,
455 4159 508 4205 et
531 4168 650 4205 eam
669 4155 987 4209 cohortatus
1008 4165 1109 4217 est,
1139 4167 1200 4210 ut
1227 4160 1425 4212 rediret
1446 4163 1512 4212 ad
1540 4163 1747 4229 heram,

170 4253 231 4294 et
273 4244 503 4311 imperio
543 4244 661 4312 ejus
712 4260 772 4299 se
803 4245 1116 4314 subjiceret.
1145 4251 1223 4303 Ac
1278 4252 1413 4303 dixit
1439 4253 1486 4305 ei
1527 4255 1751 4317 angelus

175 4332 282 4385 Dei
321 4355 331 4386 :
366 4350 383 4385 ι
417 4333 552 4388 Ecce
581 4337 631 4386 in
668 4345 857 4390 ventre
884 4337 1046 4406 geris,
1077 4350 1130 4391 et
1163 4342 1330 4393 illium
1362 4343 1535 4409 paries
1586 4360 1747 4414 quem

171 4426 483 4494 appellabis
515 4428 819 4492 ismaelem,
869 4432 1125 4497 quoniam
1162 4431 1421 4488 Dominus
1477 4438 1750 4489 exaudivit

171 4520 556 4589 u-gritudinem
615 4528 782 4574 tuam.
815 4520 930 4573 Erit
959 4523 1004 4575 is
1031 4522 1178 4577 ferus
1225 4524 1404 4589 homo,
1453 4538 1506 4579 et
1558 4544 1749 4583 manus

1873 3313 2126 3382 ’Δϐραάμ
2172 3318 2265 3368 καὶ
2290 3319 2316 3369 ὁ
2350 3318 2481 3379 Θεὸς
2533 3321 2792 3389 εὐλόγησε
2843 3326 3054 3375 καὶτὸν
3095 3325 3318 3394 Ἰσμαὴλ
3353 3329 3427 3386 ὼς

1857 3505 2036 3550 autem
2087 3500 2336 3553 exaudivi
2377 3511 2461 3565 te,
2496 3503 2624 3556 etei
2677 3506 2962 3567 benedixi,
3007 3519 3058 3561 et
3098 3524 3425 3576 magnopere

1857 3607 1978 3644 eum
2016 3594 2242 3660 augebo.
2274 3613 2292 3645 ›
2333 3593 2624 3649 Duodecim
2691 3600 2936 3652 nationes
2973 3603 3301 3667 procreabit,
3341 3613 3427 3655 at-

1858 3701 1962 3751 que
1989 3685 2047 3750 in
2074 3702 2323 3754 magnam
2353 3702 2565 3756 gentem
2587 3708 2707 3742 eum
2739 3691 2956 3746 faciam.
2984 3695 3299 3749 l’actionem
3327 3715 3424 3750 au-

1862 3785 1965 3828 tem
1987 3792 2164 3832 meam
2185 3795 2305 3831 cum
2329 3779 2511 3833 Isaaco
2526 3783 2743 3846 faciam,
2769 3802 2925 3852 quem
2946 3787 3106 3840 Sarra
3135 3789 3227 3843 tibi
3254 3792 3425 3858 pariet

1858 3869 1908 3921 in
1945 3870 2107 3923 hocce
2170 3883 2396 3938 tempus.
2435 3893 2452 3924 ι
2492 3875 2563 3929 lla
2616 3880 3076 3946 comprehendere
3132 3899 3426 3950 possumus

1859 3976 2109 4027 magnum
2146 3967 2459 4030 mysterium
2494 3968 2610 4034 pira,
2643 3986 2785 4023 sana:
2811 3985 2863 4024 et
2891 3987 3092 4027 sanctae
3122 3976 3245 4029 (λαθί
3300 3993 3427 4031 nos-

1858 4059 1977 4113 trw,
2008 4061 2062 4104 et
2095 4053 2447 4121 impietatem,
2486 4060 2571 4110 cui
2633 4063 2863 4129 Agareni
2889 4065 3106 4118 obnoxii
3143 4079 3288 4120 sunt.
3325 4069 3425 4121 Ne-

1859 4160 1960 4210 que
1993 4147 2157 4198 semel
2196 4147 2244 4199 ei
2275 4147 2412 4202 Deus
2444 4150 2568 4203 illud
2598 4151 2754 4215 dixit,
2787 4154 2878 4206 sed
2906 4155 3010 4208 bis.
3049 4157 3285 4213 Primum
3344 4163 3425 4216 di-

1857 4240 1938 4290 xit
1966 4255 1979 4288 :
2016 4256 2034 4288 ι
2065 4237 2384 4294 Procreabis
2415 4243 2582 4296 tilium
2617 4255 2669 4298 et
2692 4249 2987 4314 appellabis
3009 4266 3133 4304 eum
3160 4253 3422 4321 Isaacum,

1856 4339 1910 4380 et
1930 4332 2235 4396 pactionem
2267 4348 2442 4385 meam
2461 4350 2584 4388 cum
2616 4351 2680 4389 eo
2714 4337 2908 4391 faciam
2951 4340 3002 4392 in
3025 4350 3238 4409 tempus
3260 4357 3419 4400 (κίοι--

1858 4437 2009 4483 num,
2039 4438 2162 4476 cum
2193 4424 2308 4491 ipso
2332 4434 2382 4478 et
2408 4428 2638 4492 posteris
2657 4429 2795 4496 ejus.
2831 4449 2848 4479 ι
2872 4429 3006 4485 Cum
3037 4447 3218 4488 autem
3244 4439 3419 4491 Abra-

1858 4515 2052 4568 hamus
2079 4515 2245 4567 Deum
2279 4527 2508 4585 regaret,
2543 4529 2600 4572 ut
2633 4521 2775 4573 idem
2801 4519 3012 4578 lsmaeli
3042 4526 3240 4581 faceret
3263 4533 3420 4598 eique

171 4617 304 4680 ejus
343 4614 604 4669 adversus
652 4630 864 4680 omnes,
900 4627 952 4670 et
978 4621 1219 4677 omnium
1253 4637 1448 4676 manus
1488 4623 1748 4681 adversus

1858 4610 2218 4673 beuediceret,
2250 4616 2580 4678 respondens
2641 4616 2812 4671 Deus:
2849 4637 2865 4669 ι
2894 4619 3050 4686 Ecce,
3106 4624 3301 4693 inquit,
3335 4629 3424 4682 be-

176 4708 366 4773 ipsum
407 4706 621 4758 intenta-
642 4716 804 4760 erunt
838 4725 852 4771 ;
882 4717 1042 4776 atque
1079 4710 1340 4764 habitabit
1370 4713 1419 4764 in
1462 4726 1755 4783 conspectu

169 4797 688 4859 omniumi’ratrum
721 4813 963 4852 suorum.
999 4800 1249 4856 )Rursus
1280 4805 1455 4872 capite
1485 4807 1570 4868 17,
1615 4808 1756 4863 Deus

177 4887 495 4939 Abrahamo
533 4887 599 4938 de
621 4887 806 4950 Sarra,
836 4904 1002 4942 uxore
1027 4891 1166 4958 ejus,
1194 4893 1329 4946 dixit
1358 4909 1369 4944 :
1399 4913 1415 4944 ι
1437 4895 1756 4952 Benedicam

171 4981 383 5044 Sarrae,
418 4979 571 5032 uxori
614 4988 742 5042 tuae,
781 4990 835 5033 et
886 4995 952 5035 ex
988 4983 1174 5036 eadem
1219 4985 1385 5039 lilium
1444 4990 1535 5041 tibi
1591 4991 1751 5053 dabo,

171 5082 348 5135 atque
405 5069 716 5123 benedicam
751 5070 846 5134 illi,
882 5073 1095 5139 eritque
1151 5075 1197 5127 is
1228 5078 1466 5143 gentium
1504 5080 1678 5148 origo,
1702 5091 1757 5133 et

172 5177 349 5228 regna
389 5164 628 5228 gentium
672 5177 734 5217 ex
769 5163 962 5216 eodem
994 5167 1274 5219 exsislent.
1304 5186 1320 5218 ι
1358 5168 1531 5236 Atque
1558 5186 1754 5237 procu-

172 5252 303 5303 buit
328 5251 665 5305 Ahrahamus
693 5252 745 5305 in
779 5252 972 5306 faciem
1004 5254 1255 5322 risitque,
1282 5265 1444 5325 atque
1470 5259 1601 5310 dixit
1629 5274 1752 5314 cum

171 5343 369 5396 animo
399 5359 447 5397 ει
477 5340 533 5394 Si
561 5343 670 5395 lieri
704 5353 899 5410 potest,
937 5347 1252 5400 centenario
1307 5348 1447 5402 ﬁlius
1480 5361 1750 5412 nascetur,

169 5445 230 5487 ct
270 5432 432 5485 Sarra
464 5432 636 5500 pariet
664 5433 840 5487 aetatis
867 5449 1010 5488 anno
1042 5439 1414 5505 nonagesimo.
1455 5457 1473 5490 ι
1502 5439 1755 5510 Dixitque

173 5527 294 5577 Deo
349 5525 729 5578 Abrahamus:
762 5542 780 5576 ι
818 5524 1013 5579 lsmael
1064 5527 1153 5582 hic
1213 5545 1390 5584 coram
1445 5542 1496 5585 te
1527 5532 1689 5586 vivat.
1729 5553 1746 5584 ι

174 5614 331 5667 Dixit
363 5614 502 5667 Deus
528 5614 836 5668 Abrahamo
869 5630 884 5668 :
923 5633 941 5666 ι
967 5614 1219 5672 Profecto
1250 5615 1437 5688 Sarra,
1475 5637 1611 5677 uxor
1637 5633 1751 5690 tua,

173 5704 356 5756 lilium
389 5703 486 5755 tibi
509 5704 705 5772 pariet,
735 5714 788 5760 et
826 5709 1132 5763 nominabis
1156 5726 1280 5765 eum
1306 5715 1573 5776 lsaacum,
1593 5725 1755 5782 atque

173 5797 381 5850 iaciam
416 5809 539 5848 cum
573 5810 640 5849 eo
687 5798 994 5864 pactionem
1031 5815 1204 5854 meam
1241 5802 1294 5855 in
1347 5812 1558 5872 tempus
1597 5816 1751 5860 aeter-

174 5902 340 5952 num,
378 5897 437 5939 ut
465 5886 566 5940 sim
595 5886 695 5956 ipsi
724 5899 777 5943 et
806 5891 1042 5958 posteris
1085 5893 1202 5961 ejus
1237 5892 1395 5950 Deus.
1423 5895 1499 5951 De
1531 5896 1753 5954 lsmaele

479 5981 744 6042 Pn'tt'JL.
787 5985 895 6041 C-n.
935 5983 1119 6045 CLVI.

1860 4701 2042 4755 nedixi
2074 4702 2148 4754 illi
2184 4710 2236 4754 et
2275 4718 2597 4772 magnopere
2631 4723 2755 4761 eum
2806 4713 3037 4777 augebo,
3070 4725 3233 4782 atque
3291 4719 3423 4773 duo-

1857 4791 2031 4847 decim
2062 4794 2306 4848 nationes
2351 4799 2735 4862 procreabitet
2775 4817 2904 4869 gens
2939 4819 3128 4872 magna
3177 4811 3422 4864 exsistet.

1856 4887 1925 4937 At
1955 4892 2258 4954 pactionem
2291 4903 2462 4939 meam
2500 4903 2624 4942 cum
2683 4892 2868 4947 lsaaco
2923 4896 3139 4952 faciam.
3184 4919 3202 4950 ι
3239 4900 3424 4955 Noluit

1859 4979 2021 5048 igitur
2071 4978 2214 5033 Deus
2271 4981 2573 5048 pactionem
2636 4998 2788 5039 suam
2831 4989 3042 5044 Ismaeli
3087 5001 3140 5045 et
3191 4999 3424 5062 posteris

1857 5072 1977 5136 ejus
2011 5073 2138 5125 dare
2167 5084 2258 5124 aut
2311 5073 2608 5149 cooﬁdere,
2648 5077 2740 5130 sed
2779 5081 2880 5133 soli
2942 5082 3128 5138 lsaaco
3159 5097 3212 5141 ct
3261 5091 3422 5156 hujus

1857 5166 2090 5232 posteris
2123 5164 2173 5215 in
2212 5176 2422 5232 tempus
2448 5179 2732 5221 aeternum.
2766 5172 2942 5240 Atque
2994 5176 3296 5231 mirandqu
3329 5183 3419 5246 sit,

1857 5258 1902 5309 si
1937 5257 2059 5324 quis
2083 5260 2293 5325 assequi
2336 5273 2567 5326 nequest
2599 5265 2790 5316 horum
2855 5267 3141 5324 verborum
3203 5280 3424 5326 senten-

1859 5347 2008 5399 tiam.
2042 5350 2271 5416 Agareni
2305 5359 2505 5414 tamen,
2529 5353 2738 5408 barbari
2765 5368 2820 5409 et
2848 5357 2946 5410 feri
2982 5359 3248 5425 homines,
3281 5357 3432 5418 haud

1856 5447 1999 5491 recte
2026 5439 2332 5507 intelligunt
2389 5445 2674 5496 verborum
2706 5460 2952 5511 sensum,
2988 5457 3040 5502 et
3063 5449 3420 5520 lacrymanto,

1856 5532 1999 5600 quod
2029 5530 2169 5586 Deus
2199 5548 2227 5585 a
2252 5533 2520 5602 principio
2547 5550 2740 5590 eorum
2797 5542 3158 5607 patriarcbam
3195 5555 3246 5598 et
3277 5545 3423 5614 ipsos

1856 5624 2103 5692 pactione
2129 5633 2180 5680 et
2211 5627 2380 5694 gratla
2413 5641 2508 5680 sua
2532 5629 2764 5682 exclusit
2788 5646 2801 5692 ;
2829 5639 2882 5684 at
2903 5633 3209 5699 gloriantur
3236 5636 3420 5700 iidem,

1854 5718 1999 5784 quod
2049 5717 2153 5786 ipsi
2211 5732 2425 5788 quoque
2482 5717 2773 5774 Abrahami
2804 5725 3022 5790 {posteri
3061 5726 3170 5780 sint
3199 5738 3249 5780 et
3282 5728 3423 5783 Deus

1857 5806 2067 5859 lsmaeli
2107 5807 2246 5860 haud
2278 5822 2435 5861 secus
2496 5819 2659 5875 atque
2689 5809 2874 5865 lsaaco
2929 5814 3286 5869 benedixerit.
3322 5817 3422 5872 Er-

1857 5908 1980 5953 rant
2012 5908 2188 5954 autem
2220 5900 2322 5954 hac
2362 5899 2416 5954 in
2454 5915 2530 5965 re,
2565 5909 2622 5954 ut
2655 5900 2710 5955 in
2761 5905 3014 5961 omnibus
3057 5910 3254 5973 solent,
3278 5915 3422 5979 quod

3120 5997 3193 6064 29
