4134 6452
192 522 282 586 900

1156 523 1593 583 (IllROXlCth
1632 523 1895 583 MAJUS.
1941 545 2007 554 —
2048 520 2195 581 LIB.
2238 519 2337 577 ιν.

3275 512 3383 576 910

190 633 488 703 ἐφρονοῦμεν
512 632 687 702 ὀρθῶς
726 632 989 702 Ῥωμαῖοί
1018 650 1074 686 τε
1102 636 1195 687 καὶ
1219 634 1407 697 Σέρϐοι
1434 636 1523 686 καὶ
1549 635 1709 687 I306).-
1742 644 1780 693 Α
1816 632 2027 692 στιανός
2061 648 2144 693 τις
2188 628 2573 701 γραμματικὸς
2630 621 2720 695 ἦν,
2754 616 3179 696 ἀνατεθειμένος
3235 628 3388 700 παρά

190 743 347 795 γαροι.
375 724 549 786 καθὼς
578 724 828 788 λέγουσιν
872 726 921 777 οἱ
958 726 1391 794 κατηγοροῦντες
1437 729 1584 794 ἡμᾶς
1622 730 1714 780 καὶ

187 816 523 879 ὀνειδίζουσιν.
569 818 693 869 Ἐὰν
719 817 775 868 δὲ
804 818 967 869 πάλιν
989 819 1083 869 καὶ
1114 818 1218 871 ὐπὸ
1239 819 1520 888 ἁμαρτιῶν
1554 821 1712 886 ἡμεῖς

188 911 571 979 ἐπαιδεύθημεν,
603 909 696 967 καὶ
742 912 900 979 ὑμεῖς
937 912 988 962 οἱ
1020 910 1213 963 Ἰταλοὶ
1267 911 1341 981 μὴ
1398 912 1711 979 ἀμερίμνως

192 1004 401 1071 μείνατε,
429 1003 561 1056 ἀλλὰ
588 1002 684 1064 τὰς
709 1006 895 1073 χεῖρας
922 1004 1013 1055 ἐπὶ
1037 1004 1095 1056 τὸ
1121 1004 1315 1072 στῆθος
1343 1005 1495 1073 ὑμῶν
1523 1003 1713 1073 βάλετε

188 1099 274 1149 καὶ
297 1097 420 1150 κατὰ
445 1095 572 1149 νοῦν
603 1097 967 1164 ἐνθυμήθητε,
993 1098 1087 1149 καὶ
1110 1098 1543 1166 κατηγοροῦντες
1569 1100 1715 1167 ἡμᾶς

189 1188 425 1241 παύσατε.
454 1189 617 1240 Αὐτοὶ
651 1188 707 1240 δὲ
733 1189 783 1239 οἱ
814 1187 1157 1256 ’ῐσμαηλῖται
1189 1188 1412 1240 ἄπιστοι
1439 1187 1592 1251 ὄντες
1621 1205 1717 1257 χα-

183 1280 327 1333 λεποὶ
353 1281 437 1332 καὶ
472 1279 865 1349 ἁνελεήμονες,
890 1279 1182 1346 προστάξει
1216 1280 1270 1333 δὲ
1303 1280 1441 1332 Θεοῦ
1472 1281 1599 1342 τοὺς
1629 1300 1714 1334 πι-

185 1373 328 1434 στοὺς
366 1373 674 1425 παιδεύουσι
726 1373 821 1423 καὶ
845 1373 904 1424 τὸ
940 1373 1126 1423 πλεῖον
1172 1371 1339 1440 μέρος
1382 1370 1478 1422 τοῦ
1509 1374 1714 1440 κόσμου

182 1466 494 1534 κυριεύουσι.
550 1466 641 1517 Διὸ
667 1466 726 1517 οὐ
760 1465 841 1517 δεῖ
871 1464 1379 1533 μεγαλορῤημονεῖν
1428 1465 1554 1531 περὶ
1587 1465 1715 1515 τού-

182 1573 281 1607 των
325 1557 438 1616 τοὺς
491 1555 752 1617 Ἰταλοὺς,
809 1555 891 1607 ὅτι
925 1556 1009 1607 διὰ
1057 1555 1118 1606 τὸ
1159 1554 1334 1625 ὀρθῶς
1363 1558 1579 1623 φρονεῖν
1625 1558 1716 1607 καὶ

178 1647 359 1699 δίκαιοι
392 1650 482 1698 καὶ
536 1648 679 1713 ἇγιοι
710 1647 939 1707 tauro);
994 1647 1243 1712 λέγουσιν
1292 1642 1453 1707 εἶναι,
1491 1648 1584 1699 καὶ
1630 1646 1716 1698 διὰ

179 1738 274 1806 τὴν
298 1739 460 1790 αὐτῶν
489 1738 799 1808 ὀρθοδοξίαν
841 1740 932 1791 καὶ
987 1738 1335 1810 δικαιοσύνην
1366 1738 1468 1801 ἕως
1496 1739 1588 1790 τοῦ
1620 1739 1716 1789 νῦν

181 1830 529 1899 βασιλεύουσι.

1818 742 1980 777 τινων
2014 723 2274 791 Τούρκων
2301 722 2407 773 τῶν
2440 721 2539 790 τῆς
2580 719 2780 787 βουλῆς
2810 722 2983 772 εἰπεῖν
3032 721 3109 790 τῷ
3144 723 3386 796 δεσπότῃ

1817 818 1903 869 ῖνα
1937 815 2149 885 ποιήσῃ
2169 814 2436 881 ἀναὸολὴν
2465 815 2546 875 εἰς
2572 813 2669 881 τὴν
2697 813 2940 880 ἀγάπην,
2974 816 3051 865 ὅτι
3099 818 3195 868 ἐὰν
3220 817 3388 886 γένη-

1816 927 1906 961 ται
1956 911 1988 977 ἡ
2045 908 2184 977 μετὰ
2218 907 2326 959 τῶν
2366 907 2671 974 Οὐγγὰρων
2725 906 2970 978 συνθήκη
3022 908 3119 977 τῆς
3170 912 3391 978 ἀγάπης

1816 1002 1935 1071 ἦτοι
1967 1002 2211 1070 είρήνης,
2253 1000 2411 1061 εὐθὺς
2448 1002 2474 1051 6
2506 1000 2747 1068 Τοῦρκος
2784 999 2926 1052 κατὰ
2969 1000 3065 1069 τῆς
3103 1002 3395 1053 Κωνσταν-

1815 1093 2180 1155 τινουπόλεως
2210 1093 2645 1161 καθορμὴσεται.
2678 1093 2940 1154 Κάκεῖνος
2969 1093 3070 1145 οὐκ
3101 1095 3389 1164 ἐφρόντισε

1819 1188 1947 1254 περὶ
1977 1186 2174 1238 τούτου
2225 1184 2349 1235 οὔτε
2382 1184 2575 1251 ἔμελεν
2610 1184 2676 1235 αὐ
2691 1183 2782 1250 τῷ,
2811 1186 2911 1235 οὐκ
2942 1185 3096 1245 εἰδὼς
3128 1188 3156 1237 6
3206 1187 3391 1247 ἄθλιος

1818 1281 1901 1331 ὅτι
1936 1281 1983 1330 εί
2012 1279 2283 1348 ἀφαιρεθῇ
2313 1280 2343 1347 ἠ
2373 1277 2584 1347 κεφαλὴ
2613 1277 2707 1330 τοῦ
2738 1276 3013 1345 σώματος,
3032 1277 3098 1330 τὰ
3124 1279 3263 1349 μέλη
3288 1282 3397 1332 εἰσὶ

1823 1370 2015 1438 νεκρά.

1891 1465 2026 1516 Τότε
2062 1460 2154 1516 οῦν
2192 1464 2285 1516 καὶ
2320 1464 2376 1514 ἐν
2423 1466 2487 1532 τῇ
2527 1463 2744 1532 Ἐνετίᾳ
2783 1465 2979 1533 βουλῆς
3033 1465 3279 1533 μεγάλης
3309 1485 3391 1530 γει

1821 1559 2057 1624 νομένης
2092 1558 2215 1625 περὶ
2243 1556 2436 1608 τούτου
2470 1556 2667 1624 ἀνέστη
2714 1559 2741 1608 6
2775 1556 2851 1625 τῷ
2882 1558 3003 1609 τότε
3041 1559 3215 1627 καιρῷ
3246 1561 3392 1623 δούξ.

1820 1647 2061 1716 τοῦνομα
2110 1649 2456 1717 Φραγκίσκος
2505 1648 2833 1714 Φούσκαρις,
2867 1648 3076 1714 λέγων’
3110 1669 3127 1701 ι
3167 1652 3241 1702 Οὐ
3278 1654 3396 1703 κατ’

1821 1741 2045 1805 ἄγνοιαν
2080 1739 2188 1806 γὰρ
2230 1740 2257 1789 6
2302 1736 2558 1806 βασιλεὺς
2605 1739 2855 1807 Ἰωάννης
2901 1739 3100 1807 ὥριζεν
3147 1742 3315 1809 ἡμᾶς.
3374 1762 3393 1791 ι

1834 1830 1997 1883 Ἀλλὰ
2038 1832 2127 1882 καὶ
2176 1829 2325 1883 ἄλλοι
2372 1831 2421 1882 οἱ
2453 1832 2658 1893 ἰδόντες
2706 1832 2800 1883 καὶ
2844 1834 3208 1901 ὁμιλήσαντες
3239 1836 3401 1906 324

250 1922 464 1984 Τούτους
500 1924 599 1990 μὲν
626 1924 755 1984 τούς
784 1923 976 1991 λόγους
1008 1924 1312 1992 εἰρήκαμεν
1341 1923 1463 1991 οὐχὶ
1502 1923 1637 1990 πρὸς
1665 1924 1724 1973 τὸ
1758 1923 1798 1975 Β
1829 1924 1978 1993 αὐτῷ
2013 1926 2423 1994 φρονιμώτερον
2463 1925 2628 1977 αὐτοῦ
2672 1926 2961 1993 ἄνθρωπον
2991 1930 3047 1980 ὲν
3102 1932 3163 1997 τῇ
3196 1931 3399 1996 Ἰταλίᾳ.

144 2014 513 2080 ’κατακρίνειν
553 2013 585 2083 ἦ
640 2017 970 2083 κατηγορεῖν
1025 2032 1170 2078 τινα,
1218 2013 1289 2083 μὴ
1326 2015 1574 2081 γένοιτοε
1609 2012 1722 2064 ἀλλ’

180 2108 266 2159 ἵνα
294 2108 397 2169 τοῖς
425 2106 819 2169 καταλαλοῦσιν
841 2110 986 2176 ἡμᾶς
1009 2106 1274 2176 δείξωμεν
1302 2108 1385 2160 ὅτι
1418 2107 1520 2159 οὐκ
1547 2106 1723 2175 ὀρθῶς

176 2200 271 2253 καὶ
293 2200 467 2266 σαφῶς
497 2200 597 2262 τὰς
634 2200 853 2269 Γραφὰς
1068 2200 1263 2253 οἴδασι.
1303 2200 1401 2253 Διά
1429 2200 1586 2254 τοῦτο
1626 2199 1725 2268 μὲν

176 2292 321 2358 ἡμᾶς
350 2293 673 2360 μέμφονται,
704 2291 799 2343 καὶ
834 2292 987 2359 σοφοί
1019 2294 1127 2343 είσι
1181 2292 1379 2351 πάντες
1406 2291 1499 2342 τοῦ
1545 2290 1727 2342 νουθε-

174 2390 306 2449 τεῖν,
340 2384 529 2445 αὐτοὺς
549 2382 605 2434 δὲ
638 2382 1053 2451 ἁμαρτάνοντας
1079 2382 1138 2432 οὐ
1171 2379 1515 2448 γινώσκουσι.

250 2477 312 2545 β’.
350 2474 468 2529 Ἐπὶ
497 2476 595 2543 τὴν
622 2473 903 2543 ἡμετέραν
922 2472 1015 2525 οὖν
1033 2472 1287 2542 διήγησιν
1319 2472 1722 2540 ἐπανέλθωμεν.

186 2573 311 2626 Ἐάν
334 2588 412 2631 τις
440 2572 638 2641 αἰτήσῃ
678 2569 729 2621 τί
771 2568 834 2621 τὸ
883 2568 1125 2638 πραχθὲν
1152 2568 1306 2636 παρὰ
1331 2567 1424 2619 τοῦ
1464 2568 1728 2637 βασιλέως

173 2662 256 2732 τῷ
289 2662 371 2713 διὰ
398 2662 562 2729 μέσου
584 2658 759 2728 καιρῷ
785 2661 883 2726 τῆς
921 2660 1121 2730 μάχης,
1158 2659 1298 2710 είπω
1320 2659 1468 2728 αὐτῷ
1498 2675 1511 2689 ο
1563 2659 1652 2710 Ἐν
1686 2652 1729 2726 ᾧ

172 2754 245 2822 δὴ
278 2753 447 2823 χρόνῳ
476 2754 570 2810 καὶ
604 2751 782 2822 καιρῷ
812 2754 841 2804 6
875 2750 1126 2819 Ἀμηριίς
1157 2752 1604 2821 παρεσκευάζετο
1638 2753 1730 2806 καὶ

172 2848 275 2913 τὴν
311 2846 557 2915 βοήθειαν
589 2846 858 2913 ἐποίησαν
887 2845 937 2896 οἱ
988 2843 1188 2907 ἔξωθεν
1220 2843 1479 2896 αὐθένται
1509 2845 1557 2896 οί
1594 2845 1727 2912 Χρι-

173 2939 405 2991 στιανοί.
439 2940 546 2990 Καὶ
579 2939 687 2989 τῶν
726 2937 825 3005 μὲν
850 2936 1260 3005 περικύκλωθεν
1293 2938 1566 2990 αὐθέντων
1595 2936 1723 3005 Χρι-

174 3030 409 3082 στιανῶν
438 3028 596 3095 δῆλόν
630 3032 745 3081 ἐστι
795 3030 906 3089 τοῖς
934 3029 1100 3079 πᾶσιν
1147 3029 1321 3089 οὐδὲν,
1354 3028 1487 3080 ἀλλὰ
1532 3028 1731 3097 μᾶλλον

172 3123 274 3174 καὶ
303 3122 435 3191 πρὸς
462 3123 554 3174 τὸν
577 3114 673 3190 τῆς
704 3121 936 3189 Σερδίας
961 3121 1227 3190 αὐθέντην
1262 3120 1535 3188 Γεὼργιον
1560 3123 1729 3190 πρέσ-

169 3214 277 3264 ϐυν
308 3215 336 3265 6
366 3213 577 3281 ἅμερᾶς
612 3211 950 3273 ἀπέστειλεν,
1001 3211 1087 3262 ἵνα
1136 3211 1435 3281 μεσιτεύσῃ
1468 3214 1595 3279 περὶ
1632 3210 1731 3276 τῆς

166 3305 399 3373 εἰρήνης
453 3304 553 3372 τῆς
608 3302 926 3371 ἀναμεταξὺ
980 3304 1090 3354 τῶν
1146 3303 1449 3370 Οὐγγάρων
1505 3303 1599 3355 καὶ
1636 3301 1731 3354 τοῦ

166 3397 391 3487 ἀμηρᾶ.
424 3395 580 3448 Μετὰ
624 3393 683 3449 δι
724 3393 819 3450 τοῦ
862 3396 1243 3465 ἀπερχομένου
1278 3393 1544 3463 πρέσὸεος
1599 3393 1735 3464 Χρι-

167 3580 347 3643 mani,
375 3576 545 3633 Servii
564 3586 619 3632 et
635 3577 868 3646 Bulgari,
895 3576 945 3630 id
969 3577 1136 3644 quod,
1160 3577 1251 3643 qui
1278 3592 1374 3629 nos
1401 3576 1741 3630 calumnian-

166 3685 265 3726 tur
299 3681 351 3727 et
402 3678 680 3733 accusant,
722 3669 930 3723 dicunt.
961 3667 1068 3721 Vos
1119 3684 1250 3722 vero
1292 3668 1404 3721 Itali
1441 3684 1509 3720 ne
1563 3668 1740 3720 securi

161 3765 371 3831 agatis,
403 3762 517 3826 sed,
548 3761 816 3829 impositis
868 3760 1072 3827 pectori
1105 3760 1374 3820 manibus.
1413 3758 1739 3810 meditamini

161 3869 299 3907 cum
360 3853 564 3914 animo,
598 3861 651 3905 et
697 3850 941 3905 desistite
976 3864 1076 3901 nos
1132 3863 1411 3903 aet-usuro.
1459 3848 1741 3901 lsmnelitze

161 3951 382 4003 autem,
421 3940 667 3993 homines
718 3938 889 4006 impii.
920 3937 1041 3992 duri
1071 3946 1125 3991 et
1154 3938 1454 3997 inhumani,
1491 3953 1520 3990 e
1552 3938 1744 3989 volun-

159 4042 284 4088 tate
315 4031 413 4084 Dei
467 4032 583 4098 pios
635 4031 899 4099 castigant
929 4040 982 4083 et
1020 4030 1278 4097 majorem
1341 4038 1541 4097 partem
1599 4031 1745 4082 orbis

158 4135 447 4177 terrarum
500 4130 816 4190 occupatam
874 4130 1073 4175 tenent.
1105 4119 1282 4185 Quare
1337 4133 1443 4171 non
1490 4118 1646 4172 decet
1679 4119 1745 4171 de

157 4217 261 4271 his
289 4214 514 4285 gloriari
543 4214 727 4280 Italos,
788 4227 909 4268 sese
956 4220 1176 4281 propter
1219 4211 1479 4265 doctrina:
1508 4210 1749 4278 probita-

155 4325 283 4367 tem
343 4310 522 4378 justos
559 4317 612 4360 et
646 4314 866 4360 sanctos
897 4318 955 4358 se
988 4303 1259 4372 appellare
1279 4311 1340 4355 et
1390 4311 1610 4370 prepter
1655 4316 1747 4354 or-

155 4400 500 4458 thodoxiam
526 4406 578 4452 et
606 4395 874 4467 justitiam
910 4393 978 4447 ad
1035 4395 1180 4448 hunc
1212 4393 1355 4446 diem
1407 4405 1652 4461 regnare.

248 4492 381 4545 Ilaec
428 4488 594 4542 verba
642 4485 865 4539 minime
919 4482 1167 4544 fecimus,
1226 4497 1355 4549 quo,
1380 4482 1521 4549 quod
1554 4478 1744 4532 absit!

147 4595 514 4655 quemquam
569 4580 885 4631 damnemus
932 4584 1025 4627 aut
1064 4588 1401 4635 accusemus,
1431 4576 1522 4625 sed
1556 4581 1614 4623 ιιι
1660 4586 1750 4624 os-

151 4676 476 4732 tendamus
528 4670 596 4724 iis
628 4668 719 4736 qui
762 4682 860 4720 nos
918 4664 1352 4724 calumniantur,
1398 4662 1535 4715 haud
1586 4662 1751 4730 probe

150 4784 278 4825 nec
314 4775 469 4821 recte
496 4778 588 4817 eos
612 4759 926 4828 Scripturas
948 4756 1268 4823 intelligere.
1292 4753 1430 4808 Hine
1453 4754 1596 4807 enim
1622 4752 1749 4806 mut

146 4877 277 4917 nos
310 4859 624 4925 vituperent
671 4860 726 4905 et
753 4864 944 4904 omnes
996 4847 1096 4901 sibi
1155 4845 1439 4900 videantur
1472 4844 1539 4897 ad
1571 4858 1753 4912 reprec

148 4944 542 5003 ltendendum
602 4939 735 4995 satis
788 4952 999 5006 sapere,
1060 4938 1205 5004 ipsos
1272 4949 1331 4988 se
1389 4947 1574 4986 errare
1633 4947 1742 4985 non

140 5040 453 5096 sentiunt.

246 5129 309 5181 2.
349 5128 712 5179 Revertamur
741 5122 804 5173 ad
830 5118 1167 5189 propositum
1200 5125 1470 5169 nostrum.
1505 5115 1561 5171 Si
1588 5130 1749 5182 qua:-

140 5236 291 5283 ras,
328 5216 469 5286 quid
496 5217 793 5282 imperator
849 5220 1119 5277 tempore,
1149 5207 1295 5275 quod
1357 5206 1409 5259 in
1461 5206 1751 5260 obsidione

1786 4632 1827 4686 D

1832 2017 1931 2069 οὐκ
1957 2013 2119 2079 εἶδον,
2170 2020 2218 2070 εἰ
2253 2017 2326 2088 μὴ
2356 2017 2442 2070 διὰ
2496 2020 2696 2071 κακίαν
2734 2021 2826 2072 καὶ
2868 2022 3064 2089 φθόνον
3089 2039 3102 2052 ·
3146 2025 3245 2075 οὐκ
3290 2022 3399 2076 οἶδε

1833 2106 1941 2173 γὰρ
1986 2109 2014 2159 6
2061 2107 2256 2174 φθόνος
2310 2109 2580 2177 προτιμᾷν
2619 2109 2679 2162 τὸ
2731 2113 3033 2181 συμφέρον.
3067 2110 3176 2166 Ἦν
3228 2116 3284 2166 δὲ
3341 2118 3400 2167 τὸ

1834 2198 2008 2251 αἴτιον
2034 2199 2223 2250 τούτου
2272 2196 2363 2250 τοῦ
2391 2199 2691 2254 ’Δλωῦσίου
2721 2202 2901 2256 Διέδου
2938 2203 3033 2257 τοῦ
3082 2207 3211 2259 ποτε
3244 2224 3397 2285 μεσι-

1832 2289 2127 2352 τεύσαντος
2173 2290 2259 2342 ἵνα
2297 2292 2324 2342 6
2372 2292 2681 2359 μακαρίτης
2713 2295 2741 2344 6
2783 2295 3053 2365 αὐθέντης
3089 2316 3190 2366 μου
3236 2302 3263 2352 6
3297 2302 3401 2368 κύρ

1836 2383 2265 2446 Κωνσταντῖνος,
2322 2382 2591 2448 δεσπότης
2631 2384 2705 2437 ὣν
2740 2385 2861 2438 τότε
2914 2387 2991 2455 τῷ
3041 2391 3217 2459 καιρῷ
3253 2393 3309 2443 ἐν
3336 2396 3399 2461 τῇ

1836 2477 2251 2547 Πελοποννήσῳ,
2292 2475 2432 2546 λάὕῃ
2490 2478 2570 2540 είς
2605 2480 2839 2545 γυναῖκα
2890 2480 3056 2533 αὑτοῦ
3099 2482 3196 2553 τὴν
3248 2484 3400 2536 τοῦὲε

1834 2564 1928 2617 τοῦ
1955 2565 2145 2627 δονκὺς
2176 2565 2451 2633 θυγατέρα
2491 2566 2631 2634 μετὰ
2678 2569 2904 2636 προικὸς
2952 2571 3173 2640 πολλῆς.
3220 2574 3278 2625 '0
3307 2573 3402 2626 οὖν

1836 2656 2105 2726 αὐθέντης
2155 2675 2255 2728 μου
2296 2657 2355 2709 οὐ
2385 2658 2453 2711 δι’
2485 2658 2610 2712 ἄλλο
2644 2662 2691 2712 εί
2725 2660 2799 2729 μὴ
2842 2662 2929 2713 ἵνα
2966 2662 3187 2732 γένηται
3239 2667 3404 2719 οἱονεὶ

1836 2750 1930 2802 καὶ
1960 2750 2120 2813 αὐτὸς
2158 2753 2252 2802 καὶ
2278 2754 2305 2803 6
2345 2752 2507 2813 τόπος
2539 2752 2698 2805 αὐτοῦ
2746 2754 2883 2821 μετά
2909 2758 3007 2822 τῆς
3054 2757 3294 2819 Ἐνετίας
3322 2758 3400 2825 ἓν,

1840 2842 2260 2894 συνεκατέόαινε
2300 2844 2366 2911 τῇ
2414 2842 2641 2913 τοιαύτῃ
2690 2844 3001 2914 ἀγχιστεία,
3034 2848 3169 2914 ἐμοῦ
3211 2867 3267 2902 τε
3308 2854 3402 2903 καὶ

1838 2934 2011 2987 ἄλλων
2044 2933 2306 2985 πλειόνων
2335 2934 2729 2986 συναινούντων
2760 2936 2917 2990 τοῦτο
2948 2939 3037 2990 καὶ
3074 2940 3405 3006 ἀναγκαζόν-

1838 3044 1946 3079 των
1976 3027 2159 3093 σχεδὸν
2187 3027 2285 3095 ἢδη
2317 3026 2547 3094 ἐγίνετο.
2588 3028 2675 3090 Ὠς
2697 3030 2751 3081 δὲ
2775 3032 2996 3097 ἐγένετο
3029 3031 3286 3100 βασιλεὺς
3310 3037 3405 3088 καὶ.

1840 3118 2084 3187 ἀπῆλθεν
2137 3121 2217 3181 είς
2247 3117 2347 3188 τὴν
2401 3120 2580 3181 πόλιν,
2632 3120 2789 3172 τοῦτο
2835 3122 3104 3176 ἀνοίκειον
3152 3120 3254 3195 ἦν·
3289 3126 3403 3189 πῶς

1841 3214 1946 3281 γὰρ
1980 3211 2232 3263 ἐδύναντο
2262 3210 2309 3262 οε
2337 3212 2434 3279 τῆς
2465 3212 2672 3274 πόλεως
2711 3213 2975 3282 ἄρχοντες
3007 3218 3099 3268 καὶ
3121 3218 3405 3287 ἀρχόντισο-

1838 3321 1927 3355 σαι
1960 3304 2153 3370 κυρίαν
2183 3302 2275 3355 καὶ
2302 3302 2589 3354 δέσποιναν
2612 3304 2793 3355 αὐτῶν
2820 3306 3215 3375 καταδεχθῆναι
3254 3309 3402 3361 Ἐνε-

1840 3394 1933 3447 τοῦ
1959 3394 2257 3465 θυγατέρα,
2285 3396 2378 3447 καὶ
2401 3396 2529 3459 τοὺς
2556 3397 2842 3466 γαμϐροὺς
2866 3399 3031 3451 αὐτοῦ
3060 3402 3182 3464 τοὺς
3207 3401 3398 3465 ἄλλους

1840 3572 2189 3628 Christianus
2214 3574 2413 3643 aliquis
2435 3575 2709 3632 litteratus
2734 3588 2872 3642 erat,
2904 3595 2929 3631 ιι
2960 3581 3156 3635 Turcis
3180 3585 3404 3651 quibus-

1844 3664 1967 3716 dam
2005 3664 2335 3718 consiliariis
2368 3667 2607 3729 additus,
2635 3669 2726 3734 qui
2759 3670 2994 3736 despotze
3022 3672 3295 3737 suaderet,
3349 3686 3407 3728 nt

1846 3758 2139 3811 amicitiam
2164 3759 2458 3813 conciliare
2510 3760 2777 3826 studeret,
2839 3771 2913 3826 ut,
2978 3764 3021 3816 si
3073 3766 3223 3818 fieret
3280 3783 3402 3821 cum

1845 3849 2119 3917 Hungaris
2162 3851 2382 3911 paciset
2434 3852 2690 3905 amicitiae
2738 3854 2935 3920 pactio,
2994 3854 3171 3909 Turca
3221 3861 3403 3912 statim

1846 3942 2059 3997 CPolim
2093 3942 2391 3996 invaderet.
2424 3943 2595 4007 Quam
2629 3960 2740 3995 rem
2770 3946 2934 3999 miser
2961 3947 3051 4000 ille
3087 3950 3237 4002 nihili
3264 3952 3410 4005 testi.-

1850 4033 2029 4085 mabat
2051 4048 2148 4086 nec
2174 4034 2327 4100 pensi
2358 4033 2613 4097 habebat,
2649 4036 2890 4102 nescius,
2921 4038 3097 4106 capite
3122 4055 3154 4093 a
3178 4056 3406 4109 corpore

1849 4120 2052 4182 deciso,
2080 4120 2319 4173 membra
2342 4130 2554 4173 mortua
2578 4136 2717 4175 esse.

1921 4210 2122 4265 Eodem
2156 4219 2403 4280 tempore
2456 4213 2619 4265 etiam
2661 4213 2903 4267 Venetiis
2926 4215 2992 4269 de
3018 4216 3116 4269 hac
3173 4233 3232 4271 re
3294 4236 3409 4272 ma-

1851 4317 2012 4370 gnum
2041 4302 2331 4354 concilium
2363 4301 2603 4355 habitum
2641 4314 2741 4366 est,
2782 4306 2834 4357 iu
2864 4321 2991 4373 quo,
3034 4308 3122 4374 qni
3153 4316 3265 4361 tum
3303 4309 3408 4361 dux

1850 4398 1988 4453 erat,
2012 4388 2337 4444 Franciscns
2365 4389 2618 4444 Fuscaris
2654 4395 2893 4446 surrexit
2929 4404 2979 4446 et
3007 4396 3143 4450 dixit
3170 4414 3182 4449 :
3210 4417 3228 4448 ι
3293 4396 3410 4451 Non

1852 4496 1914 4534 ex
1942 4481 2244 4549 ignorantia
2280 4483 2579 4549 imperator
2624 4482 2864 4538 Joannes
2924 4501 3022 4540 nos
3067 4488 3348 4556 expetivit.
3391 4509 3407 4539 ι

1858 4571 2147 4625 Enimvero
2180 4572 2348 4625 etiam
2399 4573 2512 4635 alii,
2540 4575 2631 4641 qui
2666 4589 2789 4627 enm
2853 4574 3119 4630 vidissent
3165 4587 3215 4630 et
3284 4595 3409 4632 cum

1856 4677 1919 4715 eo
1942 4663 2192 4716 collocuti
2226 4673 2430 4726 essent,
2451 4664 2857 4730 prudentiorem
2880 4665 3152 4720 hominem
3184 4669 3239 4721 in
3266 4669 3412 4721 Italia

1858 4752 2034 4805 visum
2063 4768 2186 4806 esse
2211 4755 2496 4823 negabant.
2526 4756 2589 4809 At
2613 4756 2863 4810 obstabat
2894 4759 3136 4825 nequitia
3191 4769 3244 4813 et
3279 4760 3415 4812 imi-

1858 4844 1967 4896 dia.
1994 4843 2178 4897 Nescit
2198 4846 2341 4897 enim
2385 4846 2588 4899 invidia
2610 4848 2885 4901 honorare
2912 4848 3221 4903 utilitatem.
3247 4850 3416 4920 Cujus

1860 4935 1935 4987 rei
1971 4950 2134 4988 causa
2170 4945 2288 4987 erat
2317 4934 2569 5005 Aloysius
2595 4936 2812 5000 Diedns,
2863 4939 2955 5006 qui
2993 4939 3120 4992 olim
3186 4956 3413 4995 curave-

1858 5034 1961 5083 rat.
1989 5026 2239 5079 utbeatae
2272 5028 2547 5081 memoria:
2593 5029 2848 5097 princeps
2884 5045 3057 5094 meus,
3106 5031 3416 5085 Constanti-

1860 5130 1961 5168 nus
1986 5115 2260 5180 dominus,
2296 5117 2521 5184 despota
2548 5124 2660 5169 tum
2699 5119 2753 5170 in
2808 5116 3198 5186 Pelepon-neso,
3257 5121 3415 5190 hujus

1860 5206 2015 5259 ducis
2066 5206 2230 5258 tiliam
2285 5221 2408 5260 eum
2458 5222 2652 5276 magna
2708 5210 2832 5261 dote
2883 5225 3109 5264 uxorem
3168 5212 3409 5266 duceret.

1861 5297 2121 5365 Princeps
2146 5313 2299 5351 meus
2322 5313 2428 5351 non
2462 5298 2620 5352 aliam
2662 5298 2731 5352 ob
2754 5315 3001 5363 causam,
3034 5301 3139 5354 nisi
3176 5311 3235 5354 ut
3301 5302 3417 5370 ipse

133 5317 578 5376 consumptum
600 5314 703 5368 est,
727 5303 917 5372 egerit,
943 5300 1142 5354 dicam.
1169 5298 1290 5364 Quo
1323 5299 1547 5367 quidem
1615 5309 1750 5353 tem-

138 5417 319 5473 pore
357 5403 590 5453 Ameras
620 5396 819 5449 bellum
840 5393 1065 5462 parabat
1091 5400 1145 5446 et
1177 5390 1243 5444 ad
1272 5391 1553 5445 ferendam
1591 5406 1747 5461 opem
1861 5399 1915 5442 et
1944 5389 2279 5457 principatus
2310 5405 2433 5443 cum
2472 5389 2691 5442 Venetis
2730 5389 3116 5457 iungerentur,
3147 5407 3266 5446 eam
3300 5393 3417 5446 ιιΠί-

1865 5482 2085 5532 nitatem
2121 5479 2362 5543 admisit,
2395 5478 2552 5533 nobis
2567 5485 2620 5532 et
2643 5480 2767 5532 aliis
2796 5481 2981 5533 multis
3014 5481 3066 5535 id
3104 5484 3418 5551 approban-

1863 5570 2010 5623 tibus
2038 5577 2092 5622 et
2126 5570 2355 5623 uttleret
2385 5583 2539 5636 paene
2582 5570 2931 5638 cogentibus.
2966 5570 3070 5624 Sed
3133 5583 3417 5641 postquam

1863 5658 2155 5728 imperator
2178 5658 2353 5711 factus
2388 5667 2546 5712 estet
2588 5658 2643 5711 in
2678 5660 2864 5713 urbem
2897 5662 3064 5726 venit,
3102 5663 3421 5723 incommo-

1863 5751 1991 5804 dum
2024 5759 2160 5804 erat.
2190 5749 2473 5815 Quomodo
2508 5751 2652 5807 enim
2678 5753 2796 5805 ﬁeri
2823 5762 3057 5820 poterat,
3088 5763 3149 5807 ut
3182 5756 3420 5810 ciiitatis

1865 5844 1965 5895 viri
1987 5850 2041 5896 et
2063 5841 2287 5899 feminae
2316 5844 2591 5913 principes
2618 5845 2895 5899 dominam
2931 5855 2983 5899 et
3018 5846 3415 5922 im‘pcratricem

1867 5930 2380 6000 ret-iperenthneti
2428 5936 2686 6000 Iili.un,et
2712 5936 2891 6004 generi
2940 5951 3001 5989 ac
3039 5937 3129 5990 lilii
3171 5934 3288 6007 ejus
3315 5936 3426 5995 am-

129 5513 219 5550 se
260 5491 631 5546 instruebant
658 5485 868 5540 externi
903 5484 1179 5553 principes
1208 5481 1530 5535 Christiani.
1558 5480 1749 5545 Quan-

121 5598 351 5656 quam
385 5579 855 5638 Christianorum,
877 5575 973 5644 qui
1003 5576 1149 5657 circa
1172 5572 1512 5636 habitabant,
1542 5570 1749 5639 princi-

122 5690 339 5747 pum,
369 5672 580 5725 nullam
604 5683 759 5737 Opem
782 5665 999 5719 allatam
1031 5678 1172 5727 esse,
1215 5675 1405 5716 nomm
1438 5672 1522 5716 est
1576 5663 1756 5715 omni-

122 5774 274 5823 bus
326 5764 516 5833 :quin
570 5762 679 5815 imo
727 5759 793 5812 ad
849 5757 1050 5810 Servise
1096 5755 1393 5823 principem
1456 5753 1751 5821 Georgium

116 5862 423 5913 Amer-as
455 5853 689 5921 legatum
725 5848 895 5910 misit,
935 5855 992 5901 nt
1024 5848 1068 5900 is
1102 5846 1168 5899 de
1206 5860 1338 5913 pace
1360 5844 1507 5897 inter
1531 5842 1752 5912 llunga-

112 5963 261 6008 ros
291 5954 359 6003 et
407 5946 664 5999 Ameram
714 5940 1072 5997 concilitanda
1131 5946 1334 6006 ageret.
1392 5936 1525 5989 Cum
1578 5937 1751 6005 legato
