4134 6452
165 463 270 527 913

1157 463 1599 527 (IilllONiCON
1636 471 1907 531 M;\JUS.
1931 497 1995 506 -
2027 467 2166 530 LIB.
2212 470 2306 529 IV.

3291 470 3397 533 9M

164 582 397 645 ἔπαυσε,
446 586 538 634 καὶ
589 582 728 636 κατὰ
772 584 867 645 τὰς
915 584 1230 650 συμφωνίας
1273 584 1720 652 ἀνεχωρήσαμεν.
1753 591 1796 645 Α
1830 601 1985 644 πους,
2013 582 2106 634 καὶ
2133 583 2231 633 οὐκ
2258 581 2540 646 ἔστειλανς
2579 581 2610 647 ἢ
2645 580 2728 642 τίς
2773 580 3022 648 νηστείας
3051 581 3146 632 καὶ
3179 581 3394 650 δεήσεις

165 675 326 742 327
353 676 540 742 Ὀμως
569 675 890 744 ἐψιθυρίσθη
917 676 996 726 ὃτι
1023 677 1051 726 6
1087 676 1309 744 ἀμηρᾶς
1337 675 1611 740 ἐλογίζετο
1636 677 1724 726 λέ-

164 782 310 831 γων·
352 784 370 816 ι
409 767 470 818 Εἰ
517 768 578 817 οὐ
626 769 697 835 μὴ
749 766 1049 836 παραλάϐω
1084 767 1182 833 τὴν
1210 767 1362 818 πόλιν
1391 768 1456 819 τὰ
1483 767 1600 829 νῦν,
1631 768 1724 818 εὑ-

165 858 304 918 θέως
329 859 539 925 ποιήσω
566 858 806 927 ἀγάπην,
835 860 932 912 καὶ
957 859 1095 910 κατὰ
1123 859 1304 910 πᾶσάν
1334 876 1435 926 μου
1463 857 1560 927 τὴν
1584 859 1729 927 ζωὴν

164 951 393 1017 τηρήσω
423 952 612 1018 αὑτήν.
648 970 665 1001 ι

252 1042 311 1093 ’0
351 1043 404 1095 δὲ
439 1044 743 1109 μακαρίτης
767 1047 795 1098 6
830 1045 1094 1114 αὐθέντης
1121 1065 1224 1115 μου
1272 1049 1366 1100 καὶ
1396 1048 1647 1115 βασιλεὺς
1679 1048 1729 1099 τί

166 1133 269 1184 οὐκ
299 1134 520 1200 ἔπραξε,
553 1137 778 1204 κρυφῶς
807 1139 838 1200 ἦ
865 1141 1137 1209 φανερῶς,
1175 1143 1315 1211 ὑπὲρ
1347 1143 1444 1209 τῆς
1478 1142 1730 1210 βοηθείας

165 1227 270 1294 τῆς
297 1229 503 1289 πόλεως
544 1232 637 1283 καὶ
669 1233 769 1299 τῆς
820 1232 985 1284 αὐτοῦ
1021 1233 1318 1301 βασιλείας,
1362 1235 1393 1303 ἢ
1431 1235 1630 1302 μᾶλλον
1658 1237 1732 1287 εί-

168 1321 292 1369 πεῖν
321 1321 462 1388 ὑπὲρ
492 1324 588 1388 τῆς
619 1325 891 1392 σωτηρίας
922 1326 1018 1393 τῆς
1056 1327 1202 1392 ζωῆς
1231 1326 1395 1378 αὖτ’λῦ
1423 1344 1438 1389 3
1483 1327 1590 1378 καὶ
1621 1327 1729 1396 γὰρ

165 1408 330 1489 δῇλόν
359 1412 504 1464 ἐστιν
530 1414 632 1472 ὅτι.
667 1417 713 1466 εἰ
739 1416 950 1484 ἧθελιν,
985 1417 1225 1478 εὐκόλως
1255 1419 1480 1470 ἐδύνατο
1517 1423 1729 1488 φυγεῖν.

169 1500 322 1566 Πλὴν
373 1501 472 1552 οὐκ
504 1503 718 1570 ἤθελεν.
768 1506 884 1558 ἀλλ’
930 1507 1229 1572 ἠγωνίζετο
1262 1509 1337 1570 ὡς
1389 1511 1416 1560 6
1449 1513 1652 1580 ποιμὴν
1704 1514 1731 1564 6

165 1592 356 1654 καλὸς,
400 1592 458 1653 6;
496 1595 680 1663 τίθησι
725 1598 822 1666 τὴν
853 1598 1032 1667 ψυχὴν
1060 1600 1221 1652 αὐτοῦ
1274 1602 1414 1670 ὑπὲρ
1442 1603 1550 1653 τῶν
1602 1620 1732 1671 προ-

169 1684 373 1748 ϐάτων,
405 1687 480 1748 ὡς
509 1689 604 1740 καὶ
638 1690 883 1758 ἐποίησε.
918 1693 1021 1743 Καὶ
1063 1693 1144 1752 τίς
1180 1694 1289 1744 τῶν
1320 1693 1496 1746 ἄλλων
1521 1693 1588 1746 τὰ
1618 1713 1731 1746 τοι-

166 1775 314 1828 αῦτα
353 1779 446 1830 καὶ
478 1780 612 1832 ἄλλα
658 1784 926 1851 γενόμενα
959 1785 1218 1838 ἐπίστατο
1253 1786 1428 1854 πάρεξ
1465 1787 1558 1839 τοῦ
1593 1790 1736 1841 Καν-

165 1867 508 1938 τακουζηνοῦ
549 1872 798 1925 Ἰωάννου
833 1875 925 1927 καὶ
948 1875 1079 1943 ἐμοῦ
1107 1894 1119 1936 ;
1147 1876 1269 1927 Ὅτι
1297 1879 1324 1928 6
1350 1875 1406 1940 ἐξ
1431 1878 1732 1946 Οὺγγάρων

169 1959 730 2030 Ἶαγκος,προεζήτει
776 1967 861 2017 ἵνα
898 1967 1042 2036 δώσῃ
1093 1967 1293 2036 αὑτῷό
1341 1969 1589 2036 βασιλεὺς
1634 1970 1728 2040 τὴν

167 2051 524 2120 Σηλυμϐρίαν
555 2056 588 2126 ἢ
622 2058 718 2123 τὴν
742 2060 1128 2130 Μεσημϐρίαν,
1160 2065 1252 2114 καὶ
1295 2063 1485 2130 ἔσηται
1514 2060 1591 2125 εἷς
1622 2065 1729 2117 τῶν

165 2141 506 2206 ὑπεξουσίων
536 2149 722 2210 αὐτοῦ,
763 2154 853 2202 καὶ
888 2153 1116 2215 πολλοὺς
1147 2155 1256 2206 τῶν
1290 2156 1594 2224 ἀνθρώπων
1630 2157 1728 2208 αὑ-

165 2234 266 2284 τοῦ
294 2237 471 2288 ἐκεῖσε
510 2238 674 2307 ἔχειν,
705 2244 796 2293 καὶ
826 2246 880 2295 ἐν
928 2245 1103 2312 καιρῷ
1145 2246 1242 2314 τῆς
1275 2248 1451 2314 μάχης
1481 2249 1584 2300 ὑπὸ
1623 2250 1732 2300 τῶν

167 2324 437 2396 Τούρκων
473 2330 666 2394 ἐσηται
693 2333 916 2385 ἐκείνων
941 2335 1131 2403 ἐχθρὸς
1163 2338 1257 2388 καὶ
1295 2337 1487 2406 βοηθὸς
1506 2339 1603 2407 τῆς
1629 2341 1729 2392 πό-

162 2417 328 2476 λεως.
372 2421 479 2472 Καὶ
521 2421 594 2483 ὡς
644 2424 922 2493 ἐγένετοὴ
963 2429 1131 2496 μάχη,
1175 2428 1332 2496 ἐδόθη
1366 2430 1514 2498 αὐτῷ
1548 2433 1578 2498 ἡ
1617 2432 1727 2484 Με-

163 2509 417 2577 σημϐρία
469 2512 606 2564 κατά
638 2515 735 2584 τὴν
783 2518 994 2570 ἐκείνου
1024 2519 1257 2588 αἴτησιν,
1303 2523 1398 2573 καὶ
1449 2522 1505 2573 τὸ
1537 2523 1731 2590 χρυσό-

165 2599 399 2653 ϐουλλον
427 2604 497 2656 δι’
539 2607 674 2673 ἐμοῦ
713 2609 950 2679 ἐγράφη,
987 2615 1078 2661 καὶ
1119 2615 1145 2664 6
1175 2613 1420 2681 γαμϐρὸς
1450 2613 1728 2666 Θεοδοσίου

166 2692 268 2743 τοῦ
305 2694 555 2763 Κυπρίου
589 2701 615 2749 6
648 2699 740 2750 τοῦ
791 2701 1011 2770 Μιχαὴλ
1040 2702 1160 2763 ὐίὸς
1193 2705 1416 2771 ἐκόμισε
1451 2706 1509 2756 τὸ
1541 2709 1735 2774 χρυσί-

163 2782 394 2835 ϐουλλον
445 2788 578 2856 πρὸς
617 2791 854 2857 Ἰαγκον.
892 2794 985 2855 Τίς
1037 2795 1297 2847 ἐπίστατο
1340 2797 1438 2866 τὴν
1490 2797 1583 2849 τοῦ
1623 2799 1731 2848 τῶν

169 2879 506 2932 Καταλάνων
535 2883 700 2952 ρηγὸς
731 2886 960 2954 ζήτησιν
988 2905 1000 2949 ;
1035 2887 1090 2949 ὃς
1117 2888 1430 2959 δωρηθήναι
1461 2890 1610 2958 αῦτῴ
1633 2891 1732 2958 τὴν

165 2970 390 3038 Λῆμνον
408 2971 608 3042 ἐζήτει,
637 2979 729 3029 καὶ
747 2979 938 3046 ἐσηται
963 2983 1104 3034 κατὰ
1128 2983 1236 3034 τῶν
1257 2984 1361 3035 Tati
1373 3001 1515 3052 ρκων
1534 2985 1620 3037 διὰ
1637 2985 1734 3038 θα-

163 3062 380 3131 λάσσης
404 3067 490 3116 ἀεὶ
521 3068 611 3118 καὶ
642 3068 782 3137 ὑπὲρ
803 3071 902 3138 τῆς
931 3073 1134 3135 πόλεως
1153 3075 1210 3128 ἐν
1239 3076 1450 3146 ἀνάγκη
1477 3076 1694 3144 βοήθεια
1713 3095 1727 3109 ·

163 3159 266 3208 καὶ
285 3158 597 3224 ἐπράττετο.
623 3163 718 3226 Τίς
743 3165 908 3234 328
925 3167 1182 3221 ἐπίστατο
1198 3171 1296 3222 ὅσα
1322 3172 1384 3240 δὴ
1403 3172 1492 3224 καὶ
1512 3174 1730 3241 χρήμα-

1827 675 2063 726 ἐποιεῖτο
2086 675 2152 725 δι’
2176 672 2370 724 ἑαυτοῦ
2403 674 2495 726 καὶ
2518 673 2604 725 διὰ
2631 673 2739 724 τῶν
2761 673 2971 742 ἱερέων,
2997 673 3170 735 διδοῦς
3210 675 3398 733 αὐτοῖς

1831 768 2094 836 χρήματα
2129 766 2161 835 ἢ
2195 768 2308 828 τοῖς
2337 768 2595 833 πτωχοῖς,
2632 765 2726 828 οὓς
2756 765 2957 833 μᾶλλον
2988 765 3394 837 ἐθεράπευσε-ις

1830 860 1862 926 ἢ
1895 857 2229 924 ἐπαγγελίας
2266 857 2330 920 ἀς
2361 860 2659 926 ἐποιήσατο
2696 859 2961 920 πλείστας
2994 858 3130 927 πρὸς
3155 859 3288 911 Θεὸν
3318 862 3399 921 είς

1830 950 1890 1000 τὸ
1916 949 2350 1018 ἐλευθερωθῆναι
2378 952 2502 1012 τοὺς
2539 951 2899 1016 Χριστιανοὺς
2927 949 3035 1002 ἀπὺ
3066 951 3166 1018 τῆς
3194 953 3399 1020 αἰχμαο

1829 1043 2032 1103 λωσίας
2055 1043 2166 1094 τῶν
2195 1043 2426 1096 ἀσεϐῶν.
2454 1043 2598 1094 Ἀλλ’
2623 1045 2772 1113 ὅμως
2800 1044 2975 1096 ταῦτα
2997 1044 3176 1096 πάντα
3199 1046 3268 1094 τὰ
3300 1044 3398 1110 μὲν

1832 1135 2059 1201 παρεῖᾶε
2092 1133 2248 1196 Θεὸς,
2280 1134 2367 1185 διὰ
2392 1133 2553 1186 τίνων
2585 1134 2868 1203 ἁμαρτιῶν
2913 1134 3013 1186 οὐκ
3049 1128 3168 1186 οἴδα
3198 1133 3396 1196 αἰτίαν,

1830 1225 1898 1276 τά
1947 1225 2003 1276 δὲ
2037 1226 2316 1292 ἠγνόησαν
2364 1226 2411 1277 oi
2449 1225 2750 1295 ἄνθρωποι,
2786 1227 2880 1278 καὶ
2929 1226 3163 1288 ἕκαστος
3210 1226 3396 1290 ἔλεγεν

1832 1316 1908 1377 ὡς
1935 1316 2086 1382 αὐτῷ
2115 1316 2309 1368 ἐδόκει.
2343 1317 2486 1383 Ἐγὼ
2519 1319 2576 1369 δὲ
2609 1319 2750 1370 κατὰ
2784 1318 2846 1369 τὸ
2875 1317 3067 1369 δοκοῦν
3108 1336 3196 1386 μοι
3223 1317 3396 1368 ταῦτὰ

1835 1423 1977 1474 φημι
2002 1422 2013 1434 ·
2047 1407 2229 1476 κρίσις
2262 1408 2369 1477 γάρ
2399 1404 2464 1477 ἦν
2495 1410 2663 1470 ὅντως
2692 1408 2850 1472 Θεοῦ,
2877 1409 3045 1462 παλαι
3085 1409 3396 1476 κυρωθεῖσα

1834 1499 1973 1565 πρὸς
2018 1500 2275 1567 ἐσχατιὰς
2325 1501 2632 1570 καταϐῆναι
2689 1501 3121 1570 δυστυχημάτων
3162 1503 3227 1553 τὰ
3265 1499 3398 1552 Ῥω-

1839 1593 2014 1660 μαίων
2045 1593 2371 1661 πράγματα.
2409 1597 2508 1648 Διά
2537 1597 2697 1648 τοῦτο
2727 1596 2906 1662 λόγοις
2934 1599 3270 1668 ἀπορρήτοις
3303 1601 3403 1665 τῆς

1837 1683 2093 1751 προνοίας
2122 1686 2231 1737 τῶν
2265 1686 2362 1753 μὲν
2407 1686 2669 1755 λυπηρῶν
2702 1690 2794 1740 καὶ
2842 1691 3100 1742 ἐναντίων
3133 1691 3225 1742 καὶ
3272 1690 3403 1757 βλα-

1837 1776 2080 1828 πτόντων
2113 1778 2326 1844 μεγάλη
2358 1796 2442 1838 τις
2474 1780 2684 1846 γίνεται
2715 1781 3011 1850 συνδρομὴ,
3043 1781 3149 1832 τῶν
3177 1781 3231 1832 δέ
3266 1782 3402 1845 ἀγα-

1838 1866 1946 1918 θῶν
1981 1870 2077 1919 καὶ
2103 1869 2462 1936 ὠφελούντων
2494 1873 2721 1925 πλεῖστα
2757 1873 2822 1924 τὰ
2856 1872 3109 1938 ἐμπόδια.

1907 1960 2020 2027 Πρὸ
2069 1960 2251 2026 ὀλίγου
2300 1963 2490 2015 λοιπὸν
2523 1964 2589 2015 τὰ
2637 1965 2768 2032 περὶ
2818 1965 2912 2015 τοῦ
2959 1968 3400 2035 τρισκαταράτου

1838 2051 2079 2119 Μωάμεθ
2134 2054 2464 2122 εἰρήκαμεν,
2518 2056 2684 2123 μέρος
2722 2055 2831 2106 τῶν
2888 2057 3183 2123 φληνάφων
3241 2056 3403 2106 αὐτοῦ

1839 2141 2025 2209 μύθων
2055 2143 2162 2195 τῶν
2198 2144 2432 2211 γέλωτος
2461 2145 2626 2209 ἀξίων
2649 2164 2660 2174 '
2719 2147 2784 2198 τὰ
2816 2145 2913 2197 νῦν
2948 2147 3040 2199 οῦν
3089 2149 3184 2208 τὰς
3221 2149 3404 2216 ἀντιρ-

1836 2233 2021 2301 ρήσεις
2046 2234 2224 2286 αὐτῶν
2257 2237 2350 2286 καὶ
2382 2236 2645 2303 ἐλεγμοὺς
2680 2237 2945 2305 εἴπωμεν.

1907 2324 1975 2391 γ’,
2006 2325 2206 2392 Φέρετε
2247 2326 2326 2385 είς
2376 2327 2718 2394 κατηγορίαν
2758 2327 2936 2393 ἡμῶν,
2969 2319 3014 2380 ὦ
3045 2328 3286 2391 ἀσεϐεῖς,
3321 2332 3404 2380 ὅτι

1834 2416 2128 2483 ἐρωτηθεὶς
2167 2419 2194 2468 6
2222 2418 2459 2485 Χριστὸς
2495 2418 2648 2487 παρὰ
2683 2419 2796 2470 τῶν
2843 2420 3139 2483 Ἰουδαίων,
3177 2422 3235 2472 Ei
3283 2423 3403 2483 Υἱὸς

1835 2508 1970 2560 Θεοῦ
1987 2505 2035 2560 εἴ
2055 2509 2137 2573 σύ;
2158 2510 2322 2578 329
2339 2512 2616 2579 ἠρνήσατο
2633 2513 2725 2562 καὶ
2745 2507 2894 2562 εἶπεν
2912 2512 2991 2562 ὃτι
3009 2512 3199 2580 Ὑμεῖς
3217 2514 3400 2580 λέγετε

1841 2601 2017 2652 τοῦτο.
2055 2602 2161 2652 Καὶ
2196 2602 2391 2670 φέρετε
2428 2603 2562 2654 αὐτὸ
2593 2604 2673 2665 είς
2718 2605 3028 2672 μαρτυρίαν
3059 2604 3181 2655 καθ’
3223 2607 3403 2672 ἡμῶν.

1849 2695 1934 2746 ἵνα
1962 2693 2176 2762 δείξητε
2204 2696 2272 2747 τὰ
2303 2695 2437 2764 παρ’
2470 2695 2624 2764 ὑμῶν
2661 2696 2930 2764 λεγόμενα
2993 2697 3187 2766 ἀληθῆ.
3221 2697 3405 2749 Ταῦτα

1841 2785 1974 2852 γοῦν
2005 2789 2208 2838 ποιεῖτε
2239 2787 2347 2839 ἀπὸ
2376 2786 2467 2838 τοῦ
2504 2787 2578 2857 μὴ
2622 2787 2914 2852 γινώσκειν
2947 2789 3090 2857 ὑμᾶς
3130 2788 3228 2850 τὰς
3260 2789 3405 2857 Γραο

1840 2879 1966 2948 φάς·
2001 2880 2050 2931 ει
2095 2881 2201 2949 γὰρ
2226 2879 2547 2948 εὑρίσκεσθε
2579 2879 2927 2945 ἐξετάζοντες
2949 2881 3043 2934 καὶ
3078 2881 3405 2951 ἐρευνῶντες

1840 2972 1940 3033 τὰς
1978 2973 2204 3041 Γραφάς
2260 2974 2336 3037 ὡς
2399 2976 2500 3038 δεῖ,
2553 2975 2653 3026 οὐκ
2688 2975 2756 3027 ἂν
2814 2975 3180 3044 ἐπλανήθητε.
3215 2977 3405 3044 Ὀμως

1841 3067 2044 3135 ἀφίημι
2074 3066 2171 3118 τοῦ
2203 3067 2384 3135 λέγειν
2425 3067 2567 3119 κατά
2599 3069 2660 3119 1:6
2716 3067 2894 3136 παρὸν
2944 3069 3046 3130 τὰς
3100 3069 3196 3120 ἀπ’
3229 3070 3404 3138 ἀρχῆς

1841 3159 1940 3211 τοῦ
1969 3161 2176 3238 κόσμου
2213 3160 2543 3229 μαρτυρίας,
2565 3161 2766 3222 αἵτινες
2794 3161 3134 3228 ἐλαλήθησαν
3157 3157 3402 3230 περὶτοῦ

166 3264 240 3297 τα
284 3250 380 3301 καὶ
409 3251 744 3318 ἐπαγγελίας
772 3256 1004 3310 δέδωκεν
1035 3260 1062 3310 ὁ
1091 3259 1343 3329 βασιλεὺς
1372 3234 1463 3315 καὶ
1497 3234 1735 3316 ἐστείλεν
1762 3234 1802 3288 C
1841 3234 2105 3318 Χριστδῧ»
2133 3252 2478 3304 δεικνύουσαι
2515 3253 2678 3306 αὑτὸν
2717 3254 2838 3304 rp”
2865 3253 2999 3305 Θεοῦ
3031 3254 3126 3306 καὶ
3153 3253 3287 3305 θεὸν
3310 3256 3402 3305 καὶ

165 3339 252 3398 εἰς
278 3339 380 3407 τὴν
411 3343 538 3395 Χίον
566 3345 652 3398 διὰ
679 3347 771 3400 τοῦ
803 3349 1040 3416 Γαλατᾶ,
1096 3353 1179 3404 ἵνα
1207 3355 1488 3407 στείλωσιν
1524 3356 1734 3426 ἀνθρώ-

165 3519 384 3574 stitisse
415 3537 442 3574 a
474 3523 614 3577 bello
655 3536 700 3579 ct
742 3530 1039 3583 secundum
1068 3543 1333 3587 conventa
1394 3535 1731 3590 discessisse.

166 3613 582 3668 llutnortamen
627 3628 764 3680 erat,
812 3621 1061 3674 Amcram
1121 3625 1364 3693 cogitare
1418 3643 1481 3681 ac
1529 3629 1730 3697 dicere,

165 3704 216 3755 si
249 3706 384 3756 urbe
413 3723 551 3759 nunc
578 3711 860 3775 potiretur,
892 3713 1074 3766 statim
1111 3731 1169 3768 se
1212 3717 1508 3772 amicitiam
1545 3723 1733 3778 nobis-

165 3811 297 3848 cum
330 3797 585 3851 initurum
609 3812 660 3854 et
685 3817 779 3870 per
803 3812 972 3857 totam
1005 3806 1170 3860 vitam
1203 3819 1546 3866 servaturum
1584 3829 1728 3869 esse.

244 3887 422 3941 Beata:
452 3901 629 3945 autem
651 3897 924 3949 memoriae
942 3897 1255 3965 imperator,
1277 3904 1528 3959 dominus
1554 3923 1729 3971 meus,

163 3980 302 4046 quid
329 3995 426 4048 pro
457 3982 770 4038 defensione
804 3987 954 4041 urbis
985 3998 1037 4041 et
1067 3991 1300 4059 imperii,
1363 3995 1494 4058 imo,
1528 4007 1588 4050 ut
1641 4014 1734 4052 ve-

166 4071 288 4123 rius
320 4072 516 4137 dicam,
552 4091 648 4142 pro
670 4078 844 4130 salute
900 4081 1119 4147 capitis,
1173 4084 1350 4151 palam
1414 4098 1467 4140 et
1521 4091 1734 4142 occulte

166 4176 282 4213 non
315 4177 396 4215 es:
420 4166 670 4219 molitus?
693 4165 1041 4223 Manifestum
1073 4182 1154 4225 est
1207 4174 1377 4238 enim,
1421 4164 1490 4230 si.
1526 4179 1735 4232 voluis-

165 4260 277 4313 set,
312 4248 470 4320 facile
493 4268 614 4306 eum
650 4253 833 4323 fugere
861 4258 1124 4326 potuisse.
1147 4258 1347 4314 Verum
1381 4264 1578 4326 noluit,
1635 4266 1727 4318 sed

167 4343 462 4396 laborabat
502 4346 564 4396 ad
591 4347 896 4415 exemplum
934 4349 1059 4402 boni
1093 4354 1462 4421 pastoris,qui
1496 4356 1733 4410 animam

162 4434 397 4500 deponit
430 4450 524 4502 pro
557 4438 768 4502 nvibus,
804 4449 866 4492 ttt
903 4442 1157 4508 deposuit
1182 4458 1332 4497 sane.
1361 4445 1494 4510 Quis
1550 4458 1730 4502 autem

163 4527 314 4578 alius
337 4525 452 4580 lttec
473 4536 526 4580 et
556 4528 760 4597 reliqua
786 4530 923 4584 facta
985 4543 1180 4600 praeter
1210 4533 1472 4590 Joannem
1533 4538 1734 4593 Canta-

1836 3342 2142 3411 ἄνθρωπον,
2178 3343 2377 3405 πολλὰς
2406 3343 2572 3406 οὔσας
2597 3362 2610 3375 ο
2652 3345 2730 3397 6:6
2773 3345 2878 3397 ἀπὸ
2911 3343 3118 3397 τούτων
3160 3343 3402 3413 φθάσαν-

1836 3523 2102 3588 Galatam,
2160 3534 2217 3577 ut
2272 3526 2473 3581 milites
2521 3529 2624 3581 sibi
2676 3529 2975 3594 mitterent,
3027 3545 3127 3584 nec
3184 3532 3401 3585 misisse

1838 3616 1995 3670 illos?
2021 3627 2113 3670 aut
2141 3618 2344 3687 jejunia
2369 3629 2419 3672 et
2440 3636 2647 3688 preces,
2699 3638 2835 3681 quas
2858 3631 2953 3674 aut
2980 3623 3096 3689 ipse
3144 3622 3396 3686 faciebat,

1836 3719 1929 3761 aut
1952 3725 2044 3777 per
2071 3712 2382 3766 sacerdotes
2413 3713 2527 3765 ﬁeri
2580 3715 2830 3773 curabat,
2879 3718 3104 3781 pecunia
3161 3715 3270 3769 illis
3319 3717 3398 3768 vel

1838 3802 2194 3869 pauperibus,
2233 3819 2372 3870 quos
2393 3805 2565 3872 magis
2597 3803 2876 3869 diligebat,
2903 3805 3239 3859 distributa?
3309 3817 3402 3857 aut

1839 3901 1983 3953 vota,
2018 3906 2136 3959 quae
2169 3891 2276 3945 Deo
2312 3893 2546 3960 plurima
2586 3894 2713 3946 fecit
2742 3893 2807 3945 ad
2841 3893 3191 3947 Christianos
3220 3910 3247 3946 a
3281 3910 3402 3946 ser-

1840 3982 1972 4035 vitio
2022 3983 2310 4051 impiorum
2364 3985 2714 4039 liberandos?
2772 3984 2970 4039 Verum
3034 3987 3147 4039 hate
3217 3988 3401 4039 omnia

1839 4075 2057 4141 partim,
2089 4075 2271 4126 nescio
2298 4084 2517 4144 propter
2547 4093 2666 4143 qua:
2704 4087 2949 4144 peceata,
2971 4080 3204 4145 neglexit
3231 4080 3397 4142 Deus,

1835 4166 2032 4232 partim
2069 4166 2318 4219 homines
2360 4169 2699 4235 ignorarunt,
2726 4184 2822 4237 pro
2842 4185 2936 4223 sua
2966 4169 3196 4238 quisque
3221 4171 3404 4223 libidi-

1837 4269 1904 4307 ne
1939 4255 2264 4310 fabulantes.
2291 4255 2403 4326 Ego
2443 4274 2571 4312 vero
2623 4274 2720 4327 pro
2749 4275 2864 4313 mea
2889 4263 3106 4327 quidem
3134 4262 3400 4315 sententia

1838 4344 2145 4398 itastatuo:
2201 4345 2374 4401 fuisse
2407 4348 2510 4401 hoc
2557 4365 2745 4402 revera
2807 4349 3076 4417 judicium
3127 4352 3241 4413 Dei,
3293 4369 3400 4420 quo

1840 4436 2046 4504 pridem
2081 4437 2355 4491 decretum
2378 4449 2516 4501 erat,
2556 4451 2612 4493 ιιι
2645 4458 2733 4494 res
2764 4443 2994 4510 publica.
3023 4443 3395 4496 llomauorum

1842 4531 1906 4580 ad
1931 4538 2204 4583 extremas
2226 4531 2602 4585 devolveretur
2639 4535 2912 4589 miserias.
2942 4536 3167 4588 Art-anis
3215 4546 3396 4587 autem

162 4634 441 4670 cuzenum
470 4629 524 4672 ει
551 4637 636 4675 me
702 4625 964 4676 noverat?
1023 4623 1319 4693 optaverat
1356 4645 1420 4682 ex
1463 4629 1734 4701 [Iungaris
1768 4627 1812 4681 Β
1843 4621 2205 4675 Providentia:
2233 4623 2482 4677 consiliis
2513 4625 2741 4692 ingratis
2769 4628 3012 4694 quidem,
3054 4627 3297 4679 adversis
3347 4637 3401 4680 et

160 4712 440 4762 oriundus
469 4711 691 4777 Ιητεριιε,
716 4715 830 4766 dari
878 4716 978 4768 sibi
1012 4719 1080 4769 ab
1133 4719 1458 4786 imperatore
1516 4723 1729 4794 Selym-

161 4804 344 4854 briam
366 4813 454 4856 aut
486 4804 886 4869 Mesembriam,
927 4810 1206 4876 pollicitus
1233 4827 1290 4864 se
1322 4829 1488 4866 unum
1525 4829 1553 4867 e
1597 4817 1731 4869 sub-

155 4895 329 4963 jectis
352 4894 470 4962 ejus
501 4894 614 4948 fore
643 4905 695 4949 et
720 4899 920 4951 multos
947 4901 1011 4953 de
1059 4901 1175 4954 suis
1209 4917 1274 4955 eo
1327 4907 1730 4973 traducturutn,

161 4995 339 5051 atque
382 4985 520 5038 bello
550 5001 671 5040 cum
709 4985 906 5043 Turcis
949 4991 1186 5045 conflato
1241 4993 1436 5046 borum
1496 4997 1728 5062 hostem,

159 5078 326 5130 urbis
374 5077 637 5132 vindicem
688 5079 932 5134 futurum
985 5098 1125 5136 esse.
1179 5084 1388 5152 ltaqbe,
1435 5088 1732 5142 commisso

157 5168 338 5225 bello,
370 5165 492 5221 data
539 5169 588 5222 el
621 5178 705 5223 est
738 5168 1079 5234 Mesembria,
1137 5180 1196 5225 ut
1248 5176 1530 5243 petiverat,
1585 5177 1729 5230 bulla

156 5272 335 5311 aurea
373 5273 400 5310 a
421 5274 505 5312 me
531 5261 840 5330 conscripta
871 5273 922 5314 et
953 5278 1046 5331 per
1073 5265 1329 5319 Tbedosii
1371 5267 1552 5337 Cyprii
1614 5270 1729 5322 atii-

158 5365 320 5411 ncm,
363 5349 639 5405 Michaelis
676 5352 866 5418 filium,
904 5355 968 5407 ad
995 5355 1212 5407 laneum
1245 5359 1467 5425 perlata.
1501 5359 1597 5414 Cui
1635 5376 1732 5413 no-

155 5454 218 5495 ta
245 5453 359 5493 erat
381 5441 758 5496 Catelanorum
795 5445 938 5513 regis
958 5447 1182 5512 petitio?
1215 5450 1329 5516 qui,
1354 5453 1398 5504 si
1433 5451 1730 5506 donaretur

157 5534 273 5587 sibi
314 5532 572 5599 Lemnus,
599 5535 860 5591 adversus
898 5536 1106 5592 Turcas
1129 5541 1263 5593 mari
1299 5557 1512 5610 semper
1531 5559 1730 5613 pugna-

162 5639 359 5681 turum
395 5635 450 5680 et
484 5627 626 5690 urbi,
666 5638 892 5698 cogente
933 5633 1283 5696 necessitate,
1336 5635 1726 5703 opitttlaturttm

158 5735 226 5773 se
255 5732 374 5772 esse
407 5718 698 5787 recipiebat
734 5737 748 5772 :
779 5722 846 5775 de
870 5737 973 5790 qua
996 5738 1051 5776 re
1089 5739 1211 5777 cum
1266 5727 1358 5779 illo
1387 5740 1565 5781 actum
1625 5739 1725 5784 est.

156 5814 277 5866 Aut
299 5811 419 5878 quis
448 5823 690 5876 noverat,
721 5826 980 5882 quantam
1014 5819 1301 5885 pecuniam
1349 5832 1402 5874 et
1433 5837 1550 5889 qua:
1597 5839 1724 5892 pro-

159 5901 337 5956 missa
365 5902 573 5957 dederit
624 5905 920 5973 imperator
977 5909 1572 5979 miseritqucianiutn
1633 5929 1729 5982 per

1839 4711 2018 4764 noxiis
2054 4727 2245 4779 magna
2301 4714 2500 4766 auxilia
2557 4728 2743 4782 parata
2790 4726 2940 4783 sunt,
2980 4719 3073 4771 scd
3131 4720 3289 4772 bonis
3346 4727 3400 4770 et

1837 4803 2139 4854 commodis
2168 4802 2406 4870 plurima
2437 4805 2848 4873 impedimenta.

1905 4891 2076 4945 Paulo
2093 4909 2257 4962 supra
2293 4906 2374 4948 ter
2404 4900 2718 4953 exsecrandi
2748 4900 3071 4954 Mobametis
3103 4902 3395 4954 nonnullas

1838 5000 2006 5054 nugas
2022 4994 2075 5038 et
2091 4985 2301 5040 fabulas
2322 4989 2577 5044 ridiculas
2599 4994 3147 5048 commemoravimus
3174 5008 3392 5048 :earum

1833 5092 1979 5129 nunc
2011 5075 2376 5134 dubitationes
2399 5092 2451 5135 et
2482 5080 2835 5138 refutationes
2865 5101 3206 5154 promamus.

1906 5170 1959 5223 ’5.
2003 5171 2225 5226 Aﬂertis
2258 5173 2311 5226 in
2347 5174 2755 5229 accusationem
2789 5181 2987 5238 nostri,
3031 5181 3205 5248 impii,
3235 5182 3393 5237 Chri-

1835 5273 1979 5319 stum
2003 5279 2030 5318 a
2063 5265 2266 5320 Judaeis
2297 5268 2710 5336 interrogatum,
2737 5285 2863 5323 num
2898 5271 3068 5327 Filius
3101 5273 3194 5328 Dei
3226 5289 3390 5342 esset,

1836 5371 2082 5426 negasse,
2111 5367 2165 5410 et
2188 5357 2323 5412 istos
2356 5358 2426 5411 ita
2452 5360 2629 5411 dicere
2663 5363 3036 5428 respondisse,
3077 5367 3392 5419 testimonio

1835 5446 1940 5500 boc
1966 5448 2233 5502 adversus
2257 5463 2355 5502 nos
2386 5449 2494 5514 usi,
2557 5466 2667 5517 quo
2702 5468 2820 5520 quae
2884 5454 2982 5520 ipsi
3040 5454 3221 5510 dicitis
3267 5473 3391 5512 vera

1832 5555 1952 5594 esse
1971 5542 2291 5596 ostendatis.
2321 5547 2388 5597 At
2411 5545 2513 5598 hoc
2535 5545 2756 5612 quidem
2785 5562 2847 5598 cx
2871 5547 3082 5601 inscitia
3108 5564 3389 5604 sacrarum

1835 5633 2162 5687 Litterarum
2197 5634 2374 5689 facitis
2407 5655 2421 5691 :
2452 5652 2590 5705 quas
2625 5638 2668 5690 si
2704 5639 3126 5707 investigarctis,
3158 5652 3210 5694 et
3237 5658 3396 5694 scru-

1833 5725 2108 5789 taremini,
2134 5733 2190 5779 ut
2213 5727 2386 5792 decet,
2416 5743 2522 5781 non
2554 5731 2836 5784 errassetis
2871 5730 3076 5784 forsan.
3112 5731 3212 5785 Sed
3233 5735 3393 5787 omit-

1833 5827 1888 5871 to
1918 5833 2063 5872 nunc
2096 5820 2315 5887 quidem
2352 5821 2478 5874 inde
2531 5835 2561 5874 a
2591 5837 2770 5875 rerum
2829 5822 3100 5890 principio
3148 5838 3270 5891 quae
3327 5825 3392 5877 de.

1833 5909 2049 5964 Christo
2079 5912 2429 5978 pronuntiata
2449 5921 2572 5966 sunt
2595 5916 2859 5982 permulta
2913 5916 3244 5979 testimonia,
3273 5931 3392 5974 (tum
