4134 6452
759 423 863 486 915

1937 449 2257 510 GEORGII
2290 453 2385 510 ΡΗ
2402 454 2711 514 RANTZ/E

3885 454 3979 516 916

752 558 843 644 ξεῖ
877 545 1393 644 Eirf"i‘fi’_l15?m&<
1424 572 1597 619 τινας.
1624 558 1815 627 Ὅμως
1842 562 1984 626 λέγω
2010 564 2102 615 καὶ
2124 566 2304 631 ττιῦτο,
2334 571 2388 626 Δ
2412 570 2535 624 ἐπεὶ
2593 574 2915 636 διδάσκαλος
2974 574 3151 626 αὐτῶν
3207 568 3275 644 ἦν
3306 575 3334 628 6
3364 574 3621 640 Χριστὸς,
3701 574 3759 625 τί
3798 575 3980 639 ἕτερον

750 631 833 686 ῦτι
870 637 929 688 ού
959 638 1026 689 δι’
1058 639 1187 692 ἄλλο
1211 659 1264 694 τι
1298 646 1656 713 ἐσταύρωσαν
1689 651 1738 699 oi
1782 651 2029 702 Ἰουδαῖοι
2060 652 2151 703 τὸν
2177 654 2309 721 Χρι-

753 728 878 777 στὸν
911 729 941 796 ἢ
971 730 1052 781 ὅτι
1083 732 1355 786 ἐδείκνυεν
1389 738 1582 789 ἑαυτὸν
1612 740 1744 791 Θεόν
1776 758 1833 791 τε
1877 744 1971 794 καὶ
2024 743 2310 810 ἄνθρωπον

757 822 853 872 καὶ
891 821 1024 874 Θεοῦ
1062 824 1208 882 Υἱὲν.
1240 830 1333 879 καὶ
1367 831 1444 898 πῆ
1475 831 1575 897 μὲν
1606 833 1903 896 ἔλεγενὸτι
1940 837 2000 886 ‘0
2033 837 2131 904 ἐμὲ
2176 838 2310 889 θεω-

759 914 868 976 ρῶν
894 916 1093 985 θεωρεῖ
1114 921 1202 970 τὸν
1238 920 1453 993 Πατέρα
1489 943 1589 991 μου
1623 944 1636 957 ο
1668 928 1745 996 πῆ
1777 928 1832 980 δὲ
1874 931 1953 981 ὄτι
2001 931 2140 994 Ἐγὼ
2173 936 2313 987 κσὶό

754 1008 944 1076 Πατήρ
982 1029 1085 1078 μου
1126 1013 1183 1064 ἓν
1218 1017 1386 1076 ἐσμεν
1420 1033 1431 1043 ·
1471 1022 1544 1087 πῇ
1570 1019 1626 1070 δὲ
1684 1022 1765 1072 ὃτι
1805 1023 1866 1073 Εἰ
1900 1024 1998 1090 ἐμὲ
2022 1024 2310 1088 γνώκειτε,

754 1099 851 1150 καὶ
878 1101 970 1151 τὸν
1002 1103 1222 1173 Πατέρα
1257 1124 1359 1174 μου
1390 1107 1678 1175 ἐγνώκειτε
1722 1112 1787 1165 ἀν
1820 1132 1834 1146 ·
1864 1118 1937 1183 πῇ
1972 1116 2027 1167 δὲ
2052 1118 2315 1179 ὡσαύτως

752 1189 835 1279 ῦτι
879 1190 1012 1245 Ἐάν
1048 1212 1133 1257 τις
1175 1199 1267 1249 τὸν
1297 1200 1453 1266 λόγον
1490 1220 1593 1272 μου
1631 1206 2111 1275 τηρήσῃ,θάνατον
2144 1211 2204 1260 ού
2242 1210 2316 1279 μὴ

754 1277 1005 1351 Θεωρήσῃ
1035 1286 1113 1344 είς
1144 1286 1237 1336 τὸν
1263 1289 1433 1341 αίῶνα
1457 1305 1472 1321 ⁸
1498 1295 1591 1346 καὶ
1625 1293 1857 1361 ἀλλαχοῦ
1889 1298 1969 1348 ὅτι
2022 1277 2316 1365 Ἀφέωνταί

758 1385 840 1420 σοι
864 1372 919 1422 al
944 1372 1235 1442 ἁμαρτίαι.
1263 1379 1443 1451 Ἀπερ
1468 1384 1799 1453 θεωροῦντες
1837 1388 1889 1439 oi
1932 1387 2175 1441 Ἰουδαῖοι
2208 1390 2321 1441 ἐλε-

757 1474 853 1528 γον
882 1468 1017 1531 πρὸς
1048 1470 1232 1535 αὑτὸν,
1282 1474 1415 1526 Τίνα
1440 1477 1667 1528 σεαυτὸν
1724 1481 1942 1544 ποιείς;
2000 1480 2320 1549 Ἀνθρωπος

762 1552 838 1605 ὣν
889 1560 1065 1620 ποιεῖς
1119 1564 1347 1617 σεαυτὸν
1373 1565 1541 1632 Θεόν;
1577 1567 1641 1619 Τί
1675 1569 1730 1620 δὲ
1771 1572 1798 1621 6
1844 1571 2081 1638 Χριστὸς
2133 1568 2320 1637 εἷπενς

771 1644 831 1696 Ὀ
858 1651 1130 1703 πιστεύων
1162 1655 1244 1714 είς
1274 1656 1373 1723 ἐμὲ
1412 1676 1429 1709 ι
1452 1660 1555 1712 κᾶν
1591 1660 1859 1731 ἀποθάνῃ,
1914 1662 2175 1731 ζήσεταιο
2229 1666 2324 1717 καὶ

757 1734 945 1806 ὥσπερ
975 1742 1003 1791 6
1033 1743 1222 1812 Πατὴρ
1252 1747 1461 1815 ἐγείρει
1491 1752 1617 1811 τοὺς
1649 1753 1880 1820 νεκροὺς
1912 1756 2007 1806 καὶ
2043 1755 2322 1819 ζωοποιεῖ,

757 1827 929 1890 οὓτως
960 1832 1053 1883 καὶ
1078 1834 1105 1884 6
1133 1832 1258 1895 Υἱὸς
1287 1835 1379 1897 οὓς
1409 1836 1553 1890 θέλει
1574 1838 1835 1900 ζωοποιεῖ
1857 1856 1872 1872 ο
1901 1843 1996 1894 καὶ
2024 1843 2107 1894 ὅτι
2126 1844 2315 1906 Οὐδεὶς

757 1916 865 1974 οἶδε
897 1924 986 1975 τὸν
1024 1925 1149 1977 Υἰὸν
1175 1928 1224 1978 εί
1258 1928 1332 1997 μὴ
1361 1932 1388 1982 6
1426 1928 1634 1999 Πατὴρ,
1698 1933 1819 1985 οὐδὲ
1853 1934 1944 1985 τὸν
1981 1936 2200 2005 Πατέρα
2230 1904 2311 1999 τις
2348 1904 2389 1956 Β

758 2012 1001 2083 ἑώρακεν
1031 2018 1080 2068 εί
1118 2018 1193 2087 μὴ
1226 2021 1254 2070 6
1284 2019 1410 2080 Υἱὸς
1445 2027 1537 2073 καὶ
1570 2016 1613 2089 ᾧ
1647 2023 1894 2091 βούλεται
1936 2028 1965 2078 6
2010 2028 2137 2089 Υἱὸς
2178 2031 2316 2082 ἀπο-

760 2105 1017 2172 καλύψαι.
1048 2126 1065 2157 3
1108 2109 1167 2160 ὐ
1192 2108 1322 2175 γοῦν
1343 2110 1577 2179 Χριστὸς
1601 2112 1763 2182 330
1786 2118 1814 2168 6
1836 2116 2007 2183 λέγων
2026 2120 2198 2172 ταῦτα
2225 2121 2318 2172 καὶ

757 2195 1023 2249 διδάσκων
1054 2200 1179 2261 τοὺς
1199 2200 1522 2268 ἀνθρώπους
1578 2204 1878 2274 ἐρωτηθεὶς
1938 2208 2133 2277 ἔμελλε
2179 2210 2313 2280 κρύ-

757 2286 879 2347 ψειν
917 2286 1013 2355 τὴν
1053 2289 1307 2357 ἀλήθειαν
1338 2310 1353 2355 ;
1381 2293 1489 2346 Καὶ
1550 2295 1703 2357 ποῖος
1740 2298 1930 2365 ἄφρων
1970 2302 2063 2352 καὶ
2112 2303 2317 2371 εὐήθης

759 2377 1020 2431 ὑπολάϐοι
1074 2381 1270 2446 τοῦτο;
1332 2385 1391 2436 El
1441 2386 1549 2455 γὰρ
1601 2388 1700 2440 οὐκ
1756 2384 1824 2457 ἦν
1861 2389 1990 2453 Θεὸς
2050 2392 2146 2444 καὶ
2190 2394 2317 2455 Υἱὸς

759 2466 919 2532 Θεοῦ,
954 2471 1055 2522 ούκ
1082 2472 1146 2524 ἂν
1183 2469 1339 2525 εἷπον
1370 2476 1517 2544 αὐτῷ
1541 2478 1590 2528 oi
1629 2478 1870 2547 μαθηταὶ
1911 2482 2076 2534 αὑτοῦ
2111 2485 2319 2554 ἐρωτη-

760 2562 948 2619 θέντες
985 2564 1118 2631 παρ’
1148 2565 1336 2629 αὑτοῦ,
1378 2568 1510 2619 Τίνα
1558 2586 1625 2637 με
1665 2570 1914 2636 λέγουσιν
1947 2574 1996 2624 οἱ
2039 2573 2317 2643 ἄνθρωποι

759 2650 900 2706 εἶναι
930 2656 1021 2707 τὸν
1042 2656 1169 2708 Υἱδν
1195 2657 1288 2709 τοῦ
1321 2658 1609 2728 ἀνθρώπου
1631 2680 1645 2725 ;
1678 2663 1774 2714 καὶ
1796 2658 1952 2717 εἷπον
1985 2667 2126 2735 πρὸς
2150 2667 2315 2720 αὐτὸν

758 2747 841 2799 δτι
870 2746 935 2800 Ol
971 2749 1068 2815 μὲν
1106 2747 1356 2815 λέγουσιν
1402 2743 1541 2803 εἷναί
1574 2770 1633 2804 σε
1662 2754 1869 2817 Ἠλίαν,
1899 2757 1947 2806 οἱ
1968 2757 2023 2809 δὲ
2042 2757 2318 2828 Ἰερεμίαν

757 2839 790 2909 ἦ
820 2840 917 2893 ἕνα
942 2841 1048 2891 τῶν
1075 2843 1393 2911 προφητῶν.
1428 2845 1537 2897 Καὶ
1588 2842 1741 2897 εἶπεν
1798 2848 1983 2909 αὐτοῖς
2013 2851 2038 2901 6
2079 2850 2316 2919 Χριστός

764 2953 779 2981 ι
827 2932 1019 3001 Ὑμεῖς
1053 2933 1109 2985 δὲ
1132 2936 1253 2987 τίνα
1287 2953 1352 3003 με
1378 2937 1565 3003 λέγετε
1595 2934 1733 2991 εἶναι
1759 2953 1775 3002 ς
1806 2956 1826 2988 3
1861 2938 1971 2990 Καὶ
2004 2941 2318 3009 ἀποκριθεὶς

757 3029 784 3077 6
813 3027 1013 3092 Πέτρος
1044 3026 1197 3081 εἶπεν
1254 3030 1403 3099 αὐτῷ
1438 3032 1518 3083 ὅτι
1563 3033 1633 3083 Σὺ
1676 3027 1775 3083 εἷό
1834 3034 2069 3101 Χριστὸς
2103 3035 2131 3086 6
2190 3036 2316 3095 Υἱὸς

757 3116 852 3169 τοῦ
887 3119 1020 3171 Θεοῦ
1051 3121 1144 3173 τοῦ
1177 3120 1402 3185 ζῶντος.
1438 3123 1670 3191 Ἔμελλε
1692 3124 1796 3192 γὰρ
1821 3126 1996 3176 εἰπεῖν
2028 3127 2055 3176 6
2081 3125 2314 3193 Χριστὸς

2411 665 2603 732 ἔμελλε
2643 666 2914 718 διδάσκειν
2966 669 3162 728 αὐτοὺς
3197 670 3244 719 εί
3286 669 3361 734 μὴ
3410 668 3509 734 τὴν
3552 666 3871 734 ἀλήθειανς
3921 666 3979 715 Τί

2412 757 2542 823 γοῦν
2566 754 2717 809 εἶπεν
2750 762 2777 809 6
2825 760 3060 825 Χριστὸς
3089 760 3164 826 τῷ
3195 760 3401 826 Σίμωνι
3438 760 3673 825 Πέτρῳς
3716 776 3735 807 ι
3797 758 3979 808 Μιχά-

2416 864 2529 917 ριος
2562 844 2633 911 εἷ,
2674 850 2857 917 Σίμων
2885 850 2979 902 Tit
3005 850 3100 902 τοῦ
3145 852 3320 911 Ἰωνᾶ,
3378 850 3460 901 ὅτι
3512 849 3653 917 σάρξ
3720 851 3824 897 καὶ
3856 844 3979 912 αἷμα

2413 940 2511 991 ούκ
2540 940 2858 1008 ἀπεκάλυψὲ
2886 959 2991 1005 σοι,
3047 943 3163 993 ἀλλ’
3212 944 3239 993 6
3298 942 3487 1009 Πατήρ
3549 958 3654 1005 μου
3706 942 3735 989 6
3774 940 3841 988 ἐν
3886 941 3978 986 τοὶ

2413 1031 2681 1098 οὐρανοῖς.
2718 1048 2736 1080 3
2782 1034 2895 1083 Οὐκ
2933 1032 3145 1098 ἀγνοῶν
3182 1032 3239 1083 δὲ
3291 1029 3479 1099 ἠρώτα
3515 1033 3544 1082 6
3604 1029 3865 1094 Χριστὸς
3898 1028 3973 1075 ti;

2417 1122 2622 1191 Πέτρον
2647 1124 2708 1175 τὸ
2735 1125 2855 1175 τίνα
2887 1125 3135 1190 λέγουσιν
3189 1125 3352 1175 αὑτὸν
3380 1124 3429 1173 oi
3478 1122 3778 1189 ἄνθρωποι
3814 1116 3976 1171 εἶναι’

2418 1214 2534 1267 ἀλλ’
2557 1215 2747 1284 ὥσπερ
2778 1217 2871 1267 ἐπὶ
2894 1216 2990 1268 τοῦ
3017 1216 3271 1281 Λαζάρου
3304 1215 3409 1276 πρὸ
3450 1215 3547 1265 τοῦ
3580 1213 3835 1265 θανάτου
3862 1215 3961 1262 ἐιεὲ

2420 1321 2513 1356 νου
2573 1303 2791 1369 ἔλεγεν·
2840 1322 2859 1354 ι
2898 1305 3145 1371 Λάζαρος
3181 1306 3208 1355 6
3256 1304 3407 1370 φίλος
3459 1302 3623 1370 ἡμῶν
3678 1303 3951 1353 ἀπέθανεν

2406 1395 2556 1463 ⁸ἀλλὰ
2591 1396 2899 1463 πορεύομαι
2933 1396 3259 1461 ἀναστήσων
3302 1394 3491 1454 αὑτὸν,
3534 1410 3553 1442 3
3590 1391 3905 1458 πορευθεὶς
3942 1391 3985 1437 ἐξ

2420 1486 2647 1556 ὴρώτα’
2688 1503 2706 1536 ι
2741 1484 2853 1537 Ποῦ
2915 1484 3201 1537 τεθείκατε
3252 1486 3452 1547 αύτύν;
3492 1502 3512 1534 3
3582 1484 3715 1534 εἶτα
3781 1483 3989 1545 ὲξουσὲᾳ

2421 1578 2649 1645 δλάλησε
2672 1595 2688 1609 ο
2725 1595 2744 1628 ι
2792 1577 3030 1644 Λάζαρε,
3063 1576 3223 1647 δεῦρο
3252 1576 3377 1640 ἔξω,
3418 1594 3436 1627 3
3488 1575 3582 1627 καὶ
3615 1575 3989 1640 ὑπήκουσενὸ

2422 1669 2627 1729 ἄπνους
2678 1668 2756 1734 τῷ
2796 1668 2890 1719 τοῦ
2946 1668 3154 1735 Κυρίου
3210 1668 3617 1735 προστάγματι,
3656 1666 3991 1723 δεικνύοντος

2422 1758 2516 1811 τοῦ
2546 1757 2786 1826 Χριστοῦ
2826 1759 2927 1826 τήν
2974 1773 3034 1809 τε
3090 1757 3255 1809 αὐτοῦ
3291 1757 3522 1824 θεότητα
3554 1757 3655 1808 καὶ
3705 1755 3988 1822 ἀνθρωττὸ-

2423 1867 2559 1920 τητα
2594 1864 2608 1878 ⁶
2637 1847 2782 1899 οὕτω
2831 1849 2972 1901 κατὰ
3021 1849 3082 1900 τὸ
3125 1848 3301 1917 παρὸν
3558 1846 3830 1914 ἠρώτησε
3868 1848 3990 1909 πρ“,ς

2415 1944 2543 2003 τοὺς
2581 1941 2851 2010 μαθητὰς,
2892 1942 2980 1992 ἴνα
3005 1941 3155 2010 δείξῃ
3181 1929 3373 1992 ἑαυτὸν
3398 1940 3536 1990 Θεὸν
3564 1942 3666 1989 καὶ
3698 1939 3987 2005 ἄνθρωπον

2422 2034 2515 2087 καὶ
2552 2033 2639 2085 ῐνα
2669 2034 2733 2084 ὲκ
2771 2032 2960 2083 τούτου
3012 2031 3152 2082 κατὰ
3199 2030 3396 2097 μικρὸν
3448 2031 3772 2094 ἀνάγωνται
3828 2031 3910 2088 εἰς
3936 2034 3987 2077 τὶ

2422 2124 2553 2194 ὕψος
2586 2124 2685 2191 τῆς
2716 2123 2950 2191 ἀληθοῦς
2981 2122 3254 2189 γνώσεως.
3302 2120 3465 2173 Ἀλλὰ
3490 2121 3553 2179 δὴ
3594 2122 3696 2172 καὶ
3730 2120 3879 2185 μετὰ
3902 2122 3988 2185 τὴν

2418 2214 2719 2267 ἀνάστασιν
2745 2212 2795 2266 τί
2819 2209 2971 2264 εἶπεν
3004 2214 3031 2262 6
3058 2212 3283 2279 Θωμᾶς,
3318 2206 3397 2273 εἷς
3424 2210 3499 2263 ὣν
3534 2214 3629 2263 καὶ
3677 2213 3851 2270 αὐτὸς
3885 2212 3983 2261 τῶν

2421 2307 2633 2360 δώδεκα
2683 2305 2963 2375 μαθητῶν,
3030 2304 3367 2373 ψηλαφήσας
3425 2304 3526 2372 τὴν
3582 2304 3848 2368 πλευρὰν
3905 2301 3991 2351 τοῦ

2415 2396 2938 2466 ΧριστοῦςΠάντως
2966 2398 3064 2448 καὶ
3097 2397 3258 2458 αὐτὸς
3298 2396 3474 2456 οὕτως
3521 2397 3757 2464 εἴρηκεν
3789 2405 3806 2421 ⁸
3867 2414 3887 2443 ι
3939 2396 3992 2444 ’0

2422 2492 2627 2561 Κύριός
2667 2509 2767 2559 μου
2807 2493 2898 2542 καὶ
2930 2493 2957 2541 6
2983 2489 3116 2551 Θεός
3152 2506 3276 2556 μου.
3339 2509 3357 2540 3
3402 2489 3467 2540 Τί
3520 2488 3660 2555 γοῦν·
3702 2505 3847 2553 φησι
3908 2490 3995 2537 καὶ

2423 2585 2560 2653 πρὸς
2579 2584 2742 2638 αὐτὸν
2758 2586 2784 2634 6
2808 2582 3041 2652 Χριστός
3064 2600 3076 2646 ;
3105 2582 3218 2634 Οὐκ
3240 2580 3392 2634 εἶπεν
3416 2580 3562 2649 αὑτῷ
3585 2597 3599 2609 '
3624 2580 3854 2633 Παῦσαι
3873 2580 3992 2647 βλα-

2425 2674 2657 2744 σφημῶν
2692 2684 2705 2697 ⁸
2738 2673 2874 2725 ἀλλὰ
2903 2672 2995 2735 τί;
3044 2690 3061 2723 ι
3109 2671 3395 2737 Ἐώρακάς
3430 2688 3498 2739 με
3535 2670 3632 2721 καὶ
3693 2672 3998 2721 πεπίστευ-

2426 2783 2531 2826 κας
2556 2780 2570 2795 ’
2604 2766 2866 2833 μακάριοι
2892 2765 2940 2815 οί
2995 2764 3070 2831 μὴ
3115 2764 3310 2824 ίδόντες
3366 2765 3464 2814 καὶ
3511 2760 3941 2821 πιστεύσαντες.
3978 2779 3995 2811 3

2437 2857 2600 2909 ’Δλλὰ
2625 2858 2719 2910 καὶ
2756 2858 2812 2907 ὲν
2838 2859 2901 2924 τῇ
2937 2858 3079 2924 ἀρχῇ
3110 2855 3203 2907 τοῦ
3260 2855 3621 2922 κηρύγματος
3674 2854 3728 2904 τί
3757 2849 3925 2904 εἶπεν
3977 2855 4001 2902 ὁ

2426 2945 2721 3015 Ναθαναὴλ
2742 2945 3197 3011 νομοδιδάσκαλος
3227 2946 3335 2997 τῶν
3380 2944 3656 2996 Ἰουδαίων
3686 2943 3761 2994 ὧν
3786 2962 3804 3009 ;
3831 2944 4003 3012 Ἥρὼ-

2424 3056 2592 3110 τησεν
2630 3038 2794 3089 αὑτὸν
2833 3038 2955 3089 ὅσον
3005 3038 3165 3106 ἤθελε
3200 3040 3297 3090 xui.
3332 3036 3622 3099 ἐϐούλετο·
3667 3036 3922 3098 ἀκούσας
3951 3036 4003 3087 δὲ

2429 3130 2560 3201 παρ’
2589 3131 2771 3197 αὐτοῦ,
2790 3131 2881 3182 τοῦ
2924 3130 3163 3200 Χριστοῦ
3215 3129 3251 3182 ἃ
3305 3125 3452 3197 εἶχεν
3498 3128 3799 3200 ἀπόρρητα
3849 3131 3911 3180 ὲν
3940 3132 4002 3195 τῇ

759 3210 837 3277 τῷ
871 3211 1069 3313 [litetur
1102 3213 1190 3313 fu
1235 3214 1608 3313 Πεπλοξνησαι.
1676 3214 2017 3313 βλασφῄμιθς
2065 3215 2311 3284 εἴρηκας,
2343 3257 2386 3313 C
2428 3220 3302 3292 καρδίᾳαύτοῦ,λὲγειτῷῚησοῦ·
3328 3220 3428 3273 «Σο
3453 3216 3694 3279 εῑδγιδς
3719 3221 3821 3272 τοῦ
3844 3220 4001 3277 Θεοῦ,

760 3302 945 3362 κακῶς
992 3302 1328 3373 λελάληκας·
1370 3303 1468 3357 οῦκ
1521 3309 1636 3375 εἰμι
1681 3306 1805 3369 Υἱὸς
1845 3304 2004 3360 Θεοῦ.
2041 3306 2149 3357 Καὶ
2203 3306 2312 3377 γὰρ

761 3499 885 3539 eum
919 3480 1111 3538 Filium
1144 3485 1234 3540 Dei
1263 3495 1316 3539 et
1351 3487 1512 3541 Deum
1550 3496 1603 3540 et
1646 3488 1919 3539 hominem
1940 3502 2061 3540 esse
2085 3487 2316 3541 demon-

760 3588 965 3630 strant:
992 3588 1150 3645 atque
1178 3578 1286 3632 illis
1317 3578 1538 3642 relictis,
1584 3577 1689 3631 alia
1728 3577 2017 3647 singularia
2072 3579 2316 3645 qutedatn

762 3668 1327 3722 commemorahimus.
1361 3667 1474 3722 Hoc
1514 3678 1695 3722 tamen
1720 3670 1971 3731 monebo,
2028 3683 2132 3721 non
2154 3668 2315 3721 aliam

767 3761 839 3814 ob
877 3775 1095 3815 causam
1123 3760 1337 3815 Judazos
1364 3762 1642 3816 Christum
1668 3762 1816 3815 cruci
1850 3761 2109 3824 aﬂixisse,
2141 3775 2307 3830 quam

762 3852 908 3920 quod
934 3851 1100 3907 Deum
1129 3868 1207 3913 se.
1234 3853 1506 3907 hominem
1554 3862 1607 3907 et
1632 3852 1723 3907 Dei
1770 3852 1967 3906 Filium
2001 3867 2123 3907 esse
2179 3867 2317 3920 prte-

763 3945 1011 4011 dicaret;
1039 3954 1092 3999 et
1126 3946 1303 4000 dicere
1333 3944 1586 4000 eumdem
1618 3945 1768 4009 alibi,
1793 3944 1884 4013 qui
1909 3944 2084 4012 ipsum
2118 3944 2319 4009 videat,

762 4054 886 4093 eum
910 4037 1120 4093 Patrem
1147 4053 1304 4093 suum
1332 4039 1548 4102 videre;
1575 4036 1728 4101 alibi,
1759 4052 1815 4091 se
1845 4037 2122 4091 ctPatrem
2152 4052 2319 4089 unum

762 4147 904 4197 esse;
930 4130 1080 4195 alibi,
1107 4130 1149 4184 si
1179 4144 1236 4185 se
1269 4144 1576 4191 nossemus,
1606 4144 1766 4182 nosse
1794 4141 1893 4181 n05
1915 4127 2151 4192 Patrem;
2172 4129 2321 4192 alibi,

765 4224 813 4278 si
843 4223 966 4294 quis
1012 4231 1278 4292 praecepta
1320 4237 1416 4276 sua
1472 4204 1801 4283 observarit,
1854 4236 1978 4274 eum
2034 4237 2314 4283 nunquam

766 4325 990 4369 mortem
1025 4315 1291 4378 visurum;
1332 4312 1460 4365 alibi
1517 4313 1754 4379 denique
1818 4320 2022 4380 aegroto
2081 4311 2321 4375 cuidam,

768 4414 992 4477 peccata
1028 4408 1331 4461 condonata
1367 4405 1413 4477 ei
1447 4420 1589 4459 esse.
1634 4403 1763 4468 Quae.
1814 4418 1938 4456 cum
1984 4402 2327 4457 animadver-

767 4475 944 4552 ierent
972 4496 1163 4560 Judaei,
1190 4475 1468 4564 rogarunt,
1506 4494 1717 4561 qualem
1756 4508 1814 4546 se
1878 4492 2119 4546 faceret?
2146 4507 2323 4545 annon

2420 3316 2484 3368 σὺ
2517 3311 2565 3367 εἷ
2600 3317 2627 3367 6
2657 3315 2916 3383 βασιλεὺς
2947 3314 3040 3367 τοῦ
3065 3314 3307 3383 Ἰσραήλ.
3358 3330 3377 3362 3
3438 3314 3829 3382 Ἐπετὶμησεν
3873 3312 4003 3379 γοῦν

2415 3497 2572 3551 Certe
2594 3497 2808 3565 quidem
2842 3496 3089 3550 Christus
3127 3495 3346 3548 Petrum
3388 3493 3701 3547 moniturus
3728 3504 3850 3546 erat
3913 3494 3985 3543 ita

2420 3588 2531 3642 fere
2574 3605 2589 3643 :
2630 3608 2647 3639 ι
2686 3588 2910 3649 Errasti,
2967 3588 3133 3654 impie
3185 3586 3393 3648 dixisti,
3445 3586 3585 3637 male
3630 3584 3866 3638 locutus
3908 3601 4005 3647 es;

2427 3694 2536 3734 non
2575 3694 2692 3730 sum
2733 3678 2876 3729 enim
2909 3675 3077 3729 Filius
3130 3675 3243 3727 Dei.
3279 3693 3297 3725 3
3360 3673 3558 3725 Deinde
3620 3688 3751 3726 cum
3810 3688 4004 3725 eorum

2422 3772 2677 3840 magister
2715 3778 2857 3822 esset
2919 3768 3190 3832 Christus,
3217 3766 3344 3834 quid
3368 3766 3533 3829 aliud,
3560 3764 3663 3817 nisi
3712 3766 4007 3818 veritatem

2422 3882 2519 3919 eos
2542 3863 2809 3917 docebat”!
2842 3860 2979 3926 Quid
3016 3872 3195 3913 autem
3257 3858 3469 3911 Simoni
3526 3855 3694 3910 Petro
3741 3858 4006 3911 Christus

2420 3957 2557 4011 dixit
2582 3955 2603 4007 ?
2628 3973 2646 4004 ι
2682 3953 2880 4005 Beatus
2911 3967 2990 4016 es,
3026 3951 3197 4013 Simo,
3222 3948 3374 4004 Jonas
3407 3949 3503 4009 ﬁli,
3549 3950 3699 4016 quod
3731 3964 3846 4002 non
3881 3965 4007 4003 caro

2422 4057 2515 4102 aut
2549 4044 2932 4111 sanguisistud
2968 4043 3059 4095 tibi
3088 4042 3321 4106 aperuit,
3361 4042 3453 4093 sed
3498 4022 3657 4092 Pater
3698 4056 3885 4101 meus,
3914 4040 4005 4107 qui

2425 4138 2477 4190 in
2507 4138 2659 4191 cmlis
2678 4145 2778 4187 est.
2819 4152 2837 4184 3
2868 4134 3017 4185 Haud
3050 4132 3262 4185 inscius
3304 4132 3582 4185 Christum
3632 4129 3863 4182 Petrum
3926 4135 4005 4183 in-

2424 4226 2739 4295 terrogavit,
2777 4225 2991 4291 qualem
3017 4240 3074 4277 se
3124 4224 3373 4275 homines
3401 4236 3519 4275 esse
3550 4223 3850 4281 dicarent.
3915 4224 4007 4275 sint

2423 4320 2564 4373 sicut
2592 4319 2657 4370 de
2692 4318 2899 4370 Lazaro
2933 4325 3059 4368 ante
3090 4323 3321 4366 mortem
3347 4314 3464 4382 ejus
3496 4312 3672 4365 dixit:
3716 4332 3735 4361 ι
3760 4312 4011 4365 Lazarus

2426 4411 2637 4463 amicus
2668 4418 2875 4468 noster,
2910 4418 3161 4458 mortuus
3189 4414 3270 4457 est
3296 4424 3307 4467 ;
3350 4403 3441 4457 sed
3469 4419 3595 4455 eum
3662 4405 4003 4456 suscitatur:

2432 4501 2792 4571 proﬁciscor;
2828 4519 2845 4549 3
2877 4499 3072 4551 deinde
3105 4496 3380 4565 profectus
3402 4497 3767 4561 interrogavit
3795 4514 3809 4548 :
3859 4516 3877 4545 ι
3915 4494 4012 4548 ['hi

768 4589 934 4644 Deum
973 4604 1030 4641 50
1062 4587 1285 4651 faceret,
1305 4602 1426 4640 ευὶιι
1462 4586 1622 4638 humo
1651 4584 1837 4639 esse”
1866 4583 2003 4649 Quid
2028 4592 2140 4637 ιυηι
2170 4584 2328 4637 (Ἃιτίσ
2357 4596 2401 4650 D
2430 4608 2552 4645 cum
2584 4591 2936 4645 collocastis?
2960 4608 2978 4641 3
3010 4601 3171 4659 atque
3193 4590 3337 4643 clara
3365 4601 3496 4640 voce
3520 4587 3785 4641 clamavit
3811 4608 3824 4641 :
3860 4607 3878 4637 ι
3915 4588 4014 4638 La-

767 4689 882 4735 stus
914 4680 935 4733 ?
965 4697 983 4729 ι
1010 4678 1133 4731 Mihi
1172 4680 1261 4747 qui
1324 4678 1481 4731 ﬁdem
1529 4676 1710 4741 habet,
1740 4675 1904 4739 vivet,
1930 4674 2145 4728 etiamsi
2194 4689 2337 4727 mor-

770 4786 895 4828 tuus
925 4774 1029 4839 sit;
1061 4774 1205 4827 sicut
1250 4772 1409 4825 Pater
1453 4770 1681 4825 suscitat
1732 4779 1782 4823 et
1823 4769 1875 4822 in
1916 4770 2085 4823 vitam
2116 4776 2337 4822 revocat

771 4867 1058 4932 cadavera,
1100 4867 1171 4918 ita
1197 4862 1370 4920 Filius
1407 4878 1808 4933 quoque,quos
1860 4863 1961 4931 ipsi
1994 4862 2199 4931 placet:
2235 4879 2335 4915 ne-

771 4974 861 5012 mo
894 4956 1089 5011 Filium
1119 4957 1290 5021 novit,
1326 4955 1427 5010 nisi
1465 4955 1645 5019 Pater,
1676 4969 1773 5007 nec
1797 4954 2009 5007 Patrem
2032 4956 2329 5021 quisquam

768 5052 923 5115 vidit,
954 5050 1059 5103 nisi
1090 5048 1283 5111 Filius,
1312 5060 1364 5103 et
1399 5048 1443 5101 si
1463 5048 1547 5103 cui
1568 5046 1767 5113 detegit
1797 5045 1987 5100 Filius.
2019 5065 2037 5097 3
2067 5044 2183 5099 Jam
2206 5060 2334 5099 vero

779 5142 874 5207 qui
909 5140 1033 5193 talia
1058 5139 1260 5193 diceret
1288 5148 1340 5191 et
1370 5138 1617 5191 homines
1634 5136 1853 5191 duceret
1908 5136 2185 5201 Christus,
2233 5149 2330 5189 ve-

771 5246 966 5285 rumne
999 5228 1279 5283 celaturus
1304 5229 1463 5283 erat?
1494 5228 1628 5293 Quis
1671 5228 1744 5281 ita
1779 5230 1979 5281 stultus
2014 5237 2062 5281 et
2112 5227 2331 5295 ineptus

770 5324 865 5388 sit,
896 5322 1039 5376 istud
1082 5322 1383 5376 ntcredat?
1408 5319 1544 5373 Nam
1580 5321 1683 5374 nisi
1743 5319 1883 5373 Deus
1914 5330 1967 5374 et
2001 5320 2173 5372 Filius
2235 5318 2327 5372 Dei

771 5425 911 5479 crat,
954 5413 1205 5482 discipuli
1258 5414 1375 5483 ejus
1434 5412 1501 5465 ah
1546 5413 1663 5481 ipso
1712 5412 2052 5481 interrogati,
2110 5412 2325 5478 qualem

772 5503 1013 5559 hominis
1038 5502 1229 5556 Filium
1260 5515 1381 5556 esse
1403 5502 1646 5554 homines
1676 5503 1939 5565 dicerent,
1971 5516 2075 5552 non
2104 5515 2327 5567 respon-

768 5597 883 5651 suri
914 5605 1087 5660 erant,
1112 5596 1247 5650 alios
1274 5611 1396 5649 eum
1429 5594 1626 5655 Etiam,
1660 5595 1799 5647 alios
1826 5592 2117 5647 Jeremiam
2143 5602 2234 5644 aut
2260 5593 2326 5646 de

768 5689 1049 5760 prophetis
1081 5689 1313 5757 aliquem
1338 5702 1458 5741 esse
1483 5687 1819 5747 existimare,
1858 5699 1979 5748 nec,
2014 5700 2134 5735 cum
2159 5683 2324 5738 Chri-

766 5791 885 5835 stus
932 5783 1347 5849 interrogasset,
1394 5794 1555 5847 quem
1592 5777 1695 5845 ipsi
1741 5792 1799 5829 se
1842 5791 1964 5829 esse
2010 5775 2317 5837 crederent,

770 5870 1019 5925 dicturus
1042 5869 1255 5937 Petrus,
1279 5884 1401 5924 eum
1420 5868 1695 5923 Christum
1716 5882 1853 5931 esse,
1875 5866 2068 5918 Filium
2092 5866 2177 5919 Dei
2199 5884 2212 5902 ε
2234 5868 2269 5913 ιι
2288 5867 2319 5913 i.

2438 4700 2584 4746 zare,
2619 4683 2879 4737 adesdum
2916 4682 3100 4746 foras;
3130 4702 3147 4733 3
3176 4683 3335 4751 etqui
3363 4683 3633 4735 exanimis
3668 4683 3880 4744 inierat,
3915 4698 4011 4734 au-

2436 4773 2683 4827 scultavit
2718 4772 2943 4840 imperio
2982 4771 3214 4834 Domini,
3273 4770 3493 4825 Christo
3530 4772 3863 4826 declarantc
3896 4786 4001 4825 tum

2434 4865 2695 4929 divinam,
2732 4874 2841 4917 tum
2871 4864 3163 4916 humanam
3201 4871 3451 4915 naturam
3501 4876 3655 4914 suam
3695 4880 3709 4914 :
3749 4863 3824 4914 ita
3885 4873 4009 4913 tunc

2434 4972 2648 5026 quoque
2688 4954 2988 5023 discipulos
3018 4954 3392 5020 interrogavit,
3443 4963 3503 5005 ut
3534 4952 3710 5005 Deum
3739 4964 3797 5005 et
3831 4954 3982 5004 homi

2435 5061 2553 5101 nem
2591 5062 2648 5101 se
2670 5062 2792 5101 esse
2813 5045 3145 5110 ostenderet,
3169 5060 3374 5113 eosque
3430 5046 3557 5096 hinc
3621 5044 3899 5110 paulatim
3944 5044 4003 5093 Ξιί

2434 5154 2573 5191 verae
2597 5138 2926 5206 cognitionis
2969 5136 3312 5190 altitudinem
3374 5136 3652 5188 eveheret.
3709 5137 4009 5188 Enimvero

2433 5232 2561 5300 quid
2590 5240 2707 5299 post
2733 5230 3186 5283 resurrectionem
3213 5230 3455 5282 Thomas
3492 5228 3652 5289 dixit,
3687 5231 3786 5295 qui
3820 5242 3875 5282 ct
3902 5229 4012 5296 ipse

2434 5339 2576 5378 unus
2609 5339 2637 5376 e
2676 5324 2963 5379 duodecim
2992 5322 3276 5389 discipulis
3300 5329 3437 5385 crat,
3468 5330 3773 5374 attrectato
3842 5322 4007 5373 latere

2431 5413 2672 5467 Christi?
2704 5412 2899 5481 Utique
2934 5414 2977 5468 is
2998 5427 3215 5481 quoque
3251 5412 3322 5465 ita
3352 5412 3489 5464 dixit
3522 5430 3534 5462 :
3576 5430 3595 5461 ι
3638 5410 3885 5464 Domine
3912 5412 4002 5465 mi.

2430 5515 2479 5558 et
2523 5505 2661 5559 Deus
2691 5505 2785 5558 mi.
2818 5524 2837 5554 3
2874 5505 2975 5558 Aut
3010 5504 3136 5572 quid
3171 5503 3369 5557 deinde
3404 5503 3479 5555 illi
3504 5502 3767 5556 Christus
3790 5505 3815 5556 ἲ
3885 5502 4001 5557 Noli

2426 5596 2590 5665 jussit
2642 5596 2887 5663 profecto
2924 5612 3047 5650 eum
3094 5595 3370 5650 abstinere
3433 5595 3827 5661 blasphemiis,
3888 5596 4001 5650 sed.

2434 5703 2451 5735 ι
2489 5685 2676 5738 Vidisti
2709 5701 2823 5750 me,
2856 5686 3050 5751 inquit,
3103 5696 3157 5738 et
3186 5684 3499 5748 credidisti;
3547 5684 3693 5737 beati
3749 5685 3856 5745 illi,
3915 5680 4003 5748 qui

2429 5791 2535 5828 non
2582 5775 2831 5829 viderunt
2862 5776 3519 5833 etcrediderunttamen.
3565 5794 3583 5824 3
3628 5778 3736 5830 Aut
3789 5775 3931 5843 quid
3955 5775 4002 5823 in

2430 5867 2695 5935 ptincipio
2727 5866 3081 5922 institutionis
3128 5866 3451 5935 Natharutel,
3498 5871 3661 5922 homo
3700 5864 3851 5937 legis
3913 5862 4002 5920 Ja-
