4134 6452
182 459 283 522 9Π

1174 454 1612 518 CHRONICON
1647 454 1914 514 MAJUS.
1944 475 2016 488 -·-
2051 449 2196 510 LIB.
2243 448 2337 508 ιν.

3292 432 3398 500 918

174 574 322 643 αὐτῷ
355 574 383 625 6
405 573 643 643 Χριστὸς
674 571 748 634 ὡς
777 568 959 630 κακῶς
990 568 1281 636 λαλήσαντι
1309 586 1323 632 ;
1382 566 1541 637 Οὐχὶ,
1598 566 1734 620 ἀλλὰ
1766 574 1813 631 Α
1843 562 2100 633 βασιλεὺς
2136 556 2187 613 εἷ
2222 560 2284 612 σύ
2313 577 2327 624 ;
2372 577 2390 609 ι
2429 557 2729 626 Ἀπεκρίθη
2764 557 2792 607 6
2848 553 3083 625 Χριστός
3108 566 3120 581 ·
3154 570 3169 601 ι
3207 551 3276 602 Σὺ
3307 550 3401 603 λέ⁴

174 668 225 718 τί
250 668 399 734 λέγει
426 664 577 734 αὐτῷ
603 667 631 717 6
657 662 886 733 Χριστός
927 679 943 727 ;
969 680 987 713 ι
1032 661 1155 713 Ὅτι
1182 659 1337 712 εἶπόν
1364 677 1445 711 σοι
1475 658 1542 711 τὰ
1561 658 1737 728 ἀπόρ-

181 766 318 830 ῥητα
350 757 448 823 τῆς
498 756 726 823 καρδίας
769 770 863 806 σου
910 751 1489 816 πιστεύειςςΜείζονα
1530 750 1737 802 τούτων

173 854 316 920 ὕψει.
357 870 376 901 ι
410 850 520 902 Καὶ
544 851 631 901 ὅτι
665 847 764 917 μὲν
790 845 1089 916 ἐρωτηθεὶς
1124 845 1276 914 παρὰ
1314 844 1407 896 τοῧ
1455 843 1687 895 Πιλάτου
1709 843 1737 894 6

174 944 412 1014 Χριστὸς
485 942 710 1012 είρηκεν
768 941 851 992 ὅτι
913 940 986 990 Σὺ
1042 933 1226 1002 εῑπας,
1285 934 1443 987 τοῦτο
1494 933 1737 987 τοιοῦτόν

171 1040 343 1102 ἐστιν,
374 1037 491 1087 ἀλλ’
524 1035 623 1087 οὐκ
645 1033 791 1086 ἐστιν
828 1031 1107 1101 ἀρνήσεως
1156 1029 1335 1095 λόγος,
1360 1026 1496 1080 ἀλλὰ
1532 1042 1739 1091 συγκα-

172 1131 443 1190 ταθέσεως
473 1129 568 1180 καὶ
589 1125 907 1194 ὁμολογίας,
932 1126 1026 1176 καὶ
1075 1121 1263 1190 ὥσπερ
1294 1121 1431 1186 πρὸς
1476 1118 1569 1170 τὸν
1607 1117 1739 1171 Ἰού-

169 1224 266 1275 δαν
291 1217 434 1275 εἷπε.
467 1219 894 1286 Συγκαθήμενος
922 1215 1018 1269 καὶ
1050 1212 1160 1283 γὰρ
1197 1214 1255 1265 ὲν
1293 1194 1451 1281 μιᾷό
1500 1209 1735 1275 Χριστὸς

177 1314 317 1381 μετὰ
355 1313 463 1364 τῶν
497 1310 755 1379 μαθητῶν
783 1306 950 1361 αὑτοῦ
980 1307 1128 1372 λέγει
1154 1304 1292 1373 πρὸς
1325 1304 1523 1365 αὐτούς
1547 1318 1561 1335 ο
1591 1321 1609 1353 ι
1641 1296 1735 1364 Εἷς

172 1405 235 1468 ἐξ
259 1405 412 1472 ὑμῶν
442 1403 757 1471 παραδώσει
807 1420 896 1468 με.
953 1420 971 1452 ι
1010 1401 1121 1452 Καὶ
1167 1399 1351 1464 ἔλεγεν
1388 1390 1479 1458 εἷς
1509 1396 1735 1457 ἕκαστος

171 1499 305 1564 περὶ
363 1495 598 1548 ἑαυτοῦ*
659 1513 678 1546 r
722 1495 869 1562 Μήτι
908 1494 1019 1560 ἐγώ
1090 1493 1242 1560 είμι;
1293 1509 1310 1541 ι
1363 1490 1459 1541 καὶ
1536 1486 1729 1547 ἄλλος·

178 1605 199 1637 α
235 1585 383 1652 Μήτι
408 1584 520 1649 ἐγώ
554 1586 670 1650 εἰμι
699 1599 714 1646 ;
757 1600 776 1631 ι
816 1577 951 1634 Εἶπε
976 1581 1031 1633 δὲ
1058 1580 1155 1631 καὶ
1180 1580 1208 1632 6
1244 1578 1445 1639 Ἰούδας
1468 1594 1481 1608 ν
1522 1596 1541 1627 ι
1588 1577 1735 1643 Μήτι

169 1667 285 1741 ὲγώ
311 1675 422 1743 είμι
448 1691 495 1741 ;›
516 1670 729 1739 Λέγείὸ
759 1670 995 1741 Χριστός
1016 1684 1031 1699 ⁸
1236 1668 1336 1719 «Σὺ
1358 1663 1569 1727 εἶπας.»
1600 1666 1733 1716 Τότε

170 1769 393 1827 πάντως
432 1766 532 1818 οὐκ
562 1764 630 1835 ἦν
659 1765 816 1831 λόγος
866 1763 1172 1831 ἀρνήσεως,
1206 1759 1343 1812 ἀλλὰ
1397 1755 1735 1823 συγκαταθέ-

170 1876 336 1920 σεως.
368 1858 554 1919 Οὕτως
585 1858 682 1909 καὶ
729 1856 823 1907 ἐπὶ
849 1853 943 1906 τοῦ
994 1852 1260 1905 Πιλάτουο
1308 1851 1460 1915 λόγος
1525 1849 1635 1916 γὰρ
1665 1841 1733 1915 ἦν

171 1948 417 2017 συνήθης
445 1946 534 1999 τοῦ
567 1947 754 2010 τόπου,
783 1946 885 2013 καὶ*
907 1944 981 2005 ὡς
1008 1943 1104 1995 τοῦ
1136 1943 1302 1994 τόπου
1355 1941 1562 1993 ἐκείνου
1589 1940 1732 2008 λόγῳ

170 2040 446 2107 ἐχρήσατο
486 2038 635 2106 αὐτῷ
664 2040 690 2090 6
715 2038 975 2104 Χριστός.
1009 2036 1116 2087 Καὶ
1155 2033 1342 2101 ὥσπερ
1374 2033 1572 2101 ἀρτίως
1604 2031 1730 2083 πολ-

167 2127 333 2189 λάκις
361 2128 454 2179 καὶ
486 2127 577 2178 ἐπὶ
608 2126 717 2178 τῶν
737 2124 1181 2193 Μουσουλμάνων
1202 2125 1350 2189 λέγει
1383 2122 1568 2189 ἕτερος
1599 2122 1731 2189 πρὸς

165 2220 265 2271 τὸν
295 2220 482 2287 ἕτερον
524 2219 662 2287 μετὰ
711 2217 1029 2286 συμϐουλῆς
1072 2218 1158 2269 ὅτι
1209 2216 1533 2283 Ποιήσωμεν
1586 2213 1729 2275 τόδε,

165 2309 267 2361 καὶ
288 2308 409 2360 ἀντὶ
430 2307 521 2359 τοῦ
551 2307 726 2359 εἰπεῖν
757 2307 848 2358 τὸν
870 2306 1059 2375 ἓτερον
1092 2305 1172 2357 ὅτι
1203 2302 1473 2364 Γενέσθω,
1501 2302 1734 2371 ἀποκρί-

165 2418 324 2452 νεται
356 2401 439 2451 ὅτι
471 2401 543 2451 Σὺ
584 2398 863 2465 ἡξεύρεις,
919 2397 1011 2449 καὶ
1045 2398 1144 2449 οὐκ
1180 2394 1296 2446 ἐστι
1358 2395 1529 2461 Λόγος
1564 2395 1731 2463 ἀρνή-

164 2510 332 2559 σεως,
363 2493 498 2545 ἀλλὰ
524 2490 979 2558 συγκαταθέσεως
1000 2503 1011 2515 ·
1036 2488 1209 2548 οὕτως
1234 2488 1329 2540 καὶ
1356 2486 1447 2539 ἐπὶ
1475 2485 1577 2538 τοῦ-
1594 2487 1729 2555 Χρι-

164 2585 323 2639 στοῦ.
372 2585 461 2646 Ὠς
516 2584 608 2636 τοῦ
670 2583 838 2646 τόπου
892 2581 1104 2634 ἐκείνου
1154 2580 1297 2646 λόγῳ
1352 2579 1618 2647 ἐχρήσατο
1662 2579 1725 2645 τῇ

162 2676 399 2746 τοιαύτῃ
434 2676 577 2740 λέξει
618 2676 645 2726 6
686 2674 944 2743 Χριστὸς,
976 2675 1040 2739 τῇ
1121 2671 1193 2722 Σὺ
1242 2666 1422 2730 εἴπας.
1467 2669 1657 2737 Ὅμως
1701 2669 1728 2718 6

160 2768 330 2827 αὐτὸς
362 2766 594 2827 Πιλάτος
647 2766 899 2833 ἠρώτησε
932 2762 1024 2814 τὸν
1084 2760 1317 2829 Χριστὸν
1344 2760 1549 2826 λέγων’
1586 2777 1602 2808 ι
1656 2758 1727 2809 Σὺ

160 2853 223 2909 εἴ
242 2858 269 2907 6
299 2856 552 2924 βασιλεὺς
582 2856 685 2905 τῶν
703 2851 1004 2918 Ἰουδᾳίωη
1042 2869 1059 2901 ι
1088 2847 1395 2917 Ἀπεκρίθη
1418 2849 1444 2897 6
1462 2844 1724 2915 Χριστός·

174 2965 195 2995 σ
254 2946 321 2997 Ἠ
352 2944 602 3013 βασιλεία
629 2944 662 3008 ή
689 2942 796 3009 ἐμὴ
816 2941 919 2993 οὐκ
956 2940 1106 2991 ἐστιν
1138 2941 1200 2990 ὲκ
1245 2936 1337 2989 τοῦ
1367 2936 1575 3004 κόσμου
1606 2934 1729 2987 τού-

159 3054 290 3090 του.
326 3038 387 3090 Εί
432 3037 497 3087 ὲκ
528 3035 621 3087 τοῦ
680 3034 892 3101 κόσμου
945 3028 1013 3101 ἦν
1070 3031 1102 3100 ἠ
1142 3028 1391 3098 βασιλεία
1435 3030 1469 3098 ή
1499 3026 1625 3096 ἐμὴ,
1681 3028 1727 3078 οἱ

161 3129 441 3197 ὑπηρέται
471 3128 535 3180 ἂν
568 3128 615 3178 οἱ
642 3126 763 3194 ἐμοὶ
788 3124 1141 3193 ἠγωνίζοντο,
1184 3124 1273 3176 ἵνα
1330 3122 1405 3192 μὴ
1438 3118 1728 3189 παραδοθῶ

156 3222 286 3282 ⁸τοῖς
314 3218 611 3280 Ἰουδαίοις,
642 3216 758 3270 Νῦν
783 3218 837 3270 δὲ
862 3219 895 3286 ή
934 3216 1184 3285 βασιλεία
1221 3219 1254 3283 ἠ
1292 3215 1400 3285 ἐμὴ
1451 3214 1551 3265 οὐκ
1582 3212 1726 3263 ἐστιν

1764 1913 1808 1970 Β

1755 3267 1799 3323 C

1842 669 1963 722 γεις
1993 653 2074 705 ὅτι
2106 650 2356 721 βασιλεύς
2381 650 2497 716 είμι
2526 646 2655 715 ὲγώ’
2687 644 2797 712 ἐγὼ
2823 645 2902 707 είς
2930 642 3089 696 τοῦτο
3134 640 3399 709 γεγέννηη

1842 764 1941 815 μαι
1967 745 2063 801 καὶ
2094 745 2175 806 είς
2200 742 2361 796 τοῦτο
2388 741 2627 810 ἐλήλυθα
2658 739 2737 799 είς
2764 737 2858 790 τὸν
2879 736 3107 803 κόσμον,
3139 734 3228 787 ἵνα
3259 748 3402 801 μαρ-

1838 839 2062 908 τυρήσω
2091 838 2156 906 τῇ
2203 835 2460 904 ἀληθείᾳ.
2497 834 2610 894 ua;
2665 833 2693 883 6
2748 828 2824 881 ὣν
2882 829 2947 880 ὲκ
2987 826 3085 894 τῆς
3138 822 3404 893 ἀληθείας

1836 928 2028 983 ἀκούει
2057 944 2158 996 μου
2193 928 2292 993 τῆς
2336 925 2540 993 φωνῆς.
2577 941 2595 973 ι
2653 922 2816 989 Λέγει
2855 916 3005 986 αὐτῷ
3047 919 3075 969 6
3127 914 3359 974 Πιλᾶτος
3383 929 3397 944 α

1844 1041 1863 1074 ι
1901 1021 1965 1074 Τί
1994 1022 2144 1073 ἔστιν
2172 1019 2445 1088 ἀλήθεια;
2497 1036 2515 1068 ι
2557 1015 2723 1085 Ὁρᾷς
2758 1014 2873 1075 πῶς
2908 1009 3146 1065 ἐνταῦθα
3180 1007 3397 1075 ἐδείχθη

1840 1111 2217 1179 σαφέστερονς
2254 1108 2478 1170 Πάντως
2510 1106 2539 1158 6
2562 1103 2798 1175 Χριστὸς
2826 1101 3054 1171 βασιλέα
3096 1098 3264 1163 ἔδειξε
3306 1096 3401 1148 καὶ

1837 1198 1995 1256 εἶπεν
2036 1202 2256 1256 ἑαυτόν.
2317 1200 2430 1253 Καὶ
2460 1196 2761 1267 ἐρωτηθεὶς
2822 1196 2972 1262 παρὰ
3021 1191 3117 1245 τοῦ
3166 1189 3399 1242 Πιλάτου

1837 1297 2002 1351 πάλιν
2021 1295 2171 1363 αὐτῷ
2194 1292 2355 1345 τοῦτο
2391 1290 2667 1358 ἀπεκρίθη
2690 1304 2710 1339 ο.
2766 1288 2888 1340 ἀντὶ
2934 1285 3023 1337 τοῦ
3058 1284 3258 1336 εἰπεῖν*
3293 1280 3403 1333 Ναὶ

1839 1387 2090 1460 βασιλεύς
2132 1388 2270 1455 εἰμι,
2319 1380 2442 1436 εἷπε
2470 1399 2483 1413 ο
2540 1400 2560 1433 ι
2602 1383 2675 1433 Σὺ
2702 1380 2886 1447 λέγεις
3110 1376 3193 1427 ὅτι
3252 1373 3404 1441 βασι-

1836 1482 1963 1545 λεύς
1994 1484 2112 1550 ειμι
2144 1479 2281 1548 ἐγώ.
2334 1498 2351 1531 ι
2400 1475 2466 1531 Τί
2493 1475 2623 1543 γοῦν
2651 1478 2678 1528 6
2708 1472 2963 1533 Πιλᾶτος,
3012 1466 3262 1527 εἰπόντος
3304 1463 3399 1515 τοῦ

1836 1574 2078 1644 Χριστοῦ
2104 1575 2183 1627 ὅτι
2226 1570 2367 1638 Ἐγὼ
2393 1571 2471 1632 είς
2489 1568 2650 1621 τοῦτο
2674 1565 3012 1633 γεγέννημαι
3033 1561 3127 1612 καὶ
3146 1560 3223 1621 εἰς
3242 1554 3400 1607 τοῦτο

1836 1664 2071 1734 ἐλήλυθα
2101 1665 2178 1724 είς
2210 1661 2302 1712 τὸν
2334 1660 2562 1726 κόσμον,
2597 1657 2685 1708 ἵνα
2745 1652 3088 1723 μαρτυρήσω
3141 1650 3205 1716 τῇ
3266 1646 3399 1713 ἀλη-

1838 1756 1980 1825 θείᾳ,
2046 1754 2194 1820 λέγει
2231 1751 2369 1820 πρδς
2401 1748 2599 1802 αὐτόν’
2650 1765 2669 1797 ι
2730 1746 2795 1798 Τί
2855 1746 3004 1797 ἐστιν
3065 1739 3329 1808 ἀλήθεια;
3374 1754 3392 1785 ι

1836 1850 2133 1904 Τουτέστιν
2165 1848 2249 1900 ὅτι
2281 1844 2590 1906 Είείς“τδν
2636 1841 2844 1909 κόσμον
2891 1835 3117 1905 ἀλήθεια
3156 1829 3246 1902 ἦν,
3297 1831 3400 1883 οὐκ

1832 1942 1901 1994 ἂν
1936 1940 2233 2010 παραδίδου
2272 1939 2353 1999 είς
2391 1937 2621 1988 θάνατον
2648 1951 2664 1966 ·
2700 1932 2791 1985 καὶ
2823 1924 2934 1983 οἷον
2961 1925 3397 1991 ἀποκλαιόμενον

1831 2030 1929 2095 τὴν
1957 2030 2059 2096 τῆς
2092 2026 2352 2095 ἀληθείας
2378 2025 2641 2093 στέρησιν
2671 2017 2795 2073 εἷπε
2821 2019 2885 2069 Τί
2923 2018 3069 2069 ἐστιν
3122 2012 3349 2080 ἀλήθεια
3378 2027 3394 2072 ;

1843 2122 2004 2174 Ἀλλὰ
2027 2120 2122 2172 καὶ
2148 2119 2296 2188 παρὰ
2317 2118 2412 2169 τοῦ
2438 2114 2745 2185 ἀρχιερέως
2782 2107 3078 2179 ἐρωτηθεὶς
3106 2108 3134 2160 6
3159 2106 3393 2171 Χριστὸς

1831 2214 1911 2265 ὅτι
1952 2211 2187 2280 Ὁρκίζω
2218 2227 2274 2261 σε
2302 2210 2441 2260 κατὰ
2466 2205 2559 2259 τοῦ
2594 2204 2730 2255 Θεοῦ
2767 2201 2857 2253 τοῦ
2891 2199 3092 2263 ζῶντος
3122 2196 3208 2247 ἵνα
3260 2193 3395 2263 ἡμῖν

1830 2307 1989 2373 εἴπῃς
2012 2306 2062 2355 εί
2101 2303 2167 2355 σὺ
2197 2304 2245 2353 εἰ
2276 2302 2303 2352 6
2335 2300 2460 2359 Υἱὸς
2492 2295 2590 2349 τοῦ
2618 2295 2777 2358 Θεοῦ,
2831 2291 2984 2344 οὐδὲν
3038 2290 3227 2359 ἕτερον
3258 2288 3395 2338 ἀπε-

1831 2396 2103 2467 κρίνατοῆ
2122 2396 2207 2447 ὃτι
2240 2392 2382 2453 Ἑγώ
2404 2394 2544 2455 εἰμι.

1896 2485 2061 2551 Οἶδας
2086 2490 2233 2549 ὅπως
2266 2489 2345 2544 είς
2386 2485 2421 2540 6.
2456 2484 2559 2537 οὐκ
2599 2482 2920 2535 ἐπίστανται
2949 2479 2999 2531 oi
3028 2470 3392 2541 Μουσουλμά-

1830 2599 1940 2643 νοι,
1966 2577 2340 2649 κατηγοροῦσι
2362 2577 2489 2638 τοὺς
2516 2574 2697 2640 ἀξίους
2721 2573 2945 2625 ἐπαίνου
2972 2588 2987 2633 ;
3023 2568 3156 2621 Ἰδοὺ
3190 2566 3391 2627 τοίνυν,

1833 2674 1996 2742 εἴπερ
2031 2671 2213 2738 ζητεῖς
2235 2669 2517 2737 ἀλήθειαν,
2544 2667 2714 2734 γνῶθι
2739 2665 2930 2731 αὐτήν.
2978 2664 3040 2715 El
3083 2660 3127 2712 δ’
3162 2653 3280 2719 οὖν,
3328 2659 3391 2707 σὺ

1827 2764 2011 2826 οἶδαςθ
2048 2765 2108 2816 οὐ
2173 2764 2281 2832 γὰρ
2329 2762 2478 2831 παρὰ
2532 2761 2627 2828 τῆς
2676 2758 2933 2827 ἀληθείας
2982 2755 3128 2806 ἐστὶν
3192 2750 3391 2821 ὴπερὶ

1828 2859 2034 2926 ταύτην
2085 2858 2305 2923 ἄγνοια,
2354 2853 2490 2906 ἀλλὰ
2535 2852 2687 2921 παρᾶ
2734 2852 2845 2903 τῶν
2893 2846 3393 2913 ἀποστρεφομένων

1830 2951 2024 3019 αὐτήν.

1898 3042 1961 3094 δ’.
1994 3039 2216 3111 Ἐπειδὴ
2239 3038 2371 3109 περ)⁸
2402 3039 2509 3091 τῶν
2574 3036 2753 3089 ἄλλων
2784 3026 2858 3087 ὧν
2894 3031 3025 3102 παρ’
3082 3029 3235 3099 ὑμῶν
3285 3029 3396 3082 τῶν

1829 3129 2286 3197 Μουσουλμὰνων
2310 3126 2695 3195 ὲγκαλούμεθα
2722 3125 2774 3177 οἱ
2821 3124 3143 3190 Χριστιανοὶ
3186 3120 3393 3179 ἱκανῶς

1828 3221 2230 3284 ἀποδέδεικται,
2278 3218 2405 3272 ὥστ’
2458 3215 2596 3270 εἶναι
2651 3217 2797 3285 ἡμᾶς
2847 3216 3157 3281 ἀνωτέρους
3209 3212 3392 3281 πάσης

158 3310 446 3365 ἐντεῦθεν.
484 3330 503 3361 ›
559 3305 724 3364 Εἶπεν
752 3308 846 3363 οὖν
887 3307 1035 3378 αὺτῷ
1070 3309 1098 3360 6
1129 3307 1395 3369 Πιλάτοςο
1437 3326 1455 3358 ι
1492 3304 1605 3357 Οὐκ
1636 3299 1729 3355 οὖν
1755 3299 1799 3323 ν
1832 3313 2197 3384 κατηγορίας,
2240 3314 2373 3383 φέρε
2409 3312 2473 3382 δὴ
2522 3310 2710 3363 λοιπὸν
2757 3309 3089 3378 σκεψώμεθα
3126 3308 3221 3360 καὶ
3264 3306 3393 3373 περὶ

159 3500 342 3553 (ιιιίοω
366 3496 574 3567 peritus
601 3496 623 3548 ἳ
654 3491 1006 3562 interrogavit
1045 3506 1167 3545 eum
1229 3489 1369 3559 quod
1391 3488 1726 3542 velletzcum
1826 3489 2003 3544 derer.
2037 3491 2102 3543 At
2123 3506 2268 3543 nunc
2292 3505 2399 3543 non
2430 3499 2511 3544 est
2538 3490 2701 3558 hujus
2730 3490 2832 3543 loci
2858 3504 3079 3556 regnum
3118 3505 3318 3543 meum.
3368 3509 3385 3541 ι

157 3596 353 3643 autem
393 3586 632 3640 audisset
656 3599 687 3638 e
724 3583 968 3645 Christo,
1004 3596 1127 3650 qua!
1188 3580 1288 3634 sub
1318 3578 1481 3633 corde
1518 3584 1724 3631 secreta

157 3674 471 3746 premebat,
500 3674 636 3727 dixit
668 3674 716 3727 ei
746 3692 757 3727 :
785 3690 802 3723 ι
834 3670 912 3724 Tu
942 3686 1001 3724 es
1022 3670 1111 3723 Dei
1142 3669 1333 3730 Filius,
1368 3680 1422 3721 tn
1444 3682 1534 3720 rex
1558 3666 1731 3718 lsrae-

156 3770 262 3822 lis.
289 3766 538 3835 i,Ecqiiid
556 3765 884 3833 vituperavit
904 3777 1028 3817 cum
1046 3761 1297 3816 Christus
1317 3770 1369 3812 ut
1387 3760 1523 3812 male
1545 3758 1733 3811 dicen-

156 3860 318 3915 tem?
341 3858 560 3911 Minime
594 3871 740 3921 vero,
760 3854 876 3918 sed,
913 3872 931 3904 ι
956 3853 1097 3918 Quia
1126 3852 1234 3905 dixi
1266 3850 1385 3913 tibi,
1418 3849 1512 3913 ait,
1548 3862 1732 3902 secre-

156 3963 221 4005 ta
248 3951 430 4005 cordis
448 3949 554 4012 tui,
582 3944 797 4001 credis?
835 3944 1042 4013 Maiora
1082 3945 1203 3998 istis
1241 3942 1467 3996 videbis.
1514 3958 1532 3991 ι
1572 3939 1728 4005 Quod

152 4050 351 4096 autem
374 4055 405 4094 a
445 4039 616 4093 Pilato
645 4046 866 4106 rogatus
891 4035 1147 4090 Christus
1178 4034 1475 4101 respondit,
1524 4032 1730 4085 dixisse

150 4150 320 4197 eun,
363 4148 425 4187 ea
475 4148 583 4185 non
626 4130 889 4199 negantis,
950 4129 1045 4182 sed
1084 4128 1431 4181 concedentis
1485 4135 1540 4180 et
1592 4141 1729 4179 con-

151 4226 456 4282 sentientis
478 4225 653 4278 oratio
709 4231 816 4287 est,
843 4222 989 4290 quali
1036 4221 1283 4275 etiamin
1344 4218 1538 4273 Judam
1595 4233 1729 4272 usus

149 4329 269 4373 est.
309 4317 572 4371 Assidens
598 4316 739 4369 enim
774 4312 1057 4381 discipulis
1091 4313 1381 4365 Christus:
1413 4307 1602 4362 tUnus
1633 4324 1727 4362 ve-

147 4418 365 4468 strum,
397 4406 592 4474 inquit,
630 4419 714 4457 me
740 4402 1041 4456 traditurus
1101 4410 1202 4455 est.
1237 4420 1254 4451 ι
1294 4398 1522 4468 Rogavit
1575 4400 1641 4453 de
1671 4414 1729 4454 se

146 4497 422 4567 quisque,
453 4493 657 4561 Ecquid
691 4507 792 4559 ego
848 4492 1013 4546 sunt?
1044 4490 1105 4544 Et
1138 4491 1276 4543 alius
1306 4508 1320 4544 :
1370 4490 1578 4558 Ecquid
1626 4504 1727 4559 ego

1822 3580 2051 3649 Rogavit
2086 3581 2293 3635 Pilatus
2321 3599 2334 3634 ;
2367 3600 2385 3631 ι
2416 3581 2534 3635 Non
2559 3596 2618 3635 es
2651 3581 2811 3651 igitur
2842 3582 2978 3635 rex?
3015 3602 3033 3632 ι
3092 3581 3391 3651 liespnndit

1816 3671 2109 3739 Christus:
2146 3672 2342 3736 «Dicis,
2366 3686 2545 3739 regem
2571 3654 2655 3725 m‘e
2685 3686 2828 3727 esse.
2856 3672 2933 3724 Ad
2966 3673 3068 3726 hoc
3096 3688 3195 3737 ego
3226 3685 3387 3730 natus

1826 3778 1946 3817 sum
1978 3774 2029 3816 et
2055 3764 2123 3816 ad
2153 3764 2257 3817 hoc
2293 3766 2345 3817 in
2378 3774 2578 3819 terram
2640 3766 2782 3831 veni,
2821 3774 2879 3817 ut
2923 3766 3173 3819 veritatis
3232 3768 3386 3821 testis

1823 3868 2024 3908 eSsem.
2051 3852 2308 3922 Quisquis
2324 3870 2387 3908 ex
2408 3856 2633 3909 veritate
2655 3865 2756 3917 est,
2776 3857 2925 3910 audit
2949 3872 3136 3911 vocem
3155 3873 3348 3911 meum.
3365 3877 3384 3910 ι

1826 3945 1967 4000 Dicit
1992 3946 2042 4000 ei
2075 3945 2280 4005 Pilatus
2318 3965 2331 4000 :
2369 3966 2388 3997 ι
2420 3946 2559 4011 Quid
2594 3957 2680 4002 est
2712 3949 2952 4003 veritas?
2992 3968 3010 4000 ι
3042 3950 3204 4004 Vides
3233 3964 3392 4018 aper-

1825 4038 1935 4090 tius
1969 4038 2056 4091 hic
2091 4054 2201 4091 rem
2234 4039 2445 4092 ostendi
2486 4057 2501 4092 :
2539 4040 2769 4092 omnino
2805 4055 2984 4109 regem
3015 4056 3073 4093 se
3102 4056 3222 4095 esse
3246 4041 3388 4094 aliir-

1826 4130 1990 4183 mavit
2017 4132 2331 4183 etostendit
2370 4130 2643 4184 Christus.
2689 4133 3062 4198 Interrogatus
3100 4148 3127 4186 ιι
3180 4134 3378 4192 Pilato.

1829 4234 2026 4273 rursus
2072 4220 2119 4270 ei
2150 4221 2430 4287 respondit
2468 4235 2576 4273 non
2616 4222 2717 4273 hoc
2748 4222 2907 4276 modo
2942 4238 2955 4275 :
2996 4222 3072 4275 ita
3106 4233 3209 4285 est,
3262 4222 3375 4275 Rex

1824 4326 1969 4375 sum,
2004 4311 2133 4366 sed:
2169 4331 2187 4361 ι
2216 4311 2381 4377 Dicis,
2406 4327 2489 4365 me
2518 4326 2695 4381 regem
2719 4327 2859 4367 esse.
2904 4332 2921 4364 ι
2955 4313 3091 4378 Quid
3112 4329 3277 4381 porro
3299 4315 3384 4367 Pi-

1825 4403 1989 4464 latus,
2016 4415 2139 4453 cum
2172 4400 2426 4456 Christus
2444 4402 2696 4469 dixisset,
2724 4404 2789 4455 ad
2824 4404 2925 4457 hoc
2960 4420 3018 4457 sc
3048 4416 3232 4457 natum
3261 4421 3385 4459 esse

1827 4502 1881 4546 et
1909 4492 1973 4546 ad
2006 4493 2107 4547 hoc
2131 4495 2341 4548 venisse
2368 4497 2420 4548 in
2451 4496 2740 4560 mundum,
2768 4506 2825 4550 nt
2849 4498 3092 4553 veritatis
3124 4500 3278 4553 testis
3299 4514 3388 4552 es-

145 4607 286 4647 smn
310 4590 334 4642 ‘l
360 4590 428 4643 Et
457 4589 665 4657 regavit
687 4585 859 4641 Iudas
894 4605 906 4639 :
937 4606 955 4637 ‹
988 4585 1192 4657 Ecquid
1218 4599 1318 4654 ego
1338 4599 1460 4639 sum
1486 4602 1504 4634 ι
1530 4585 1552 4637 ?
1584 4582 1720 4636 Tum
1750 4599 1802 4658 ι)
1828 4593 1930 4652 set,
1952 4586 2163 4654 rogavit
2188 4602 2312 4640 eum
2343 4605 2357 4641 :
2392 4587 2559 4653 «Quid
2585 4598 2669 4642 est
2691 4590 2958 4645 veritas?»
2986 4592 3087 4645 hoc
3115 4603 3220 4652 est,
3247 4592 3301 4644 Si
3332 4592 3383 4645 in

141 4683 458 4737 Christus:
483 4698 501 4731 ι
520 4680 731 4745 Dixisti,
765 4698 781 4730 ι
808 4679 1020 4746 inquit:
1048 4692 1154 4743 quo
1179 4686 1329 4731 certe
1360 4677 1582 4746 quidem
1605 4677 1727 4730 loco
1830 4679 2035 4732 mundo
2060 4678 2261 4732 veritas
2286 4690 2452 4742 esset,
2486 4695 2594 4734 non
2630 4680 2928 4735 tradereris
2966 4683 3145 4735 morti.
3174 4682 3384 4737 Etenim

140 4789 270 4828 non
297 4772 624 4836 recusantis,
643 4772 734 4824 sed
759 4769 1081 4823 aliinnant-is
1101 4784 1284 4823 sermo
1310 4767 1429 4824 fuit.
1465 4768 1724 4822 Similiter
1833 4770 1984 4836 quasi
2011 4771 2216 4838 lugeret
2236 4771 2479 4825 veritatis
2500 4773 2825 4836 absentiam,
2856 4773 2985 4841 quid
3007 4773 3213 4827 veritas
3240 4787 3386 4829 esset

131 4868 332 4937 igitur
372 4863 639 4918 iuPiiato.
666 4861 934 4920 Nimirum
960 4872 1080 4917 erat
1105 4862 1163 4916 id.
1213 4861 1429 4915 dicendi
1470 4861 1721 4930 genusin
1832 4862 2061 4927 rogavit.
2096 4860 2165 4912 At
2200 4861 2340 4913 enim
2364 4862 2529 4915 etiam
2567 4862 2867 4931 apontitice
2892 4864 3130 4917 maximo
3162 4875 3383 4931 rogatus

138 4958 249 5012 illa
277 4956 502 5026 regione
535 4955 894 5016 usitatum,et
918 4967 1051 5006 usus
1112 4953 1314 5007 estilio
1373 4951 1627 5007 Christus
1664 4963 1723 5006 ut
1830 4949 2079 5002 Christus
2116 4950 2167 5002 in
2203 4951 2349 5015 hunc,
2378 4956 2597 5006 modum
2627 4971 2641 5007 :
2678 4972 2697 5005 ι
2733 4952 2990 5008 Obtestor
3009 4963 3058 5008 te
3084 4969 3178 5021 per
3216 4955 3381 5009 Deum

133 5053 280 5120 ejus
306 5048 547 5116 regionis
573 5047 817 5116 proprio.
867 5044 1335 5110 Quemadmodum
1358 5045 1504 5097 enim
1552 5046 1718 5099 etiam

131 5144 210 5197 in
238 5139 601 5193 Musulmanis
619 5152 761 5205 sape
793 5137 871 5197 lit.
908 5146 988 5195 nt.
1010 5153 1134 5191 cum
1168 5140 1294 5206 quis
1350 5152 1471 5190 cum
1517 5140 1716 5192 cohor-

132 5243 201 5286 ta
222 5231 376 5283 tione
400 5229 552 5294 dicit,
576 5238 634 5283 ut
668 5228 870 5283 faciant
902 5230 1201 5297 quippiam,
1228 5230 1364 5282 alter
1389 5244 1495 5285 non
1524 5268 1541 5294 ,
1597 5230 1721 5287 Fiat

129 5318 331 5382 istud,
357 5319 451 5373 sed
486 5336 504 5370 ι
542 5317 807 5387 Reperisti
848 5337 865 5369 ι
904 5320 1263 5387 respondeat:
1296 5322 1368 5373 ita
1402 5324 1454 5374 in
1484 5322 1714 5375 Christo

128 5425 375 5481 quoque
398 5423 484 5463 res
518 5408 705 5463 habet.
734 5409 943 5479 Quippe
1003 5410 1237 5466 dictione
1276 5412 1421 5466 illius
1480 5414 1719 5481 regionis

128 5503 381 5575 propria
416 5502 683 5568 utebatur,
705 5518 827 5557 cum
870 5504 1227 5571 responderet
1264 5523 1283 5555 ι
1318 5506 1527 5560 Dixisti.
1564 5524 1582 5557 ι
1608 5506 1717 5560 [ἰο-

118 5589 307 5661 νεανὲι
339 5588 478 5641 idem
510 5587 1041 5645 Pilatustristum:
1075 5611 1093 5642 ι
1115 5590 1254 5646 Num
1283 5608 1377 5647 rex
1405 5593 1715 5650 Judaeorum

1833 5040 2034 5108 vivum,
2065 5050 2123 5094 ut
2145 5042 2293 5096 dicas
2330 5044 2510 5106 nobis,
2542 5059 2671 5097 num
2704 5044 2879 5099 Filius
2920 5044 3012 5099 Dei
3043 5046 3142 5109 sis,
3173 5065 3191 5097 ι
3249 5046 3382 5099 nihil

1828 5132 1999 5195 ιιιιιιιΙ,
2022 5133 2126 5187 nisi
2167 5152 2184 5183 ι
2214 5134 2344 5187 Sum
2378 5152 2399 5185 ι
2438 5135 2740 5202 respondit.

1898 5221 2120 5276 Nostine
2140 5222 2253 5290 jam
2279 5224 2552 5291 quomodo
2583 5223 2651 5279 de
2705 5226 2792 5289 iis,
2816 5242 2937 5294 (ποτε
2982 5230 3234 5295 ignorant
3266 5227 3384 5280 Mu-

1828 5316 2081 5379 sulmani,
2122 5326 2377 5369 accusent
2406 5318 2654 5371 homines
2709 5319 2870 5372 laude
2929 5320 3168 5389 dignos?
3217 5322 3379 5384 Ecce,

1825 5406 1873 5459 si
1906 5406 2105 5474 qumris
2130 5407 2431 5467 veritatem.
2453 5424 2720 5478 cognosce
2748 5425 2889 5465 eam.
2922 5411 2979 5464 Si
3006 5414 3203 5477 minus,
3232 5414 3377 5466 nosti

1825 5507 1989 5561 certe,
2022 5514 2127 5551 non
2154 5500 2435 5553 veritatem
2455 5514 2676 5554 causam
2694 5517 2835 5567 esse,
2875 5504 3059 5572 siquis
3074 5518 3192 5557 eam
3224 5504 3380 5573 igno-

1826 5601 1925 5654 ret,
1963 5592 2055 5643 sed
2088 5606 2201 5657 eos,
2226 5592 2317 5665 qui
2362 5608 2487 5645 eam
2517 5592 2748 5664 fugiunt.

1894 5684 1947 5737 4.
1971 5682 2103 5736 Cum
2135 5683 2200 5737 de
2228 5683 2474 5753 reliquis,
2507 5688 2577 5742 ob
2632 5702 2753 5756 qua:
2776 5703 2806 5742 a
2831 5688 2985 5743 vobis
3025 5688 3378 5743 Musulmanis

1823 5778 2189 5845 vitnperamur
2239 5780 2555 5845 Christiani,
2609 5781 2745 5839 satis
2782 5783 3215 5838 demonstratum
3280 5783 3376 5847 sit,

1825 5886 1943 5927 esse
1978 5885 2079 5925 nos
2109 5871 2253 5927 omni
2286 5873 2633 5927 accusatione
2660 5875 2991 5944 superiores,
3021 5889 3137 5945 age,
3172 5876 3377 5928 cxami.

111 5680 260 5735 es?
300 5697 320 5731 ι
350 5681 636 5747 respondit
685 5682 939 5738 Christus
977 5700 991 5736 :
1027 5701 1046 5734 ι
1086 5682 1331 5753 Regnum
1380 5701 1558 5739 meum
1607 5703 1712 5741 non

106 5779 243 5827 ,εει
274 5769 438 5839 hujus
463 5773 671 5827 mundi.
700 5772 757 5827 Si
805 5774 967 5844 hujus
1024 5774 1211 5828 mundi
1272 5791 1492 5844 regnum
1538 5792 1714 5831 meum

124 5872 326 5929 esset,
354 5878 571 5933 operam
604 5866 883 5922 dedissent
905 5868 1040 5922 socii
1094 5867 1224 5934 mei,
1257 5883 1321 5921 ne
1343 5867 1548 5923 Judmis
1604 5878 1714 5924 tra-
