4112 6450
202 449 290 514 921
1217 459 1666 521 ΟΗΒΟΝΙΟΟΝ·
1690 460 1740 517 Μ

1857 461 1955 522 US.
2003 486 2069 498 --
2115 461 2258 525 LIB.
2311 463 2406 520 Ν.

3307 466 3410 530 922

192 571 281 618 καὶ
312 571 653 639 γατανοξσας
691 571 773 622 ὅτι
808 574 836 624 ὁ
869 573 967 641 μὲν
1005 574 1234 643 οὐρανὸς
1468 577 1573 648 οὐχ·
1594 579 1751 631 ἵστα·
1780 586 1823 638 Α
1857 581 1959 630 Καὶ
2000 579 2290 632 πεσὼνέπὶ
2322 581 2421 645 τῆς
2475 580 2580 649 γῆς
2625 580 2881 650 Ἀϐραὰμ
2919 583 3298 653 προσεκύνησε
3337 586 3415 655 τῷ

195 681 278 715 ται
305 664 454 717 ἀλλὰ·
476 667 696 732 κιίνησιν
729 668 841 738 ἔχει
868 669 1116 737 διηνεκῆ,
1149 670 1262 740 ἔχει
1312 672 1368 723 δὲ
1419 676 1511 724 καὶ
1556 675 1751 741 χρείαν

195 756 419 824 ἡλιακοῦ
449 759 626 822 φωτὸς
664 760 992 826 φωτίζοντος
1018 762 1182 813 αὐτόν
1224 780 1283 814 τε
1341 764 1582 833 θεωρίας
1627 765 1747 816 ἓνε-

194 866 285 901 κεν
308 851 398 901 καὶ
428 850 520 903 τὸν
546 851 639 903 ὑπ’
666 852 828 904 αὐτὸν
875 854 1034 923 ἀέρα,
1089 857 1116 906 ὁ
1168 854 1224 906 δὲ
1264 855 1418 921 ἥλιος
1454 856 1587 908 ποτὲ
1649 855 1749 924 μὲν

195 943 336 1011 ὑπὲρ
363 943 466 1012 γῆν
495 943 890 1012 εὑρισκόμενος
911 946 1044 998 ποτὲ
1071 946 1116 999 δ’
1140 944 1206 1000 αὖ
1253 949 1358 1000 ὑπὸ
1383 949 1488 1015 γῆν
1506 948 1750 1016 κρυπτό-

198 1051 378 1101 μενος,
419 1036 516 1087 καὶ
547 1036 627 1088 ὅτι
662 1036 738 1106 μὴ
783 1039 964 1090 οὐσῶν
993 1039 1233 1107 νεφελῶν
1264 1042 1471 1109 φαίνει,
1499 1041 1752 1109 εὑρισκο-

196 1123 372 1187 μένων
404 1123 450 1174 δ’
474 1119 632 1185 αὖθις
684 1127 1017 1191 σκοτίξεται,
1073 1130 1168 1181 καὶ
1206 1131 1240 1199 ὴ
1307 1131 1507 1201 σελήνη
1549 1130 1643 1182 καὶ
1700 1129 1750 1182 oi

191 1213 419 1282 ἀστέρες
457 1214 532 1283 μὴ
571 1216 725 1279 ὄντος
769 1219 917 1287 ἡλίου
953 1221 1262 1288 φαίνουσιν,
1311 1221 1462 1283 ὄντος
1492 1223 1549 1275 δὲ
1580 1223 1748 1275 αὑτοῦ

194 1304 536 1365 σκοτίζονται
563 1306 656 1358 καὶ
692 1309 1017 1376 ἀφανίζεται
1068 1312 1128 1363 τὸ
1153 1313 1380 1365 ἐκείνων
1433 1313 1547 1380 φῶς
1575 1313 1668 1364 καὶ
1716 1314 1748 1380 ἡ

195 1393 420 1463 θεωρία.
451 1404 544 1448 καὶ
571 1400 603 1467 ἡ
629 1398 876 1452 θάλασσα
922 1401 1302 1471 ἐμπαιζομένη
1339 1405 1442 1454 ὑπὸ
1472 1405 1581 1455 τῶν
1626 1403 1751 1455 ἀνέ-

198 1505 339 1554 μων,
367 1490 399 1556 ἡ
432 1485 504 1558 γῆ
539 1487 596 1540 δέ
621 1489 903 1559 χρῄζουσα
929 1492 1120 1556 ὓδατος
1149 1496 1228 1556 είς
1255 1494 1354 1564 τὴν
1389 1494 1497 1544 τῶν
1523 1480 1750 1560 καρπῶν

197 1580 434 1643 γένεσιν,
464 1585 714 1646 κατέγνω
739 1582 847 1634 τῶν
874 1585 1095 1636 πάντων
1120 1585 1196 1648 ὡς
1245 1586 1420 1638 αὐτῶν
1459 1587 1583 1639 καθ’
1610 1587 1750 1638 αὑτά

192 1671 360 1722 ὅντων
382 1672 658 1725 ἀδυνάτων
680 1675 775 1726 καὶ
807 1676 1025 1744 χρείαν“
1053 1677 1289 1745 ἐχόντων
1333 1677 1470 1746 πρὸς
1520 1678 1750 1747 ἄλληλα,

193 1765 287 1814 καὶ
316 1764 417 1815 οὑκ
445 1765 704 1835 ἐλογίσθη
744 1761 886 1819 εἶναι
913 1767 1022 1820 ἀπὸ
1047 1767 1256 1820 τούτων
1294 1769 1430 1821 Θεὸν
1471 1770 1626 1821 οὐδέν
1658 1785 1672 1797 ·
1723 1773 1750 1822 ὁ

191 1857 323 1918 Θεὸς
355 1859 463 1926 γάρ
490 1876 635 1920 τινος
678 1860 870 1928 χρείαν
901 1861 1002 1914 οὐκ
1043 1861 1175 1930 ἔχει.
1243 1863 1411 1936 Πάλιν
1454 1863 1511 1915 δέ
1548 1864 1752 1931 σκεψά-

197 1967 357 2017 μενος
386 1954 598 2020 μήποτε
633 1953 689 2004 ἐν
716 1954 948 2006 ἕκαστον
972 1956 1079 2007 ἀπὸ
1110 1953 1315 2007 τούτων
1346 1955 1619 2017 ἀδυνάτως
1639 1956 1750 2026 ἔχει

191 2042 336 2094 ῶστε
363 2039 504 2098 εἶναι
548 2047 869 2114 μονομερῶς
908 2047 1062 2112 Θεὸν,
1089 2046 1228 2098 ἀλλά
1262 2047 1434 2099 πάντα
1465 2048 1620 2115 ἐμοῦ,
1659 2048 1753 2098 καὶ

194 2133 318 2186 ίδὼν
350 2135 431 2188 ὅτι
453 2136 529 2203 τῷ
563 2138 663 2205 μὲν
699 2136 850 2206 ξηρῷ
882 2139 1189 2193 ἀντίκειται
1220 2140 1282 2192 τὸ
1340 2141 1532 2211 ὑγρὸν,
1561 2141 1639 2209 τῷ
1694 2141 1752 2193 δὲ

189 2227 389 2297 ψυχρῷ
422 2229 484 2280 τὸ
531 2229 731 2297 θερμὸν
771 2233 865 2282 καὶ
902 2231 977 2294 ὡς
1010 2231 1072 2282 τὸ
1103 2231 1248 2301 ὓδωρ
1281 2233 1397 2284 ἐστὶ
1429 2232 1753 2300 φθοροποιὸν

190 2319 288 2371 τοῦ
322 2321 513 2388 πυρὸς,
575 2319 793 2388 ἔκρινεν
842 2325 901 2374 ἐν
955 2323 1135 2391 ἑαυτῷ
1175 2323 1269 2375 καὶ
1306 2319 1461 2374 εἶπεν
1500 2325 1581 2375 ὃτι
1621 2322 1751 2385 Θεὸς

191 2413 503 2476 στασιάζων
563 2414 698 2482 πρὸς
748 2414 942 2466 ἑαυτὸν
985 2420 1076 2467 καὶ
1134 2416 1448 2484 μαχόμενος
1492 2416 1592 2466 οὐκ
1636 2416 1752 2467 ἔστι

189 2504 347 2567 Θεός.
375 2505 686 2557 Κάκιτεῦθεν
713 2506 1051 2574 θεασάμενος
1081 2507 1179 2576 τὴν
1224 2506 1325 2574 τῆς
1386 2505 1615 2568 κτίσεως
1664 2507 1753 2558 εὑ-

187 2596 385 2661 ταξίαν
405 2597 496 2648 καὶ
527 2597 880 2661 κατάστασιν,
910 2598 1183 2668 διαπορῶν
1211 2594 1279 2666 ἦν
1309 2597 1430 2650 καθ’
1456 2598 1648 2650 ἑαυτὸν
1677 2601 1752 2662 ὡς

187 2685 313 2736 ἔστι
339 2701 422 2746 τις
446 2685 678 2754 δύναμις
707 2689 738 2755 ή
769 2687 1067 2755 συνέχουσα
1084 2687 1177 2740 καὶ
1202 2688 1526 2758 κυδερνῶσα
1543 2689 1602 2741 τὸ
1622 2690 1748 2741 πᾶν.

190 2779 305 2830 Καὶ
358 2778 480 2830 ἐπεὶ
520 2779 727 2840 πάντες
774 2780 822 2832 οί
871 2781 1156 2850 ἄνθρωποι
1208 2779 1566 2849 ὁμολογοῦσιν
1611 2775 1753 2831 εἶναι

187 2870 348 2934 Θεὸν,
405 2870 633 2932 ἕκαστος
676 2870 734 2924 δὲ
794 2872 1050 2940 ὁμολογεῖ
1104 2873 1287 2925 ὅντινα
1354 2872 1605 2942 βούλεται
1661 2873 1751 2923 καὶ

189 2961 565 3028 προαιρεῖται,
627 2959 806 3013 ἔοικεν
872 2963 953 3014 ὅτι
1023 2963 1223 3025 πάντες
1295 2963 1604 3015 πλανῶνται
1657 2963 1752 3014 καὶ

185 3051 502 3112 ιζεύδονται.
543 3051 807 3104 Λείπεται
835 3052 967 3120 γοῦν
999 3053 1080 3105 δτι
1103 3054 1201 3106 οὐκ
1228 3054 1377 3105 ἐστιν
1408 3055 1593 3124 ἕτερος
1618 3055 1751 3116 Θεὸς

186 3141 402 3210 ἀληθὴς
452 3140 542 3210 ἢὸ
591 3143 829 3212 ποιήσας
887 3147 956 3195 τὰ
1007 3145 1206 3207 πάντα,
1244 3145 1388 3214 ἅπερ
1429 3146 1536 3198 εἰσὶ
1590 3144 1749 3196 δοῦλα

1781 1909 1829 1966 Β

1857 674 2003 742 μόνῳ
2036 675 2130 724 καὶ
2175 671 2370 738 ἀληθεῖ
2396 672 2538 740 Θεῷ.
2606 670 2667 727 Ὅ
2712 675 2769 725 δὲ
2809 675 3125 741 πανάγαθος
3170 676 3327 740 Θεὸς,
3384 679 3416 730 ὀ

1852 764 1939 817 διά
1969 763 2062 816 τοῦ
2092 765 2370 835 προφήτου
2406 764 2626 818 Ἡσαῖου
2652 768 2820 819 εἰπὼν
2847 765 2927 820 ὅτι
2966 768 3087 820 Ἔτι
3119 768 3410 830 λαλοῦντός

1856 856 1953 906 σο“υ
2015 858 2124 921 ἐγὼ
2175 855 2431 926 πάρειμι,
2496 857 2655 919 αὐτὸς
2698 857 2978 929 παρευθὺς
3041 858 3263 924 ἐδέξατο
3314 862 3412 930 τὴν

1851 948 1949 1000 τοῦ
1993 948 2249 1018 Ἀϐραὰμ
2282 950 2656 1017 προσκύνησίν
2698 967 2758 1002 τε
2789 954 2884 1004 καὶ
2950 953 3156 1004 πίστιν.
3211 951 3416 1018 Ἐλογί-

1855 1039 1953 1111 σθη
1993 1041 2177 1094 τοίνυν
2231 1042 2380 1112 αὐτῷ
2431 1040 2632 1112 αὖτηή
2680 1043 2867 1104 πίστις
2923 1045 3003 1105 είς
3061 1043 3417 1110 δικαιοσύνην

1853 1135 1976 1186 ἀντὶ
2002 1135 2193 1186 πασῶν
2232 1135 2343 1186 τῶν
2368 1135 2601 1203 ἀρετῶν,
2651 1135 2747 1186 καὶ
2809 1125 2959 1201 φίλος
3001 1136 3134 1189 Θεοῦ
3175 1137 3414 1202 ἐγένετο.

1862 1224 2053 1290 Ἡμεῖς
2072 1223 2178 1290 γάρ
2203 1225 2401 1286 πάντες
2434 1223 2712 1294 χρῄζομεν
2748 1223 2851 1293 τῆς
2895 1225 3005 1276 ἀπὸ
3038 1227 3144 1277 τῶν
3182 1227 3418 1295 Γραφῶν

1855 1315 2104 1385 βοηθείας
2157 1317 2244 1368 διὰ
2288 1318 2389 1386 τὴν
2432 1319 2719 1371 ἀσθένειαν
2767 1317 2959 1388 ἡμῶν
3010 1318 3038 1371 ὁ
3092 1310 3147 1371 δὲ
3204 1321 3418 1381 δίκαιος

1853 1407 1976 1458 Νῶε
2035 1407 2130 1458 καὶ
2165 1406 2424 1478 Ἀϐραὰμ
2482 1409 2577 1460 καὶ
2607 1409 2655 1460 οί
2706 1410 2826 1462 κατ’
2876 1407 3119 1472 ἐκείνους
3169 1411 3418 1479 καθαρὰν

1854 1497 2070 1565 ἔχοντες
2095 1497 2194 1565 τὴν
2229 1499 2461 1565 καρδίαν
2503 1500 2564 1553 οὺ
2613 1499 2831 1553 δέονται
2872 1504 3246 1570 γραμμάτων,
3301 1501 3418 1552 ἀλλ’

1852 1593 1909 1642 ἐν
1930 1593 2053 1652 ταῖς
2080 1591 2340 1657 καρδίαις
2376 1592 2556 1644 αὐτῶν
2593 1593 2902 1661 γράφονται
2956 1595 3052 1644 καὶ
3120 1593 3418 1646 ὲντυποῦνο

1853 1696 1961 1731 ται.
1988 1679 2120 1730 Τότε
2169 1680 2300 1745 γοῦν
2327 1678 2476 1731 εἶπεν
2502 1681 2648 1749 αὐτῷ
2677 1681 2704 1732 ὁ
2737 1681 2868 1743 Θεὸς
2901 1683 2997 1734 καὶ
3047 1683 3141 1740 τὰς
3180 1683 3419 1749 ἐπαγγε-

1852 1768 1995 1832 λίας,
2025 1769 2196 1822 εἰπὼν
2226 1771 2341 1823 ὅτι⁶
2383 1789 2402 1821 ι
2440 1771 2531 1824 Ἐν
2555 1772 2634 1840 τῷ
2665 1774 2945 1840 σπέρματί
3003 1790 3097 1825 σου
3129 1773 3419 1840 ἐνευλογη-

1857 1862 2111 1928 θήσονται
2145 1865 2320 1916 πάντα
2345 1865 2410 1915 τά
2441 1864 2587 1931 ἔθνη.
2631 1883 2648 1915 ι
2687 1864 2820 1916 Τότε
2862 1865 3066 1928 ἔδειξεν
3101 1869 3127 1918 ὀ
3159 1868 3292 1928 Θεὸς
3339 1865 3419 1933 τῷ

1869 1955 2120 2022 Ἀϐραὰμ
2146 1958 2327 2007 πᾶσαν
2351 1956 2450 2024 τὴν
2491 1956 2618 2023 γῆν,
2675 1958 2771 2008 καὶ
2827 1952 2985 2009 εἶπεν
3029 1957 3212 2027 αὐτῷ·
3253 1977 3270 2008 ι
3327 1957 3418 2008 Σοὶ

1853 2047 1950 2098 καὶ
1978 2050 2054 2115 τῷ
2088 2049 2369 2116 σπέρματί
2434 2065 2528 2099 σου
2580 2048 2737 2100 δώσω
2795 2051 2990 2118 αὐτὴν.
3022 2067 3040 2099 ι
3107 2049 3420 2101 Κάντεῦθεν

1853 2138 2033 2191 λαϐὼν
2068 2141 2390 2209 παρρησίαν
2421 2143 2447 2192 ό
2482 2140 2740 2210 Ἀϐραὰμ
2782 2141 3126 2212 παρεκάλεσε
3160 2143 3249 2193 τὸν
3285 2141 3419 2192 Θεὸν

1856 2232 1987 2299 περὶ
2034 2231 2142 2282 τῶν
2199 2234 2472 2300 Σοδόμων,
2507 2233 2688 2293 καθὼς
2751 2233 3062 2301 ἔμπροσθεν
3116 2232 3420 2299 φθάσαντες

1854 2323 2105 2390 εἴπομεν.
2141 2323 2294 2374 Ἐπεὶ
2322 2324 2378 2375 δὲ
2410 2324 2676 2392 κρίμασιν
2711 2319 2788 2378 οἷς
2820 2323 2928 2376 τ-ῐδε
2987 2324 3117 2379 Θεὸς
3148 2326 3251 2393 (τίς
3306 2327 3416 2392 γὰρ

1855 2413 1996 2479 ἔγνω
2024 2413 2149 2465 νοῦν
2183 2413 2443 2482 Κυρίου;)
2495 2415 2576 2464 ὅτι
2616 2415 2732 2481 μετ’
2789 2415 2968 2481 ὀλίγον
3038 2416 3416 2483 ἀποσταλῆναι

1858 2504 2144 2573 μέλλουσιν
2167 2506 2214 2556 οἱ
2238 2505 2599 2573 τοῦἋσραάμ
2624 2507 2879 2572 ἀπόγονοι
2901 2507 2979 2568 είς
3007 2506 3105 2573 τὴν
3120 2507 3417 2571 Αἴγυπτον,

1852 2595 1928 2658 ὡς
1971 2597 2039 2648 ἂν
2087 2598 2267 2648 ἐκεῖσε
2336 2596 2698 2648 διαδιδάσωσι
2751 2597 2976 2665 χρόνους
3024 2597 3421 2666 τετρακοσίους

1855 2687 1947 2737 καὶ
1996 2687 2294 2755 τριάκοντα
2328 2687 2421 2737 καὶ
2478 2687 2585 2755 γὰρ
2631 2685 2805 2749 οὕτως
2844 2687 3066 2756 εἴρηκεν
3114 2690 3140 2740 ὁ
3172 2688 3304 2749 Θεὸς
3341 2688 3419 2756 τῷ

1866 2775 2141 2845 Ἀϐραὰμ,
2171 2779 2253 2829 ὅτι
2284 2773 2476 2830 Ἔσται
2507 2777 2569 2829 τὸ
2595 2779 2817 2846 σπέρμα
2852 2795 2942 2830 σου
2974 2779 3236 2846 πάροικος
3272 2780 3329 2830 έν
3347 2784 3418 2849 γῇ

1855 2865 2147 2935 ἀλλοτρίᾳ·
2178 2867 2240 2917 τὸ
2265 2865 2322 2918 δὲ
2354 2867 2504 2928 ἔθνος
2535 2867 2561 2918 ὃ
2592 2867 2688 2919 ἐὰν
2715 2867 2963 2938 δουλὼσῃ
2997 2862 3214 2930 αὐτοῦς,
3250 2870 3420 2938 κρινῶ

1856 2956 1968 3024 ἐγώ
2001 2973 2013 2986 ·
2052 2957 2081 3008 ὃ
2110 2959 2208 3009 καὶ
2245 2960 2470 3025 γέγονεν
2503 2961 2595 3011 ἐπὶ
2625 2960 2717 3011 τοῦ
2777 2961 2996 3028 Φαραώ.
3029 2963 3126 3013 καὶ
3173 2961 3264 3012 διὰ
3323 2961 3421 3028 τὴν

1857 3049 2215 3118 πολυχρόνιον
2267 3048 2432 3118 338
2472 3051 2762 3120 διατριϐὴν
2809 3050 2918 3102 τῶν
2965 3051 3230 3120 Ἐϐραίων
3283 3051 3422 3118 μετά

1855 3143 1964 3192 τῶν
1984 3141 2371 3208 Φαραωνιτῶν,
2409 3142 2483 3210 μή
2546 3157 2676 3192 ποτε
2733 3141 3026 3202 ἑ·.ιωθὲντες
3081 3142 3299 3211 μάθωσι
3353 3143 3422 3195 τὰ

187 3234 432 3296 ἐκείνου,
485 3236 577 3286 καὶ
610 3237 733 3300 ἄγει
765 3238 860 3286 καὶ
891 3235 1046 3304 φέρει
1079 3236 1172 3287 καὶ
1194 3237 1449 3290 εὐτακτεῐ
1499 3237 1572 3298 ὡς
1628 3236 1747 3304 βού-
1781 3237 1821 3288 C
1856 3230 2060 3283 τούτων
2085 3230 2260 3299 ιθιμα
2308 3233 2401 3283 καὶ
2458 3236 2557 3303 τὴν
2613 3234 3080 3301 εἰδωλολατρεέαν,
3140 3235 3342 3304 ἐτάχθη
3387 3237 3421 3304 ἠ

189 3328 369 3379 λεται.
592 3327 793 3379 Τοῦτον
832 3327 964 3394 γοῦν
1007 3327 1096 3380 τὸν
1126 3328 1262 3380 Θεὸν
1295 3326 1404 3395 ἐγὼ
1441 3329 1749 3397 προσκυνῶ.

185 3508 304 3560 veri
334 3517 387 3562 et
419 3506 623 3560 lumine
652 3506 786 3561 solis
813 3521 992 3574 egere,
1021 3521 1128 3573 quo
1159 3506 1335 3575 ipsum
1366 3505 1754 3580 illustreturct

189 3598 424 3652 inferior
473 3612 584 3660 acr,
605 3597 773 3652 solem
802 3609 981 3651 autem
1003 3613 1144 3652 nunc.
1168 3614 1327 3666 supra
1370 3606 1570 3650 terram
1608 3614 1752 3663 esse,

187 3706 343 3743 nunc
369 3688 508 3743 inl'ra
537 3697 735 3743 terram
759 3690 1044 3750 occultari,
1069 3697 1227 3759 atque
1248 3691 1385 3743 caelo
1404 3690 1640 3744 nubibus
1659 3695 1756 3743 ob-

185 3791 338 3834 tecto
372 3780 674 3842 obscurari,
706 3795 812 3832 non
851 3781 1065 3833 obtecto
1095 3779 1312 3842 lucere;
1357 3780 1750 3832 deindeluuam

180 3879 239 3925 ct
263 3869 476 3933 stellas,
505 3871 720 3938 quando
740 3871 819 3923 sol
859 3886 961 3924 non
996 3871 1195 3933 luceat,
1215 3871 1512 3938 splendere,
1537 3871 1756 3942 quando

182 3963 392 4026 luceat,
419 3963 628 4014 illarum
654 3961 823 4014 lucem
865 3960 1145 4014 obscurari
1169 3969 1221 4014 et
1257 3961 1560 4030 exstingui;
1595 3976 1756 4030 porro

187 4067 343 4105 mare
373 4061 652 4105 ventorum
679 4049 806 4105 ﬂatu
839 4052 1053 4120 agitari,
1095 4063 1290 4105 terram
1335 4052 1398 4105 ad
1450 4052 1753 4122 plantdrum

184 4147 589 4201 incrementum
621 4157 781 4214 egere
823 4157 985 4213 aqua;
1011 4144 1306 4212 hmcigitur
1345 4158 1467 4198 cum
1511 4144 1756 4198 animad-

184 4238 465 4301 vertisset,
502 4235 786 4301 intellexit,
826 4239 1004 4290 onmla
1037 4237 1136 4290 ista
1165 4251 1257 4305 per
1277 4251 1334 4291 se
1354 4238 1468 4291 sola
1495 4252 1616 4292 esse
1649 4246 1754 4292 non

180 4349 372 4404 posse,
410 4333 504 4389 sed
527 4341 714 4386 mutuo
743 4321 1011 4387 contineri
1036 4330 1261 4393 auxilio,
1288 4327 1750 4400 atquejudicavit,

179 4437 386 4478 eorum
414 4423 543 4476 nihil
575 4422 740 4475 Deum
765 4436 907 4476 esse.
933 4422 1074 4476 Deus
1097 4423 1242 4475 enim
1269 4422 1465 4475 nullius
1490 4423 1565 4476 rei
1591 4420 1749 4474 auxi-

1859 3325 2128 3394 περιτομὴ
2159 3323 2232 3386 ὥς
2255 3341 2307 3375 τι
2341 3327 2571 3394 σημεῖον
2598 3326 2694 3377 καὶ
2730 3324 3003 3393 σύμϐολον
3049 3324 3291 3394 διαιροῦν
3328 3327 3426 3379 καὶ

1858 3499 2031 3554 solum
2058 3509 2112 3552 et
2141 3516 2324 3554 verum
2350 3501 2541 3552 Deum.
2590 3498 2736 3554 Illico
2789 3499 2932 3554 Deus
2996 3502 3260 3570 optimus,
3326 3500 3420 3569 qui

1858 3607 1950 3658 per
2001 3591 2194 3644 Isaiam
2250 3593 2563 3660 prophetam
2618 3591 2771 3655 dicit,
2803 3592 3034 3644 «Adsum
3099 3594 3191 3646 tibi
3244 3593 3423 3646 adhuc

1858 3684 2403 3743 oranti‘.»Abrahami
2435 3685 2813 3737 adorationem
2847 3697 2902 3737 et
2957 3685 3112 3737 [idem
3183 3689 3420 3753 accepit.

1858 3774 1988 3839 Quae
2003 3775 2234 3842 ‘quidem
2268 3775 2398 3827 lides
2428 3775 2501 3826 illi
2541 3784 2665 3826 ante
2696 3790 2888 3828 omnes
2918 3776 3147 3828 virtutes
3194 3775 3422 3841 iustitia:

1856 3868 2098 3938 apposita
2125 3878 2228 3934 est,
2261 3877 2313 3920 et
2340 3868 2454 3934 ipse
2501 3867 2678 3922 factus
2723 3879 2806 3922 est
2862 3869 3071 3923 amicus
3137 3867 3255 3922 Dei.
3309 3867 3421 3922 Nos

1856 3964 1999 4015 enim
2031 3976 2222 4015 omnes
2248 3975 2530 4015 sacrarum
2576 3959 2906 4015 Litterarum
2955 3961 3163 4014 auxilio
3193 3974 3419 4028 egemus

1860 4063 2080 4125 propter
2125 4052 2495 4108 inﬁrmitatem
2556 4065 2844 4120 nostram;
2897 4055 3028 4123 justi
3083 4061 3261 4106 autem
3307 4051 3424 4107 Noe

1858 4156 1912 4200 et
1966 4145 2328 4211 Abrabatnus,
2358 4154 2411 4199 et
2440 4145 2483 4199 si
2515 4147 2619 4213 .qui
2653 4146 2741 4200 alii
2793 4155 2904 4199 tum
2951 4153 3184 4199 mentem
3232 4159 3420 4213 puram

1858 4235 2166 4300 servabant,
2237 4250 2342 4289 non
2417 4236 2651 4306 egebant
2722 4234 2944 4300 litteris,
3005 4249 3126 4302 qua:
3175 4235 3419 4302 ipsorum

1857 4329 2051 4381 animis
2091 4328 2366 4397 inscripta:
2395 4337 2448 4381 et
2501 4327 2782 4396 insculpta:
2835 4335 3011 4380 erant.
3063 4323 3200 4378 Tum
3257 4325 3424 4394 igitur

1857 4413 2000 4470 Deus
2027 4415 2193 4470 etiam
2238 4415 2506 4486 promissa
2572 4416 2644 4469 illi
2703 4415 2852 4480 fecit,
2909 4418 2978 4468 ita
3018 4417 3283 4472 locutus:
3329 4413 3416 4466 «In

181 4515 263 4567 lio
291 4522 430 4581 eget.
462 4513 672 4566 Rursus
694 4528 816 4566 cum
843 4512 1342 4579 animadwrtisset,
1387 4513 1521 4567 nihil
1563 4527 1751 4565 eorum
1785 4558 1836 4581 ﬁ
1857 4508 2062 4562 semine
2103 4517 2195 4561 tuo
2217 4506 2565 4562 benedicetur
2595 4509 2811 4562 cunctis
2836 4507 3068 4577 populis,
3104 4524 3122 4558 ι
3159 4517 3422 4559 monstra-

180 4622 290 4675 per
317 4620 374 4657 se
394 4606 568 4659 solum
597 4606 760 4658 Deum
784 4619 906 4659 esse
928 4620 1108 4674 posse,
1127 4605 1219 4658 sed
1243 4614 1437 4660 cuncta
1463 4605 1646 4670 simul,
1666 4607 1754 4658 in-

183 4699 716 4760 tellexissetautem,
740 4696 894 4750 arido
929 4696 1237 4765 oppositum
1281 4713 1405 4752 esse
1447 4699 1754 4760 humidum,

1785 4558 1838 4621 D

1864 4609 2024 4667 taque
2049 4599 2220 4652 eidem
2254 4607 2365 4655 tota
2396 4610 2538 4652 terra
2570 4615 2584 4652 :
2615 4597 2788 4662 «Tibi,
2842 4598 2938 4662 ait,
2989 4608 3044 4651 et
3083 4597 3274 4651 semini
3333 4606 3425 4648 tuo

1860 4689 2000 4743 dabo
2024 4706 2193 4745 eam.)
2240 4690 2438 4743 Deinde
2472 4691 2833 4751 Ahrahamus,
2860 4689 3164 4742 libertatem
3206 4687 3423 4741 dicendi

182 4787 392 4855 frigido
421 4785 748 4848 calidum,et
809 4801 947 4853 aqua
990 4786 1259 4855 exstingui
1311 4787 1518 4854 ignem,
1563 4789 1758 4842 statuit
1860 4791 2074 4843 nactus.
2126 4783 2291 4836 Deum
2325 4782 2391 4836 de
2423 4781 2673 4835 Sodomis
2717 4791 2966 4848 precatus
3016 4790 3120 4844 est,
3164 4779 3426 4849 quemad-

177 4880 332 4948 apnd
359 4879 599 4930 animum
625 4877 889 4945 dixitque,
924 4879 1015 4947 qui
1039 4893 1220 4932 secum
1245 4880 1506 4932 dissideat
1530 4890 1760 4949 pugnet-
1863 4878 2081 4929 modum
2109 4891 2270 4944 supra
2301 4875 2682 4944 explicuimus.
2713 4875 2847 4928 Cum
2905 4883 3088 4928 autem
3143 4888 3237 4941 pro
3278 4887 3414 4926 con-

173 4986 296 5039 que
330 4968 469 5023 Deus
499 4984 603 5023 non
632 4983 752 5024 esse
779 4968 970 5023 Deum.
1027 4968 1229 5023 Deinde
1267 4986 1447 5024 rerum
1508 4972 1755 5026 ordinem

172 5073 237 5115 et
269 5065 531 5115 rationem
561 5060 984 5128 contemplatus,
1013 5062 1088 5115 ita
1138 5076 1323 5116 secum
1385 5065 1756 5120 ratiocinaba-

182 5166 280 5207 tur
319 5151 467 5207 ειΕεῑ
490 5152 578 5231 ιίε
612 5152 814 5221 aliqua,
846 5162 950 5221 q‘ua
993 5153 1309 5208 universum
1365 5155 1679 5210 continetur
1701 5165 1754 5211 et

169 5245 541 5315 gubernatur.
583 5241 701 5295 Jam
744 5257 868 5296 cum
907 5256 1098 5298 omnes
1121 5245 1370 5299 homines
1388 5247 1753 5312 consentiant,

163 5317 359 5389 ‘Deum
382 5351 519 5402 esse,
571 5335 668 5391 sed
718 5336 934 5406 qualem
994 5336 1227 5405 quisque
1284 5338 1398 5390 vult
1422 5349 1478 5392 et
1534 5335 1754 5406 pr‘obat,

1860 4969 1996 5023 siliis
2029 4969 2143 5022 suis
2199 4967 2522 5032 intelligeret
2580 4966 2722 5020 Deus
2779 4967 2922 5035 (quis
2984 4967 3126 5018 enim
3185 4974 3421 5017 mentem

1861 5059 2072 5114 Domini
2098 5060 2479 5129 perspexit?),
2517 5060 2664 5112 brevi
2731 5060 2782 5111 in
2854 5055 3144 5128 Egyptum
3192 5058 3420 5110 missum

1861 5153 1924 5205 iri
1956 5153 2245 5206 Abrahami
2279 5163 2542 5221 posteros,
2573 5162 2630 5204 ut
2657 5152 2727 5206 ibi
2770 5167 2943 5207 annos
2994 5151 3425 5220 quadringentos

1858 5257 1912 5300 et
1949 5247 2167 5316 triginta
2209 5247 2470 5309 viverent,
2496 5246 2569 5298 ita
2603 5245 2970 5297 Abrahamum
3004 5244 3277 5296 allocutus
3302 5252 3423 5293 est:

1867 5356 1886 5391 ι
1923 5339 2130 5392 Posteri
2159 5339 2234 5391 lui
2280 5337 2520 5406 hospites
2559 5338 2799 5390 eruntin
2831 5345 2975 5388 terra
3042 5335 3241 5395 aliena,
3292 5347 3426 5400 gen-

162 5436 613 5483 consentaneum
670 5439 774 5492 est,
804 5443 996 5483 omnes
1053 5445 1234 5484 errare
1295 5441 1348 5484 et
1379 5433 1614 5486 mentiri.
1650 5434 1759 5487 lta-
1859 5438 1963 5484 tem
1989 5438 2192 5490 autem,
2223 5427 2309 5482 cui
2336 5432 2594 5490 servient,
2620 5443 2718 5496 ego
2747 5426 3026 5497 iudicabo.
3062 5444 3080 5476 ι
3120 5423 3270 5491 Quod
3308 5423 3425 5476 l'ac-

161 5538 292 5588 que
323 5521 424 5573 hoc
465 5536 632 5573 unum
666 5521 934 5590 reliquum
974 5533 1076 5585 cst,
1109 5539 1213 5576 non
1245 5540 1368 5578 esse
1421 5524 1587 5578 alium
1650 5542 1750 5579 ve-

167 5629 312 5668 rum
339 5610 528 5673 Deum,
563 5612 667 5665 nisi
697 5614 787 5680 qui
817 5622 1010 5665 cuncta
1041 5613 1185 5673 fecit.
1248 5631 1365 5683 qua:
1430 5616 1595 5681 idem,
1649 5618 1751 5671 sibi

163 5705 457 5772 subiecta,
490 5703 648 5771 regit,
678 5704 947 5771 gubernat
976 5713 1029 5758 et
1061 5706 1428 5769 administrat,
1488 5710 1753 5777 quemad-

167 5797 411 5853 modum
459 5794 560 5862 ipsi
613 5798 807 5862 placet.
891 5795 1045 5849 llunc
1099 5797 1258 5865 igitur
1292 5797 1457 5851 Deum
1503 5801 1755 5868 equidem

165 5887 382 5945 adoro.
420 5885 592 5955 Atque
623 5887 775 5941 humi
801 5890 1071 5961 projet-tus
1121 5891 1460 5945 Abrahamus
1514 5893 1754 5947 adoravit

1858 5534 1969 5576 tum
2001 5531 2084 5575 est
2114 5521 2214 5576 sub
2243 5519 2548 5574 Pharaone.
2568 5518 2642 5572 Ne
2670 5530 2849 5572 autem
2878 5528 3098 5587 propter
3128 5517 3424 5585 longinqua

1861 5632 1981 5671 cum
2025 5616 2368 5669 Pharaonitis
2393 5616 2723 5670 commercia
2778 5613 3007 5679 Hebraei,
3045 5629 3166 5666 cum
3229 5612 3422 5666 iisdem

1864 5709 2166 5772 conciliati,
2198 5724 2376 5762 mores
2406 5717 2457 5762 et
2485 5707 2923 5776 superstitionem
2951 5720 3140 5758 eorum
3176 5703 3425 5757 addisce-

1860 5811 2000 5867 rent,
2027 5802 2367 5857 circumcisio
2393 5801 2639 5856 instituta
2669 5809 2753 5853 est
2799 5809 3059 5867 tanquam
3087 5796 3306 5864 signum
3359 5805 3415 5849 et

1867 5896 2170 5966 symbolum
2214 5897 2480 5965 quoddam
2517 5894 2766 5950 Hebrazos
2822 5891 3200 5962 ali-[Egypﬁis
3242 5905 3423 5944 socero
