4112 6450
248 460 357 524 925

1255 466 1699 527 CHRONICON
1746 469 2017 535 MAJUS.
2058 499 2122 506 --
2158 473 2303 535 LIB.
2346 474 2442 539 IV.

3387 473 3491 535 926

247 582 374 647 τρὸς
400 577 562 631 αύτοῦ
621 580 804 648 Ἀγαρ
856 579 964 633 ἀπὸ
1031 582 1124 634 τοῦ
1192 580 1462 651 Ἀϐραάμ.
1518 585 1577 638 Εἰ
1618 584 1664 635 δ’
1693 585 1822 648 ῐσως
1856 600 1893 651 Α
1929 586 2025 652 ξας
2053 590 2111 639 ὲν
2138 589 2277 659 αὐτῇ
2319 589 2534 658 πληγὰς
2577 588 2825 657 μεγάλας
2878 590 3101 660 σφόδρα,
3158 592 3249 644 καὶ
3290 590 3489 660 ἔπληξε

248 670 380 722 ποτὲ
408 671 542 739 πρὸς
582 672 675 723 τὸν
718 672 971 743 ’Δϐραὰμ
1002 672 1234 741 θεωρίας
1273 675 1436 745 χάριν
1472 672 1660 745 ἦλθεν,
1701 677 1817 729 ἀλλ’

249 759 349 829 οὐχ
388 763 461 824 ὡς
498 764 613 825 υίὸς
648 767 743 816 καὶ
804 766 1028 834 σπέρμα
1093 766 1187 819 καὶ
1233 765 1571 837 κληρονόμος
1627 767 1815 822 αὐτοῦ.

249 855 458 909 Τούτου
493 857 627 924 γοῦν
662 858 836 919 οὕτως
870 860 1110 929 ἔχοντος,
1143 862 1310 913 πόθεν
1346 862 1564 930 ἔχουσιν
1592 862 1640 913 οί
1676 861 1817 914 Μουο

248 950 547 1017 σουλμάνοι
574 952 673 1020 τὴν
708 953 895 1003 πίστιν
924 955 1024 1005 οὐκ
1054 950 1194 1007 οῖδα.
1225 954 1323 1005 Διὰ
1370 954 1530 1006 τοῦτο
1561 955 1660 1005 οὐκ
1690 955 1819 1006 ἀνα-

249 1043 503 1110 φαίνεται
535 1044 644 1096 ἀπὸ
674 1060 819 1106 τινος
856 1047 1184 1115 πράγματος
1208 1047 1315 1116 πρὸ
1346 1046 1437 1099 τοῦ
1471 1046 1717 1117 Μωὰμεθ
1754 1050 1818 1099 ὲκ

246 1136 346 1188 τοῦ
382 1136 638 1206 ’Δϐραὰμ
672 1133 810 1189 εἶναι
843 1139 943 1203 τὴν
978 1140 1086 1190 τῶν
1116 1139 1561 1206 Μουσουλμάνων
1590 1140 1774 1191 πίστιν
1799 1155 1814 1169 ⁸

250 1229 369 1278 ἀλλ’
403 1230 566 1290 αὐτὸς
597 1230 746 1281 ἐστιν
769 1230 798 1280 6
832 1229 1201 1298 ἀρχηγδςτῶν
1230 1220 1815 1296 τοιούτωνδογμάτών,

248 1324 346 1374 καὶ
379 1323 460 1375 ὅτι
482 1322 590 1373 ἀπὸ
613 1321 818 1383 κοιλίας
848 1321 1015 1374 αὑτοῦ
1041 1321 1279 1385 ἐδίδαξεν
1310 1323 1408 1374 ὅσα
1440 1321 1817 1386 ὲδίδαξεν,οὒκ

248 1416 361 1467 ἀπο
390 1413 554 1468 Θεοῦ.

328 1506 449 1558 Ὀτι
487 1506 542 1559 δὲ
585 1506 838 1575 λέγουσιν
862 1507 913 1560 ei
945 1506 1363 1575 Μουσουλμάνοι
1396 1505 1469 1566 ὡς
1501 1505 1820 1573 γεγραμμές

249 1614 344 1650 νον
367 1598 681 1668 εὑρίσκεται
700 1600 760 1651 τὸ
786 1598 880 1650 τοῦ
912 1597 1214 1667 Μαχούμετ
1244 1598 1417 1665 δνομα
1448 1599 1505 1648 ὲν
1534 1598 1609 1665 τῷ
1638 1598 1819 1664 Εὐαγ-

246 1689 437 1760 γελίῳ,
469 1692 716 1755 εἰπόντος
744 1690 839 1743 τοῦ
865 1690 1100 1758 Χριστοῦ
1134 1692 1263 1761 περὶ
1295 1690 1510 1744 ἐκείνου
1536 1692 1616 1744 ὅτι
1640 1693 1817 1760 Εὐαγ-

247 1783 537 1852 γελίζομαι
567 1785 698 1852 ὑμίν
732 1786 816 1836 ὅτι
859 1787 977 1853 μετ’
1008 1786 1108 1853 ἐμὲ
1152 1785 1339 1853 μέλλει
1371 1785 1547 1837 ἐλθεῖν
1578 1785 1818 1838 ἀπόστο-

245 1873 344 1935 λος
395 1876 492 1925 καὶ
542 1877 852 1944 προφήτης,
916 1877 1086 1945 ὄνομα
1143 1875 1293 1945 αὐτῷ
1346 1877 1628 1945 Μωάμεθ·
1678 1877 1817 1930 οἶδὲ

248 1969 571 2037 Χριστιανοὶ
642 1969 1018 2037 φθονήσαντες
1095 1968 1353 2033 ἐξέϐαλον
1418 1969 1548 2021 αὐτὸ
1605 1971 1667 2023 ἐκ
1728 1970 1820 2023 τοῦ

250 2062 589 2128 Εὐαγγελίου
619 2078 632 2090 ·
667 2061 823 2132 34],
869 2062 1031 2132 δεῦρο
1077 2062 1139 2131 δὴ
1170 2063 1501 2131 σκεψώμεθα
1532 2067 1624 2116 καὶ
1686 2063 1815 2131 περὶ

247 2154 469 2216 τούτου,
507 2156 602 2207 καί
632 2173 720 2223 μοι
754 2157 901 2207 δοκεῖ
930 2157 1006 2217 ὼς
1045 2156 1104 2207 οὐ
1143 2155 1217 2224 μὴ
1254 2156 1591 2223 κρυϐησεται
1614 2158 1645 2221 ἠ
1677 2156 1817 2215 ἀλή-

248 2250 395 2302 θεια.
425 2250 691 2301 Ἀκουσον
715 2248 892 2299 τοίνυν
918 2248 1207 2315 νουνεχῶς.
1278 2249 1440 2317 Τρεῖς
1478 2249 1618 2299 είσιν
1654 2265 1818 2316 νομο-

249 2343 403 2394 θέται
432 2344 481 2394 οί
506 2344 817 2407 διδάξαντες
858 2345 1056 2412 νόμους
1093 2344 1418 2405 καθολικούς
1452 2362 1464 2375 ·
1501 2347 1528 2397 6
1554 2345 1815 2412 Μωῦεῆς,

247 2428 295 2502 ᾧ
318 2438 652 2507 ἠκολούθησε
689 2440 749 2490 τὸ
773 2440 931 2505 γένος
958 2440 1065 2490 τῶν
1095 2439 1365 2507 Ἐϐραίων
1386 2455 1401 2469 ο
1432 2440 1458 2491 6
1496 2439 1753 2506 Χριστὸς,
1775 2432 1817 2504 ᾧ

248 2530 632 2598 ἠκολούθησαν
672 2533 851 2583 πάντα
896 2531 960 2582 τὰ
1012 2530 1139 2597 ἔθνη
1183 2530 1274 2581 καὶ
1302 2529 1352 2580 οί
1402 2528 1482 2590 εἰς
1536 2529 1698 2580 αὐτὸν
1729 2546 1819 2579 πι-

255 2621 591 2683 στεύσαντες
628 2622 688 2673 τί.
715 2622 901 2674 πλεῖον
933 2622 996 2689 μέ
1009 2639 1099 2689 ρος
1124 2621 1233 2672 τῶν
1264 2618 1554 2689 Ἐϐραίων,
1575 2619 1694 2670 ἐπεὶ
1713 2620 1819 2671 ἀπὸ

252 2716 463 2767 τούτων
495 2715 543 2766 oi
599 2716 672 2783 μὴ
710 2714 1106 2774 πιστεύσαντες
1156 2712 1336 2778 πολλῷ
1375 2712 1630 2772 ἐλάττους
1683 2713 1820 2763 εἰσὶν

252 2806 438 2858 αὐτῶν
470 2806 533 2873 δὴ
563 2806 668 2857 τῶν
710 2806 1122 2857 πιστευσάντων
1147 2803 1237 2855 καὶ
1288 2804 1474 2873 σχεδὸν
1510 2803 1820 2873 εὐαρίθμη-

248 2917 333 2951 τοι
368 2916 383 2930 ο
416 2900 510 2950 καὶ
539 2902 566 2952 6
593 2898 860 2969 Μωάμεθ,
891 2891 933 2966 ᾧ
974 2896 1347 2963 ἠκολούθησαν
1386 2897 1435 2947 οί
1465 2895 1819 2962 Μουσουλμά-

248 3009 357 3043 νοι.
396 2992 560 3044 ’Ἄνευ
585 2990 789 3042 τούτων
821 2988 883 3059 δὴ
907 2989 1017 3041 τῶν
1046 2988 1217 3059 τριῶν
1243 2986 1432 3055 ἕτερός
1480 3004 1564 3047 τις
1599 2986 1818 3049 διδάξας

252 3083 349 3135 καὶ
378 3084 498 3144 δοὺς
522 3084 686 3152 νόμον
713 3085 813 3136 οὐκ
842 3085 1007 3135 ἐστιν.
1054 3081 1197 3134 Ἀλλ’
1220 3082 1246 3132 6
1282 3080 1382 3151 μὲν
1421 3079 1669 3147 Μωῦσῆς
1722 3094 1817 3145 με-

259 3174 614 3243 μαρτύρηται
680 3172 1093 3239 ἀπεσταλμένος
1139 3162 1283 3224 εἶναι
1330 3170 1481 3238 παρὰ
1514 3168 1675 3223 Θεοῦ.
1727 3167 1818 3233 Ἐξ

250 3263 433 3332 ἀρχῆς
460 3264 538 3315 ἔτι
573 3263 649 3315 ῶν
684 3265 740 3315 ὲν
770 3265 834 3330 τῇ
878 3262 1141 3331 Αἰγύπτῳ
1185 3262 1411 3327 ἐποίησε
1463 3262 1667 3329 σημεῖα
1727 3259 1819 3311 καὶ

247 3356 456 3425 τέρατα
494 3355 855 3424 μεγάλα,καὶ
886 3353 1150 3425 ὲμάστιξε
1182 3353 1281 3421 τὴν
1312 3351 1608 3420 Αἴγυπτον,
1674 3349 1809 3403 ἑπά-

248 3534 449 3599 liamo;
485 3543 645 3601 atque
680 3534 892 3587 etiamsi
956 3534 1319 3588 Abrahamum
1376 3531 1593 3586 videndi
1653 3544 1815 3585 causa

248 3625 468 3689 adierit,
499 3640 608 3678 non
642 3624 770 3678 adiit
821 3633 998 3678 tamen
1033 3640 1155 3678 cum
1205 3633 1262 3677 ut
1316 3625 1459 3677 [ilius
1510 3633 1562 3677 et
1624 3638 1813 3677 semen

244 3727 303 3771 et
336 3718 507 3771 hmres
538 3718 676 3785 ejus.
710 3717 839 3782 Quae
867 3732 987 3769 cum
1027 3716 1100 3769 ita
1142 3715 1274 3780 sint,
1331 3715 1599 3767 undenam
1656 3714 1815 3768 [idem

247 3825 407 3863 suam
443 3809 766 3863 Musulmani
813 3811 1073 3869 habeant,
1128 3808 1379 3876 equidem
1436 3806 1643 3871 nescio;
1704 3821 1806 3859 nec

244 3918 315 3954 ex
348 3901 452 3953 uila
486 3916 543 3954 re
582 3911 706 3955 ante
730 3900 1093 3954 Moliametem
1156 3902 1223 3954 ab
1288 3899 1604 3953 Abraiiamo
1656 3914 1814 3968 repe-

243 3994 408 4049 tenda
436 3995 648 4047 videtur
682 3994 1150 4049 Musulmauorum
1173 3995 1303 4048 iich
1330 4011 1343 4058 ;
1383 3995 1473 4048 sed
1500 3994 1615 4063 ipse
1660 3994 1817 4046 istius

246 4088 510 4143 doctrime
564 4096 753 4141 auctor
821 4096 921 4152 est,
982 4096 1035 4139 et
1090 4102 1431 4156 quaecunque
1523 4086 1727 4149 docuit,
1790 4102 1818 4139 e

245 4194 353 4233 suo
382 4179 619 4249 ingenio,
643 4194 748 4231 non
783 4194 808 4230 a
844 4178 953 4232 Deo
976 4187 1223 4246 accepta,
1260 4178 1463 4231 docuit.

319 4270 473 4335 Quod
502 4280 681 4323 autem
732 4270 1055 4323 Musulmani
1106 4270 1317 4333 dicunt,
1374 4271 1637 4340 scriptum
1699 4286 1819 4326 esse

248 4362 573 4416 Moliametis
602 4377 796 4415 nomen
831 4362 881 4414 in
916 4362 1227 4429 Evangelio,
1261 4376 1385 4415 cum
1442 4362 1695 4417 Christus
1750 4363 1820 4418 de

245 4470 314 4509 eo
343 4455 538 4507 dixerit
571 4453 808 4509 :tEdico
839 4455 1014 4516 vobis,
1048 4463 1336 4508 venturum
1389 4470 1509 4510 esse
1559 4466 1676 4524 post
1733 4471 1819 4509 me

242 4545 549 4614 apostolum
577 4553 629 4600 et
662 4546 1004 4615 prophetam,
1032 4547 1118 4601 cui
1172 4545 1495 4601 Mohametis
1543 4562 1761 4611 nomen,
1800 4567 1815 4599 ο

1920 681 2013 732 καὶ
2051 682 2536 748 ἐθεράπευσε,καὶ
2590 681 2855 751 προέλεγε
2912 686 2983 736 τὰ
3019 685 3362 751 γενησόμενα
3414 683 3491 745 ὡς

1921 774 2210 842 προφήτης
2231 814 2243 834 ,
2276 775 2357 827 ὅτι
2387 774 2448 827 Εί
2484 775 2581 843 μὲν
2613 775 2909 837 ἀπολύσεις
2941 775 3032 827 τὸν
3059 774 3187 827 λαὸν
3213 774 3305 827 τοῦ
3332 774 3489 840 Θεοῦ,

1921 864 2190 916 ἀπόλυσον
2217 881 2231 896 ο
2264 868 2312 918 εί
2345 864 2391 918 δ’
2422 862 2538 930 οὖν,
2575 867 2642 919 τὰ
2682 868 2776 919 καὶ
2804 868 2870 920 τὰ
2919 867 3291 937 συμϐήσονται
3322 868 3405 919 σοί
3430 885 3488 919 τε

1921 958 2016 1008 καὶ
2053 959 2217 1010 παντὶ
2248 959 2326 1027 τῷ
2349 960 2464 1027 λαῷ
2500 960 2602 1027 τῆς
2645 961 2948 1027 Αἰγύπτου.
2986 962 3094 1014 Καὶ
3126 959 3493 1029 ὑπισχνούμε-

1920 1066 2009 1109 νος
2036 1050 2235 1118 Φαραὼ
2263 1053 2490 1120 ποιῆσαι
2542 1051 2601 1103 τὸ
2652 1053 2804 1119 ρήμα
2864 1052 3069 1117 Κυρίου
3126 1050 3493 1119 ἐθεραπεύετο

1921 1139 2071 1207 παρὰ
2103 1139 2196 1191 τοῦ
2224 1142 2530 1204 Μωῦσέωε,
2556 1142 2629 1204 ὡς
2653 1142 2902 1207 ἐξουσίαν
2928 1142 3182 1204 λαϐόντος
3208 1142 3314 1192 ἀπὸ
3331 1141 3490 1194 Θεοῦ.

1920 1232 2077 1283 Μετὰ
2119 1232 2369 1286 δὲταῦτα
2401 1235 2660 1298 ἐξέϐαλεν
2690 1238 2717 1286 6
2746 1232 2992 1301 Μωῦσῆς
3029 1232 3166 1301 μετά
3203 1232 3491 1302 βραχίονος

1922 1323 2131 1392 ὑψηλοῦ
2165 1327 2225 1377 τὸ
2260 1327 2413 1392 γένος
2464 1327 2573 1379 τῶν
2623 1326 2897 1396 Ἐϐραίων
2932 1332 2993 1379 ὲκ
3052 1329 3157 1395 γῆς
3218 1330 3490 1396 Αἰγύπτου

1922 1419 2019 1470 καὶ
2046 1418 2145 1483 τῆς
2168 1417 2418 1480 δουλείας
2446 1418 2540 1470 τοῦ
2588 1418 2811 1489 Φαραὼ,
2842 1420 3182 1482 καταδιώξας
3223 1420 3267 1470 δ’
3297 1420 3489 1478 αὐτοὺς

1920 1510 1945 1560 6
1976 1506 2177 1576 Φαραὼ
2211 1508 2497 1576 ὲποντίσθη
2536 1510 2592 1560 ὲν
2621 1514 2685 1578 τῇ
2750 1510 2989 1580 Ἐρυθρᾷ
3042 1510 3290 1580 θαλάσσῃ
3352 1510 3492 1578 μετὰ

1923 1601 2107 1667 πάσης
2166 1602 2263 1669 τῆς
2323 1603 2585 1668 στρατιᾶς
2625 1600 2789 1655 αὑτοῦ
2854 1606 3005 1673 παρὰ
3044 1604 3140 1654 τοῦ
3198 1602 3491 1663 Μωῦσέως.

1920 1693 2072 1745 Μετὰ
2109 1694 2165 1745 δὲ
2201 1692 2376 1745 ταῦτα
2411 1696 2739 1755 περιεπάτει
2803 1697 2859 1747 ὲν
2893 1698 2959 1763 τῇ
3011 1697 3203 1764 ἐρήμῳ
3269 1694 3494 1762 χρόνους

1919 1783 2333 1853 τεσσαράκοντα
2374 1786 2544 1837 ποιῶν
2579 1787 2830 1855 θαύματα
2864 1789 3091 1855 ἄπειρα.
3134 1787 3299 1839 Ἀλλὰ
3331 1786 3492 1857 342

1922 1879 2016 1931 καὶ
2048 1874 2279 1929 ἐνώπιον
2311 1881 2530 1931 πάντων
2569 1880 2677 1931 τῶν
2718 1880 2991 1948 Ἑϐραίων
3052 1880 3221 1946 ἀνέϐη
3279 1882 3305 1930 6
3338 1879 3497 1930 Μωῦ-

1858 1968 1896 2020 Β
1930 1969 2028 2035 σῆς
2058 1970 2152 2019 ἐπὶ
2183 1968 2276 2020 τοῦ
2310 1969 2467 2036 ὅρους
2505 1963 2654 2030 Σινᾶ,
2702 1970 2968 2021 είπόντων
3002 1969 3161 2021 τοῦτο
3196 1968 3302 2020 τῶν
3366 1970 3495 2021 Ἰου-

1920 2060 2088 2112 δαίων
2122 2062 2257 2127 πρδς
2313 2060 2477 2112 αὑτὸν
2534 2061 2615 2112 ὅτι
2680 2062 2966 2112 ’Ᾱνάϐαινε
3003 2064 3080 2121 είς
3123 2061 3181 2111 τὸ
3234 2061 3356 2127 ὅρος
3402 2062 3494 2112 καὶ

1921 2153 2091 2217 γνῶθι
2116 2155 2175 2204 τὸ
2211 2153 2301 2204 τοῦ
2326 2152 2465 2205 Θεοῦ
2496 2153 2745 2221 θέλημαο
2788 2156 2951 2222 ἡμεῖς
2994 2155 3102 2224 γὰρ
3149 2154 3333 2224 φωνὴν
3356 2154 3492 2205 Θεοῦ

1919 2244 2153 2296 ἀκοῦσαι
2186 2246 2249 2296 οὐ
2303 2246 2605 2315 δυνάμεθα,
2657 2247 2867 2315 μήποτε
2902 2247 3333 2314 τελευτήσωμεν.
3384 2249 3493 2301 Καὶ

1919 2338 1947 2388 6
1978 2337 2107 2398 λαὸς
2138 2338 2326 2389 ἵστατο
2360 2339 2641 2407 μακρόθεν
2668 2339 2763 2390 τοῦ
2800 2340 2959 2407 ὅρους
3028 2340 3164 2407 μετὰ
3204 2339 3370 2405 φόϐου
3400 2341 3495 2391 καὶ

1920 2428 2128 2495 τρόμου
2164 2430 2603 2495 προσκυνοῦντες
2668 2429 2746 2498 τῷ
2804 2429 2922 2497 Θεῴ
2979 2430 3056 2499 τῷ
3108 2424 3359 2481 λαλοῦντι
3417 2430 3494 2497 τῷ

1922 2518 2133 2585 Μιυῦσῇ
2161 2530 2174 2545 ⁸
2205 2520 2231 2568 6
2264 2517 2319 2567 δὲ
2358 2517 2593 2585 Μωῦσῆς
2633 2517 2849 2570 ἀκούων
2877 2518 3004 2578 τοὺς
3030 2518 3221 2585 λόγους
3238 2518 3329 2570 τοῦ
3356 2518 3493 2571 Θεοῦ

1922 2608 2074 2674 ἔλεγε
2134 2607 2361 2670 τούτους
2424 2612 2537 2670 τοῖς
2599 2609 2902 2677 Ἑϐραίοις,
2954 2611 3048 2662 καὶ
3105 2609 3389 2677 παρευθὺς
3435 2611 3495 2667 τὸ

1921 2697 2159 2767 λαληθὲν
2192 2699 2521 2767 ἐπληροῦτο.
2550 2699 2694 2752 Ἀλλ’
2749 2702 3007 2753 οὐδέποτε
3054 2702 3316 2769 ἐκίνησαν
3367 2680 3495 2764 τοὺς

1924 2792 2345 2860 τεσσαράκοντα
2385 2793 2612 2861 χρόνους
2644 2793 2752 2845 ἀπὸ
2776 2793 2867 2846 τοῦ
2898 2795 3069 2845 τόπου
3132 2793 3312 2846 αύτῶν
3361 2793 3494 2845 ἄνευ

1922 2881 2085 2949 λόγου
2127 2883 2223 2935 τοῦ
2256 2883 2412 2936 Θεοῦ.
2443 2886 2687 2951 Μωΰσῆς
2715 2886 2844 2955 γὰρ,
2877 2886 3040 2954 φησὶν
3075 2888 3106 2954 ἠ
3136 2884 3353 2956 Γραφὴ,
3376 2886 3498 2939 ἰλά-

1922 2972 2027 3035 λει,
2061 2975 2157 3026 καὶ
2187 2978 2214 3027 6
2250 2975 2384 3035 Θεὸς
2414 2977 2752 3046 ἀπεκρίνατο
2780 2980 2955 3047 φωνῇ.
3005 2979 3157 3030 Μετὰ
3204 2977 3339 3045 γοῦν
3387 2977 3497 3028 τῶν

1924 3066 2137 3118 πολλῶν
2192 3068 2513 3136 μαρτυριῶν
2540 3085 2602 3120 τε
2639 3068 2733 3120 καὶ
2785 3068 3081 3137 θαυμάτων
3131 3069 3359 3133 ἐξέδωκε
3405 3069 3497 3121 τὶν

1922 3157 2083 3226 νόμον
2117 3161 2227 3220 τοῖς
2257 3158 2557 3224 Ἰουδαίοις,
2586 3163 2679 3214 καὶ
2715 3161 2963 3226 ἐδέξαντο
2977 3164 3168 3215 τοῦτον
3205 3162 3299 3214 καὶ
3320 3178 3494 3232 προσ-

1924 3250 2220 3319 εκύνησαν,
2249 3252 2341 3303 καὶ
2381 3254 2693 3322 παρέλαϐον
2716 3255 2808 3306 τὸν
2841 3255 2994 3324 παρὰ
3058 3254 3153 3306 τοῦ
3213 3254 3495 3315 Μωῦσέως

1918 3341 2143 3397 δοθέντα
2172 3342 2338 3415 νόμον
2363 3345 2439 3407 ὡς
2480 3345 2577 3397 τοῦ
2615 3346 2755 3399 Θεοῦ
2789 3348 2971 3417 νόμον.

1920 3528 2084 3589 atque
2120 3519 2413 3593 Egyptum
2449 3524 2624 3593 plagis
2657 3525 2971 3593 ingentibus
2996 3528 3306 3599 castigavit,
3366 3546 3495 3597 per-

1922 3615 2115 3667 terruit
2142 3624 2195 3668 et
2226 3616 2457 3679 domuit,
2498 3631 2559 3670 ac
2608 3616 2790 3670 futura
2848 3628 2905 3671 ut
2936 3623 3194 3689 propheta
3226 3623 3495 3690 praedixit,

1917 3705 1994 3758 ita
2053 3706 2322 3762 locutus:
2388 3707 2475 3761 «Si
2543 3710 2875 3764 dimissurus
2923 3727 2981 3765 es
3054 3714 3315 3781 populum
3371 3714 3492 3781 Dei,

1916 3798 2134 3852 dimitte
2163 3814 2287 3852 eum
2319 3816 2333 3865 ;
2368 3799 2451 3853 sin
2478 3801 2683 3865 minus,
2716 3802 2804 3855 illa
2838 3805 2918 3856 vel
2950 3805 3037 3857 illa
3098 3806 3195 3858 tibi
3256 3816 3307 3861 et
3348 3810 3495 3861 omni

1921 3891 2158 3962 Egypto
2183 3904 2439 3948 eventura
2472 3907 2651 3949 sunt.»
2698 3900 2870 3965 Atque
2922 3900 3193 3968 pollicitus
3256 3901 3495 3964 Pharao,

1925 3984 2201 4038 facturum
2248 3989 2540 4055 sejussum
2581 3989 2815 4051 Domini,
2854 3991 3086 4059 benigne
3141 3993 3359 4048 habitus
3410 4007 3498 4049 est

1920 4091 1951 4128 a
1996 4075 2198 4145 Moyse,
2228 4080 2313 4130 cui
2349 4078 2421 4130 ita
2448 4078 2678 4133 faciendi
2707 4097 2733 4132 a
2768 4082 2877 4135 Deo
2918 4082 3041 4135 data
3077 4088 3193 4136 erat
3227 4094 3492 4151 potestas.

1922 4167 2053 4221 Post
2083 4169 2196 4221 hinc
2233 4168 2441 4238 Moyses
2472 4173 2623 4237 gravi
2687 4173 2909 4226 brachio
2971 4184 3185 4240 gentem
3209 4170 3494 4231 'Hebraeo-

1925 4275 2044 4313 rum
2075 4275 2141 4312 ex
2184 4259 2415 4329 Egypto
2444 4270 2497 4313 et
2540 4264 2766 4317 servitio
2823 4264 3125 4319 Pharaonis
3181 4267 3390 4330 eduxit,
3444 4278 3497 4322 et

1923 4362 2334 4420 persequentem
2365 4367 2459 4405 eos
2487 4353 2825 4407 Pharaonem
2888 4372 3010 4408 cum
3076 4366 3186 4408 toto
3249 4360 3494 4412 exercitu

1925 4442 2041 4508 eius
2073 4442 2126 4495 in
2164 4444 2295 4497 mari
2330 4442 2518 4497 Rubro
2543 4446 2861 4499 submersit.
2894 4447 3099 4500 Deinde
3152 4448 3206 4501 in
3264 4451 3491 4519 regione

1927 4532 2141 4588 deserta
2209 4550 2383 4589 annos
2476 4536 2845 4606 quadraginta
2923 4539 3187 4594 oberrans
3235 4543 3494 4597 miracula

244 4640 341 4693 sed
380 4640 664 4706 expulsum
691 4652 810 4692 esse
836 4652 901 4691 ex
943 4636 1241 4707 Evangelia
1300 4638 1501 4692 invidia
1550 4638 1815 4692 Christi“.
1850 4636 1898 4693 ι)
1926 4625 2213 4678 innumera
2244 4627 2432 4679 edidit.
2457 4628 2523 4681 Et
2553 4643 2685 4681 vero
2743 4644 2928 4682 coram
2983 4633 3196 4686 cunctis
3251 4631 3492 4687 Hebraeis

244 4744 468 4787 uorum,
509 4743 627 4797 age,
668 4728 831 4781 etiam
863 4728 929 4781 de
959 4729 1058 4781 hac
1101 4744 1156 4781 re
1180 4728 1463 4798 videamus
1494 4745 1507 4780 ε
1544 4743 1608 4779 ac
1650 4743 1814 4796 spero

240 4820 519 4888 equidem.
552 4834 739 4873 verum
767 4834 873 4871 non
907 4818 962 4870 in
988 4818 1203 4871 occulto
1234 4816 1371 4882 fore,
1406 4818 1568 4871 modo
1612 4827 1816 4872 attente

244 4911 465 4965 audias.
504 4909 639 4964 Tres
664 4909 1003 4977 iegislatores
1027 4917 1176 4974 sunt,
1215 4909 1310 4977 qui
1334 4910 1480 4977 leges
1533 4910 1815 4977 generales

244 5003 696 5056 constituerunt:
756 4998 990 5070 Moyses,
1049 5014 1210 5069 quem
1263 4999 1616 5053 Heln-auorum
1669 5002 1815 5053 natio

246 5105 437 5148 secuta
472 5103 593 5159 est;
627 5094 903 5155 Christus,
972 5107 1133 5160 quem
1200 5101 1401 5146 secutae
1447 5100 1575 5145 sunt
1624 5107 1815 5145 omnes

248 5195 511 5256 genteset
537 5186 713 5254 major
738 5200 865 5254 pars
925 5182 1300 5245 Hebra‘orum,
1359 5184 1423 5236 ad
1482 5183 1642 5237 Iidem
1690 5186 1810 5252 ejus

246 5293 535 5341 conversa,
589 5278 853 5346 siquidem
887 5280 977 5344 qui
1023 5276 1180 5329 ﬁdem
1232 5276 1350 5345 ejus
1410 5291 1520 5329 non
1577 5278 1812 5344 amplexi

244 5381 381 5425 sunt
409 5369 600 5433 Judzni,
633 5370 700 5422 iis
729 5370 819 5438 qui
849 5350 966 5421 eam
1003 5368 1235 5435 amplexi
1271 5378 1419 5430 sunt,
1451 5368 1609 5437 longe
1670 5384 1806 5437 pau-

239 5466 428 5519 ciui-es
450 5471 575 5515 sunt
600 5470 677 5525 et,
709 5472 875 5529 prope
893 5460 1091 5524 dicam,
1111 5458 1252 5511 facili
1274 5475 1437 5527 opera
1466 5462 1809 5523 numerandi;

242 5570 411 5621 atque
440 5555 789 5615 Mohametes,
825 5568 984 5621 quem
1030 5552 1361 5606 musulmaui
1414 5554 1597 5607 secuti
1659 5562 1810 5607 sunt.

238 5657 446 5717 pra'ter
482 5648 580 5699 hos
612 5656 742 5707 tres,
778 5645 868 5713 qui
902 5645 1071 5712 legem
1123 5644 1469 5697 constituerit
1495 5659 1558 5697 ac
1605 5644 1809 5699 docue-

244 5742 343 5802 rit,
379 5753 539 5791 nemo
572 5747 678 5790 est.
705 5735 821 5789 Jam
855 5734 1090 5804 Moysem
1125 5737 1342 5803 quidem
1367 5752 1394 5788 a
1425 5735 1533 5789 Deo
1584 5736 1811 5791 missum

239 5844 391 5888 esse,
424 5830 474 5880 in
500 5828 749 5882 confesso
788 5838 888 5881 est.
922 5826 1117 5878 Statim
1147 5828 1213 5879 ab
1265 5828 1441 5891 initio,
1494 5842 1616 5881 cum
1671 5838 1814 5883 esset

241 5923 427 5977 adhuc
458 5920 781 5990 iit/Egypto,
824 5918 976 5988 signa
1024 5926 1075 5972 et
1100 5918 1363 5973 miracula
1390 5933 1582 5987 magna
1637 5918 1809 5975 edidit

1924 4716 1981 4768 in
2012 4726 2249 4770 montem
2287 4718 2414 4770 Siua
2450 4719 2714 4784 ascendit,
2740 4716 2946 4774 Iudaeis
2980 4723 3052 4773 ita
3100 4738 3224 4775 eum
3285 4722 3490 4776 cohor-

1924 4810 2050 4862 tatis
2083 4826 2097 4860 :
2143 4808 2419 4864 «Ascende
2454 4812 2507 4863 in
2542 4795 2781 4865 montem
2808 4823 2861 4865 et
2895 4815 3051 4868 disce
3100 4814 3193 4868 Dei
3230 4815 3449 4869 volunla
3475 4847 3490 4854 -

1922 4907 2065 4967 tem;
2093 4916 2192 4954 nos
2224 4903 2369 4955 enim
2401 4918 2587 4957 vocem
2624 4903 2716 4957 Dei
2755 4906 2945 4959 audire
2976 4921 3082 4960 non
3128 4908 3488 4971 sustinemus,

1926 5006 1993 5043 ne
2030 4992 2352 5046 moriamur.
2390 5012 2408 5042 ι
2447 4994 2636 5059 itaque
2686 4995 2918 5062 populus
2975 4996 3162 5063 procul
3224 5012 3251 5048 a
3310 5007 3493 5049 monte

1924 5083 2198 5149 adstabat,
2231 5100 2353 5136 cum
2384 5094 2530 5137 metu
2557 5102 2621 5138 ae
2658 5096 2895 5139 tremore
2924 5087 3096 5139 Deum
3125 5104 3249 5140 cum
3306 5088 3493 5159 Moyse

1921 5178 2315 5244 colloquentem
2346 5180 2657 5235 adorantes.
2694 5182 2903 5253 Moyses
2944 5186 3123 5237 audita
3176 5185 3337 5238 verba
3396 5184 3491 5239 Dei

1916 5268 2105 5320 statim
2152 5272 2575 5324 communicavit
2635 5290 2755 5325 tum
2812 5273 3072 5337 liebrteis,
3124 5274 3494 5345 mandataque

1921 5357 2069 5411 illico
2113 5358 2225 5412 ﬁeri
2263 5372 2438 5428 emptu
2494 5372 2642 5416 sunt.
2674 5362 2777 5417 Nec
2810 5379 2904 5432 per
2929 5374 3071 5418 totos
3105 5366 3225 5419 illos
3249 5368 3491 5435 quadra-

1922 5450 2070 5517 ginta
2095 5466 2266 5505 annos
2298 5462 2477 5505 castra
2512 5466 2801 5508 moverunt
2826 5457 3036 5523 iniussu
3072 5456 3309 5511 Domini.
3336 5458 3489 5529 Moy-

1922 5554 2012 5593 ses
2033 5542 2196 5603 enim.
2228 5546 2302 5597 ait
2332 5544 2639 5613 Scriptura,
2679 5547 3026 5615 loquebatur,
3087 5565 3151 5603 ae
3202 5551 3342 5604 Deus
3402 5566 3490 5606 re-

1922 5633 2229 5699 spondebat
2251 5651 2403 5691 vece.
2438 5639 2625 5693 Multis
2656 5639 2820 5707 igitur
2853 5656 2974 5693 cum
3038 5643 3209 5712 signis
3228 5653 3286 5696 et
3314 5644 3485 5700 mira-

1920 5723 2059 5776 culis
2087 5723 2254 5793 legem
2286 5725 2488 5781 Judwis
2514 5730 2679 5795 dedit,
2717 5748 2880 5801 quam
2922 5733 2998 5786 illi
3062 5741 3395 5801 acceperunt
3438 5750 3493 5807 οι

1921 5824 2259 5878 adorarunt:
2287 5828 2638 5899 veneratique
2670 5843 2799 5886 sunt
2836 5832 3009 5902 legem
3047 5846 3075 5886 a
3098 5831 3283 5903 Moyse
3310 5831 3489 5886 datam

1920 5926 1976 5973 ut
2022 5918 2197 5989 legem
2237 5918 2351 5975 Dei.
