4112 6450
732 410 833 472 931

1936 398 2261 460 GEORGII
2302 397 2728 460 ΡΗΒΑΝΤΖΑΞ

3870 384 3975 450 9.13

725 517 858 568 θωσι
880 508 1287 576 Μουσουλμάνοι
1315 507 1446 577 προς
1482 506 1717 574 πόλεμον
1745 507 1835 560 καὶ
1866 508 1924 560 ὲν
1949 507 2026 576 τῷ
2057 508 2279 575 πολέμῳ
2306 512 2355 572 Α
2382 507 2508 570 τοὺς
2540 507 2694 567 θεοὺς
2717 505 3050 574 ἀπέρχονται
3078 504 3173 556 καὶ
3203 505 3345 573 μετὰ
3368 505 3477 556 τῶν
3510 502 3658 556 θεῶν
3689 502 3980 569 εὑρίσκον-

723 607 865 674 πέσῃ
896 600 1084 664 τιςιὲξ
1132 599 1334 661 αὐτῶν,
1374 600 1436 652 οὐ
1476 598 1786 666 λογίζονται
1832 600 2061 661 ἑαυτοὺς
2092 600 2275 665 ἀξίους

723 695 983 765 μέμψεως
1002 692 1076 755 ὡς
1100 692 1307 753 αἰτίους
1334 690 1428 742 τοῦ
1459 692 1719 760 πολέμου,
1739 690 1854 742 ἁλλ’
1880 692 1975 742 ἐπὶ
2001 691 2061 742 τὸ
2086 691 2279 757 νεκρον
2301 754 2309 759 ἡ

720 790 877 855 σῶμα
908 785 999 838 τοῦ
1041 781 1392 844 πεπτωκότος
1416 785 1719 851 σφάττουσι
1750 781 1984 846 ζῶντας,
2012 784 2181 857 νὸσους
2213 781 2280 834 ἂν

717 880 919 948 δυνηθῇ
953 880 1178 935 ἕκαστος
1200 893 1213 907 ·
1244 875 1337 927 καὶ
1365 876 1488 926 ὅσον
1519 872 1740 936 πλείους
1772 874 1996 937 κτείνει,
2020 860 2278 925 τοσοῦτον

716 971 1020 1037 λογίζονται
1054 966 1321 1032 ὠφέλειαν
1364 966 1461 1032 τῆς
1508 963 1605 1016 τοῦ
1648 962 1944 1025 τεθνεῶτος
1988 962 2187 1032 ψυχῆς.
2216 962 2278 1013 Εί

716 1064 914 1123 δ’ἴσως
958 1061 1056 1111 οὐκ
1100 1058 1210 1127 ἔχει
1267 1056 1589 1125 ἀνθρώπους
1637 1057 1716 1118 είς
1764 1054 2021 1119 ἐξουσίαν
2056 1053 2223 1107 αὑτοῦ
2252 1055 2280 1106 ὁ

720 1152 1040 1223 βουλόμενος
1075 1150 1337 1220 βοηθῆσαι
1370 1152 1434 1215 τῇ
1469 1148 1563 1200 τοῦ
1593 1146 1887 1210 τεθνεῶτος
1916 1146 2085 1215 ψυχῇ.
2140 1146 2277 1211 ἔξω·

722 1248 893 1299 νεῖται
916 1245 1289 1313 Χριστιανοὺς,
1326 1241 1483 1309 εἴπερ
1532 1239 1705 1306 εὖροι,
1743 1241 1836 1293 καὶ
1884 1240 1917 1310 ἢ
1967 1240 2153 1293 ἐπάνω
2184 1239 2279 1293 τοῦ

718 1337 914 1405 νεκροῦ
969 1336 1217 1400 σώματος
1270 1335 1495 1400 σφάττει
1549 1334 1744 1394 αὐτοὺς
1784 1332 1816 1400 ἢ
1864 1333 1957 1385 ἐπὶ
2002 1331 2080 1401 τῷ
2124 1332 2281 1398 τάφῳ

720 1430 907 1482 αὑτοῦ.
948 1429 1055 1479 Καὶ
1104 1428 1131 1479 ὁ
1192 1425 1365 1477 ταῦτα
1423 1422 1727 1492 νομοθετῶν
1782 1422 1897 1484 πῶς
1950 1423 2055 1474 άπδ
2108 1422 2277 1484 θεοῦς

722 1523 843 1574 Ἔτι
881 1519 1163 1588 νομοθετεῖ
1206 1520 1289 1570 ὅτι
1331 1518 1359 1570 ό
1395 1518 1519 1579 δοὺς
1561 1519 1625 1586 τῇ
1675 1516 1846 1586 πόρνῃ
1894 1515 2152 1585 μίσθωμα
2183 1516 2281 1567 καὶ

719 1610 1006 1680 κοιμηθεὶς
1047 1608 1162 1676 μετ’
1195 1609 1365 1675 αὐτῆς
1393 1608 1491 1676 οὐχ
1519 1607 1829 1675 ἁμαρτάνει
1852 1622 1864 1636 ’
1911 1608 2005 1658 καὶ
2032 1608 2060 1657 ὁ
2085 1604 2280 1674 βιασά-

723 1720 879 1771 μενος
911 1701 1173 1768 παρθένον
1206 1696 1534 1765 ἁμαρτάνει,
1559 1698 1587 1747 ὁ
1618 1696 1675 1747 δὲ
1707 1696 1846 1762 μετὰ
1875 1696 1974 1763 τῆς
2003 1695 2280 1763 θελήσεως

720 1796 889 1861 αὐτῆς
943 1792 1225 1861 κοιμηθεὶς
1265 1789 1383 1858 μετ’
1429 1790 1599 1858 αὐτῆς
1647 1789 1746 1857 οὐχ
1794 1788 2143 1856 ἁμαρτάνειο
2183 1786 2279 1839 καὶ

724 1889 816 1941 ἐὰν
844 1886 1245 1955 αἰχμαλωτίδας
1279 1901 1361 1943 τις
1389 1882 1526 1950 λάϐῃ
1575 1882 1635 1935 ὲν
1666 1880 1909 1949 πολέμῳ,
1945 1879 2159 1944 ἔξεστιν
2194 1879 2280 1931 ἐπ’

722 1978 914 2038 αὑταῖς
976 1974 1197 2042 ποιῆσαι
1244 1972 1270 2023 ὃ
1330 1971 1576 2038 βούλεται
1637 1967 1957 2028 ἀκωλύτως.
2032 1968 2090 2020 '0
2154 1967 2285 2035 γοῦν

730 2069 984 2139 πορνείας
1029 2068 1121 2118 καὶ
1175 2062 1641 2135 παρθενοφθορίας
1687 2060 1993 2130 νομοθετῶν
2038 2060 2153 2122 πῶς
2180 2060 2287 2113 ἀπὸ

724 2158 859 2213 Θεοῦ
884 2177 899 2222 ;

794 2249 907 2299 Καὶ
938 2246 997 2297 τὸ
1026 2246 1089 2312 δὴ
1135 2244 1411 2314 χείριστον
1449 2241 1531 2294 δτι
1562 2242 1684 2303 τοὺς
1721 2241 1863 2294 κατά
1890 2240 1988 2309 τὴν
2016 2241 2286 2311 ἀποδοχὴν

716 2341 815 2397 τοῦ
845 2339 981 2395 Θεοῦ
1011 2339 1487 2407 περιπατήσαντας
1509 2337 1565 2389 ὲν
1591 2336 1668 2403 τῷ
1702 2337 1931 2406 παρόντι
1958 2336 2116 2390 αἰῶνι
2143 2334 2285 2407 μετὰ

720 2438 821 2506 τὴν
869 2434 1053 2487 ἐνθάδε
1110 2432 1412 2485 ἀποὸίωσιν
1472 2429 1652 2482 αὐτῶν
1700 2429 1902 2496 λουτρά
1963 2430 2058 2481 καὶ
2101 2429 2285 2491 οἴκους

726 2525 1076 2596 περικαλλείς
1131 2524 1226 2575 καὶ
1273 2524 1539 2590 γυναῖκας
1592 2521 1896 2588 παρθένους
1944 2520 2025 2572 ὅτι
2086 2519 2289 2579 πολλὰς

724 2620 1066 2687 ὑπισχνεῖται
1114 2613 1436 2684 δοθήσεσθαι
1483 2613 1698 2682 ἑκάστῳ
1730 2610 1896 2683 348
1945 2611 2097 2678 παρὰ.
2130 2610 2287 2662 Θεοῦ.

722 2712 834 2763 Καὶ
862 2711 1000 2775 ὅπερ
1053 2708 1098 2758 oi
1138 2705 1246 2758 τῶν
1280 2703 1683 2772 εἰδωλολατρῶν
1726 2702 1994 2771 Ἐλλήνων
2029 2701 2290 2770 ὀνομαζό-

727 2817 876 2869 μενοι
900 2799 1138 2865 θεολόγοι
1167 2799 1268 2851 οὐκ
1302 2792 1455 2850 εἷπον
1487 2794 1608 2846 οὐδὲ
1642 2796 1901 2863 ἐνόμισαν
1932 2789 2093 2857 εἶναι,
2117 2792 2290 2845 ταῦτα

722 2895 750 2943 ὁ
772 2890 1016 2958 Μωάμεθ
1043 2888 1554 2958 ἀνακεκαλυμμένῳ
1577 2886 1650 2955 τῷ
1679 2885 1955 2955 προσώπῳ
1983 2884 2288 2953 νομοθετεῖ.

736 2984 964 3036 Ἐκεῖνοι
1000 2983 1109 3051 γὰρ
1149 2980 1321 3043 οὕτως
1349 2981 1620 3045 λέγουσιν,
1660 2981 1741 3032 ὅτι
1786 2979 1834 3029 oi
1867 2978 1966 3047 μὲν
1997 2977 2175 3039 καλῶς
2211 2978 2293 3028 ὲν-

726 3074 853 3127 θάδε
909 3074 1248 3143 βιώσαντες,
1317 3072 1454 3124 ὲπὰν
1510 3070 1827 3122 ἀποθάνωσι
1882 3068 1977 3121 καὶ
2035 3068 2290 3136 καθαρῶς

2381 615 2473 650 ται
2506 599 2585 658 εἰς
2633 596 2730 658 τὰς
2772 597 2883 647 τῶν
2918 598 3206 666 μακαρίων
3261 598 3460 665 νήσους
3493 596 3595 648 καὶ
3630 593 3763 664 μετ’
3795 595 3980 646 αὐτῶν

2383 688 2815 755 συναγάλλονται
2847 687 2992 739 ’τῶν
3053 689 3110 741 δὲ
3164 688 3351 750 κακιῖις
3397 688 3591 741 ἐνθάδε
3646 687 3979 756 βιωσάντων

2380 779 2477 831 καὶ
2524 778 2847 847 ἀκαθάρτων
2888 780 2984 831 καὶ
3039 780 3473 848 μεμολυσμένων
3517 780 3895 832 ἀπελθόντων
3927 782 3975 829 αξ

2378 869 2589 921 τούτων
2617 868 2788 938 ψυχαὶ
2818 872 2895 930 είς
2933 868 3197 936 ζοφώδεις
3226 873 3320 923 καὶ
3347 873 3672 934 σκοτεινοὺς
3704 872 3973 940 ἀπέρχον-

2380 979 2469 1014 ται
2509 962 2710 1025 τόπους
2751 966 2844 1016 καὶ
2893 965 2975 1026 εἰς
3032 963 3125 1014 τὸν
3179 964 3430 1033 ποταμὸν
3479 964 3573 1016 τὸν
3628 963 3977 1031 Πυριφλεγέ-

2381 1054 2565 1110 θοντα.
2600 1054 2707 1107 Καὶ
2755 1051 2954 1124 οίμὲν
3009 1054 3403 1124 είδωλολάτραι
3453 1055 3737 1126 Ἕλληνες
3792 1056 3976 1121 ελεγον

2379 1145 2554 1198 ταῦτα
2576 1160 2589 1175 ·
2622 1148 2649 1198 ὁ
2678 1144 2737 1197 δὲ
2770 1144 3123 1213 Μωάμεθ,ὂς
3154 1145 3654 1213 ὁνομάζει”έαυτὸν
3687 1145 3979 1215 ὀρθόδοξτν

2382 1234 2477 1288 καὶ
2549 1235 2779 1306 πλησίον
2840 1234 2937 1288 τοῦ
2987 1236 3123 1289 Θεοῦ
3183 1238 3623 1307 εὑρισκόμενον,
3681 1238 3848 1304 λέγει
3894 1242 3981 1290 καὶ

2382 1327 2668 1396 νομοθετεῖ
2725 1327 2954 1381 τοιαῦτα
3013 1328 3347 1399 ἀτοπήματα
3405 1330 3642 1400 αἰσχρά,
3714 1333 3824 1382 καὶ
3883 1332 3978 1381 οὐκ

2382 1420 2496 1489 ἔχει
2539 1420 2847 1490 ἐνθύμησιν
2904 1422 3041 1483 ὅλως
3090 1422 3175 1473 ὅτι
3224 1422 3400 1475 ταῦτα
3453 1426 3643 1476 πάντα
3674 1423 3866 1490 ὀργῆς
3896 1428 3981 1474 καί.

2381 1512 2733 1581 ἀποστροφῆς
2773 1512 2911 1581 ἔργα
2962 1512 3182 1580 καὶτῆς
3213 1514 3492 1583 ἁμαρτίας
3532 1514 3981 1581 ἀποτελέσματα

2381 1606 2513 1657 εἰσι.
2564 1604 2676 1673 Πρὸ
2713 1605 2821 1677 γὰρ
2864 1604 2966 1674 τῆς
3014 1605 3385 1675 παραϐάσεως
3430 1608 3525 1659 καὶ
3556 1607 3862 1677 ἁμαρτίας
3889 1605 3979 1657 τοῦ

2395 1696 2565 1764 Ἀδὰμ
2628 1696 2731 1748 ποῦ
2780 1696 3007 1768 λουτρὰ,
3064 1697 3170 1751 ποῦ
3226 1699 3363 1761 ὅλως
3424 1701 3748 1768 οἰκήματα,
3789 1698 3899 1751 ποῦ
3931 1704 3980 1750 αἱ

2385 1788 2576 1841 πολλαὶ
2609 1790 2867 1856 γυναῖκες
2888 1807 2903 1854 ;
2927 1789 3090 1843 Ἀλλὰ
3124 1790 3265 1859 μετά
3291 1790 3390 1861 τὴν
3428 1791 3722 1860 ἁμαρτίαν
3758 1797 3860 1845 καὶ
3884 1790 3976 1859 τὴν

2389 1879 2633 1949 κατάραν
2662 1881 2940 1952 ἐπανέστη
2966 1882 3025 1934 τὸ
3057 1881 3217 1952 σῶμα
3245 1883 3436 1951 ῶσπερ
3468 1883 3667 1952 θηρίον
3696 1883 3859 1935 κατᾶ
3885 1884 3976 1948 τῆς

2386 1971 2563 2041 ψυχῆς
2623 1974 2723 2041 τῆς
2778 1974 2853 2042 μὴ
2904 1972 3138 2043 ἐχούσης
3191 1973 3501 2036 καθολικῶς
3550 1973 3658 2041 τὴν
3706 1974 3815 2027 τοῦ
3845 1974 3976 2027 Θεοῦ

2388 2064 2700 2134 ἐπίσκεψιν.
2738 2067 2957 2134 Ἵσχυσε
3000 2065 3061 2118 τὸ
3122 2066 3304 2135 σῶμα.
3340 2067 3437 2119 καὶ⁸
3495 2067 3831 2120 κατέσπασε
3880 2068 3974 2136 τὴν

2387 2155 2568 2225 ψυχὴν
2604 2157 2713 2210 ἀπὸ
2736 2158 2828 2208 τοῦ
2867 2156 3036 2227 ὖψους
3067 2159 3164 2210 καὶ
3195 2158 3292 2210 τοῦ
3329 2160 3631 2228 μεγαλείου
3664 2160 3853 2229 αὐτῆς
3884 2162 3974 2213 καὶ

2389 2249 2704 2314 κατήγαγεν
2735 2247 2818 2308 είς
2844 2246 2944 2308 τὰς
2976 2247 3327 2316 παραλόγους
3372 2248 3469 2300 καὶ
3500 2250 3749 2317 ματαίας
3787 2267 3973 2318 σωμα-

2389 2338 2546 2399 τικὰς
2593 2336 2887 2405 ἐπιθυμίας
2915 2339 3011 2391 καὶ
3041 2340 3233 2408 ήδονάς
3259 2357 3274 2373 ο
3308 2341 3400 2393 καὶ
3448 2340 3640 2408 ὥσπερ
3686 2342 3973 2410 ἀνδράπο-

2390 2425 2500 2491 δον,
2523 2424 2696 2489 οὕτως
2731 2425 3115 2496 κατεδουλώθη
3152 2429 3184 2496 ή
3218 2426 3369 2497 ψυχὴ
3396 2430 3475 2490 είς
3505 2429 3972 2497 τὰς.σωματικά;

2390 2515 2598 2584 ὀρέξεις
2624 2531 2638 2545 ’
2684 2517 2731 2567 εἰ
2766 2516 2898 2583 γοῦν
2930 2517 3073 2585 μετά
3125 2515 3290 2588 3&9
3336 2517 3435 2587 τὴν
3479 2519 3541 2570 ὲκ
3587 2520 3814 2588 νεκρῶν
3844 2522 3972 2571 ἀνά·

2392 2623 2580 2659 στασιν
2626 2607 2778 2659 οὐδὲν
2820 2607 3112 2677 μέλλουσιν
3168 2609 3355 2677 ε’ὐρεῖν
3402 2610 3451 2660 oi
3503 2611 3647 2663 κατά
3685 2613 3971 2680 ἀποδοχῇ]

2390 2696 2484 2749 τοῦ
2530 2696 2663 2750 Θεοῦ
2714 2686 3168 2767 πολιτευσάμενοι
3214 2699 3492 2770 ἄνθρωποι
3545 2702 3646 2771 τὴν
3683 2704 3973 2771 μακαρίαν

2393 2790 2612 2856 ἐκείνην
2644 2788 2791 2857 ζωὴν
2837 2790 2903 2858 ῆν
2927 2778 3288 2861 ὁπροπάτωρ
3316 2791 3463 2862 εἶχεν
3494 2794 3665 2862 Ἀδὰμ
3709 2798 3830 2864 προ
3879 2798 3971 2858 τῆς

2407 2880 2779 2948 παραϐάσεως
2828 2881 2921 2932 καὶ
2946 2882 3255 2947 ἀπώλεσεν,
3289 2885 3425 2934 ἀλλὰ
3462 2885 3624 2935 πάλιν
3656 2884 3764 2954 τὴν
3804 2887 3975 2953 αὐτὴν

2395 2972 2543 3041 ζωήν
2594 2973 2851 3041 μέλλουσι
2908 2973 3091 3042 εὑρεῖν
3144 2975 3209 3044 ῆν
3239 2969 3352 3043 εἶχε
3393 2975 3532 3044 μετὰ
3558 2976 3657 3044 τὴν
3688 2978 3972 3045 κατάραν,

2394 3065 2514 3115 οὐαὶ
2541 3067 2653 3126 τοῖς
2688 3064 3002 3133 ἀνθρώποις
3048 3067 3302 3128 ἐκείνοις.
3336 3069 3441 3119 Καὶ
3492 3068 3553 3119 τὸ
3588 3068 3654 3137 δὴ
3688 3070 3976 3137 χείριστοί

726 3163 1158 3234 ἀποδημήσωσιν
1222 3163 1278 3216 αἱ
1334 3161 1505 3231 ψυχαὶ
1532 3161 1638 3213 ἀπὺ
1691 3159 1799 3212 τῶν
1854 3158 2151 3228 σωμάτων,
2215 3158 2293 3219 εἰς
2323 3169 2367 3227 C
2397 3158 2476 3221 ὅτι
2505 3157 2624 3210 οὐδὲ
2657 3159 2819 3228 μέχρι
2851 3156 2949 3227 τῆς
2980 3158 3333 3231 ταλαιπώρου
3381 3161 3599 3230 ἐκείνης
3635 3163 3733 3213 καὶ
3764 3164 3973 3232 ἐπαρα-

727 3341 871 3395 enim
913 3341 1016 3395 ista
1048 3340 1383 3394 humanitate
1408 3348 1460 3393 et
1511 3339 1715 3395 saevitia
1755 3339 1981 3408 cogitari
2016 3338 2295 3393 crudelius

730 3446 927 3502 potest,
960 3450 1119 3503 quam
1150 3433 1445 3493 trucidare,
1475 3434 1567 3502 qui
1600 3433 1732 3486 nihil
1785 3433 2119 3502 pecearunt?
2149 3430 2298 3497 Quo-

730 3528 1053 3594 tiescunque
1101 3526 1242 3577 enim
1270 3527 1335 3577 ad
1374 3525 1930 3593 pugnamproceduut
1965 3523 2298 3577 Musulmaui

726 3626 779 3669 et
811 3630 1001 3669 eorum
1037 3614 1157 3683 quis
1223 3614 1411 3681 przclio
1458 3614 1746 3677 occiditur,
1782 3630 1889 3667 non
1926 3631 1983 3670 se
2033 3617 2300 3670 crimina-

730 3705 877 3758 tinue
909 3704 1101 3771 dignos
1134 3711 1344 3771 putant,
1374 3714 1432 3757 ut
1464 3712 1713 3758 auctores
1741 3705 1891 3771 belli,
1922 3706 2016 3761 sed
2050 3707 2102 3761 in
2130 3709 2306 3763 occisi

728 3796 997 3850 cadavere
1026 3796 1177 3848 vivos
1235 3794 1529 3855 trucidant.
1566 3804 1697 3863 quot
1722 3796 1955 3866 quisque
2004 3806 2203 3867 potest,
2237 3814 2301 3853 ac

732 3897 939 3957 quanto
970 3887 1093 3955 quis
1118 3886 1300 3955 plures
1332 3895 1507 3951 necat,
1546 3896 1696 3940 tanto
1722 3888 1980 3956 majorem
2010 3889 2296 3945 utilitatem

737 3979 856 4032 fore
885 3984 1076 4045 putant
1113 3976 1178 4027 ad
1210 3975 1439 4027 animam
1472 3976 1660 4031 occisi.
1691 3974 1745 4030 Si
1794 3993 1898 4030 non
1928 3979 2166 4047 possidet
2208 3980 2302 4035 lto-

737 4068 936 4144 tuines,
967 4066 1059 4133 qui
1095 4064 1290 4118 mortui
1339 4065 1532 4118 animus
1577 4065 1833 4133 epilulari
1879 4066 2079 4131 studet,
2144 4068 2305 4123 Chri-

739 4160 976 4220 stianos,
1011 4158 1054 4210 si
1102 4172 1238 4224 quos
1272 4157 1494 4224 reperit,
1530 4157 1750 4224 coemit,
1772 4172 1977 4226 eosque
2006 4168 2099 4213 aut
2137 4174 2301 4228 supra

736 4251 970 4304 cadaver
997 4248 1189 4309 occisi,
1239 4257 1333 4300 aut
1374 4247 1426 4300 iu
1472 4247 1720 4315 sepulcro
1766 4248 2009 4318 ejusdem
2066 4250 2300 4320 iugulat.

736 4341 890 4395 Talia
927 4339 1015 4407 qui
1050 4338 1294 4406 praecipit
1327 4338 1651 4407 quomodoa
1689 4339 1793 4392 Deo
1827 4341 2030 4396 missus
2062 4343 2172 4396 sit?
2202 4344 2305 4396 Do-

736 4439 822 4483 cet
856 4429 1019 4491 idem,
1047 4427 1137 4495 qui
1165 4427 1285 4482 data
1313 4427 1537 4495 pecunia
1566 4443 1689 4480 cum
1723 4430 2007 4484 meretrice
2047 4446 2307 4485 concum-

2400 3333 2453 3386 iu
2485 3334 2766 3388 beatorum
2817 3336 3008 3390 insulis
3043 3350 3167 3391 cum
3221 3335 3533 3405 iisdemque
3574 3338 3751 3391 laetari
3782 3358 3800 3395 :
3848 3357 3976 3395 con-

2401 3432 2482 3478 tra
2519 3428 2612 3493 qui
2648 3429 2787 3481 male
2815 3426 2903 3481 hic
2927 3426 3164 3480 vixerint
3184 3437 3237 3481 et
3262 3428 3458 3496 impuri
3484 3439 3651 3499 atque
3696 3430 3977 3499 inquinati

2403 3518 2760 3581 excesserint,
2816 3516 3009 3570 borum
3056 3519 3268 3573 animas
3315 3522 3369 3574 in
3423 3521 3537 3574 loca
3583 3524 3893 3579 tenebrosa
3933 3540 3981 3578 et

2405 3609 2635 3663 obscura
2690 3619 2743 3663 et
2792 3611 3324 3683 Pyriphlegetontetn
3359 3612 3581 3670 ﬂuvium
3618 3620 3803 3673 abire.
3854 3622 3981 3675 Hier.

2404 3701 2571 3769 igitur
2606 3700 2775 3756 ϐττιιεὶ
2804 3704 3101 3758 ἱιιοιοιαιιναι
3126 3705 3399 3765 dixerunt.
3439 3708 3783 3767 Moltametes
3828 3729 3981 3778 vero,

2407 3793 2499 3863 qui
2533 3810 2591 3846 se
2626 3793 2993 3848 orthodoxum
3017 3811 3137 3850 esse
3163 3806 3217 3850 et
3243 3811 3429 3852 coram
3465 3799 3574 3853 Deo
3599 3804 3835 3857 stetisse
3862 3805 3977 3872 jac-

2407 3898 2501 3951 tat,
2536 3886 2726 3955 probat
2769 3887 3035 3957 docetque
3079 3888 3252 3941 {tedas
3284 3888 3415 3943 istas
3462 3906 3657 3959 nugas,
3709 3909 3821 3948 nec
3874 3897 3977 3949 ulle

2406 3977 2564 4029 modo
2588 3976 2769 4040 sentit,
2799 3992 2960 4044 quam
2992 3991 3181 4030 omnes
3212 3978 3294 4032 hae
3342 3992 3429 4033 res
3468 3978 3776 4035 libidinosae
3811 3995 3868 4035 et
3893 3984 3979 4038 de-

2405 4067 2666 4120 testanda:
2695 4068 2801 4121 sint
2833 4074 2885 4119 et
2914 4075 3197 4135 peccatum
3228 4080 3553 4122 consecuta.
3599 4071 3746 4125 Ante
3787 4073 3974 4126 Adami

2406 4159 2548 4212 enim
2577 4169 2853 4226 peccatum
2880 4168 2928 4210 et
2954 4159 3207 4211 delictum
3232 4160 3448 4213 ubinam
3476 4161 3704 4225 balnea,
3751 4165 3973 4217 ubinam

2409 4250 2632 4305 omnino
2652 4252 2814 4315 aedes,
2840 4250 3060 4303 ubinam
3088 4250 3269 4304 multa
3294 4250 3544 4305 femina?
3585 4254 3683 4306 sed
3706 4268 3836 4322 post
3864 4272 3974 4325 per-

2406 4353 2587 4395 natum
2606 4351 2656 4394 et
2674 4346 3098 4396 exsecrationem
3112 4357 3315 4411 corpus
3334 4353 3583 4414 tanquam
3610 4345 3791 4399 bestia
3838 4366 3976 4402 men—

2410 4435 2471 4493 ti.
2505 4434 2743 4502 perfecta
2777 4434 3000 4488 notione
3039 4432 3134 4487 Dei
3162 4450 3271 4487 non
3321 4445 3659 4499 sustentatae,
3710 4438 3973 4497 inhiabat,

736 4522 849 4582 bal,
887 4535 1009 4573 eum
1055 4534 1162 4573 non
1195 4534 1450 4586 peccare;
1499 4520 1591 4587 qui
1629 4536 1722 4589 per
1750 4521 1854 4573 vim
1892 4521 2153 4592 virginem
2186 4535 2302 4576 stu-
2336 4519 2377 4573 ι)
2408 4523 2698 4591 superabat
2750 4537 2892 4587 eam,
2944 4533 3108 4593 atque
3161 4526 3421 4587 animam,
3475 4540 3539 4578 ex
3586 4530 3891 4584 altitudine
3932 4544 3974 4581 ct

736 4620 877 4680 pret,
929 4624 1050 4662 eum
1106 4623 1351 4677 peccare,
1402 4609 1494 4677 qui
1534 4618 1713 4662 autem
1767 4625 1885 4661 cum
1929 4614 2302 4669 consentiente

735 4708 1082 4763 concumbat,
1112 4714 1217 4753 non
1250 4712 1515 4768 peccare;
1577 4715 1714 4768 quas
1742 4700 1866 4767 quis
1906 4702 2043 4755 bello
2074 4704 2299 4771 ceperit,

738 4790 881 4843 iis‘ei
915 4787 992 4841 uti
1033 4787 1215 4851 licere,
1278 4788 1736 4855 quemadmodum
1772 4789 1920 4841 velit.
1979 4790 2140 4858 Atqui
2183 4799 2300 4844 slu-

740 4894 836 4943 pra
870 4886 923 4930 et
954 4877 1225 4945 virginum
1263 4876 1577 4930 vitiationes
1613 4877 1704 4946 qui
1735 4879 1949 4945 probat,
1979 4882 2251 4947 quomodo
2271 4894 2301 4932 a

742 4970 852 5022 Deo
887 4970 1087 5022 missus
1124 4968 1193 5021 sit
1212 4967 1236 5020 ί

810 5060 1203 5115 Gravissimum
1230 5070 1410 5112 autem
1435 5067 1540 5122 est,
1567 5058 1710 5127 quod
1743 5060 1836 5127 qui
1876 5059 1941 5113 ad
1973 5060 2299 5115 voluntatem

744 5151 838 5205 Dei
868 5154 918 5204 in
953 5153 1052 5205 hac
1083 5152 1190 5203 vita
1230 5151 1763 5219 tie-composuerint,
1805 5153 1874 5205 iis
1910 5152 2151 5227 singulis
2186 5163 2305 5221 post

742 5254 971 5298 mortem
1004 5243 1223 5297 balneas
1255 5251 1310 5297 et
1342 5244 1485 5297 aedes
1521 5244 1917 5311 pulcherrimas
1961 5245 2305 5312 virginesque

742 5337 1004 5407 plurimas
1037 5353 1066 5389 a
1092 5336 1206 5390 Deo
1234 5337 1421 5391 datum
1450 5336 1517 5390 iri
1554 5338 1857 5406 pollicetur.
1888 5336 1952 5390 Et
1981 5340 2124 5406 quod
2158 5337 2307 5391 Cra:-

741 5445 928 5485 cornm
1000 5430 1411 5484 idololatrarum
1466 5430 1702 5500 theologi
1759 5445 1865 5483 non
1904 5428 2165 5485 dixerunt
2211 5446 2308 5485 uec

743 5520 1114 5586 crediderunt,
1142 5524 1190 5576 id
1224 5522 1561 5577 Mobametes
1590 5523 1825 5577 revelata
1880 5523 2057 5578 fronte
2089 5526 2301 5577 statuit.

747 5612 826 5666 Illi
857 5614 998 5666 enim
1044 5613 1118 5666 ita
1152 5614 1323 5678 aiunt,
1359 5617 1452 5684 qui
1504 5615 1727 5684 pulchre
1771 5616 1860 5669 hic
1900 5616 2157 5680 vixerint,
2214 5630 2309 5669 eos

748 5713 866 5773 post
891 5714 1141 5769 mortem,
1200 5722 1322 5759 cum
1348 5706 1513 5760 animi
1545 5722 1573 5759 e
1612 5721 1905 5775 corporum
1937 5708 2166 5761 vinculis
2214 5724 2314 5776 pu-

746 5797 789 5849 ri
816 5797 1169 5863 excesserint,
1204 5797 1271 5851 ad
1301 5798 1431 5853 deos
1457 5798 1691 5868 migrare
1725 5808 1779 5851 et
1813 5814 1936 5852 cum
1968 5800 2071 5853 diis
2101 5801 2306 5853 versari

2408 4612 2811 4680 magniﬁcentia
2842 4613 3131 4680 dejectam,
3162 4614 3215 4667 in
3246 4630 3409 4669 vanas
3440 4626 3492 4669 et
3535 4618 3768 4671 insanas
3808 4622 3974 4673 tibici-

2405 4718 2501 4757 nes
2545 4703 2962 4772 Voluptatesque
3016 4708 3261 4774 corporis
3302 4708 3562 4762 adduxit:
3611 4724 3682 4762 ac
3732 4716 3973 4781 mancipii

2408 4792 2580 4847 instar
2636 4794 2818 4848 anima
2858 4794 3249 4863 cupiditatibus
3290 4798 3537 4866 corporis
3580 4798 3855 4854 obstricta
3884 4817 3971 4856 est.

2407 4882 2632 4949 Quodsi,
2669 4884 2761 4949 qui
2794 4884 2860 4938 ad
2902 4886 3235 4941 voluntatem
3267 4889 3359 4941 Dei
3396 4891 3659 4944 vixerunt
3712 4894 3971 4955 honunes,

2409 4982 2530 5039 post
2564 4974 3014 5027 resurrectionem
3044 4986 3381 5029 mortuorum
3410 4994 3519 5030 nun
3548 4980 3837 5035 inventuri
3878 4984 3971 5037 sint

2411 5063 2623 5116 beatam
2658 5063 2807 5117 illam
2840 5067 3023 5131 vitam,
3049 5083 3208 5135 quam
3239 5068 3480 5123 Adamus
3506 5082 3666 5139 pater
3704 5085 3836 5127 ante
3857 5092 3967 5144 pec-

2408 5165 2586 5208 catum
2623 5156 2731 5223 egit
2758 5165 2921 5224 atque
2945 5159 3147 5220 amisit,
3182 5151 3282 5211 sed
3299 5160 3539 5213 eamdem
3573 5176 3773 5215 rursus
3797 5165 3968 5221 vitam,

2408 5260 2570 5313 quam
2613 5245 2700 5298 ille
2737 5256 2859 5313 post
2902 5249 3327 5303 exsecrationem
3369 5251 3645 5313 toleravit,
3682 5271 3769 5308 vita
3809 5257 3968 5308 hemi-

2410 5335 2571 5387 uibus
2602 5334 2741 5388 illis!
2796 5334 2909 5388 lmo
2962 5352 3109 5403 vero,
3158 5340 3301 5407 quod
3337 5342 3717 5396 miserrimum
3756 5360 3860 5407 est.
3912 5362 3968 5398 ne

2410 5428 2679 5496 acquievit
2700 5429 2917 5497 quidem
2946 5430 2996 5482 in
3036 5447 3339 5487 aerumnosa
3370 5434 3472 5487 hac
3501 5444 3555 5487 et
3587 5449 3875 5491 eXSecrata
3902 5442 3965 5491 ri-

2412 5530 2481 5573 ta.
2504 5520 2826 5575 Moliametis
2860 5523 3091 5587 insania,
3120 5534 3177 5577 ut
3206 5526 3343 5579 lianc
3375 5527 3584 5580 scilicet
3629 5526 3777 5583 Deus
3816 5532 3962 5598 justus

2413 5614 2666 5665 daturum
2695 5628 2755 5666 se
2778 5629 2897 5667 esse
2923 5617 3253 5683 promiserit,
3293 5618 3387 5674 sed
3419 5618 3625 5672 invenit
3657 5620 3831 5673 vitam
3867 5637 3959 5674 uta-

2412 5705 2478 5758 lis
2498 5703 2654 5773 longe
2684 5702 3029 5774 insigniorcm
3058 5719 3109 5761 et
3134 5724 3261 5764 vero
3287 5720 3521 5779 turpem.
3568 5711 3813 5766 Adamus
3838 5719 3961 5765 enim

2408 5808 2533 5868 post
2572 5799 2824 5850 delictum
2863 5803 3377 5855 ulciscerationcm
3404 5811 3456 5854 et
3486 5818 3514 5854 e
3553 5807 3813 5869 paradiso
3841 5806 3961 5857 etsi-
