4112 6450
134 432 245 497 933

1138 416 1578 483 CHRONICON
1620 414 1893 477 MAJUS.
1925 438 1989 452 --
2031 412 2173 472 LlB-
2211 413 2302 475 IV.

3268 419 3373 481 934

128 564 229 599 του
253 546 400 613 ζωῆς
426 542 555 609 ἔστη
597 539 631 609 ἡ
674 538 767 592 τοῦ
798 533 1043 602 Μωάμεθ
1083 532 1415 603 παραλογξα,
1443 533 1512 602 ἢν
1540 532 1699 601 δῆθεν
1728 533 1777 591 Α
1802 530 1895 583 καὶ
1946 530 2117 598 μόνην
2178 532 2416 598 γυναῖκα
2454 528 2593 599 ἔχων
2645 531 2898 597 ἕκαστος,
2934 530 3220 601 ἐσώθησαν
3264 535 3375 586 ἀπὸ

134 634 539 703 ιπαγγέλλεται
588 631 618 682 6
672 629 806 688 Θεὸς
837 627 1032 680 δώσειν
1081 629 1197 688 τοῖς
1247 626 1505 687 δικαίοις,
1565 625 1702 677 ἀλλὰ

134 725 319 793 πολλῷ
354 725 434 794 τῷ
461 723 666 793 χείρονι
694 722 1059 788 διαφέρουσαν
1090 720 1183 770 καὶ
1210 718 1465 788 αἰσχράν.
1511 716 1568 769 '0
1596 718 1702 786 γὰρ

144 819 322 885 Ἀδὰμ
371 816 507 884 μετὰ
549 814 650 884 τὴν
698 812 1011 880 παράϐασιν
1041 813 1138 862 καὶ
1184 809 1282 877 τὴν
1315 808 1567 878 κατάραν
1608 809 1703 861 καὶ¹

130 909 236 979 τὴν
280 892 498 976 ἐξορίαν
550 910 649 978 τὴν
703 909 812 962 ἀπὸ
874 909 969 961 τοῦ
1024 908 1361 977 παραδείσου
1415 906 1558 974 ἔγνω
1599 907 1702 977 τὴν

133 1000 285 1053 Εὕαν
313 1018 327 1031 ·
365 1000 504 1053 ἀλλὰ
550 1003 643 1053 καὶ
688 1000 846 1054 τοῦτο
892 1002 980 1055 διὰ
1031 1002 1130 1069 τὴν
1183 1000 1555 1068 τεκνογονίαν,
1607 1001 1703 1052 καὶ

132 1091 522 1161 ὲτεκνοποίησε
546 1108 562 1124 ⁸
594 1093 703 1162 πρὸ
744 1093 800 1145 δὲ
844 1093 943 1156 τῆς
986 1092 1355 1160 παραϐάσεως
1394 1092 1704 1158 ἅγγελικῶς

132 1181 296 1245 ἔζων.
330 1183 520 1251 Ὅμως
574 1183 672 1235 καὶ
718 1187 746 1235 6
788 1184 958 1251 Ἀδὰμ
1004 1186 1163 1252 ειπερ
1214 1183 1359 1251 ἔγνω
1391 1175 1491 1254 τὴν
1536 1183 1701 1248 Εῦαν,

134 1272 277 1325 ἀλλὰ
308 1274 403 1325 καὶ
452 1271 609 1336 αὖθις
656 1275 754 1343 μία
785 1276 876 1328 καὶ
913 1275 1048 1343 μόνη
1089 1275 1376 1345 εὑρίσκετο
1428 1276 1565 1344 γυνὴ
1610 1274 1705 1328 καὶ

140 1363 206 1414 οὐ
247 1363 462 1416 πολλαί.
498 1361 636 1414 Οὔτε
685 1365 793 1432 γὰρ
820 1364 876 1415 ἓν
907 1364 1072 1434 άρσεν
1098 1365 1354 1432 ἐποίησεν
1390 1366 1418 1415 6
1446 1364 1577 1423 Θεὸς
1610 1365 1704 1416 καὶ

136 1454 311 1506 πολλὰ
340 1453 527 1524 θήλεα,
560 1454 683 1507 οὔτε
711 1457 881 1508 πολλὰ
910 1458 1119 1527 ἄρῤενα
1164 1458 1257 1509 καὶ
1287 1456 1345 1508 ἓν
1393 1456 1549 1524 θῆλυ,
1584 1457 1719 1510 ἀλλ”

138 1545 202 1598 ἓν
247 1548 412 1616 ἄρσεν
446 1546 535 1597 τὸν
577 1547 749 1615 Ἀδὰμ
789 1548 879 1600 καὶ
909 1548 966 1599 ἓν
1019 1547 1154 1616 θῆλυ
1207 1548 1309 1617 τὴν
1347 1546 1489 1600 Εὔαν
1516 1566 1532 1583 ο
1566 1550 1703 1618 πλην

140 1640 433 1700 θυνθέντος
458 1637 513 1690 δὲ
546 1637 639 1690 τοῦ
670 1640 858 1703 γένους
892 1640 1000 1692 τῶν
1032 1639 1337 1707 ἀνθρώπων
1378 1642 1471 1693 καὶ
1506 1642 1703 1693 πεσόν-

134 1746 231 1791 τος
258 1732 338 1791 είς
366 1731 614 1797 ἀσελγεῖς
644 1734 735 1784 καὶ
768 1731 1067 1798 ἀθεμίτους
1113 1734 1342 1802 πράξεις
1369 1734 1645 1804 ἐϐαρύνθη
1672 1737 1701 1787 6

1807 622 1905 689 τῆς
1951 622 2123 689 ὀργῆς
2174 622 2268 674 τοῦ
2324 622 2461 674 Θεοῦ
2488 639 2499 650 ·
2567 622 2715 676 ἅπαν
2760 624 2817 676 δὲ
2864 624 2924 675 τὸ
2953 624 3109 690 γένος
3136 626 3244 677 τῶν
3277 627 3374 677 άν-

1806 712 2039 781 θρὼτιων
2087 713 2358 765 ἀπέθανεν
2400 715 2504 766 ὑπὸ
2536 713 2630 767 τοῦ
2662 714 3051 783 κατακλυσμοῦ
3100 717 3206 766 τῶν
3243 716 3373 767 66d-

1806 824 1931 858 των.
1972 807 2191 868 Πάντως
2231 809 2322 859 καὶ
2352 808 2443 860 τὸν
2472 810 2649 877 πάντη
2685 809 2916 879 ἀνόητον
2944 809 3103 862 τοῦτο
3134 810 3373 864 διδάσκει

1806 899 1887 952 ὅτι
1921 900 2056 965 μίαν
2085 900 2178 952 καὶ
2220 899 2388 967 μόνην
2419 902 2658 967 γυναῖκά
2689 904 2838 953 ἔστιν
2885 902 2995 953 ἀπὸ
3025 901 3117 953 τοῦ
3161 900 3371 953 δικαίου

1805 993 1950 1061 ἔχειν
1998 994 2089 1044 τὸν
2126 993 2414 1061 ἄνθρωπον
2447 994 2539 1045 καὶ
2585 994 2679 1045 ἕνα
2732 995 2893 1063 μόνον
2926 994 3097 1064 ἄνδρα
3129 994 3228 1062 τὴν
3276 1011 3374 1063 γυ-

1807 1088 1990 1138 ναϊκσ.
2032 1087 2192 1139 Ἀλλὰ
2225 1086 2505 1140 καὶτοῦτο
2538 1087 2678 1155 μετὰ
2708 1087 2806 1154 τὴν
2846 1087 3092 1153 κατάραν
3129 1087 3371 1153 ἐγένετο,

1804 1178 1894 1230 διὰ
1936 1178 2034 1249 τὴν
2090 1182 2458 1246 τεκνογονίαν,
2492 1179 2565 1241 ὠς
2618 1179 2857 1248 εἴρηται.
2907 1178 2965 1230 Ὀ
3021 1177 3077 1229 δὲ
3126 1179 3371 1245 Μωάμεθ

1805 1273 2043 1325 διδάσκει
2096 1274 2400 1339 ἀναφανδὸν
2455 1274 2534 1326 δτι
2581 1275 2613 1341 ἠ
2664 1273 2814 1343 παρὰ
2845 1272 2938 1325 τοῦ
2969 1271 3104 1325 Θεοῦ
3141 1272 3253 1331 τοῖς
3293 1272 3373 1322 δι-

1805 1365 1982 1426 καίοις
2015 1366 2375 1427 άνταπόδοσις
2404 1365 2609 1433 λουτρὰ
2642 1366 2735 1416 καὶ
2768 1367 3030 1431 γυναῖκες
3066 1364 3259 1416 πολλαὶ
3289 1365 3371 1415 ἑνὶ

1806 1456 2019 1523 ἑκάστῳ
2050 1455 2144 1506 καὶ
2168 1449 2306 1508 οἴκοι
2346 1456 2712 1523 περικαλλεῖς.
2756 1457 2813 1508 Ὀ
2843 1454 2976 1524 γοῦν
3003 1456 3175 1509 ταῦτα
3208 1473 3370 1522 νομο-

1808 1547 1980 1598 θετῶν
2016 1547 2135 1606 πῶς
2170 1546 2277 1598 ἀπὸ
2313 1546 2493 1612 Θεοῦ;
2530 1549 2775 1608 Μάταιος
2806 1547 2861 1599 δὲ
2910 1549 2937 1598 6
2974 1547 3145 1598 ταῦτα
3193 1564 3370 1613 παρα-

1806 1637 2096 1706 δεχόμενος
2136 1640 2230 1691 καὶ
2279 1639 2553 1690 πιστεύων
2608 1639 2689 1690 ὅτι
2736 1639 2795 1689 τὸ
2831 1637 3055 1703 γεγονὸς
3098 1638 3163 1690 δι’
3200 1638 3368 1705 ὀργὴν

1805 1731 1880 1797 τῷ
1909 1731 2293 1799 ἁμαρτήσαντι
2324 1730 2821 1793 πολυπλασιάζεται
2861 1731 2919 1780 ἐν
2952 1730 3030 1796 τῷ
3063 1728 3241 1797 καιρῷ
3272 1731 3368 1795 τῆς

132 1820 270 1881 Θεὸς
327 1822 419 1873 καὶ
472 1821 720 1891 ὠργίσθη
780 1821 902 1876 κατ’
960 1824 1162 1886 αὐτῶν,
1212 1827 1287 1885 ὡς
1347 1827 1375 1876 6
1432 1826 1702 1894 μακάριος
1736 1860 1775 1914 Β
1808 1821 2232 1890 μισθαποδοσίας
2284 1822 2378 1874 τοῦ
2433 1821 2601 1874 καλοῦ
2657 1824 2751 1874 καὶ
2795 1820 3003 1887 ἀγαθοῦ
3036 1822 3152 1882 τοῖς
3191 1821 3369 1887 ἁγίοις

136 1913 378 1980 Μωῦσῆς
424 1914 653 1981 γράφων
692 1916 1001 1981 εὑρίσκεται
1037 1917 1093 1966 ὲν
1138 1914 1215 1984 τῷ
1248 1914 1442 1987 βιϐλίῳ
1474 1917 1571 1984 τῆς
1608 1918 1704 1970 Γε-

139 2008 343 2069 νέσεως
393 2006 474 2058 ὅτι
521 2002 674 2059 εἷπεν
720 2009 748 2059 6
796 2007 964 2069 Θεός·
1004 2025 1024 2058 ι
1060 2008 1134 2060 Οὐ
1170 2009 1245 2077 μὴ
1289 2010 1595 2081 καταμείνῃ
1641 2010 1701 2063 τὸ

141 2094 368 2163 Πνεῦμά
415 2114 514 2164 μου
562 2096 649 2147 ἐπ’
694 2085 888 2158 αὐτοὺς
921 2097 1011 2149 διὰ
1047 2097 1110 2149 τὸ
1148 2093 1287 2150 εἶναι
1338 2100 1535 2162 αὐτοὺς
1565 2100 1701 2169 σάρ-

137 2202 264 2247 κας,
311 2204 331 2235 ι
370 2186 443 2247 ὼς
492 2185 653 2253 δῆθεν
712 2187 849 2247 ὅλως
910 2189 1206 2256 σαρκικοὺς
1260 2191 1554 2256 γεγονότας
1609 2191 1703 2242 καὶ

131 2276 415 2338 παντελῶς
441 2277 682 2345 γηῖνους.
710 2281 810 2329 οὐκ
843 2277 1069 2349 ἔχοντας
1110 2282 1334 2350 μνήμην
1366 2281 1459 2333 τοῦ
1487 2284 1698 2349 ἀγαθοῦ

132 2370 231 2419 καὶ
256 2370 337 2429 εἰς
374 2370 667 2435 ἀσελγείας
705 2369 868 2439 350
917 2371 1283 2439 ἐμπεσόντας.
1315 2374 1448 2427 Τότε
1496 2375 1642 2442 λέγει
1671 2377 1700 2428 6

130 2460 269 2520 Θεὸς
298 2460 372 2529 τῷ
403 2461 545 2527 Νῶε,
586 2479 604 2511 ι
648 2462 770 2515 Ὅτι
817 2480 875 2515 σε
927 2464 1138 2534 εὕρηκα
1172 2465 1377 2519 δίκαιον
1433 2469 1491 2519 ὲν
1524 2468 1698 2539 ταύτῃ

131 2556 203 2619 τῇ
231 2554 416 2623 γενεᾷ,
445 2554 671 2623 ποίησον
702 2555 934 2607 κιϐωτὸν
977 2558 1113 2625 μετὰ
1166 2558 1339 2622 ξύλων
1369 2561 1575 2613 τοιάνδε
1604 2561 1698 2612 καὶ

132 2646 373 2699 τοιάνδε.
412 2666 429 2696 ι
464 2648 572 2698 Καὶ
625 2650 848 2717 ἐποίησε
888 2650 1008 2701 Νῶε
1058 2651 1156 2719 τὴν
1192 2652 1425 2704 κιϐωτὸν
1465 2653 1607 2705 κατὰ
1640 2653 1701 2704 τὸ

137 2738 296 2807 ῥῆμα
332 2737 553 2805 Κυρίου.
590 2739 698 2791 Καὶ
746 2740 964 2805 εἰσῆλθε
1015 2740 1136 2793 Νῶε
1181 2744 1263 2803 εἰς
1303 2743 1404 2810 τὴν
1444 2743 1695 2807 κιϐωτὸν,

133 2831 233 2881 καὶ
285 2830 334 2881 oi
388 2832 537 2898 τρεῖς
588 2831 695 2881 υίοὶ
750 2829 939 2895 αὑτοῦ,
987 2831 1108 2900 Σὴμ
1162 2832 1288 2899 Χάμ
1349 2832 1552 2900 Ἰάφεθ.
1589 2836 1699 2886 Καὶ

133 2920 446 2990 εἰσῆλθενὴ
484 2921 618 2993 γυνὴ
648 2921 742 2973 τοῦ
791 2921 913 2974 Νῶε
966 2924 1046 2985 εἰς
1079 2923 1177 2992 τὴν
1209 2924 1462 2985 κιϐωτὸν.
1504 2929 1598 2980 καὶ
1641 2930 1697 2980 αί

131 3014 289 3081 τρεῖς
319 3016 576 3081 γυναῖκες
626 3014 736 3066 τῶν
781 3014 912 3066 υἱῶν
964 3015 1110 3068 Νῶε.
1160 3015 1323 3086 Ὁρᾷς
1373 3016 1490 3080 πῶς
1518 3022 1546 3071 6
1575 3020 1705 3071 Νῶε

136 3104 241 3173 μὲν
272 3104 623 3175 ἐμαρτυρήθη
664 3105 817 3174 παρὰ
842 3106 934 3159 τοῦ
965 3106 1103 3159 Θεοῦ
1131 3107 1343 3170 δίκαιος
1367 3110 1394 3160 6
1433 3110 1572 3179 ἔχων
1598 3112 1694 3178 τὴν

1806 1910 1900 1961 καὶ
1938 1908 2188 1972 δικαίοις.
2225 1911 2333 1962 Καὶ
2385 1910 2644 1979 πρόσεξον
2700 1910 2763 1962 τά
2816 1909 3096 1978 γεγονότα.
3136 1911 3296 1973 Λέγει
3340 1911 3368 1961 ὁ

1803 2004 2082 2071 Μωῦσῆς·
2126 2022 2144 2055 ι
2186 1991 2544 2072 Καὶέίσῆλθε
2581 2005 2703 2055 Νῶε
2760 2006 2840 2065 είς
2878 2003 2978 2070 τὴν
3010 2002 3243 2054 κιϐωτὸν
3272 2004 3363 2053 καὶ

1803 2095 1850 2146 οἱ
1911 2093 2019 2146 υἱοὶ
2078 2093 2243 2147 αὐτοῦ
2298 2095 2391 2146 καὶ
2446 2095 2479 2161 ή
2524 2094 2661 2160 γυνὴ
2692 2090 2856 2146 αὑτοῦ
2898 2094 2989 2146 καὶ
3026 2094 3081 2145 αἱ
3110 2095 3368 2159 γυναῖκες

1802 2183 1911 2235 τῶν
1950 2183 2079 2236 υἱῶν
2108 2182 2299 2237 αὑτοῦ.
2350 2203 2367 2234 ι
2407 2184 2562 2253 351
2603 2186 2710 2235 Καὶ
2734 2187 2814 2245 εἰς
2856 2184 2953 2254 μὲν
2992 2184 3088 2251 τὴν
3122 2185 3366 2234 εἰσέλευ-

1806 2293 1891 2327 σιν
1923 2276 2109 2343 λέγει·
2148 2296 2165 2327 ι
2210 2278 2437 2347 Είσῇλθε
2467 2278 2589 2330 Νῶε
2628 2278 2720 2330 κ;ὶ
2759 2280 2807 2329 οξ
2843 2278 2947 2329 υἱοὶ
2994 2278 3158 2329 αὑτοῦ
3192 2279 3287 2329 καὶ
3330 2282 3361 2345 ὴ

1802 2369 1937 2437 γυνὴ
1961 2368 2129 2420 αὑτοῦ
2175 2370 2265 2421 καὶ
2296 2372 2351 2421 αἱ
2387 2372 2643 2437 γυναῖκες
2672 2370 2781 2422 τῶν
2822 2370 2951 2422 υἱῶν
2980 2372 3144 2422 αὑτοῦ
3183 2386 3198 2400 ’
3235 2391 3253 2420 ι
3287 2373 3367 2431 εἰς

1802 2460 1856 2512 δὲ
1902 2460 2002 2527 τὴν
2044 2459 2323 2525 ὲξὲλευσιν
2367 2461 2465 2528 οὐχ
2506 2460 2676 2523 οὕτως
2730 2459 2844 2513 ἀλλ’
2872 2477 2885 2490 ·
2932 2480 2950 2511 ι
2990 2460 3214 2527 Ἐξῆλθε
3246 2461 3367 2512 Νίῗε

1804 2553 1896 2604 καὶ
1925 2554 1957 2620 ἡ
1988 2553 2125 2621 γυνὴ
2154 2552 2319 2605 αὑτοῦ
2352 2552 2447 2605 καὶ
2475 2555 2524 2605 oi
2558 2554 2663 2604 υἱοὶ
2698 2553 2864 2606 αὐτοῦ
2897 2554 2988 2605 καὶ
3020 2556 3076 2607 αἱ
3108 2557 3366 2621 γυναῖκες

1802 2644 1909 2694 τῶν
1946 2643 2080 2697 υἱῶν
2114 2644 2283 2696 αὐτοῦ
2320 2646 2438 2713 μετ’
2469 2646 2657 2707 αὐτοῦ,
2696 2664 2715 2696 ι
2744 2649 2959 2707 πάντως
2990 2648 3140 2699 οἰδὲν
3179 2648 3367 2713 ἕτερον

1802 2732 2093 2801 δηλοῦντος
2138 2733 2229 2786 τοῦ
2287 2733 2446 2798 λόγου
2491 2735 2523 2803 ἦ
2579 2736 2661 2787 ὅτι
2715 2735 2818 2787 κᾶν
2867 2738 2959 2788 καὶ
3019 2736 3146 2802 μίαν
3199 2739 3368 2805 μόνην

1803 2827 2030 2892 γυναῖκά
2083 2827 2233 2878 ἐστιν
2296 2827 2402 2878 ἀπὸ
2459 2828 2670 2879 δικαίου
2722 2829 2870 2897 ἔχειν
2923 2829 3012 2880 τὸν
3058 2830 3366 2899 ἄιθρωπον,

1800 2914 1914 2966 ἀλλ’
1950 2916 2099 2966 ἔστιν
2126 2918 2209 2966 ὅτε
2250 2917 2340 2967 καὶ
2376 2900 2543 2985 αὐτῆς
2579 2918 2880 2985 ἀπέχεσθαι
2922 2920 3135 2987 πρέπον
3178 2923 3325 2974 ἐστίν
3352 2938 3366 2951 '

1800 3008 1858 3057 ὲν
1890 3007 1997 3075 γάρ
2026 3007 2101 3074 τῷ
2136 3007 2314 3058 εἰπεῖν
2347 3008 2431 3059 ὄτι
2477 3009 2705 3076 Εἰσῆλίιε
2738 3010 2858 3062 Νῶε
2896 3013 2975 3071 είς
3008 3014 3101 3080 τὴν
3134 3014 3368 3065 κιϐωτὸν

1804 3101 1895 3153 καὶ
1926 3103 1973 3150 οἰ
2014 3100 2122 3151 υἱοὶ
2158 3100 2343 3161 αὐτοῦ,
2378 3102 2577 3165 ἔδειξεν
2608 3102 2734 3165 τοὺς
2771 3104 2920 3165 uici);
2952 3106 3117 3157 αὑτοῦ
3163 3101 3271 3158 οἷον
3316 3127 3367 3160 τι

136 3197 275 3266 μίαν
303 3202 552 3264 γυναῖκα.
595 3200 752 3253 Ἀλλὰ
776 3200 839 3270 δὴ
878 3202 970 3252 καὶ
1003 3202 1051 3254 οἱ
1079 3202 1184 3253 υἱοὶ
1214 3201 1401 3265 αὑτοῦ,
1429 3202 1533 3255 ἀνά
1569 3204 1697 3272 μίαν
1726 3197 1767 3252 C
1801 3191 2147 3262 διατείχισμα
2202 3192 2438 3261 χωρίξον
2493 3195 2586 3246 τὸν
2618 3195 2738 3248 Νῶε
2795 3197 2903 3248 ἀπὸ
2958 3198 3059 3264 τῆς
3114 3200 3370 3293 γυνξιικδς

134 3378 271 3431 lium
319 3393 439 3431 cum
474 3377 579 3431 Eva
618 3376 933 3438 concubuit,
966 3377 1058 3430 sed
1094 3376 1165 3430 ob
1202 3377 1494 3430 liberorum
1535 3394 1698 3447 gene-

132 3470 429 3529 rationem,
474 3478 635 3537 atque
675 3468 956 3537 generavit
1001 3468 1223 3522 liberos.
1259 3471 1395 3521 Ante
1437 3470 1693 3524 delictum

132 3574 319 3619 autem
360 3567 411 3616 in
447 3566 761 3632 angelorum
800 3565 1019 3617 modum
1056 3565 1324 3617 vixerant.
1358 3566 1458 3618 Sed
1515 3575 1692 3619 tamen

130 3657 350 3710 etiamsi
383 3670 503 3708 eum
544 3654 651 3707 Eva
697 3654 938 3707 Adamus
974 3656 1287 3719 concubuit,
1326 3658 1483 3709 unica
1517 3667 1692 3710 tamen

129 3749 335 3801 fetnina
371 3757 505 3808 erat,
538 3762 643 3800 non
676 3748 875 3798 multae.
916 3748 1124 3800 Etenim
1171 3764 1269 3801 nec
1294 3766 1458 3801 mmm
1490 3766 1693 3802 marem

129 3852 189 3894 et
220 3841 416 3893 multas
457 3839 706 3901 feminas,
745 3855 841 3893 nec
885 3842 1087 3895 multos
1129 3856 1306 3894 inares
1341 3852 1394 3893 et
1432 3857 1592 3894 unam
1624 3844 1697 3895 fe-

129 3933 362 3992 minam,
396 3931 489 3983 sed
542 3946 706 3983 unum
741 3947 941 3983 marem
979 3932 1265 3996 Adamum,
1317 3944 1367 3985 et
1411 3949 1571 3985 unam
1622 3932 1697 3985 fe-

128 4023 337 4074 minam
373 4020 534 4072 Evam
592 4019 732 4072 Deus
778 4023 1005 4073 creavit.
1052 4023 1226 4074 Aucto
1272 4030 1451 4075 autem
1497 4038 1696 4090 genere

128 4113 372 4166 [tulliano
409 4120 465 4165 et.
510 4111 575 4164 ad
614 4110 849 4165 facinora
895 4111 1184 4167 libidinosa
1225 4120 1280 4165 et
1306 4113 1504 4182 injusta
1524 4116 1693 4168 decli—

126 4214 318 4265 nante,
353 4202 731 4271 indignabatur
776 4202 953 4270 iisque
985 4204 1325 4258 irascebatur
1351 4205 1510 4269 Deus,
1550 4209 1694 4261 sicut

124 4295 354 4349 divinus
408 4293 617 4363 Moyses
679 4294 734 4347 iu
777 4292 920 4347 libro
982 4293 1208 4349 Genesis
1260 4299 1468 4361 scribit,
1520 4297 1688 4352 Deum

123 4387 339 4438 dixisse
359 4401 403 4437 ει
434 4383 514 4437 Ne
538 4393 751 4437 maneto
778 4398 937 4451 snper
958 4400 1052 4439 eos
1072 4384 1312 4451 Spiritus
1340 4403 1511 4452 meus,
1556 4405 1693 4457 qun-

122 4475 277 4526 niam
305 4489 433 4526 caro
453 4479 630 4537 sunt»
646 4473 747 4527 hoc
771 4473 1023 4537 estplane
1046 4475 1317 4529 libidinosi
1339 4487 1389 4529 et
1410 4457 1691 4533 terrestres

1808 3372 2094 3437 rationem,
2133 3384 2189 3426 ut
2214 3374 2476 3429 diximus.
2518 3376 2585 3428 At
2612 3375 2944 3431 Mnhametrs
2978 3388 3161 3445 aperte
3189 3379 3366 3448 docet,

1808 3479 1837 3516 a
1876 3463 1983 3516 Deo
2006 3464 2167 3530 jnstis
2193 3481 2290 3533 pro
2322 3466 2544 3533 praemio
2572 3467 2755 3519 datum
2788 3468 2850 3518 iri
2880 3469 3112 3531 lavacra,
3141 3483 3188 3523 et
3219 3470 3375 3523 fem—

1809 3569 1907 3606 nas
1941 3556 2166 3622 singulis
2200 3556 2379 3622 plures
2430 3567 2482 3608 et
2535 3557 2677 3610 :edes
2735 3558 3152 3624 pulcherrimas.
3218 3560 3366 3614 Talin

1811 3645 1975 3711 igitur
2016 3646 2109 3713 qui
2144 3647 2258 3714 lege
2305 3649 2480 3700 sancit
2512 3652 2788 3716 quonme
2824 3664 2853 3702 a
2897 3651 3003 3703 Deo
3040 3652 3236 3704 Inissns
3277 3654 3376 3706 sit?

1806 3737 1919 3789 lino
1943 3738 2141 3791 Stultus
2164 3749 2267 3799 est,
2297 3739 2386 3805 qui
2416 3740 2515 3791 ista
2566 3740 2779 3805 probat,
2808 3750 2970 3809 atque
3008 3744 3199 3803 credit,
3228 3746 3370 3811 quml

1806 3826 2094 3879 libidinose
2124 3828 2199 3892 ﬁt,
2234 3829 2282 3880 id
2321 3838 2457 3892 tum,
2480 3845 2604 3881 cum
2636 3831 2853 3898 praemia
2890 3832 3026 3885 bona
3062 3843 3115 3887 et
3141 3836 3369 3899 pulchra

1806 3920 2010 3973 sanctis
2032 3920 2306 3987 justisque
2331 3921 2628 3985 dabuntur,
2661 3927 2903 3989 peccanli
2944 3927 3364 3994 multiplcatunt

1805 4010 1897 4062 iri.
1928 4012 2160 4063 Attende
2194 4027 2341 4076 vero,
2370 4028 2487 4080 qua:
2521 4028 2683 4081 porro
2714 4015 2853 4067 laeta
2897 4016 3023 4071 sint.
3056 4017 3193 4071 Dicit
3220 4019 3368 4090 Moy-

1803 4116 1891 4155 ses
1928 4118 1940 4153 :
1979 4119 1997 4151 ι
2035 4102 2209 4169 Atque
2238 4104 2515 4169 ingressus
2542 4114 2624 4157 est
2664 4115 2844 4158 aream
2881 4106 2994 4161 Noe
3044 4118 3095 4162 cl
3127 4112 3217 4163 ﬁlii
3246 4113 3370 4182 ejus

1798 4202 1852 4245 et
1890 4207 2030 4245 uxor
2055 4192 2174 4259 ejus
2212 4203 2259 4246 cl
2297 4210 2497 4248 uxores
2530 4196 2763 4249 liliornm
2794 4200 2934 4266 ejus.
2977 4218 2995 4249 ›
3045 4200 3116 4254 De
3158 4204 3369 4271 ingres-

1802 4285 1955 4337 sione
1996 4285 2155 4352 igitur
2186 4284 2344 4339 dicit:
2392 4303 2411 4336 ι
2447 4284 2729 4354 Ingressus
2758 4298 2841 4341 est
2875 4289 2983 4345 Noe
3016 4304 3066 4346 et
3120 4295 3213 4348 ﬁlii
3249 4298 3369 4365 ejus

1801 4387 2067 4430 etuxores
2098 4377 2329 4430 ﬁliorum
2370 4379 2489 4445 ejus
2537 4395 2551 4443 ;
2598 4399 2614 4430 ι
2638 4382 2701 4434 de
2730 4383 2878 4435 exitu
2911 4398 3091 4439 autem
3128 4405 3232 4442 nnn
3273 4392 3365 4453 ita,

1802 4473 1930 4523 sed:
1975 4489 1993 4520 ι
2035 4472 2296 4539 Egressus
2320 4483 2400 4526 est
2433 4470 2547 4526 Noe
2579 4485 2631 4526 et
2662 4490 2798 4529 uxor
2829 4478 2947 4544 ejus
2969 4492 3021 4531 et
3047 4482 3137 4534 lilii
3166 4483 3281 4550 ejus
3314 4502 3368 4536 et

123 4566 256 4620 facti
274 4575 601 4633 sunt,atque
636 4566 746 4618 veri
782 4567 1017 4634 bonique
1061 4567 1433 4637 immemores,
1469 4571 1701 4626 lasciviae
1732 4539 1781 4597 θ
1807 4578 2002 4616 uxores
2032 4563 2266 4616 ﬁliorum
2311 4566 2429 4635 ejus
2456 4582 2578 4619 cum
2611 4583 2695 4621 eo.
2726 4589 2742 4619 ι
2786 4570 2991 4633 Quibus
3022 4575 3199 4629 verbis
3235 4580 3367 4630 nihil

119 4671 183 4710 se
202 4656 488 4710 dederunt.
514 4654 650 4709 Tum
674 4655 814 4710 Deus
835 4654 953 4711 Noe
981 4657 1110 4711 dicit
1136 4674 1149 4709 :
1177 4676 1194 4708 ι
1221 4657 1489 4723 Quoniam
1528 4672 1579 4713 te
1604 4661 1695 4727 ju-

120 4760 273 4804 stum
302 4750 573 4803 hominem
612 4749 790 4802 inveni
822 4749 875 4802 in
906 4749 1008 4802 hoc
1031 4765 1246 4819 genere,
1272 4768 1390 4820 age,
1416 4768 1595 4807 arcam
1629 4755 1693 4806 li-

116 4855 318 4911 gneam
341 4848 580 4893 exstrue.
614 4856 633 4890 ι
656 4838 939 4892 Exstruxit
964 4840 1125 4906 igitur
1168 4841 1279 4894 Noe
1306 4856 1487 4894 arcam
1510 4859 1538 4895 e
1566 4858 1690 4911 prae

116 4941 286 5001 cepto
314 4928 614 4990 Domini,et
638 4929 859 4982 intravit
885 4944 1001 4983 eam
1027 4945 1150 4983 cum
1178 4933 1350 4985 tribus
1379 4934 1521 4995 ﬁliis,
1544 4935 1690 4997 Sem,

115 5027 316 5088 Cham,
339 5024 604 5093 Japheth:
632 5024 962 5092 intravitque
985 5023 1233 5076 eamdem
1260 5039 1396 5077 uxor
1420 5024 1548 5078 Non:
1566 5041 1690 5079 cum

122 5118 304 5169 tribus
339 5116 602 5169 uxoribus
637 5114 870 5167 ﬁliorum
910 5112 1060 5167 Noae.
1113 5111 1295 5183 Vides,
1350 5116 1516 5169 Deum
1558 5112 1687 5169 Noae

120 5220 183 5261 ut
222 5206 373 5273 justo
422 5206 627 5259 homini
676 5213 932 5258 testatum
962 5218 1104 5265 esse,
1161 5206 1361 5273 quippe
1385 5207 1477 5274 qui
1525 5221 1686 5260 unam

119 5314 351 5354 uxorem
389 5298 630 5352 haberet.
661 5296 771 5351 Nec
800 5311 926 5350 vero
957 5296 1197 5364 ejusdem
1230 5297 1343 5360 ﬁlii,
1372 5300 1463 5366 qui
1500 5307 1553 5351 et
1586 5298 1686 5366 ipsi

117 5390 326 5459 singuli
364 5389 606 5458 singulas
652 5402 849 5442 uxores
890 5388 1173 5451 haberent,
1214 5388 1282 5442 ab
1319 5389 1395 5442 ira
1449 5388 1537 5443 Dei
1579 5406 1685 5443 non

114 5483 323 5535 servati
355 5488 517 5534 sunt:
552 5494 674 5533 cum
702 5494 864 5533 omne
893 5495 1065 5547 genus
1091 5480 1390 5533 humanum
1418 5496 1681 5550 aquarum

115 5570 367 5641 proluvie
400 5570 624 5638 periret.
652 5568 783 5633 Quae
819 5584 902 5625 res
946 5569 1107 5623 etiam
1163 5572 1545 5624 stultissimum
1586 5572 1686 5625 lio-

116 5664 323 5715 minem
380 5661 559 5723 docet,
605 5661 846 5729 legitime
901 5676 1063 5713 unam
1111 5676 1334 5713 uxorem
1384 5661 1578 5725 virum,
1633 5673 1687 5716 et

111 5766 288 5806 unum
324 5753 575 5805 maritum
611 5751 866 5805 feminam
916 5752 1131 5805 habere.
1168 5752 1273 5806 Sed
1331 5753 1435 5806 hoc
1466 5768 1688 5822 quoque

92 5852 241 5910 .post
266 5843 690 5897 exsecrationem
733 5842 930 5895 factum
958 5854 1059 5907 est,
1093 5845 1160 5896 oh
1203 5844 1491 5897 liberorum
1525 5862 1686 5914 gene-

1798 4656 1940 4709 aliud
1976 4656 2334 4726 signiﬁcatur,
2370 4659 2469 4710 nisi
2509 4662 2633 4723 hoc,
2672 4663 2883 4717 etiamsi
2926 4682 3090 4719 unam
3138 4685 3365 4723 uxnrcm

1798 4747 2038 4816 lrgititne
2067 4748 2145 4801 vir
2177 4749 2391 4805 haheat.
2446 4766 2840 4819 nonnunquam
2874 4765 3053 4809 tatnen
3093 4774 3155 4811 ea
3199 4761 3245 4811 al
3268 4764 3369 4815 sti-

1799 4844 2034 4895 nendutn
2074 4841 2123 4894 ei
2153 4856 2291 4896 esse.
2348 4841 2481 4895 Nam
2541 4862 2664 4898 cum
2716 4848 2874 4901 dicit:
2917 4869 2933 4899 ι
2972 4850 3257 4918 Ingressus
3288 4866 3370 4907 est

1795 4929 1911 4984 Noe
1965 4932 2016 4984 in
2066 4947 2245 4985 arcam
2288 4942 2341 4986 et
2374 4933 2467 4987 ﬁlii
2505 4935 2705 5002 ejus”
2750 4937 2888 4991 ﬁlios
2932 4938 3050 5007 ejus
3108 4950 3363 5008 tanquam

1797 5023 2053 5089 parietem
2078 5020 2247 5075 Neam
2277 5024 2344 5077 ab
2386 5038 2557 5077 uxore
2611 5025 2731 5092 ejus
2757 5039 3103 5092 separantem
3144 5033 3365 5098 posuit,-

1794 5131 1915 5169 cum
1935 5124 2114 5181 autem
2135 5117 2301 5171 dicit:
2333 5136 2350 5165 ι
2384 5118 2648 5185 Egrchus
2670 5129 2754 5172 est
2784 5118 2896 5174 Noe
2918 5130 2971 5174 ct
3008 5138 3142 5175 uxor
3170 5124 3308 5191 ejus,
3343 5146 3359 5176 ι

1793 5208 2048 5271 ostendit,
2078 5208 2272 5262 dehinc
2305 5210 2435 5262 nihil
2464 5209 2576 5277 jam
2611 5209 2850 5277 obstare,
2902 5213 3199 5281 quominus
3235 5231 3366 5270 uxo-

1797 5301 1839 5353 ri
1868 5300 2148 5369 jnngatur.
2189 5304 2332 5355 Idem
2390 5304 2676 5357 dicendum
2714 5305 2798 5359 e'st
2836 5306 2903 5358 de
2958 5306 3084 5361 filiis
3118 5310 3239 5377 ejus
3270 5325 3366 5363 co-

1795 5407 2024 5459 rumque
2057 5392 2340 5446 uxoribus.
2390 5396 2679 5448 Eninweru
2723 5396 2835 5464 ipse
2868 5396 3079 5468 Moyses
3115 5400 3167 5452 in
3206 5417 3364 5455 mon-

1796 5491 1903 5535 tem
1938 5482 2063 5536 Sina
2095 5486 2398 5539 ascendens
2446 5486 2618 5539 edixit
2658 5484 2885 5549 Judazis,
2947 5498 3009 5543 ut
3050 5492 3365 5546 sanctiﬁca-

1792 5584 1914 5626 rent
1945 5590 2002 5629 se
2024 5575 2089 5627 ad
2124 5576 2343 5629 tertium
2381 5578 2519 5631 diem
2569 5595 2740 5646 usque
2779 5589 2833 5634 et
2859 5590 3037 5635 vestes
3092 5582 3363 5645 lavarent,

1791 5680 1926 5719 neve
1955 5668 2244 5736 attingeret
2272 5670 2561 5737 quisquam
2593 5684 2843 5724 uxorem.
2870 5671 3011 5735 Quin
3052 5674 3216 5725 etiam
3250 5675 3367 5741 ipse

1791 5758 2034 5811 Adamus
2061 5758 2222 5811 Evam
2268 5760 2617 5828 conspicatus
2666 5761 2843 5815 dixit:
2880 5781 2897 5812 ι
2941 5760 3067 5817 [lare
3112 5773 3194 5817 est
3228 5780 3290 5817 os
3334 5782 3365 5817 ο

1792 5851 1926 5905 meis
1958 5850 2192 5914 ossibus,
2232 5861 2285 5905 ct
2328 5867 2454 5907 caro
2484 5868 2511 5906 e
2555 5870 2672 5907 mea
2714 5869 2916 5910 carne:
2970 5872 3140 5925 quare
3202 5856 3365 5912 homo
