4112 6450
172 503 281 568 941

1186 498 1629 559 CHRONICON
1672 495 1944 558 MAJUS.
1976 518 2042 531 ··-
2082 498 2229 558 LIB.
2276 497 2371 559 IV.

3300 508 3406 567 ΜΨ

168 638 269 672 ’νον
294 618 358 671 τὸ
386 615 479 669 τοῦ
510 615 752 685 Μωάμεθ
781 614 951 684 ὖνομα
976 613 1035 665 ὲν
1064 612 1139 682 τῷ
1165 614 1503 683 Εὑαγγελίῳ.
1546 614 1666 664 Ἔτι
1693 614 1741 664 εί
1772 617 1817 668 Α
1845 612 2239 679 εὐλογήσαμενλ
2310 614 2367 664 'U
2420 612 2719 681 Μαχούμετ
2771 614 2827 664 ὲν
2875 617 2971 685 μιᾷ
3010 618 3117 667 τῶν
3163 620 3405 685 ἡμερῶν,

177 712 279 779 μὲν
318 710 504 775 ἑλεγον
534 709 582 760 oi
624 705 969 776 Ἰσμαηλῖται
999 705 1083 758 ὅτι
1116 707 1276 772 μόνον
1302 707 1358 757 ὲν
1388 704 1467 774 τῷ
1494 705 1740 771 Εὐαγγε-

171 802 275 870 λίῳ
314 801 601 868 εὑρίσκετο
636 798 1025 867 γεγραμμένον
1069 795 1131 848 τὸ
1162 796 1256 848 τοῦ
1294 795 1539 862 Μωάμεθ
1567 796 1741 857 ὄνομα

174 893 272 945 καὶ
296 890 551 958 ἐξέϐαλον
578 889 708 941 αὐτὸ
736 891 785 941 οἱ
810 889 1151 957 Χριστιανοὶ,
1181 887 1274 938 καὶ
1308 886 1483 947 οὕτως
1512 884 1741 954 άρκεταί

170 987 313 1036 εἰσιν
338 983 394 1034 ai
426 980 725 1044 ἀποδείξεις
752 980 819 1042 ἃς
847 980 1100 1046 λέγομεν,
1143 980 1229 1031 ἵνα
1260 981 1401 1046 φανῇ
1431 978 1490 1029 τὸ
1519 976 1739 1046 ἀληθὲς,

168 1075 262 1126 ὅτι
296 1074 446 1125 οὐδὲν
477 1073 632 1124 αὐτοὶ
672 1072 925 1138 λέγουσιν
950 1071 1192 1139 ἀληθές*
1227 1072 1354 1123 ἐπεὶ
1389 1070 1446 1121 δὲ
1489 1069 1741 1135 λέγουσιν

170 1166 257 1217 ὅτι
282 1166 337 1214 ὲν
371 1167 435 1230 τῇ
466 1162 678 1229 γενέσει
728 1165 793 1231 τῇ
831 1161 1215 1232 συγγραφείσῃ
1256 1162 1407 1229 παρὰ
1457 1161 1552 1214 τοῦ
1580 1162 1745 1214 Meua-

173 1257 313 1319 σέως
334 1255 620 1324 εὑρίσκετο
647 1255 1062 1323 γεγραμμένον,
1090 1253 1204 1315 πῶς
1236 1234 1489 1319 ἐξέϐαλον
1516 1253 1649 1306 αὐτὸ
1677 1255 1743 1305 ὲκ

165 1347 272 1410 τῆς
325 1344 557 1405 παλαιᾶς
606 1344 657 1394 oi
724 1343 1004 1413 Ἐϐραῖοις
1070 1344 1207 1395 Οὐδὲ
1266 1346 1371 1411 γὰρ
1422 1346 1742 1415 εὑρίσκεται

167 1438 352 1488 ὲκεϊσε
392 1438 526 1498 ὅλως
558 1437 703 1506 ἴχνος
734 1437 965 1504 σημείου
1020 1438 1152 1507 περὶ
1193 1436 1286 1489 τοῦ
1340 1437 1607 1506 Μωάμεθ.
1636 1439 1745 1489 Kal

168 1528 289 1581 ἰδοῦ
328 1529 402 1591 ὡς
441 1529 493 1579 οἱ
524 1528 946 1597 Μουσουλμάνοι
995 1528 1238 1600 λέγουσι,
1284 1529 1656 1599 φθονήσαντες
1694 1532 1743 1582 oi

164 1622 489 1689 Χριστιανοὶ
572 1620 826 1685 ἐξέϐαλον
898 1622 960 1673 τὸ
1017 1620 1193 1689 ὄνομα
1270 1621 1517 1672 ἔκείνου²
1576 1622 1625 1673 ai
1688 1622 1744 1673 δὲ

174 1713 426 1782 Ἐϐραῖοι
467 1713 556 1764 διὰ
599 1714 689 1775 vi;
739 1712 932 1765 Καίτοι
982 1726 1046 1777 γε
1084 1711 1165 1773 εἷς
1212 1728 1271 1763 τε
1310 1712 1408 1781 τὴν
1438 1713 1747 1781 περιτομὴν

166 1808 271 1859 καὶ
301 1805 435 1859 ἄλλα
469 1805 611 1868 τινὰ,
639 1807 719 1866 εἰς
769 1800 976 1873 τροφάς
1019 1821 1165 1873 φημι
1208 1803 1304 1856 καὶ
1346 1804 1509 1871 ἕτερα
1559 1803 1742 1871 ἔθιμα,

172 1895 563 1963 συμφωνοῦσιν
619 1894 669 1945 oi
735 1893 1153 1961 Μουσουλμάνοι
1221 1892 1385 1961 359
1443 1894 1580 1962 μετᾶ
1634 1893 1740 1949 τῶν

176 1986 469 2055 Ἐϐραίων.
520 1984 650 2036 Ἰδοὺ
681 1982 813 2052 γοῦν
866 1987 960 2035 καὶ
1006 1984 1113 2037 ἀπὸ
1162 1984 1356 2036 τούτου
1386 1985 1738 2053 ἀναφαίνεται

164 2078 255 2129 ὅτι
284 2074 409 2129 οὕτε
438 2076 495 2127 ὲν
523 2077 588 2145 τῇ
618 2074 829 2143 παλαιᾷ
854 2075 1124 2143 Μωσαῖκῇ
1160 2073 1328 2143 βίϐλῳ
1354 2075 1650 2145 Εὕρίσκετο
1682 2076 1742 2127 τὸ

166 2167 271 2221 τοῦ
301 2166 547 2236 Μωάμεθ
575 2166 753 2236 ὄνομα
792 2164 920 2218 οὔτε
954 2167 1012 2217 ἐν
1044 2165 1120 2236 τῷ
1156 2166 1484 2236 εὐαγγελίῳ.

245 2260 356 2313 Καὶ
388 2257 559 2311 ταῦτα
592 2258 690 2329 μὲν
715 2256 909 2322 οὕτως,
943 2258 1031 2310 ἵνα
1079 2260 1173 2312 καὶ
1225 2259 1317 2311 τὸν
1351 2260 1531 2329 πάντη
1563 2260 1742 2327 ἀγνώ-

165 2371 315 2426 μονα
340 2352 640 2420 ἀγάγωμεν
675 2353 753 2413 είς
789 2351 887 2419 τὴν
910 2353 1008 2419 τῆς
1038 2349 1300 2419 ἀληθείας
1331 2352 1561 2419 γνῶσιν.

245 2442 313 2499 ε’.
351 2442 580 2511 Ἀσεϐὴς
600 2443 679 2503 εἰς
707 2440 869 2510 βάθος
894 2443 1081 2494 κακῶν
1108 2442 1739 2513 ἐμπεσὼνκαταφρονεῖ,

165 2538 340 2606 φησὶν
372 2538 401 2589 6
431 2535 739 2605 Θαυμάσιος
787 2533 1038 2604 Σολομὼν
1060 2550 1073 2565 ·
1131 2535 1225 2590 xal
1267 2535 1353 2599 τίς
1384 2535 1741 2605 ἀσεϐέστερος

164 2629 268 2682 τοῦ
295 2615 577 2698 Μωάμεθ;
641 2629 793 2679 ποῖον
846 2626 903 2680 δὲ
960 2626 1123 2695 βάθος
1171 2627 1383 2691 κακῶν,
1435 2627 1636 2695 μᾶλλον
1683 2627 1742 2680 δὲ

166 2722 391 2784 σκότος,
426 2721 505 2781 είς
534 2720 562 2771 6
589 2719 689 2772 οὐκ
739 2718 999 2771 ἐνέπεσεν
1041 2721 1071 2771 6
1114 2719 1377 2789 δύστηνος
1422 2713 1617 2785 οῦτοςς
1648 2719 1743 2772 καὶ

165 2816 287 2883 γὰρ
320 2815 455 2882 μετὰ
480 2813 589 2864 τῶν
609 2812 798 2867 ,ἄλλων
844 2811 1183 2880 πλασμάτων
1218 2814 1312 2864 καὶ
1336 2816 1576 2883 τεράτων
1615 2814 1743 2882 ψευ-

168 2907 285 2959 δῶν
314 2906 584 2958 ἐπλάσατο
612 2905 705 2956 καὶ
734 2903 832 2975 τὴν
886 2904 1168 2973 παροῦσαν
1211 2905 1451 2975 ἄθεσμον
1484 2907 1739 2977 θεωρίαν,

169 2997 410 3064 ἔχουσαν
456 2996 550 3047 ἐπὶ
593 2995 793 3058 λέξεως
846 2993 1041 3060 οὕτως,
1080 2996 1138 3047 ἐν
1168 2995 1247 3063 τῷ
1301 2996 1582 3067 κεφαλαίῳ
1635 2997 1742 3049 τῶν

168 3088 315 3141 υἱῶν
352 3106 367 3121 ο
411 3086 621 3156 Ἰσραήλ
674 3104 694 3137 ι
725 3083 883 3148 Αἶνος
912 3086 990 3156 τῷ
1036 3089 1328 3157 ποιήσαντι
1377 3086 1602 3140 διελθεῖν
1652 3086 1742 3140 τὸν

163 3176 364 3230 δοῦλον
394 3175 555 3229 αὐτοῦ
587 3179 645 3227 ὲν
699 3177 798 3246 μιᾷ
853 3179 1011 3228 νυκτὶ
1045 3178 1150 3233 ἀπὸ
1177 3179 1271 3230 τοῦ
1327 3178 1617 3247 εὖκτηρίου
1645 3177 1739 3230 τοῦ

1847 702 1985 769 μετὰ
2028 703 2089 753 τὸ
2122 703 2289 771 ψᾶλαι
2341 704 2504 756 αὐτὸν
2548 704 2645 772 τὴν
2695 703 2843 773 ὤραν
2882 705 3069 768 αὑτοῦ,
3121 703 3270 759 εἶπεν
3299 712 3411 770 τοῖς

1842 788 2262 859 ἀνθρώποις,“Ω
2297 796 2452 860 ὑμεῖς
2493 795 2794 861 ἄνθρωποι,
2827 788 3225 865 κατανοήσατε.
3269 801 3410 861 Χθὲς

1846 882 1984 950 μετά
2010 883 2070 935 τὸ
2095 882 2380 951 διαστῆναί
2418 902 2483 953 με
2506 885 2680 952 ὑμῶν,
2705 882 2836 956 ἦ).οε
2860 890 2994 957 πρός
3028 908 3094 957 με
3122 891 3151 942 6
3171 892 3410 961 Γαϐριὴλ

1847 975 1987 1041 μετά
2031 974 2131 1044 τὴν
2164 975 2401 1044 ἐσχάτην
2444 976 2742 1047 έσπερινὴν
2774 978 3117 1050 ψαλμῳδίαν,
3166 984 3259 1034 καὶ
3290 981 3412 1036 εἶπέ

1846 1083 1959 1134 μοι,
1982 1061 2053 1118 Ὦ
2080 1067 2345 1135 Μωάμεθ,
2380 1068 2685 1121 ἐντέλλεται
2734 1087 2818 1123 σοι
2872 1074 2899 1124 6
2946 1073 3078 1135 Θεὸς
3109 1077 3412 1145 ἐπισκέψα-

1846 1156 1972 1207 σθαι
2002 1157 2186 1210 αῦτόν.
2218 1151 2289 1227 τῼ
2322 1155 2495 1223 εἷπον,
2526 1159 2629 1214 Kal
2664 1160 2770 1213 ποῦ
2802 1163 2966 1214 αὐτὸν
3002 1166 3410 1235 ἐπισκέψομαις

1844 1247 1956 1298 Kal
1988 1243 2142 1300 εἶπεν
2174 1251 2201 1301 6
2237 1250 2500 1319 Γαϐριὴλ,
2522 1250 2615 1304 Ἐν
2647 1252 2725 1322 τῷ
2758 1252 2906 1322 τόπῳ
2931 1257 3067 1308 ὅπου
3120 1256 3260 1310 ἔστι.
3303 1262 3413 1316 Καὶ

1843 1336 2020 1406 ἤγαγέ
2053 1355 2141 1407 μοι
2172 1340 2394 1407 κτῆνος,
2427 1342 2612 1405 μεῖζον
2641 1342 2740 1411 μὲν
2756 1345 2904 1407 ὖνου,
2926 1346 3146 1400 ἔλαττον
3175 1350 3230 1403 δὲ
3253 1353 3414 1421 ἡμιό-

1846 1442 1958 1477 νου·
1997 1427 2093 1478 καὶ
2122 1429 2183 1479 τὸ
2216 1428 2386 1497 ὄνομα
2626 1434 2791 1485 αὐτοῦ
2839 1438 3099 1505 Μπεράκ.
3153 1442 3259 1494 Kal
3292 1440 3413 1498 εἶπέ

1849 1521 2253 1606 μοι,ἈνάϐαινΞ
2272 1524 2469 1593 τούτῳ,
2492 1529 2587 1580 καὶ
2606 1525 2795 1580 ἔλαυνε
2818 1530 2947 1581 αὐτὸ
2964 1531 3125 1600 μέχρι
3148 1533 3239 1587 τοῦ
3262 1538 3410 1589 οἴκου

1845 1609 1938 1661 τοῦ
1975 1610 2154 1676 ἁγίου.
2193 1612 2303 1665 Kal
2331 1614 2407 1675 ὡς
2432 1615 2750 1684 ἐφρόντιζον
2783 1620 3120 1690 ἀναϐαίνειν,
3156 1627 3321 1693 ἔφυγε
3350 1632 3413 1680 τδ

1847 1702 2041 1768 κτῆνος
2067 1741 2080 1755 .
2117 1704 2225 1756 Καὶ
2258 1702 2415 1757 εἶπεν
2442 1708 2613 1775 αὐτῷ,
2646 1710 2862 1764 ’Ἱστασο
2899 1716 3156 1781 ἀσφαλῶς
3187 1735 3202 1748 ·
3240 1721 3267 1770 6
3296 1722 3413 1773 Μο-

1844 1792 2048 1863 χούμετ
2078 1795 2187 1865 γάρ
2240 1797 2387 1848 ἐστιν
2441 1800 2469 1850 ὅ
2499 1818 2556 1851 σε
2593 1800 2917 1871 βουλόμενος
2963 1810 3253 1879 ἀναϐῆναι.
3302 1814 3413 1867 Καὶ

1850 1884 2125 1955 ἀπεκρίθη
2157 1888 2216 1939 τὸ
2265 1890 2485 1957 κτῆνος,
2522 1892 2607 1960 Μή
2644 1894 2784 1965 ὑπὲρ
2847 1899 3011 1951 αὐτοῦ
3061 1904 3409 1974 ἀπεστάληνς

1859 1974 2161 2046 Ἀπεκρίθη
2177 1980 2204 2031 6
2221 1980 2480 2050 Γαϐριὴλ,
2498 1982 2623 2036 Ναί.
2645 1984 2875 2040 Καὶεῖπε
2892 1989 2951 2041 τὸ
2971 1992 3266 2059 κτῆνος,οὑ
3280 2014 3413 2065 συγ-

1844 2067 2079 2133 χωρήσω
2110 2068 2258 2137 αὺτῷ
2287 2072 2579 2139 ἀναϐῆναι,
2608 2078 2654 2128 εί
2686 2078 2761 2146 μὴ
2796 2082 3061 2151 πρότερον
3109 2085 3246 2152 ὑπὲρ
3274 2088 3412 2154 ἐμοῦ

1844 2155 1938 2207 τοῦ
1952 2156 2099 2209 Θεοῦ
2119 2159 2361 2230 δεηθείη.
2425 2164 2567 2232 Ἐγὼ
2597 2165 2653 2218 δὲ
2685 2168 2914 2239 ἐδεήθην
2957 2172 3052 2224 τοῦ
3086 2174 3225 2229 Θεοῦ
3275 2179 3413 2248 ὑπὲρ

1844 2248 1935 2300 τοῦ
1969 2252 2221 2320 κτήνους,
2274 2255 2482 2324 ἐπέϐην
2514 2275 2570 2309 τε
2619 2260 2706 2312 ἐπ’
2750 2263 2898 2317 αὐτό.
2944 2267 3053 2319 Kal
3089 2276 3413 2339 περιεπάτει
3450 2310 3451 2313 η

1842 2341 2253 2437 ἐπικαθημένου
2285 2364 2387 2415 μου
2421 2352 2621 2420 πορείᾳ
2654 2349 2850 2424 λεπτῇ,
2875 2359 3200 2431 ἐπεστήριζέ
3230 2384 3288 2417 τε
3316 2369 3415 2437 τὴν

1844 2434 2015 2502 χηλὴν
2056 2434 2150 2487 τοῦ
2182 2438 2342 2501 ποδὸς
2394 2440 2452 2491 ὲν
2479 2440 2556 2510 τῷ
2591 2444 2831 2513 ὁρίζοντι
2868 2449 2969 2518 τῆς
3001 2451 3175 2521 ὅψεως
3221 2434 3409 2513 αὐτοῦ.

1843 2526 1953 2577 Καὶ
1982 2525 2155 2589 οὕτως
2204 2524 2370 2596 ἦλθον
2403 2532 2484 2593 είς
2518 2534 2607 2586 τὸν
2639 2532 2790 2589 οἷκον
2821 2538 2911 2592 τὸν
2959 2531 3136 2611 ἅγιον,
3170 2548 3411 2603 ἐλάττονι

1847 2617 2181 2689 διαστήματι
2213 2621 2244 2690 ἢ
2275 2622 2398 2675 ὅσον
2430 2623 2578 2678 λίθου
2610 2627 2740 2697 βολὴ
2767 2631 3066 2705 τελεσθείη.
3093 2632 3199 2691 Ἦν
3228 2639 3283 2693 δὲ
3321 2645 3414 2695 καὶ

1843 2711 1869 2761 6
1901 2709 2147 2780 Γαϐριὴλ
2207 2715 2326 2782 μετ’
2362 2716 2517 2785 ἐμοῦ,
2547 2719 2641 2771 xal
2697 2721 2869 2791 ἤγαγέ
2903 2742 2969 2791 με
3010 2731 3091 2790 εἰς
3113 2731 3413 2803 ἀπορρῶγα

1844 2804 1900 2855 ἐν
1924 2803 2003 2872 τῷ
2026 2805 2159 2873 οἴκῳ
2183 2804 2259 2874 τῷ
2284 2806 2426 2877 ἁγίῳ
2458 2809 2514 2861 ὲν
2544 2813 2610 2880 τῇ
2640 2812 3017 2885 Ἰερουσαλήμ.
3053 2822 3161 2873 Καὶ
3178 2819 3299 2875 εἶπέ
3322 2844 3410 2893 μοι

1843 2893 1870 2943 6
1899 2892 2161 2963 Γαϐριὴλ,
2192 2894 2504 2965 Κατάϐηθι,
2538 2900 2619 2952 ὅτι
2675 2903 2782 2955 ἀπὸ
2819 2908 2914 2973 τῆς
2951 2907 3158 2978 πέτρας
3209 2892 3412 2983 ταύτης

1842 2984 2093 3057 ἀναϐήσῃ
2174 2989 2257 3051 εἰς
2333 2989 2425 3041 τὸν
2476 2992 2745 3061 οὐρανόν.
2805 2997 2913 3049 Kal
2974 3002 3258 3072 κατέϐην.
3319 3010 3415 3061 καὶ

1844 3077 2145 3173 ο-Γαϐριὴλ
2171 3080 2512 3150 ἠσφαλίσατο
2540 3086 2675 3151 μετὰ
2707 3087 2906 3143 κύκλου
2959 3094 3095 3164 πρὸς
3119 3098 3216 3168 τὴν
3245 3103 3417 3173 άποῤ..

1846 3167 1996 3260 ρῶγα
2030 3170 2089 3222 τὸ
2122 3175 2316 3243 κτῆνος
2342 3175 2402 3225 τὸ
2425 3177 2681 3247 Μπερὰγη
2710 3185 2805 3236 καὶ
2828 3183 3092 3241 ἐϐάστασέ
3119 3208 3186 3260 με
3221 3194 3276 3245 ἐν
3302 3167 3413 3257 τοῖς

174 3268 461 3337 Ἐλαρὰμ,
490 3270 518 3323 ὅ
543 3271 688 3323 ἐστιν
712 3266 857 3330 οϊκος
890 3270 1095 3332 Μεκκὲ,
1138 3269 1299 3338 μέχρι
1330 3268 1422 3322 τοῦ
1462 3270 1746 3339 πορῤωτά-
1772 3275 1813 3331 C
1846 3257 2018 3328 ὤμοις
2048 3263 2213 3314 αὐτοῦ
2252 3266 2414 3335 μέχρι
2466 3268 2559 3323 τοῦ
2608 3273 2864 3341 οὐρανοῦ.
2898 3277 3006 3330 Καὶ
3053 3257 3141 3333 ὅτε
3177 3285 3412 3353 ἦλθομεν

166 3377 272 3413 του
300 3359 610 3429 εὖκτηρίου,
642 3359 669 3411 ὃ
714 3361 863 3411 ἐστιν
889 3360 1037 3419 οἶκος
1069 3358 1225 3427 ἅγιος
1272 3359 1651 3430 Ἰερουσαλὴμ,
1678 3362 1745 3431 ἣν

162 3474 317 3539 Quis
342 3475 477 3527 adeo
508 3474 708 3527 stultus
734 3473 824 3534 sit,
848 3474 939 3542 qui
967 3472 1080 3526 fieri
1108 3474 1206 3526 boc
1235 3488 1340 3526 non
1372 3473 1613 3539 potuisse
1633 3487 1741 3526 nou

163 3565 488 3633 intelligat?
542 3564 730 3632 itaque
788 3564 917 3618 hinc
972 3579 1189 3633 quoque
1238 3564 1591 3617 manifestum
1638 3572 1742 3627 est,

171 3656 503 3710 Mobametis
527 3672 721 3710 nomen
744 3656 1003 3723 scriptum
1027 3671 1133 3709 non
1158 3654 1325 3709 fuisse
1351 3656 1402 3709 in
1430 3656 1741 3726 Evangelii).

160 3748 298 3802 Jam
344 3747 390 3801 si
416 3747 698 3801 lsmaelitae
718 3762 914 3800 nomen
938 3746 1260 3800 Moliametis
1277 3747 1519 3801 dicerent
1550 3749 1601 3801 in
1626 3748 1745 3800 solo

169 3838 470 3907 Evangelia
493 3839 752 3906 scriptum
778 3838 965 3900 fuisse,
998 3839 1089 3891 sed
1117 3837 1349 3906 ejectum
1376 3852 1497 3893 esse
1519 3852 1547 3888 a
1586 3836 1745 3891 Cltri—-

165 3930 395 3992 suauis,
426 3930 693 3982 sufliceret
727 3944 813 3987 ea,
843 3943 1006 3997 quam
1042 3928 1403 3992 institui—mus,
1424 3928 1741 3997 disputatio,

174 4031 241 4074 ιιι
266 4021 683 4090 intelligeretur,
708 4019 853 4087 quod
891 4033 977 4072 res
1008 4019 1273 4082 est,haud
1301 4035 1423 4073 vere
1473 4022 1610 4075 istos
1661 4021 1743 4073 di-

162 4127 337 4174 cere;
368 4113 465 4165 sed
498 4110 763 4163 aliirmaut
797 4108 984 4171 iidem,
1019 4124 1215 4163 ιιυιιιεη
1247 4110 1375 4163 illud
1409 4111 1743 4172 in'Genesim

169 4206 365 4275 Moyse
389 4204 715 4273 conscripta,
747 4203 935 4257 fuisse.
962 4200 1248 4267 Quomodo
1299 4202 1465 4271 igitur
1495 4217 1526 4257 ο
1558 4203 1745 4259 Testa-

166 4307 363 4350 mento
398 4294 586 4349 Vetere
616 4294 681 4347 ab
710 4293 1217 4372 Hebrasisejectum
1248 4302 1330 4347 est
1361 4293 1536 4347 ?Nam
1588 4309 1657 4350 ne
1680 4294 1746 4348 il-

171 4390 249 4442 lic
283 4387 499 4455 quidem
533 4379 817 4454 vestigium
851 4382 1034 4440 indicii
1078 4382 1399 4439 Mobametis
1447 4396 1741 4456 comparet,

172 4483 322 4535 Ecce
346 4492 545 4542 autem,
562 4477 908 4531 Christianos
925 4476 1133 4530 invidia
1158 4486 1463 4531 commotos
1486 4477 1627 4532 illius
1648 4494 1745 4533 no-

172 4587 304 4625 men
341 4566 907 4638 ejecisselliusnlmani
942 4566 1129 4619 dicunt
1163 4583 1180 4621 :
1212 4582 1321 4636 qua
1358 4583 1423 4622 re
1480 4572 1739 4625 commoti

173 4660 436 4714 ilebrzci?
470 4657 571 4724 Qui
595 4656 815 4727 quidem
850 4656 1270 4710 circumcisione
1290 4665 1346 4711 et
1374 4657 1496 4721 aliis
1517 4659 1740 4727 quibus-

164 4755 305 4806 dam
343 4753 521 4814 rebus,
547 4750 702 4803 ‘velut
735 4763 832 4800 usu
868 4747 1112 4801 ciborum
1161 4758 1213 4802 et
1260 4748 1533 4803 institutis
1596 4750 1767 4812 aliis..

170 4862 305 4899 eum
325 4842 678 4897 Musulmauis
705 4840 1057 4893 oorreordaut.
1076 4837 1372 4893 Enimvero
1394 4840 1541 4893 vides
1567 4839 1740 4893 man-i-

164 4938 341 4994 festo.
361 4948 462 4986 nec
492 4931 544 4983 in
569 4939 786 4983 vetusto
815 4931 953 4982 libro
979 4927 1205 4999 Moysis,
1234 4943 1332 4982 nec
1361 4929 1414 4982 in
1448 4927 1740 4999 Evangelia

165 5040 378 5079 ιιοιιιειι
415 5021 736 5075 Ilobanwtis
775 5020 962 5074 fuisse.

250 5114 431 5183 Atque
484 5112 596 5165 lucc
637 5112 854 5181 quidem
913 5121 1195 5179 propterea
1235 5112 1647 5184 disputavimus,
1684 5125 1739 5168 ut

162 5208 344 5262 edam
412 5204 569 5274 plane
612 5204 893 5273 imperitos
945 5204 1011 5256 ad
1067 5219 1252 5258 verum
1301 5207 1736 5274 cognoscendum

161 5300 618 5371 perduceremus.

246 5391 303 5445 5.
337 5387 611 5443 Scelestus
662 5388 715 5441 iu
754 5396 1001 5442 extrema
1051 5387 1186 5442 maia
1245 5389 1517 5449 delabitur
1578 5406 1738 5460 aquo

162 5484 386 5547 animo,
430 5482 663 5535 eximius
715 5480 942 5534 Solomo
973 5480 1123 5535 dicit.
1166 5480 1301 5546 Quis
1338 5492 1516 5536 autem
1555 5482 1739 5536 Molin-

164 5584 324 5629 mete
368 5573 537 5641 magis
585 5570 893 5626 scelestus?
941 5570 1005 5623 Et
1028 5587 1147 5639 quae
1196 5572 1334 5625 mala
1395 5573 1508 5627 sive
1557 5573 1738 5642 potius

168 5670 448 5721 malorum
473 5665 801 5724 tenebrtmin
822 5678 960 5731 quas
981 5680 1087 5716 non
1119 5665 1374 5732 delapsus
1399 5666 1469 5718 sit
1503 5681 1735 5733 nequam

161 5754 319 5816 iste"!
356 5773 479 5811 nam
521 5773 643 5811 cum
688 5757 913 5823 reliquis
968 5756 1296 5809 commentis
1333 5766 1389 5809 et
1440 5757 1738 5810 mendaciis

166 5848 511 5922 portentosis
541 5849 702 5901 etiam
738 5861 1042 5916 perversam
1064 5847 1207 5901 banc
1238 5848 1450 5902 itineris
1477 5847 1735 5912 fabulam,

177 5943 252 5999 ad
286 5942 507 5997 verbum
560 5938 978 6003 trauslatam,in
1011 5940 1192 6003 capite
1233 5939 1468 5993 illioram
1511 5940 1733 5995 lsraclis

1850 3353 1983 3421 πρὸς
2035 3353 2127 3405 τὸν
2168 3355 2421 3425 οὐρανὸν,
2470 3359 2701 3430 ἔκρουσε
2751 3366 2850 3435 τὴν
2878 3365 3051 3436 θύραν
3079 3372 3106 3423 6
3146 3371 3410 3443 Γαϐριὴλ,

1843 3474 2110 3525 narravit.
2148 3491 2171 3523 ι
2220 3471 2365 3528 Laus
2407 3486 2525 3531 esto
2561 3478 2811 3544 Domino,
2850 3483 2942 3553 qui
2979 3501 3196 3542 servum
3250 3506 3410 3547 suum

1848 3572 1953 3611 una
1983 3570 2137 3614 nocte
2160 3576 2188 3614 a
2223 3564 2428 3618 sacello
2458 3564 2723 3634 Elarami,
2759 3588 2879 3641 quae
2904 3584 2986 3629 est
3022 3578 3165 3633 aedes
3195 3579 3409 3644 MCl‘C:l:,

1846 3648 1911 3701 ad
1941 3649 2257 3713 longissime
2295 3655 2506 3710 distans
2538 3660 2805 3714 sacellum
2841 3664 3015 3729 duxit,
3048 3683 3169 3736 qua:
3217 3680 3401 3726 sancta

1846 3738 1988 3792 audes
2016 3737 2523 3810 Hierosolymorum
2546 3757 2647 3803 est.
2680 3750 3264 3825 Mobametesquodam
3297 3762 3405 3827 die,

1846 3839 2131 3899 postquam
2170 3832 2353 3901 psallit
2387 3836 2574 3887 horam
2599 3850 2779 3899 suam,
2811 3839 3061 3897 homines
3098 3845 3167 3896 ita
3198 3846 3406 3901 allocu-

1845 3932 1934 3976 tus
1976 3932 2060 3977 est
2100 3938 2118 3977 :
2151 3924 2368 3987 Audite,
2406 3926 2675 3980 homines.
2707 3928 2851 3992 lleri,
2884 3946 3004 3985 eum
3038 3949 3068 3987 a
3098 3939 3249 3990 vobis
3295 3940 3408 3993 dis-

1849 4014 2168 4079 cessissem,
2209 4015 2340 4068 adiit
2365 4031 2456 4070 me
2504 4016 2727 4073 Gabriel
2780 4034 2902 4089 post
2934 4033 3232 4080 extremam
3265 4033 3409 4096 psal-

1848 4104 2108 4165 modiam.
2134 4114 2187 4159 et
2215 4144 2230 4167 ,
2269 4105 2627 4168 Mobam‘etes,
2674 4111 2867 4178 inquit,
2896 4114 3048 4181 jubet
3100 4126 3152 4171 te
3178 4118 3320 4173 Deus
3347 4136 3406 4174 se

1847 4196 2050 4251 videre.
2087 4196 2188 4251 Cui
2228 4198 2517 4266 respondi:
2558 4198 2786 4255 Ubinam
2825 4220 2948 4259 eum
2992 4186 3237 4263 videbo?
3268 4210 3403 4266 Tum

1838 4288 2096 4343 Gabriel:
2131 4288 2186 4343 In
2221 4289 2342 4343 loco
2376 4305 2459 4351 eo,
2494 4291 2543 4344 in
2580 4309 2689 4361 quo
2727 4304 2831 4357 est.
2869 4298 3141 4367 simulque
3170 4302 3400 4358 adduxit

1848 4380 1976 4434 mibi
2028 4380 2334 4450 jumentum
2399 4384 2574 4452 majus
2626 4386 2807 4448 asino,
2867 4390 2960 4441 sed
3006 4390 3187 4447 minus
3238 4397 3411 4455 mulo.

1840 4471 2003 4538 cujus
2028 4486 2222 4526 nomen
2254 4472 2426 4526 Berae
2453 4482 2590 4527 erat.
2629 4475 2829 4529 Deinde
2867 4477 3039 4533 dixit:
3073 4476 3403 4537 Consceude

1849 4562 1988 4617 banc
2041 4562 2269 4616 bestiam
2299 4574 2354 4618 et
2406 4564 2602 4619 velte-re
2639 4566 2704 4618 asl
2764 4578 3013 4621 sanctam
3073 4573 3266 4627 aedem.
3300 4576 3406 4629 Sed

1847 4653 2044 4713 bestia.
2077 4670 2201 4707 cum
2234 4670 2352 4708 eant
2401 4658 2768 4711 conscendere
2802 4659 3019 4723 vellem,
3072 4662 3307 4732 aufugit.
3339 4669 3409 4719 At

1844 4743 1933 4799 ille
1993 4744 2244 4797 clamavit
2302 4761 2316 4796 :
2379 4747 2637 4800 Consiste
2687 4764 2701 4799 :
2764 4740 3096 4805 Mobametes
3152 4755 3294 4807 enim
3356 4766 3410 4809 te

1844 4850 2249 4889 conscensurus
2286 4844 2394 4887 est.
2438 4825 2741 4902 Respondit
2801 4837 2969 4891 bestia
3020 4857 3034 4892 :
3079 4841 3303 4911 l’rOptcr
3345 4846 3408 4897 il-

1846 4929 2027 4981 lutune
2066 4928 2270 4982 missus
2312 4927 2473 4981 sunt?
2503 4928 2580 4980 Ad
2612 4945 2733 4995 qua:
2762 4928 2983 5000 Gabriel
3011 4970 3027 4994 ,
3062 4930 3132 4987 Es
3154 4972 3169 4995 ,
3208 4934 3403 5004 inquit.

1844 5018 2056 5071 Rursus
2097 5016 2268 5069 bestia
2306 5033 2318 5067 :
2362 5017 2480 5069 Non
2537 5019 2841 5085 permittam
2874 5019 2957 5081 ei,
3020 5032 3080 5073 ut
3128 5040 3217 5077 me
3271 5040 3404 5079 con-

1843 5110 2106 5174 scendat,
2154 5112 2254 5165 nisi
2313 5111 2464 5180 prius
2527 5127 2623 5179 pro
2671 5128 2759 5165 me
2795 5110 2957 5165 Detun
2999 5125 3256 5183 precatus
3309 5119 3400 5173 sit.

1840 5204 2033 5271 itaque
2077 5219 2175 5273 ego
2208 5202 2378 5256 Deum
2430 5214 2681 5269 precatus
2721 5219 2818 5270 pro
2866 5204 3061 5271 bestia,
3108 5211 3403 5263 conscendi

1842 5310 1987 5350 eam.
2041 5296 2355 5363 Asportavit
2413 5311 2497 5348 me
2561 5295 2701 5348 facili
2757 5296 2971 5363 itinere,
3030 5306 3083 5350 ct
3143 5301 3400 5366 ungulam

1845 5388 1992 5455 pedis
2029 5387 2080 5439 in
2114 5386 2267 5451 orbe,
2326 5402 2435 5454 quo
2470 5386 2755 5439 ﬁniebatur
2791 5388 2940 5441 visus
2985 5389 3124 5458 ejus,
3183 5393 3399 5461 ligebat.

1840 5478 1915 5532 Ita
1947 5494 2044 5547 ego
2080 5478 2137 5530 in
2173 5487 2421 5532 sanctam
2452 5478 2619 5531 rudem
2665 5481 2886 5546 perveni
2933 5480 3166 5535 breviori
3202 5486 3400 5552 spatio,

1841 5585 2001 5637 quam
2065 5582 2173 5637 quo
2208 5567 2391 5636 jactus
2449 5568 2641 5635 lapidis
2673 5570 2978 5623 coniicitur.
3032 5571 3403 5628 Comitabatur

1843 5677 1929 5715 me
1981 5659 2145 5713 etiam
2220 5659 2439 5713 Gabriel
2468 5669 2519 5712 et
2565 5660 2719 5713 duxit
2792 5676 2875 5714 me
2929 5662 2984 5715 in
3044 5665 3397 5733 praecipitium

1841 5755 2112 5825 quoddam
2178 5752 2229 5805 in
2260 5752 2375 5805 3"th
2416 5749 2943 5821 Hierosolymorum.
2980 5754 3265 5824 dixitque:
3300 5760 3401 5811 De—

1841 5848 2135 5907 scende,ut
2158 5858 2225 5897 ex
2257 5847 2359 5897 hoc
2375 5857 2507 5896 saxo
2538 5844 2879 5898 ascendasiu
2916 5846 3138 5900 ccelum.
3167 5846 3399 5901 Descen-

1842 5940 1897 5994 di
1928 5937 2114 6005 igitur,
2151 5945 2313 6004 atque
2343 5935 2530 6005 ligavit
2562 5933 2784 5992 Gabriel
2818 5938 3020 5994 annulo
3075 5938 3129 5993 in
3156 5939 3396 6008 pra-cipi.
