4112 6450
139 466 249 531 E149

1176 469 1615 530 CHRONICON
1656 472 1915 531 MAJUS.
1961 494 2028 506 ν-
2076 473 2222 532 LIB.
2252 474 2347 533 ιν.

3264 480 3370 541 950

139 593 213 641 τὰ
240 589 379 658 ὑπὲρ
406 588 498 641 τὸν
528 589 781 657 οὐρανὸν,
815 589 974 642 ἆτινα
1008 589 1064 641 ὲν
1094 590 1366 657 ἐλαχίστῳ
1413 588 1589 655 χρόνῳ
1622 588 1707 638 δύ·
1738 597 1780 651 Α
1816 588 2093 656 φωραθείη
2128 588 2424 654 ἀντιλέγων
2454 588 2528 659 τῷ
2560 590 2745 660 κοράν,
2782 592 3002 654 θάνατος
3035 594 3173 646 ἔστω
3218 595 3249 663 ἡ
3285 611 3369 647 τι·

137 699 335 733 νανται
366 680 594 733 διελθεῖν
630 681 697 733 τά
730 681 833 733 ὑπὸ
872 681 963 731 τὸν
994 679 1243 747 οὐρανὸν.
1279 678 1416 744 ἀέρα
1445 678 1590 743 λέγω
1622 680 1711 730 καὶ

136 773 338 839 αἰθέρα
369 773 463 824 καὶ
492 772 561 823 τὰ
586 772 795 833 τούτοις
834 772 995 839 ὃμοια
1025 788 1037 834 ;
1072 772 1191 821 Ἔτι
1224 772 1320 837 μὲν
1346 770 1461 829 πῶς
1502 770 1579 830 είς
1612 768 1710 835 τὴν

140 865 413 917 ἀνάϐασιν
444 865 639 933 ἐδεήθη
664 864 913 931 ἀγγέλων
936 863 1265 915 ἁναϐιΰάσαι
1294 862 1454 914 αὐτὸν
1481 862 1559 921 είς
1587 861 1710 923 τοὺς

136 958 429 1023 οὐρανοὺς,
464 958 520 1008 ὲν
548 957 605 1008 δὲ
633 958 695 1023 τῇ
732 955 1035 1007 καταϐάσει.
1068 954 1335 1021 οὐδαμῶς,
1382 952 1516 1003 ἀλλά
1550 953 1708 1019 μόνον

135 1048 239 1098 τοῦ
289 1046 427 1107 ζὼου
481 1047 751 1114 Μπαράκ,
811 1046 895 1097 ἵνα
948 1049 1041 1096 καὶ
1108 1043 1269 1096 πάλιν
1324 1044 1485 1094 αὑτὸν
1520 1044 1595 1105 εἰς
1651 1044 1709 1094 τὸ

138 1139 331 1188 Mamre
388 1137 755 1202 διασώσηται;
790 1137 898 1187 Καὶ
924 1137 1009 1197 τίς
1058 1134 1199 1187 οὕτω
1242 1136 1548 1204 παράφρων
1576 1137 1603 1186 ὁ
1634 1135 1708 1203 μὴ

136 1228 253 1277 τῶν
282 1228 541 1280 τοιούτων
577 1226 938 1295 κατεγνωκὼς
968 1245 981 1291 ἶ

216 1320 313 1371 Διά
366 1336 446 1369 τοι
496 1319 654 1369 τοῦτο
711 1318 994 1381 παντελῶς
1042 1318 1344 1372 κωλύουσιν
1393 1322 1439 1371 οἱ
1496 1319 1705 1371 ἐκείνου

136 1410 429 1461 ἀκόλουθοι
465 1410 605 1477 μετά
634 1427 795 1462 τινων
824 1408 1190 1476 διαλέγεσθαι,
1223 1411 1317 1462 τὸν
1349 1410 1570 1478 ἔλεγχον
1598 1410 1706 1460 δει-

138 1500 402 1561 λιῶντες·
442 1500 563 1552 οὐδὲ
594 1500 701 1567 γάρ
950 1499 1277 1565 ἁγνοοῦντές
1326 1502 1431 1551 είσι
1462 1500 1557 1568 τὴν
1609 1499 1705 1551 τοῦ

133 1590 465 1642 διδασκάλου
506 1590 687 1642 αὐτῶν
740 1590 1101 1658 ματαιότητα.
1147 1590 1287 1640 Ἀλλ’
1337 1590 1485 1657 ὅμως
1517 1593 1707 1643 κάκεῖ-

134 1698 224 1731 νοι
260 1680 581 1748 ἀσύμφωνοι
617 1681 757 1748 πρὸς
801 1682 1065 1751 ἀλλήλους
1116 1682 1473 1751 ὑπάρχουσιν.
1514 1685 1576 1735 Οί
1608 1684 1706 1751 μὲν

132 1773 248 1837 γάρ
281 1771 355 1838 τῷ
389 1772 486 1822 τού
515 1772 745 1824 θανάτου
791 1773 944 1841 φόϐῳ
987 1773 1080 1826 καὶ
1122 1774 1345 1836 ἄκοντες
1380 1774 1621 1837 ἕπονται,
1655 1775 1704 1827 εί

129 1864 179 1912 δ’
218 1863 347 1924 ἴσως
378 1864 595 1929 ἀφόῦως
630 1866 723 1915 καὶ
762 1867 816 1915 ὲν
842 1865 1056 1934 ἐξουσίᾳ
1092 1867 1197 1935 ἰδίᾳ
1245 1867 1512 1933 ἐγένοντο,
1544 1867 1704 1927 εὐθὺς

128 1955 459 2023 Χριστιανοὶ
490 1956 740 2022 ἐγένοντο
764 1958 827 2009 ἄν
852 1974 864 1986 ·
894 1959 941 2009 οἱ
964 1957 1020 2008 δὲ
1041 1960 1105 2025 τῇ
1140 1958 1315 2027 πλάνῃ
1342 1958 1707 2027 συναπαχθέν-

128 2064 230 2107 τες
250 2047 324 2107 ὡς
354 2047 547 2114 βέϐαια
574 2050 666 2099 καὶ
688 2049 863 2116 ἀληθῆ
888 2050 980 2099 καὶ
1004 2050 1077 2110 ὼς
1099 2049 1496 2119 ὡμολογημένα
1520 2051 1703 2119 ἔχουσι

127 2140 206 2190 τὰ
241 2140 331 2190 τοῦ
368 2140 609 2207 Μωάμεθ
664 2140 834 2205 ψεύδη
870 2142 963 2192 καὶ
1006 2141 1425 2211 τερατεύματα·
1459 2144 1506 2194 οί
1556 2142 1612 2194 δὲ
1642 2143 1701 2194 ού

133 2231 429 2297 βούλονται
485 2234 785 2300 ἀποστῆναι
827 2236 927 2301 τῆς
961 2232 1447 2300 πατροπαραδότου
1498 2232 1703 2298 πλάνης

121 2324 323 2377 αὐτῶν
353 2326 490 2376 αίδοῖ
518 2325 627 2376 τῶν
673 2326 895 2391 γονέων,
946 2325 1063 2377 ἀλλ’
1094 2325 1179 2376 ἐπ’
1219 2325 1444 2385 ἐκείνοις
1492 2325 1701 2377 τιθέασι

125 2419 239 2481 τὴν
276 2418 455 2468 αἰτίαν
484 2418 583 2482 τῆς
633 2416 768 2483 πρὸς
802 2417 936 2467 Θεὸν
975 2415 1272 2482 ἀπολογίας
1298 2432 1311 2445 ο
1352 2417 1399 2466 οί
1438 2414 1493 2467 δὲ
1527 2415 1611 2467 διὰ
1641 2415 1700 2466 τὸ

125 2506 329 2557 ἄνετον
377 2506 469 2556 καὶ
525 2505 808 2573 ἐλεύθερον
863 2506 1122 2575 καὶπερὶ
1168 2506 1264 2565 τὰς
1314 2506 1503 2573 ἡδονάς
1558 2505 1701 2557 ἐνδό-

127 2617 185 2650 σι
199 2615 298 2664 μον
330 2599 389 2649 οὐ
419 2597 693 2665 βούλονται
723 2597 1023 2665 ἀποστῆναι
1062 2597 1161 2664 τῆς
1187 2596 1412 2665 πλάνης,
1446 2596 1579 2651 ἀλλά
1602 2596 1698 2665 τὴν

123 2688 477 2758 ἀκαθαρσίαν
515 2691 606 2739 καὶ
643 2688 876 2756 ματαίαν
911 2688 1121 2739 δίαιταν
1160 2688 1572 2757 προαιροῦνται,
1614 2706 1698 2757 γι-

125 2781 438 2841 νώσκοντες
484 2783 579 2849 μὲν
609 2782 689 2834 ὃτι
740 2779 841 2832 οὔκ
888 2782 1025 2832 είσιν
1068 2779 1174 2831 ἀπὸ
1234 2780 1367 2831 Θεοῦ
1430 2780 1497 2832 τὰ
1548 2780 1697 2847 λεγόο

130 2892 300 2942 μενα,
352 2875 569 2941 λέγουσι
620 2875 663 2927 δ’
693 2876 842 2942 ὅμως
906 2874 1187 2942 ἄντικρυς,
1237 2874 1311 2935 ὡς
1346 2873 1693 2943 προείρηται,

127 2969 221 3019 ὅτι
265 2966 414 3018 Ὀδὺν
444 2966 673 3017 ἐντολῶν
709 2983 804 3017 σου
828 2964 1033 3031 γνῶναι
1068 2966 1129 3016 οὐ
1160 2962 1445 3032 βούλομαι.
1474 2965 1579 3016 Καὶ
1609 2967 1695 3017 διὰ

126 3058 300 3111 τοῦτο
326 3060 445 3110 οὐδὲ
468 3060 891 3128 παραχωροῦσιν
918 3058 1389 3125 ἀναγινώσκεσθαι
1414 3060 1511 3127 τὴν
1544 3060 1695 3112 Θείαν

125 3149 359 3218 Γραφὴν
394 3151 521 3217 παρ’
575 3150 837 3212 ἐκείνοις,
871 3150 955 3201 ἴνα
999 3148 1167 3218 μὴτὸ
1224 3150 1317 3201 τοῦ
1375 3150 1705 3205 διδασκάλου’

1819 679 2020 748 μωρία,
2072 680 2204 748 μηδὲ
2257 681 2531 733 πιστεύειν
2573 682 2761 751 ἓτερον
2819 683 2956 753 πλὴν
3005 685 3195 737 αὑτοῦ·
3227 687 3282 737 ὲν
3313 686 3370 739 δὲ

1813 770 1889 839 τῷ
1947 770 2225 838 κεφαλαίῳ
2254 772 2330 841 τῷ
2376 774 2597 841 Ἀμράμ
2649 792 2803 841 φησι,
2840 794 2857 825 ι
2904 775 2994 843 Μὴ
3046 776 3369 845 πιστεύσητε

1814 864 1999 932 ἕτερον
2056 864 2193 932 πλὴν
2254 865 2349 917 τοῦ
2396 867 2660 933 ἑπομένου
2688 868 2765 936 τῷ
2814 868 3066 937 ἡμετέρῳ
3129 868 3297 937 νόμῳ.
3346 887 3364 919 ι

1816 956 2005 1008 Καίτοι
2031 973 2093 1020 γε
2124 958 2183 1007 τὸ
2219 958 2548 1023 Εὑαγγέλιον
2578 961 2850 1027 σωτηρίαν
2885 957 3023 1013 εἶναι
3068 960 3243 1026 λέγων
3276 962 3368 1011 καὶ

1812 1048 2052 1116 ὁδηγίαν,
2105 1049 2196 1099 καὶ
2235 1049 2398 1116 μηδὲν
2445 1034 2584 1102 εἶναι
2615 1054 2724 1112 τοῖς
2755 1053 3091 1120 Σαρακηνοῖς
3127 1054 3199 1119 μὴ
3232 1052 3368 1119 πλη-

1818 1142 2021 1208 ρώσασι
2056 1141 2112 1192 τὸ
2161 1142 2487 1207 Εὑαγγέλιον
2541 1142 2633 1192 καὶ
2688 1142 2777 1192 τὸν
2814 1144 2996 1209 νόμον.
3036 1142 3203 1194 Πάλιν
3257 1142 3313 1194 δὲ
3342 1143 3369 1192 ὁ

1812 1234 1970 1292 αὐτὸς
2195 1232 2383 1301 ὥσπερ
2417 1233 2803 1301 ἐπιλαθόμενος
2830 1234 2935 1285 τῶν
2970 1233 3162 1285 ἑαυτοῦ
3196 1234 3372 1300 λόγων

1814 1324 1872 1374 ἐν
1904 1322 1981 1389 τῷ
2006 1333 2010 1336 ‘
2032 1324 2176 1391 αύτῷ
2216 1325 2498 1393 κεφαλαίῳ
2522 1326 2684 1394 φησιν
2714 1326 2792 1378 ὄτι
2838 1326 2993 1393 Ἐμοὶ
3037 1327 3133 1394 μἐν
3168 1328 3194 1378 ὁ
3232 1326 3363 1393 ἐμὸς

1814 1415 1972 1480 νόμος
2000 1417 2093 1465 καὶ
2141 1414 2267 1480 ὑμῖν
2298 1417 2324 1465 ὁ
2374 1416 2676 1482 ὑμέτεροςο
2715 1417 2873 1482 ὑμεῖς
2919 1417 3197 1483 ἐλεύθεροί
3243 1419 3365 1467 ἐστε

1813 1499 1888 1556 ὧν
1919 1506 2026 1571 ἐγὼ
2065 1506 2306 1574 πράττω,
2341 1508 2495 1573 κάγὼ
2527 1500 2599 1558 ὧν
2647 1508 2821 1575 ὑμεῖς.
2856 1508 3026 1560 Τοῦτο
3058 1508 3187 1573 γοῦν
3237 1507 3367 1559 ἴδιόν

1811 1596 1928 1647 ἐστι
1962 1596 2053 1647 τοῦ
2086 1598 2612 1665 παρατετραμμένου
2654 1600 2790 1661 νοὸς,
2827 1598 2885 1649 τὸ
2932 1597 3004 1666 μὴ
3041 1599 3197 1663 μόνον
3231 1598 3367 1665 μετᾶ

1810 1686 2098 1759 τοῦ-καλοῦ
2145 1704 2205 1737 τε
2236 1688 2328 1739 καὶ
2375 1688 2585 1753 ἀγαθοῦ
2624 1688 2953 1756 ἀσύμφωνον
2987 1688 3173 1739 τοῦτον
3221 1688 3367 1755 εὑρί-

1814 1780 2060 1842 σκεσθαι,
2092 1779 2225 1830 ἀλλὰ
2272 1782 2367 1834 καὶ
2420 1781 2550 1848 πρὸς
2590 1782 2787 1831 ἑαυτὸν
2818 1780 3088 1846 μηδέποτε
3146 1795 3381 1845 συμφωον

1811 1874 1941 1934 νεῖν,
1974 1871 2161 1938 ὥσπερ
2194 1874 2286 1924 καὶ
2320 1877 2347 1925 ὁ
2378 1872 2566 1939 παρὼν
2591 1872 2770 1923 οὐτοσὶ
2802 1870 3041 1935 Μωάμεθ
3068 1872 3120 1920 ὲν
3154 1870 3257 1937 an?
3287 1869 3364 1934 τῷ

1742 1945 1779 1996 Β
1810 1964 1973 2015 αὑτοῦ
2036 1966 2445 2032 συγγράμματι.
2502 1963 2579 2014 Τά
2626 1962 2679 2013 δὲ
2704 1964 2835 2030 ,τῶν
2882 1960 3225 2029 Χριστιανῶν
3265 1962 3364 2029 οὐχ

1812 2052 2002 2117 οὕτως,
2037 2055 2170 2105 ἀλλὰ
2204 2056 2407 2120 πᾶσαὴ
2443 2054 2560 2104 θεία
2598 2053 2809 2120 Γραφὴ,
2852 2053 2885 2120 ἦ
2914 2069 2970 2103 τε
3008 2051 3209 2103 παλαιά
3244 2052 3276 2118 ἦ
3305 2068 3363 2102 τε

1811 2145 1924 2205 νέα,
1960 2144 2052 2210 μία
2085 2142 2286 2211 ἑκάστη
2319 2144 2454 2211 πρὸς
2479 2141 2679 2209 ἑαυτὴν
2703 2144 2840 2193 κατά
2872 2143 3051 2192 πᾶσαν
3081 2141 3363 2209 άκρίὸειαν

1812 2241 2111 2303 συμφωνεῖ,
2159 2238 2251 2289 καὶ
2282 2238 2435 2297 αὖθις
2478 2238 2529 2287 αἱ
2569 2235 2663 2287 δύο
2697 2237 2833 2303 ὁμοῦ
2877 2235 3018 2286 κατὰ
3068 2234 3243 2285 πάντα
3271 2233 3365 2283 εύ-

1806 2329 2085 2396 ρίσκονται
2134 2328 2201 2380 τὰ
2242 2328 2379 2379 αὐτὰ
2432 2331 2525 2379 καὶ
2583 2326 2877 2395 φρονοῦσαι
2932 2327 3027 2377 καὶ
3081 2324 3359 2389 λέγουσαι.

1802 2421 1911 2472 Καὶ
1942 2422 2168 2479 εἰκότως
2193 2434 2206 2448 ·
2241 2423 2267 2471 ὁ
2304 2419 2410 2487 γὰρ
2436 2418 2596 2478 αὐτὸς
2627 2417 2758 2479 Θεὸς
2792 2419 2937 2468 ἐστιν
2969 2417 2993 2467 ὁ
3019 2417 3243 2482 ποιητὴς
3269 2416 3364 2466 καὶ

1801 2511 2093 2579 νομοδὸτης
2122 2510 2219 2577 τῆς
2255 2526 2311 2561 τε
2352 2510 2476 2569 νέας
2508 2508 2601 2560 καὶ
2652 2508 2909 2567 παλαιάς.
2954 2503 3094 2571 Ἐγὼ
3134 2504 3188 2555 δὲ
3224 2504 3363 2571 τάχα

1800 2600 1864 2652 ἂν
1895 2602 2034 2669 μετά
2054 2618 2111 2652 τε
2154 2600 2380 2652 Ἡσαΐου
2409 2602 2503 2652 καὶ
2526 2597 2691 2649 Δαόὶδ
2714 2597 2818 2649 τῶν
2852 2594 3145 2664 προφητῶν
3166 2591 3315 2645 εἷπον
3341 2608 3355 2622 ·

1806 2711 1824 2742 ‹
1869 2690 1982 2743 ’Ὶνα
2009 2693 2082 2757 τί,
2113 2692 2304 2760 Κύριε,
2339 2691 2454 2752 ὁδὸς
2487 2690 2697 2742 ἀσεὸῶν
2726 2686 3039 2747 εὐοδοῦταις
3086 2705 3102 2737 ι
3139 2686 3247 2736 Καὶ
3280 2686 3360 2736 ὅτι

1798 2783 1933 2853 έμοῦ
1977 2787 2123 2853 παρὰ
2158 2786 2350 2854 μικρὶν
2385 2783 2753 2848 ἐσαλεύθησαν
2786 2784 2835 2833 οἱ
2884 2782 3066 2840 πόδες,
3095 2778 3224 2846 παρ’
3250 2778 3361 2828 ὀλί-

1797 2894 1890 2941 γον
1931 2878 2154 2946 ἐξεχύθη
2207 2878 2274 2929 ei
2312 2877 2623 2945 διαόἠματά
2666 2891 2795 2927 σου·
2827 2875 2908 2925 ὅτι
2958 2872 3205 2940 ἐζήλωσα
3260 2872 3356 2923 ἐπὶ

1795 2972 1905 3033 τοῖς
1937 2974 2178 3037 ἀνόμοις,
2214 2971 2436 3038 εἰρήνην
2473 2966 2812 3035 ἁμαρτωλῶν
2849 2964 3070 3031 θεωρῶν
3102 2979 3113 2991 '
3147 2962 3228 3015 ὅτι
3256 2962 3357 3013 οὐκ

1796 3062 1943 3113 ἔστιν
1980 3063 2272 3121 άνάνευσις
2307 3062 2364 3111 ἐν
2390 3060 2467 3128 τῷ
2497 3058 2712 3125 θανάτῳ
2745 3056 2925 3109 αὐτῶν
2952 3055 3044 3107 καὶ
3069 3052 3354 3120 στερέωμα

1796 3155 1853 3204 ὲν
1887 3158 1949 3223 τῇ
1990 3155 2215 3223 μάστιγι
2245 3152 2443 3215 αὐτῶν,
2478 3153 2534 3203 ἒν
2570 3150 2758 3211 κόποις
2792 3146 3095 3217 ἀνθρώπων
3118 3145 3218 3197 οὒκ
3248 3144 3356 3195 εἰσι

126 3243 320 3295 αὐτῶν
348 3242 540 3309 ψεῦδος
586 3245 665 3303 εἰς
700 3243 922 3311 ἔλεγχον
961 3243 1110 3314 ἔλθῃ.
1150 3244 1237 3295 Ἐν
1272 3247 1379 3311 γάρ
1428 3244 1503 3312 τῷ
1532 3261 1696 3311 κεφα-
1729 3270 1771 3327 C
1804 3250 1895 3299 καὶ
1937 3248 2078 3315 μετά
2107 3248 2408 3314 ἀνθρώπιον
2436 3246 2495 3297 οὐ
2525 3244 3054 3313 μαστιγωθήσονται.
3084 3240 3179 3291 Διὰ
3207 3237 3359 3291 τοῦτο

126 3334 274 3403 λαίῳ
310 3335 387 3401 τῷ
429 3334 583 3386 Ἰωνᾶ
627 3334 767 3386 οὕτω
816 3334 1003 3403 φησὶν,
1058 3337 1141 3385 ὅτι
1192 3336 1295 3387 κάν
1341 3336 1520 3397 ὁποῖός
1567 3353 1694 3387 ποτε

129 3516 478 3579 incorporea.
545 3529 662 3580 qum
696 3515 913 3582 quidem
968 3524 1210 3581 tempore
1239 3515 1560 3569 brevissimo
1614 3530 1697 3576 ea,

126 3620 259 3671 qua:
284 3604 420 3656 infra
449 3606 643 3657 ecelum
686 3615 832 3667 sunt,
874 3621 1001 3659 aera
1036 3618 1087 3660 et
1121 3608 1321 3661 mlhera
1351 3618 1403 3660 et
1438 3607 1521 3659 his
1556 3608 1703 3661 simi-

124 3698 228 3762 lia,
259 3700 488 3751 transire
520 3698 771 3764 I‘ossunt?
791 3698 1037 3767 Autquid
1063 3697 1389 3751 Mohametes
1416 3700 1618 3763 angelis
1650 3701 1699 3751 in

125 3804 368 3842 ascensu
392 3793 601 3856 egebat,
635 3800 692 3842 ut
746 3790 798 3840 in
831 3787 962 3840 eoela
1023 3791 1089 3841 ab
1136 3790 1201 3840 iis
1262 3788 1599 3849 eveheretur,
1648 3788 1698 3839 in

124 3880 398 3930 descensu
434 3895 534 3929 non
563 3881 771 3944 egebat,
812 3880 905 3933 sed
936 3879 1049 3933 sola
1077 3880 1248 3932 bestia
1270 3878 1440 3929 Barac
1460 3894 1588 3930 usus
1618 3887 1700 3930 est

125 3978 190 4021 ιιι
231 3968 467 4021 Mcccam
509 3970 732 4021 rediret?
762 3970 893 4034 Quis
916 3970 1048 4022 adeo
1078 3970 1276 4023 stultus
1316 3969 1405 4033 sit,
1431 3968 1522 4037 qui
1582 3968 1696 4020 luce

124 4061 486 4127 improbanda
515 4076 633 4112 esse
670 4076 777 4113 non
813 4060 1049 4112 sentiat?

197 4152 407 4203 (lavent
432 4151 652 4203 omnino
680 4151 815 4202 hanc
844 4150 913 4203 ob
947 4163 1162 4203 causam
1193 4147 1341 4201 illius
1372 4152 1613 4211 asseclae,
1638 4166 1703 4203 ue

122 4256 251 4293 eum
314 4254 584 4307 quoquam
640 4239 931 4308 disputent,
1008 4238 1390 4292 refutationem
1447 4248 1697 4294 metuen-

126 4344 233 4384 ιιες.
292 4330 478 4399 Neque
522 4331 666 4383 enim
734 4331 982 4399 ignorant
1046 4330 1290 4398 magistri
1344 4333 1427 4385 sui
1484 4332 1693 4385 vanita-

122 4438 260 4479 tem.
326 4422 501 4476 Nihilo
568 4432 741 4475 tamen
806 4423 988 4475 minus
1019 4422 1120 4489 ipsi
1176 4421 1317 4475 inter
1377 4437 1433 4475 se
1494 4422 1704 4476 dissen—

123 4526 296 4571 tiunt.
318 4515 419 4568 Alii
453 4515 595 4569 enim
621 4515 772 4567 inviti
817 4522 961 4567 metu
995 4515 1181 4567 mortis
1213 4528 1335 4566 eum
1378 4522 1700 4581 sequuntur,

118 4607 318 4671 qui,si
366 4606 558 4660 timore
611 4604 764 4658 vacui
817 4613 870 4657 et
928 4604 1011 4657 sui
1063 4604 1201 4671 juris
1239 4614 1443 4664 essent,
1499 4604 1678 4657 statim
1717 4616 1757 4669 ο

118 4696 426 4748 tlhristiani
453 4696 662 4757 ﬂerent;
690 4694 803 4756 alii,
835 4707 1021 4747 errore
1045 4692 1313 4759 obstricti,
1370 4703 1427 4747 ut
1464 4702 1607 4745 certa
1636 4704 1689 4746 et

122 4803 252 4838 vera
288 4795 341 4839 et
366 4787 583 4855 probata
641 4795 963 4839 venerantur
1014 4785 1291 4838 mendacia
1345 4795 1399 4839 et
1448 4784 1688 4852 prodigia

123 4879 469 4943 Mnhamctis;
504 4878 592 4930 alii
620 4892 649 4930 a
677 4877 973 4945 majoribus
1027 4877 1128 4932 sibi
1184 4878 1410 4930 traditos
1476 4890 1691 4929 errores

120 4978 349 5037 propter
407 4967 783 5021 verecundiam
851 4978 1135 5036 parentum
1203 4968 1511 5034 relinquere
1582 4982 1689 5018 non

118 5063 349 5121 audent,
384 5059 476 5112 sed
541 5059 638 5112 hos
671 5059 771 5111 sibi
833 5060 897 5112 ad
963 5059 1125 5111 Deum
1184 5058 1523 5111 excusationi
1578 5056 1691 5110 lore

118 5152 430 5213 conﬁdunt;
480 5150 571 5202 alii
625 5150 855 5216 denique
916 5160 1131 5217 propter
1190 5150 1577 5215 indulgentiam
1639 5158 1692 5201 et

120 5246 429 5294 libertatem
462 5249 516 5295 et
554 5241 761 5293 veniam
819 5242 1092 5308 explenda:
1148 5240 1387 5293 libidinis
1443 5255 1679 5292 errorem

118 5342 381 5385 «fr-serere
409 5342 683 5394 recusant,
708 5345 870 5399 atque
905 5332 1167 5399 impuram
1201 5344 1252 5384 et
1285 5347 1472 5383 vanam
1528 5333 1689 5382 Vitam

120 5434 453 5492 ιιιηιξοριιιηι,
479 5425 569 5491 qui
633 5439 753 5490 qua:
820 5424 1101 5487 docentur,
1166 5422 1344 5475 divina
1398 5439 1501 5474 non
1572 5438 1692 5475 esse

123 5518 299 5583 probe
328 5515 526 5577 sciunt,
556 5513 672 5575 sed,
703 5521 759 5565 ut
784 5513 915 5574 nixi,
942 5513 1149 5581 liquido
1177 5514 1518 5581 proﬁtentur,
1545 5515 1686 5565 viam

120 5594 504 5655 mmi'datorum
544 5604 634 5655 Dei
668 5618 827 5656 nosse
851 5619 907 5657 se
939 5606 1098 5656 nolle.
1152 5602 1345 5655 Eadem
1409 5603 1474 5655 de
1529 5618 1693 5655 causa

121 5710 223 5745 nec
270 5704 457 5745 sacras
496 5692 727 5748 Litteras
770 5694 869 5757 legi
932 5693 1263 5760 permittunt,
1330 5706 1394 5743 ne
1450 5690 1689 5757 magistri

120 5786 207 5837 sui
242 5782 521 5834 mendacia
549 5794 925 5849 agnoscantur.
960 5784 1011 5835 In
1041 5784 1211 5849 capite
1246 5782 1377 5835 Jona
1412 5784 1550 5834 enim
1608 5782 1691 5834 (Ιί-

130 5876 227 5937 cit,
252 5872 560 5943 qtticuuque
581 5876 843 5928 Comment
880 5876 1199 5943 impugnans
1231 5873 1687 5942 ιΙιΊιιοιειιιειιΛαίαν,

1806 3343 2107 3409 ἐκράτησεν
2140 3341 2336 3401 αὐτοὺς
2366 3342 2399 3407 ή
2428 3340 2801 3408 ὑπερηφάνεια
2834 3337 2913 3397 είς
2942 3336 3092 3395 τέλος
3124 3350 3135 3361 ·
3176 3348 3361 3399 περιε-

1804 3540 1926 3578 eum
1954 3534 2125 3577 morte
2154 3524 2487 3576 multandum
2511 3537 2653 3584 esse,
2688 3535 2784 3575 nec
2801 3528 3050 3588 oportere
3080 3518 3357 3584 cuiquam,

1807 3617 1904 3667 nisi
1928 3616 2049 3677 sibi,
2082 3615 2250 3677 credi;
2284 3614 2421 3667 idem
2457 3614 2509 3665 in
2560 3614 2732 3679 capite
2757 3610 2968 3663 Amram
3005 3608 3132 3661 dicit
3162 3624 3175 3659 :
3216 3624 3231 3654 ι
3256 3602 3359 3655 Ne-

1808 3704 1935 3755 mini
1966 3704 2189 3763 credite,
2219 3702 2322 3754 nisi
2369 3701 2460 3768 qui
2492 3701 2592 3768 legi
2623 3711 2821 3751 nostra:
2847 3698 3202 3763 obtemperat.
3232 3712 3250 3744 ι
3296 3691 3360 3743 Et

1806 3801 1981 3846 tamen
2010 3792 2352 3861 Evangelinm
2374 3791 2601 3845 salutem
2627 3799 2679 3842 et
2702 3790 2834 3840 viam
2860 3787 3109 3853 appellat.
3129 3784 3328 3838 etSara
3348 3810 3359 3819 -

1805 3895 1993 3945 cenes,
2022 3879 2121 3931 nisi
2148 3879 2244 3946 legi
2274 3890 2325 3931 et
2345 3877 2632 3945 Evangelio
2656 3874 3011 3936 satisfaciant,
3038 3873 3169 3925 nihil
3204 3884 3357 3939 agere

1805 3972 1953 4025 dicit.
1992 3973 2197 4023 ltursus
2225 3972 2374 4036 quasi
2415 3969 2631 4029 oblitus,
2685 3982 2800 4035 quat
2831 3974 2953 4017 ante
3003 3962 3247 4019 dixisset,
3311 3960 3360 4011 in

1806 4063 1989 4115 eodem
2021 4062 2214 4129 capite,
2275 4059 2452 4122 ibiibi,
2486 4059 2678 4125 inquit,
2712 4072 2827 4109 mea
2862 4056 2966 4118 lex,
3007 4056 3158 4106 vobis
3185 4062 3361 4106 vestra

1804 4162 1907 4216 est;
1939 4168 2030 4206 vos
2059 4168 2265 4209 eorum.
2294 4167 2412 4219 qum
2444 4166 2540 4219 ego
2568 4150 2725 4211 facio,
2762 4157 3008 4215 expertes
3058 4147 3211 4208 estis,
3264 4161 3361 4211 ego

1803 4256 1992 4295 eorum
2053 4256 2171 4309 quin
2233 4255 2327 4292 vos
2384 4238 2611 4291 facitisa
2652 4237 2912 4289 Nimirum
2964 4236 3166 4287 iusnme
3202 4250 3355 4283 Ineu-

1808 4336 1877 4388 tis
1916 4345 2016 4395 est,
2071 4350 2175 4386 non
2208 4332 2385 4385 solum
2415 4348 2533 4385 cum
2573 4332 2730 4383 bonis
2777 4327 3217 4396 sapientibnsque
3252 4340 3358 4376 non

1805 4418 2130 4488 consentire,
2186 4424 2277 4477 sed
2332 4423 2492 4476 etiam
2547 4436 2730 4474 secum
2770 4432 3028 4488 pugnare,
3074 4426 3127 4467 nt
3179 4413 3360 4466 Moha-

1807 4524 1974 4569 metes
2033 4516 2119 4567 hic
2186 4514 2238 4566 in
2308 4523 2418 4567 toto
2476 4512 2612 4565 libro
2676 4525 2772 4563 suo
2822 4510 2965 4561 facit.
3061 4505 3211 4559 Haud
3278 4520 3364 4557 ca-

1806 4605 1924 4658 dem
1988 4604 2126 4657 ratio
2154 4603 2583 4657 Christianorum
2643 4601 2899 4653 librorum
2961 4606 3064 4659 est.
3122 4596 3214 4651 sed
3244 4611 3363 4647 οιιι-

1798 4696 1882 4749 uis
1942 4709 2093 4749 sacra
2154 4694 2453 4762 Scriptura.
2509 4701 2801 4745 tumvetus
2863 4698 2972 4742 tum
3026 4702 3184 4751 nova,
3253 4699 3359 4736 rion

1800 4786 1974 4839 solum
2009 4800 2103 4853 pro
2139 4800 2197 4839 se
2220 4794 2446 4852 utraque
2480 4781 2885 4836 accuratissime
2913 4794 3094 4833 sx-cum
3139 4791 3363 4831 concor-

1799 4886 1910 4939 dat,
1938 4876 2029 4929 sed
2047 4876 2206 4928 etiam
2233 4874 2419 4927 ambas
2444 4882 2619 4941 partes
2648 4887 2865 4939 prorsus
2893 4871 3031 4923 inter
3058 4884 3114 4922 se
3136 4884 3363 4923 consen-

1800 4969 1994 5020 tientes
2025 4976 2075 5019 et
2103 4973 2463 5032 congruentes
2493 4962 2671 5016 habet.
2728 4960 2989 5015 Nimirum
3016 4961 3156 5012 idem
3222 4958 3368 5011 Deus

1798 5069 1986 5111 auctor
2020 5066 2072 5111 et
2100 5056 2373 5124 legislator
2425 5068 2572 5107 novae
2595 5063 2648 5107 ct
2701 5052 2897 5105 veteris
2921 5050 3211 5117 Scriptura:
3259 5059 3358 5102 cst.

1799 5149 2084 5201 Enimvero
2134 5163 2255 5198 cum
2305 5144 2447 5207 Isaia,
2483 5143 2760 5197 et'Davide
2822 5142 3096 5210 prophetis
3149 5154 3356 5206 rogare,

1806 5260 1821 5290 ι
1849 5242 2041 5304 Quare,
2070 5238 2311 5297 Domine,
2349 5235 2424 5286 Via
2463 5233 2745 5300 impiorum
2798 5230 3128 5283 sternitur?»
3201 5241 3364 5295 atque

1800 5332 1977 5383 dicere
2003 5328 2229 5394 possim,
2263 5342 2367 5378 non
2428 5326 2657 5376 multum
2689 5322 2945 5382 abfuisse,
2972 5324 3097 5388 quin
3120 5320 3359 5371 labarent

1800 5420 1958 5486 pedes
1983 5419 2081 5470 mei
2117 5426 2171 5469 et.
2201 5415 2411 5468 fallerer
2442 5416 2698 5481 vestigio;
2735 5411 2986 5463 invidisse
3042 5427 3124 5461 me
3150 5410 3358 5475 impiis,

1799 5525 1919 5561 cum
1984 5506 2219 5560 viderem
2268 5506 2603 5572 peccantium
2662 5518 2887 5571 pacem;
2959 5501 3156 5552 nullam
3208 5502 3356 5552 cerni

1800 5598 2247 5667 improbalionem
2281 5598 2333 5649 in
2359 5608 2527 5649 morte
2556 5610 2741 5648 eorum
2779 5609 2873 5646 nec
2933 5592 3241 5643 limiitatem
3301 5591 3355 5643 in

1799 5689 2511 5757 curumﬂagellatione,eos
2579 5687 2835 5739 aerumnis
2889 5687 3168 5738 hominum
3232 5699 3339 5735 non

1802 5780 2063 5832 obnoxios
2125 5794 2265 5837 esse,
2340 5794 2436 5829 nec
2492 5792 2611 5829 cum
2696 5776 3002 5827 horninibus
3074 5771 3354 5839 castigari.

1802 5874 2142 5941 Quapropter.
2182 5872 2371 5925 invasit
2402 5886 2494 5923 eos
2528 5880 2850 5938 postremum
2890 5864 3143 5935 superbia
3193 5875 3357 5932 atque
