4112 6450
154 475 275 536 957

1187 480 1625 542 CllllONlCON
1656 481 1921 542 MAIUS.
1946 504 1994 514 —
2026 481 2173 541 LIB.
2217 482 2312 541 ιν.

3276 478 3380 543 958

153 602 260 645 τας
292 591 320 641 ὁ
357 588 605 657 Μωάμεθ
635 603 651 619 ·
687 588 836 642 οἰδὲν
864 589 973 660 γὰρ
1021 589 1194 656 ὑγιὲς,
1238 593 1388 643 οὐδὲν
1424 591 1719 657 ὠφέλιμον,
1753 597 1795 648 Α
1826 592 1924 657 τῆς
1952 592 2214 657 σελήνηςς
2251 588 2442 655 Ὅμως
2480 587 2587 648 πᾶς
2621 603 2707 649 τις
2734 588 2765 639 ὁ
2791 588 2968 655 ζητῶν
2996 588 3095 657 τὴν
3126 589 3382 660 ἀλήθειαν

153 680 317 731 οὐδὲν
351 679 475 748 Θεῷ
516 679 724 741 δεκτδν,
772 681 907 732 ἀλλὰ
943 681 1012 733 τὰ
1052 681 1231 733 πάντα
1275 684 1415 735 κατὰ
1442 682 1535 733 τοῦ
1569 682 1713 734 θείου

152 771 328 837 νόμου
374 771 630 835 ἐδίδαξεν.
676 759 738 824 '0
775 771 1018 832 διάϐολος
1063 772 1220 834 άθεός
1262 776 1405 836 ista,
1438 778 1533 825 καὶ
1573 773 1716 825 κατὰ

152 860 341 910 πάντα
368 860 550 926 ὅμοιος
580 859 727 927 αὑτῷ
756 862 783 911 ὁ
807 860 909 927 τῆς
932 859 1207 921 ἀπωλείας
1241 860 1352 921 υίὸς
1378 862 1405 912 ὁ
1434 860 1675 927 Μωάμεθ
1696 875 1712 892 ’

152 950 295 1001 Θεὸν
337 953 446 1020 γὰρ
476 954 771 1021 προσκυνεῖ
824 953 917 1005 καὶ
969 954 1232 1022 κηρύττει
1266 952 1591 1020 ὀλόσφαιρον
1625 951 1715 1003 καὶ

150 1044 521 1111 ψυχρότατον,
565 1044 698 1097 Θεὸν
738 1048 1035 1112 προσκυνεῖ
1078 1044 1167 1096 τὸν
1215 1045 1351 1112 μήτε
1380 1046 1713 1109 γεννήσαντα

156 1134 303 1200 μήτε
338 1134 685 1203 γεννηθέντα,
738 1133 813 1202 μὴ
844 1135 1043 1202 νοήσας
1086 1134 1114 1184 ὁ
1155 1132 1388 1191 δείλαιος
1431 1132 1512 1183 ὅτι
1556 1131 1715 1199 σῶμα

152 1228 461 1290 προσκυνεῖ
488 1227 581 1277 καὶ
615 1227 672 1277 οὐ
700 1225 833 1278 Θεόν
858 1244 874 1260 ο
903 1228 936 1295 η
983 1225 1092 1293 γὰρ
1123 1226 1323 1292 σφαῖρα
1354 1220 1492 1283 εἶδος
1525 1221 1714 1286 σώμα-

152 1312 248 1373 τός
276 1315 391 1365 ἐστι
416 1316 505 1364 καὶ
535 1315 568 1383 ή
596 1314 756 1381 ψῦξις
788 1315 1013 1381 ποιότης
1049 1311 1322 1378 σώματος.
1357 1311 1460 1361 Τὸν
1496 1310 1551 1361 δὲ
1581 1309 1714 1361 Θεὸν

150 1404 250 1453 τὸν
288 1405 423 1472 μήτε
465 1409 802 1475 γεννήσαντα
842 1408 977 1474 μήτε
1012 1404 1340 1472 γεννηθέντα
1376 1403 1439 1455 οὐ
1479 1420 1719 1471 προσκυ-

151 1500 269 1560 νεῖ,
325 1498 463 1549 ἀλλὰ
500 1502 684 1563 σῶμα,
726 1498 847 1550 οὔτε
886 1498 1020 1551 Θεὸν
1042 1496 1333 1563 ἀσώματον
1368 1495 1464 1547 καὶ
1517 1495 1711 1562 ἀληθῆ,

150 1590 296 1642 ἀλλὰ
326 1589 485 1659 377
514 1590 647 1641 Θεὶν
694 1592 991 1658 προσκυνεῖ
1022 1589 1080 1642 ὃν
1114 1588 1314 1657 ὄνειροι
1348 1586 1457 1639 τῶν
1501 1586 1711 1638 ἀσεϐῶν

147 1681 567 1735 διαπλάττουσι.
621 1682 838 1734 Γελοῖον
868 1682 977 1751 γὰρ
1028 1683 1243 1743 πάντως
1294 1679 1413 1731 ἑστῖ
1466 1677 1713 1741 δοξάζειν

147 1772 279 1823 τινὰ
307 1772 457 1839 ἥλιον
474 1772 586 1838 φῶς
619 1772 693 1839 μὴ
716 1772 904 1840 ἔχοντα
924 1771 1017 1823 καὶ
1039 1773 1224 1839 πηγὴν
1253 1771 1380 1825 ἄνευ
1409 1770 1597 1830 ὕδατος
1619 1769 1713 1820 καὶ

146 1861 285 1915 νοῦν
305 1862 465 1930 λόγον
484 1864 558 1933 μὴ
595 1864 802 1932 ἔχοντα.
841 1863 927 1926 Ὠς
948 1862 1199 1916 ἀπόλοιτο
1227 1865 1255 1917 ὁ
1293 1862 1533 1925 τοιοῦτος
1558 1862 1708 1922 Θεός.

163 1955 229 2008 '0
248 1956 305 2008 δὲ
323 1956 450 2025 παρ’
465 1958 597 2027 ἡμῖν
616 1958 727 2019 τοῖς
748 1957 1093 2025 Χριστιανοίς
1112 1956 1241 2018 Θεὸς
1268 1950 1347 2017 εἷς
1365 1957 1534 2017 ἐστιν,
1563 1955 1589 2005 ὁ
1606 1952 1711 2021 πρὸ

147 2046 377 2097 πάντων
425 2047 519 2097 καὶ
550 2046 641 2098 ἐπὶ
687 2047 910 2099 πάντων
935 2047 1029 2099 καὶ
1074 2047 1132 2099 ὲν
1170 2047 1304 2098 πᾶσι
1343 2047 1437 2096 καὶ
1486 2045 1624 2109 ὑπὲρ
1649 2046 1709 2096 τὸ

150 2139 290 2197 πᾶν,
320 2138 377 2189 ὲν
408 2137 581 2205 Πατρὶ
610 2139 703 2191 καὶ
734 2138 849 2207 Υίῷ
871 2140 964 2191 καὶ
995 2138 1133 2207 ἁγίῳ
1158 2137 1434 2206 Πνεύματι
1466 2136 1712 2189 πιστευό-

152 2227 317 2295 μενός
347 2242 407 2278 τε
443 2230 538 2280 καὶ
566 2229 1058 2296 προσκυνούμενος,
1100 2230 1267 2296 μονὰς
1300 2231 1357 2281 ὲν
1394 2228 1588 2295 Τριὰδι
1616 2229 1710 2278 καὶ

146 2317 325 2383 Τριὰς
353 2320 411 2369 ὲν
439 2321 627 2385 μονάδι
653 2320 969 2388 ἀσυγχύτως
994 2314 1257 2389 ἐνουμένη
1283 2320 1377 2372 καὶ
1403 2320 1710 2388 ἀμερίστως

141 2406 527 2478 διαιρουμένη,
573 2412 741 2478 μονὰς
773 2411 805 2478 ή
840 2410 979 2477 αὐτὴ
1023 2413 1118 2463 καὶ
1166 2410 1336 2479 Τριὰς
1374 2410 1708 2463 παντοδύναςο

146 2516 277 2568 μσς,
310 2502 490 2569 πατὴρ
520 2502 755 2571 ἄναρχος
782 2505 845 2557 οὐ
880 2503 1039 2570 μόνον
1070 2502 1144 2565 ὼς
1162 2505 1424 2571 άχρονος,
1451 2502 1586 2554 ἀλλὰ
1611 2504 1702 2554 καὶ

141 2592 226 2654 ὼς
254 2594 393 2645 κατά
438 2595 615 2647 πάντα
668 2595 869 2662 τρόπον
907 2595 1168 2659 ἀναίτιος,
1219 2596 1377 2669 pavo;
1416 2594 1563 2647 αἰτία
1610 2593 1704 2645 καὶ

140 2685 277 2755 ῥίζα
314 2687 407 2737 καὶ
436 2688 582 2756 πηγὴ
610 2687 710 2755 τῆς
741 2690 797 2739 ὲν
831 2686 941 2756 Υίῷ
972 2689 1064 2740 καὶ
1092 2686 1235 2754 ἁγίῳ
1267 2686 1540 2754 Πνεῦματι
1566 2684 1709 2737 θεωέ

144 2780 416 2847 ρουμένης
446 2778 697 2848 θεότητος
720 2794 734 2808 ⁸
768 2780 824 2841 ὃς
854 2781 1010 2841 ἵλεως
1041 2780 1250 2846 γένοιτο
1282 2780 1414 2847 ἡμῖν
1445 2780 1538 2831 καὶ
1570 2781 1705 2830 πᾶσι

138 2867 492 2936 Χριστιανοίς
524 2873 581 2919 ἐν
620 2873 684 2938 τῇ
731 2870 913 2939 ἡμέρᾳ
950 2870 1045 2938 τῆς
1099 2870 1358 2938 κρίσεως,
1384 2870 1702 2935 πρεσϐείαις

139 2963 245 3027 τῆς
291 2962 917 3029 πανυπερευλογημένης
950 2962 1235 3030 δεσποίνης
1263 2961 1417 3029 ἡμῶν
1449 2960 1699 3013 θεοτόκου

139 3052 242 3103 καὶ
294 3050 648 3121 ἀειπαρθένου
699 3052 914 3122 Μαρίας
956 3054 1050 3111 καὶ
1092 3053 1307 3106 πάντων
1347 3053 1453 3105 τῶν
1504 3053 1697 3121 ἁγίων,

152 3143 355 3210 Ἀμήν.

1821 682 2014 747 γνώτω
2043 682 2126 733 ὅτι
2158 680 2228 733 τὰ
2257 680 2509 747 θαύματα
2541 680 2602 731 οὐ
2653 681 2774 730 κατ’
2810 681 3070 744 ἐπίδειξιν
3112 683 3383 748 γίνονται,

1818 772 1953 824 ἀλλὰ
1987 772 2054 823 δι’
2086 771 2356 840 ὠφέλειαν
2393 769 2628 839 ψυχικὴν
2660 770 2777 837 ἅμα
2808 770 2901 821 καὶ
2933 773 3271 838 σωματικὴν,
3305 773 3382 835 ὡς

1819 864 1909 915 ιπι
1949 850 2042 915 τοῦ
2093 863 2357 932 Χριστοῦς
2386 863 2427 932 η’
2454 862 2541 914 διὰ
2586 864 2801 932 χρῆσιν,
2848 862 2922 922 ὡς
2959 864 3050 914 ἐπὶ
3094 864 3186 915 τοῦ
3218 866 3382 917 Μωῦ-

1820 957 1959 1016 σὲως
2002 958 2095 1009 καὶ
2122 956 2299 1026 Ὶησοῦ
2330 954 2416 1006 τοῦ
2447 949 2623 1023 Ναυῆ.
2672 955 2834 1008 Ἀλλὰ
2876 954 2988 1016 πῶς
3019 941 3287 1023 ἑνήρὴησε
3318 957 3409 1026 τὰ⁵

1815 1050 1914 1115 τῆς
1958 1048 2189 1116 σελήνης
2232 1047 2474 1099 τοιοῦτον
2527 1046 2759 1110 ἐξαίσιον
2802 1046 3030 1113 θαῦμα;
3062 1044 3233 1105 Αὐτὸς
3270 1047 3379 1113 γάρ

1816 1140 1963 1191 ἔστιν
1987 1142 2014 1190 ὁ
2041 1140 2209 1190 εἰπὼν
2248 1140 2328 1191 ὅτι
2357 1140 2454 1191 οὐκ
2483 1134 2615 1209 ἦλθε
2636 1139 2723 1191 διὰ
2752 1139 3045 1205 θαυμάτων
3076 1138 3260 1190 δοῦναι
3286 1137 3378 1188 τὸν

1817 1232 2000 1298 νόμον.
2034 1229 2169 1283 ἀλλὰ
2219 1231 2313 1283 καὶ
2345 1230 2432 1282 διὰ
2463 1230 2524 1281 τὸ
2562 1229 2911 1281 παιδεύεσθαι
2959 1231 3103 1297 ἡμᾶς
3136 1244 3375 1295 κατηγο·

1818 1324 1904 1392 ρεί
1927 1320 2083 1391 ἡμῶν
2106 1336 2123 1352 ⁶
2160 1322 2268 1389 ἐγὼ
2494 1322 2571 1385 δὲ,
2605 1322 2761 1388 φησὶ,
2791 1320 3119 1384 τούναντίον,
3151 1320 3230 1371 ὅτι
3256 1321 3379 1368 ἐπι-

1820 1412 2149 1481 μελούμενος
2207 1414 2234 1463 ὀ
2292 1414 2473 1480 πατὴρ
2523 1409 2617 1462 τοῦ
2674 1411 2863 1471 παιδὸς
2918 1409 3167 1466 παιδεύει
3220 1409 3374 1468 αὐτὸ.

1815 1503 2040 1573 ἀγάπης
2071 1503 2504 1571 ἐνυπαρχούσης.
2545 1503 2654 1556 Καὶ
2678 1503 2805 1572 περὶ
2838 1502 2937 1570 μὲν
2962 1500 3071 1555 τῶν
3109 1500 3375 1568 Ἐϐραίων

1815 1595 2029 1664 ἀληθῶς
2064 1592 2218 1646 εἶπεν
2240 1610 2257 1625 '
2290 1595 2340 1645 οί
2372 1593 2479 1662 γὰρ
2524 1593 2765 1663 Ἐὕραῖοι
2798 1594 2936 1645 κατὰ
2978 1591 3205 1662 καιροὺς
3257 1592 3385 1643 ἔλα-

1815 1686 1909 1739 δον
1938 1685 2107 1755 ὀργὴν
2142 1684 2249 1739 ἀπὸ
2278 1682 2436 1751 Θεοῦ,
2465 1686 2579 1737 ἀλλ’
2604 1686 2703 1738 οὐκ
2729 1684 3058 1753 ἀσυμπαθῆ·
3100 1680 3245 1752 εἶχον
3280 1685 3375 1736 καὶ

1816 1780 1923 1849 γὰρ
1957 1783 2241 1849 προφήτας
2271 1781 2340 1833 δι’
2362 1782 2484 1833 ὅλου
2509 1781 2602 1834 τοῦ
2635 1783 2829 1851 καιροῦ
2860 1783 2953 1835 καὶ
2984 1782 3253 1850 άγιασμδν
3279 1780 3377 1833 καὶ

1817 1864 2168 1938 ίερωοσύνην,
2206 1869 2554 1931 παιδεύοντος
2590 1871 2691 1936 μὲν
2737 1871 2934 1932 αὐτοὺς
2964 1870 3058 1923 τοῦ
3093 1870 3231 1921 Θεοῦ
3266 1887 3379 1920 σω-

1818 1960 2085 2028 ματικῶς,
2116 1960 2364 2028 ψυχικῶς
2400 1960 2455 2012 δὲ
2494 1960 2555 2012 οὐ
2600 1961 3092 2029 κατελιμπάνοντο.
3127 1960 3279 2011 Μετὰ
3316 1959 3380 2010 δὲ

1815 2052 1907 2104 τὸν
1936 2052 2029 2103 τοῦ
2064 2054 2271 2120 Κυρίου
2303 2053 2539 2120 σταυρὸν
2567 2054 2659 2106 καὶ
2681 2055 2739 2105 τὸ
2766 2054 2937 2113 πάθος
2974 2053 3190 2117 ἐγένετο
3232 2068 3375 2102 παν-

1816 2142 1977 2212 τελὴς
2012 2144 2091 2205 είς
2123 2144 2317 2206 αὐτοὺς
2347 2144 2733 2212 ἐγκατάλειψις
2766 2144 2955 2212 ψυχῶν
2975 2160 3032 2194 τε
3061 2142 3154 2193 καὶ
3181 2140 3374 2209 αυμά-

1812 2252 1939 2299 των,
1975 2237 2053 2296 εἰς
2090 2238 2285 2296 αὐτοὺς
2311 2236 2453 2301 λέγω
2474 2240 2596 2296 τοὺς
2631 2236 2904 2296 αὐθάδεις.

1885 2318 1949 2389 ζ’.
2008 2328 2133 2379 Ἐπὶ
2178 2327 2239 2378 τὸ
2292 2327 2650 2394 προκείμενον
2700 2324 2794 2378 οὖν
2847 2316 3235 2392 ἐπανέλθωμεν
3272 2326 3371 2393 τῆνς

1814 2418 2088 2488 ἡμετέρας
2138 2418 2439 2486 διηγήσεώς
2497 2436 2552 2470 τε
2607 2420 2699 2471 καὶ
2761 2421 3022 2486 ἱστορίας.
3076 2418 3167 2486 Τῷ
3220 2416 3381 2484 θέρει

1812 2508 1904 2560 τοῦ
1930 2508 2115 2577 ,ςῇξβ
2143 2508 2296 2570 ἔτους
2331 2510 2535 2579 ἤρξατο
2565 2509 2848 2577 φαίνεσθαι
2882 2510 3128 2577 κομήτης
3158 2510 3221 2558 ἐκ
3260 2508 3377 2558 τῶν

1810 2598 2040 2650 δυτικῶν
2072 2601 2258 2668 μερῶν
2282 2601 2374 2651 τοῦ
2406 2602 2500 2667 ἀφ’
2529 2603 2766 2667 ἑσπέρας
2797 2600 3071 2669 ὁρίζοντος
3102 2600 3365 2666 ἑκάστης,

1810 2692 1971 2753 εὐθὺς
2015 2694 2152 2759 μετὰ
2192 2693 2344 2745 δύσιν
2393 2693 2569 2762 ἡλίου,
2603 2694 2849 2763 ῥομφαίᾳ
2882 2693 2991 2744 τινὶ
3032 2691 3244 2753 ἐοικὼς,
3273 2692 3369 2743 καὶ

1806 2783 1873 2851 τῇ
1929 2782 2126 2852 σελήνῃ
2188 2785 2496 2852 πλησιάσας
2554 2784 2876 2853 πανσελήνῳ
2927 2784 3063 2853 οΰση
3122 2783 3369 2851 ἔκλειψις

1811 2875 1949 2924 κατὰ
1978 2873 2149 2943 τύχην
2179 2874 2369 2941 γέγονε
2408 2874 2548 2926 κατὰ
2587 2874 2687 2943 τὴν
2718 2875 2874 2937 τάξιν
2906 2876 2997 2926 καὶ
3030 2872 3227 2947 κύκλον
3259 2874 3371 2924 τῶν

1808 2965 2075 3034 οὐρανίων
2106 2968 2435 3036 φωσςτήρων,
2462 2966 2535 3028 ὡς
2573 2967 2715 3028 ἔθος.
2744 2967 2900 3028 Τινὲς
2922 2966 2976 3017 δὲ
3002 2964 3092 3017 τὸν
3119 2965 3370 3031 κομήτην

1812 3053 2055 3121 ξιφοειδῆ
2106 3055 2341 3122 ὁρῶντες
2377 3061 2469 3109 καὶ
2496 3059 2560 3108 ἐκ
2602 3057 2709 3108 τῶν
2741 3057 3011 3125 ἑσπερίων
3051 3055 3377 3122 κινούμενον

1808 3144 1901 3195 καὶ
1936 3146 2069 3214 πρὸς
2106 3146 2371 3209 ἀνατολὰς
2400 3148 2496 3216 τὴν
2525 3149 2748 3216 πορείαν
2780 3149 3031 3200 ποιοῦντα
3065 3148 3156 3199 καὶ
3182 3149 3247 3215 τῇ
3276 3162 3364 3196 σε·

216 3240 291 3297 ς’.
328 3234 422 3297 Τίς
455 3235 582 3300 γοῦν
617 3237 895 3305 ἀντιλογία
928 3239 1044 3290 ἐστὶ
1084 3241 1212 3308 περὶ
1242 3239 1334 3291 τοῦ
1384 3239 1697 3309 πλάσματος
1723 3219 1768 3281 C
1800 3232 1935 3303 λήνῃ
1999 3235 2397 3305 πλησιάσαντα,
2432 3238 2524 3289 καὶ
2556 3238 2616 3289 τὸ
2673 3238 2862 3299 σκότος
2919 3238 3015 3305 τῆς
3068 3236 3365 3302 ἐκλείψεως

137 3422 324 3466 torum
351 3428 543 3467 suasor
574 3423 692 3479 est;
728 3414 869 3467 idem
911 3430 1021 3483 prae
1060 3416 1313 3470 omnibus
1342 3414 1697 3479 Mohamctes.

135 3506 236 3574 qui
272 3506 403 3559 nihil
437 3508 698 3571 salutare,
734 3508 868 3560 nihil
896 3509 1048 3571 utile,
1084 3508 1215 3560 nihil
1242 3506 1351 3561 Deo
1390 3518 1696 3573 acceptum,

132 3599 233 3651 St‘tl
272 3598 450 3651 omnia
486 3598 587 3662 legi
620 3600 829 3664 divina:
872 3603 1147 3655 contraria
1196 3600 1402 3653 docuit.
1441 3600 1697 3654 Diabolus

134 3690 341 3756 impius
370 3700 490 3753 est;
529 3691 752 3743 omnino
790 3692 848 3743 ei-
874 3692 1184 3745 simillimus
1215 3702 1297 3744 est
1330 3692 1589 3760 perniciei
1635 3692 1696 3743 li-

132 3783 242 3833 |.us
259 3780 612 3835 Multametes.
637 3780 799 3834 Deum
822 3782 963 3835 enim
988 3783 1200 3847 adorat,
1225 3798 1383 3848 quem
1410 3768 1695 3850 globosum

128 3884 185 3925 σαι
219 3871 914 3942 frigidissimum-appeliat,
945 3872 1135 3935 Deum,
1165 3872 1257 3942 qui
1285 3889 1383 3927 nec
1414 3875 1697 3940 generavit

130 3978 237 4015 nee
282 3976 579 4029 generatus
617 3972 723 4023 est,
760 3964 990 4017 adorare
1025 3964 1125 4018 sibi
1181 3966 1351 4024 visus,
1392 3972 1553 4029 atque
1602 3976 1695 4015 ne-

125 4052 305 4115 scius,
333 4066 552 4119 corpus,
574 4068 680 4104 non
711 4052 878 4104 Deum
909 4068 937 4105 a
961 4067 1018 4106 se
1049 4052 1284 4106 adorari.
1312 4052 1520 4105 Glohtts
1544 4052 1690 4105 enim

124 4143 365 4209 species,
402 4142 570 4212 frigus
619 4144 855 4211 qualitas
900 4145 1149 4211 corporis
1196 4154 1297 4199 est.
1341 4145 1534 4213 itaque
1584 4160 1689 4196 non

128 4236 327 4298 Deum,
350 4234 439 4304 qui
465 4250 560 4288 nec
589 4236 866 4306 generavit
897 4250 997 4290 nec
1026 4247 1317 4304 generatus
1345 4246 1447 4300 est,
1479 4238 1691 4297 adorat,

124 4327 226 4379 sed
258 4342 451 4394 corpus
482 4326 695 4392 adorat,
738 4342 837 4381 nec
869 4326 1034 4380 Deum
1078 4328 1462 4396 incorporeum
1504 4338 1557 4381 et
1600 4344 1693 4381 ve-

124 4434 255 4471 rum
288 4420 497 4483 adorat,
534 4419 627 4472 sed
682 4420 871 4482 Deum,
904 4435 1067 4487 quem
1116 4423 1333 4473 somnia
1392 4420 1687 4489 impiorum

1802 3416 1935 3469 sitas
1962 3424 2045 3470 est
2068 3416 2101 3467 ἵ
2126 3415 2330 3484 Nempe
2380 3416 2693 3485 quicunque
2728 3432 2923 3469 verum
2963 3417 3148 3469 dicere
3192 3417 3361 3485 cupit,

1800 3509 1959 3570 scito,
1985 3509 2250 3561 miracula
2287 3524 2391 3560 non
2435 3509 2749 3562 ostentandi
2781 3524 2968 3571 causa,
3011 3511 3103 3562 sed
3144 3520 3368 3577 propter
3400 3512 3405 3525 "

1800 3600 2029 3651 salutem
2062 3600 2256 3651 animm
2282 3606 2335 3650 et
2367 3602 2634 3667 corporis,
2669 3610 2727 3651 ιιι
2758 3615 2786 3651 a
2813 3601 3056 3661 Christo,
3088 3612 3181 3651 aut
3228 3616 3357 3667 pro-

1800 3700 1917 3758 pter
1951 3690 2357 3752 necessitatem,
2390 3701 2446 3743 ttt
2478 3707 2505 3741 a
2532 3692 2722 3758 Moyse
2758 3701 2813 3744 et
2839 3688 2991 3753 Jesu,
3026 3691 3191 3744 Navae
3224 3691 3358 3752 lilio.

1803 3776 1936 3830 ﬁeri.
1969 3778 2107 3841 Quid
2140 3787 2318 3829 autem
2355 3778 2461 3831 iste
2491 3778 2630 3830 lunae
2671 3779 2798 3831 illud
2829 3781 3091 3831 eximium
3126 3779 3362 3833 miracu-

1798 3868 1907 3921 lum
1940 3869 2154 3921 edidit?
2184 3870 2300 3937 Ipse
2340 3871 2483 3922 enim
2518 3871 2670 3933 dicit,
2707 3886 2812 3923 non
2852 3870 3067 3924 venisse
3099 3887 3157 3925 se
3187 3874 3355 3923 mira-

1795 3961 1933 4014 culis
1966 3962 2133 4029 legent
2172 3962 2549 4015 constitutum.
2604 3962 2745 4027 Quin
2801 3964 2964 4016 etiam
3017 3978 3155 4028 nos,
3208 3963 3356 4031 quod

1796 4055 2144 4123 castigentur,
2166 4063 2407 4107 accusat.
2439 4046 2727 4121 Equidem,
2749 4054 2843 4116 ait,
2865 4064 3052 4106 contra
3082 4054 3226 4118 dico,
3256 4071 3355 4121 pa.

1799 4156 1934 4199 trem
1985 4146 2176 4208 lilium,
2228 4162 2387 4213 quem
2423 4162 2566 4199 cura:
2622 4146 2805 4208 habet,
2843 4147 3135 4215 castigare,
3167 4163 3356 4201 amore

1795 4247 2160 4291 commotum.-
2213 4238 2290 4290 Ac
2339 4238 2405 4291 de
2446 4236 2686 4291 Hebraeis
2735 4239 2953 4306 quidem
3004 4244 3150 4291 recte
3201 4238 3353 4291 dicit.

1795 4329 2003 4381 Hebraei
2036 4329 2177 4381 enitn
2228 4344 2619 4396 nonnunquam
2666 4329 2800 4381 irn'nt
2835 4328 2926 4381 Dei
2958 4328 3173 4390 experti
3204 4340 3352 4388 sunt.

1796 4435 1968 4487 neque
1989 4427 2168 4472 tamen
2192 4419 2337 4470 illam
2364 4419 2872 4473 imtniserieordem.
2899 4418 3182 4473 llabchant
3205 4419 3348 4471 enim

120 4509 529 4562 euntinxerttnt.
578 4511 811 4563 Prorsus
860 4510 1150 4562 ridiculum
1198 4510 1341 4563 enim
1371 4520 1474 4575 est,
1520 4513 1687 4565 solem
1722 4548 1764 4599 Ι)
1795 4521 2055 4577 perpetuo
2091 4512 2406 4579 prophetas.
2443 4528 2599 4565 sacra
2640 4522 2695 4566 et
2736 4512 3068 4574 sacerdolia.
3120 4526 3351 4578 ιονροτυ

120 4599 294 4659 tut-is,
328 4610 423 4652 aut
470 4600 669 4654 fontem
703 4616 877 4668 aquae,
917 4610 1008 4654 aut
1050 4612 1280 4655 mentem
1320 4603 1547 4657 rationis
1593 4620 1689 4657 cx-

119 4698 336 4755 pertem
369 4692 626 4759 cogitare.
650 4691 829 4757 Quare
858 4701 1046 4761 pereat
1082 4688 1183 4747 iste
1208 4692 1373 4747 Deus.
1395 4693 1498 4747 Sed
1532 4694 1690 4747 Chri-

118 4782 429 4834 stianorum
450 4780 591 4837 Deus
625 4800 763 4837 unus
796 4794 881 4838 est
911 4796 1037 4840 ante
1069 4787 1250 4839 omnia
1274 4798 1325 4840 et
1354 4796 1473 4856 post
1504 4788 1684 4841 omnia

116 4880 180 4921 et
217 4871 270 4921 in
298 4872 552 4927 omnibus
592 4883 646 4928 et
676 4890 837 4943 supra
884 4878 1096 4938 omnia.
1135 4878 1186 4930 in
1228 4879 1405 4939 Patre.
1454 4877 1593 4931 Filio
1631 4888 1687 4932 et

115 4960 339 5022 Spiritu
364 4973 550 5016 sancto
589 4966 830 5019 creditus
859 4976 911 5020 et
939 4969 1213 5034 adoratus,
1269 4970 1448 5022 unitas
1489 4969 1539 5021 in
1567 4969 1686 5022 Tri-

113 5051 296 5102 nitate
324 5060 379 5103 et
408 5049 652 5107 Trinitas
679 5055 730 5107 in
762 5057 966 5111 unitate
1000 5058 1235 5112 immista
1274 5060 1590 5126 conjuncta,
1630 5070 1687 5113 et

116 5142 412 5195 individua-
436 5155 705 5210 separata,
756 5149 939 5202 unitas
970 5149 1159 5203 eadem
1194 5161 1248 5203 et
1286 5149 1527 5204 Trinitas
1566 5168 1682 5205 om—

115 5233 394 5299 nipotens,
422 5233 578 5289 Pater
615 5238 771 5291 initio
797 5255 1009 5300 carens,
1044 5256 1149 5293 non
1174 5243 1349 5295 Solum
1375 5243 1514 5308 quod
1546 5251 1681 5294 tem-

115 5340 275 5391 pore,
314 5328 405 5379 sed
432 5329 593 5380 etiam
630 5331 775 5397 quod
817 5333 1040 5384 onntino
1087 5348 1249 5389 causa
1290 5350 1397 5387 non
1429 5334 1680 5388 contine-

117 5426 231 5473 tur,
275 5414 423 5468 solus
452 5430 616 5470 causa
659 5426 713 5470 et
760 5420 910 5472 radix
948 5430 1000 5474 et
1050 5420 1171 5475 fons
1205 5422 1505 5478 divinitatis
1541 5422 1678 5475 Filio

111 5516 160 5555 et
194 5500 424 5569 Spiritui
450 5520 639 5561 sancto
665 5509 841 5564 insitaa
870 5530 883 5565 :
913 5512 1004 5578 qui
1032 5513 1187 5567 nobis
1212 5522 1265 5567 et
1290 5516 1501 5569 cunctis
1524 5516 1681 5570 Chr.-

113 5595 315 5647 stianis
348 5600 610 5666 propitius
640 5603 710 5654 sit
738 5603 826 5655 die
848 5602 1117 5672 jutlit-iali,
1154 5605 1483 5674 deprecante
1516 5607 1678 5660 bene-

111 5687 418 5741 tlictissima
451 5691 671 5746 domina
703 5705 910 5759 nostra,
947 5695 1170 5765 Deipara
1214 5705 1269 5751 et
1297 5714 1514 5766 semper
1544 5698 1671 5753 Vir-

110 5780 241 5844 gine
279 5778 441 5834 Maria
472 5791 525 5835 ct
558 5787 812 5839 omnibus
841 5789 1065 5841 sanctis.
1097 5789 1286 5845 Amen.

182 5872 237 5922 6.
265 5868 391 5941 Qum
422 5889 546 5929 vero
573 5877 766 5931 fabulae
790 5880 946 5935 istius
971 5881 1036 5935 tle
1065 5883 1189 5936 luna
1223 5886 1466 5939 conlirta:
1499 5885 1669 5940 insul-

1794 4615 1821 4651 a
1876 4599 1982 4651 Deo
2030 4600 2301 4668 castigati,
2357 4600 2453 4654 sed
2505 4602 2683 4654 anima
2746 4618 2851 4656 non
2900 4603 3165 4656 destituti.
3216 4601 3348 4656 Post

1790 4688 1992 4741 Christi
2028 4697 2210 4741 autem
2264 4686 2587 4758 supplicium
2635 4702 2689 4743 et
2720 4691 3126 4758 perpessionem
3159 4701 3347 4744 secuta

1788 4789 1870 4834 est
1898 4778 2132 4848 perfecta
2165 4796 2377 4845 eorum,
2408 4780 2457 4833 id
2489 4788 2573 4833 est
2597 4782 3033 4858 contumacium,
3065 4782 3346 4835 destitutio

1792 4882 1904 4925 tum
1946 4874 2194 4942 corporis
2224 4884 2336 4926 tum
2362 4872 2580 4926 anima}.

1858 4965 1910 5017 7.
1948 4961 2250 5018 Redeamus
2277 4964 2387 5032 jam
2427 4966 2491 5017 ad
2526 4980 2629 5027 res,
2661 4964 2715 5017 in
2750 4964 2952 5033 quibus
2982 4980 3125 5019 nunc
3170 4965 3341 5016 maxi-

1790 5072 1873 5109 me
1919 5060 2222 5118 versamur',
2256 5057 2616 5109 enarrandas.
2670 5052 2883 5110 ﬁstate
2934 5056 3060 5109 anni
3104 5053 3239 5108 6962
3288 5054 3339 5107 in
3432 5126 3437 5129 Δ

1785 5163 1937 5217 parte
1970 5147 2292 5202 occidentali
2344 5148 2641 5202 horirontis
2687 5149 2930 5214 quotidie
2978 5148 3164 5200 statim
3218 5154 3340 5213 post

1784 5257 2034 5293 occasum
2068 5240 2199 5294 solis
2241 5250 2479 5295 cometes
2514 5238 2801 5308 remphtete
2832 5240 3029 5293 similis
3074 5252 3341 5307 apparere

1782 5334 1985 5399 coepit;
2017 5325 2109 5397 qui
2141 5348 2261 5385 cum
2297 5347 2466 5401 prope
2497 5333 2679 5385 lunam
2714 5342 2877 5395 esset,
2918 5332 3076 5399 pleno
3121 5332 3330 5383 lumine

1782 5424 2182 5493 Splendentem,
2235 5424 2453 5481 accidit.
2499 5434 2557 5475 ut
2586 5422 2823 5475 defeetio
2869 5422 3010 5475 luna:
3042 5422 3212 5482 ﬁeret,
3249 5436 3337 5473 se-

1782 5516 2016 5568 cundmn
2052 5515 2272 5568 ordines
2300 5526 2353 5567 et
2384 5514 2670 5567 circuitum
2703 5529 2881 5567 rerum
2917 5512 3240 5570 caelestium,
3281 5520 3338 5562 ιιι

1782 5607 1921 5661 solet
1958 5605 2095 5660 fieri.
2125 5604 2354 5672 Quidam
2386 5622 2510 5661 cum
2540 5616 2805 5660 cometem
2833 5605 3011 5675 gladio
3034 5602 3267 5655 similem
3303 5616 3337 5653 θ

1783 5701 2014 5769 regione,
2054 5700 2381 5753 occidentali
2417 5701 2679 5753 orientem
2728 5714 2917 5752 versus
2954 5697 3247 5764 procedere
3278 5702 3335 5747 et

1780 5796 1918 5847 luna:
1973 5794 2413 5862 appropinquare
2464 5794 2713 5845 viderent
2769 5792 3143 5857 sentircntque
3184 5797 3345 5839 tene-

1782 5886 1905 5940 bras
1942 5884 2290 5949 del‘cclionis,
2346 5885 2754 5951 existimabant,
2790 5892 3052 5939 cometem
3099 5882 3243 5934 hunc
3275 5888 3335 5936 et
