4112 6450
102 404 204 466 9ίὸ

1123 399 1413 460 conum
1448 398 1559 457 ZON
1600 392 1745 457 ΜΛ]
1760 397 1874 456 US.
1920 393 2154 455 -—LtB.
2205 388 2304 455 1V.

3229 387 3334 446 9m

93 515 234 566 Θεοῦ
269 515 359 567 καὶ
397 515 558 582 μόνου
593 512 814 582 βοηθείᾳ
858 512 1133 579 ἀλύξαμεν
1178 512 1237 562 τὸ
1266 511 1365 577 τῆς
1411 510 1683 573 Θαλάσσης
1719 514 1753 566 Α
1789 505 2025 574 κάστρα,
2065 506 2208 572 ᾰπερ
2238 506 2266 556 6
2314 505 2534 573 ἁμηρᾶς
2588 504 2646 555 ὲν
2691 504 2753 571 τῇ
2786 502 3023 571 Μπόσνα
3073 499 3330 568 κέκτητο.

103 604 288 665 κακὸν,
351 604 487 669 ὅπερ
538 602 657 655 καθ’
689 601 803 653 όδὸν
842 602 987 668 ἡμᾶς
1024 593 1170 665 εὗρε.
1209 597 1296 666 Τῷ
1353 594 1408 648 δὲ
1458 595 1662 664 ἰουνίῳ

97 697 191 749 τοῦ
216 696 378 749 αὑτοῦ
407 695 577 748 ἐτουξ¹
597 692 922 763 παρέλαϐενΙ
954 694 982 744 6
1011 693 1231 760 ἀμηρᾶς
1274 690 1370 759 τὴν
1422 688 1664 757 Ἀθηνῶν

99 790 278 841 πόλιν.
313 787 423 839 Καὶ
466 786 543 855 τῷ
568 787 772 852 Ἰουλίῳ
821 785 1143 845 ἀπελθόντος
1195 782 1288 833 τοῦ
1341 783 1532 849 ἀμηρᾶ
1585 780 1664 839 είς

97 879 386 933 ’Ᾱλϐανίαν
418 879 600 944 σχεδὸν
635 879 778 930 ἑάλω
802 879 863 930 τὺ
895 877 1055 928 πλέον
1080 873 1247 942 μέρος
1276 873 1466 939 αὐτῆς.
1496 871 1662 932 Τέλος

100 988 289 1031 κακως
344 969 509 1038 386
555 968 865 1035 ἀπεδιώχθη
919 965 1070 1034 παρὰ
1123 964 1231 1016 τῶν
1283 963 1541 1015 ἐλθόντων
1584 962 1666 1021 είς

97 1039 386 1128 βοήθειανέ
411 1059 504 1111 τοῦ
529 1059 739 1126 Ὶάγκου
764 1057 1004 1125 δηλονότι
1030 1055 1122 1107 καὶ
1155 1053 1536 1123 Καπιστρανοῦ
1570 1052 1665 1104 καὶ

95 1154 302 1221 ἐτέρων
331 1153 674 1220 ὲξοχωτάτων
706 1149 912 1218 ἀνδρῶν
947 1163 962 1177 '
1023 1147 1080 1209 ὃς
1143 1146 1416 1216 ἡττηθεὶς·
1451 1144 1666 1211 φεύγων

91 1246 292 1314 ᾤχετο,
326 1247 417 1295 καὶ
446 1237 473 1295 6
502 1245 768 1310 χρήσιμος
812 1243 1018 1301 ἐκεῖνος
1073 1239 1502 1308 μπεηλέρμπεης
1531 1237 1666 1288 Του-

96 1335 336 1404 ραχάνης
364 1336 653 1387 ἀπέθανεν.

173 1425 254 1479 ιε’.
291 1429 398 1480 Καὶ
431 1425 505 1492 τῷ
526 1426 698 1491 ,ςιῇξεν
721 1424 867 1476 ἕτειὸ
893 1423 984 1476 τοῦ
1005 1424 1104 1489 τῆς
1128 1422 1406 1491 Οὺγγρίνς
1434 1430 1662 1490 .ςτρατο-

90 1520 261 1573 πέδου
293 1518 479 1586 ἄρχων
511 1520 604 1569 καὶ
636 1516 981 1584 κυϐερνήτης
1028 1515 1244 1581 ἰἀγκος
1277 1513 1662 1583 ἐτελεύτησεν.

102 1611 272 1665 ’Λλλὰ
295 1610 358 1678 δὴ
387 1612 480 1661 καὶ
507 1614 534 1663 6
565 1609 981 1677 Καπιστρανὺς,
1012 1607 1093 1660 ἔτι
1122 1599 1178 1660 δὲ
1209 1608 1302 1660 καὶ
1333 1609 1361 1659 6
1400 1608 1499 1674 τῆς
1529 1610 1664 1676 Σερ-

89 1702 220 1762 ϐίας
255 1702 437 1770 ἅρχων
472 1701 568 1751 καὶ
601 1700 874 1768 δεσπότης
909 1700 1017 1766 κὺρ
1058 1697 1336 1771 Γεώργιος
1365 1703 1394 1752 6
1426 1700 1664 1762 Βοῦλκος

86 1792 442 1860 ἐτελεύτησε.
494 1793 599 1842 Καὶ
649 1791 816 1859 Μαΐῳ
848 1791 892 1859 β’
939 1790 1032 1842 τοῦ
1086 1791 1250 1844 αὐτοῦ
1292 1792 1448 1852 ἔτους
1499 1793 1591 1843 καὶ
1628 1795 1663 1861 ἠ

1767 600 1932 668 Μαῖῳ
1963 596 2019 648 δὲ
2052 593 2113 646 ιε’
2145 593 2239 645 τοῦ
2272 593 2434 646 αὑτοῦ
2462 592 2671 653 ἔτουέὸ
2701 591 2924 660 ἁμηρᾶς
2951 590 3334 664 παραγέγονεν

1767 693 1844 752 εἰς
1871 691 1966 758 τὴν
1997 688 2430 754 Πελοπόννησον,
2476 687 2569 737 καὶ
2597 686 2674 745 εἰς
2721 683 2820 751 τὴν
2868 682 3130 750 Κόρινθον
3160 699 3333 733 καταο

1766 782 1956 850 λείψας
2010 779 2265 848 στρατὸν,
2292 778 2741 845 περιεκύιιλωσεν
2777 774 2947 842 αὐτὴν
2980 773 3288 840 πολιορκῶν
3316 787 3331 807 ν

1767 875 1926 933 αὐτὸς
1958 873 2015 925 δὲ
2041 871 2211 924 ἐλθὼν
2239 872 2296 921 ὲν
2320 869 2398 936 τῷ
2429 870 2578 938 μέσῳ
2608 867 2701 921 τοῦ
2737 868 2906 919 τόπου
2933 865 3029 918 καὶ
3058 866 3235 918 πάντα
3267 866 3336 916 τὰ

1768 969 1945 1019 ἐκεῖσε
1978 966 2046 1016 τὰ
2080 965 2176 1033 μὲν
2195 963 2615 1033 ᾐχμαλώτευσε,
2652 962 2721 1014 τὰ
2753 962 2807 1012 δὲ
2831 962 3064 1029 ἠφάνισε
3096 958 3194 1009 καὶ
3217 957 3334 1008 ἐνέ-

1770 1074 1966 1127 πρησε,
2004 1056 2295 1124 ἐξαιρέτως
2322 1056 2377 1107 δὲ
2408 1056 2508 1119 τὴν
2540 1053 2822 1114 ’Ᾱκωϐαν,
2866 1053 2955 1103 τὸν
3011 1049 3195 1102 Ἀετὸν
3238 1050 3336 1099 καὶ

1768 1151 1834 1201 τὰ
1871 1148 2232 1218 Πενταχυρία.
2261 1147 2534 1199 Κάκεῖθεν
2564 1143 2798 1208 ἐξελθὼν
2820 1141 2962 1194 κατὰ
2982 1141 3075 1193 τοῦ
3094 1138 3334 1206 Μοχλίου

1769 1241 2096 1309 ἐπέδραμεν,
2147 1240 2242 1291 καὶ
2277 1241 2304 1291 6
2339 1238 2472 1293 τότε,
2509 1238 2691 1288 ἐκεῖσε
2739 1232 3091 1303 ἡγεμονεύων
3135 1232 3336 1282 ἔδωκεν

1768 1334 1898 1385 αὐτὸ
1933 1331 2047 1401 μετ’
2078 1332 2300 1400 εἰρήνης
2330 1330 2407 1400 τῷ
2451 1330 2663 1398 ἀρηρᾷ,
2703 1328 2730 1378 6
2761 1324 3135 1388 καλοκαγαθὸς
3170 1323 3337 1373 Ἀσά-

1770 1442 1864 1492 νης
1887 1415 2221 1492 Δημήτριος.
2249 1425 2354 1476 Καὶ
2374 1422 2453 1490 τῷ
2483 1421 2690 1487 Ἰουλίῳ
2721 1420 2854 1488 μηνὶ
2876 1418 2967 1468 τοῦ
2991 1413 3156 1468 αὐτοῦ
3183 1414 3337 1474 ἔτους

1769 1516 2022 1586 κάκεῖθεν
2055 1517 2216 1568 πάλιν
2268 1515 2599 1582 ἐπιστρέψας
2634 1517 2660 1565 6
2692 1512 2913 1580 ἁμηρᾶς
2949 1513 3026 1572 εἰς
3072 1506 3336 1576 Κόρινθον

1770 1611 1989 1670 έπεσεν,’
2020 1609 2086 1679 ἢν
2115 1609 2178 1677 δὴ
2215 1610 2310 1660 καὶ
2341 1608 2646 1660 δεδώκασιν
2674 1605 2826 1673 αὐτῷ
2865 1605 2915 1656 οἱ
2951 1603 3187 1669 γενναῖοι
3232 1601 3335 1663 ἆρ-

1769 1716 1953 1768 χοντες
1989 1700 2120 1753 ἄνευ
2157 1701 2471 1765 ἀντιλογίας
2515 1700 2679 1762 τινὸς.
2715 1699 2740 1749 ό
2795 1697 3022 1764 ’Δσάνης
3057 1692 3338 1752 Ματθαῖος

1770 1793 1932 1859 λέγω,
1957 1793 1990 1845 6
2013 1792 2446 1859 γυναικάδελφος
2467 1791 2559 1843 τοῦ
2578 1791 2843 1842 δεσπότου
2866 1788 2972 1854 κὺρ
2994 1789 3066 1854 Δη
3078 1785 3335 1852 μητρίου⁹

89 1882 391 1949 βασίλισσα
446 1883 478 1948 ἡ
529 1881 666 1950 γυνὴ
745 1883 908 1934 αὐτοῦ
959 1880 1264 1934 ἀπέθανεν·
1306 1879 1429 1956 ὲνῇ
1479 1885 1666 1954 σχεδὸν
1698 1877 1739 1929 Β
1768 1887 1879 1948 υίὸς
1912 1886 1969 1938 δὲ
2007 1885 2220 1937 Παύλου
2279 1884 2372 1935 τοῦ
2417 1885 2637 1949 ’Δσάνη,
2690 1883 2751 1932 τὸ
2800 1878 3029 1931 παλαιὴν
3080 1878 3174 1928 καὶ
3217 1874 3341 1926 νέον

87 1975 284 2044 ἡμέρᾳ
313 1976 410 2027 καὶ
439 1973 560 2044 ὥρᾳ.
587 1974 743 2042 διέϐη
790 1975 925 2042 πρὸς
970 1976 1060 2028 τὸν
1097 1977 1320 2044 ἀμηρᾶν
1350 1978 1381 2043 ἡ
1422 1977 1665 2047 θυγάτηρ

85 2068 268 2133 αὐτῆς
298 2068 376 2126 είς
414 2067 729 2134 ἀμήρισσαν
765 2068 906 2135 μετὰ
937 2067 1029 2118 τοῦ
1073 2067 1277 2134 τυφλοῦ
1317 2067 1410 2118 τοῦ
1447 2068 1665 2136 πρώτου

83 2160 270 2226 αὐτῆς
296 2160 526 2226 ἀδελφοῦ
555 2162 652 2212 καὶ
681 2160 774 2212 τοῦ
809 2160 955 2212 θείου
989 2163 1161 2230 αὐτῆς
1190 2161 1366 2229 Θωμᾶ
1393 2163 1489 2213 τοῦ
1517 2164 1672 2215 Κανι-’

82 2249 455 2316 τακουζηνού,
497 2251 680 2319 ἄρασα
738 2251 857 2320 μεθ’
908 2253 1109 2321 ἑαυτῆς
1159 2253 1374 2318 ᾶπαντα
1416 2257 1506 2305 τὸν
1556 2255 1669 2323 βίον

84 2342 218 2409 ἦτοι
267 2341 584 2409 περιουσίαν
633 2343 727 2394 καὶ
776 2342 1009 2409 ὕπαρξιν
1055 2345 1305 2412 κινητὴν,
1344 2344 1667 2413 φοϐούμενοι

77 2432 183 2484 διὰ
221 2432 316 2484 τὸν
349 2432 463 2499 βίον
500 2435 599 2501 τῆς
643 2435 849 2503 μητρὸς
877 2436 968 2486 τὸν
1004 2435 1234 2504 ἁδενλεὸν
1267 2438 1360 2488 καὶ
1390 2438 1488 2507 τὴν
1528 2439 1666 2506 νύμ-

84 2541 205 2591 φην
245 2508 449 2577 αὐτῶν.
481 2526 586 2588 Καὶ
610 2525 686 2594 τῷ
709 2525 820 2578 ἔτει
841 2525 1034 2593 γςῇξςέ
1064 2529 1193 2596 μηνὶ
1219 2528 1323 2580 Νοε
1337 2528 1516 2597 μϐρίῳ
1542 2529 1670 2581 ἁπέ-

75 2618 228 2670 ﬂave
261 2617 356 2669 καὶ
385 2617 542 2679 αὐτὸς
571 2620 598 2669 ό
629 2618 899 2687 δεσπότης
948 2618 1220 2686 Λάζαρος,
1263 2622 1356 2672 καὶ
1386 2625 1413 2672 6
1446 2624 1667 2690 ἀμηρᾶς

80 2710 364 2778 Μεμέτην
407 2710 499 2761 τὸν
545 2710 712 2763 αὑτοῦ
761 2711 1197 2781 μπεη).έρμπεην
1243 2712 1507 2781 ὲδιόρισεν
1559 2715 1667 2775 ἵνα,

80 2804 136 2854 εἰ
179 2802 409 2855 δύνατόν
436 2798 524 2871 ἦν,
561 2803 678 2871 μετ’
710 2782 937 2872 είρήνηξ
963 2804 1023 2854 τὸ
1051 2804 1418 2871 Σμεντόροϐον
1447 2807 1541 2856 καὶ
1569 2807 1671 2857 πᾶ·-

81 2913 196 2946 σαν
237 2895 303 2963 δὴ
336 2894 434 2964 τὴν
476 2895 709 2962 Σερϐίαν
761 2893 880 2963 μετ’
919 2895 1147 2964 εἰρήνης
1187 2895 1326 2966 λάϐῃ
1370 2899 1463 2949 καὶ
1510 2897 1670 2949 ἄλλον

77 2987 212 3040 ἀντ’
256 2987 436 3039 αὐτῶν
470 2988 618 3058 δὼσῃ
656 2990 722 3057 τῇ
760 2988 985 3056 γυναικὶ
1031 2989 1126 3040 καὶ
1164 2991 1278 3051 τοῖς
1317 2989 1530 3050 τέκνοις
1572 2990 1671 3041 αύ-

77 3077 190 3130 τοῦ
229 3079 297 3147 δὴ
331 3076 420 3129 τοῦ
459 3081 707 3147 Λαζάρου
737 3095 748 3107 ·
780 3080 918 3148 ὅπερ
951 3079 1045 3131 καὶ
1077 3081 1136 3131 ού
1163 3079 1495 3150 κατώρθωσε
1525 3081 1670 3144 τότε,

76 3172 134 3222 εἰ
165 3171 246 3237 μὴ
273 3170 432 3238 μόνον
460 3169 521 3221 τὸ
558 3171 878 3239 Περιστέριν
905 3171 1180 3239 παρέλαϐε
1206 3173 1488 3242 προδοσίᾳ,
1534 3173 1672 3240 μετὰ

74 3265 144 3314 δέ
183 3279 315 3313 τινα
359 3264 549 3330 καιρὸν
597 3262 691 3313 καὶ
729 3262 790 3313 τὸ
830 3263 1212 3331 Σμεντόροϐον
1246 3263 1339 3315 καὶ
1383 3267 1476 3317 τὸν
1514 3265 1673 3317 ἄλλον

73 3353 288 3409 τόπον.
339 3353 447 3405 Καὶ
488 3351 555 3421 τῇ
604 3353 890 3423 βασιλίσσῃ
942 3353 1104 3422 387
1162 3355 1330 3408 ἔδωκε
1379 3356 1521 3424 τάχα
1551 3357 1674 3409 τινὰ

76 3547 267 3601 atque
316 3532 462 3587 Julio
508 3549 695 3588 mense
764 3534 817 3587 in
868 3536 1149 3589 Albaniam
1208 3537 1509 3605 profectus,
1565 3555 1670 3592 non

68 3628 334 3682 multum
361 3626 552 3690 abfuit,
578 3629 706 3694 quin
741 3627 1001 3695 majorem
1033 3641 1239 3697 partem
1270 3628 1434 3695 hujus
1457 3647 1674 3700 quoque

75 3734 258 3776 terre
283 3721 344 3774 ‘iu
373 3730 695 3789 potestatem
721 3723 1029 3790 redigeret;
1063 3724 1154 3776 sed
1187 3731 1463 3791 postremo
1489 3727 1556 3779 ab
1579 3727 1671 3791 iis,

71 3814 186 3882 qui
224 3813 434 3865 auxilio
462 3824 742 3878 venerant,
782 3812 973 3876 Jauco,
1003 3813 1330 3881 Capistrano
1356 3824 1411 3869 et
1440 3817 1562 3869 aliis
1593 3819 1672 3870 vi-

73 3907 170 3959 ris
209 3906 686 3974 prtestantissimis
725 3906 893 3959 victus
946 3907 1189 3959 treessit.
1235 3906 1343 3960 Sub
1377 3909 1512 3960 idem
1539 3919 1673 3962 lem-

69 4011 200 4064 pus
235 3997 489 4062 egregius
519 3995 610 4047 ille
667 3996 1019 4065 beglerbegus
1055 3997 1405 4054 Turachaues
1445 4002 1498 4053 in
1536 4002 1672 4055 vivis

68 4100 220 4138 esse
264 4084 443 4136 desiit.

168 4177 260 4230 15.
327 4178 480 4228 Anno
529 4175 671 4229 6965
723 4176 1096 4244 llungarorum
1155 4180 1264 4233 dux
1318 4191 1370 4235 et
1423 4182 1673 4252 princeps

64 4271 309 4324 Jancus
343 4281 592 4321 mortuus
644 4276 761 4331 est;
816 4270 926 4321 imo
981 4271 1141 4323 etiam
1201 4272 1556 4340 Capistranus
1615 4287 1671 4330 et

62 4360 306 4411 Scr-viae
334 4359 585 4426 princeps
613 4368 664 4411 et
704 4360 952 4425 despnta,
1006 4360 1270 4429 Georgius
1300 4362 1518 4417 Bulcus.
1550 4365 1670 4418 Maii

63 4449 315 4503 mensis
376 4450 461 4503 die
492 4452 733 4503 secundo
762 4450 889 4504 anni
936 4451 1182 4519 ejusdem
1246 4455 1408 4516 etiam
1465 4457 1669 4526 regina,

1769 1980 1958 2043 κακὸν,
2001 1980 2095 2032 καὶ
2121 1981 2150 2030 6
2184 1979 2468 2045 Λουκὰνης
2500 1976 2836 2045 Νικηφόρος.
2869 1973 3068 2038 Γέγονε
3096 1971 3152 2023 δὲ
3180 1968 3339 2021 τοῦτο

1771 2072 1828 2122 ὲν
1865 2073 1994 2138 μηνὶ⁵
2027 2070 2325 2140 Αὐγούστῳ
2348 2072 2416 2139 τῇ
2448 2077 2525 2133 ς’.
2578 2060 2678 2120 Ὧν
2706 2072 2733 2119 ό
2767 2068 2862 2136 μὲν
2893 2061 2973 2127 εἷς
3003 2064 3337 2132 ἡγεμόνευεν

1770 2165 1827 2215 ὲν
1863 2165 2024 2233 αὐτῇ,
2055 2165 2128 2226 ὼς
2169 2165 2241 2232 μὴ
2270 2163 2500 2231 ὤφελεν,
2534 2164 2562 2214 ό
2590 2161 2645 2212 δὲ
2706 2160 2941 2225 Ἀσάνης
2966 2153 3033 2226 ἦν
3063 2153 3340 2208 ἀπεσταλ-

1775 2255 1940 2320 μένος
1988 2253 2191 2322 σπουδῇ
2244 2253 2396 2320 παρὰ
2446 2252 2539 2303 τοῦ
2577 2250 2840 2304 δεσπότου
2889 2251 2946 2299 ὲν
2999 2247 3158 2324 αὐτῇ,
3193 2243 3339 2300 ὅπως

1772 2344 2156 2414 χρηστοτέρως
2192 2343 2401 2413 φυλάξῃ
2453 2343 2555 2412 τὴν
2609 2343 2765 2394 πόλιν
2787 2355 2804 2372 ⁸
2831 2340 3082 2399 κάκεῖνος
3113 2337 3171 2388 δὲ
3215 2353 3342 2387 συν-

1771 2435 2102 2504 τομωτέρως
2137 2437 2458 2504 παρέδωκεν
2500 2435 2692 2502 αὑτήν.
2740 2433 2848 2485 Καὶ
2879 2432 2981 2483 ούκ
3016 2429 3225 2483 οἴδασιν
3256 2427 3341 2478 ὅτι

1771 2532 1821 2580 εἰ
1873 2530 1970 2581 καὶ⁹
2017 2529 2118 2598 τὴν
2174 2529 2440 2598 Κόρινθον
2479 2529 2708 2591 ξδωσαν,
2733 2525 2893 2594 δῆλόν
2947 2526 3068 2576 ὲστι
3103 2523 3242 2575 κατὰ
3274 2526 3344 2573 τα

1774 2620 2084 2687 πράγματα
2108 2618 2187 2670 ὅτι
2223 2617 2416 2686 ὥσπερ
2448 2615 2662 2684 ,κεφαλὴ
2701 2616 2757 2666 ὲν
2790 2613 2866 2680 τῷ
2904 2611 3137 2681 σώματι,
3169 2626 3347 2662 τοιου-

1775 2710 2054 2776 τοτρόπως
2083 2711 2176 2761 καὶ
2208 2712 2265 2758 ὲν
2297 2711 2364 2776 τῇ
2393 2708 2784 2774 Πελοποννήσῳ
2817 2705 2910 2773 ἣδε
3009 2704 3159 2763 πόλις
3207 2697 3343 2769 εἶχε.

1774 2803 1927 2868 Τάχα
1953 2803 2046 2852 καὶ
2076 2801 2435 2869 ὀρκωμοτικὰ
2461 2800 2684 2867 εἰρήνης
2715 2797 3052 2865 πεποιήκασι
3086 2794 3224 2863 μετὰ
3246 2811 3349 2845 κα-

1774 2894 2113 2953 ταστάσεως,
2147 2894 2228 2944 ὅτι
2265 2893 2356 2943 καὶ
2388 2895 2414 2942 6
2442 2891 2707 2956 δεσπότης
2945 2888 2972 2939 ὁ
3004 2890 3110 2955 κὺρ
3140 2887 3348 2956 Ηωμᾶς

1772 2983 1870 3052 τὴν
1904 2985 2121 3052 Πάτραν
2162 2983 2310 3053 δώσῃ
2350 2984 2487 3052 μετὰ
2516 2984 2612 3050 τῆς
2645 2981 2909 3049 περιοχῆς
2941 2981 3133 3048 αὐτῆς,
3171 2979 3250 3030 ἔτι
3292 2979 3348 3030 δὲ

1774 3078 1869 3130 καὶ
1903 3077 1970 3129 τὰ
2009 3078 2342 3146 Καλάϐρυτα
2379 3078 2472 3128 καὶ
2505 3076 2692 3136 ἁπλῶς
2733 3075 2914 3126 πάντα
2948 3075 3048 3125 ὅσα
3083 3076 3110 3124 6
3169 3088 3351 3139 μακα-

1779 3173 1934 3239 ρίτης
1987 3171 2242 3239 βασιλεὺς
2293 3171 2704 3230 Κωνσταντῖνος
2755 3165 3024 3235 δεσπότης
3065 3163 3141 3216 ὢν
3181 3165 3238 3214 ὲν
3281 3166 3347 3231 τῇ

1781 3264 2176 3330 Πελοποννήσῳ
2212 3258 2377 3330 εἶχεν.
2409 3262 2593 3329 ’Δπερ
2630 3259 2694 3329 δὴ
2730 3261 2803 3320 ὼς
2832 3259 3065 3327 ἧκουσεν
3097 3259 3124 3310 6
3158 3258 3350 3310 δεσπό-

1775 3373 1872 3426 της
1910 3358 2016 3425 κὺρ
2051 3357 2252 3425 Θωμᾶς
2279 3357 2307 3408 6
2341 3357 2606 3424 αὐθέντης
2643 3357 2738 3408 καὶ
2767 3355 2959 3425 κύριος
2988 3353 3166 3406 αὐτῶν
3196 3356 3252 3405 ἐν
3281 3354 3345 3419 τῇ

1770 3535 1881 3600 clo,
1907 3537 2207 3605 Oppugnari
2235 3537 2417 3601 iussit,
2445 3537 2579 3604 ipse,
2603 3552 2697 3605 per
2727 3536 2957 3589 mediam
2992 3545 3034 3588 tr
3048 3552 3190 3588 rram
3217 3552 3345 3603 pro-

1776 3634 1995 3695 cedens,
2029 3642 2221 3684 cuncta
2256 3637 2349 3682 aut
2384 3630 2434 3681 in
2467 3630 2788 3688 servitutem
2820 3630 3028 3694 redegit
3067 3639 3160 3682 aut
3207 3631 3352 3684 dele-

1776 3721 1853 3773 vit
1918 3733 1970 3774 et
2035 3721 2360 3781 combussit,
2419 3721 2468 3772 in
2524 3721 2713 3786 primis
2771 3723 3033 3784 Aeniam,
3071 3723 3264 3775 Aétum
3299 3733 3353 3776 ct

1775 3812 2157 3882 Pentaehyria.
2187 3814 2316 3866 lude
2339 3827 2663 3880 progressus
2687 3815 2976 3867 Mocltlium
3025 3817 3348 3878 incursavit,

1775 3922 1937 3973 quam
1973 3909 2158 3958 urbem
2199 3908 2423 3973 pacilice
2458 3906 2534 3957 illi
2573 3907 2797 3960 tradidit
2839 3909 2956 3974 ejus
3007 3920 3117 3961 tum
3153 3908 3347 3977 praefe-

1776 4006 1894 4048 ctus
1944 3996 2183 4064 optimus
2230 3997 2534 4049 Demetrius
2591 3999 2818 4050 Asaues.
2869 3995 3017 4049 Julio
3047 3997 3350 4049 menscin-

1777 4091 1840 4140 de
1874 4104 2135 4142 reversus
2188 4088 2508 4142 Corinthum
2561 4089 2784 4142 adortus
2831 4099 2935 4147 est.
2988 4106 3149 4155 quant
3202 4089 3347 4141 haud

1777 4191 2097 4232 (‘unctauler
2126 4179 2174 4232 ei
2205 4179 2474 4231 dederunt
2511 4178 2677 4232 duces
2712 4179 3022 4239 fortissimi.
3059 4181 3348 4235 Mattlueus

1777 4277 2004 4334 Asanes,
2035 4270 2198 4323 frater
2221 4272 2410 4325 uxoris
2441 4272 2695 4325 Demetrii
2728 4275 2987 4339 despuite.
3028 4273 3169 4326 filius
3199 4276 3346 4329 Pauli

1775 4364 1991 4424 Asanis,
2022 4363 2167 4428 quod
2201 4377 2356 4418 vetus
2386 4374 2437 4416 et
2470 4380 2659 4417 recens
2721 4366 2922 4418 malum
2955 4366 3076 4429 fuit,
3109 4380 3158 4420 ei
3191 4368 3349 4421 Nice-

1777 4459 1983 4525 phorus
2009 4457 2279 4519 Litt-anes,
2307 4458 2510 4510 mensis
2537 4459 2765 4526 Augusti
2792 4458 2880 4512 die.
2906 4471 3083 4520 sexto,
3113 4478 3344 4528 quorum

63 4559 235 4597 uxor
265 4543 410 4611 ejus,
446 4542 615 4596 obiit:
671 4557 778 4611 quo
815 4542 985 4598 ferme
1012 4545 1130 4614 ipso
1173 4546 1258 4600 die
1310 4557 1364 4600 et
1417 4548 1548 4602 hora
1605 4551 1670 4602 ad
1707 4566 1750 4622 ῃ
1779 4549 1913 4602 alter
1943 4550 2147 4601 utinam
2189 4565 2257 4601 ne
2310 4549 2747 4603 administrasset
2792 4553 3000 4613 urbem,
3037 4567 3199 4620 quam
3249 4553 3344 4606 ιιι.

53 4638 356 4689 Ameram
384 4643 437 4686 et
466 4633 789 4688 amerissam
839 4649 898 4688 se
940 4627 1171 4689 contulit
1221 4635 1330 4690 ﬁlia
1377 4639 1498 4706 ejus
1546 4656 1668 4693 cum

56 4741 245 4783 czeco
277 4725 445 4779 fratre
496 4716 625 4780 natu
669 4727 910 4781 maximo
931 4738 984 4781 et
1033 4727 1242 4782 Thoma
1291 4732 1671 4788 Cantacuzeno

53 4818 398 4880 avunculo,
436 4817 630 4873 ablatis
661 4833 845 4872 secum
892 4803 1148 4874 mnuihus
1181 4822 1528 4880 facultatibus
1554 4828 1671 4881 sive

50 4909 264 4963 rebus
296 4906 608 4960 mobilibus.
632 4907 785 4961 Auno
809 4907 971 4971 6966,
999 4924 1187 4965 mense
1213 4913 1529 4980 Novembri,
1554 4916 1672 4984 ipse

51 5003 349 5054 Lazarus
381 4997 605 5067 despota
631 5011 875 5053 mortuus
901 5009 1004 5064 est,
1035 5002 1332 5059 etAmeras
1359 5006 1667 5074 llehemeti,

48 5089 425 5158 beglerbego
458 5104 580 5152 suo,
629 5091 928 5155 mandavit,
964 5101 1040 5154 ut,
1076 5095 1117 5146 si
1153 5095 1266 5148 tieri
1303 5112 1506 5162 posset.
1543 5115 1668 5167 pac-

48 5185 245 5238 tione
288 5179 392 5230 sibi
415 5189 773 5251 .comparatet
807 5179 1225 5236 Smentorobum
1262 5198 1313 5239 et
1347 5199 1510 5240 rotam
1541 5191 1669 5242 Ser-

48 5276 265 5330 viatn,
300 5270 475 5322 etalia
501 5285 598 5338 pro
631 5273 715 5325 his
752 5274 906 5327 uxori
939 5284 994 5328 et
1043 5276 1229 5330 liberis
1266 5278 1454 5332 Lazari
1495 5282 1667 5338 daret:

48 5363 260 5431 cujus
292 5362 398 5414 voti
446 5373 556 5415 tum
593 5378 698 5415 non
736 5380 957 5433 compos
989 5368 1161 5420 factus
1207 5379 1310 5434 est,
1353 5374 1444 5424 sed
1493 5374 1667 5426 solum

48 5454 452 5515 [V’cristerium
498 5458 806 5524 proditione
829 5461 1095 5526 obtinuit;
1126 5463 1402 5528 aliquanto
1439 5475 1556 5532 post
1587 5475 1668 5517 la-

48 5565 224 5607 mcn
263 5548 424 5599 etiam
460 5546 884 5603 Smentorobum
929 5559 981 5604 et
1021 5552 1199 5605 locum
1232 5554 1421 5606 alium.
1454 5554 1668 5624 Regina:

48 5638 322 5698 castella
356 5639 599 5706 quzedam
638 5639 763 5692 data
793 5650 942 5704 sunt,
981 5658 1100 5709 qiue
1131 5643 1366 5698 Amcras
1400 5647 1449 5698 iu
1491 5646 1680 5700 Bosna'

48 5731 356 5790 habebat.
417 5728 538 5781 Maii
589 5731 676 5784 die
736 5732 796 5784 l5
841 5732 1084 5799 ejusdem
1133 5737 1259 5788 anni
1314 5739 1542 5792 Anteras
1614 5740 1665 5792 in

48 5822 536 5888 Peloponnesum
577 5825 739 5890 venit,
765 5834 816 5880 ct
845 5824 1165 5882 Corinthum
1197 5869 1210 5893 ,
1248 5829 1490 5885 exercitu
1537 5831 1662 5886 reii-

1760 4641 2143 4706 ministrabat,
2186 4641 2343 4704 alter,
2383 4641 2608 4707 Asaues,
2647 4643 2822 4696 dedita
2853 4659 3012 4711 opera
3068 4659 3096 4696 a
3124 4643 3349 4711 despota

1778 4731 1978 4784 missus
2011 4732 2073 4783 ad
2109 4731 2425 4800 diligentius
2477 4749 2598 4785 eam
2646 4734 2923 4797 tuendam,
2977 4734 3140 4787 etiam
3187 4734 3354 4789 citius

1775 4839 1892 4876 eam
1945 4824 2186 4878 tradidit.
2239 4825 2388 4879 Adeo
2463 4827 2797 4887 nesciebant,
2849 4842 2972 4881 cum
3025 4829 3344 4881 Corinthum

1780 4916 2067 4978 traderent,
2113 4918 2301 4970 urbem
2342 4932 2400 4970 se
2427 4917 2665 4979 tradere,
2688 4933 2828 4986 quze,
2857 4922 2899 4972 si
2935 4934 3044 4972 rem
3075 4921 3350 4972 aestimare

1777 5010 1932 5071 velis,
1953 5011 2004 5061 in
2033 5008 2407 5077 Peloponneso
2438 5009 2486 5062 id
2507 5019 2674 5070 esset.
2710 5015 2851 5077 quod
2882 5020 3040 5080 caput
3072 5014 3121 5064 in
3156 5027 3351 5081 corpo-

1776 5114 1834 5150 re
1869 5109 1967 5150 cst.
2003 5098 2116 5150 Mox
2151 5100 2314 5152 etiam
2345 5100 2650 5166 pactionem
2678 5116 2800 5154 cum
2830 5113 3175 5156 saeramento
3205 5102 3350 5157 fece—

1776 5202 1921 5254 runt,
1957 5203 2012 5243 ut
2049 5189 2288 5242 Tlmmas
2328 5191 2552 5259 despota
2589 5191 2801 5244 l'atram
2841 5208 2966 5245 eum
3017 5193 3151 5247 locis
3184 5179 3361 5263 [adjae

1775 5284 2020 5336 centibus
2053 5283 2324 5347 traderet;
2387 5292 2645 5352 prazterea
2700 5283 3009 5354 Calabryta,
3044 5296 3097 5339 et
3128 5291 3352 5342 omnino

1774 5384 1991 5437 cuncta,
2021 5390 2144 5442 quae
2178 5374 2348 5429 beata:
2393 5378 2666 5428 memorie
2711 5376 3006 5445 imperator
3037 5381 3350 5434 Constanti-

1777 5481 1880 5519 nus
1937 5465 2186 5533 despota,
2242 5480 2364 5520 cum
2422 5467 2467 5520 is
2521 5467 2573 5519 in
2624 5467 3004 5535 PeIOponneso
3045 5482 3206 5534 esset.-
3258 5474 3351 5527 ha-

1759 5551 1984 5615 buerat.
2022 5555 2154 5621 Qum
2187 5557 2276 5609 ubi
2328 5559 2498 5612 audiit
2552 5557 2796 5614 Thomas
2853 5563 3111 5630 despotn,
3153 5579 3343 5620 corum

1773 5647 2029 5700 dominus
2055 5661 2108 5703 et
2144 5653 2415 5720 princeps,
2447 5666 2568 5704 cum
2613 5656 2760 5707 omni
2811 5655 3012 5710 familia
3057 5657 3344 5715 Mantinea:

1777 5743 1997 5809 degens,
2033 5741 2083 5794 in
2121 5743 2372 5797 viciniam
2399 5743 2602 5813 Trypes
2634 5746 2799 5811 buua,
2828 5750 2917 5803 ubi
2950 5749 3116 5804 frater
3140 5752 3260 5820 ejus
3292 5764 3346 5808 et

1776 5831 1865 5889 isti
1900 5850 2080 5888 rerum
2115 5845 2220 5890 tam
2251 5836 2605 5893 laudabiliora
2634 5850 2885 5899 auctores
2913 5851 3086 5913 erant,
3121 5860 3342 5900 conces-
