4112 6450
201 454 305 522 985

1188 451 1631 516 CHRO‘N‘ICON
1672 455 1937 521 MAJUS.
1974 482 2033 492 -
2071 455 2213 522 LIB.
2261 458 2356 519 IV.

3302 458 3408 527 96

189 580 285 645 φά,
319 579 408 629 καὶ
430 575 666 642 ἀπῆλθον
698 574 791 626 καλ.
821 573 969 627 αὐτοὶ
1001 572 1076 634 είς
1110 570 1416 645 Κέρκυραν.
1446 574 1507 626 '0
1536 574 1591 625 δὲ
1614 570 1742 643 ἦλθε
1773 586 1816 642 Α
1851 594 1998 643 μενοι
2029 580 2117 631 καὶ
2147 578 2213 631 τὰ
2244 579 2349 631 τῶν
2388 579 2704 649 πρεσϐυτῶν
2744 580 3177 647 ἀποτελέσματα.
3226 579 3282 633 Ὀ
3308 581 3411 647 μὲν

191 670 347 737 μέχρι
378 670 468 720 καὶ
502 667 718 736 Ιιάτρας
754 667 976 716 κάκεῖσε
1012 665 1355 733 προσέμεινε.
1403 665 1509 718 Καὶ
1532 665 1598 718 τὰ
1635 668 1744 717 Κα-

181 753 422 827 λάδρυτα
452 758 650 820 λαϐὼν,
689 756 817 809 ἔνθα
873 758 901 808 6
951 755 1297 825 ἡγεμονεύων
1328 756 1451 809 οὗτε
1490 758 1601 819 τοῖς
1657 756 1738 809 δε-

182 848 406 909 σπόταις
430 846 550 898 οὔτε
574 847 650 916 τῷ
682 849 872 916 ἀμηρᾷ
892 846 1151 913 ἐφύλαττε
1179 845 1379 906 πίστιν,
1405 845 1519 896 ἀλλ’
1539 846 1645 898 οὐδ’
1663 847 1741 907 είς

179 938 334 1002 Θεὸν,
362 936 436 999 ὡς
466 939 691 1005 νομίζω,
724 938 884 999 αὐτὸς
915 939 1012 1006 μὲν
1038 939 1065 989 6
1103 938 1323 1005 ἀμηρᾶς
1364 935 1530 989 ἔδωκε
1586 936 1741 1006 δίκην

178 1030 331 1091 ἀξίαν
360 1028 508 1097 αὐτῷ
527 1044 542 1058 ο
566 1029 780 1081 ὲλέπισε
814 1030 920 1095 γὰρ
954 1027 1134 1091 αὐτὸν,
1198 1026 1246 1078 οἱ
1274 1025 1319 1077 δ’
1347 1024 1509 1078 αὑτοῦ
1542 1025 1741 1089 πάντες

174 1123 233 1173 οἱ
267 1121 360 1190 μὲν
378 1119 771 1187 ἀπετμήθησαν
808 1119 905 1180 τὰς
934 1118 1197 1186 κεφαλὰς,
1236 1118 1284 1169 οἱ
1310 1117 1366 1169 δὲ
1403 1116 1738 1185 αἰχμάλωτοι

174 1212 523 1281 ἀπήχθησαν.
553 1210 625 1262 Τὸ
648 1210 704 1262 δὲ
732 1209 867 1263 ἀστυ
901 1209 929 1260 6
960 1211 1180 1279 ἀμηρᾶς
1210 1208 1388 1269 καλῶς
1435 1206 1738 1273 ἀσφαλισά-

179 1319 341 1371 μενος
369 1302 462 1354 καὶ
495 1302 657 1354 παντὶ
680 1303 829 1368 τόπῳ
879 1303 1036 1366 ἀφεὶς
1091 1300 1439 1367 στρατιώτας,
1496 1299 1739 1366 ὲγερθεὶς

175 1394 287 1444 ἀπὸ
315 1393 411 1459 τῆς
446 1392 662 1462 Πάτρας
690 1393 845 1459 διέὸη
870 1393 948 1453 είς
993 1392 1061 1445 τὰ
1122 1393 1249 1461 περὶ
1291 1393 1351 1443 τὸ
1404 1391 1738 1460 Σαλμενικὸν

174 1482 273 1533 καὶ
299 1480 628 1548 Λίστραιναν
660 1481 754 1532 καὶ
791 1479 1082 1544 Βοστίτξαν
1108 1495 1124 1511 ο
1170 1481 1264 1532 καὶ
1317 1480 1413 1549 τὴν
1451 1480 1548 1546 μὲν
1599 1481 1737 1531 Βοσ-

174 1566 363 1629 τίτζαν
414 1571 507 1619 καὶ
570 1569 902 1637 Λίστραιναν
954 1568 1134 1633 ἔλαϐε,
1172 1571 1232 1621 τὸ
1296 1570 1352 1622 δὲ
1401 1570 1733 1638 Σαλμενικδν

171 1658 446 1727 ἐκράτησε
490 1659 649 1728 μέχρι
677 1661 817 1722 τινός
845 1678 926 1721 τις
961 1659 1320 1729 Παλαιολόγος
1344 1661 1633 1729 λεγόμενος
1673 1659 1734 1713 τδ

169 1755 195 1802 ἐ
210 1752 413 1818 πίκληιῖ
437 1752 723 1820 Γραίτζας.

247 1843 353 1895 Τοῦ
380 1844 434 1894 δὲ
474 1844 748 1909 δεσπότου,
781 1844 855 1905 ὡς
909 1834 1157 1911 εἴπομεν,
1219 1845 1439 1894 πανοικὶ
1491 1840 1737 1905 ἐλθόντος

1843 666 1935 718 οὖν
1978 666 2171 736 Ῥἀλης
2202 669 2453 739 Ἰωάννης
2501 671 2723 725 διελθὼν
2782 672 2868 724 διὰ
2926 670 3017 724 τοῦ
3087 671 3410 737 Ἀγγελοκᾶ-

1850 774 2012 826 στρου
2066 759 2266 826 ἔφθασε
2306 762 2397 812 τὸν
2463 764 2684 831 ἀμηρᾶν
2730 764 2809 824 είς
2845 762 2913 813 τά
2962 762 3090 829 περὶ
3139 763 3233 829 τὴν
3277 762 3409 832 Βέρο

1849 849 2001 916 ῥοιαν
2026 863 2041 877 ⁸
2074 850 2165 901 καὶ
2193 848 2354 911 εὐθὺς
2398 852 2797 917 προστάξαντος
2836 852 2999 904 αὐτοῦ
3053 853 3081 904 ὃ
3115 869 3171 903 τε
3216 853 3405 919 Ῥἁλης

1846 936 1935 988 καὶ
1966 939 2011 989 οί
2052 939 2148 991 σὺν
2180 940 2327 1008 αὐτῷ
2363 942 2559 1003 πάντες
2595 942 3015 1012 ὲδεσμεύθησαν.
3050 943 3140 994 καὶ
3172 945 3218 994 οἱ
3256 945 3409 1004 πόδες

1844 1025 2024 1079 αὐτῶν
2076 1030 2488 1105 ἡσφαλίσθησαν
2529 1030 2787 1100 σιδήροις.
2850 1031 3270 1092 Διαόιδάσαντες
3316 1029 3407 1083 οὖν

1844 1115 2017 1181 οὕτως
2044 1118 2271 1188 δέσμιοι,
2308 1122 2446 1191 μετά
2497 1140 2648 1185 τινας
2685 1123 2837 1185 όδοὺς
2895 1124 3113 1193 ἡμερῶν
3165 1126 3243 1186 είς
3283 1125 3408 1186 τοὺς

1842 1210 1968 1277 περὶ
1994 1211 2086 1262 τοῦ
2121 1212 2328 1280 μαύρου
2362 1214 2520 1282 ὖρους
2543 1214 2763 1283 βουνοὺς
2783 1214 3156 1283 ἠλευθέρωσεν
3186 1215 3407 1276 αὐτοὺς,

1841 1301 2009 1353 εἰπὼν
2030 1302 2110 1353 ὅτι
2130 1302 2271 1368 Ἐγὼ
2299 1303 2593 1373 ὲκδεχόμην
2623 1306 2847 1371 πλησίον
2876 1306 2973 1373 τῆς
3002 1305 3405 1373 Πελοποννήσου

1840 1389 2222 1459 εὑρισκομένου
2262 1410 2362 1461 μου
2413 1396 2584 1447 ἐλθεῖν
2632 1396 2721 1446 τὸν
2773 1396 3057 1461 δεσπότην,
3119 1396 3149 1463 ἢ
3220 1397 3408 1467 στεῐλῃ

1838 1483 1931 1533 τὸν
1964 1484 2075 1535 υίδν
2102 1484 2269 1537 αὑτοῦ
2297 1486 2433 1553 μετὰ
2460 1488 2753 1556 ἀρχόντων,
2797 1492 2887 1539 καὶ
2941 1490 3162 1557 γένηται
3244 1488 3407 1556 χάρις

1838 1576 1977 1645 πρὸς
2018 1577 2200 1641 αὑτὸν,
2254 1579 2350 1629 καὶ
2408 1579 2661 1644 κάθηται,
2700 1579 2787 1629 καὶ
2824 1578 2911 1646 ζῇ.
2964 1578 3111 1630 Ἐπεὶ
3165 1573 3255 1630 οὖν
3311 1579 3405 1629 οὐ·

1836 1668 1923 1719 δὲν
1982 1668 2195 1735 γέγονε,
2256 1669 2418 1722 πάλιν
2483 1669 2731 1737 λέγομεν,
2776 1671 3079 1738 γενηθήτω,
3134 1671 3179 1720 εί
3241 1671 3404 1733 θέλει,

1836 1759 1930 1810 καὶ
1967 1760 2288 1825 ἀπελθόντος
2343 1761 2438 1814 σοῦ
2492 1762 2688 1813 ἐλθέτω
2726 1765 2753 1821 6
2804 1763 3090 1830 δεσπότης,
3135 1764 3166 1831 ἢ
3214 1762 3407 1825 ἐξαπο-

1837 1849 2098 1903 στειλάτω
2149 1850 2244 1903 ἕνα
2273 1851 2380 1904 τῶν
2416 1853 2621 1907 παίδων
2650 1854 2835 1915 αὑτοῦ,
2867 1848 2910 1920 ᾧ
2944 1856 3032 1905 καὶ
3093 1855 3405 1921 ποιήσωμεν

166 1937 251 1993 εἰς
280 1936 590 2005 Κέρκυραν,
621 1937 922 2005 προσῆλθον
965 1935 1232 2003 αὐτῷκαὶ
1277 1935 1580 2004 γράμματα
1626 1934 1731 1987 ἀπὸ
1764 1963 1804 2017 Β
1833 1941 2057 2011 χρηστά.
2138 1942 2593 2013 Ἐπιστρέψαντος
2654 1944 2709 1997 δὲ
2774 1944 2867 1998 τοῦ
2946 1942 3138 1998 Ῥαοὺλ
3230 1946 3407 2012 ἁπρά.

164 2026 267 2078 τοῦ
293 2028 598 2097 πρᾶκτορος
628 2027 719 2079 τοῦ
786 2028 1249 2095 Ἀγγελοκάστρου
1296 2027 1727 2095 διαλαμϐάνοντα

163 2118 365 2182 οὕτως,
400 2119 479 2170 ὅτι
520 2119 595 2185 τῷ
642 2120 835 2189 ἀμηρᾷ
864 2119 1043 2189 ὄρεξις
1073 2114 1139 2190 ἦν
1170 2118 1256 2172 ἵνα
1303 2118 1571 2188 προσέλθῃ
1632 2118 1729 2170 αὑ-

163 2208 254 2276 τῷ
281 2226 362 2270 τις
387 2209 493 2261 τῶν
514 2209 605 2261 τοῦ
629 2208 886 2262 δεσπότου
932 2211 1229 2278 ἀρχόντων,
1281 2211 1373 2263 καὶ
1428 2210 1729 2278 γενήσηται

165 2302 501 2370 συμὸίόασις
531 2303 623 2353 καὶ
657 2302 843 2371 ἀγάπη
874 2301 1223 2371 ἀμφοτέροις,
1272 2303 1364 2366 καὶ
1413 2300 1538 2368 δοθῇ
1598 2299 1730 2368 παρ’

158 2394 341 2447 αὐτοῦ
388 2396 548 2457 τόπος
608 2396 744 2463 μετά
799 2412 959 2447 τινων
995 2394 1321 2461 συμφωνιῶν
1362 2392 1439 2461 τῷ
1496 2392 1727 2462 δεσπότῃ

160 2486 313 2549 πρὸς
347 2483 508 2555 410
534 2486 593 2537 τό
628 2486 746 2557 ζῇν.
782 2484 1317 2554 Συνδιασκεψάμενος
1365 2480 1457 2537 οὖν
1487 2484 1582 2535 σὺν
1621 2486 1729 2544 τοῖς

159 2578 382 2632 αὑτοῦό
409 2580 689 2647 δεσπότης,
719 2578 894 2642 ἔδοξεν
916 2578 1061 2647 αὑτῷ
1090 2579 1252 2630 καλὸν
1281 2574 1417 2630 εἶναι
1447 2579 1533 2629 ἵνα
1572 2579 1598 2628 6
1634 2578 1730 2645 μὲν

172 2672 376 2739 Ῥἁλης
423 2671 693 2741 Γεὼργιος
742 2670 949 2740 ἀπέλθῃ
1005 2670 1140 2739 πρὸς
1190 2670 1279 2721 τὸν
1322 2670 1564 2738 ἀμηρᾶν,
1601 2670 1628 2720 6
1673 2670 1729 2721 δὲ

159 2763 422 2833 γαμϐρΣς
446 2764 607 2815 αὐτοῦ
647 2764 839 2815 Ῥαοὺλ
873 2762 1144 2829 Γεώργιος
1196 2761 1403 2830 ἀπέλθῃ
1460 2762 1593 2829 πρὸς
1640 2762 1731 2813 τὸν

158 2858 423 2917 πάππαν,
457 2856 540 2907 ἵνα
574 2858 602 2908 6
628 2857 726 2923 μὲν
757 2859 849 2908 καὶ
878 2855 1049 2906 ταῦτα
1079 2857 1171 2907 καὶ
1196 2859 1292 2923 τὴν
1324 2857 1401 2916 εἰς
1436 2856 1731 2923 Κέρκυραν

157 2947 267 3001 τοῦ
297 2948 552 2999 δεσπότου
586 2947 873 3015 ἐπιδημίαν
906 2945 1121 3017 δηλώσῃ
1156 2946 1232 3014 τῷ
1258 2946 1477 3016 πάππα,
1504 2950 1529 2999 ὀ
1564 2947 1618 2999 δὲ
1647 2945 1731 3015 ἴδῃ

158 3041 271 3094 καὶ
302 3040 442 3110 μάθῃ
479 3041 561 3102 τίς
593 3040 621 3090 6
648 3039 743 3117 101:)
777 3041 966 3107 ἁμηρᾶ
1004 3039 1219 3100 σκοπός.
1249 3038 1312 3091 Οἳ
1344 3039 1434 3090 καὶ
1469 3037 1729 3104 ἀπῆλθον,

156 3134 195 3183 ὁ
232 3131 332 3200 μὲν
360 3134 423 3199 τῇ
454 3129 518 3196 θ’,
539 3132 565 3181 6
587 3129 642 3180 δὲ
669 3133 731 3198 τῇ
764 3134 835 3183 ια’
866 3129 1194 3195 Αὐγούστου.
1215 3129 1512 3182 Θανατικοῦ
1544 3128 1588 3181 δ’
1614 3131 1732 3181 ἐπι-

156 3218 464 3288 γενομένου
498 3217 589 3270 καὶ
622 3210 699 3279 είς
722 3218 818 3287 τὴν
847 3219 1137 3286 Κέρκυραν
1197 3217 1349 3270 πόλιν
1392 3218 1420 3269 6
1466 3217 1732 3285 δεσπότης

1838 2050 1969 2085 κτου
2018 2032 2095 2102 τῷ
2126 2034 2441 2104 Ὅκτωόρίῳ
2489 2035 2582 2088 τοῦ
2635 2037 2823 2108 ,ςῇξθν
2869 2038 3043 2100 ἔτους,
3078 2038 3170 2088 καὶ
3226 2040 3291 2106 τῇ
3332 2042 3403 2101 ις’

1837 2127 2139 2197 Νοεμϐρίου
2177 2129 2351 2207 ὲμῆᾲς
2410 2129 2465 2180 ἓν
2516 2147 2621 2181 τινι
2681 2130 2787 2181 τῶν
2861 2129 3017 2200 411
3044 2130 3404 2198 Κερκυραίων

1838 2218 2037 2270 πλοίων
2062 2222 2089 2271 6
2127 2218 2391 2289 δεσπότης
2423 2221 2525 2289 κὺρ
2552 2220 2750 2287 Θωμᾶς
2783 2224 2918 2288 μετά
2983 2221 3089 2272 τῶν
3144 2219 3404 2271 πλειόνων
3480 2211 3483 2213 ’

1836 2309 2111 2377 ἀρχόντων
2138 2309 2303 2363 αὑτοῦ
2327 2310 2475 2378 διέϐη
2512 2312 2590 2372 εἰς
2620 2311 2709 2362 τὸν
2741 2309 3018 2377 Ἀγκῶνα,
3073 2310 3159 2364 ἵνα
3199 2310 3405 2361 ἐκεῖθεν

1836 2403 1971 2470 πρός
2002 2419 2059 2454 τε
2106 2404 2195 2454 τόν
2222 2402 2451 2454 πάππαν
2484 2404 2574 2454 καὶ
2618 2402 2709 2453 τὸν
2745 2401 2910 2453 δοῦλα
2945 2399 3283 2452 Μεδιολὰνων
3312 2400 3404 2451 καὶ
3474 2431 3486 2439 -

1837 2495 2064 2563 ἀλλαχοῦ
2098 2495 2326 2563 ἀπέλθῃ,
2372 2495 2451 2556 είς
2477 2494 2769 2563 Κέρκυραν
2812 2492 3142 2560 καταλείψας
3198 2494 3295 2560 τήν
3346 2509 3403 2543 τε

1840 2586 2154 2655 βασίλισσαν
2180 2588 2272 2638 καὶ
2292 2586 2360 2637 τὰ
2391 2585 2575 2638 παιδία
2605 2583 2767 2637 αὑτοῦ
2808 2583 2898 2635 καί
2949 2600 3102 2645 τινας
3154 2583 3263 2634 τῶν
3316 2583 3410 2651 ὀρθ

1838 2677 2040 2745 χόντων
2095 2676 2258 2728 αὐτοῦ
2313 2679 2619 2746 οίκειακοὺς
2675 2677 2769 2729 καὶ
2827 2676 3041 2736 οἰκέτας
3091 2674 3197 2725 τῶν
3253 2672 3404 2739 αὐτῷ

1838 2768 2144 2838 ἑπομένων.
2180 2769 2252 2822 Οὔ
2284 2770 2345 2837 δὴ
2373 2771 2513 2838 κάμὲ
2558 2767 2727 2821 πολλὰ
2766 2767 3148 2835 διορισαμένου
3182 2765 3401 2833 καὶζη-

1838 2859 2101 2928 στήσαντος
2131 2860 2214 2911 ἵνα
2251 2861 2283 2930 ἣ
2318 2862 2413 2912 σὺν
2473 2860 2619 2928 αὑτῷ
2683 2858 2958 2927 ἀπέλθωῆ
3024 2860 3083 2910 ἐν
3134 2858 3396 2927 Κερι;ύρᾳ

1841 2952 1976 3018 μετὰ
2008 2951 2105 3019 τῆς
2132 2950 2454 3019 βασιλίσσης
2508 2952 2697 3019 μείνω,
2758 2950 2941 3018 ἄρχων
2998 2948 3093 3001 τοῦ
3152 2951 3399 3000 ὀσπιτου

1838 3040 2006 3108 αὐτῆς
2029 3057 2042 3070 ⁸
2070 3039 2179 3105 ἐγὼ
2201 3039 2256 3092 δὲ
2282 3041 2367 3093 διά
2396 3058 2454 3092 τε
2485 3041 2547 3091 τὸ
2578 3040 2725 3101 ἔλεος
2754 3040 2849 3091 τοῦ
2884 3039 2952 3091 τὰ
2975 3039 3166 3111 πάντα.
3216 3038 3399 3101 καλῶς

1838 3130 2247 3199 οίκονομοῦντος
2273 3129 2431 3195 Θεοῦ,
2466 3132 2554 3185 διά
2580 3148 2637 3184 τε
2664 3131 2765 3201 τὴν
2797 3131 2975 3198 λύπην
2998 3126 3073 3182 ὧν
3106 3130 3397 3197 ἐγέννησα,

1838 3222 1927 3275 διά
1950 3240 2006 3275 τε
2030 3226 2127 3292 τὴν
2161 3224 2389 3287 ἀταξίαν
2410 3224 2630 3277 πάντων
2649 3225 2757 3277 τῶν
2781 3225 2872 3278 τοῦ
2890 3225 3038 3276 οἴκου
3072 3224 3247 3275 αὐτῶν
3272 3222 3405 3292 ἁνή-

158 3315 265 3366 καὶ
301 3314 457 3381 ἡμεῖς
484 3310 804 3380 ἀπήλθομεν
832 3312 889 3363 ὲν
924 3312 1035 3372 τοῖς
1101 3310 1469 3379 περιχωρίοις,
1522 3311 1735 3380 ἐκδεχό-
1758 3298 1803 3359 C
1837 3331 1961 3375 κοος
1982 3315 2247 3384 ἐγενόμην
2282 3318 2361 3377 είς
2389 3316 2455 3368 τὰ
2493 3316 2800 3385 ἀμφότερα.
2850 3315 2986 3367 Ἀλλ’
3020 3315 3399 3382 ὲπιμείναντός

154 3494 297 3549 dam
360 3492 696 3563 beglerbegis
729 3495 1072 3559 tenebamur,
1098 3495 1189 3563 qui
1217 3504 1268 3548 et
1292 3495 1417 3565 ipsi,
1440 3504 1584 3549 metu
1614 3512 1738 3565 per-

154 3586 337 3642 culsi.
356 3588 533 3639 omnia
558 3587 916 3641 deseruerunt
944 3598 998 3640 et
1021 3588 1310 3657 Corcyram
1340 3585 1625 3641 venerunt.
1648 3590 1738 3641 llle

156 3679 389 3730 l’atram
418 3692 587 3745 usque
609 3678 897 3744 processit,
918 3677 1101 3745 ibique
1136 3678 1354 3730 mansit.
1374 3677 1558 3745 Captis
1577 3677 1738 3731 Cala-

154 3770 363 3837 brytis.
392 3769 510 3837 ejus
542 3770 691 3823 urbis
726 3768 1063 3836 praefectum,
1092 3768 1185 3837 qui
1213 3783 1311 3822 nec
1336 3768 1595 3838 despotis,
1640 3786 1740 3825 nec

152 3876 391 3927 autem,
429 3875 528 3914 nec
572 3875 699 3914 vero
720 3861 847 3923 Deo,
874 3861 1092 3928 Opinor,
1124 3862 1281 3915 ﬁdem
1313 3870 1578 3924 servarat,
1609 3877 1735 3929 sup-

154 3953 337 4022 plicio
374 3952 693 4021 dignissimo
728 3953 956 4020 punivit.
986 3951 1196 4022 Quippe
1222 3936 1415 4022 pellem
1442 3953 1490 4008 ei
1525 3954 1737 4008 detrahi

143 4046 353 4117 jussit,
387 4055 439 4099 et
465 4047 610 4099 cives
656 4055 747 4098 aut
771 4045 1035 4114 jngulavit
1074 4054 1167 4099 aut
1209 4046 1455 4114 captivos
1487 4046 1734 4100 abduxit.

155 4140 321 4194 Urbe
338 4140 474 4194 bene
494 4138 703 4194 munita
719 4148 773 4193 et
792 4140 965 4193 ubivis
985 4139 1194 4193 relictis
1216 4140 1505 4207 praesidiis,
1526 4154 1736 4194 ameras

146 4233 333 4286 Patra
371 4232 541 4285 movit
572 4229 1059 4303 et‘Salmenieum,
1111 4229 1432 4283 Listraanam
1462 4239 1513 4284 et
1556 4229 1736 4284 Besti-

147 4337 312 4376 tzam
346 4321 582 4381 transiit,
612 4336 675 4376 ac
703 4321 939 4374 Bostitza
972 4328 1028 4373 et
1048 4319 1311 4374 Llstraena
1338 4321 1555 4391 quidem
1592 4322 1735 4392 poti-

154 4430 253 4469 tus
280 4396 387 4468 est.
416 4414 507 4469 sed
532 4414 894 4467 Saltnenicum
917 4411 1251 4483 Palmologus
1271 4414 1514 4482 quidam,
1532 4428 1737 4482 cogno-

143 4516 354 4559 mento
371 4504 638 4567 Graitzas,
675 4505 1013 4574 aliquamdiu
1053 4503 1309 4558 servavit.

238 4600 476 4665 Despota
531 4596 694 4666 igitur
754 4612 878 4650 cum
916 4604 1028 4649 tota
1057 4596 1261 4649 familia
1288 4595 1581 4667 Corcyram
1613 4611 1736 4665 pro-

145 4692 336 4755 fecto,
373 4691 565 4744 litterae
598 4691 644 4744 ei
680 4706 708 4744 a
741 4703 1097 4760 procuratore
1127 4691 1499 4761 Angelocastri
1557 4693 1735 4746 allata:

140 4790 324 4839 sunt,
349 4783 549 4848 quibus
602 4782 866 4849 scriptum
900 4790 1037 4841 erat,
1086 4797 1327 4835 ameram
1362 4782 1676 4849 quempiam
1707 4796 1738 4835 e

144 4874 491 4944 proceribus
527 4875 764 4941 despotic
792 4873 856 4926 ad
886 4887 944 4927 se
981 4874 1116 4926 mitti
1141 4888 1361 4942 cupere,
1394 4883 1453 4926 ut
1483 4873 1729 4927 amicitia

141 4979 216 5021 et
255 4967 552 5019 concordia
582 4966 725 5019 inter
755 4967 901 5034 ipsos
922 4966 1333 5024 conciliaretur,
1368 4978 1420 5019 et
1457 4967 1611 5020 lorus
1636 4965 1735 5017 ali-

146 5058 305 5127 quis
367 5057 746 5125 despotzecum
800 5055 1211 5110 conditionibus
1265 5056 1646 5125 quibusdatna
1678 5070 1736 5109 se

142 5156 419 5214 daretur,
445 5154 496 5206 in
528 5168 636 5221 quo
661 5153 707 5205 is
738 5152 898 5205 vitam
930 5158 1131 5221 ageret.
1162 5148 1237 5203 Ite
1275 5165 1397 5203 cum
1425 5149 1541 5202 suis
1600 5148 1737 5201 deli-

146 5247 389 5308 berata,
422 5243 647 5312 despota
674 5257 706 5297 ο
738 5259 795 5296 re
824 5242 942 5298 fore
962 5239 1320 5303 existimavit,
1377 5249 1435 5293 ut
1458 5239 1727 5309 Georgius

138 5335 339 5391 Bales
364 5332 427 5385 ad
466 5347 738 5397 ameram,
759 5332 1023 5399 Georgius
1053 5328 1262 5383 [lautus
1308 5338 1516 5391 autem,
1568 5341 1735 5395 gener

139 5428 318 5493 cjus,
349 5425 413 5478 ad
444 5440 631 5493 papam
661 5422 1129 5493 proficisceretur,
1182 5430 1241 5474 ut
1262 5420 1396 5474 alter
1422 5420 1525 5471 boc
1550 5419 1729 5487 ipsum

139 5528 219 5573 ct
247 5518 491 5585 dt‘spotze
521 5519 571 5569 in
612 5517 852 5585 Corcyra
891 5513 1374 5568 commorationem
1409 5524 1557 5579 pupa:
1595 5525 1735 5561 nun-

144 5612 357 5671 tiaret,
397 5608 757 5663 altervideret
798 5617 851 5660 ct
908 5605 1240 5673 exploraret,
1296 5618 1404 5671 quo
1456 5610 1733 5669 spectaret

137 5702 467 5760 consilium
523 5714 738 5753 autem.
768 5698 954 5767 Itaque
1009 5698 1083 5750 illi
1138 5696 1528 5759 discesserunt,
1591 5694 1734 5746 alter

140 5808 343 5859 nunt),
402 5794 539 5846 alter
595 5791 887 5845 undecimo
944 5790 1035 5842 die
1093 5788 1341 5857 Augusti.
1397 5786 1515 5837 Mox
1552 5798 1728 5839 autem

138 5903 344 5958 quum
381 5886 549 5956 pestis
580 5885 743 5940 etiam
774 5883 1065 5953 Corcyram
1094 5882 1280 5935 urbem
1302 5882 1613 5942 invasisset,
1633 5882 1729 5933 dc-

1840 3503 1990 3562 spota
2018 3504 2071 3548 et
2100 3494 2289 3561 reliqui
2332 3493 2383 3546 in
2420 3492 2537 3547 loca
2571 3493 2750 3546 vicina
2808 3493 3205 3555 concessimus,
3255 3490 3404 3559 lega-

1842 3593 2017 3637 torum
2046 3593 2423 3652 exspectantes
2461 3585 2690 3637 reditum
2718 3584 2917 3652 etquid
2952 3583 3170 3636 allaturi
3214 3591 3400 3635 essent

1841 3678 2036 3729 nuntii.
2066 3678 2141 3729 Ac
2171 3674 2408 3730 Joannes
2437 3675 2597 3729 Rules
2618 3678 2859 3745 quidem,
2910 3686 3058 3729 trans
3095 3675 3401 3742 Angelomo

1844 3777 2019 3821 strum
2056 3766 2354 3838 profectus,
2392 3768 2483 3822 ubi
2509 3782 2676 3836 prope
2694 3767 3010 3821 Berrboeam
3067 3766 3133 3820 ad
3159 3780 3397 3818 amet-am

1840 3859 2008 3922 venit,
2038 3860 2219 3914 statim
2248 3861 2404 3929 jussu
2449 3859 2569 3928 ejus
2609 3874 2732 3913 cum
2791 3861 3046 3913 omnibus
3103 3860 3400 3913 comitibus

1838 3951 2055 4006 vinctus
2075 3960 2131 4005 et
2172 3951 2529 4020 compedibus
2558 3949 2754 4005 ferreis
2805 3951 3057 4005 astrictus
3099 3960 3205 4003 est.
3260 3949 3397 4002 Cum

1840 4044 1913 4098 ita
1959 4044 2125 4098 vincti
2193 4044 2595 4112 processissent
2650 4041 2766 4096 dies
2812 4042 3039 4110 aliquot,
3099 4042 3163 4094 ad
3230 4043 3406 4095 colles

1839 4136 2040 4189 mentis
2072 4134 2212 4202 nigri
2245 4148 2338 4188 eos
2370 4132 2643 4195 liberavit,
2680 4140 2735 4184 et
2758 4139 3111 4199 exspectasse
3145 4144 3202 4182 se
3227 4129 3390 4191 dixit,

1840 4238 1917 4291 ut,
1959 4242 2083 4299 cum
2137 4235 2281 4280 esset
2339 4240 2504 4294 prope
2540 4224 2999 4291 Peloponnesum,
3056 4229 3150 4274 aut
3186 4224 3399 4273 veniret

1838 4320 1953 4388 ipse
1980 4317 2228 4386 despota,
2258 4323 2352 4370 aut
2386 4316 2557 4369 lilium
2586 4330 2709 4369 cum
2745 4314 3064 4383 proceribus
3128 4312 3395 4375 mitteret,

1838 4423 1900 4462 ac
1936 4422 1993 4462 se
2022 4406 2099 4460 illi
2130 4407 2543 4461 benefacturum
2565 4405 2857 4474 sedemque
2906 4403 3178 4465 stabilem,
3215 4402 3267 4454 in
3293 4416 3406 4469 qua

1840 4498 2065 4559 viveret,
2104 4498 2434 4551 donaturum
2460 4496 2650 4551 fuisse.
2689 4495 2930 4561 Quorum
2967 4510 3087 4549 cum
3144 4505 3395 4547 neutrum

1761 4619 1815 4679 Β
1841 4573 2042 4645 factum
2066 4591 2158 4655 sit,
2193 4591 2389 4659 inquit,
2442 4590 2659 4655 iterum,
2724 4600 2780 4641 ut
2815 4591 2926 4651 fiat,
2993 4585 3308 4647 suademus,
3344 4591 3399 4637 et

1841 4693 1964 4754 post
1992 4685 2227 4739 reditum
2252 4692 2402 4737 tuum
2431 4690 2525 4735 aut
2556 4681 2735 4735 veniat
2761 4682 3011 4748 despota,
3044 4685 3137 4728 aut
3165 4691 3331 4727 unum
3365 4691 3396 4726 e

1840 4776 1965 4830 ﬁliis
1985 4776 2180 4841 mittat,
2212 4774 2300 4828 cui
2332 4771 2767 4840 benefaciamus.
2804 4770 2997 4838 Itaque
3027 4782 3150 4820 eum
3192 4764 3399 4817 Ranlns

1837 4884 1896 4923 re
1920 4868 2117 4923 inlecta
2147 4868 2379 4921 redisset
2399 4878 2587 4919 mense
2642 4862 2861 4917 Octobri
2886 4862 3014 4915 anni
3044 4860 3206 4916 6969.
3251 4858 3398 4910 Tho-

1843 4976 1961 5015 mas
1983 4962 2230 5026 despota,
2270 4958 2358 5010 die
2402 4956 2468 5009 16
2499 4954 2820 5009 Novembris
2850 4953 3260 5022 Corcyraeorum
3298 4963 3395 5001 na-

1837 5053 2421 5122 vemingressus,cum
2460 5048 2777 5118 proceribus
2808 5046 2919 5101 sitis
2968 5046 3243 5112 plerisque
3287 5043 3397 5093 An-

1838 5161 2030 5200 conam
2064 5145 2299 5213 trajecit,
2334 5143 2462 5196 inde
2502 5141 2569 5194 ad
2604 5155 2796 5209 papam
2829 5148 2881 5191 et
2904 5134 3389 5190 Mediolnncnsium

1836 5241 2027 5293 ducem
2058 5248 2113 5293 et
2148 5227 2256 5304 alio
2291 5234 2658 5305 profecturus,
2689 5235 2741 5285 in
2792 5231 3027 5299 Corcyra
3074 5225 3281 5279 relictis
3308 5239 3396 5276 rc-

1836 5332 1960 5399 gina
1993 5338 2045 5382 et
2076 5330 2199 5382 ﬁliis
2224 5324 2572 5382 etnounullis
2640 5338 2956 5394 procerum,
3003 5319 3093 5387 qui
3153 5332 3277 5369 eum
3308 5330 3393 5367 se-

1834 5423 2167 5491 quebantur,
2221 5418 2586 5472 familiaribus
2632 5427 2686 5470 et
2719 5412 3055 5470 domesticis.
3106 5408 3391 5477 Equidem,

1837 5513 2066 5565 multum
2088 5512 2155 5564 ab
2180 5526 2245 5564 eo
2278 5510 2543 5564 invitatus
2579 5517 2633 5562 et
2658 5518 2901 5577 rogatus,
2928 5514 2985 5557 ut
3025 5511 3118 5554 aut
3151 5499 3385 5553 t-oinita-

1837 5619 1924 5658 rer
1958 5612 2156 5668 se,aut
2186 5602 2438 5671 Corcyrze
2488 5615 2762 5652 manerem
2815 5599 2866 5651 in
2915 5594 3123 5648 :edibus
3165 5590 3381 5658 regium,

1840 5710 1933 5763 per
1967 5693 2396 5747 miscricordiam
2428 5692 2517 5743 Dei
2552 5701 2746 5743 cuncta
2782 5691 2913 5739 bene
2944 5682 3278 5738 moderantis
3336 5689 3390 5729 et

1836 5792 2053 5851 propter
2086 5784 2290 5836 luctum
2323 5797 2509 5835 eorum
2543 5796 2678 5846 quos
2734 5794 2907 5847 procrt
2930 5788 3169 5835 avenam,
3228 5780 3278 5821 et
3308 5783 3390 5820 rc-

1840 5894 1956 5931 llllll
1989 5877 2227 5929 omnium
2253 5876 2304 5926 in
2335 5874 2477 5926 illius
2511 5876 2669 5926 domo
2723 5889 2800 5935 pe.
2822 5868 3203 5922 turbutioncm.
3259 5873 3392 5914 nuuo
