4112 6450
218 474 352 542 1001

1184 540 1189 545 ί
1268 476 1701 535 CHRONICON
1744 473 2007 535 MAIUS.
2038 497 2103 507 -·
2133 471 2273 531 LIB.
2316 471 2416 530 iV.

3300 468 3313 528 l
3327 471 3431 533 002

210 589 383 643 αὐτοῦ
415 587 505 641 καὶ
536 586 862 654 φυγέτωσαν
908 584 1014 638 ἀπὸ
1059 583 1354 653 προσώπου
1387 585 1554 637 αὑτοῦ
1603 586 1653 635 ol
1690 602 1777 652 μι-
1809 589 1850 642 Α
1884 599 1980 645 ρας
2007 581 2170 651 429
2202 579 2368 633 αὐτοῦ
2404 577 2656 633 ἐκέλευσε
2686 578 2902 645 δοθῆναι
2933 578 3082 648 αὐτῷ
3115 579 3284 633 ἵππον
3317 585 3437 634 τινὰ

215 682 436 741 σοῦντες
473 679 655 731 αὐτόν.
697 696 715 728 ι
753 676 860 728 Καὶ
885 675 1076 729 τούτου
1111 675 1407 744 γενομένου
1439 677 1512 737 ὡς
1543 676 1773 742 ἠκούσα-

214 769 318 843 μεν
346 772 494 840 ποιρά
519 787 704 833 τινων,
735 769 817 820 ὅτι
849 769 941 820 καὶ
970 768 997 819 0
1025 766 1290 834 δεσπότης
1322 767 1615 834 ἀπέπεμψε
1641 767 1775 834 πρὸς

209 864 305 925 τόν
330 863 549 931 ἀμηρᾶν
582 862 684 927 τὴν
906 856 1187 926 πρόσοδον,
1221 857 1296 925 μὴ
1328 856 1498 908 θέλων
1529 857 1609 914 ἔτι
1632 855 1776 923 ἔχειν

206 955 271 1006 τὸ
308 953 468 1022 βάρος
498 952 525 1004 ὃ
554 947 700 1019 εἶχεν
732 953 810 1008 εἰς
855 950 916 1000 τὸ
948 947 1331 1018 στρατόπεδον,
1367 946 1538 999 εἰπὼν
1564 946 1735 1007 οὕτως
1758 960 1772 974 ’

214 1067 235 1097 ‹
289 1045 429 1113 Ἐγώ
474 1046 589 1114 ειμι
621 1044 798 1112 γέρων
850 1043 943 1094 καὶ
983 1041 1232 1110 ἀσθενὴς,
1284 1041 1375 1091 καὶ
1421 1042 1448 1091 ὁ
1486 1038 1777 1107 ἐκπληρῶν

210 1140 311 1208 τὴν
342 1116 661 1205 δουλοσύνην
689 1135 927 1188 ἀπέθανε
954 1150 968 1164 ·
1010 1134 1197 1185 λοιπὸν
1229 1134 1259 1200 ἡ
1314 1132 1482 1199 πολλὴ
1516 1130 1775 1200 πρόσοδος

206 1230 420 1299 δοθήτω
450 1230 586 1280 ὅπου
622 1227 668 1279 δ’
698 1227 763 1278 ἂν
792 1224 1073 1295 κελεύσῃς,
1104 1223 1230 1290 ἐμοὶ
1272 1223 1329 1274 δὲ
1366 1223 1572 1290 δοθήτω
1617 1220 1776 1288 μόνον

208 1322 271 1374 τὸ
303 1321 504 1391 ἀρκοῦν
531 1320 667 1388 πρὸς
705 1318 895 1385 τὺνζῇν
937 1332 1001 1383 με
1028 1314 1339 1383 καθήμενον
1377 1311 1611 1364 ἐνταῦθα
1639 1311 1778 1378 μετὰ

206 1429 371 1466 τινων
402 1412 619 1479 ὀλίγων.
662 1428 680 1461 ι
726 1411 784 1461 Ὀ
816 1405 909 1461 οὖν
942 1409 1162 1476 ἀμηρᾶς
1198 1405 1567 1473 ἀπεκρίνατο·
1608 1422 1626 1453 ι
1670 1404 1780 1453 Κα-

207 1503 321 1566 λῶς
357 1502 507 1572 ἔχει’
538 1500 924 1569 διαχωρισάτω
952 1499 979 1548 0
1009 1498 1278 1564 δεσπότης
1316 1492 1411 1555 οὓς
1443 1492 1715 1561 βούλεται,
1753 1510 1772 1542 ι

208 1599 307 1651 καὶ
334 1598 573 1665 χωρίσας
612 1595 810 1647 δέδωκε
842 1591 979 1660 πρὸς
1009 1590 1171 1642 αὐτὸν
1210 1588 1399 1655 ἄσπρα
1439 1586 1776 1651 πεντήκοντα

207 1690 473 1759 χιλιάδας,
527 1688 613 1739 ἵνα
645 1686 744 1755 ἔχῃ
777 1687 841 1736 ἐκ
894 1682 988 1734 τοῦ
1038 1678 1334 1749 κομερκίου
1362 1676 1454 1729 τοῦ
1504 1675 1772 1743 ἀλεύρου·

204 1782 336 1841 τοὺς
373 1779 429 1831 δὲ
462 1778 714 1838 πλείονας
750 1774 858 1825 τῶν
892 1772 1218 1841 ὑποχειρίων
1256 1768 1422 1820 αὑτοῦ
1458 1768 1777 1837 περιορίσας

204 1873 420 1939 ἀπῆρεν
459 1870 544 1921 ἶνα
574 1867 941 1937 εὑρίσκωνται
970 1865 1029 1914 ἐν
1062 1864 1127 1932 τῇ
1176 1859 1774 1914 Κωνσταντινουπόλει.

208 1964 399 2014 ’Ἄλλοι
446 1961 501 2012 δὲ
550 1954 705 2011 εἶπον
735 1956 908 2018 ἄλλως
948 1955 1195 2023 γέγονεν,
1236 1954 1319 2004 ὅτι
1349 1954 1377 2003 ό
1429 1950 1539 2003 τῶν
1590 1950 1775 2002 κακῶν

204 2056 464 2108 ἁπάντων
494 2051 801 2120 ἐφευρετὴς
846 2046 1127 2105 Ματθαῖος
1162 2046 1190 2097 0
1225 2043 1461 2111 Ἀσάνης
1494 2042 1635 2112 μετά
1666 2041 1775 2094 τῶν

202 2146 438 2216 ἐχόντων
487 2146 589 2212 τὴν
637 2143 735 2207 τῆς
789 2139 951 2194 Αἴνου
999 2136 1193 2205 ἀλικὴν
1229 2135 1434 2203 κλέψας
1472 2134 1597 2188 τινὰ
1640 2132 1776 2203 χρή-

207 2256 355 2308 ματα
409 2239 484 2307 μὴ
514 2235 715 2296 εἰδότος
748 2232 842 2285 τοῦ
870 2231 1160 2294 δεσπότου,
1202 2228 1297 2280 καὶ
1330 2226 1490 2279 τοῦτο
1530 2226 1715 2295 μαθὼν
1744 2226 1772 2275 ό

201 2331 425 2399 ἀμηρᾶς
452 2324 721 2394 ἐϐουλήθη
753 2321 947 2375 πιάσαι
977 2320 1070 2371 τὸν
1100 2318 1387 2386 εἰρημένον
1421 2316 1655 2385 ’Δσάνην
1679 2317 1773 2367 καὶ

202 2419 636 2474 ἀνασκολοπίσαι
681 2415 868 2479 αὑτὸν,
910 2416 937 2466 0
977 2412 1035 2465 δὲ
1062 2412 1294 2478 Ἀσάνης
1346 2409 1407 2459 ἐκ
1452 2406 1549 2460 τοῦ
1578 2407 1770 2475 φόϐου,

195 2510 338 2565 ἔνθα
374 2506 462 2579 ἦν,
520 2505 819 2575 ἀπέψυξεν.
876 2503 934 2554 ’0
965 2502 1019 2554 δὲ
1058 2500 1281 2570 ἀμηρᾶς
1329 2496 1650 2549 ὑποπτεύων
1693 2496 1768 2566 μή

198 2621 290 2655 τοι
328 2603 419 2654 καὶ
449 2602 474 2652 0
507 2600 773 2666 δεσπότης
807 2596 863 2648 ἐν
892 2596 961 2663 τῇ
1011 2591 1236 2661 τοιαύτῃ
1266 2588 1545 2659 συμϐουλῇ
1576 2583 1642 2656 ἦν
1677 2593 1773 2639 καὶ

198 2694 575 2765 δραπετεύσῃ,
617 2688 882 2759 ἐξώρισεν
927 2687 983 2736 ὲν
1009 2682 1086 2752 τῷ
1113 2681 1477 2751 Διδυμοτείχῳ
1522 2680 1616 2733 καὶ
1638 2675 1772 2750 ἦρεν

195 2784 368 2837 αὐτοῦ
404 2784 513 2836 πᾶν
564 2781 897 2849 σιτηρέσιον,
948 2777 1042 2827 καὶ
1083 2774 1224 2827 οὕτω
1270 2774 1457 2837 κακῶς
1516 2773 1766 2830 διέκειτο.

192 2878 320 2947 Mt;
354 2872 447 2929 οὖν
478 2876 584 2927 τῶν
613 2871 839 2943 ἡμερῶν
877 2870 1175 2939 ἐρχομένου
1205 2867 1297 2919 τοῦ
1327 2867 1519 2936 dp.qu
1547 2867 1655 2918 ἀπὸ
1678 2866 1769 2919 τοῦ

188 2969 467 3035 κυνηγίου
522 2965 619 3019 καὶ
653 2963 940 3033 μέλλοντος
985 2959 1214 3011 διελθεῖν
1253 2956 1371 3010 ὅθεν
1404 2958 1431 3007 0
1480 2957 1768 3027 εἰρημένος

178 3061 467 3127 δεσπότης
506 3053 597 3127 ἦν,
650 3052 875 3123 ὶξῆλθεν
927 3054 954 3104 0
988 3050 1251 3119 δεσπότης
1298 3050 1636 3117 πεζηπορῶν
1675 3050 1769 3101 καὶ

192 3149 547 3216 συναντήσας
587 3142 970 3212 προσεκύνησε
996 3138 1088 3191 τὸν
1121 3140 1345 3209 ἀμηρᾶν
1374 3138 1467 3189 τὸν
1496 3140 1589 3190 καὶ
1621 3154 1765 3207 γαμ-

1877 676 1940 724 ὲκ
1970 674 2078 724 τῶν
2118 671 2473 725 αὑθεντικῶν.
2507 670 2616 722 Καὶ
2664 669 2871 732 ἀναϐὰς
2898 668 3030 741 ἦλθε
3059 675 3156 724 σὺν
3199 673 3347 738 αὐτῷ
3383 676 3439 724 ἐν

1877 765 1943 831 τῇ
1977 763 2461 832 Ἀνδριανουπόλει,
2492 764 2584 815 καὶ
2604 766 2683 825 είς
2702 763 3009 830 σιτηρέσιον
3029 764 3258 818 δέδωκεν
3282 766 3432 833 αὐτῷ

1878 853 2062 921 ἀσπρα
2092 852 2334 921 χιλιάδας
2373 854 2714 922 πεντήκοντα
2758 857 2818 905 ἐκ
2854 853 2946 905 τοῦ
2997 855 3293 923 κομερκίου
3341 858 3437 908 τοῦ

1878 946 2127 1015 ἀλεύρου.
2169 948 2275 999 Καὶ
2307 948 2461 1000 τοῦτο
2494 947 2877 1016 ἀληθέστερον.

1948 1038 2054 1089 Τοῦ
2071 1038 2116 1090 δ’
2137 1038 2301 1091 αὑτοῦ
2321 1040 2510 1108 χρόνου
2535 1039 2609 1106 τῷ
2642 1040 2788 1108 Οέρει
2812 1040 3053 1106 ἐγεγόνει
3079 1043 3312 1109 τοσαύτη
3334 1041 3443 1092 ληι-

1883 1132 2064 1199 μὼδης
2086 1134 2240 1194 νόσος
2263 1131 2318 1182 ἔν
2335 1149 2394 1183 τε
2415 1135 2476 1200 τῇ
2506 1133 2912 1184 Κωνστςντινου
2923 1133 3440 1197 πόλει,“Λνδρ;ανου-

1882 1224 2033 1275 πόλει
2052 1224 2147 1276 καὶ
2171 1224 2563 1277 Καλλιουπόλει
2593 1225 2687 1277 καὶ
2716 1227 2835 1285 ταῖς
2869 1225 3028 1293 πέριξ
3057 1226 3234 1279 αὐτῶν
3257 1228 3443 1278 πόλεσι

1882 1317 1975 1367 καὶ
1998 1316 2231 1384 κώμαις,
2259 1317 2449 1369 ἄστεσι
2472 1334 2530 1367 τε
2553 1318 2645 1368 καὶ
2678 1316 2906 1385 χώραις,
2931 1318 3016 1369 οἵα
3042 1320 3101 1368 οὐ
3128 1319 3347 1384 γέγονεν
3388 1321 3443 1370 ἐν

1880 1409 1989 1468 τοῖς
2038 1406 2373 1475 παρελθοῦσι
2408 1409 2622 1476 χρόνοις
2675 1411 2736 1460 ὲκ
2791 1409 2992 1459 π.λλοῦ
3040 1410 3252 1478 καιροῦ,
3302 1411 3443 1462 ὥστε

1880 1499 2232 1566 τεθνήκασιν,
2275 1498 2350 1559 ὥς
2377 1515 2529 1565 φασι,
2582 1500 2840 1567 μυριάδες
2886 1499 3076 1551 πολλαὶ
3117 1500 3443 1567 ἀνθρώπων,

1880 1589 1939 1640 ού
1976 1588 2237 1656 χιλιάδες.
2266 1589 2358 1641 Ἐν
2387 1585 2465 1649 οἷς
2494 1591 2550 1642 δὲ
2585 1591 2677 1641 καὶ
2707 1592 2737 1656 ἡ
2766 1590 2860 1642 τοῦ
2904 1590 3162 1642 δεσπότου
3192 1590 3440 1661 θυγάτηρ

1880 1681 1925 1747 η’
1949 1680 2234 1748 ἀμήρισσα
2274 1682 2533 1734 ἀπεθανε.

1952 1770 2059 1822 Τοῦ
2111 1772 2167 1823 δὲ
2213 1775 2402 1841 ,ςῇοᾷ
2463 1773 2617 1835 ἔτους
2667 1774 2959 1842 Νοεμϐρίῳ
3014 1778 3144 1842 μηνὶ
3199 1773 3443 1841 ἀπῆλθον

1880 1864 2035 1929 κάγὼ
2062 1865 2140 1926 είς
2172 1866 2270 1932 τὴν
2300 1864 2462 1931 ἁγίαν
2487 1865 2720 1931 Μαύραν
2752 1868 3114 1935 παρακινήσει
3158 1868 3254 1935 τῆς
3287 1867 3443 1935 βασι.-

1883 1955 2074 2023 λίσσης
2127 1955 2323 2025 κυρίας
2359 1956 2581 2025 Ἑλένης
2621 1959 2715 2009 καὶ
2750 1958 3013 2025 πενθεροῦ
3047 1958 3138 2009 τοῦ
3179 1957 3441 2010 αὑθέντου

1877 2045 1971 2096 τοῦ
2009 2047 2173 2098 τόπου
2223 2046 2438 2099 ἐκείνου
2486 2050 2590 2117 κὺρ
2621 2047 2943 2114 Λεονάρδου,
2972 2047 3063 2098 ἵνα
3101 2048 3194 2097 καὶ
3236 2048 3328 2099 τὸν
3358 2048 3442 2098 τό-

1877 2154 1979 2189 πον
2023 2140 2202 2191 ἐκεῖσε
2234 2140 2630 2207 ἀναθεωρήσω,
2664 2142 2756 2192 καὶ
2787 2141 2863 2201 ὼς
2904 2138 3066 2207 δῆθεν
3096 2139 3316 2207 ἀνεψιοῦ
3344 2140 3437 2190 τοῦ

1878 2232 2182 2299 μακαρίτου
2200 2230 2293 2284 τοῦ
2323 2232 2582 2284 αὐθέντου
2606 2249 2709 2301 μου
2748 2231 2841 2284 τοῦ
2871 2232 3133 2300 βασιλέως
3157 2234 3440 2301 κὺρΚων-

1877 2323 2156 2373 οταντίνου
2183 2324 2276 2374 καλ⁸
2308 2323 2447 2392 ὑπὲρ
2479 2322 2571 2375 τοῦ
2606 2324 2809 2392 πατρὸς
2834 2324 3000 2376 αὐτοῦ
3035 2323 3299 2381 παθόντος
3335 2340 3436 2390 μου

1875 2410 2078 2478 ζημίαν
2110 2413 2399 2483 μεγίστην,
2427 2414 2502 2476 ὡς
2535 2414 2925 2482 ὲπροεδήλωσα
2974 2415 3031 2465 ὲν
3060 2412 3138 2482 τῷ
3175 2412 3257 2483 λη’
3303 2413 3435 2475 ἔτει,

1876 2500 1961 2552 ἵνα
1986 2502 2283 2555 ἀπολαύσω
2312 2502 2455 2565 τινὸς
2509 2504 2831 2572 εὐεργεσίας
2877 2504 3095 2571 ἐτησὶου
3142 2502 3214 2566 ὼς
3257 2503 3437 2572 γέρων

1874 2591 1966 2643 καὶ
2021 2591 2255 2661 ἀσθενὴς
2308 2594 2402 2645 καὶ
2437 2593 2654 2660 πτωχὸς
2707 2594 2816 2645 ἀπδ
2878 2595 2973 2661 τῆς
3033 2593 3433 2661 αἰχμαλωσίας.

1888 2682 2328 2751 Ἐπαναστρὲψας
2356 2684 2413 2735 δὲ
2449 2687 2514 2753 τῇ
2549 2684 2631 2754 κβ¹
2670 2684 2763 2737 τοῦ
2796 2683 2985 2747 αὑτοῦ,
3022 2684 3211 2753 ὲντελῆ
3252 2686 3433 2737 πάντα

1877 2774 2000 2827 ἰδὼν
2034 2776 2125 2826 καὶ
2154 2758 2489 2839 ἀπολαύσας,
2524 2776 2653 2829 ἄνευ
2690 2776 2785 2828 τοῦ
2819 2777 3109 2847 ὑπερέχειν
3139 2778 3195 2828 ὲν
3226 2778 3301 2845 τῷ
3336 2796 3435 2846 μα-

1876 2865 2168 2935 στραῖδιαῷ
2207 2866 2354 2930 γένει
2401 2867 2503 2936 τὴν
2542 2869 2722 2919 πᾶσαν
2754 2868 2928 2936 ἀρχὴν
2978 2866 3175 2919 αὐτοῦ·
3222 2867 3303 2918 δεῖ
3327 2870 3434 2934 γὲρ

1871 2961 1980 3019 τοῖς
2016 2960 2339 3028 ἀρχομένοις
2373 2958 2751 3027 ἐξομοιοῦσθαι
2781 2962 2891 3021 τοῖς
2932 2959 3180 3029 ἄρχουσι.
3223 2961 3326 3013 Καὶ
3358 2961 3434 3027 τ’ζ»

1884 3051 2198 3120 Ἰανουαρίῳ
2248 3051 2411 3121 430
2448 3052 2581 3122 μηνὶ
2610 3052 2701 3104 τοῦ
2745 3052 2911 3105 αὐτοῦ
2960 3052 3114 3115 ἔτους
3151 3052 3242 3103 καὶ
3272 3056 3296 3103 0
3337 3054 3433 3120 τῆς

1884 3139 2228 3202 ’Λλϐανιτίας
2279 3142 2803 3219 αὐθέντηςίόνόματι
2836 3142 3158 3212 Σκαντάρης
3201 3143 3431 3209 τέθνηκε

187 3240 331 3308 ϐρὸν
359 3237 547 3291 αὑτοῦ.
577 3234 725 3288 Ἰδὼν
754 3234 809 3285 δὲ
833 3232 1026 3285 τοῦτον
1052 3234 1078 3283 0
1112 3230 1335 3299 ἀμηρᾶς
1359 3231 1764 3299 περιπατοῦντα
1795 3227 1837 3291 C
1870 3232 2085 3301 φυσικῴ
2120 3234 2357 3300 θανάτῳ,
2391 3234 2486 3287 καὶ
2516 3234 2574 3286 τὸ
2610 3235 2708 3303 μὲν
2742 3234 2832 3287 τοῦ
2868 3234 3038 3286 τόπου
3078 3236 3171 3285 καὶ
3197 3235 3293 3301 τῆς
3334 3237 3432 3284 αὑ·-

186 3326 443 3397 ὲλυπήθη
482 3325 707 3395 σφόδρα,
746 3322 842 3375 καὶ
880 3320 1079 3391 μᾶλλον
1121 3319 1538 3388 σπλαγχνισθεὶς
1582 3319 1640 3370 τὸ
1662 3320 1757 3389 γῆς

184 3505 338 3574 ejus,
368 3503 456 3572 qui
486 3502 720 3555 oderunt
747 3514 892 3553 eum.
932 3515 949 3548 ι
982 3496 1123 3561 Mox,
1158 3505 1216 3551 ut
1240 3512 1269 3551 e
1303 3498 1625 3566 quibusdam
1664 3511 1758 3549 eo-

183 3595 378 3665 gnovi,
406 3593 701 3647 Demetrius
732 3590 975 3658 despota,
1034 3588 1275 3655 nonjam
1330 3590 1539 3642 militiae
1583 3591 1756 3643 mole-

184 3689 355 3742 stiam
377 3695 741 3748 sustenturus,
758 3696 953 3737 amera:
972 3682 1177 3736 reditus
1206 3683 1416 3737 remisit
1440 3683 1523 3737 his
1544 3684 1754 3739 verbis:

189 3778 412 3833 rScnex
444 3794 561 3833 sum
601 3785 655 3831 et
686 3777 959 3840 infirmus,
990 3784 1046 3828 et
1094 3775 1314 3837 occidit,
1363 3776 1453 3843 qui
1478 3776 1574 3829 tibi
1641 3790 1761 3829 ser-

183 3872 394 3926 viebat.
417 3871 604 3940 Itaque
641 3869 807 3922 multa
835 3867 951 3920 haec
1008 3866 1263 3934 pecunia,
1317 3881 1425 3935 quo
1475 3867 1592 3919 loco
1655 3880 1754 3919 vo-

182 3965 384 4026 lueris,
422 3963 682 4030 pendetur
711 3976 724 4012 :
759 3956 892 4012 mihi
924 3960 1104 4023 detur,
1136 3968 1396 4025 quantum
1426 3959 1492 4010 ad
1550 3960 1752 4011 victum

182 4054 443 4117 sufficiat,
477 4068 598 4105 cum
637 4051 820 4119 paucis
844 4050 931 4103 hic
964 4049 1203 4117 degenti.
1232 4067 1250 4099 ι
1288 4047 1582 4117 Respondit
1610 4064 1759 4103 ame-

183 4161 286 4199 ras
322 4164 334 4199 :
381 4145 550 4197 «Bene
582 4157 666 4195 res
690 4140 851 4195 habet
889 4156 904 4194 :
937 4148 1185 4209 segreget
1209 4140 1434 4208 despota
1483 4156 1512 4192 a
1551 4155 1609 4193 se
1631 4140 1755 4193 licet

183 4250 333 4305 quos
366 4236 438 4287 illi
504 4234 710 4302 placet;
748 4249 766 4282 ι
806 4230 1064 4299 deditque
1129 4238 1422 4300 segregate
1470 4244 1754 4297 asprorum

184 4327 583 4395 quinquaginta
616 4323 807 4384 millia,
840 4337 872 4375 e
911 4321 1267 4389 vectigalibus
1290 4320 1669 4374 frumentariis
1700 4320 1751 4373 ei

182 4416 796 4489 pendenda,plcrisque
834 4412 1099 4466 ministris
1159 4412 1281 4481 ejus
1345 4411 1499 4481 Cpoli
1553 4412 1752 4477 degere

177 4509 377 4579 jussis.
409 4508 511 4561 Alii
562 4522 674 4560 rem
723 4504 882 4559 aliter
938 4514 1209 4557 narrant:
1270 4518 1466 4571 nempe
1509 4503 1751 4555 omnium

1865 3323 2080 3386 θεντίας
2109 3324 2414 3393 παρέλαϐεν
2441 3326 2472 3393 ἡ
2500 3324 2759 3378 αὑθεντία
2784 3325 2882 3394 τῆς
2926 3324 3190 3387 Ἑνετίας,
3225 3325 3285 3376 τὸ
3314 3325 3367 3375 δὲ
3403 3328 3431 3377 ό

1860 3502 1925 3555 de
1954 3502 2109 3571 equis
2142 3502 2305 3571 regiis
2370 3516 2541 3555 unum
2585 3502 2634 3555 ei
2693 3500 2918 3569 praeberi
2962 3501 3247 3569 jussisse:
3308 3506 3419 3567 quo

1864 3607 2212 3652 conscenso.
2267 3594 2544 3663 deepotam
2607 3609 2730 3648 cum
2786 3609 2967 3647 amera
3019 3595 3425 3663 AdrianOpnlim

1865 3686 2087 3747 abiisse,
2130 3687 2314 3754 ibique
2354 3689 2409 3739 in
2439 3688 2639 3740 victum
2696 3687 2951 3740 habuisse
3001 3701 3031 3740 e
3077 3687 3428 3755 vectigalibus

1862 3773 2226 3829 frumentariis
2285 3788 2567 3842 asprorum
2593 3775 2985 3844 quinquaginta
3029 3775 3218 3827 millia.
3255 3776 3427 3842 fitque

1863 3865 1975 3917 haec
2005 3865 2219 3933 quidem
2262 3868 2502 3919 narratio
2561 3867 2737 3919 verior
2795 3878 2899 3919 est.

1930 3955 2137 4010 [Estate
2178 3958 2418 4023 ejusdem
2443 3956 2819 4024 anniCpolim,
2845 3956 3282 4022 Adrianopnlim,
3302 3955 3341 4009 C
3362 3957 3424 4005 it-

1857 4046 2120 4113 liopnlim,
2145 4058 2197 4101 et
2221 4048 2481 4101 finitimas
2508 4050 2665 4101 nrbes
2684 4058 2738 4100 et
2770 4050 2937 4111 vicos,
2957 4048 3152 4115 Oppida
3174 4058 3227 4099 et
3256 4051 3425 4116 regin-

1861 4154 1957 4192 nz's
2019 4139 2323 4205 pestilentia
2365 4140 2582 4203 invasit,
2625 4140 2987 4208 qualislongo
3011 4142 3269 4206 temporis
3301 4158 3423 4205 spa-

1862 4232 1937 4284 tio
1966 4246 2073 4284 non
2109 4233 2301 4293 luerat,
2351 4230 2420 4283 ita
2459 4240 2515 4282 ut
2547 4233 2742 4284 multas
2776 4233 3054 4283 hominum
3127 4233 3419 4300 myriadis,

1861 4322 2053 4375 nedum
2087 4322 2374 4385 chillades,
2401 4336 2430 4373 e
2448 4321 2624 4374 medio
2651 4320 2850 4375 abiisse
2866 4321 3055 4374 dicant
3076 4340 3088 4374 :
3112 4324 3163 4374 in
3190 4338 3419 4389 quorum

1859 4426 2084 4465 numero
2109 4412 2390 4472 amerissa,
2420 4413 2657 4477 despotm
2698 4412 2825 4474 lilia,
2854 4423 2993 4466 erat.

1927 4503 2067 4554 Anni
2100 4502 2237 4555 6976
2297 4516 2483 4554 mense
2530 4501 2822 4555 Novembri
2866 4512 3111 4555 sanctam
3175 4502 3416 4556 Mauram

184 4600 458 4655 malorum
488 4604 767 4650 auctorem
816 4593 1125 4648 Matthaeu‘m
1178 4592 1411 4646 Asanem
1452 4607 1575 4646 cum
1630 4593 1751 4660 qui-
1790 4632 1833 4689 Ο
1860 4592 2122 4657 concessi,
2160 4591 2363 4645 Helena
2400 4592 2585 4658 regina
2621 4604 2675 4646 et
2712 4592 3002 4653 Leonardi,
3026 4594 3285 4660 principis
3304 4596 3421 4661 eius

182 4690 447 4752 busdam,
507 4686 600 4756 qui
676 4685 880 4740 salinas
922 4684 1051 4736 Aﬁni
1101 4688 1380 4745 tenebant,
1486 4685 1747 4750 pecunias

181 4778 453 4849 quasdam
479 4762 718 4839 furatum
748 4789 890 4834 esse,
914 4774 1086 4826 inscio
1102 4774 1353 4841 despota.
1384 4771 1439 4825 ω
1483 4774 1573 4826 ubi
1604 4788 1758 4827 com-

182 4871 425 4942 perisset
472 4882 725 4926 ameras.
786 4865 1029 4918 voluisse
1093 4877 1219 4915 eum
1276 4864 1511 4918 Asanem
1597 4865 1753 4919 illum

183 4955 651 5023 comprehendere
705 4960 757 5005 et
816 4952 937 5019 palo
999 4949 1366 5015 transﬁgere:
1423 4954 1564 5005 unde
1612 4965 1756 5007 metu

182 5047 500 5119 perculsum
534 5045 768 5100 Asanem
821 5042 967 5095 illico
1005 5042 1328 5109 exspirasse.
1380 5042 1629 5096 Ameram
1668 5061 1759 5097 an.

185 5158 301 5197 tem
334 5142 692 5212 suspicatum,
723 5139 1002 5205 despotam
1033 5135 1150 5204 ejus
1184 5135 1397 5190 consilii
1433 5137 1757 5205 participem

180 5246 244 5291 et
272 5235 393 5304 fuga
424 5235 651 5287 salutem
681 5230 1031 5299 qumsiturum
1063 5241 1204 5289 esse,
1254 5241 1403 5288 enin,
1462 5227 1760 5297 Didyinoti-

182 5332 354 5383 chum
387 5326 704 5393 relegatum,
746 5320 897 5374 hinni
930 5319 1194 5386 stipendio
1223 5317 1510 5386 spoliasse,
1573 5330 1626 5373 et
1686 5322 1757 5374 ita

185 5419 334 5474 male
366 5418 644 5469 multasse.
685 5413 970 5477 Quondam
1007 5421 1213 5471 autem,
1270 5425 1393 5463 cum
1442 5428 1676 5477 emeras,
1730 5429 1757 5466 a

184 5511 483 5564 venatione
514 5508 750 5567 rediens,
784 5505 1116 5557 transiturus
1176 5513 1341 5567 esset,
1394 5506 1484 5557 ubi
1532 5506 1757 5573 despota

186 5603 423 5664 viveret,
458 5601 602 5652 hunc
639 5596 867 5666 pedibus
892 5596 1107 5647 obviam
1143 5596 1503 5663 processisse,
1530 5608 1583 5651 et
1611 5614 1760 5651 ame—

190 5710 335 5758 ram,
371 5706 629 5761 generum
677 5704 861 5747 suum,
887 5689 1174 5749 adorasse;
1213 5687 1364 5738 illum
1390 5702 1512 5740 cum
1566 5692 1757 5742 amln'h

196 5789 399 5840 luntetn
455 5797 576 5835 eum
651 5781 876 5843 videret,
933 5781 1283 5834 vehementer
1345 5780 1641 5844 tristatum,
1709 5792 1761 5835 ct

194 5877 375 5948 magis
420 5876 580 5932 etiam
643 5872 887 5940 ejusdem
938 5878 1271 5924 senectutem
1318 5873 1758 5929 commiseratum

530 5974 799 6031 Ρλτιιοι..
844 5974 957 6028 Gn.
1003 5963 1175 6024 CLVI

1862 4685 1987 4745 loci,
2019 4697 2212 4737 socero
2243 4683 2583 4744 auctoribus,
2619 4693 2673 4736 ut
2704 4698 2813 4735 non
2840 4684 3013 4736 solum
3057 4684 3237 4737 locum
3291 4700 3415 4737 eum

1859 4776 2173 4839 reviserem,
2198 4776 2291 4830 sed
2321 4777 2509 4835 etiam.
2562 4774 2685 4829 cum
2718 4776 2807 4828 ille
2871 4776 3007 4829 beati
3044 4778 3145 4828 mei
3192 4777 3419 4841 domini,

1856 4864 2197 4917 Constantini
2227 4863 2997 4931 imperatoris,‘consobrinus
3020 4872 3167 4915 esset
3198 4874 3252 4916 et
3279 4878 3376 4928 ιιι-εδ
3394 4892 3416 4901 -

1861 4956 2141 5007 visstntam
2178 4954 2443 5017 tulissent,
2484 4962 2542 5006 ut
2571 4969 2731 5023 Supra
2771 4954 3017 5014 narravi,
3051 4954 3417 5006 calamitatem

1862 5054 2078 5112 propter
2108 5044 2226 5110 ejus
2266 5054 2496 5110 patrem,
2530 5059 2673 5094 anno
2707 5044 2883 5095 artatis
2920 5044 3011 5099 58.
3048 5045 3277 5111 pecunia
3324 5044 3420 5092 ali-

1860 5149 1962 5201 qna
1999 5149 2182 5186 annua
2235 5135 2368 5185 mihi
2402 5136 2835 5186 constituereziir
2864 5142 3053 5200 utpote
3082 5134 3195 5185 seni
3228 5142 3283 5184 et
3334 5132 3419 5185 in-

1863 5226 2017 5276 lirmo
2051 5234 2104 5275 et
2141 5239 2314 5291 egeno
2346 5241 2374 5276 e
2405 5224 2747 5291 cnptiritate.
2789 5222 3063 5277 Reversus
3091 5240 3208 5275 sum
3248 5225 3333 5276 die
3353 5225 3422 5276 ἓξ).

1862 5316 2065 5369 mensis
2093 5316 2358 5383 ejusdem,
2394 5317 2574 5366 omnia
2613 5314 2853 5383 prrit-cia
2891 5327 3101 5379 nactus,
3143 5314 3244 5366 nisi
3274 5316 3420 5382 quod

1861 5407 1913 5459 in
1943 5419 2102 5479 gente
2136 5406 2537 5460 Mastraidiensi
2583 5418 2744 5458 Omne
2799 5408 2917 5470 ejus
2950 5408 3217 5474 reliquum
3253 5409 3415 5471 impe-

1862 5500 1997 5551 rium
2042 5500 2467 5562 continebatur;
2514 5506 2728 5565 oportet
2765 5499 2909 5550 enim
2959 5500 3049 5565 qui
3091 5507 3284 5560 regunt
3348 5498 3421 5549 si-

1862 5592 2014 5645 miles
2043 5590 2275 5641 evadant
2321 5590 2386 5641 iis
2430 5592 2521 5655 qui
2581 5599 2865 5655 reguntur.
2922 5588 3100 5640 Mense
3162 5587 3421 5640 Januario

1860 5684 2098 5750 ejusdem
2165 5682 2292 5735 anni
2376 5681 2751 5732 Allianitarum
2800 5682 3055 5749 princeps
3129 5680 3421 5732 Seantares

1863 5776 2050 5827 morbo
2081 5772 2232 5833 obiit,
2264 5772 2419 5839 cujus
2451 5774 2686 5839 regionis
2722 5782 2777 5825 et
2804 5773 3027 5825 dmninii
3063 5781 3272 5839 partem
3308 5785 3426 5823 res-

1862 5869 2080 5941 publica
2112 5868 2464 5927 Veuetorum,
2528 5879 2735 5937 partem
2794 5870 3000 5921 sororis
3048 5868 3218 5935 ipsius
3282 5866 3422 5921 filius

2910 5964 2985 6022 32
