  <div class='ocr_page' id='page_1' title='image "/cluster/home/n/w/nwhite01/storage/ocr_20150623/156/nnc1.0046980911/496.png"; bbox 0 0 4112 6450; ppageno 0'>
   <div class='ocr_carea' id='block_1_1' title="bbox 179 456 320 520">
    <p class='ocr_par' dir='ltr' id='par_1_1' title="bbox 179 456 320 520">
     <span class='ocr_line' id='line_1_1' title="bbox 179 456 320 520; baseline 0.014 -2"><span class='ocrx_word' id='word_1_1' title='bbox 179 456 320 520; x_wconf 71' lang='grc'><strong>1005</strong></span> 
     </span>
    </p>
   </div>
   <div class='ocr_carea' id='block_1_2' title="bbox 1194 461 2349 525">
    <p class='ocr_par' dir='ltr' id='par_1_2' title="bbox 1194 461 2349 525">
     <span class='ocr_line' id='line_1_2' title="bbox 1194 461 2349 525; baseline -0.003 -4"><span class='ocrx_word' id='word_1_2' title='bbox 1194 463 1642 525; x_wconf 71' lang='lat' dir='ltr'><strong>CHRONICON</strong></span> <span class='ocrx_word' id='word_1_3' title='bbox 1679 463 1942 522; x_wconf 81' lang='lat' dir='ltr'><strong>MAJUS.</strong></span> <span class='ocrx_word' id='word_1_4' title='bbox 1973 488 2039 497; x_wconf 89' lang='lat'><strong><em>—</em></strong></span> <span class='ocrx_word' id='word_1_5' title='bbox 2068 461 2213 520; x_wconf 83' lang='lat' dir='ltr'><strong>LIB.</strong></span> <span class='ocrx_word' id='word_1_6' title='bbox 2253 462 2349 518; x_wconf 78' lang='grc' dir='ltr'><strong>ιν.</strong></span> 
     </span>
    </p>
   </div>
   <div class='ocr_carea' id='block_1_3' title="bbox 3246 447 3385 515">
    <p class='ocr_par' dir='ltr' id='par_1_3' title="bbox 3246 447 3385 515">
     <span class='ocr_line' id='line_1_3' title="bbox 3246 447 3385 515; baseline 0.029 -4"><span class='ocrx_word' id='word_1_7' title='bbox 3246 447 3385 515; x_wconf 63' lang='grc'>1096</span> 
     </span>
    </p>
   </div>
   <div class='ocr_carea' id='block_1_4' title="bbox 162 568 3386 650">
    <p class='ocr_par' dir='ltr' id='par_1_4' title="bbox 162 568 3386 650">
     <span class='ocr_line' id='line_1_4' title="bbox 162 568 3386 650; baseline -0.002 -23"><span class='ocrx_word' id='word_1_8' title='bbox 162 574 529 640; x_wconf 77' lang='grc' dir='ltr'>Εὖαγγελὲου,</span> <span class='ocrx_word' id='word_1_9' title='bbox 557 594 576 627; x_wconf 92' lang='lat'><strong>1</strong></span> <span class='ocrx_word' id='word_1_10' title='bbox 608 575 723 629; x_wconf 86' lang='grc' dir='ltr'>Ἵνα</span> <span class='ocrx_word' id='word_1_11' title='bbox 749 577 1058 646; x_wconf 73' lang='grc' dir='ltr'>γινώσκωσι</span> <span class='ocrx_word' id='word_1_12' title='bbox 1091 597 1148 630; x_wconf 86' lang='grc' dir='ltr'><strong>σε</strong></span> <span class='ocrx_word' id='word_1_13' title='bbox 1179 581 1269 631; x_wconf 81' lang='grc' dir='ltr'><strong>τὸν</strong></span> <span class='ocrx_word' id='word_1_14' title='bbox 1292 568 1542 650; x_wconf 73' lang='grc' dir='ltr'>ἀληθινὸν</span> <span class='ocrx_word' id='word_1_15' title='bbox 1567 580 1717 638; x_wconf 78' lang='grc' dir='ltr'>Θεὸν,</span> <span class='ocrx_word' id='word_1_16' title='bbox 1757 583 1795 637; x_wconf 79' lang='grc' dir='ltr'><strong>Α</strong></span> <span class='ocrx_word' id='word_1_17' title='bbox 1899 579 2046 631; x_wconf 76' lang='grc' dir='ltr'><strong>Θεὸν</strong></span> <span class='ocrx_word' id='word_1_18' title='bbox 2075 576 2367 642; x_wconf 70' lang='grc' dir='ltr'><strong>ἀληθινὸν</strong></span> <span class='ocrx_word' id='word_1_19' title='bbox 2392 575 2456 625; x_wconf 73' lang='grc' dir='ltr'>ἐκ</span> <span class='ocrx_word' id='word_1_20' title='bbox 2487 574 2633 626; x_wconf 84' lang='grc' dir='ltr'><strong>Θεοῦ</strong></span> <span class='ocrx_word' id='word_1_21' title='bbox 2672 571 2986 637; x_wconf 67' lang='grc' dir='ltr'>ἀληθινοῦ.</span> <span class='ocrx_word' id='word_1_22' title='bbox 3019 570 3124 622; x_wconf 88' lang='grc' dir='ltr'>Τοῦ</span> <span class='ocrx_word' id='word_1_23' title='bbox 3171 572 3386 639; x_wconf 67' lang='grc' dir='ltr'>ἠγαπη-</span> 
     </span>
    </p>
   </div>
   <div class='ocr_carea' id='block_1_5' title="bbox 162 661 1726 734">
    <p class='ocr_par' dir='ltr' id='par_1_5' title="bbox 162 661 1726 734">
     <span class='ocr_line' id='line_1_5' title="bbox 162 661 1726 734; baseline -0.001 -18"><span class='ocrx_word' id='word_1_24' title='bbox 162 666 265 716; x_wconf 76' lang='grc' dir='ltr'><strong>καὶ</strong></span> <span class='ocrx_word' id='word_1_25' title='bbox 298 664 355 716; x_wconf 83' lang='grc' dir='ltr'>ὃν</span> <span class='ocrx_word' id='word_1_26' title='bbox 383 666 705 728; x_wconf 70' lang='grc' dir='ltr'><strong>ἀπέστειλας</strong></span> <span class='ocrx_word' id='word_1_27' title='bbox 739 667 948 732; x_wconf 79' lang='grc' dir='ltr'><strong>Ἰησοῦν</strong></span> <span class='ocrx_word' id='word_1_28' title='bbox 981 668 1238 734; x_wconf 80' lang='grc' dir='ltr'>Χριστόν.</span> <span class='ocrx_word' id='word_1_29' title='bbox 1274 686 1291 717; x_wconf 90' lang='lat'><strong>1</strong></span> <span class='ocrx_word' id='word_1_30' title='bbox 1326 668 1468 729; x_wconf 77' lang='lat' dir='ltr'><strong>Kal,</strong></span> <span class='ocrx_word' id='word_1_31' title='bbox 1507 685 1524 714; x_wconf 93' lang='lat'><strong>1</strong></span> <span class='ocrx_word' id='word_1_32' title='bbox 1574 667 1644 717; x_wconf 85' lang='grc' dir='ltr'><strong>Σὺ</strong></span> <span class='ocrx_word' id='word_1_33' title='bbox 1677 661 1726 714; x_wconf 82' lang='grc' dir='ltr'>εἷ</span> 
     </span>
    </p>
   </div>
   <div class='ocr_carea' id='block_1_6' title="bbox 155 754 1724 821">
    <p class='ocr_par' dir='ltr' id='par_1_6' title="bbox 155 754 1724 821">
     <span class='ocr_line' id='line_1_6' title="bbox 155 754 1724 821; baseline -0.002 -12"><span class='ocrx_word' id='word_1_34' title='bbox 155 755 193 809; x_wconf 76' lang='grc' dir='ltr'><strong>ὁ</strong></span> <span class='ocrx_word' id='word_1_35' title='bbox 223 755 457 821; x_wconf 79' lang='grc' dir='ltr'>Χριστὸς</span> <span class='ocrx_word' id='word_1_36' title='bbox 479 757 506 806; x_wconf 91' lang='lat'><strong>6</strong></span> <span class='ocrx_word' id='word_1_37' title='bbox 541 754 666 816; x_wconf 81' lang='grc' dir='ltr'>Υἰὸς</span> <span class='ocrx_word' id='word_1_38' title='bbox 690 754 784 807; x_wconf 86' lang='grc' dir='ltr'><strong>τοῦ</strong></span> <span class='ocrx_word' id='word_1_39' title='bbox 817 755 952 808; x_wconf 85' lang='grc' dir='ltr'>Θεοῦ</span> <span class='ocrx_word' id='word_1_40' title='bbox 979 757 1068 807; x_wconf 90' lang='grc' dir='ltr'><strong>τοῦ</strong></span> <span class='ocrx_word' id='word_1_41' title='bbox 1100 756 1322 818; x_wconf 78' lang='grc' dir='ltr'>ζῶντος.</span> <span class='ocrx_word' id='word_1_42' title='bbox 1367 775 1386 807; x_wconf 91' lang='lat'><strong>1</strong></span> <span class='ocrx_word' id='word_1_43' title='bbox 1432 758 1561 816; x_wconf 72' lang='grc' dir='ltr'>Καὶ,</span> <span class='ocrx_word' id='word_1_44' title='bbox 1597 773 1616 805; x_wconf 83' lang='grc'><strong><em>‹</em></strong></span> <span class='ocrx_word' id='word_1_45' title='bbox 1654 754 1724 806; x_wconf 82' lang='grc' dir='ltr'><strong>Σὺ</strong></span> 
     </span>
    </p>
   </div>
   <div class='ocr_carea' id='block_1_7' title="bbox 157 839 1726 915">
    <p class='ocr_par' dir='ltr' id='par_1_7' title="bbox 157 839 1726 915">
     <span class='ocr_line' id='line_1_7' title="bbox 157 839 1726 915; baseline -0.001 -19"><span class='ocrx_word' id='word_1_46' title='bbox 157 839 219 896; x_wconf 75' lang='grc' dir='ltr'>εἶ</span> <span class='ocrx_word' id='word_1_47' title='bbox 246 847 272 896; x_wconf 89' lang='lat'><strong>6</strong></span> <span class='ocrx_word' id='word_1_48' title='bbox 307 843 432 907; x_wconf 87' lang='grc' dir='ltr'>Υἰός</span> <span class='ocrx_word' id='word_1_49' title='bbox 460 862 564 913; x_wconf 86' lang='grc' dir='ltr'><strong>μου</strong></span> <span class='ocrx_word' id='word_1_50' title='bbox 600 847 628 897; x_wconf 90' lang='lat'><strong>6</strong></span> <span class='ocrx_word' id='word_1_51' title='bbox 676 846 977 914; x_wconf 79' lang='grc' dir='ltr'>ἀγαπητός.</span> <span class='ocrx_word' id='word_1_52' title='bbox 1010 865 1027 896; x_wconf 92' lang='lat'><strong>1</strong></span> <span class='ocrx_word' id='word_1_53' title='bbox 1067 848 1195 908; x_wconf 74' lang='grc' dir='ltr'>Καὶ,</span> <span class='ocrx_word' id='word_1_54' title='bbox 1236 865 1254 897; x_wconf 93' lang='lat'><strong>1</strong></span> <span class='ocrx_word' id='word_1_55' title='bbox 1307 846 1479 912; x_wconf 81' lang='grc' dir='ltr'>Κάγὼ</span> <span class='ocrx_word' id='word_1_56' title='bbox 1509 846 1726 915; x_wconf 76' lang='grc' dir='ltr'>ἑώρακα</span> 
     </span>
    </p>
   </div>
   <div class='ocr_carea' id='block_1_8' title="bbox 161 933 1725 1007">
    <p class='ocr_par' dir='ltr' id='par_1_8' title="bbox 161 933 1725 1007">
     <span class='ocr_line' id='line_1_8' title="bbox 161 933 1725 1007; baseline 0 -20"><span class='ocrx_word' id='word_1_57' title='bbox 161 939 266 988; x_wconf 69' lang='grc' dir='ltr'><strong>καὶ</strong></span> <span class='ocrx_word' id='word_1_58' title='bbox 313 941 648 992; x_wconf 77' lang='grc' dir='ltr'>πεπίστευκα</span> <span class='ocrx_word' id='word_1_59' title='bbox 677 940 759 991; x_wconf 79' lang='grc' dir='ltr'>ὅτι</span> <span class='ocrx_word' id='word_1_60' title='bbox 792 933 940 1003; x_wconf 79' lang='grc' dir='ltr'>οὗτός</span> <span class='ocrx_word' id='word_1_61' title='bbox 998 941 1146 992; x_wconf 73' lang='grc' dir='ltr'>ἐστιν</span> <span class='ocrx_word' id='word_1_62' title='bbox 1172 943 1197 991; x_wconf 97' lang='lat'><strong>6</strong></span> <span class='ocrx_word' id='word_1_63' title='bbox 1247 939 1479 1007; x_wconf 78' lang='grc' dir='ltr'>Χριστὸς</span> <span class='ocrx_word' id='word_1_64' title='bbox 1521 941 1548 990; x_wconf 92' lang='lat'><strong>6</strong></span> <span class='ocrx_word' id='word_1_65' title='bbox 1598 938 1725 997; x_wconf 82' lang='grc' dir='ltr'>Υἱὸς</span> 
     </span>
    </p>
   </div>
   <div class='ocr_carea' id='block_1_9' title="bbox 162 1027 1726 1093">
    <p class='ocr_par' dir='ltr' id='par_1_9' title="bbox 162 1027 1726 1093">
     <span class='ocr_line' id='line_1_9' title="bbox 162 1027 1726 1093; baseline 0 -13"><span class='ocrx_word' id='word_1_66' title='bbox 162 1028 264 1080; x_wconf 66' lang='grc' dir='ltr'>τοῦ</span> <span class='ocrx_word' id='word_1_67' title='bbox 297 1027 447 1082; x_wconf 80' lang='grc' dir='ltr'>Θεοῦ.</span> <span class='ocrx_word' id='word_1_68' title='bbox 493 1047 514 1080; x_wconf 85' lang='lat'><strong>1</strong></span> <span class='ocrx_word' id='word_1_69' title='bbox 549 1031 680 1093; x_wconf 79' lang='grc' dir='ltr'>Καὶ,</span> <span class='ocrx_word' id='word_1_70' title='bbox 719 1050 737 1081; x_wconf 91' lang='lat'><strong>1</strong></span> <span class='ocrx_word' id='word_1_71' title='bbox 774 1031 847 1084; x_wconf 80' lang='grc' dir='ltr'><strong>Σὺ</strong></span> <span class='ocrx_word' id='word_1_72' title='bbox 885 1030 1157 1092; x_wconf 82' lang='grc' dir='ltr'>πιστεύεις</span> <span class='ocrx_word' id='word_1_73' title='bbox 1194 1033 1272 1093; x_wconf 85' lang='grc' dir='ltr'><strong>εἰς</strong></span> <span class='ocrx_word' id='word_1_74' title='bbox 1318 1033 1410 1084; x_wconf 79' lang='grc' dir='ltr'><strong>τὸν</strong></span> <span class='ocrx_word' id='word_1_75' title='bbox 1453 1031 1579 1083; x_wconf 74' lang='grc' dir='ltr'>Υἰδν</span> <span class='ocrx_word' id='word_1_76' title='bbox 1634 1027 1726 1081; x_wconf 81' lang='grc' dir='ltr'><strong>τοῦ</strong></span> 
     </span>
    </p>
   </div>
   <div class='ocr_carea' id='block_1_10' title="bbox 155 1119 1729 1191">
    <p class='ocr_par' dir='ltr' id='par_1_10' title="bbox 155 1119 1729 1191">
     <span class='ocr_line' id='line_1_10' title="bbox 155 1119 1729 1191; baseline 0.003 -22"><span class='ocrx_word' id='word_1_77' title='bbox 155 1119 328 1173; x_wconf 80' lang='grc' dir='ltr'>Θεοῦ.</span> <span class='ocrx_word' id='word_1_78' title='bbox 377 1138 394 1170; x_wconf 94' lang='lat'><strong>1</strong></span> <span class='ocrx_word' id='word_1_79' title='bbox 428 1121 557 1184; x_wconf 76' lang='grc' dir='ltr'>Καὶ,</span> <span class='ocrx_word' id='word_1_80' title='bbox 609 1122 827 1174; x_wconf 77' lang='grc' dir='ltr'>«Ταῦτα</span> <span class='ocrx_word' id='word_1_81' title='bbox 870 1121 1179 1191; x_wconf 84' lang='grc' dir='ltr'>γέγραπται</span> <span class='ocrx_word' id='word_1_82' title='bbox 1231 1122 1316 1174; x_wconf 76' lang='grc' dir='ltr'>ἵνα</span> <span class='ocrx_word' id='word_1_83' title='bbox 1363 1123 1729 1174; x_wconf 75' lang='grc' dir='ltr'>πιστεύσωσιν</span> 
     </span>
    </p>
   </div>
   <div class='ocr_carea' id='block_1_11' title="bbox 163 1201 1727 1281">
    <p class='ocr_par' dir='ltr' id='par_1_11' title="bbox 163 1201 1727 1281">
     <span class='ocr_line' id='line_1_11' title="bbox 163 1201 1727 1281; baseline 0.003 -20"><span class='ocrx_word' id='word_1_84' title='bbox 163 1209 252 1261; x_wconf 80' lang='grc' dir='ltr'>ὅτι</span> <span class='ocrx_word' id='word_1_85' title='bbox 278 1201 425 1271; x_wconf 71' lang='grc' dir='ltr'>οὗτός</span> <span class='ocrx_word' id='word_1_86' title='bbox 458 1213 609 1263; x_wconf 72' lang='grc' dir='ltr'>ἐστιν</span> <span class='ocrx_word' id='word_1_87' title='bbox 635 1213 662 1262; x_wconf 89' lang='lat'><strong>6</strong></span> <span class='ocrx_word' id='word_1_88' title='bbox 708 1212 942 1281; x_wconf 79' lang='grc' dir='ltr'>Χριστὸς</span> <span class='ocrx_word' id='word_1_89' title='bbox 970 1214 997 1264; x_wconf 85' lang='lat'><strong>6</strong></span> <span class='ocrx_word' id='word_1_90' title='bbox 1031 1214 1156 1276; x_wconf 79' lang='grc' dir='ltr'>Υἰὸς</span> <span class='ocrx_word' id='word_1_91' title='bbox 1199 1213 1295 1266; x_wconf 84' lang='grc' dir='ltr'><strong>τοῦ</strong></span> <span class='ocrx_word' id='word_1_92' title='bbox 1340 1211 1495 1266; x_wconf 86' lang='grc' dir='ltr'>Θεόῦ.</span> <span class='ocrx_word' id='word_1_93' title='bbox 1539 1230 1557 1264; x_wconf 90' lang='lat'><strong>1</strong></span> <span class='ocrx_word' id='word_1_94' title='bbox 1597 1213 1727 1274; x_wconf 75' lang='grc' dir='ltr'>Καὶ,</span> 
     </span>
    </p>
   </div>
   <div class='ocr_carea' id='block_1_12' title="bbox 174 1300 1730 1371">
    <p class='ocr_par' dir='ltr' id='par_1_12' title="bbox 174 1300 1730 1371">
     <span class='ocr_line' id='line_1_12' title="bbox 174 1300 1730 1371; baseline 0.001 -20"><span class='ocrx_word' id='word_1_95' title='bbox 174 1321 196 1351; x_wconf 87' lang='lat'><strong>1</strong></span> <span class='ocrx_word' id='word_1_96' title='bbox 250 1300 312 1354; x_wconf 85' lang='grc' dir='ltr'>Ὀ</span> <span class='ocrx_word' id='word_1_97' title='bbox 351 1304 646 1371; x_wconf 82' lang='grc' dir='ltr'>μονογενὴς</span> <span class='ocrx_word' id='word_1_98' title='bbox 679 1304 826 1365; x_wconf 74' lang='grc' dir='ltr'>Υἱὸς,</span> <span class='ocrx_word' id='word_1_99' title='bbox 859 1306 886 1356; x_wconf 88' lang='lat'><strong>6</strong></span> <span class='ocrx_word' id='word_1_100' title='bbox 921 1303 998 1356; x_wconf 81' lang='grc' dir='ltr'><strong>ὢν</strong></span> <span class='ocrx_word' id='word_1_101' title='bbox 1026 1307 1105 1366; x_wconf 85' lang='grc' dir='ltr'><strong>εἰς</strong></span> <span class='ocrx_word' id='word_1_102' title='bbox 1133 1305 1224 1358; x_wconf 85' lang='grc' dir='ltr'><strong>τὸν</strong></span> <span class='ocrx_word' id='word_1_103' title='bbox 1253 1305 1448 1357; x_wconf 78' lang='grc' dir='ltr'>κόλπον</span> <span class='ocrx_word' id='word_1_104' title='bbox 1477 1303 1568 1356; x_wconf 86' lang='grc' dir='ltr'><strong>τοῦ</strong></span> <span class='ocrx_word' id='word_1_105' title='bbox 1621 1305 1730 1354; x_wconf 87' lang='grc' dir='ltr'>Πα-</span> 
     </span>
    </p>
   </div>
   <div class='ocr_carea' id='block_1_13' title="bbox 163 1391 1731 1463">
    <p class='ocr_par' dir='ltr' id='par_1_13' title="bbox 163 1391 1731 1463">
     <span class='ocr_line' id='line_1_13' title="bbox 163 1391 1731 1463; baseline 0.003 -21"><span class='ocrx_word' id='word_1_106' title='bbox 163 1391 319 1456; x_wconf 77' lang='grc' dir='ltr'>τρὸς,</span> <span class='ocrx_word' id='word_1_107' title='bbox 346 1395 548 1456; x_wconf 66' lang='grc' dir='ltr'>ἐκεῖνος</span> <span class='ocrx_word' id='word_1_108' title='bbox 594 1393 923 1462; x_wconf 74' lang='grc' dir='ltr'>ἐξηγήσατο.</span> <span class='ocrx_word' id='word_1_109' title='bbox 967 1413 984 1446; x_wconf 90' lang='lat'><strong>1</strong></span> <span class='ocrx_word' id='word_1_110' title='bbox 1025 1397 1152 1459; x_wconf 67' lang='grc' dir='ltr'>Καὶ,</span> <span class='ocrx_word' id='word_1_111' title='bbox 1193 1415 1211 1446; x_wconf 94' lang='lat'><strong>1</strong></span> <span class='ocrx_word' id='word_1_112' title='bbox 1270 1395 1459 1456; x_wconf 83' lang='grc' dir='ltr'>Οῦτως</span> <span class='ocrx_word' id='word_1_113' title='bbox 1509 1395 1731 1463; x_wconf 73' lang='grc' dir='ltr'>ἠγάπη-</span> 
     </span>
    </p>
   </div>
   <div class='ocr_carea' id='block_1_14' title="bbox 164 1483 1732 1556">
    <p class='ocr_par' dir='ltr' id='par_1_14' title="bbox 164 1483 1732 1556">
     <span class='ocr_line' id='line_1_14' title="bbox 164 1483 1732 1556; baseline 0.003 -23"><span class='ocrx_word' id='word_1_114' title='bbox 164 1498 266 1533; x_wconf 77' lang='grc' dir='ltr'><strong>σεν</strong></span> <span class='ocrx_word' id='word_1_115' title='bbox 290 1485 316 1534; x_wconf 82' lang='lat'><strong>6</strong></span> <span class='ocrx_word' id='word_1_116' title='bbox 341 1483 470 1545; x_wconf 77' lang='grc' dir='ltr'>Θεὸς</span> <span class='ocrx_word' id='word_1_117' title='bbox 500 1485 590 1536; x_wconf 85' lang='grc' dir='ltr'><strong>τὸν</strong></span> <span class='ocrx_word' id='word_1_118' title='bbox 617 1485 839 1554; x_wconf 79' lang='grc' dir='ltr'><strong>κόσμον,</strong></span> <span class='ocrx_word' id='word_1_119' title='bbox 868 1487 1014 1540; x_wconf 79' lang='grc' dir='ltr'>ὥστε</span> <span class='ocrx_word' id='word_1_120' title='bbox 1045 1489 1136 1539; x_wconf 85' lang='grc' dir='ltr'><strong>τὸν</strong></span> <span class='ocrx_word' id='word_1_121' title='bbox 1175 1487 1298 1540; x_wconf 84' lang='grc' dir='ltr'>Υἰὸν</span> <span class='ocrx_word' id='word_1_122' title='bbox 1329 1488 1492 1539; x_wconf 83' lang='grc' dir='ltr'>αὑτοῦ</span> <span class='ocrx_word' id='word_1_123' title='bbox 1518 1488 1606 1540; x_wconf 84' lang='grc' dir='ltr'><strong>τὸν</strong></span> <span class='ocrx_word' id='word_1_124' title='bbox 1636 1505 1732 1556; x_wconf 90' lang='grc' dir='ltr'>μο-</span> 
     </span>
    </p>
   </div>
   <div class='ocr_carea' id='block_1_15' title="bbox 163 1572 1731 1648">
    <p class='ocr_par' dir='ltr' id='par_1_15' title="bbox 163 1572 1731 1648">
     <span class='ocr_line' id='line_1_15' title="bbox 163 1572 1731 1648; baseline 0.005 -25"><span class='ocrx_word' id='word_1_125' title='bbox 163 1572 365 1638; x_wconf 77' lang='grc' dir='ltr'>νογενῆ</span> <span class='ocrx_word' id='word_1_126' title='bbox 398 1573 585 1627; x_wconf 77' lang='grc' dir='ltr'>ἔδωκε.</span> <span class='ocrx_word' id='word_1_127' title='bbox 613 1592 630 1624; x_wconf 90' lang='lat'><strong>1</strong></span> <span class='ocrx_word' id='word_1_128' title='bbox 653 1577 762 1628; x_wconf 79' lang='grc' dir='ltr'><strong>Καὶ</strong></span> <span class='ocrx_word' id='word_1_129' title='bbox 785 1578 814 1628; x_wconf 87' lang='lat'><strong>6</strong></span> <span class='ocrx_word' id='word_1_130' title='bbox 833 1578 1210 1646; x_wconf 70' lang='grc' dir='ltr'>ὴγαπημάνος,</span> <span class='ocrx_word' id='word_1_131' title='bbox 1245 1596 1264 1629; x_wconf 91' lang='lat'><strong>1</strong></span> <span class='ocrx_word' id='word_1_132' title='bbox 1297 1578 1408 1630; x_wconf 85' lang='grc' dir='ltr'>Ἰνα</span> <span class='ocrx_word' id='word_1_133' title='bbox 1427 1579 1731 1648; x_wconf 73' lang='grc' dir='ltr'>γινώσκητε</span> 
     </span>
    </p>
   </div>
   <div class='ocr_carea' id='block_1_16' title="bbox 161 1664 1015 1734">
    <p class='ocr_par' dir='ltr' id='par_1_16' title="bbox 161 1664 1015 1734">
     <span class='ocr_line' id='line_1_16' title="bbox 161 1664 1015 1734; baseline 0.007 -20"><span class='ocrx_word' id='word_1_134' title='bbox 161 1664 300 1730; x_wconf 66' lang='grc' dir='ltr'>’περὶ</span> <span class='ocrx_word' id='word_1_135' title='bbox 328 1664 419 1716; x_wconf 92' lang='grc' dir='ltr'><strong>τοῦ</strong></span> <span class='ocrx_word' id='word_1_136' title='bbox 447 1667 772 1734; x_wconf 83' lang='grc' dir='ltr'><strong>μονογενοῦς</strong></span> <span class='ocrx_word' id='word_1_137' title='bbox 808 1669 963 1721; x_wconf 88' lang='grc' dir='ltr'>Υἱοῦ.</span> <span class='ocrx_word' id='word_1_138' title='bbox 997 1689 1015 1720; x_wconf 89' lang='lat'><strong>1</strong></span> 
     </span>
    </p>
   </div>
   <div class='ocr_carea' id='block_1_17' title="bbox 247 1754 1734 1831">
    <p class='ocr_par' dir='ltr' id='par_1_17' title="bbox 247 1754 1734 1831">
     <span class='ocr_line' id='line_1_17' title="bbox 247 1754 1734 1831; baseline 0.005 -23"><span class='ocrx_word' id='word_1_139' title='bbox 247 1754 365 1808; x_wconf 76' lang='grc' dir='ltr'><strong>Τὸν</strong></span> <span class='ocrx_word' id='word_1_140' title='bbox 389 1757 458 1810; x_wconf 76' lang='grc' dir='ltr'>ἐκ</span> <span class='ocrx_word' id='word_1_141' title='bbox 509 1759 614 1812; x_wconf 87' lang='grc' dir='ltr'><strong>τοῦ</strong></span> <span class='ocrx_word' id='word_1_142' title='bbox 668 1763 1284 1830; x_wconf 62' lang='grc' dir='ltr'>Πατρύς-γεννηθέντα</span> <span class='ocrx_word' id='word_1_143' title='bbox 1336 1765 1449 1831; x_wconf 82' lang='grc' dir='ltr'>πρὸ</span> <span class='ocrx_word' id='word_1_144' title='bbox 1493 1764 1734 1817; x_wconf 73' lang='grc' dir='ltr'>πάντων</span> 
     </span>
    </p>
   </div>
   <div class='ocr_carea' id='block_1_18' title="bbox 166 1847 1733 1925">
    <p class='ocr_par' dir='ltr' id='par_1_18' title="bbox 166 1847 1733 1925">
     <span class='ocr_line' id='line_1_18' title="bbox 166 1847 1733 1925; baseline 0.006 -26"><span class='ocrx_word' id='word_1_145' title='bbox 166 1847 294 1899; x_wconf 80' lang='grc' dir='ltr'><strong>τῶν</strong></span> <span class='ocrx_word' id='word_1_146' title='bbox 319 1850 564 1902; x_wconf 77' lang='grc' dir='ltr'>αἰώνων.</span> <span class='ocrx_word' id='word_1_147' title='bbox 603 1851 954 1918; x_wconf 80' lang='grc' dir='ltr'>Εὑαγγελίου,</span> <span class='ocrx_word' id='word_1_148' title='bbox 986 1872 1006 1903; x_wconf 87' lang='lat'><strong>1</strong></span> <span class='ocrx_word' id='word_1_149' title='bbox 1049 1856 1161 1918; x_wconf 81' lang='grc' dir='ltr'><strong>Πᾶς</strong></span> <span class='ocrx_word' id='word_1_150' title='bbox 1185 1858 1211 1908; x_wconf 83' lang='lat'><strong>6</strong></span> <span class='ocrx_word' id='word_1_151' title='bbox 1240 1857 1469 1923; x_wconf 78' lang='grc' dir='ltr'><strong>ἀγαπῶν</strong></span> <span class='ocrx_word' id='word_1_152' title='bbox 1497 1857 1589 1907; x_wconf 76' lang='grc' dir='ltr'>τὸν</span> <span class='ocrx_word' id='word_1_153' title='bbox 1610 1875 1733 1925; x_wconf 86' lang='grc' dir='ltr'>γεν-</span> 
     </span>
    </p>
   </div>
   <div class='ocr_carea' id='block_1_19' title="bbox 173 1937 1735 2014">
    <p class='ocr_par' dir='ltr' id='par_1_19' title="bbox 173 1937 1735 2014">
     <span class='ocr_line' id='line_1_19' title="bbox 173 1937 1735 2014; baseline 0.009 -30"><span class='ocrx_word' id='word_1_154' title='bbox 173 1937 433 2000; x_wconf 86' lang='grc' dir='ltr'><strong>νήσαντα,</strong></span> <span class='ocrx_word' id='word_1_155' title='bbox 658 1942 846 2010; x_wconf 79' lang='grc' dir='ltr'>ἀγαπᾷ</span> <span class='ocrx_word' id='word_1_156' title='bbox 879 1944 970 1995; x_wconf 73' lang='grc' dir='ltr'><strong>καὶ</strong></span> <span class='ocrx_word' id='word_1_157' title='bbox 1000 1944 1089 1996; x_wconf 75' lang='grc' dir='ltr'><strong>τὸν</strong></span> <span class='ocrx_word' id='word_1_158' title='bbox 1114 1947 1509 2014; x_wconf 80' lang='grc' dir='ltr'>γεγεννημένον</span> <span class='ocrx_word' id='word_1_159' title='bbox 1534 1946 1593 2009; x_wconf 78' lang='grc' dir='ltr'><strong>ἐξ</strong></span> <span class='ocrx_word' id='word_1_160' title='bbox 1640 1948 1735 1998; x_wconf 85' lang='grc' dir='ltr'>αύ-</span> 
     </span>
    </p>
   </div>
   <div class='ocr_carea' id='block_1_20' title="bbox 172 2026 1736 2108">
    <p class='ocr_par' dir='ltr' id='par_1_20' title="bbox 172 2026 1736 2108">
     <span class='ocr_line' id='line_1_20' title="bbox 172 2026 1736 2108; baseline 0.008 -32"><span class='ocrx_word' id='word_1_161' title='bbox 172 2026 292 2079; x_wconf 87' lang='grc' dir='ltr'>τοῦ.</span> <span class='ocrx_word' id='word_1_162' title='bbox 329 2047 347 2078; x_wconf 92' lang='lat'><strong>1</strong></span> <span class='ocrx_word' id='word_1_163' title='bbox 384 2030 511 2093; x_wconf 76' lang='grc' dir='ltr'>Καὶ,</span> <span class='ocrx_word' id='word_1_164' title='bbox 541 2049 559 2080; x_wconf 95' lang='lat'><strong>1</strong></span> <span class='ocrx_word' id='word_1_165' title='bbox 604 2031 716 2083; x_wconf 85' lang='grc' dir='ltr'>Νῦν</span> <span class='ocrx_word' id='word_1_166' title='bbox 759 2032 978 2098; x_wconf 76' lang='grc' dir='ltr'>δόξασόν</span> <span class='ocrx_word' id='word_1_167' title='bbox 1025 2052 1091 2102; x_wconf 91' lang='grc' dir='ltr'><strong>με</strong></span> <span class='ocrx_word' id='word_1_168' title='bbox 1120 2039 1186 2106; x_wconf 75' lang='grc' dir='ltr'>τῇ</span> <span class='ocrx_word' id='word_1_169' title='bbox 1216 2037 1341 2106; x_wconf 77' lang='grc' dir='ltr'>δόξῃ</span> <span class='ocrx_word' id='word_1_170' title='bbox 1456 2035 1600 2106; x_wconf 73' lang='grc' dir='ltr'>εἶχον</span> <span class='ocrx_word' id='word_1_171' title='bbox 1632 2039 1736 2106; x_wconf 66' lang='grc' dir='ltr'>πρὸ</span> 
     </span>
    </p>
   </div>
   <div class='ocr_carea' id='block_1_21' title="bbox 171 2117 1737 2198">
    <p class='ocr_par' dir='ltr' id='par_1_21' title="bbox 171 2117 1737 2198">
     <span class='ocr_line' id='line_1_21' title="bbox 171 2117 1737 2198; baseline 0.004 -26"><span class='ocrx_word' id='word_1_172' title='bbox 171 2118 271 2172; x_wconf 79' lang='grc' dir='ltr'><strong>τοῦ</strong></span> <span class='ocrx_word' id='word_1_173' title='bbox 297 2121 386 2173; x_wconf 81' lang='grc' dir='ltr'><strong>τὸν</strong></span> <span class='ocrx_word' id='word_1_174' title='bbox 419 2121 622 2190; x_wconf 79' lang='grc' dir='ltr'>κόσμον</span> <span class='ocrx_word' id='word_1_175' title='bbox 651 2117 790 2176; x_wconf 77' lang='grc' dir='ltr'>εῖναι</span> <span class='ocrx_word' id='word_1_176' title='bbox 821 2127 974 2194; x_wconf 72' lang='grc' dir='ltr'>παρὰ</span> <span class='ocrx_word' id='word_1_177' title='bbox 999 2129 1100 2192; x_wconf 84' lang='grc' dir='ltr'>σοὶ,</span> <span class='ocrx_word' id='word_1_178' title='bbox 1135 2146 1154 2180; x_wconf 90' lang='lat'><strong>1</strong></span> <span class='ocrx_word' id='word_1_179' title='bbox 1189 2130 1304 2193; x_wconf 73' lang='grc' dir='ltr'>καὶ,</span> <span class='ocrx_word' id='word_1_180' title='bbox 1337 2147 1355 2179; x_wconf 94' lang='lat'><strong>1</strong></span> <span class='ocrx_word' id='word_1_181' title='bbox 1380 2131 1465 2181; x_wconf 84' lang='lat' dir='ltr'><strong>‘Ev</strong></span> <span class='ocrx_word' id='word_1_182' title='bbox 1502 2129 1644 2197; x_wconf 80' lang='grc' dir='ltr'><strong>ἀρχῇ</strong></span> <span class='ocrx_word' id='word_1_183' title='bbox 1671 2127 1737 2198; x_wconf 83' lang='grc' dir='ltr'>ἦν</span> 
     </span>
    </p>
   </div>
   <div class='ocr_carea' id='block_1_22' title="bbox 164 2212 1736 2289">
    <p class='ocr_par' dir='ltr' id='par_1_22' title="bbox 164 2212 1736 2289">
     <span class='ocr_line' id='line_1_22' title="bbox 164 2212 1736 2289; baseline 0.007 -28"><span class='ocrx_word' id='word_1_184' title='bbox 164 2212 202 2261; x_wconf 78' lang='lat'><strong>6</strong></span> <span class='ocrx_word' id='word_1_185' title='bbox 233 2212 426 2277; x_wconf 70' lang='grc' dir='ltr'>Δόγος,</span> <span class='ocrx_word' id='word_1_186' title='bbox 462 2232 480 2264; x_wconf 93' lang='lat'><strong>1</strong></span> <span class='ocrx_word' id='word_1_187' title='bbox 519 2215 631 2277; x_wconf 76' lang='grc' dir='ltr'>καὶ,</span> <span class='ocrx_word' id='word_1_188' title='bbox 669 2233 689 2266; x_wconf 85' lang='grc'>‹</span> <span class='ocrx_word' id='word_1_189' title='bbox 710 2217 770 2267; x_wconf 89' lang='lat'><strong>&#39;0</strong></span> <span class='ocrx_word' id='word_1_190' title='bbox 797 2216 871 2269; x_wconf 81' lang='grc' dir='ltr'><strong>ὢν</strong></span> <span class='ocrx_word' id='word_1_191' title='bbox 899 2219 952 2269; x_wconf 83' lang='grc' dir='ltr'>ὲν</span> <span class='ocrx_word' id='word_1_192' title='bbox 977 2221 1091 2280; x_wconf 78' lang='grc' dir='ltr'>τοῖς</span> <span class='ocrx_word' id='word_1_193' title='bbox 1125 2220 1342 2283; x_wconf 81' lang='grc' dir='ltr'>κόλποις</span> <span class='ocrx_word' id='word_1_194' title='bbox 1378 2221 1472 2272; x_wconf 86' lang='grc' dir='ltr'><strong>τοῦ</strong></span> <span class='ocrx_word' id='word_1_195' title='bbox 1505 2222 1736 2289; x_wconf 82' lang='grc' dir='ltr'>Πατρὸς,</span> 
     </span>
    </p>
   </div>
   <div class='ocr_carea' id='block_1_23' title="bbox 176 2301 1736 2379">
    <p class='ocr_par' dir='ltr' id='par_1_23' title="bbox 176 2301 1736 2379">
     <span class='ocr_line' id='line_1_23' title="bbox 176 2301 1736 2379; baseline 0.006 -25"><span class='ocrx_word' id='word_1_196' title='bbox 176 2305 296 2366; x_wconf 64' lang='grc' dir='ltr'>καὶ,</span> <span class='ocrx_word' id='word_1_197' title='bbox 329 2322 348 2354; x_wconf 93' lang='lat'><strong>1</strong></span> <span class='ocrx_word' id='word_1_198' title='bbox 398 2305 457 2357; x_wconf 91' lang='lat'><strong>&#39;0</strong></span> <span class='ocrx_word' id='word_1_199' title='bbox 485 2301 550 2374; x_wconf 79' lang='grc' dir='ltr'>ἦν</span> <span class='ocrx_word' id='word_1_200' title='bbox 579 2307 674 2357; x_wconf 80' lang='grc' dir='ltr'><strong>ἀπ’</strong></span> <span class='ocrx_word' id='word_1_201' title='bbox 698 2307 899 2377; x_wconf 83' lang='grc' dir='ltr'>ἀρχῆς.</span> <span class='ocrx_word' id='word_1_202' title='bbox 931 2327 949 2360; x_wconf 90' lang='lat'><strong>1</strong></span> <span class='ocrx_word' id='word_1_203' title='bbox 999 2311 1342 2376; x_wconf 84' lang='grc' dir='ltr'>Ἀποστόλου,</span> <span class='ocrx_word' id='word_1_204' title='bbox 1376 2331 1394 2362; x_wconf 95' lang='lat'><strong>1</strong></span> <span class='ocrx_word' id='word_1_205' title='bbox 1434 2311 1552 2363; x_wconf 82' lang='grc' dir='ltr'>Ἐπ’</span> <span class='ocrx_word' id='word_1_206' title='bbox 1581 2312 1736 2379; x_wconf 60' lang='lat' dir='ltr'><strong>taxi-</strong></span> 
     </span>
    </p>
   </div>
   <div class='ocr_carea' id='block_1_24' title="bbox 175 2395 1738 2472">
    <p class='ocr_par' dir='ltr' id='par_1_24' title="bbox 175 2395 1738 2472">
     <span class='ocr_line' id='line_1_24' title="bbox 175 2395 1738 2472; baseline 0.006 -27"><span class='ocrx_word' id='word_1_207' title='bbox 175 2412 288 2446; x_wconf 79' lang='grc' dir='ltr'><strong>των</strong></span> <span class='ocrx_word' id='word_1_208' title='bbox 319 2395 425 2446; x_wconf 88' lang='grc' dir='ltr'><strong>τῶν</strong></span> <span class='ocrx_word' id='word_1_209' title='bbox 457 2397 682 2464; x_wconf 72' lang='grc' dir='ltr'>ἡμερῶν</span> <span class='ocrx_word' id='word_1_210' title='bbox 718 2398 922 2450; x_wconf 83' lang='grc' dir='ltr'>τούτων</span> <span class='ocrx_word' id='word_1_211' title='bbox 964 2399 1226 2468; x_wconf 72' lang='grc' dir='ltr'>ἐλάλησεν</span> <span class='ocrx_word' id='word_1_212' title='bbox 1257 2403 1386 2472; x_wconf 79' lang='grc' dir='ltr'>ἡμῖν</span> <span class='ocrx_word' id='word_1_213' title='bbox 1419 2405 1475 2453; x_wconf 76' lang='grc' dir='ltr'>ὲν</span> <span class='ocrx_word' id='word_1_214' title='bbox 1508 2402 1640 2471; x_wconf 84' lang='grc' dir='ltr'>Υἰῷ,</span> <span class='ocrx_word' id='word_1_215' title='bbox 1670 2401 1738 2454; x_wconf 76' lang='grc' dir='ltr'><strong>δι’</strong></span> 
     </span>
    </p>
   </div>
   <div class='ocr_carea' id='block_1_25' title="bbox 167 2487 1740 2566">
    <p class='ocr_par' dir='ltr' id='par_1_25' title="bbox 167 2487 1740 2566">
     <span class='ocr_line' id='line_1_25' title="bbox 167 2487 1740 2566; baseline 0.006 -28"><span class='ocrx_word' id='word_1_216' title='bbox 167 2487 237 2538; x_wconf 77' lang='grc' dir='ltr'>οὗ</span> <span class='ocrx_word' id='word_1_217' title='bbox 282 2489 371 2540; x_wconf 71' lang='grc' dir='ltr'>καὶ</span> <span class='ocrx_word' id='word_1_218' title='bbox 416 2491 540 2543; x_wconf 72' lang='grc' dir='ltr'>τοὺς</span> <span class='ocrx_word' id='word_1_219' title='bbox 572 2491 774 2554; x_wconf 86' lang='grc' dir='ltr'>αἰῶνας</span> <span class='ocrx_word' id='word_1_220' title='bbox 832 2494 1078 2563; x_wconf 73' lang='grc' dir='ltr'>ἰποίησε.</span> <span class='ocrx_word' id='word_1_221' title='bbox 1125 2515 1142 2546; x_wconf 88' lang='lat'><strong>1</strong></span> <span class='ocrx_word' id='word_1_222' title='bbox 1181 2496 1517 2565; x_wconf 80' lang='grc' dir='ltr'>Παροιμιῶν,</span> <span class='ocrx_word' id='word_1_223' title='bbox 1571 2515 1588 2546; x_wconf 94' lang='lat'><strong>1</strong></span> <span class='ocrx_word' id='word_1_224' title='bbox 1627 2497 1740 2566; x_wconf 84' lang='grc' dir='ltr'>Πρὸ</span> 
     </span>
    </p>
   </div>
   <div class='ocr_carea' id='block_1_26' title="bbox 176 2578 1740 2658">
    <p class='ocr_par' dir='ltr' id='par_1_26' title="bbox 176 2578 1740 2658">
     <span class='ocr_line' id='line_1_26' title="bbox 176 2578 1740 2658; baseline 0.009 -32"><span class='ocrx_word' id='word_1_225' title='bbox 176 2578 272 2628; x_wconf 83' lang='grc' dir='ltr'><strong>τοῦ</strong></span> <span class='ocrx_word' id='word_1_226' title='bbox 307 2578 504 2638; x_wconf 81' lang='grc' dir='ltr'>αἰῶνος</span> <span class='ocrx_word' id='word_1_227' title='bbox 524 2581 856 2649; x_wconf 70' lang='grc' dir='ltr'>ἐθεμελίωσὲ</span> <span class='ocrx_word' id='word_1_228' title='bbox 891 2602 978 2653; x_wconf 89' lang='grc' dir='ltr'><strong>με,</strong></span> <span class='ocrx_word' id='word_1_229' title='bbox 1009 2587 1113 2653; x_wconf 84' lang='grc' dir='ltr'><strong>πρὸ</strong></span> <span class='ocrx_word' id='word_1_230' title='bbox 1144 2587 1199 2642; x_wconf 68' lang='grc' dir='ltr'><strong>δὲ</strong></span> <span class='ocrx_word' id='word_1_231' title='bbox 1226 2588 1444 2639; x_wconf 79' lang='grc' dir='ltr'>πάντων</span> <span class='ocrx_word' id='word_1_232' title='bbox 1474 2588 1580 2639; x_wconf 89' lang='grc' dir='ltr'><strong>τῶν</strong></span> <span class='ocrx_word' id='word_1_233' title='bbox 1617 2587 1740 2658; x_wconf 86' lang='grc' dir='ltr'>βου-</span> 
     </span>
    </p>
   </div>
   <div class='ocr_carea' id='block_1_27' title="bbox 178 2670 1740 2750">
    <p class='ocr_par' dir='ltr' id='par_1_27' title="bbox 178 2670 1740 2750">
     <span class='ocr_line' id='line_1_27' title="bbox 178 2670 1740 2750; baseline 0.006 -30"><span class='ocrx_word' id='word_1_234' title='bbox 178 2670 291 2721; x_wconf 86' lang='grc' dir='ltr'><strong>νῶν</strong></span> <span class='ocrx_word' id='word_1_235' title='bbox 339 2674 499 2742; x_wconf 86' lang='grc' dir='ltr'>γεννᾷ</span> <span class='ocrx_word' id='word_1_236' title='bbox 555 2691 644 2740; x_wconf 84' lang='grc' dir='ltr'><strong>με.</strong></span> <span class='ocrx_word' id='word_1_237' title='bbox 708 2693 728 2725; x_wconf 92' lang='lat'><strong>1</strong></span> <span class='ocrx_word' id='word_1_238' title='bbox 778 2677 1136 2744; x_wconf 80' lang='grc' dir='ltr'>Εὑαγγελίου,</span> <span class='ocrx_word' id='word_1_239' title='bbox 1175 2698 1194 2730; x_wconf 94' lang='lat'><strong>1</strong></span> <span class='ocrx_word' id='word_1_240' title='bbox 1228 2680 1326 2731; x_wconf 88' lang='grc' dir='ltr'><strong>Ἐκ</strong></span> <span class='ocrx_word' id='word_1_241' title='bbox 1374 2680 1466 2731; x_wconf 84' lang='grc' dir='ltr'><strong>τοῦ</strong></span> <span class='ocrx_word' id='word_1_242' title='bbox 1529 2682 1740 2750; x_wconf 78' lang='grc' dir='ltr'>Πατρὸς</span> 
     </span>
    </p>
   </div>
   <div class='ocr_carea' id='block_1_28' title="bbox 177 2763 1740 2840">
    <p class='ocr_par' dir='ltr' id='par_1_28' title="bbox 177 2763 1740 2840">
     <span class='ocr_line' id='line_1_28' title="bbox 177 2763 1740 2840; baseline 0.006 -26"><span class='ocrx_word' id='word_1_243' title='bbox 177 2763 407 2832; x_wconf 76' lang='grc' dir='ltr'>ἐξῆλθον</span> <span class='ocrx_word' id='word_1_244' title='bbox 442 2767 534 2817; x_wconf 69' lang='grc' dir='ltr'><strong>καὶ</strong></span> <span class='ocrx_word' id='word_1_245' title='bbox 563 2767 706 2835; x_wconf 80' lang='grc' dir='ltr'>ἥκω,</span> <span class='ocrx_word' id='word_1_246' title='bbox 745 2786 763 2818; x_wconf 89' lang='lat'><strong>1</strong></span> <span class='ocrx_word' id='word_1_247' title='bbox 805 2769 921 2833; x_wconf 76' lang='grc' dir='ltr'>καὶ,</span> <span class='ocrx_word' id='word_1_248' title='bbox 960 2789 980 2822; x_wconf 95' lang='lat'><strong>1</strong></span> <span class='ocrx_word' id='word_1_249' title='bbox 1016 2770 1274 2840; x_wconf 75' lang='grc' dir='ltr'>Ἐξῆλθον</span> <span class='ocrx_word' id='word_1_250' title='bbox 1303 2773 1365 2824; x_wconf 77' lang='grc' dir='ltr'>ἐκ</span> <span class='ocrx_word' id='word_1_251' title='bbox 1395 2771 1488 2823; x_wconf 85' lang='grc' dir='ltr'><strong>τοῦ</strong></span> <span class='ocrx_word' id='word_1_252' title='bbox 1530 2772 1740 2840; x_wconf 61' lang='grc' dir='ltr'>Πατρὴς</span> 
     </span>
    </p>
   </div>
   <div class='ocr_carea' id='block_1_29' title="bbox 176 2856 1082 2927">
    <p class='ocr_par' dir='ltr' id='par_1_29' title="bbox 176 2856 1082 2927">
     <span class='ocr_line' id='line_1_29' title="bbox 176 2856 1082 2927; baseline 0.006 -20"><span class='ocrx_word' id='word_1_253' title='bbox 176 2857 276 2908; x_wconf 71' lang='grc' dir='ltr'>καὶ</span> <span class='ocrx_word' id='word_1_254' title='bbox 303 2856 531 2926; x_wconf 76' lang='grc' dir='ltr'>ἐλήλυθα</span> <span class='ocrx_word' id='word_1_255' title='bbox 560 2859 641 2920; x_wconf 86' lang='grc' dir='ltr'><strong>εἰς</strong></span> <span class='ocrx_word' id='word_1_256' title='bbox 670 2859 762 2912; x_wconf 71' lang='grc' dir='ltr'><strong>τὸν</strong></span> <span class='ocrx_word' id='word_1_257' title='bbox 794 2860 1018 2927; x_wconf 84' lang='grc' dir='ltr'>κόσμον.</span> <span class='ocrx_word' id='word_1_258' title='bbox 1064 2880 1082 2912; x_wconf 91' lang='lat'><strong>1</strong></span> 
     </span>
    </p>
   </div>
   <div class='ocr_carea' id='block_1_30' title="bbox 251 2943 1742 3025">
    <p class='ocr_par' dir='ltr' id='par_1_30' title="bbox 251 2943 1742 3025">
     <span class='ocr_line' id='line_1_30' title="bbox 251 2943 1742 3025; baseline 0.007 -28"><span class='ocrx_word' id='word_1_259' title='bbox 251 2943 381 3008; x_wconf 71' lang='grc' dir='ltr'>Φῶς</span> <span class='ocrx_word' id='word_1_260' title='bbox 407 2947 474 2999; x_wconf 67' lang='grc' dir='ltr'>ἐκ</span> <span class='ocrx_word' id='word_1_261' title='bbox 527 2955 736 3014; x_wconf 78' lang='grc' dir='ltr'>φωτός.</span> <span class='ocrx_word' id='word_1_262' title='bbox 783 2950 1140 3018; x_wconf 83' lang='grc' dir='ltr'>Εύαγγελίου,</span> <span class='ocrx_word' id='word_1_263' title='bbox 1169 2971 1209 3003; x_wconf 71' lang='grc' dir='ltr'><strong>ἰ</strong></span> <span class='ocrx_word' id='word_1_264' title='bbox 1250 2954 1367 3006; x_wconf 85' lang='grc' dir='ltr'>Ἵνα</span> <span class='ocrx_word' id='word_1_265' title='bbox 1417 2957 1742 3025; x_wconf 75' lang='grc' dir='ltr'>μαρτυρήσῃ</span> 
     </span>
    </p>
   </div>
   <div class='ocr_carea' id='block_1_31' title="bbox 180 3038 1744 3115">
    <p class='ocr_par' dir='ltr' id='par_1_31' title="bbox 180 3038 1744 3115">
     <span class='ocr_line' id='line_1_31' title="bbox 180 3038 1744 3115; baseline 0.008 -27"><span class='ocrx_word' id='word_1_266' title='bbox 180 3039 311 3107; x_wconf 76' lang='grc' dir='ltr'>περὶ</span> <span class='ocrx_word' id='word_1_267' title='bbox 346 3038 438 3090; x_wconf 88' lang='grc' dir='ltr'><strong>τοῦ</strong></span> <span class='ocrx_word' id='word_1_268' title='bbox 489 3040 683 3105; x_wconf 78' lang='grc' dir='ltr'>φωτὸς,</span> <span class='ocrx_word' id='word_1_269' title='bbox 719 3058 738 3091; x_wconf 94' lang='lat'><strong>1</strong></span> <span class='ocrx_word' id='word_1_270' title='bbox 792 3043 907 3106; x_wconf 77' lang='grc' dir='ltr'>καὶ,</span> <span class='ocrx_word' id='word_1_271' title='bbox 948 3060 967 3094; x_wconf 89' lang='lat'><strong>1</strong></span> <span class='ocrx_word' id='word_1_272' title='bbox 999 3040 1107 3096; x_wconf 90' lang='grc' dir='ltr'>Ἦν</span> <span class='ocrx_word' id='word_1_273' title='bbox 1149 3045 1208 3098; x_wconf 81' lang='grc' dir='ltr'><strong>τὸ</strong></span> <span class='ocrx_word' id='word_1_274' title='bbox 1247 3045 1359 3111; x_wconf 83' lang='grc' dir='ltr'>φῶς</span> <span class='ocrx_word' id='word_1_275' title='bbox 1409 3046 1684 3115; x_wconf 79' lang='grc' dir='ltr'>ἀληθινὸν,</span> <span class='ocrx_word' id='word_1_276' title='bbox 1715 3048 1744 3100; x_wconf 81' lang='grc' dir='ltr'>ὃ</span> 
     </span>
    </p>
   </div>
   <div class='ocr_carea' id='block_1_32' title="bbox 179 3127 1736 3206">
    <p class='ocr_par' dir='ltr' id='par_1_32' title="bbox 179 3127 1736 3206">
     <span class='ocr_line' id='line_1_32' title="bbox 179 3127 1736 3206; baseline 0.007 -28"><span class='ocrx_word' id='word_1_277' title='bbox 179 3127 595 3194; x_wconf 61' lang='grc' dir='ltr'>φωτίζειπὼτα</span> <span class='ocrx_word' id='word_1_278' title='bbox 625 3130 913 3200; x_wconf 72' lang='grc' dir='ltr'>ἄνθρωπον</span> <span class='ocrx_word' id='word_1_279' title='bbox 928 3135 1224 3203; x_wconf 77' lang='grc' dir='ltr'>ἐρχόμενον</span> <span class='ocrx_word' id='word_1_280' title='bbox 1252 3138 1330 3199; x_wconf 87' lang='grc' dir='ltr'><strong>εἰς</strong></span> <span class='ocrx_word' id='word_1_281' title='bbox 1354 3137 1443 3188; x_wconf 81' lang='grc' dir='ltr'><strong>τὸν</strong></span> <span class='ocrx_word' id='word_1_282' title='bbox 1471 3138 1694 3206; x_wconf 87' lang='grc' dir='ltr'>κόσμον.</span> <span class='ocrx_word' id='word_1_283' title='bbox 1718 3155 1736 3189; x_wconf 87' lang='lat'><strong>1</strong></span> 
     </span>
    </p>
   </div>
   <div class='ocr_carea' id='block_1_33' title="bbox 1831 663 3389 739">
    <p class='ocr_par' dir='ltr' id='par_1_33' title="bbox 1831 663 3389 739">
     <span class='ocr_line' id='line_1_33' title="bbox 1831 663 3389 739; baseline -0.004 -18"><span class='ocrx_word' id='word_1_284' title='bbox 1831 671 2012 739; x_wconf 83' lang='grc' dir='ltr'>μένου,</span> <span class='ocrx_word' id='word_1_285' title='bbox 2045 688 2063 719; x_wconf 96' lang='lat'><strong>1</strong></span> <span class='ocrx_word' id='word_1_286' title='bbox 2093 664 2258 728; x_wconf 72' lang='grc' dir='ltr'>Οὗτός</span> <span class='ocrx_word' id='word_1_287' title='bbox 2289 670 2434 718; x_wconf 78' lang='grc' dir='ltr'>ἐστιν</span> <span class='ocrx_word' id='word_1_288' title='bbox 2469 669 2496 717; x_wconf 91' lang='lat'><strong>6</strong></span> <span class='ocrx_word' id='word_1_289' title='bbox 2528 664 2781 734; x_wconf 80' lang='grc' dir='ltr'>ἀληθινὸς</span> <span class='ocrx_word' id='word_1_290' title='bbox 2821 664 2950 724; x_wconf 75' lang='grc' dir='ltr'>θεὸς</span> <span class='ocrx_word' id='word_1_291' title='bbox 2985 664 3079 715; x_wconf 71' lang='grc' dir='ltr'><strong>καὶ</strong></span> <span class='ocrx_word' id='word_1_292' title='bbox 3113 663 3224 731; x_wconf 83' lang='grc' dir='ltr'>ζωὴ</span> <span class='ocrx_word' id='word_1_293' title='bbox 3255 664 3389 715; x_wconf 84' lang='grc' dir='ltr'>αἰώ-</span> 
     </span>
    </p>
   </div>
   <div class='ocr_carea' id='block_1_34' title="bbox 1829 754 3391 828">
    <p class='ocr_par' dir='ltr' id='par_1_34' title="bbox 1829 754 3391 828">
     <span class='ocr_line' id='line_1_34' title="bbox 1829 754 3391 828; baseline -0.004 -16"><span class='ocrx_word' id='word_1_294' title='bbox 1829 779 1991 825; x_wconf 76' lang='grc' dir='ltr'>νιος,›</span> <span class='ocrx_word' id='word_1_295' title='bbox 2024 763 2136 822; x_wconf 85' lang='grc' dir='ltr'>καὶ,</span> <span class='ocrx_word' id='word_1_296' title='bbox 2172 779 2189 810; x_wconf 85' lang='grc'><strong>‹</strong></span> <span class='ocrx_word' id='word_1_297' title='bbox 2214 760 2410 828; x_wconf 81' lang='grc' dir='ltr'>Ἐσμὲν</span> <span class='ocrx_word' id='word_1_298' title='bbox 2440 761 2496 811; x_wconf 80' lang='grc' dir='ltr'>ὲν</span> <span class='ocrx_word' id='word_1_299' title='bbox 2520 757 2595 827; x_wconf 82' lang='grc' dir='ltr'>τῷ</span> <span class='ocrx_word' id='word_1_300' title='bbox 2622 756 2883 826; x_wconf 76' lang='grc' dir='ltr'>ἀληθινῷ,</span> <span class='ocrx_word' id='word_1_301' title='bbox 2913 757 2968 807; x_wconf 83' lang='grc' dir='ltr'>ὲν</span> <span class='ocrx_word' id='word_1_302' title='bbox 2992 755 3197 824; x_wconf 82' lang='grc' dir='ltr'>τῷΥἱῷ</span> <span class='ocrx_word' id='word_1_303' title='bbox 3227 754 3391 807; x_wconf 74' lang='grc' dir='ltr'>αὑτοῦ</span> 
     </span>
    </p>
   </div>
   <div class='ocr_carea' id='block_1_35' title="bbox 1829 847 3387 922">
    <p class='ocr_par' dir='ltr' id='par_1_35' title="bbox 1829 847 3387 922">
     <span class='ocr_line' id='line_1_35' title="bbox 1829 847 3387 922; baseline -0.005 -19"><span class='ocrx_word' id='word_1_304' title='bbox 1829 853 2003 920; x_wconf 82' lang='grc' dir='ltr'>Ἰησοῦ</span> <span class='ocrx_word' id='word_1_305' title='bbox 2049 853 2289 922; x_wconf 83' lang='grc' dir='ltr'>Χριστῷ.</span> <span class='ocrx_word' id='word_1_306' title='bbox 2323 870 2340 900; x_wconf 91' lang='lat'><strong>1</strong></span> <span class='ocrx_word' id='word_1_307' title='bbox 2389 850 2741 917; x_wconf 65' lang='grc' dir='ltr'>Ιίύαγγελῐου,</span> <span class='ocrx_word' id='word_1_308' title='bbox 2798 868 2816 899; x_wconf 91' lang='lat'><strong>1</strong></span> <span class='ocrx_word' id='word_1_309' title='bbox 2852 847 2994 917; x_wconf 78' lang='grc' dir='ltr'><strong>Ἐγώ</strong></span> <span class='ocrx_word' id='word_1_310' title='bbox 3037 848 3150 915; x_wconf 82' lang='grc' dir='ltr'>εἰμι</span> <span class='ocrx_word' id='word_1_311' title='bbox 3199 847 3387 913; x_wconf 68' lang='grc' dir='ltr'>ἡὰλήι</span> 
     </span>
    </p>
   </div>
   <div class='ocr_carea' id='block_1_36' title="bbox 1829 938 3390 1011">
    <p class='ocr_par' dir='ltr' id='par_1_36' title="bbox 1829 938 3390 1011">
     <span class='ocr_line' id='line_1_36' title="bbox 1829 938 3390 1011; baseline -0.005 -14"><span class='ocrx_word' id='word_1_312' title='bbox 1829 947 2003 997; x_wconf 68' lang='grc' dir='ltr'>οεια.»</span> <span class='ocrx_word' id='word_1_313' title='bbox 2029 944 2264 1004; x_wconf 77' lang='grc' dir='ltr'>Παύλου,</span> <span class='ocrx_word' id='word_1_314' title='bbox 2298 963 2314 994; x_wconf 88' lang='lat'><strong>1</strong></span> <span class='ocrx_word' id='word_1_315' title='bbox 2347 944 2501 996; x_wconf 76' lang='grc' dir='ltr'>Κατὰ</span> <span class='ocrx_word' id='word_1_316' title='bbox 2525 943 2622 1011; x_wconf 79' lang='grc' dir='ltr'>τὴν</span> <span class='ocrx_word' id='word_1_317' title='bbox 2653 942 2970 1008; x_wconf 73' lang='grc' dir='ltr'>ἐπιφάνειαν</span> <span class='ocrx_word' id='word_1_318' title='bbox 2997 939 3094 1006; x_wconf 77' lang='grc' dir='ltr'>τῆς</span> <span class='ocrx_word' id='word_1_319' title='bbox 3119 938 3274 1009; x_wconf 83' lang='grc' dir='ltr'>δόξης</span> <span class='ocrx_word' id='word_1_320' title='bbox 3298 939 3390 990; x_wconf 89' lang='grc' dir='ltr'><strong>τοῦ</strong></span> 
     </span>
    </p>
   </div>
   <div class='ocr_carea' id='block_1_37' title="bbox 1830 1028 3390 1104">
    <p class='ocr_par' dir='ltr' id='par_1_37' title="bbox 1830 1028 3390 1104">
     <span class='ocr_line' id='line_1_37' title="bbox 1830 1028 3390 1104; baseline -0.004 -17"><span class='ocrx_word' id='word_1_321' title='bbox 1830 1038 2070 1104; x_wconf 77' lang='grc' dir='ltr'>μεγάλου</span> <span class='ocrx_word' id='word_1_322' title='bbox 2103 1034 2237 1087; x_wconf 85' lang='grc' dir='ltr'>Θεοῦ</span> <span class='ocrx_word' id='word_1_323' title='bbox 2271 1035 2364 1086; x_wconf 77' lang='grc' dir='ltr'>καὶ</span> <span class='ocrx_word' id='word_1_324' title='bbox 2397 1034 2648 1102; x_wconf 79' lang='grc' dir='ltr'>Σωτῆρος</span> <span class='ocrx_word' id='word_1_325' title='bbox 2681 1034 2837 1101; x_wconf 84' lang='grc' dir='ltr'>ἡμῶν</span> <span class='ocrx_word' id='word_1_326' title='bbox 2865 1032 3043 1099; x_wconf 82' lang='grc' dir='ltr'>Ἰησοῦ</span> <span class='ocrx_word' id='word_1_327' title='bbox 3077 1028 3334 1097; x_wconf 87' lang='grc' dir='ltr'>Χριστοῦ.</span> <span class='ocrx_word' id='word_1_328' title='bbox 3371 1048 3390 1080; x_wconf 90' lang='lat'><strong>1</strong></span> 
     </span>
    </p>
   </div>
   <div class='ocr_carea' id='block_1_38' title="bbox 1901 1121 3399 1194">
    <p class='ocr_par' dir='ltr' id='par_1_38' title="bbox 1901 1121 3399 1194">
     <span class='ocr_line' id='line_1_38' title="bbox 1901 1121 3399 1194; baseline -0.005 -15"><span class='ocrx_word' id='word_1_329' title='bbox 1901 1126 2299 1192; x_wconf 80' lang='grc' dir='ltr'>Γεννηθέντα.</span> <span class='ocrx_word' id='word_1_330' title='bbox 2347 1127 2682 1194; x_wconf 78' lang='grc' dir='ltr'>Παροιμιῶν,</span> <span class='ocrx_word' id='word_1_331' title='bbox 2720 1145 2736 1175; x_wconf 90' lang='lat'><strong>1</strong></span> <span class='ocrx_word' id='word_1_332' title='bbox 2780 1126 2890 1192; x_wconf 78' lang='grc' dir='ltr'>Πρὸ</span> <span class='ocrx_word' id='word_1_333' title='bbox 2918 1125 2973 1176; x_wconf 74' lang='grc' dir='ltr'><strong>δὲ</strong></span> <span class='ocrx_word' id='word_1_334' title='bbox 3017 1124 3229 1176; x_wconf 80' lang='grc' dir='ltr'>πάντων</span> <span class='ocrx_word' id='word_1_335' title='bbox 3279 1121 3399 1188; x_wconf 74' lang='grc' dir='ltr'>βου-</span> 
     </span>
    </p>
   </div>
   <div class='ocr_carea' id='block_1_39' title="bbox 1829 1213 3397 1288">
    <p class='ocr_par' dir='ltr' id='par_1_39' title="bbox 1829 1213 3397 1288">
     <span class='ocr_line' id='line_1_39' title="bbox 1829 1213 3397 1288; baseline -0.003 -20"><span class='ocrx_word' id='word_1_336' title='bbox 1829 1220 1934 1270; x_wconf 74' lang='grc' dir='ltr'><strong>νῶν</strong></span> <span class='ocrx_word' id='word_1_337' title='bbox 1964 1221 2129 1288; x_wconf 73' lang='grc' dir='ltr'>γεννᾷ</span> <span class='ocrx_word' id='word_1_338' title='bbox 2171 1236 2260 1285; x_wconf 90' lang='grc' dir='ltr'><strong>με,</strong></span> <span class='ocrx_word' id='word_1_339' title='bbox 2299 1239 2315 1269; x_wconf 89' lang='lat'><strong>1</strong></span> <span class='ocrx_word' id='word_1_340' title='bbox 2357 1219 2716 1286; x_wconf 80' lang='grc' dir='ltr'>Εὑαγγελίου,</span> <span class='ocrx_word' id='word_1_341' title='bbox 2755 1236 2774 1268; x_wconf 97' lang='lat'><strong>1</strong></span> <span class='ocrx_word' id='word_1_342' title='bbox 2811 1215 2954 1283; x_wconf 86' lang='grc' dir='ltr'><strong>Ἐγὼ</strong></span> <span class='ocrx_word' id='word_1_343' title='bbox 2976 1217 3054 1278; x_wconf 85' lang='grc' dir='ltr'><strong>εἰς</strong></span> <span class='ocrx_word' id='word_1_344' title='bbox 3084 1215 3240 1267; x_wconf 86' lang='grc' dir='ltr'>τοῦτο</span> <span class='ocrx_word' id='word_1_345' title='bbox 3274 1213 3397 1280; x_wconf 76' lang='grc' dir='ltr'><strong>ὲλή-</strong></span> 
     </span>
    </p>
   </div>
   <div class='ocr_carea' id='block_1_40' title="bbox 1827 1308 3395 1378">
    <p class='ocr_par' dir='ltr' id='par_1_40' title="bbox 1827 1308 3395 1378">
     <span class='ocr_line' id='line_1_40' title="bbox 1827 1308 3395 1378; baseline -0.003 -15"><span class='ocrx_word' id='word_1_346' title='bbox 1827 1311 1964 1363; x_wconf 71' lang='grc' dir='ltr'>λτυθα</span> <span class='ocrx_word' id='word_1_347' title='bbox 2001 1312 2093 1363; x_wconf 67' lang='grc' dir='ltr'><strong>καὶ</strong></span> <span class='ocrx_word' id='word_1_348' title='bbox 2125 1313 2204 1371; x_wconf 85' lang='grc' dir='ltr'><strong>εἰς</strong></span> <span class='ocrx_word' id='word_1_349' title='bbox 2234 1311 2392 1363; x_wconf 89' lang='grc' dir='ltr'>τοῦτο</span> <span class='ocrx_word' id='word_1_350' title='bbox 2421 1311 2782 1378; x_wconf 83' lang='grc' dir='ltr'>γεγέννημαι.</span> <span class='ocrx_word' id='word_1_351' title='bbox 2815 1328 2837 1364; x_wconf 83' lang='lat'><strong>1</strong></span> <span class='ocrx_word' id='word_1_352' title='bbox 2872 1308 2978 1361; x_wconf 86' lang='grc' dir='ltr'><strong>Τοῦ</strong></span> <span class='ocrx_word' id='word_1_353' title='bbox 3010 1309 3395 1376; x_wconf 79' lang='grc' dir='ltr'>ἡγαπημὲνου,</span> 
     </span>
    </p>
   </div>
   <div class='ocr_carea' id='block_1_41' title="bbox 1837 1401 3390 1471">
    <p class='ocr_par' dir='ltr' id='par_1_41' title="bbox 1837 1401 3390 1471">
     <span class='ocr_line' id='line_1_41' title="bbox 1837 1401 3390 1471; baseline -0.005 -17"><span class='ocrx_word' id='word_1_354' title='bbox 1837 1419 1855 1454; x_wconf 97' lang='lat'><strong>1</strong></span> <span class='ocrx_word' id='word_1_355' title='bbox 1898 1402 1954 1454; x_wconf 88' lang='grc' dir='ltr'><strong>Ὀ</strong></span> <span class='ocrx_word' id='word_1_356' title='bbox 1974 1402 2201 1468; x_wconf 73' lang='grc' dir='ltr'>ἀγαπῶν</span> <span class='ocrx_word' id='word_1_357' title='bbox 2225 1404 2314 1452; x_wconf 74' lang='grc' dir='ltr'><strong>τδν</strong></span> <span class='ocrx_word' id='word_1_358' title='bbox 2345 1402 2707 1471; x_wconf 82' lang='grc' dir='ltr'>γεννήσαντα,</span> <span class='ocrx_word' id='word_1_359' title='bbox 2744 1403 2934 1471; x_wconf 77' lang='grc' dir='ltr'>ἀγαπᾷ</span> <span class='ocrx_word' id='word_1_360' title='bbox 2966 1401 3060 1453; x_wconf 79' lang='grc' dir='ltr'>καὶ</span> <span class='ocrx_word' id='word_1_361' title='bbox 3091 1401 3182 1451; x_wconf 78' lang='grc' dir='ltr'><strong>τὸν</strong></span> <span class='ocrx_word' id='word_1_362' title='bbox 3208 1414 3390 1465; x_wconf 89' lang='grc' dir='ltr'>γεγεν-</span> 
     </span>
    </p>
   </div>
   <div class='ocr_carea' id='block_1_42' title="bbox 1833 1492 2426 1562">
    <p class='ocr_par' dir='ltr' id='par_1_42' title="bbox 1833 1492 2426 1562">
     <span class='ocr_line' id='line_1_42' title="bbox 1833 1492 2426 1562; baseline 0.003 -20"><span class='ocrx_word' id='word_1_363' title='bbox 1833 1495 2061 1562; x_wconf 75' lang='grc' dir='ltr'>νημένον</span> <span class='ocrx_word' id='word_1_364' title='bbox 2089 1492 2147 1557; x_wconf 74' lang='grc' dir='ltr'><strong>ἐξ</strong></span> <span class='ocrx_word' id='word_1_365' title='bbox 2185 1493 2370 1546; x_wconf 79' lang='grc' dir='ltr'>αὐτοῦ.</span> <span class='ocrx_word' id='word_1_366' title='bbox 2408 1512 2426 1558; x_wconf 71' lang='lat'><strong>1</strong></span> 
     </span>
    </p>
   </div>
   <div class='ocr_carea' id='block_1_43' title="bbox 1903 1581 3403 1656">
    <p class='ocr_par' dir='ltr' id='par_1_43' title="bbox 1903 1581 3403 1656">
     <span class='ocr_line' id='line_1_43' title="bbox 1903 1581 3403 1656; baseline -0.005 -17"><span class='ocrx_word' id='word_1_367' title='bbox 1903 1585 2065 1656; x_wconf 63' lang='grc'><strong>434</strong></span> <span class='ocrx_word' id='word_1_368' title='bbox 2090 1589 2170 1638; x_wconf 85' lang='grc' dir='ltr'><strong>Οὐ</strong></span> <span class='ocrx_word' id='word_1_369' title='bbox 2199 1585 2540 1648; x_wconf 83' lang='grc' dir='ltr'>ποιηθέντα.</span> <span class='ocrx_word' id='word_1_370' title='bbox 2568 1585 2896 1652; x_wconf 81' lang='grc' dir='ltr'>Γεγέννηται</span> <span class='ocrx_word' id='word_1_371' title='bbox 2925 1583 3054 1654; x_wconf 83' lang='grc' dir='ltr'>γὰρ,</span> <span class='ocrx_word' id='word_1_372' title='bbox 3080 1584 3140 1634; x_wconf 88' lang='grc' dir='ltr'><strong>ού</strong></span> <span class='ocrx_word' id='word_1_373' title='bbox 3175 1581 3403 1649; x_wconf 78' lang='grc' dir='ltr'>πεποίη-</span> 
     </span>
    </p>
   </div>
   <div class='ocr_carea' id='block_1_44' title="bbox 1833 1673 3397 1742">
    <p class='ocr_par' dir='ltr' id='par_1_44' title="bbox 1833 1673 3397 1742">
     <span class='ocr_line' id='line_1_44' title="bbox 1833 1673 3397 1742; baseline -0.001 -16"><span class='ocrx_word' id='word_1_374' title='bbox 1833 1693 1922 1728; x_wconf 88' lang='grc' dir='ltr'><strong>ται</strong></span> <span class='ocrx_word' id='word_1_375' title='bbox 1947 1677 2080 1742; x_wconf 83' lang='grc' dir='ltr'><strong>μετὰ</strong></span> <span class='ocrx_word' id='word_1_376' title='bbox 2105 1677 2211 1727; x_wconf 81' lang='grc' dir='ltr'><strong>τῶν</strong></span> <span class='ocrx_word' id='word_1_377' title='bbox 2237 1678 2576 1741; x_wconf 83' lang='grc' dir='ltr'>κτισμάτων,</span> <span class='ocrx_word' id='word_1_378' title='bbox 2606 1678 2688 1729; x_wconf 78' lang='grc' dir='ltr'><strong>ὅτι</strong></span> <span class='ocrx_word' id='word_1_379' title='bbox 2721 1675 2882 1736; x_wconf 78' lang='grc' dir='ltr'>αὐτὸς</span> <span class='ocrx_word' id='word_1_380' title='bbox 2907 1676 3123 1727; x_wconf 85' lang='grc' dir='ltr'>πάντων</span> <span class='ocrx_word' id='word_1_381' title='bbox 3148 1673 3397 1740; x_wconf 80' lang='grc' dir='ltr'>ποιητής.</span> 
     </span>
    </p>
   </div>
   <div class='ocr_carea' id='block_1_45' title="bbox 1837 1760 3403 1833">
    <p class='ocr_par' dir='ltr' id='par_1_45' title="bbox 1837 1760 3403 1833">
     <span class='ocr_line' id='line_1_45' title="bbox 1837 1760 3403 1833; baseline -0.003 -15"><span class='ocrx_word' id='word_1_382' title='bbox 1837 1767 2069 1828; x_wconf 84' lang='grc' dir='ltr'>Παύλου,</span> <span class='ocrx_word' id='word_1_383' title='bbox 2107 1785 2124 1817; x_wconf 84' lang='grc' dir='ltr'><strong>ι</strong></span> <span class='ocrx_word' id='word_1_384' title='bbox 2164 1765 2240 1817; x_wconf 75' lang='grc' dir='ltr'><strong>Δι’</strong></span> <span class='ocrx_word' id='word_1_385' title='bbox 2271 1760 2333 1818; x_wconf 72' lang='grc' dir='ltr'>οὗ</span> <span class='ocrx_word' id='word_1_386' title='bbox 2386 1765 2637 1826; x_wconf 70' lang='grc' dir='ltr'>καὶτοὺς</span> <span class='ocrx_word' id='word_1_387' title='bbox 2687 1767 2892 1828; x_wconf 87' lang='grc' dir='ltr'>αἰῶνας</span> <span class='ocrx_word' id='word_1_388' title='bbox 2941 1765 3186 1833; x_wconf 75' lang='grc' dir='ltr'>ἐποίησε.</span> <span class='ocrx_word' id='word_1_389' title='bbox 3232 1781 3248 1812; x_wconf 89' lang='lat'><strong>1</strong></span> <span class='ocrx_word' id='word_1_390' title='bbox 3294 1763 3403 1829; x_wconf 76' lang='grc' dir='ltr'><strong>Τῆς</strong></span> 
     </span>
    </p>
   </div>
   <div class='ocr_carea' id='block_1_46' title="bbox 1838 1855 3264 1922">
    <p class='ocr_par' dir='ltr' id='par_1_46' title="bbox 1838 1855 3264 1922">
     <span class='ocr_line' id='line_1_46' title="bbox 1838 1855 3264 1922; baseline -0.002 -16"><span class='ocrx_word' id='word_1_391' title='bbox 1838 1857 2058 1919; x_wconf 76' lang='grc' dir='ltr'>Σοφίας,</span> <span class='ocrx_word' id='word_1_392' title='bbox 2097 1875 2116 1906; x_wconf 96' lang='lat'><strong>1</strong></span> <span class='ocrx_word' id='word_1_393' title='bbox 2161 1857 2484 1922; x_wconf 69' lang='grc' dir='ltr'>Ὀποιήσας</span> <span class='ocrx_word' id='word_1_394' title='bbox 2519 1857 2591 1908; x_wconf 67' lang='grc' dir='ltr'>τὰ.</span> <span class='ocrx_word' id='word_1_395' title='bbox 2616 1858 2793 1908; x_wconf 84' lang='grc' dir='ltr'>πάντα</span> <span class='ocrx_word' id='word_1_396' title='bbox 2818 1857 2873 1906; x_wconf 83' lang='grc' dir='ltr'>ὲν</span> <span class='ocrx_word' id='word_1_397' title='bbox 2909 1855 3049 1921; x_wconf 75' lang='grc' dir='ltr'>λόγῳ</span> <span class='ocrx_word' id='word_1_398' title='bbox 3091 1871 3205 1906; x_wconf 93' lang='grc' dir='ltr'>σου.</span> <span class='ocrx_word' id='word_1_399' title='bbox 3247 1871 3264 1903; x_wconf 98' lang='lat'><strong>1</strong></span> 
     </span>
    </p>
   </div>
   <div class='ocr_carea' id='block_1_47' title="bbox 1916 1944 3405 2016">
    <p class='ocr_par' dir='ltr' id='par_1_47' title="bbox 1916 1944 3405 2016">
     <span class='ocr_line' id='line_1_47' title="bbox 1916 1944 3405 2016; baseline -0.005 -16"><span class='ocrx_word' id='word_1_400' title='bbox 1916 1948 2274 2015; x_wconf 80' lang='grc' dir='ltr'>Ὀμοοὺσιον</span> <span class='ocrx_word' id='word_1_401' title='bbox 2301 1946 2377 2011; x_wconf 83' lang='grc' dir='ltr'>τῷ</span> <span class='ocrx_word' id='word_1_402' title='bbox 2427 1949 2631 2016; x_wconf 82' lang='grc' dir='ltr'>Πατρί.</span> <span class='ocrx_word' id='word_1_403' title='bbox 2666 1947 3023 2014; x_wconf 78' lang='grc' dir='ltr'>Εὐαγγελῐου,</span> <span class='ocrx_word' id='word_1_404' title='bbox 3065 1966 3082 1996; x_wconf 93' lang='lat'><strong>1</strong></span> <span class='ocrx_word' id='word_1_405' title='bbox 3125 1946 3268 2011; x_wconf 84' lang='grc' dir='ltr'>Ἐγὼ</span> <span class='ocrx_word' id='word_1_406' title='bbox 3313 1944 3405 1994; x_wconf 75' lang='grc' dir='ltr'><strong>καὶ</strong></span> 
     </span>
    </p>
   </div>
   <div class='ocr_carea' id='block_1_48' title="bbox 1837 2035 3402 2107">
    <p class='ocr_par' dir='ltr' id='par_1_48' title="bbox 1837 2035 3402 2107">
     <span class='ocr_line' id='line_1_48' title="bbox 1837 2035 3402 2107; baseline -0.003 -17"><span class='ocrx_word' id='word_1_407' title='bbox 1837 2040 1864 2090; x_wconf 89' lang='lat'><strong>6</strong></span> <span class='ocrx_word' id='word_1_408' title='bbox 1889 2039 2077 2107; x_wconf 85' lang='grc' dir='ltr'>Πατήρ</span> <span class='ocrx_word' id='word_1_409' title='bbox 2110 2056 2209 2107; x_wconf 92' lang='grc' dir='ltr'><strong>μου</strong></span> <span class='ocrx_word' id='word_1_410' title='bbox 2241 2039 2300 2092; x_wconf 74' lang='grc' dir='ltr'>ἓν</span> <span class='ocrx_word' id='word_1_411' title='bbox 2331 2040 2521 2107; x_wconf 67' lang='grc' dir='ltr'>ἔσμεν,</span> <span class='ocrx_word' id='word_1_412' title='bbox 2557 2057 2574 2089; x_wconf 89' lang='lat'><strong>1</strong></span> <span class='ocrx_word' id='word_1_413' title='bbox 2605 2040 2719 2100; x_wconf 78' lang='grc' dir='ltr'>καὶ,</span> <span class='ocrx_word' id='word_1_414' title='bbox 2753 2057 2772 2090; x_wconf 89' lang='lat'><strong>1</strong></span> <span class='ocrx_word' id='word_1_415' title='bbox 2806 2040 2919 2091; x_wconf 81' lang='grc' dir='ltr'>Οὐκ</span> <span class='ocrx_word' id='word_1_416' title='bbox 2942 2039 3143 2100; x_wconf 76' lang='grc' dir='ltr'>οἴδατε,</span> <span class='ocrx_word' id='word_1_417' title='bbox 3178 2037 3258 2088; x_wconf 78' lang='grc' dir='ltr'><strong>ὅτι</strong></span> <span class='ocrx_word' id='word_1_418' title='bbox 3293 2035 3402 2099; x_wconf 77' lang='grc' dir='ltr'>ἐγὼ</span> 
     </span>
    </p>
   </div>
   <div class='ocr_carea' id='block_1_49' title="bbox 1837 2128 3402 2200">
    <p class='ocr_par' dir='ltr' id='par_1_49' title="bbox 1837 2128 3402 2200">
     <span class='ocr_line' id='line_1_49' title="bbox 1837 2128 3402 2200; baseline -0.004 -18"><span class='ocrx_word' id='word_1_419' title='bbox 1837 2131 1896 2183; x_wconf 87' lang='grc' dir='ltr'>ὲν</span> <span class='ocrx_word' id='word_1_420' title='bbox 1923 2135 2000 2198; x_wconf 85' lang='grc' dir='ltr'>τῷ</span> <span class='ocrx_word' id='word_1_421' title='bbox 2041 2132 2215 2200; x_wconf 76' lang='grc' dir='ltr'>Πατρὶ</span> <span class='ocrx_word' id='word_1_422' title='bbox 2241 2131 2334 2183; x_wconf 77' lang='grc' dir='ltr'><strong>καὶ</strong></span> <span class='ocrx_word' id='word_1_423' title='bbox 2364 2133 2390 2183; x_wconf 90' lang='grc' dir='ltr'><strong>ό</strong></span> <span class='ocrx_word' id='word_1_424' title='bbox 2419 2132 2601 2200; x_wconf 81' lang='grc' dir='ltr'>Πατὴρ</span> <span class='ocrx_word' id='word_1_425' title='bbox 2637 2133 2694 2182; x_wconf 76' lang='grc' dir='ltr'>ὲν</span> <span class='ocrx_word' id='word_1_426' title='bbox 2724 2132 2847 2198; x_wconf 69' lang='grc' dir='ltr'>ἐμοὶ</span> <span class='ocrx_word' id='word_1_427' title='bbox 2872 2147 2886 2195; x_wconf 86' lang='grc'><strong>;</strong></span> <span class='ocrx_word' id='word_1_428' title='bbox 2923 2147 2940 2180; x_wconf 89' lang='lat'><strong>1</strong></span> <span class='ocrx_word' id='word_1_429' title='bbox 2988 2131 3101 2191; x_wconf 80' lang='grc' dir='ltr'>καὶ,</span> <span class='ocrx_word' id='word_1_430' title='bbox 3143 2147 3161 2180; x_wconf 93' lang='lat'><strong>1</strong></span> <span class='ocrx_word' id='word_1_431' title='bbox 3214 2128 3272 2179; x_wconf 88' lang='lat'><strong>&#39;0</strong></span> <span class='ocrx_word' id='word_1_432' title='bbox 3302 2128 3402 2178; x_wconf 81' lang='grc' dir='ltr'>ἐω-</span> 
     </span>
    </p>
   </div>
   <div class='ocr_carea' id='block_1_50' title="bbox 1842 2215 3403 2289">
    <p class='ocr_par' dir='ltr' id='par_1_50' title="bbox 1842 2215 3403 2289">
     <span class='ocr_line' id='line_1_50' title="bbox 1842 2215 3403 2289; baseline -0.003 -17"><span class='ocrx_word' id='word_1_433' title='bbox 1842 2218 2023 2288; x_wconf 85' lang='grc' dir='ltr'>ρακώς</span> <span class='ocrx_word' id='word_1_434' title='bbox 2059 2238 2123 2288; x_wconf 88' lang='grc' dir='ltr'><strong>με</strong></span> <span class='ocrx_word' id='word_1_435' title='bbox 2153 2219 2364 2289; x_wconf 80' lang='grc' dir='ltr'>ἑώρακε</span> <span class='ocrx_word' id='word_1_436' title='bbox 2396 2221 2486 2272; x_wconf 77' lang='grc' dir='ltr'><strong>τὸν</strong></span> <span class='ocrx_word' id='word_1_437' title='bbox 2513 2221 2754 2289; x_wconf 83' lang='grc' dir='ltr'>Πατέρα,</span> <span class='ocrx_word' id='word_1_438' title='bbox 2792 2240 2810 2272; x_wconf 87' lang='lat'><strong>1</strong></span> <span class='ocrx_word' id='word_1_439' title='bbox 2858 2220 3093 2283; x_wconf 86' lang='grc' dir='ltr'>Παύλου,</span> <span class='ocrx_word' id='word_1_440' title='bbox 3136 2237 3154 2269; x_wconf 86' lang='grc'><strong>‹</strong></span> <span class='ocrx_word' id='word_1_441' title='bbox 3199 2219 3293 2280; x_wconf 83' lang='grc' dir='ltr'><strong>’⁸ος</strong></span> <span class='ocrx_word' id='word_1_442' title='bbox 3327 2215 3403 2267; x_wconf 84' lang='grc' dir='ltr'>ὣν</span> 
     </span>
    </p>
   </div>
   <div class='ocr_carea' id='block_1_51' title="bbox 1839 2311 3402 2381">
    <p class='ocr_par' dir='ltr' id='par_1_51' title="bbox 1839 2311 3402 2381">
     <span class='ocr_line' id='line_1_51' title="bbox 1839 2311 3402 2381; baseline -0.003 -18"><span class='ocrx_word' id='word_1_443' title='bbox 1839 2311 2177 2379; x_wconf 75' lang='grc' dir='ltr'>ἀπαύγασμα</span> <span class='ocrx_word' id='word_1_444' title='bbox 2216 2313 2310 2379; x_wconf 81' lang='grc' dir='ltr'><strong>τῆς</strong></span> <span class='ocrx_word' id='word_1_445' title='bbox 2340 2312 2496 2378; x_wconf 75' lang='grc' dir='ltr'>δόξης</span> <span class='ocrx_word' id='word_1_446' title='bbox 2541 2314 2636 2364; x_wconf 73' lang='grc' dir='ltr'><strong>καὶ</strong></span> <span class='ocrx_word' id='word_1_447' title='bbox 2681 2311 2970 2381; x_wconf 80' lang='grc' dir='ltr'>χαρακτὴρ</span> <span class='ocrx_word' id='word_1_448' title='bbox 3022 2315 3120 2378; x_wconf 75' lang='grc' dir='ltr'>τῆς</span> <span class='ocrx_word' id='word_1_449' title='bbox 3161 2311 3402 2361; x_wconf 82' lang='grc' dir='ltr'>ὑποστά-</span> 
     </span>
    </p>
   </div>
   <div class='ocr_carea' id='block_1_52' title="bbox 1841 2402 3403 2472">
    <p class='ocr_par' dir='ltr' id='par_1_52' title="bbox 1841 2402 3403 2472">
     <span class='ocr_line' id='line_1_52' title="bbox 1841 2402 3403 2472; baseline -0.001 -18"><span class='ocrx_word' id='word_1_450' title='bbox 1841 2420 1975 2465; x_wconf 89' lang='grc' dir='ltr'>σεως</span> <span class='ocrx_word' id='word_1_451' title='bbox 2011 2403 2198 2466; x_wconf 86' lang='grc' dir='ltr'>αὑτοῦ,</span> <span class='ocrx_word' id='word_1_452' title='bbox 2237 2423 2254 2454; x_wconf 93' lang='lat'><strong>1</strong></span> <span class='ocrx_word' id='word_1_453' title='bbox 2290 2405 2407 2466; x_wconf 70' lang='grc' dir='ltr'>καὶ,</span> <span class='ocrx_word' id='word_1_454' title='bbox 2449 2423 2467 2455; x_wconf 91' lang='lat'><strong>1</strong></span> <span class='ocrx_word' id='word_1_455' title='bbox 2514 2407 2608 2466; x_wconf 82' lang='grc' dir='ltr'>Ὃς</span> <span class='ocrx_word' id='word_1_456' title='bbox 2650 2406 2706 2456; x_wconf 68' lang='grc' dir='ltr'>ἒν</span> <span class='ocrx_word' id='word_1_457' title='bbox 2756 2407 2935 2472; x_wconf 73' lang='grc' dir='ltr'>μορφῇ</span> <span class='ocrx_word' id='word_1_458' title='bbox 2965 2403 3097 2454; x_wconf 85' lang='grc' dir='ltr'>Θεοῦ</span> <span class='ocrx_word' id='word_1_459' title='bbox 3142 2402 3403 2469; x_wconf 77' lang='grc' dir='ltr'>ὑπάρχων</span> 
     </span>
    </p>
   </div>
   <div class='ocr_carea' id='block_1_53' title="bbox 1839 2492 3404 2566">
    <p class='ocr_par' dir='ltr' id='par_1_53' title="bbox 1839 2492 3404 2566">
     <span class='ocr_line' id='line_1_53' title="bbox 1839 2492 3404 2566; baseline -0.004 -17"><span class='ocrx_word' id='word_1_460' title='bbox 1839 2498 1937 2566; x_wconf 83' lang='grc' dir='ltr'>οὐχ</span> <span class='ocrx_word' id='word_1_461' title='bbox 1964 2497 2259 2564; x_wconf 71' lang='grc' dir='ltr'>ἁρπαγμὸν</span> <span class='ocrx_word' id='word_1_462' title='bbox 2287 2497 2535 2566; x_wconf 77' lang='grc' dir='ltr'>ἡγήσατο</span> <span class='ocrx_word' id='word_1_463' title='bbox 2563 2497 2624 2549; x_wconf 77' lang='grc' dir='ltr'><strong>τὸ</strong></span> <span class='ocrx_word' id='word_1_464' title='bbox 2661 2493 2924 2562; x_wconf 45' lang='grc' dir='ltr'>εἰνακῐσα</span> <span class='ocrx_word' id='word_1_465' title='bbox 2958 2494 3100 2563; x_wconf 85' lang='grc' dir='ltr'>Θεῷ,</span> <span class='ocrx_word' id='word_1_466' title='bbox 3131 2492 3245 2544; x_wconf 84' lang='grc' dir='ltr'>ἀλλ’</span> <span class='ocrx_word' id='word_1_467' title='bbox 3277 2493 3404 2545; x_wconf 77' lang='grc' dir='ltr'>ἐαυ-</span> 
     </span>
    </p>
   </div>
   <div class='ocr_carea' id='block_1_54' title="bbox 1841 2589 2957 2658">
    <p class='ocr_par' dir='ltr' id='par_1_54' title="bbox 1841 2589 2957 2658">
     <span class='ocr_line' id='line_1_54' title="bbox 1841 2589 2957 2658; baseline -0.004 -16"><span class='ocrx_word' id='word_1_468' title='bbox 1841 2590 1932 2642; x_wconf 81' lang='grc' dir='ltr'><strong>τὸν</strong></span> <span class='ocrx_word' id='word_1_469' title='bbox 1965 2589 2197 2642; x_wconf 75' lang='grc' dir='ltr'>ἔκένωσε</span> <span class='ocrx_word' id='word_1_470' title='bbox 2237 2589 2451 2658; x_wconf 80' lang='grc' dir='ltr'>μορφὴν</span> <span class='ocrx_word' id='word_1_471' title='bbox 2487 2590 2676 2641; x_wconf 83' lang='grc' dir='ltr'>δούλου</span> <span class='ocrx_word' id='word_1_472' title='bbox 2699 2589 2899 2641; x_wconf 79' lang='grc' dir='ltr'>λαϐὼν.</span> <span class='ocrx_word' id='word_1_473' title='bbox 2939 2607 2957 2637; x_wconf 98' lang='lat'><strong>1</strong></span> 
     </span>
    </p>
   </div>
   <div class='ocr_carea' id='block_1_55' title="bbox 1912 2672 3406 2750">
    <p class='ocr_par' dir='ltr' id='par_1_55' title="bbox 1912 2672 3406 2750">
     <span class='ocr_line' id='line_1_55' title="bbox 1912 2672 3406 2750; baseline -0.003 -18"><span class='ocrx_word' id='word_1_474' title='bbox 1912 2683 1994 2733; x_wconf 85' lang='grc' dir='ltr'><strong>Δι’</strong></span> <span class='ocrx_word' id='word_1_475' title='bbox 2024 2677 2096 2736; x_wconf 85' lang='grc' dir='ltr'>οὗ</span> <span class='ocrx_word' id='word_1_476' title='bbox 2125 2683 2197 2734; x_wconf 84' lang='grc' dir='ltr'>τὰ</span> <span class='ocrx_word' id='word_1_477' title='bbox 2245 2681 2440 2734; x_wconf 77' lang='grc' dir='ltr'>πάντα</span> <span class='ocrx_word' id='word_1_478' title='bbox 2466 2680 2727 2750; x_wconf 79' lang='grc' dir='ltr'>ἐγένετο.</span> <span class='ocrx_word' id='word_1_479' title='bbox 2773 2680 3008 2739; x_wconf 85' lang='grc' dir='ltr'>Παύλου,</span> <span class='ocrx_word' id='word_1_480' title='bbox 3043 2697 3060 2729; x_wconf 91' lang='lat'><strong>1</strong></span> <span class='ocrx_word' id='word_1_481' title='bbox 3101 2680 3176 2730; x_wconf 79' lang='grc' dir='ltr'><strong>Δι’</strong></span> <span class='ocrx_word' id='word_1_482' title='bbox 3215 2672 3274 2730; x_wconf 74' lang='grc' dir='ltr'><strong>οὗ</strong></span> <span class='ocrx_word' id='word_1_483' title='bbox 3309 2679 3406 2731; x_wconf 75' lang='grc' dir='ltr'><strong>καὶ</strong></span> 
     </span>
    </p>
   </div>
   <div class='ocr_carea' id='block_1_56' title="bbox 1840 2769 3406 2842">
    <p class='ocr_par' dir='ltr' id='par_1_56' title="bbox 1840 2769 3406 2842">
     <span class='ocr_line' id='line_1_56' title="bbox 1840 2769 3406 2842; baseline -0.003 -18"><span class='ocrx_word' id='word_1_484' title='bbox 1840 2770 1968 2834; x_wconf 74' lang='grc' dir='ltr'>τοὺς</span> <span class='ocrx_word' id='word_1_485' title='bbox 1995 2773 2198 2833; x_wconf 87' lang='grc' dir='ltr'>αἰῶνας</span> <span class='ocrx_word' id='word_1_486' title='bbox 2225 2772 2468 2842; x_wconf 78' lang='grc' dir='ltr'>ἐποίησε,</span> <span class='ocrx_word' id='word_1_487' title='bbox 2514 2790 2534 2824; x_wconf 87' lang='lat'><strong>1</strong></span> <span class='ocrx_word' id='word_1_488' title='bbox 2572 2776 2684 2834; x_wconf 77' lang='grc' dir='ltr'>καὶ,</span> <span class='ocrx_word' id='word_1_489' title='bbox 2727 2789 2744 2821; x_wconf 88' lang='lat'><strong>1</strong></span> <span class='ocrx_word' id='word_1_490' title='bbox 2782 2772 2962 2823; x_wconf 82' lang='grc' dir='ltr'>Πάντα</span> <span class='ocrx_word' id='word_1_491' title='bbox 2994 2770 3065 2822; x_wconf 84' lang='grc' dir='ltr'><strong>δι’</strong></span> <span class='ocrx_word' id='word_1_492' title='bbox 3106 2769 3270 2822; x_wconf 75' lang='grc' dir='ltr'>αὑτοῦ</span> <span class='ocrx_word' id='word_1_493' title='bbox 3311 2771 3406 2820; x_wconf 72' lang='grc' dir='ltr'>καὶ</span> 
     </span>
    </p>
   </div>
   <div class='ocr_carea' id='block_1_57' title="bbox 1843 2858 3405 2929">
    <p class='ocr_par' dir='ltr' id='par_1_57' title="bbox 1843 2858 3405 2929">
     <span class='ocr_line' id='line_1_57' title="bbox 1843 2858 3405 2929; baseline -0.004 -13"><span class='ocrx_word' id='word_1_494' title='bbox 1843 2866 1921 2927; x_wconf 87' lang='grc' dir='ltr'><strong>εἰς</strong></span> <span class='ocrx_word' id='word_1_495' title='bbox 1953 2865 2114 2917; x_wconf 75' lang='grc' dir='ltr'>αὐτὸν</span> <span class='ocrx_word' id='word_1_496' title='bbox 2160 2864 2424 2927; x_wconf 73' lang='grc' dir='ltr'>ἔκτισται,</span> <span class='ocrx_word' id='word_1_497' title='bbox 2461 2883 2477 2915; x_wconf 88' lang='lat'><strong>1</strong></span> <span class='ocrx_word' id='word_1_498' title='bbox 2519 2868 2634 2924; x_wconf 76' lang='grc' dir='ltr'>καὶ,</span> <span class='ocrx_word' id='word_1_499' title='bbox 2678 2881 2698 2913; x_wconf 93' lang='lat'><strong>1</strong></span> <span class='ocrx_word' id='word_1_500' title='bbox 2748 2863 2916 2924; x_wconf 82' lang='grc' dir='ltr'>Αὐτός</span> <span class='ocrx_word' id='word_1_501' title='bbox 2967 2864 3081 2914; x_wconf 79' lang='grc' dir='ltr'>ἐστι</span> <span class='ocrx_word' id='word_1_502' title='bbox 3130 2861 3235 2929; x_wconf 68' lang='grc' dir='ltr'>πρὸ</span> <span class='ocrx_word' id='word_1_503' title='bbox 3270 2858 3405 2911; x_wconf 70' lang='grc' dir='ltr'><strong>πάνὶ</strong></span> 
     </span>
    </p>
   </div>
   <div class='ocr_carea' id='block_1_58' title="bbox 1842 2954 3406 3024">
    <p class='ocr_par' dir='ltr' id='par_1_58' title="bbox 1842 2954 3406 3024">
     <span class='ocr_line' id='line_1_58' title="bbox 1842 2954 3406 3024; baseline -0.004 -15"><span class='ocrx_word' id='word_1_504' title='bbox 1842 2975 1972 3020; x_wconf 84' lang='grc' dir='ltr'>των,</span> <span class='ocrx_word' id='word_1_505' title='bbox 2006 2957 2185 3008; x_wconf 75' lang='grc' dir='ltr'>καὶτὰ</span> <span class='ocrx_word' id='word_1_506' title='bbox 2223 2956 2397 3009; x_wconf 78' lang='grc' dir='ltr'>πάντα</span> <span class='ocrx_word' id='word_1_507' title='bbox 2427 2957 2483 3008; x_wconf 76' lang='grc' dir='ltr'>ὲν</span> <span class='ocrx_word' id='word_1_508' title='bbox 2525 2955 2674 3024; x_wconf 88' lang='grc' dir='ltr'>αύτῷ</span> <span class='ocrx_word' id='word_1_509' title='bbox 2715 2956 3063 3024; x_wconf 79' lang='grc' dir='ltr'>συνέστηκεν.</span> <span class='ocrx_word' id='word_1_510' title='bbox 3103 2971 3119 3003; x_wconf 90' lang='lat'><strong>1</strong></span> <span class='ocrx_word' id='word_1_511' title='bbox 3158 2954 3406 3018; x_wconf 65' lang='grc' dir='ltr'>Ειαγγε-</span> 
     </span>
    </p>
   </div>
   <div class='ocr_carea' id='block_1_59' title="bbox 1844 3043 3405 3125">
    <p class='ocr_par' dir='ltr' id='par_1_59' title="bbox 1844 3043 3405 3125">
     <span class='ocr_line' id='line_1_59' title="bbox 1844 3043 3405 3125; baseline -0.004 -25"><span class='ocrx_word' id='word_1_512' title='bbox 1844 3049 1979 3111; x_wconf 78' lang='grc' dir='ltr'>λίου,</span> <span class='ocrx_word' id='word_1_513' title='bbox 2020 3065 2041 3100; x_wconf 88' lang='lat'><strong>1</strong></span> <span class='ocrx_word' id='word_1_514' title='bbox 2091 3045 2276 3100; x_wconf 80' lang='grc' dir='ltr'>Πάντα</span> <span class='ocrx_word' id='word_1_515' title='bbox 2304 3049 2372 3100; x_wconf 86' lang='grc' dir='ltr'>δι’</span> <span class='ocrx_word' id='word_1_516' title='bbox 2414 3047 2599 3125; x_wconf 30' lang='grc' dir='ltr'>αὑτοῦκ</span> <span class='ocrx_word' id='word_1_517' title='bbox 2621 3048 2859 3114; x_wconf 71' lang='grc' dir='ltr'>ἐγένετο,</span> <span class='ocrx_word' id='word_1_518' title='bbox 2909 3048 3001 3098; x_wconf 71' lang='grc' dir='ltr'><strong>καὶ</strong></span> <span class='ocrx_word' id='word_1_519' title='bbox 3036 3045 3202 3114; x_wconf 67' lang='grc' dir='ltr'>χωρὶς</span> <span class='ocrx_word' id='word_1_520' title='bbox 3240 3043 3405 3096; x_wconf 82' lang='grc' dir='ltr'>αὐτοῦ</span> 
     </span>
    </p>
   </div>
   <div class='ocr_carea' id='block_1_60' title="bbox 1847 3135 3404 3207">
    <p class='ocr_par' dir='ltr' id='par_1_60' title="bbox 1847 3135 3404 3207">
     <span class='ocr_line' id='line_1_60' title="bbox 1847 3135 3404 3207; baseline -0.003 -16"><span class='ocrx_word' id='word_1_521' title='bbox 1847 3140 2062 3205; x_wconf 70' lang='grc' dir='ltr'>ἐγένετο</span> <span class='ocrx_word' id='word_1_522' title='bbox 2090 3139 2211 3190; x_wconf 79' lang='grc' dir='ltr'>οὐδὲ</span> <span class='ocrx_word' id='word_1_523' title='bbox 2257 3139 2317 3189; x_wconf 80' lang='grc' dir='ltr'>ἓν</span> <span class='ocrx_word' id='word_1_524' title='bbox 2341 3138 2368 3190; x_wconf 76' lang='grc' dir='ltr'><strong>ὃ</strong></span> <span class='ocrx_word' id='word_1_525' title='bbox 2417 3139 2628 3206; x_wconf 81' lang='grc' dir='ltr'>γέγονε.</span> <span class='ocrx_word' id='word_1_526' title='bbox 2677 3156 2695 3188; x_wconf 94' lang='lat'><strong>1</strong></span> <span class='ocrx_word' id='word_1_527' title='bbox 2738 3138 3077 3207; x_wconf 86' lang='grc' dir='ltr'>Παροιμιῶν,</span> <span class='ocrx_word' id='word_1_528' title='bbox 3113 3155 3130 3187; x_wconf 93' lang='lat'><strong>1</strong></span> <span class='ocrx_word' id='word_1_529' title='bbox 3167 3136 3278 3205; x_wconf 82' lang='grc' dir='ltr'><strong>Πρὸ</strong></span> <span class='ocrx_word' id='word_1_530' title='bbox 3311 3135 3404 3187; x_wconf 85' lang='grc' dir='ltr'><strong>τοῦ</strong></span> 
     </span>
    </p>
   </div>
   <div class='ocr_carea' id='block_1_61' title="bbox 174 3217 3409 3298">
    <p class='ocr_par' dir='ltr' id='par_1_61' title="bbox 174 3217 3409 3298">
     <span class='ocr_line' id='line_1_61' title="bbox 174 3217 3409 3298; baseline 0.001 -25"><span class='ocrx_word' id='word_1_531' title='bbox 174 3217 366 3281; x_wconf 73' lang='grc' dir='ltr'><strong>Δαόὶδ,</strong></span> <span class='ocrx_word' id='word_1_532' title='bbox 396 3237 416 3268; x_wconf 79' lang='lat'><strong>1</strong></span> <span class='ocrx_word' id='word_1_533' title='bbox 452 3219 543 3273; x_wconf 85' lang='grc' dir='ltr'>Ἐν</span> <span class='ocrx_word' id='word_1_534' title='bbox 576 3220 654 3289; x_wconf 83' lang='grc' dir='ltr'>τῷ</span> <span class='ocrx_word' id='word_1_535' title='bbox 680 3222 817 3288; x_wconf 78' lang='grc' dir='ltr'>φωτί</span> <span class='ocrx_word' id='word_1_536' title='bbox 846 3240 938 3275; x_wconf 88' lang='grc' dir='ltr'><strong>σου</strong></span> <span class='ocrx_word' id='word_1_537' title='bbox 972 3225 1216 3293; x_wconf 78' lang='grc' dir='ltr'>ὀψόμεθα</span> <span class='ocrx_word' id='word_1_538' title='bbox 1261 3227 1397 3294; x_wconf 84' lang='grc' dir='ltr'>φῶς.</span> <span class='ocrx_word' id='word_1_539' title='bbox 1440 3246 1458 3278; x_wconf 91' lang='lat'><strong>1</strong></span> <span class='ocrx_word' id='word_1_540' title='bbox 1504 3227 1738 3292; x_wconf 83' lang='grc' dir='ltr'>Παύλου,</span> <span class='ocrx_word' id='word_1_541' title='bbox 1765 3220 1811 3281; x_wconf 87' lang='lat' dir='ltr'><strong>C</strong></span> <span class='ocrx_word' id='word_1_542' title='bbox 1845 3229 2040 3291; x_wconf 84' lang='grc' dir='ltr'>αἰῶνος</span> <span class='ocrx_word' id='word_1_543' title='bbox 2072 3230 2400 3298; x_wconf 68' lang='grc' dir='ltr'>ἐθεμελίωσὲ</span> <span class='ocrx_word' id='word_1_544' title='bbox 2436 3247 2525 3298; x_wconf 84' lang='grc' dir='ltr'><strong>με.</strong></span> <span class='ocrx_word' id='word_1_545' title='bbox 2565 3249 2582 3280; x_wconf 89' lang='lat'><strong>1</strong></span> <span class='ocrx_word' id='word_1_546' title='bbox 2615 3230 2785 3281; x_wconf 81' lang='grc' dir='ltr'>Τοῦτο</span> <span class='ocrx_word' id='word_1_547' title='bbox 2811 3229 2866 3281; x_wconf 81' lang='grc' dir='ltr'><strong>δὲ</strong></span> <span class='ocrx_word' id='word_1_548' title='bbox 2898 3229 2998 3297; x_wconf 80' lang='grc' dir='ltr'><strong>τὴν</strong></span> <span class='ocrx_word' id='word_1_549' title='bbox 3029 3229 3086 3280; x_wconf 68' lang='grc' dir='ltr'>ὲν</span> <span class='ocrx_word' id='word_1_550' title='bbox 3123 3227 3198 3296; x_wconf 81' lang='grc' dir='ltr'>τῷ</span> <span class='ocrx_word' id='word_1_551' title='bbox 3237 3227 3409 3293; x_wconf 67' lang='grc' dir='ltr'>Πατρὶ</span> 
     </span>
    </p>
   </div>
   <div class='ocr_carea' id='block_1_62' title="bbox 180 3309 1210 3388">
    <p class='ocr_par' dir='ltr' id='par_1_62' title="bbox 180 3309 1210 3388">
     <span class='ocr_line' id='line_1_62' title="bbox 180 3309 1210 3388; baseline 0.008 -27"><span class='ocrx_word' id='word_1_552' title='bbox 180 3328 203 3361; x_wconf 94' lang='lat'><strong>1</strong></span> <span class='ocrx_word' id='word_1_553' title='bbox 256 3311 357 3371; x_wconf 87' lang='grc' dir='ltr'>Ὃς</span> <span class='ocrx_word' id='word_1_554' title='bbox 375 3309 456 3363; x_wconf 80' lang='grc' dir='ltr'><strong>ὢν</strong></span> <span class='ocrx_word' id='word_1_555' title='bbox 481 3312 822 3382; x_wconf 78' lang='grc' dir='ltr'>ἀπαύγασμα</span> <span class='ocrx_word' id='word_1_556' title='bbox 849 3315 950 3383; x_wconf 81' lang='grc' dir='ltr'><strong>τῆς</strong></span> <span class='ocrx_word' id='word_1_557' title='bbox 977 3317 1152 3388; x_wconf 74' lang='grc' dir='ltr'>δόξης.</span> <span class='ocrx_word' id='word_1_558' title='bbox 1191 3335 1210 3369; x_wconf 91' lang='lat'><strong>1</strong></span> 
     </span>
    </p>
   </div>
   <div class='ocr_carea' id='block_1_63' title="bbox 173 3485 1742 3568">
    <p class='ocr_par' dir='ltr' id='par_1_63' title="bbox 173 3485 1742 3568">
     <span class='ocr_line' id='line_1_63' title="bbox 173 3485 1742 3568; baseline 0.009 -26"><span class='ocrx_word' id='word_1_559' title='bbox 173 3507 201 3542; x_wconf 91' lang='lat'><strong>1</strong></span> <span class='ocrx_word' id='word_1_560' title='bbox 244 3485 317 3543; x_wconf 80' lang='lat' dir='ltr'><strong>Ut</strong></span> <span class='ocrx_word' id='word_1_561' title='bbox 347 3500 754 3559; x_wconf 79' lang='lat' dir='ltr'><strong>cognoscantte</strong></span> <span class='ocrx_word' id='word_1_562' title='bbox 802 3507 993 3547; x_wconf 87' lang='lat' dir='ltr'><strong>verum</strong></span> <span class='ocrx_word' id='word_1_563' title='bbox 1046 3495 1214 3549; x_wconf 88' lang='lat' dir='ltr'><strong>Deum</strong></span> <span class='ocrx_word' id='word_1_564' title='bbox 1248 3506 1302 3550; x_wconf 88' lang='lat' dir='ltr'><strong>et</strong></span> <span class='ocrx_word' id='word_1_565' title='bbox 1353 3514 1514 3568; x_wconf 84' lang='lat' dir='ltr'><strong>quem</strong></span> <span class='ocrx_word' id='word_1_566' title='bbox 1541 3503 1742 3556; x_wconf 77' lang='lat' dir='ltr'><strong>misisti</strong></span> 
     </span>
    </p>
   </div>
   <div class='ocr_carea' id='block_1_64' title="bbox 177 3578 1744 3658">
    <p class='ocr_par' dir='ltr' id='par_1_64' title="bbox 177 3578 1744 3658">
     <span class='ocr_line' id='line_1_64' title="bbox 177 3578 1744 3658; baseline 0.01 -26"><span class='ocrx_word' id='word_1_567' title='bbox 177 3578 368 3634; x_wconf 66' lang='lat' dir='ltr'><strong>Iesum</strong></span> <span class='ocrx_word' id='word_1_568' title='bbox 395 3582 691 3650; x_wconf 73' lang='lat' dir='ltr'><strong>Christum,</strong></span> <span class='ocrx_word' id='word_1_569' title='bbox 727 3603 744 3635; x_wconf 90' lang='lat'><strong>1</strong></span> <span class='ocrx_word' id='word_1_570' title='bbox 783 3595 839 3640; x_wconf 90' lang='lat' dir='ltr'><strong>et</strong></span> <span class='ocrx_word' id='word_1_571' title='bbox 868 3605 879 3640; x_wconf 90' lang='lat'><strong>:</strong></span> <span class='ocrx_word' id='word_1_572' title='bbox 915 3605 932 3638; x_wconf 93' lang='lat'><strong>1</strong></span> <span class='ocrx_word' id='word_1_573' title='bbox 968 3586 1047 3640; x_wconf 83' lang='lat' dir='ltr'><strong>Tu</strong></span> <span class='ocrx_word' id='word_1_574' title='bbox 1075 3604 1133 3644; x_wconf 90' lang='lat' dir='ltr'><strong>es</strong></span> <span class='ocrx_word' id='word_1_575' title='bbox 1153 3590 1426 3658; x_wconf 78' lang='lat' dir='ltr'><strong>Christus,</strong></span> <span class='ocrx_word' id='word_1_576' title='bbox 1453 3591 1624 3648; x_wconf 83' lang='lat' dir='ltr'><strong>Filius</strong></span> <span class='ocrx_word' id='word_1_577' title='bbox 1652 3594 1744 3649; x_wconf 91' lang='lat' dir='ltr'><strong>Dei</strong></span> 
     </span>
    </p>
   </div>
   <div class='ocr_carea' id='block_1_65' title="bbox 177 3671 1741 3739">
    <p class='ocr_par' dir='ltr' id='par_1_65' title="bbox 177 3671 1741 3739">
     <span class='ocr_line' id='line_1_65' title="bbox 177 3671 1741 3739; baseline 0.011 -17"><span class='ocrx_word' id='word_1_578' title='bbox 177 3671 316 3734; x_wconf 81' lang='lat' dir='ltr'><strong>vivi,</strong></span> <span class='ocrx_word' id='word_1_579' title='bbox 372 3691 392 3724; x_wconf 91' lang='lat'><strong>1</strong></span> <span class='ocrx_word' id='word_1_580' title='bbox 424 3681 517 3727; x_wconf 86' lang='lat' dir='ltr'><strong>et:</strong></span> <span class='ocrx_word' id='word_1_581' title='bbox 556 3694 574 3726; x_wconf 92' lang='lat'><strong>1</strong></span> <span class='ocrx_word' id='word_1_582' title='bbox 619 3674 699 3728; x_wconf 92' lang='lat' dir='ltr'><strong>Tu</strong></span> <span class='ocrx_word' id='word_1_583' title='bbox 738 3691 797 3731; x_wconf 91' lang='lat' dir='ltr'><strong>es</strong></span> <span class='ocrx_word' id='word_1_584' title='bbox 831 3677 1003 3734; x_wconf 88' lang='lat' dir='ltr'><strong>Filius</strong></span> <span class='ocrx_word' id='word_1_585' title='bbox 1055 3694 1210 3734; x_wconf 89' lang='lat' dir='ltr'><strong>meus</strong></span> <span class='ocrx_word' id='word_1_586' title='bbox 1261 3681 1516 3735; x_wconf 87' lang='lat' dir='ltr'><strong>dilectus.</strong></span> <span class='ocrx_word' id='word_1_587' title='bbox 1558 3703 1576 3734; x_wconf 90' lang='lat'><strong>1</strong></span> <span class='ocrx_word' id='word_1_588' title='bbox 1617 3696 1670 3738; x_wconf 91' lang='lat' dir='ltr'><strong>et</strong></span> <span class='ocrx_word' id='word_1_589' title='bbox 1730 3704 1741 3739; x_wconf 95' lang='lat'><strong>:</strong></span> 
     </span>
    </p>
   </div>
   <div class='ocr_carea' id='block_1_66' title="bbox 180 3761 1743 3834">
    <p class='ocr_par' dir='ltr' id='par_1_66' title="bbox 180 3761 1743 3834">
     <span class='ocr_line' id='line_1_66' title="bbox 180 3761 1743 3834; baseline 0.011 -22"><span class='ocrx_word' id='word_1_590' title='bbox 180 3781 202 3813; x_wconf 92' lang='lat'><strong>1</strong></span> <span class='ocrx_word' id='word_1_591' title='bbox 244 3761 355 3831; x_wconf 76' lang='lat' dir='ltr'><strong>Ego</strong></span> <span class='ocrx_word' id='word_1_592' title='bbox 383 3765 488 3818; x_wconf 83' lang='lat' dir='ltr'><strong>vidi</strong></span> <span class='ocrx_word' id='word_1_593' title='bbox 516 3775 568 3819; x_wconf 88' lang='lat' dir='ltr'><strong>et</strong></span> <span class='ocrx_word' id='word_1_594' title='bbox 594 3768 822 3834; x_wconf 86' lang='lat' dir='ltr'><strong>credidi,</strong></span> <span class='ocrx_word' id='word_1_595' title='bbox 871 3770 1017 3824; x_wconf 85' lang='lat' dir='ltr'><strong>hunc</strong></span> <span class='ocrx_word' id='word_1_596' title='bbox 1069 3787 1188 3825; x_wconf 86' lang='lat' dir='ltr'><strong>esse</strong></span> <span class='ocrx_word' id='word_1_597' title='bbox 1212 3773 1495 3827; x_wconf 75' lang='lat' dir='ltr'><strong>Christum</strong></span> <span class='ocrx_word' id='word_1_598' title='bbox 1546 3773 1743 3828; x_wconf 82' lang='lat' dir='ltr'><strong>Filium</strong></span> 
     </span>
    </p>
   </div>
   <div class='ocr_carea' id='block_1_67' title="bbox 177 3851 1741 3932">
    <p class='ocr_par' dir='ltr' id='par_1_67' title="bbox 177 3851 1741 3932">
     <span class='ocr_line' id='line_1_67' title="bbox 177 3851 1741 3932; baseline 0.009 -30"><span class='ocrx_word' id='word_1_599' title='bbox 177 3851 304 3915; x_wconf 83' lang='lat' dir='ltr'><strong>Dei,</strong></span> <span class='ocrx_word' id='word_1_600' title='bbox 341 3870 358 3902; x_wconf 89' lang='lat'><strong>1</strong></span> <span class='ocrx_word' id='word_1_601' title='bbox 397 3863 484 3907; x_wconf 91' lang='lat' dir='ltr'><strong>et:</strong></span> <span class='ocrx_word' id='word_1_602' title='bbox 521 3872 540 3906; x_wconf 92' lang='lat'><strong>1</strong></span> <span class='ocrx_word' id='word_1_603' title='bbox 576 3855 765 3911; x_wconf 78' lang='lat' dir='ltr'><strong>Credis</strong></span> <span class='ocrx_word' id='word_1_604' title='bbox 797 3859 848 3910; x_wconf 91' lang='lat' dir='ltr'><strong>in</strong></span> <span class='ocrx_word' id='word_1_605' title='bbox 885 3858 1077 3912; x_wconf 80' lang='lat' dir='ltr'><strong>Filium</strong></span> <span class='ocrx_word' id='word_1_606' title='bbox 1107 3862 1222 3921; x_wconf 87' lang='lat' dir='ltr'><strong>Dei,</strong></span> <span class='ocrx_word' id='word_1_607' title='bbox 1266 3881 1283 3911; x_wconf 89' lang='lat'><strong>1</strong></span> <span class='ocrx_word' id='word_1_608' title='bbox 1324 3875 1375 3915; x_wconf 88' lang='lat' dir='ltr'><strong>et</strong></span> <span class='ocrx_word' id='word_1_609' title='bbox 1413 3881 1425 3915; x_wconf 91' lang='lat'><strong>:</strong></span> <span class='ocrx_word' id='word_1_610' title='bbox 1466 3882 1482 3913; x_wconf 93' lang='lat'><strong>1</strong></span> <span class='ocrx_word' id='word_1_611' title='bbox 1530 3864 1741 3932; x_wconf 80' lang='lat' dir='ltr'><strong>Scripta</strong></span> 
     </span>
    </p>
   </div>
   <div class='ocr_carea' id='block_1_68' title="bbox 180 3946 1743 4010">
    <p class='ocr_par' dir='ltr' id='par_1_68' title="bbox 180 3946 1743 4010">
     <span class='ocr_line' id='line_1_68' title="bbox 180 3946 1743 4010; baseline 0.008 -16"><span class='ocrx_word' id='word_1_612' title='bbox 180 3946 306 3996; x_wconf 67' lang='lat' dir='ltr'><strong>haec</strong></span> <span class='ocrx_word' id='word_1_613' title='bbox 334 3953 480 4007; x_wconf 85' lang='lat' dir='ltr'><strong>sunt,</strong></span> <span class='ocrx_word' id='word_1_614' title='bbox 509 3948 828 4010; x_wconf 87' lang='lat' dir='ltr'><strong>utcredant,</strong></span> <span class='ocrx_word' id='word_1_615' title='bbox 867 3949 1009 4003; x_wconf 89' lang='lat' dir='ltr'><strong>hunc</strong></span> <span class='ocrx_word' id='word_1_616' title='bbox 1044 3965 1165 4004; x_wconf 86' lang='lat' dir='ltr'><strong>esse</strong></span> <span class='ocrx_word' id='word_1_617' title='bbox 1205 3950 1484 4006; x_wconf 88' lang='lat' dir='ltr'><strong>Christum</strong></span> <span class='ocrx_word' id='word_1_618' title='bbox 1546 3953 1743 4007; x_wconf 83' lang='lat' dir='ltr'><strong>Filium</strong></span> 
     </span>
    </p>
   </div>
   <div class='ocr_carea' id='block_1_69' title="bbox 177 4037 1749 4110">
    <p class='ocr_par' dir='ltr' id='par_1_69' title="bbox 177 4037 1749 4110">
     <span class='ocr_line' id='line_1_69' title="bbox 177 4037 1749 4110; baseline 0.008 -24"><span class='ocrx_word' id='word_1_619' title='bbox 177 4037 309 4101; x_wconf 86' lang='lat' dir='ltr'><strong>Dei,</strong></span> <span class='ocrx_word' id='word_1_620' title='bbox 343 4054 361 4086; x_wconf 89' lang='lat'><strong>1</strong></span> <span class='ocrx_word' id='word_1_621' title='bbox 395 4047 447 4090; x_wconf 89' lang='lat' dir='ltr'><strong>et</strong></span> <span class='ocrx_word' id='word_1_622' title='bbox 480 4055 494 4091; x_wconf 92' lang='lat'><strong>:</strong></span> <span class='ocrx_word' id='word_1_623' title='bbox 532 4057 548 4088; x_wconf 92' lang='lat'><strong>1</strong></span> <span class='ocrx_word' id='word_1_624' title='bbox 583 4038 906 4106; x_wconf 82' lang='lat' dir='ltr'><strong>Unigeuitus</strong></span> <span class='ocrx_word' id='word_1_625' title='bbox 931 4041 1124 4101; x_wconf 77' lang='lat' dir='ltr'><strong>Filius.</strong></span> <span class='ocrx_word' id='word_1_626' title='bbox 1158 4045 1250 4110; x_wconf 86' lang='lat' dir='ltr'><strong>qui</strong></span> <span class='ocrx_word' id='word_1_627' title='bbox 1281 4045 1450 4097; x_wconf 77' lang='lat' dir='ltr'><strong>estin</strong></span> <span class='ocrx_word' id='word_1_628' title='bbox 1486 4046 1605 4099; x_wconf 87' lang='lat' dir='ltr'><strong>sinu</strong></span> <span class='ocrx_word' id='word_1_629' title='bbox 1647 4046 1749 4099; x_wconf 77' lang='lat' dir='ltr'><strong>Pa-</strong></span> 
     </span>
    </p>
   </div>
   <div class='ocr_carea' id='block_1_70' title="bbox 177 4127 1745 4198">
    <p class='ocr_par' dir='ltr' id='par_1_70' title="bbox 177 4127 1745 4198">
     <span class='ocr_line' id='line_1_70' title="bbox 177 4127 1745 4198; baseline 0.007 -20"><span class='ocrx_word' id='word_1_630' title='bbox 177 4128 313 4188; x_wconf 82' lang='lat' dir='ltr'><strong>tris,</strong></span> <span class='ocrx_word' id='word_1_631' title='bbox 348 4127 433 4179; x_wconf 89' lang='lat' dir='ltr'><strong>ille</strong></span> <span class='ocrx_word' id='word_1_632' title='bbox 469 4129 626 4182; x_wconf 92' lang='lat' dir='ltr'><strong>nobis</strong></span> <span class='ocrx_word' id='word_1_633' title='bbox 670 4132 944 4198; x_wconf 82' lang='lat' dir='ltr'><strong>exposuit.</strong></span> <span class='ocrx_word' id='word_1_634' title='bbox 975 4151 993 4184; x_wconf 90' lang='lat'><strong>1</strong></span> <span class='ocrx_word' id='word_1_635' title='bbox 1037 4132 1098 4184; x_wconf 79' lang='lat' dir='ltr'><strong>Et</strong></span> <span class='ocrx_word' id='word_1_636' title='bbox 1131 4150 1145 4183; x_wconf 90' lang='lat'><strong>:</strong></span> <span class='ocrx_word' id='word_1_637' title='bbox 1183 4151 1200 4185; x_wconf 94' lang='lat'><strong>1</strong></span> <span class='ocrx_word' id='word_1_638' title='bbox 1234 4133 1384 4187; x_wconf 74' lang='lat' dir='ltr'><strong>Adeo</strong></span> <span class='ocrx_word' id='word_1_639' title='bbox 1409 4134 1549 4188; x_wconf 86' lang='lat' dir='ltr'><strong>Deus</strong></span> <span class='ocrx_word' id='word_1_640' title='bbox 1586 4151 1745 4189; x_wconf 88' lang='lat' dir='ltr'><strong>mun-</strong></span> 
     </span>
    </p>
   </div>
   <div class='ocr_carea' id='block_1_71' title="bbox 180 4218 1741 4291">
    <p class='ocr_par' dir='ltr' id='par_1_71' title="bbox 180 4218 1741 4291">
     <span class='ocr_line' id='line_1_71' title="bbox 180 4218 1741 4291; baseline 0.007 -22"><span class='ocrx_word' id='word_1_641' title='bbox 180 4219 318 4269; x_wconf 84' lang='lat' dir='ltr'><strong>dum</strong></span> <span class='ocrx_word' id='word_1_642' title='bbox 351 4218 556 4282; x_wconf 79' lang='lat' dir='ltr'><strong>dilexit,</strong></span> <span class='ocrx_word' id='word_1_643' title='bbox 586 4230 643 4274; x_wconf 93' lang='lat' dir='ltr'><strong>ut</strong></span> <span class='ocrx_word' id='word_1_644' title='bbox 671 4221 884 4276; x_wconf 83' lang='lat' dir='ltr'><strong>dederit</strong></span> <span class='ocrx_word' id='word_1_645' title='bbox 909 4223 1247 4291; x_wconf 71' lang='lat' dir='ltr'><strong>unigenitum</strong></span> <span class='ocrx_word' id='word_1_646' title='bbox 1267 4223 1466 4280; x_wconf 84' lang='lat' dir='ltr'><strong>Filium</strong></span> <span class='ocrx_word' id='word_1_647' title='bbox 1500 4243 1683 4281; x_wconf 86' lang='lat' dir='ltr'><strong>suum.</strong></span> <span class='ocrx_word' id='word_1_648' title='bbox 1721 4247 1741 4280; x_wconf 88' lang='lat'><strong>1</strong></span> 
     </span>
    </p>
   </div>
   <div class='ocr_carea' id='block_1_72' title="bbox 180 4309 1740 4386">
    <p class='ocr_par' dir='ltr' id='par_1_72' title="bbox 180 4309 1740 4386">
     <span class='ocr_line' id='line_1_72' title="bbox 180 4309 1740 4386; baseline 0.008 -26"><span class='ocrx_word' id='word_1_649' title='bbox 180 4309 260 4360; x_wconf 83' lang='lat' dir='ltr'><strong>Et</strong></span> <span class='ocrx_word' id='word_1_650' title='bbox 285 4309 552 4363; x_wconf 90' lang='lat' dir='ltr'><strong>dilectus:</strong></span> <span class='ocrx_word' id='word_1_651' title='bbox 591 4330 610 4362; x_wconf 93' lang='lat'><strong>1</strong></span> <span class='ocrx_word' id='word_1_652' title='bbox 649 4310 714 4366; x_wconf 87' lang='lat' dir='ltr'><strong>Ut</strong></span> <span class='ocrx_word' id='word_1_653' title='bbox 740 4318 1084 4382; x_wconf 80' lang='lat' dir='ltr'><strong>cOgnoscatis</strong></span> <span class='ocrx_word' id='word_1_654' title='bbox 1105 4317 1299 4369; x_wconf 84' lang='lat' dir='ltr'><strong>Filium</strong></span> <span class='ocrx_word' id='word_1_655' title='bbox 1329 4321 1693 4386; x_wconf 82' lang='lat' dir='ltr'><strong>unigenltum.</strong></span> <span class='ocrx_word' id='word_1_656' title='bbox 1720 4342 1740 4372; x_wconf 91' lang='lat'><strong>1</strong></span> 
     </span>
    </p>
   </div>
   <div class='ocr_carea' id='block_1_73' title="bbox 269 4400 1744 4471">
    <p class='ocr_par' dir='ltr' id='par_1_73' title="bbox 269 4400 1744 4471">
     <span class='ocr_line' id='line_1_73' title="bbox 269 4400 1744 4471; baseline 0.009 -21"><span class='ocrx_word' id='word_1_657' title='bbox 269 4400 414 4453; x_wconf 76' lang='lat' dir='ltr'><strong>Etex</strong></span> <span class='ocrx_word' id='word_1_658' title='bbox 447 4401 603 4456; x_wconf 78' lang='lat' dir='ltr'><strong>Patre</strong></span> <span class='ocrx_word' id='word_1_659' title='bbox 634 4416 933 4471; x_wconf 83' lang='lat' dir='ltr'><strong>generatum</strong></span> <span class='ocrx_word' id='word_1_660' title='bbox 956 4417 1076 4460; x_wconf 84' lang='lat' dir='ltr'><strong>ante</strong></span> <span class='ocrx_word' id='word_1_661' title='bbox 1111 4411 1286 4461; x_wconf 81' lang='lat' dir='ltr'><strong>omnia</strong></span> <span class='ocrx_word' id='word_1_662' title='bbox 1316 4410 1533 4464; x_wconf 62' lang='lat' dir='ltr'><strong>stecula.</strong></span> <span class='ocrx_word' id='word_1_663' title='bbox 1570 4413 1744 4464; x_wconf 83' lang='lat' dir='ltr'><strong>Evan-</strong></span> 
     </span>
    </p>
   </div>
   <div class='ocr_carea' id='block_1_74' title="bbox 184 4491 1743 4572">
    <p class='ocr_par' dir='ltr' id='par_1_74' title="bbox 184 4491 1743 4572">
     <span class='ocr_line' id='line_1_74' title="bbox 184 4491 1743 4572; baseline 0.011 -31"><span class='ocrx_word' id='word_1_664' title='bbox 184 4491 439 4556; x_wconf 75' lang='lat' dir='ltr'><strong>gclium-z</strong></span> <span class='ocrx_word' id='word_1_665' title='bbox 473 4511 490 4543; x_wconf 95' lang='lat'><strong>1</strong></span> <span class='ocrx_word' id='word_1_666' title='bbox 529 4492 631 4558; x_wconf 85' lang='lat' dir='ltr'><strong>Qui</strong></span> <span class='ocrx_word' id='word_1_667' title='bbox 659 4505 1045 4562; x_wconf 74' lang='lat' dir='ltr'><strong>generatorem</strong></span> <span class='ocrx_word' id='word_1_668' title='bbox 1084 4509 1252 4562; x_wconf 89' lang='lat' dir='ltr'><strong>amat,</strong></span> <span class='ocrx_word' id='word_1_669' title='bbox 1287 4511 1433 4555; x_wconf 83' lang='lat' dir='ltr'><strong>amat</strong></span> <span class='ocrx_word' id='word_1_670' title='bbox 1462 4504 1624 4556; x_wconf 86' lang='lat' dir='ltr'><strong>etiam</strong></span> <span class='ocrx_word' id='word_1_671' title='bbox 1653 4519 1743 4572; x_wconf 77' lang='lat' dir='ltr'><strong>ge</strong></span> 
     </span>
    </p>
   </div>
   <div class='ocr_carea' id='block_1_75' title="bbox 185 4585 1739 4663">
    <p class='ocr_par' dir='ltr' id='par_1_75' title="bbox 185 4585 1739 4663">
     <span class='ocr_line' id='line_1_75' title="bbox 185 4585 1739 4663; baseline 0.009 -29"><span class='ocrx_word' id='word_1_672' title='bbox 185 4593 437 4634; x_wconf 87' lang='lat' dir='ltr'><strong>ncratnm</strong></span> <span class='ocrx_word' id='word_1_673' title='bbox 466 4600 526 4636; x_wconf 82' lang='lat' dir='ltr'><strong>ex</strong></span> <span class='ocrx_word' id='word_1_674' title='bbox 549 4599 635 4648; x_wconf 87' lang='lat' dir='ltr'><strong>eo,</strong></span> <span class='ocrx_word' id='word_1_675' title='bbox 667 4604 684 4636; x_wconf 92' lang='lat'><strong>1</strong></span> <span class='ocrx_word' id='word_1_676' title='bbox 713 4595 797 4639; x_wconf 85' lang='lat' dir='ltr'><strong>et:</strong></span> <span class='ocrx_word' id='word_1_677' title='bbox 839 4605 856 4637; x_wconf 92' lang='lat'><strong>1</strong></span> <span class='ocrx_word' id='word_1_678' title='bbox 884 4585 1135 4641; x_wconf 82' lang='lat' dir='ltr'><strong>Gloritica</strong></span> <span class='ocrx_word' id='word_1_679' title='bbox 1158 4604 1240 4642; x_wconf 90' lang='lat' dir='ltr'><strong>me</strong></span> <span class='ocrx_word' id='word_1_680' title='bbox 1268 4605 1328 4643; x_wconf 86' lang='lat' dir='ltr'><strong>ea</strong></span> <span class='ocrx_word' id='word_1_681' title='bbox 1353 4592 1543 4659; x_wconf 80' lang='lat' dir='ltr'><strong>gloria,</strong></span> <span class='ocrx_word' id='word_1_682' title='bbox 1576 4611 1739 4663; x_wconf 89' lang='lat' dir='ltr'><strong>quam</strong></span> 
     </span>
    </p>
   </div>
   <div class='ocr_carea' id='block_1_76' title="bbox 188 4673 1735 4745">
    <p class='ocr_par' dir='ltr' id='par_1_76' title="bbox 188 4673 1735 4745">
     <span class='ocr_line' id='line_1_76' title="bbox 188 4673 1735 4745; baseline 0.009 -21"><span class='ocrx_word' id='word_1_683' title='bbox 188 4674 355 4724; x_wconf 80' lang='lat' dir='ltr'><strong>habui</strong></span> <span class='ocrx_word' id='word_1_684' title='bbox 387 4673 525 4740; x_wconf 82' lang='lat' dir='ltr'><strong>apud</strong></span> <span class='ocrx_word' id='word_1_685' title='bbox 567 4684 616 4727; x_wconf 90' lang='lat' dir='ltr'><strong>te</strong></span> <span class='ocrx_word' id='word_1_686' title='bbox 683 4685 805 4729; x_wconf 88' lang='lat' dir='ltr'><strong>ante</strong></span> <span class='ocrx_word' id='word_1_687' title='bbox 861 4680 1119 4731; x_wconf 87' lang='lat' dir='ltr'><strong>mundum</strong></span> <span class='ocrx_word' id='word_1_688' title='bbox 1164 4682 1468 4745; x_wconf 85' lang='lat' dir='ltr'><strong>conditum,</strong></span> <span class='ocrx_word' id='word_1_689' title='bbox 1512 4702 1530 4734; x_wconf 92' lang='lat'><strong>1</strong></span> <span class='ocrx_word' id='word_1_690' title='bbox 1571 4697 1625 4738; x_wconf 89' lang='lat' dir='ltr'><strong>et</strong></span> <span class='ocrx_word' id='word_1_691' title='bbox 1663 4706 1675 4740; x_wconf 92' lang='lat'><strong>:</strong></span> <span class='ocrx_word' id='word_1_692' title='bbox 1717 4707 1735 4738; x_wconf 92' lang='lat'><strong>1</strong></span> 
     </span>
    </p>
   </div>
   <div class='ocr_carea' id='block_1_77' title="bbox 185 4763 1743 4837">
    <p class='ocr_par' dir='ltr' id='par_1_77' title="bbox 185 4763 1743 4837">
     <span class='ocr_line' id='line_1_77' title="bbox 185 4763 1743 4837; baseline 0.01 -23"><span class='ocrx_word' id='word_1_693' title='bbox 185 4764 251 4814; x_wconf 79' lang='lat' dir='ltr'><strong>lu</strong></span> <span class='ocrx_word' id='word_1_694' title='bbox 288 4763 552 4832; x_wconf 71' lang='lat' dir='ltr'><strong>principio</strong></span> <span class='ocrx_word' id='word_1_695' title='bbox 582 4777 699 4818; x_wconf 80' lang='lat' dir='ltr'><strong>erat</strong></span> <span class='ocrx_word' id='word_1_696' title='bbox 735 4766 988 4831; x_wconf 85' lang='lat' dir='ltr'><strong>Verbum,</strong></span> <span class='ocrx_word' id='word_1_697' title='bbox 1028 4788 1046 4819; x_wconf 92' lang='lat'><strong>1</strong></span> <span class='ocrx_word' id='word_1_698' title='bbox 1079 4778 1132 4822; x_wconf 91' lang='lat' dir='ltr'><strong>et</strong></span> <span class='ocrx_word' id='word_1_699' title='bbox 1160 4787 1174 4824; x_wconf 89' lang='lat'><strong>:</strong></span> <span class='ocrx_word' id='word_1_700' title='bbox 1206 4788 1224 4819; x_wconf 92' lang='lat'><strong>1</strong></span> <span class='ocrx_word' id='word_1_701' title='bbox 1255 4771 1356 4837; x_wconf 87' lang='lat' dir='ltr'><strong>Qui</strong></span> <span class='ocrx_word' id='word_1_702' title='bbox 1386 4781 1505 4825; x_wconf 82' lang='lat' dir='ltr'><strong>erat</strong></span> <span class='ocrx_word' id='word_1_703' title='bbox 1538 4775 1589 4827; x_wconf 91' lang='lat' dir='ltr'><strong>in</strong></span> <span class='ocrx_word' id='word_1_704' title='bbox 1621 4777 1743 4829; x_wconf 88' lang='lat' dir='ltr'><strong>sinu</strong></span> 
     </span>
    </p>
   </div>
   <div class='ocr_carea' id='block_1_78' title="bbox 186 4854 1749 4940">
    <p class='ocr_par' dir='ltr' id='par_1_78' title="bbox 186 4854 1749 4940">
     <span class='ocr_line' id='line_1_78' title="bbox 186 4854 1749 4940; baseline 0.01 -34"><span class='ocrx_word' id='word_1_705' title='bbox 186 4854 393 4914; x_wconf 82' lang='lat' dir='ltr'><strong>Patris,</strong></span> <span class='ocrx_word' id='word_1_706' title='bbox 426 4874 444 4906; x_wconf 95' lang='lat'><strong>1</strong></span> <span class='ocrx_word' id='word_1_707' title='bbox 481 4865 534 4909; x_wconf 86' lang='lat' dir='ltr'><strong>et</strong></span> <span class='ocrx_word' id='word_1_708' title='bbox 575 4873 588 4908; x_wconf 91' lang='lat'><strong>:</strong></span> <span class='ocrx_word' id='word_1_709' title='bbox 640 4877 657 4908; x_wconf 93' lang='lat'><strong>1</strong></span> <span class='ocrx_word' id='word_1_710' title='bbox 699 4858 798 4940; x_wconf 83' lang='lat' dir='ltr'><strong>Qui</strong></span> <span class='ocrx_word' id='word_1_711' title='bbox 831 4871 947 4911; x_wconf 88' lang='lat' dir='ltr'><strong>erat</strong></span> <span class='ocrx_word' id='word_1_712' title='bbox 972 4860 1096 4912; x_wconf 87' lang='lat' dir='ltr'><strong>inde</strong></span> <span class='ocrx_word' id='word_1_713' title='bbox 1128 4875 1157 4913; x_wconf 89' lang='lat' dir='ltr'><strong>a</strong></span> <span class='ocrx_word' id='word_1_714' title='bbox 1211 4862 1501 4930; x_wconf 88' lang='lat' dir='ltr'><strong>principio.</strong></span> <span class='ocrx_word' id='word_1_715' title='bbox 1534 4883 1551 4913; x_wconf 91' lang='lat'><strong>1</strong></span> <span class='ocrx_word' id='word_1_716' title='bbox 1607 4865 1749 4932; x_wconf 77' lang='lat' dir='ltr'><strong>Ape-</strong></span> 
     </span>
    </p>
   </div>
   <div class='ocr_carea' id='block_1_79' title="bbox 190 4947 1738 5009">
    <p class='ocr_par' dir='ltr' id='par_1_79' title="bbox 190 4947 1738 5009">
     <span class='ocr_line' id='line_1_79' title="bbox 190 4947 1738 5009; baseline 0.006 -9"><span class='ocrx_word' id='word_1_717' title='bbox 190 4949 372 5000; x_wconf 80' lang='lat' dir='ltr'><strong>Stolus</strong></span> <span class='ocrx_word' id='word_1_718' title='bbox 409 4964 422 4998; x_wconf 92' lang='lat'><strong>:</strong></span> <span class='ocrx_word' id='word_1_719' title='bbox 465 4966 481 4996; x_wconf 85' lang='lat'><strong>1</strong></span> <span class='ocrx_word' id='word_1_720' title='bbox 521 4947 786 5003; x_wconf 69' lang='lat' dir='ltr'><strong>Extremis</strong></span> <span class='ocrx_word' id='word_1_721' title='bbox 821 4950 903 5003; x_wconf 91' lang='lat' dir='ltr'><strong>his</strong></span> <span class='ocrx_word' id='word_1_722' title='bbox 944 4951 1136 5004; x_wconf 85' lang='lat' dir='ltr'><strong>diebus</strong></span> <span class='ocrx_word' id='word_1_723' title='bbox 1191 4953 1404 5007; x_wconf 90' lang='lat' dir='ltr'><strong>locutus</strong></span> <span class='ocrx_word' id='word_1_724' title='bbox 1432 4964 1514 5006; x_wconf 83' lang='lat' dir='ltr'><strong>est</strong></span> <span class='ocrx_word' id='word_1_725' title='bbox 1555 4956 1738 5009; x_wconf 87' lang='lat' dir='ltr'><strong>nobis-</strong></span> 
     </span>
    </p>
   </div>
   <div class='ocr_carea' id='block_1_80' title="bbox 187 5037 1737 5107">
    <p class='ocr_par' dir='ltr' id='par_1_80' title="bbox 187 5037 1737 5107">
     <span class='ocr_line' id='line_1_80' title="bbox 187 5037 1737 5107; baseline 0.005 -16"><span class='ocrx_word' id='word_1_726' title='bbox 187 5053 315 5091; x_wconf 82' lang='lat' dir='ltr'><strong>eum</strong></span> <span class='ocrx_word' id='word_1_727' title='bbox 353 5039 404 5090; x_wconf 91' lang='lat' dir='ltr'><strong>in</strong></span> <span class='ocrx_word' id='word_1_728' title='bbox 439 5037 592 5101; x_wconf 80' lang='lat' dir='ltr'><strong>Filio,</strong></span> <span class='ocrx_word' id='word_1_729' title='bbox 627 5055 721 5106; x_wconf 84' lang='lat' dir='ltr'><strong>per</strong></span> <span class='ocrx_word' id='word_1_730' title='bbox 738 5056 896 5107; x_wconf 87' lang='lat' dir='ltr'><strong>quem</strong></span> <span class='ocrx_word' id='word_1_731' title='bbox 930 5045 1124 5096; x_wconf 66' lang='lat' dir='ltr'><strong>smcula</strong></span> <span class='ocrx_word' id='word_1_732' title='bbox 1161 5046 1424 5098; x_wconf 88' lang='lat' dir='ltr'><strong>condidit.</strong></span> <span class='ocrx_word' id='word_1_733' title='bbox 1461 5064 1478 5094; x_wconf 87' lang='lat'><strong>1</strong></span> <span class='ocrx_word' id='word_1_734' title='bbox 1509 5045 1737 5098; x_wconf 79' lang='lat' dir='ltr'><strong>Prover-</strong></span> 
     </span>
    </p>
   </div>
   <div class='ocr_carea' id='block_1_81' title="bbox 188 5129 1748 5197">
    <p class='ocr_par' dir='ltr' id='par_1_81' title="bbox 188 5129 1748 5197">
     <span class='ocr_line' id='line_1_81' title="bbox 188 5129 1748 5197; baseline 0.006 -16"><span class='ocrx_word' id='word_1_735' title='bbox 188 5131 280 5181; x_wconf 66' lang='lat' dir='ltr'><strong>ltia</strong></span> <span class='ocrx_word' id='word_1_736' title='bbox 309 5147 319 5180; x_wconf 92' lang='lat'><strong>:</strong></span> <span class='ocrx_word' id='word_1_737' title='bbox 359 5147 376 5178; x_wconf 89' lang='lat'><strong>1</strong></span> <span class='ocrx_word' id='word_1_738' title='bbox 409 5129 547 5183; x_wconf 69' lang='lat' dir='ltr'><strong>Ante</strong></span> <span class='ocrx_word' id='word_1_739' title='bbox 566 5131 762 5183; x_wconf 62' lang='lat' dir='ltr'><strong>saecula</strong></span> <span class='ocrx_word' id='word_1_740' title='bbox 791 5133 1035 5186; x_wconf 79' lang='lat' dir='ltr'><strong>condidit</strong></span> <span class='ocrx_word' id='word_1_741' title='bbox 1077 5149 1181 5197; x_wconf 86' lang='lat' dir='ltr'><strong>me,</strong></span> <span class='ocrx_word' id='word_1_742' title='bbox 1214 5146 1338 5189; x_wconf 84' lang='lat' dir='ltr'><strong>ante</strong></span> <span class='ocrx_word' id='word_1_743' title='bbox 1369 5153 1558 5191; x_wconf 74' lang='lat' dir='ltr'><strong>omnes</strong></span> <span class='ocrx_word' id='word_1_744' title='bbox 1583 5137 1748 5191; x_wconf 79' lang='lat' dir='ltr'><strong>colles</strong></span> 
     </span>
    </p>
   </div>
   <div class='ocr_carea' id='block_1_82' title="bbox 192 5219 1744 5291">
    <p class='ocr_par' dir='ltr' id='par_1_82' title="bbox 192 5219 1744 5291">
     <span class='ocr_line' id='line_1_82' title="bbox 192 5219 1744 5291; baseline 0.006 -21"><span class='ocrx_word' id='word_1_745' title='bbox 192 5238 222 5289; x_wconf 66' lang='grc' dir='ltr'>ε</span> <span class='ocrx_word' id='word_1_746' title='bbox 252 5221 363 5287; x_wconf 75' lang='lat' dir='ltr'><strong>gnit</strong></span> <span class='ocrx_word' id='word_1_747' title='bbox 387 5236 522 5274; x_wconf 59' lang='lat' dir='ltr'><strong>mea</strong></span> <span class='ocrx_word' id='word_1_748' title='bbox 554 5219 899 5291; x_wconf 72' lang='lat' dir='ltr'><strong>Evangelium</strong></span> <span class='ocrx_word' id='word_1_749' title='bbox 923 5239 934 5273; x_wconf 95' lang='lat'><strong>:</strong></span> <span class='ocrx_word' id='word_1_750' title='bbox 962 5241 981 5272; x_wconf 95' lang='lat'><strong>1</strong></span> <span class='ocrx_word' id='word_1_751' title='bbox 1011 5225 1048 5277; x_wconf 93' lang='lat' dir='ltr'>E</span> <span class='ocrx_word' id='word_1_752' title='bbox 1072 5224 1228 5279; x_wconf 77' lang='lat' dir='ltr'><strong>Putre</strong></span> <span class='ocrx_word' id='word_1_753' title='bbox 1262 5227 1368 5280; x_wconf 77' lang='lat' dir='ltr'><strong>exii</strong></span> <span class='ocrx_word' id='word_1_754' title='bbox 1404 5237 1454 5279; x_wconf 92' lang='lat' dir='ltr'><strong>et</strong></span> <span class='ocrx_word' id='word_1_755' title='bbox 1484 5229 1698 5290; x_wconf 81' lang='lat' dir='ltr'><strong>adsum,</strong></span> <span class='ocrx_word' id='word_1_756' title='bbox 1726 5248 1744 5280; x_wconf 89' lang='lat'><strong>1</strong></span> 
     </span>
    </p>
   </div>
   <div class='ocr_carea' id='block_1_83' title="bbox 190 5312 1655 5377">
    <p class='ocr_par' dir='ltr' id='par_1_83' title="bbox 190 5312 1655 5377">
     <span class='ocr_line' id='line_1_83' title="bbox 190 5312 1655 5377; baseline 0.003 -12"><span class='ocrx_word' id='word_1_757' title='bbox 190 5324 248 5365; x_wconf 76' lang='lat' dir='ltr'><strong>et</strong></span> <span class='ocrx_word' id='word_1_758' title='bbox 291 5327 302 5361; x_wconf 89' lang='lat'><strong>:</strong></span> <span class='ocrx_word' id='word_1_759' title='bbox 345 5329 362 5362; x_wconf 94' lang='lat'><strong>1</strong></span> <span class='ocrx_word' id='word_1_760' title='bbox 406 5312 524 5366; x_wconf 81' lang='lat' dir='ltr'><strong>Exii</strong></span> <span class='ocrx_word' id='word_1_761' title='bbox 557 5329 587 5366; x_wconf 88' lang='lat' dir='ltr'><strong>e</strong></span> <span class='ocrx_word' id='word_1_762' title='bbox 619 5313 799 5377; x_wconf 83' lang='lat' dir='ltr'><strong>Patre,</strong></span> <span class='ocrx_word' id='word_1_763' title='bbox 831 5324 884 5368; x_wconf 90' lang='lat' dir='ltr'><strong>et</strong></span> <span class='ocrx_word' id='word_1_764' title='bbox 913 5317 1034 5368; x_wconf 85' lang='lat' dir='ltr'><strong>veni</strong></span> <span class='ocrx_word' id='word_1_765' title='bbox 1070 5315 1122 5368; x_wconf 88' lang='lat' dir='ltr'><strong>in</strong></span> <span class='ocrx_word' id='word_1_766' title='bbox 1155 5317 1297 5371; x_wconf 89' lang='lat' dir='ltr'><strong>hunc</strong></span> <span class='ocrx_word' id='word_1_767' title='bbox 1320 5320 1603 5373; x_wconf 87' lang='lat' dir='ltr'><strong>mundum.</strong></span> <span class='ocrx_word' id='word_1_768' title='bbox 1637 5339 1655 5369; x_wconf 90' lang='lat'><strong>1</strong></span> 
     </span>
    </p>
   </div>
   <div class='ocr_carea' id='block_1_84' title="bbox 267 5406 1748 5477">
    <p class='ocr_par' dir='ltr' id='par_1_84' title="bbox 267 5406 1748 5477">
     <span class='ocr_line' id='line_1_84' title="bbox 267 5406 1748 5477; baseline 0.005 -20"><span class='ocrx_word' id='word_1_769' title='bbox 267 5406 460 5459; x_wconf 76' lang='lat' dir='ltr'><strong>Lumen</strong></span> <span class='ocrx_word' id='word_1_770' title='bbox 490 5410 551 5460; x_wconf 86' lang='lat' dir='ltr'><strong>de</strong></span> <span class='ocrx_word' id='word_1_771' title='bbox 577 5408 786 5461; x_wconf 79' lang='lat' dir='ltr'><strong>lumine.</strong></span> <span class='ocrx_word' id='word_1_772' title='bbox 851 5407 1231 5477; x_wconf 80' lang='lat' dir='ltr'><strong>Evangelium:</strong></span> <span class='ocrx_word' id='word_1_773' title='bbox 1296 5409 1396 5462; x_wconf 87' lang='lat' dir='ltr'><strong>1Ut</strong></span> <span class='ocrx_word' id='word_1_774' title='bbox 1458 5419 1748 5464; x_wconf 84' lang='lat' dir='ltr'><strong>testaretur</strong></span> 
     </span>
    </p>
   </div>
   <div class='ocr_carea' id='block_1_85' title="bbox 195 5498 1754 5569">
    <p class='ocr_par' dir='ltr' id='par_1_85' title="bbox 195 5498 1754 5569">
     <span class='ocr_line' id='line_1_85' title="bbox 195 5498 1754 5569; baseline 0.001 -17"><span class='ocrx_word' id='word_1_775' title='bbox 195 5499 264 5552; x_wconf 84' lang='lat' dir='ltr'><strong>de</strong></span> <span class='ocrx_word' id='word_1_776' title='bbox 302 5499 556 5558; x_wconf 87' lang='lat' dir='ltr'><strong>lumine.1</strong></span> <span class='ocrx_word' id='word_1_777' title='bbox 585 5511 637 5552; x_wconf 90' lang='lat' dir='ltr'><strong>et</strong></span> <span class='ocrx_word' id='word_1_778' title='bbox 668 5498 824 5552; x_wconf 81' lang='lat' dir='ltr'><strong>1Erat</strong></span> <span class='ocrx_word' id='word_1_779' title='bbox 859 5513 1042 5552; x_wconf 88' lang='lat' dir='ltr'><strong>verum</strong></span> <span class='ocrx_word' id='word_1_780' title='bbox 1113 5500 1292 5553; x_wconf 88' lang='lat' dir='ltr'><strong>lumen</strong></span> <span class='ocrx_word' id='word_1_781' title='bbox 1347 5503 1491 5569; x_wconf 90' lang='lat' dir='ltr'><strong>quod</strong></span> <span class='ocrx_word' id='word_1_782' title='bbox 1523 5502 1754 5555; x_wconf 78' lang='lat' dir='ltr'><strong>illustrat</strong></span> 
     </span>
    </p>
   </div>
   <div class='ocr_carea' id='block_1_86' title="bbox 196 5590 1751 5657">
    <p class='ocr_par' dir='ltr' id='par_1_86' title="bbox 196 5590 1751 5657">
     <span class='ocr_line' id='line_1_86' title="bbox 196 5590 1751 5657; baseline 0.002 -14"><span class='ocrx_word' id='word_1_783' title='bbox 196 5605 413 5643; x_wconf 71' lang='lat' dir='ltr'><strong>omnem</strong></span> <span class='ocrx_word' id='word_1_784' title='bbox 449 5590 721 5643; x_wconf 88' lang='lat' dir='ltr'><strong>hominem</strong></span> <span class='ocrx_word' id='word_1_785' title='bbox 768 5591 859 5657; x_wconf 90' lang='lat' dir='ltr'><strong>qui</strong></span> <span class='ocrx_word' id='word_1_786' title='bbox 891 5593 944 5643; x_wconf 88' lang='lat' dir='ltr'><strong>in</strong></span> <span class='ocrx_word' id='word_1_787' title='bbox 999 5591 1261 5645; x_wconf 81' lang='lat' dir='ltr'><strong>mundum</strong></span> <span class='ocrx_word' id='word_1_788' title='bbox 1288 5593 1462 5645; x_wconf 82' lang='lat' dir='ltr'><strong>venit.</strong></span> <span class='ocrx_word' id='word_1_789' title='bbox 1497 5610 1517 5642; x_wconf 90' lang='lat'><strong>1</strong></span> <span class='ocrx_word' id='word_1_790' title='bbox 1555 5594 1751 5647; x_wconf 82' lang='lat' dir='ltr'><strong>David:</strong></span> 
     </span>
    </p>
   </div>
   <div class='ocr_carea' id='block_1_87' title="bbox 202 5681 1754 5749">
    <p class='ocr_par' dir='ltr' id='par_1_87' title="bbox 202 5681 1754 5749">
     <span class='ocr_line' id='line_1_87' title="bbox 202 5681 1754 5749; baseline 0.003 -17"><span class='ocrx_word' id='word_1_791' title='bbox 202 5682 298 5733; x_wconf 85' lang='lat' dir='ltr'><strong>1In</strong></span> <span class='ocrx_word' id='word_1_792' title='bbox 337 5681 537 5734; x_wconf 87' lang='lat' dir='ltr'><strong>lumine</strong></span> <span class='ocrx_word' id='word_1_793' title='bbox 579 5690 669 5734; x_wconf 90' lang='lat' dir='ltr'><strong>tuo</strong></span> <span class='ocrx_word' id='word_1_794' title='bbox 718 5683 1020 5736; x_wconf 83' lang='lat' dir='ltr'><strong>videbimus</strong></span> <span class='ocrx_word' id='word_1_795' title='bbox 1083 5681 1318 5736; x_wconf 86' lang='lat' dir='ltr'><strong>lumen.1</strong></span> <span class='ocrx_word' id='word_1_796' title='bbox 1351 5683 1590 5741; x_wconf 85' lang='lat' dir='ltr'><strong>Paulus:</strong></span> <span class='ocrx_word' id='word_1_797' title='bbox 1622 5683 1754 5749; x_wconf 88' lang='lat' dir='ltr'><strong>1Qui</strong></span> 
     </span>
    </p>
   </div>
   <div class='ocr_carea' id='block_1_88' title="bbox 200 5772 1261 5844">
    <p class='ocr_par' dir='ltr' id='par_1_88' title="bbox 200 5772 1261 5844">
     <span class='ocr_line' id='line_1_88' title="bbox 200 5772 1261 5844; baseline -0.005 -16"><span class='ocrx_word' id='word_1_798' title='bbox 200 5783 322 5828; x_wconf 84' lang='lat' dir='ltr'><strong>crat</strong></span> <span class='ocrx_word' id='word_1_799' title='bbox 356 5772 609 5840; x_wconf 87' lang='lat' dir='ltr'><strong>splendor</strong></span> <span class='ocrx_word' id='word_1_800' title='bbox 639 5788 991 5842; x_wconf 85' lang='lat' dir='ltr'><strong>repercussus</strong></span> <span class='ocrx_word' id='word_1_801' title='bbox 1026 5775 1261 5844; x_wconf 49' lang='lat' dir='ltr'><strong>gloriae»</strong></span> 
     </span>
    </p>
   </div>
   <div class='ocr_carea' id='block_1_89' title="bbox 1849 3319 3408 3392">
    <p class='ocr_par' dir='ltr' id='par_1_89' title="bbox 1849 3319 3408 3392">
     <span class='ocr_line' id='line_1_89' title="bbox 1849 3319 3408 3392; baseline -0.003 -19"><span class='ocrx_word' id='word_1_802' title='bbox 1849 3324 2114 3392; x_wconf 81' lang='grc' dir='ltr'>μαρτυρεῖ</span> <span class='ocrx_word' id='word_1_803' title='bbox 2159 3323 2257 3389; x_wconf 78' lang='grc' dir='ltr'>τῆς</span> <span class='ocrx_word' id='word_1_804' title='bbox 2284 3319 2466 3390; x_wconf 77' lang='grc' dir='ltr'>ζώσης</span> <span class='ocrx_word' id='word_1_805' title='bbox 2512 3321 2700 3388; x_wconf 59' lang='grc' dir='ltr'>σοφίας</span> <span class='ocrx_word' id='word_1_806' title='bbox 2732 3320 2893 3372; x_wconf 81' lang='grc' dir='ltr'>αὐτοῦ</span> <span class='ocrx_word' id='word_1_807' title='bbox 2926 3322 3030 3388; x_wconf 78' lang='grc' dir='ltr'><strong>πρὸ</strong></span> <span class='ocrx_word' id='word_1_808' title='bbox 3081 3320 3272 3380; x_wconf 71' lang='grc' dir='ltr'>αἰῶνος</span> <span class='ocrx_word' id='word_1_809' title='bbox 3312 3323 3408 3369; x_wconf 69' lang='grc' dir='ltr'><strong>καὶ</strong></span> 
     </span>
    </p>
   </div>
   <div class='ocr_carea' id='block_1_90' title="bbox 1847 3489 3406 3555">
    <p class='ocr_par' dir='ltr' id='par_1_90' title="bbox 1847 3489 3406 3555">
     <span class='ocr_line' id='line_1_90' title="bbox 1847 3489 3406 3555; baseline -0.005 -8"><span class='ocrx_word' id='word_1_810' title='bbox 1847 3496 1988 3550; x_wconf 87' lang='lat' dir='ltr'><strong>Deus</strong></span> <span class='ocrx_word' id='word_1_811' title='bbox 2048 3511 2206 3548; x_wconf 85' lang='lat' dir='ltr'><strong>verus</strong></span> <span class='ocrx_word' id='word_1_812' title='bbox 2259 3507 2311 3547; x_wconf 86' lang='lat' dir='ltr'><strong>et</strong></span> <span class='ocrx_word' id='word_1_813' title='bbox 2345 3497 2450 3547; x_wconf 83' lang='lat' dir='ltr'><strong>vita</strong></span> <span class='ocrx_word' id='word_1_814' title='bbox 2495 3502 2749 3555; x_wconf 45' lang='lat' dir='ltr'><strong>aeterna”</strong></span> <span class='ocrx_word' id='word_1_815' title='bbox 2791 3502 2838 3545; x_wconf 90' lang='lat' dir='ltr'><strong>ct</strong></span> <span class='ocrx_word' id='word_1_816' title='bbox 2882 3508 2893 3541; x_wconf 91' lang='lat'><strong>:</strong></span> <span class='ocrx_word' id='word_1_817' title='bbox 2938 3491 3169 3543; x_wconf 86' lang='lat' dir='ltr'><strong>1Snmns</strong></span> <span class='ocrx_word' id='word_1_818' title='bbox 3197 3489 3249 3540; x_wconf 91' lang='lat' dir='ltr'><strong>in</strong></span> <span class='ocrx_word' id='word_1_819' title='bbox 3280 3490 3406 3540; x_wconf 79' lang='lat' dir='ltr'><strong>vero</strong></span> 
     </span>
    </p>
   </div>
   <div class='ocr_carea' id='block_1_91' title="bbox 1847 3583 3404 3652">
    <p class='ocr_par' dir='ltr' id='par_1_91' title="bbox 1847 3583 3404 3652">
     <span class='ocr_line' id='line_1_91' title="bbox 1847 3583 3404 3652; baseline -0.005 -13"><span class='ocrx_word' id='word_1_820' title='bbox 1847 3586 1978 3649; x_wconf 90' lang='lat' dir='ltr'><strong>Deo,</strong></span> <span class='ocrx_word' id='word_1_821' title='bbox 2018 3587 2070 3638; x_wconf 92' lang='lat' dir='ltr'><strong>in</strong></span> <span class='ocrx_word' id='word_1_822' title='bbox 2136 3585 2269 3639; x_wconf 84' lang='lat' dir='ltr'><strong>Filio</strong></span> <span class='ocrx_word' id='word_1_823' title='bbox 2324 3586 2441 3652; x_wconf 82' lang='lat' dir='ltr'><strong>ejus</strong></span> <span class='ocrx_word' id='word_1_824' title='bbox 2489 3584 2617 3638; x_wconf 81' lang='lat' dir='ltr'><strong>Jesu</strong></span> <span class='ocrx_word' id='word_1_825' title='bbox 2657 3584 2899 3639; x_wconf 85' lang='lat' dir='ltr'><strong>Christo.</strong></span> <span class='ocrx_word' id='word_1_826' title='bbox 2940 3602 2958 3633; x_wconf 90' lang='lat'><strong>1</strong></span> <span class='ocrx_word' id='word_1_827' title='bbox 3013 3583 3404 3650; x_wconf 74' lang='lat' dir='ltr'><strong>Evangelium:</strong></span> 
     </span>
    </p>
   </div>
   <div class='ocr_carea' id='block_1_92' title="bbox 1854 3663 3411 3746">
    <p class='ocr_par' dir='ltr' id='par_1_92' title="bbox 1854 3663 3411 3746">
     <span class='ocr_line' id='line_1_92' title="bbox 1854 3663 3411 3746; baseline -0.004 -17"><span class='ocrx_word' id='word_1_828' title='bbox 1854 3699 1870 3729; x_wconf 86' lang='lat'><strong>1</strong></span> <span class='ocrx_word' id='word_1_829' title='bbox 1906 3679 2014 3746; x_wconf 80' lang='lat' dir='ltr'><strong>Ego</strong></span> <span class='ocrx_word' id='word_1_830' title='bbox 2049 3693 2165 3731; x_wconf 89' lang='lat' dir='ltr'><strong>sum</strong></span> <span class='ocrx_word' id='word_1_831' title='bbox 2202 3663 2424 3734; x_wconf 76' lang='lat' dir='ltr'><strong>veritas.</strong></span> <span class='ocrx_word' id='word_1_832' title='bbox 2452 3695 2470 3726; x_wconf 93' lang='lat'><strong>1</strong></span> <span class='ocrx_word' id='word_1_833' title='bbox 2505 3677 2742 3732; x_wconf 85' lang='lat' dir='ltr'><strong>Paulus:</strong></span> <span class='ocrx_word' id='word_1_834' title='bbox 2779 3696 2794 3726; x_wconf 90' lang='lat'><strong>1</strong></span> <span class='ocrx_word' id='word_1_835' title='bbox 2829 3675 2932 3729; x_wconf 85' lang='lat' dir='ltr'><strong>Per</strong></span> <span class='ocrx_word' id='word_1_836' title='bbox 2964 3679 3255 3727; x_wconf 80' lang='lat' dir='ltr'><strong>adventum</strong></span> <span class='ocrx_word' id='word_1_837' title='bbox 3295 3674 3411 3740; x_wconf 63' lang='lat' dir='ltr'><strong>glo-</strong></span> 
     </span>
    </p>
   </div>
   <div class='ocr_carea' id='block_1_93' title="bbox 1848 3766 3333 3838">
    <p class='ocr_par' dir='ltr' id='par_1_93' title="bbox 1848 3766 3333 3838">
     <span class='ocr_line' id='line_1_93' title="bbox 1848 3766 3333 3838; baseline -0.005 -15"><span class='ocrx_word' id='word_1_838' title='bbox 1848 3772 1942 3824; x_wconf 72' lang='lat' dir='ltr'><strong>rise</strong></span> <span class='ocrx_word' id='word_1_839' title='bbox 1979 3771 2152 3838; x_wconf 82' lang='lat' dir='ltr'><strong>magni</strong></span> <span class='ocrx_word' id='word_1_840' title='bbox 2181 3768 2271 3820; x_wconf 88' lang='lat' dir='ltr'><strong>Dei</strong></span> <span class='ocrx_word' id='word_1_841' title='bbox 2302 3779 2356 3822; x_wconf 78' lang='lat' dir='ltr'><strong>et</strong></span> <span class='ocrx_word' id='word_1_842' title='bbox 2386 3769 2688 3822; x_wconf 84' lang='lat' dir='ltr'><strong>Salvatoris</strong></span> <span class='ocrx_word' id='word_1_843' title='bbox 2724 3769 2896 3820; x_wconf 87' lang='lat' dir='ltr'><strong>nostri</strong></span> <span class='ocrx_word' id='word_1_844' title='bbox 2920 3766 3050 3820; x_wconf 68' lang='lat' dir='ltr'><strong>Iesu</strong></span> <span class='ocrx_word' id='word_1_845' title='bbox 3075 3766 3333 3821; x_wconf 85' lang='lat' dir='ltr'><strong>Christi.1</strong></span> 
     </span>
    </p>
   </div>
   <div class='ocr_carea' id='block_1_94' title="bbox 1919 3852 3410 3920">
    <p class='ocr_par' dir='ltr' id='par_1_94' title="bbox 1919 3852 3410 3920">
     <span class='ocr_line' id='line_1_94' title="bbox 1919 3852 3410 3920; baseline -0.007 -8"><span class='ocrx_word' id='word_1_846' title='bbox 1919 3858 2185 3912; x_wconf 78' lang='lat' dir='ltr'><strong>Geuitum.</strong></span> <span class='ocrx_word' id='word_1_847' title='bbox 2227 3855 2516 3911; x_wconf 82' lang='lat' dir='ltr'><strong>Proverbia</strong></span> <span class='ocrx_word' id='word_1_848' title='bbox 2546 3873 2560 3907; x_wconf 92' lang='lat'><strong>:</strong></span> <span class='ocrx_word' id='word_1_849' title='bbox 2617 3856 2782 3910; x_wconf 71' lang='lat' dir='ltr'><strong>«Ante</strong></span> <span class='ocrx_word' id='word_1_850' title='bbox 2813 3869 3002 3908; x_wconf 87' lang='lat' dir='ltr'><strong>omnes</strong></span> <span class='ocrx_word' id='word_1_851' title='bbox 3043 3854 3210 3905; x_wconf 79' lang='lat' dir='ltr'><strong>Colles</strong></span> <span class='ocrx_word' id='word_1_852' title='bbox 3243 3852 3410 3920; x_wconf 70' lang='lat' dir='ltr'><strong>gignit</strong></span> 
     </span>
    </p>
   </div>
   <div class='ocr_carea' id='block_1_95' title="bbox 1849 3942 3410 4014">
    <p class='ocr_par' dir='ltr' id='par_1_95' title="bbox 1849 3942 3410 4014">
     <span class='ocr_line' id='line_1_95' title="bbox 1849 3942 3410 4014; baseline -0.008 -13"><span class='ocrx_word' id='word_1_853' title='bbox 1849 3965 1986 4001; x_wconf 88' lang='lat' dir='ltr'><strong>mc.1</strong></span> <span class='ocrx_word' id='word_1_854' title='bbox 2022 3948 2381 4014; x_wconf 79' lang='lat' dir='ltr'><strong>Evangelium</strong></span> <span class='ocrx_word' id='word_1_855' title='bbox 2416 3964 2430 3999; x_wconf 88' lang='lat'><strong>:</strong></span> <span class='ocrx_word' id='word_1_856' title='bbox 2468 3945 2613 4013; x_wconf 76' lang='grc' dir='ltr'><strong>«Εεο</strong></span> <span class='ocrx_word' id='word_1_857' title='bbox 2653 3944 2719 3997; x_wconf 83' lang='lat' dir='ltr'><strong>ad</strong></span> <span class='ocrx_word' id='word_1_858' title='bbox 2752 3946 2852 3997; x_wconf 91' lang='lat' dir='ltr'><strong>hoc</strong></span> <span class='ocrx_word' id='word_1_859' title='bbox 2879 3944 2997 3996; x_wconf 82' lang='lat' dir='ltr'><strong>veni</strong></span> <span class='ocrx_word' id='word_1_860' title='bbox 3023 3951 3076 3994; x_wconf 88' lang='lat' dir='ltr'><strong>et</strong></span> <span class='ocrx_word' id='word_1_861' title='bbox 3095 3942 3159 3994; x_wconf 85' lang='lat' dir='ltr'><strong>ad</strong></span> <span class='ocrx_word' id='word_1_862' title='bbox 3188 3944 3286 3994; x_wconf 78' lang='lat' dir='ltr'><strong>hor</strong></span> <span class='ocrx_word' id='word_1_863' title='bbox 3321 3958 3410 4010; x_wconf 67' lang='lat' dir='ltr'><strong>ge.</strong></span> 
     </span>
    </p>
   </div>
   <div class='ocr_carea' id='block_1_96' title="bbox 1850 4033 3408 4104">
    <p class='ocr_par' dir='ltr' id='par_1_96' title="bbox 1850 4033 3408 4104">
     <span class='ocr_line' id='line_1_96' title="bbox 1850 4033 3408 4104; baseline -0.006 -12"><span class='ocrx_word' id='word_1_864' title='bbox 1850 4041 1994 4093; x_wconf 84' lang='lat' dir='ltr'><strong>nitus</strong></span> <span class='ocrx_word' id='word_1_865' title='bbox 2022 4054 2194 4091; x_wconf 69' lang='lat' dir='ltr'><strong>suum</strong></span> <span class='ocrx_word' id='word_1_866' title='bbox 2231 4037 2502 4091; x_wconf 85' lang='lat' dir='ltr'><strong>Dilectus:</strong></span> <span class='ocrx_word' id='word_1_867' title='bbox 2541 4036 2673 4101; x_wconf 89' lang='lat' dir='ltr'><strong>1Qui</strong></span> <span class='ocrx_word' id='word_1_868' title='bbox 2703 4035 3005 4104; x_wconf 77' lang='lat' dir='ltr'><strong>genitorem</strong></span> <span class='ocrx_word' id='word_1_869' title='bbox 3037 4043 3203 4097; x_wconf 80' lang='lat' dir='ltr'><strong>amat,</strong></span> <span class='ocrx_word' id='word_1_870' title='bbox 3241 4033 3408 4085; x_wconf 76' lang='lat' dir='ltr'><strong>etiam</strong></span> 
     </span>
    </p>
   </div>
   <div class='ocr_carea' id='block_1_97' title="bbox 1850 4131 2311 4199">
    <p class='ocr_par' dir='ltr' id='par_1_97' title="bbox 1850 4131 2311 4199">
     <span class='ocr_line' id='line_1_97' title="bbox 1850 4131 2311 4199; baseline -0.011 -17"><span class='ocrx_word' id='word_1_871' title='bbox 1850 4131 2088 4199; x_wconf 73' lang='lat' dir='ltr'><strong>genitum</strong></span> <span class='ocrx_word' id='word_1_872' title='bbox 2113 4144 2179 4181; x_wconf 81' lang='lat' dir='ltr'><strong>ex</strong></span> <span class='ocrx_word' id='word_1_873' title='bbox 2195 4143 2311 4182; x_wconf 90' lang='lat' dir='ltr'><strong>eo.1</strong></span> 
     </span>
    </p>
   </div>
   <div class='ocr_carea' id='block_1_98' title="bbox 1918 4218 3406 4289">
    <p class='ocr_par' dir='ltr' id='par_1_98' title="bbox 1918 4218 3406 4289">
     <span class='ocr_line' id='line_1_98' title="bbox 1918 4218 3406 4289; baseline -0.004 -14"><span class='ocrx_word' id='word_1_874' title='bbox 1918 4221 2035 4275; x_wconf 78' lang='lat' dir='ltr'><strong>Non</strong></span> <span class='ocrx_word' id='word_1_875' title='bbox 2064 4222 2282 4289; x_wconf 82' lang='lat' dir='ltr'><strong>factum.</strong></span> <span class='ocrx_word' id='word_1_876' title='bbox 2319 4219 2548 4274; x_wconf 88' lang='lat' dir='ltr'><strong>Genitus</strong></span> <span class='ocrx_word' id='word_1_877' title='bbox 2587 4219 2731 4273; x_wconf 85' lang='lat' dir='ltr'><strong>enim</strong></span> <span class='ocrx_word' id='word_1_878' title='bbox 2781 4229 2866 4272; x_wconf 90' lang='lat' dir='ltr'><strong>cst</strong></span> <span class='ocrx_word' id='word_1_879' title='bbox 2891 4257 2904 4281; x_wconf 91' lang='lat'><strong>,</strong></span> <span class='ocrx_word' id='word_1_880' title='bbox 2933 4234 3038 4272; x_wconf 92' lang='lat' dir='ltr'><strong>non</strong></span> <span class='ocrx_word' id='word_1_881' title='bbox 3078 4218 3249 4271; x_wconf 79' lang='lat' dir='ltr'><strong>factus</strong></span> <span class='ocrx_word' id='word_1_882' title='bbox 3282 4233 3406 4271; x_wconf 86' lang='lat' dir='ltr'><strong>cum</strong></span> 
     </span>
    </p>
   </div>
   <div class='ocr_carea' id='block_1_99' title="bbox 1844 4310 3402 4383">
    <p class='ocr_par' dir='ltr' id='par_1_99' title="bbox 1844 4310 3402 4383">
     <span class='ocr_line' id='line_1_99' title="bbox 1844 4310 3402 4383; baseline -0.008 -14"><span class='ocrx_word' id='word_1_883' title='bbox 1844 4316 2132 4378; x_wconf 81' lang='lat' dir='ltr'><strong>creaturis,</strong></span> <span class='ocrx_word' id='word_1_884' title='bbox 2175 4314 2298 4382; x_wconf 86' lang='lat' dir='ltr'><strong>quia</strong></span> <span class='ocrx_word' id='word_1_885' title='bbox 2326 4315 2442 4383; x_wconf 83' lang='lat' dir='ltr'><strong>ipse</strong></span> <span class='ocrx_word' id='word_1_886' title='bbox 2472 4313 2718 4368; x_wconf 84' lang='lat' dir='ltr'><strong>omnium</strong></span> <span class='ocrx_word' id='word_1_887' title='bbox 2781 4321 2999 4365; x_wconf 82' lang='lat' dir='ltr'><strong>creator</strong></span> <span class='ocrx_word' id='word_1_888' title='bbox 3028 4318 3132 4363; x_wconf 90' lang='lat' dir='ltr'><strong>est.</strong></span> <span class='ocrx_word' id='word_1_889' title='bbox 3168 4310 3402 4362; x_wconf 79' lang='lat' dir='ltr'><strong>Paulus:</strong></span> 
     </span>
    </p>
   </div>
   <div class='ocr_carea' id='block_1_100' title="bbox 1853 4401 3404 4474">
    <p class='ocr_par' dir='ltr' id='par_1_100' title="bbox 1853 4401 3404 4474">
     <span class='ocr_line' id='line_1_100' title="bbox 1853 4401 3404 4474; baseline -0.003 -17"><span class='ocrx_word' id='word_1_890' title='bbox 1853 4408 1987 4460; x_wconf 87' lang='lat' dir='ltr'><strong>1Per</strong></span> <span class='ocrx_word' id='word_1_891' title='bbox 2015 4421 2172 4474; x_wconf 77' lang='lat' dir='ltr'><strong>quem</strong></span> <span class='ocrx_word' id='word_1_892' title='bbox 2203 4408 2367 4459; x_wconf 88' lang='lat' dir='ltr'><strong>etiam</strong></span> <span class='ocrx_word' id='word_1_893' title='bbox 2409 4406 2608 4458; x_wconf 60' lang='lat' dir='ltr'><strong>saecula</strong></span> <span class='ocrx_word' id='word_1_894' title='bbox 2643 4403 2938 4458; x_wconf 55' lang='lat' dir='ltr'><strong>condidit»</strong></span> <span class='ocrx_word' id='word_1_895' title='bbox 2975 4401 3134 4455; x_wconf 88' lang='lat' dir='ltr'><strong>Liber</strong></span> <span class='ocrx_word' id='word_1_896' title='bbox 3168 4401 3404 4469; x_wconf 72' lang='lat' dir='ltr'><strong>Sapien-</strong></span> 
     </span>
    </p>
   </div>
   <div class='ocr_carea' id='block_1_101' title="bbox 1851 4498 3098 4565">
    <p class='ocr_par' dir='ltr' id='par_1_101' title="bbox 1851 4498 3098 4565">
     <span class='ocr_line' id='line_1_101' title="bbox 1851 4498 3098 4565; baseline -0.006 -11"><span class='ocrx_word' id='word_1_897' title='bbox 1851 4501 1980 4555; x_wconf 68' lang='lat' dir='ltr'><strong>tite:</strong></span> <span class='ocrx_word' id='word_1_898' title='bbox 2021 4520 2037 4551; x_wconf 89' lang='lat'><strong>1</strong></span> <span class='ocrx_word' id='word_1_899' title='bbox 2071 4499 2172 4565; x_wconf 87' lang='lat' dir='ltr'><strong>Qui</strong></span> <span class='ocrx_word' id='word_1_900' title='bbox 2205 4508 2396 4554; x_wconf 85' lang='lat' dir='ltr'><strong>cuncta</strong></span> <span class='ocrx_word' id='word_1_901' title='bbox 2431 4499 2560 4553; x_wconf 77' lang='lat' dir='ltr'><strong>fecit</strong></span> <span class='ocrx_word' id='word_1_902' title='bbox 2593 4499 2644 4550; x_wconf 90' lang='lat' dir='ltr'><strong>in</strong></span> <span class='ocrx_word' id='word_1_903' title='bbox 2683 4498 2903 4551; x_wconf 81' lang='lat' dir='ltr'><strong>nomine</strong></span> <span class='ocrx_word' id='word_1_904' title='bbox 2935 4507 3045 4549; x_wconf 89' lang='lat' dir='ltr'><strong>tuo.</strong></span> <span class='ocrx_word' id='word_1_905' title='bbox 3081 4514 3098 4546; x_wconf 94' lang='lat'><strong>1</strong></span> 
     </span>
    </p>
   </div>
   <div class='ocr_carea' id='block_1_102' title="bbox 1924 4584 3410 4655">
    <p class='ocr_par' dir='ltr' id='par_1_102' title="bbox 1924 4584 3410 4655">
     <span class='ocr_line' id='line_1_102' title="bbox 1924 4584 3410 4655; baseline -0.005 -12"><span class='ocrx_word' id='word_1_906' title='bbox 1924 4588 2429 4644; x_wconf 77' lang='lat' dir='ltr'><strong>Consubstantialem</strong></span> <span class='ocrx_word' id='word_1_907' title='bbox 2447 4589 2615 4641; x_wconf 80' lang='lat' dir='ltr'><strong>Patri.</strong></span> <span class='ocrx_word' id='word_1_908' title='bbox 2640 4586 2982 4655; x_wconf 81' lang='lat' dir='ltr'><strong>Evangelium</strong></span> <span class='ocrx_word' id='word_1_909' title='bbox 3006 4605 3022 4636; x_wconf 89' lang='lat'><strong>1</strong></span> <span class='ocrx_word' id='word_1_910' title='bbox 3039 4585 3146 4652; x_wconf 82' lang='lat' dir='ltr'><strong>Ego</strong></span> <span class='ocrx_word' id='word_1_911' title='bbox 3165 4596 3223 4641; x_wconf 69' lang='grc' dir='ltr'><strong>ρι</strong></span> <span class='ocrx_word' id='word_1_912' title='bbox 3249 4584 3410 4638; x_wconf 81' lang='lat' dir='ltr'><strong>Pater</strong></span> 
     </span>
    </p>
   </div>
   <div class='ocr_carea' id='block_1_103' title="bbox 1851 4673 3403 4740">
    <p class='ocr_par' dir='ltr' id='par_1_103' title="bbox 1851 4673 3403 4740">
     <span class='ocr_line' id='line_1_103' title="bbox 1851 4673 3403 4740; baseline -0.002 -11"><span class='ocrx_word' id='word_1_913' title='bbox 1851 4694 2022 4729; x_wconf 88' lang='lat' dir='ltr'><strong>unum</strong></span> <span class='ocrx_word' id='word_1_914' title='bbox 2084 4693 2295 4740; x_wconf 81' lang='lat' dir='ltr'><strong>smnus,</strong></span> <span class='ocrx_word' id='word_1_915' title='bbox 2327 4697 2344 4725; x_wconf 83' lang='lat'><strong>1</strong></span> <span class='ocrx_word' id='word_1_916' title='bbox 2380 4688 2466 4732; x_wconf 79' lang='lat' dir='ltr'><strong>et:</strong></span> <span class='ocrx_word' id='word_1_917' title='bbox 2506 4679 2616 4730; x_wconf 82' lang='lat' dir='ltr'><strong>1An</strong></span> <span class='ocrx_word' id='word_1_918' title='bbox 2653 4676 2900 4736; x_wconf 77' lang='lat' dir='ltr'><strong>nescitis,</strong></span> <span class='ocrx_word' id='word_1_919' title='bbox 2936 4689 3018 4726; x_wconf 87' lang='lat' dir='ltr'><strong>tne</strong></span> <span class='ocrx_word' id='word_1_920' title='bbox 3046 4675 3097 4726; x_wconf 92' lang='lat' dir='ltr'><strong>in</strong></span> <span class='ocrx_word' id='word_1_921' title='bbox 3138 4673 3318 4736; x_wconf 81' lang='lat' dir='ltr'><strong>Patre,</strong></span> <span class='ocrx_word' id='word_1_922' title='bbox 3357 4685 3403 4726; x_wconf 86' lang='lat' dir='ltr'><strong>et</strong></span> 
     </span>
    </p>
   </div>
   <div class='ocr_carea' id='block_1_104' title="bbox 1846 4767 3406 4831">
    <p class='ocr_par' dir='ltr' id='par_1_104' title="bbox 1846 4767 3406 4831">
     <span class='ocr_line' id='line_1_104' title="bbox 1846 4767 3406 4831; baseline -0.004 -10"><span class='ocrx_word' id='word_1_923' title='bbox 1846 4769 2058 4822; x_wconf 81' lang='lat' dir='ltr'><strong>Patrem</strong></span> <span class='ocrx_word' id='word_1_924' title='bbox 2086 4769 2136 4821; x_wconf 92' lang='lat' dir='ltr'><strong>in</strong></span> <span class='ocrx_word' id='word_1_925' title='bbox 2188 4783 2270 4821; x_wconf 89' lang='lat' dir='ltr'><strong>me</strong></span> <span class='ocrx_word' id='word_1_926' title='bbox 2311 4783 2488 4828; x_wconf 85' lang='lat' dir='ltr'><strong>esse,1</strong></span> <span class='ocrx_word' id='word_1_927' title='bbox 2538 4780 2637 4821; x_wconf 86' lang='lat' dir='ltr'><strong>et:</strong></span> <span class='ocrx_word' id='word_1_928' title='bbox 2683 4785 2698 4817; x_wconf 91' lang='lat'><strong>1</strong></span> <span class='ocrx_word' id='word_1_929' title='bbox 2740 4768 2841 4831; x_wconf 86' lang='lat' dir='ltr'><strong>Qui</strong></span> <span class='ocrx_word' id='word_1_930' title='bbox 2882 4782 2966 4819; x_wconf 88' lang='lat' dir='ltr'><strong>me</strong></span> <span class='ocrx_word' id='word_1_931' title='bbox 3008 4768 3162 4831; x_wconf 85' lang='lat' dir='ltr'><strong>vidit,</strong></span> <span class='ocrx_word' id='word_1_932' title='bbox 3196 4767 3406 4818; x_wconf 79' lang='lat' dir='ltr'><strong>Patrem</strong></span> 
     </span>
    </p>
   </div>
   <div class='ocr_carea' id='block_1_105' title="bbox 1848 4855 3395 4924">
    <p class='ocr_par' dir='ltr' id='par_1_105' title="bbox 1848 4855 3395 4924">
     <span class='ocr_line' id='line_1_105' title="bbox 1848 4855 3395 4924; baseline -0.001 -13"><span class='ocrx_word' id='word_1_933' title='bbox 1848 4859 2034 4911; x_wconf 83' lang='lat' dir='ltr'><strong>vidit.1</strong></span> <span class='ocrx_word' id='word_1_934' title='bbox 2091 4857 2326 4911; x_wconf 65' lang='lat' dir='ltr'><strong>Paulus:</strong></span> <span class='ocrx_word' id='word_1_935' title='bbox 2387 4855 2517 4922; x_wconf 65' lang='grc' dir='ltr'>ιριιί</span> <span class='ocrx_word' id='word_1_936' title='bbox 2573 4869 2654 4910; x_wconf 89' lang='lat' dir='ltr'><strong>est</strong></span> <span class='ocrx_word' id='word_1_937' title='bbox 2713 4857 2970 4924; x_wconf 78' lang='lat' dir='ltr'><strong>splendor</strong></span> <span class='ocrx_word' id='word_1_938' title='bbox 3034 4873 3395 4924; x_wconf 82' lang='lat' dir='ltr'><strong>repercussus</strong></span> 
     </span>
    </p>
   </div>
   <div class='ocr_carea' id='block_1_106' title="bbox 1850 4947 3408 5017">
    <p class='ocr_par' dir='ltr' id='par_1_106' title="bbox 1850 4947 3408 5017">
     <span class='ocr_line' id='line_1_106' title="bbox 1850 4947 3408 5017; baseline 0.003 -20"><span class='ocrx_word' id='word_1_939' title='bbox 1850 4947 2034 5017; x_wconf 67' lang='lat' dir='ltr'><strong>glorise</strong></span> <span class='ocrx_word' id='word_1_940' title='bbox 2087 4956 2138 4999; x_wconf 85' lang='lat' dir='ltr'><strong>el</strong></span> <span class='ocrx_word' id='word_1_941' title='bbox 2161 4947 2437 4999; x_wconf 87' lang='lat' dir='ltr'><strong>character</strong></span> <span class='ocrx_word' id='word_1_942' title='bbox 2465 4961 2706 5014; x_wconf 66' lang='lat' dir='ltr'><strong>personae</strong></span> <span class='ocrx_word' id='word_1_943' title='bbox 2734 4948 2909 5013; x_wconf 73' lang='lat' dir='ltr'><strong>ejus,1</strong></span> <span class='ocrx_word' id='word_1_944' title='bbox 2960 4955 3013 5000; x_wconf 88' lang='lat' dir='ltr'><strong>ct</strong></span> <span class='ocrx_word' id='word_1_945' title='bbox 3043 4965 3054 5000; x_wconf 93' lang='lat'><strong>:</strong></span> <span class='ocrx_word' id='word_1_946' title='bbox 3092 4967 3107 4998; x_wconf 90' lang='lat'><strong>1</strong></span> <span class='ocrx_word' id='word_1_947' title='bbox 3148 4947 3248 5010; x_wconf 87' lang='lat' dir='ltr'><strong>Qui</strong></span> <span class='ocrx_word' id='word_1_948' title='bbox 3283 4964 3408 5002; x_wconf 83' lang='lat' dir='ltr'><strong>cum</strong></span> 
     </span>
    </p>
   </div>
   <div class='ocr_carea' id='block_1_107' title="bbox 1849 5038 3406 5106">
    <p class='ocr_par' dir='ltr' id='par_1_107' title="bbox 1849 5038 3406 5106">
     <span class='ocr_line' id='line_1_107' title="bbox 1849 5038 3406 5106; baseline 0.001 -15"><span class='ocrx_word' id='word_1_949' title='bbox 1849 5048 1992 5093; x_wconf 89' lang='lat' dir='ltr'><strong>esset</strong></span> <span class='ocrx_word' id='word_1_950' title='bbox 2024 5040 2075 5091; x_wconf 90' lang='lat' dir='ltr'><strong>in</strong></span> <span class='ocrx_word' id='word_1_951' title='bbox 2113 5038 2280 5093; x_wconf 78' lang='lat' dir='ltr'><strong>forma</strong></span> <span class='ocrx_word' id='word_1_952' title='bbox 2335 5040 2450 5100; x_wconf 89' lang='lat' dir='ltr'><strong>Dei,</strong></span> <span class='ocrx_word' id='word_1_953' title='bbox 2488 5039 2732 5106; x_wconf 82' lang='lat' dir='ltr'><strong>rapinam</strong></span> <span class='ocrx_word' id='word_1_954' title='bbox 2771 5054 2889 5093; x_wconf 84' lang='lat' dir='ltr'><strong>esse</strong></span> <span class='ocrx_word' id='word_1_955' title='bbox 2921 5055 3027 5092; x_wconf 87' lang='lat' dir='ltr'><strong>non</strong></span> <span class='ocrx_word' id='word_1_956' title='bbox 3055 5041 3406 5105; x_wconf 75' lang='lat' dir='ltr'><strong>existimavit,</strong></span> 
     </span>
    </p>
   </div>
   <div class='ocr_carea' id='block_1_108' title="bbox 1850 5131 3409 5200">
    <p class='ocr_par' dir='ltr' id='par_1_108' title="bbox 1850 5131 3409 5200">
     <span class='ocr_line' id='line_1_108' title="bbox 1850 5131 3409 5200; baseline 0.004 -19"><span class='ocrx_word' id='word_1_957' title='bbox 1850 5133 1991 5200; x_wconf 85' lang='lat' dir='ltr'><strong>quod</strong></span> <span class='ocrx_word' id='word_1_958' title='bbox 2036 5131 2143 5185; x_wconf 91' lang='lat' dir='ltr'><strong>Deo</strong></span> <span class='ocrx_word' id='word_1_959' title='bbox 2176 5147 2270 5200; x_wconf 86' lang='lat' dir='ltr'><strong>par</strong></span> <span class='ocrx_word' id='word_1_960' title='bbox 2293 5139 2456 5196; x_wconf 86' lang='lat' dir='ltr'><strong>esset,</strong></span> <span class='ocrx_word' id='word_1_961' title='bbox 2496 5133 2586 5186; x_wconf 87' lang='lat' dir='ltr'><strong>sed</strong></span> <span class='ocrx_word' id='word_1_962' title='bbox 2623 5132 2737 5198; x_wconf 90' lang='lat' dir='ltr'><strong>ipsc</strong></span> <span class='ocrx_word' id='word_1_963' title='bbox 2771 5147 2890 5184; x_wconf 86' lang='lat' dir='ltr'><strong>sese</strong></span> <span class='ocrx_word' id='word_1_964' title='bbox 2918 5133 3186 5199; x_wconf 79' lang='lat' dir='ltr'><strong>spoliavit,</strong></span> <span class='ocrx_word' id='word_1_965' title='bbox 3234 5131 3409 5188; x_wconf 84' lang='lat' dir='ltr'><strong>forma</strong></span> 
     </span>
    </p>
   </div>
   <div class='ocr_carea' id='block_1_109' title="bbox 1853 5224 2257 5276">
    <p class='ocr_par' dir='ltr' id='par_1_109' title="bbox 1853 5224 2257 5276">
     <span class='ocr_line' id='line_1_109' title="bbox 1853 5224 2257 5276; baseline -0.01 0"><span class='ocrx_word' id='word_1_966' title='bbox 1853 5224 1991 5276; x_wconf 77' lang='lat' dir='ltr'><strong>servi</strong></span> <span class='ocrx_word' id='word_1_967' title='bbox 2020 5224 2257 5276; x_wconf 79' lang='lat' dir='ltr'><strong>indutu.1</strong></span> 
     </span>
    </p>
   </div>
   <div class='ocr_carea' id='block_1_110' title="bbox 1924 5314 3406 5385">
    <p class='ocr_par' dir='ltr' id='par_1_110' title="bbox 1924 5314 3406 5385">
     <span class='ocr_line' id='line_1_110' title="bbox 1924 5314 3406 5385; baseline 0.001 -19"><span class='ocrx_word' id='word_1_968' title='bbox 1924 5314 2027 5366; x_wconf 82' lang='lat' dir='ltr'><strong>Per</strong></span> <span class='ocrx_word' id='word_1_969' title='bbox 2051 5331 2199 5382; x_wconf 87' lang='lat' dir='ltr'><strong>quem</strong></span> <span class='ocrx_word' id='word_1_970' title='bbox 2226 5317 2403 5366; x_wconf 86' lang='lat' dir='ltr'><strong>omnia</strong></span> <span class='ocrx_word' id='word_1_971' title='bbox 2432 5325 2574 5383; x_wconf 64' lang='grc' dir='ltr'>,αι-ια</span> <span class='ocrx_word' id='word_1_972' title='bbox 2627 5328 2766 5368; x_wconf 76' lang='lat' dir='ltr'><strong>sunt.</strong></span> <span class='ocrx_word' id='word_1_973' title='bbox 2810 5315 3042 5369; x_wconf 86' lang='lat' dir='ltr'><strong>Paulus:</strong></span> <span class='ocrx_word' id='word_1_974' title='bbox 3092 5315 3223 5369; x_wconf 84' lang='lat' dir='ltr'><strong>1Per</strong></span> <span class='ocrx_word' id='word_1_975' title='bbox 3247 5332 3406 5385; x_wconf 87' lang='lat' dir='ltr'><strong>quem</strong></span> 
     </span>
    </p>
   </div>
   <div class='ocr_carea' id='block_1_111' title="bbox 1854 5405 3406 5475">
    <p class='ocr_par' dir='ltr' id='par_1_111' title="bbox 1854 5405 3406 5475">
     <span class='ocr_line' id='line_1_111' title="bbox 1854 5405 3406 5475; baseline 0.001 -16"><span class='ocrx_word' id='word_1_976' title='bbox 1854 5408 2049 5459; x_wconf 65' lang='lat' dir='ltr'><strong>saecula</strong></span> <span class='ocrx_word' id='word_1_977' title='bbox 2083 5405 2256 5470; x_wconf 80' lang='lat' dir='ltr'><strong>fecit,1</strong></span> <span class='ocrx_word' id='word_1_978' title='bbox 2287 5417 2375 5460; x_wconf 90' lang='lat' dir='ltr'><strong>et:</strong></span> <span class='ocrx_word' id='word_1_979' title='bbox 2407 5426 2423 5457; x_wconf 90' lang='lat'><strong>1</strong></span> <span class='ocrx_word' id='word_1_980' title='bbox 2445 5406 2650 5460; x_wconf 70' lang='lat' dir='ltr'><strong>Cuncta</strong></span> <span class='ocrx_word' id='word_1_981' title='bbox 2686 5423 2778 5475; x_wconf 84' lang='lat' dir='ltr'><strong>per</strong></span> <span class='ocrx_word' id='word_1_982' title='bbox 2807 5425 2933 5460; x_wconf 83' lang='lat' dir='ltr'><strong>eum</strong></span> <span class='ocrx_word' id='word_1_983' title='bbox 2965 5418 3016 5460; x_wconf 85' lang='lat' dir='ltr'><strong>et</strong></span> <span class='ocrx_word' id='word_1_984' title='bbox 3038 5409 3104 5461; x_wconf 80' lang='lat' dir='ltr'><strong>ad</strong></span> <span class='ocrx_word' id='word_1_985' title='bbox 3128 5424 3249 5462; x_wconf 89' lang='lat' dir='ltr'><strong>cum</strong></span> <span class='ocrx_word' id='word_1_986' title='bbox 3272 5424 3406 5461; x_wconf 85' lang='lat' dir='ltr'><strong>con-</strong></span> 
     </span>
    </p>
   </div>
   <div class='ocr_carea' id='block_1_112' title="bbox 1854 5501 3405 5568">
    <p class='ocr_par' dir='ltr' id='par_1_112' title="bbox 1854 5501 3405 5568">
     <span class='ocr_line' id='line_1_112' title="bbox 1854 5501 3405 5568; baseline 0.001 -17"><span class='ocrx_word' id='word_1_987' title='bbox 1854 5501 1961 5553; x_wconf 81' lang='lat' dir='ltr'><strong>dita</strong></span> <span class='ocrx_word' id='word_1_988' title='bbox 2000 5509 2144 5563; x_wconf 87' lang='lat' dir='ltr'><strong>sunt,</strong></span> <span class='ocrx_word' id='word_1_989' title='bbox 2181 5518 2200 5550; x_wconf 88' lang='lat'><strong>1</strong></span> <span class='ocrx_word' id='word_1_990' title='bbox 2237 5509 2290 5552; x_wconf 81' lang='lat' dir='ltr'><strong>et</strong></span> <span class='ocrx_word' id='word_1_991' title='bbox 2319 5516 2331 5550; x_wconf 92' lang='lat'><strong>:</strong></span> <span class='ocrx_word' id='word_1_992' title='bbox 2372 5501 2523 5568; x_wconf 80' lang='lat' dir='ltr'><strong>tlpse</strong></span> <span class='ocrx_word' id='word_1_993' title='bbox 2553 5512 2677 5554; x_wconf 86' lang='lat' dir='ltr'><strong>ante</strong></span> <span class='ocrx_word' id='word_1_994' title='bbox 2703 5502 2888 5554; x_wconf 77' lang='lat' dir='ltr'><strong>omnia</strong></span> <span class='ocrx_word' id='word_1_995' title='bbox 2921 5512 3022 5566; x_wconf 89' lang='lat' dir='ltr'><strong>est,</strong></span> <span class='ocrx_word' id='word_1_996' title='bbox 3060 5511 3112 5554; x_wconf 85' lang='lat' dir='ltr'><strong>et</strong></span> <span class='ocrx_word' id='word_1_997' title='bbox 3145 5505 3325 5554; x_wconf 87' lang='lat' dir='ltr'><strong>omnia</strong></span> <span class='ocrx_word' id='word_1_998' title='bbox 3355 5504 3405 5553; x_wconf 92' lang='lat' dir='ltr'><strong>in</strong></span> 
     </span>
    </p>
   </div>
   <div class='ocr_carea' id='block_1_113' title="bbox 1856 5590 3406 5660">
    <p class='ocr_par' dir='ltr' id='par_1_113' title="bbox 1856 5590 3406 5660">
     <span class='ocr_line' id='line_1_113' title="bbox 1856 5590 3406 5660; baseline 0 -17"><span class='ocrx_word' id='word_1_999' title='bbox 1856 5593 1974 5660; x_wconf 89' lang='lat' dir='ltr'><strong>ipso</strong></span> <span class='ocrx_word' id='word_1_1000' title='bbox 2007 5590 2366 5645; x_wconf 51' lang='lat' dir='ltr'><strong>consistunt»</strong></span> <span class='ocrx_word' id='word_1_1001' title='bbox 2403 5592 2786 5660; x_wconf 79' lang='lat' dir='ltr'><strong>Evangelium:</strong></span> <span class='ocrx_word' id='word_1_1002' title='bbox 2830 5593 3067 5646; x_wconf 89' lang='lat' dir='ltr'><strong>1Cuucta</strong></span> <span class='ocrx_word' id='word_1_1003' title='bbox 3103 5607 3194 5660; x_wconf 90' lang='lat' dir='ltr'><strong>per</strong></span> <span class='ocrx_word' id='word_1_1004' title='bbox 3231 5592 3406 5660; x_wconf 89' lang='lat' dir='ltr'><strong>ipsum</strong></span> 
     </span>
    </p>
   </div>
   <div class='ocr_carea' id='block_1_114' title="bbox 1858 5679 3405 5750">
    <p class='ocr_par' dir='ltr' id='par_1_114' title="bbox 1858 5679 3405 5750">
     <span class='ocr_line' id='line_1_114' title="bbox 1858 5679 3405 5750; baseline 0 -18"><span class='ocrx_word' id='word_1_1005' title='bbox 1858 5682 1992 5734; x_wconf 77' lang='lat' dir='ltr'><strong>facta</strong></span> <span class='ocrx_word' id='word_1_1006' title='bbox 2015 5690 2138 5733; x_wconf 89' lang='lat' dir='ltr'><strong>sunt</strong></span> <span class='ocrx_word' id='word_1_1007' title='bbox 2165 5689 2217 5733; x_wconf 91' lang='lat' dir='ltr'><strong>et</strong></span> <span class='ocrx_word' id='word_1_1008' title='bbox 2236 5681 2350 5734; x_wconf 91' lang='lat' dir='ltr'><strong>siue</strong></span> <span class='ocrx_word' id='word_1_1009' title='bbox 2371 5682 2489 5750; x_wconf 90' lang='lat' dir='ltr'><strong>ipso</strong></span> <span class='ocrx_word' id='word_1_1010' title='bbox 2509 5683 2640 5734; x_wconf 86' lang='lat' dir='ltr'><strong>nihil</strong></span> <span class='ocrx_word' id='word_1_1011' title='bbox 2671 5681 2871 5736; x_wconf 79' lang='lat' dir='ltr'><strong>factum</strong></span> <span class='ocrx_word' id='word_1_1012' title='bbox 2893 5692 2996 5740; x_wconf 81' lang='lat' dir='ltr'><strong>est,</strong></span> <span class='ocrx_word' id='word_1_1013' title='bbox 3023 5682 3168 5748; x_wconf 86' lang='lat' dir='ltr'><strong>quod</strong></span> <span class='ocrx_word' id='word_1_1014' title='bbox 3203 5679 3405 5734; x_wconf 81' lang='lat' dir='ltr'><strong>iactum</strong></span> 
     </span>
    </p>
   </div>
   <div class='ocr_carea' id='block_1_115' title="bbox 1847 5770 3410 5829">
    <p class='ocr_par' dir='ltr' id='par_1_115' title="bbox 1847 5770 3410 5829">
     <span class='ocr_line' id='line_1_115' title="bbox 1847 5770 3410 5829; baseline 0.001 -3"><span class='ocrx_word' id='word_1_1015' title='bbox 1847 5781 1990 5826; x_wconf 52' lang='lat' dir='ltr'><strong>est»</strong></span> <span class='ocrx_word' id='word_1_1016' title='bbox 2029 5770 2350 5829; x_wconf 86' lang='lat' dir='ltr'><strong>Proverbia:</strong></span> <span class='ocrx_word' id='word_1_1017' title='bbox 2389 5774 2554 5826; x_wconf 84' lang='lat' dir='ltr'><strong>1Ante</strong></span> <span class='ocrx_word' id='word_1_1018' title='bbox 2600 5775 2800 5826; x_wconf 80' lang='lat' dir='ltr'><strong>saecula</strong></span> <span class='ocrx_word' id='word_1_1019' title='bbox 2845 5774 3088 5826; x_wconf 87' lang='lat' dir='ltr'><strong>condidit</strong></span> <span class='ocrx_word' id='word_1_1020' title='bbox 3124 5786 3264 5825; x_wconf 88' lang='lat' dir='ltr'><strong>me.1</strong></span> <span class='ocrx_word' id='word_1_1021' title='bbox 3299 5770 3410 5827; x_wconf 86' lang='lat' dir='ltr'><strong>Hoc</strong></span> 
     </span>
    </p>
   </div>
   <div class='ocr_carea' id='block_1_116' title="bbox 273 5863 3412 5936">
    <p class='ocr_par' dir='ltr' id='par_1_116' title="bbox 273 5863 3412 5936">
     <span class='ocr_line' id='line_1_116' title="bbox 273 5863 3412 5936; baseline 0.002 -20"><span class='ocrx_word' id='word_1_1022' title='bbox 273 5863 440 5918; x_wconf 77' lang='lat' dir='ltr'><strong>Deum</strong></span> <span class='ocrx_word' id='word_1_1023' title='bbox 496 5881 674 5920; x_wconf 79' lang='lat' dir='ltr'><strong>verum</strong></span> <span class='ocrx_word' id='word_1_1024' title='bbox 735 5866 798 5921; x_wconf 78' lang='lat' dir='ltr'><strong>de</strong></span> <span class='ocrx_word' id='word_1_1025' title='bbox 860 5867 969 5922; x_wconf 82' lang='lat' dir='ltr'><strong>Deo</strong></span> <span class='ocrx_word' id='word_1_1026' title='bbox 1020 5884 1159 5922; x_wconf 81' lang='lat' dir='ltr'><strong>vero.</strong></span> <span class='ocrx_word' id='word_1_1027' title='bbox 1196 5867 1464 5923; x_wconf 82' lang='lat' dir='ltr'><strong>Dilectus:</strong></span> <span class='ocrx_word' id='word_1_1028' title='bbox 1517 5867 1647 5924; x_wconf 77' lang='lat' dir='ltr'><strong>tilic</strong></span> <span class='ocrx_word' id='word_1_1029' title='bbox 1677 5878 1759 5924; x_wconf 88' lang='lat' dir='ltr'><strong>cst</strong></span> <span class='ocrx_word' id='word_1_1030' title='bbox 1861 5877 2040 5924; x_wconf 84' lang='lat' dir='ltr'><strong>autem</strong></span> <span class='ocrx_word' id='word_1_1031' title='bbox 2065 5867 2199 5923; x_wconf 81' lang='lat' dir='ltr'><strong>vivae</strong></span> <span class='ocrx_word' id='word_1_1032' title='bbox 2231 5868 2504 5936; x_wconf 81' lang='lat' dir='ltr'><strong>sapientiae</strong></span> <span class='ocrx_word' id='word_1_1033' title='bbox 2545 5870 2662 5936; x_wconf 81' lang='lat' dir='ltr'><strong>ejus</strong></span> <span class='ocrx_word' id='word_1_1034' title='bbox 2692 5871 2743 5925; x_wconf 90' lang='lat' dir='ltr'><strong>in</strong></span> <span class='ocrx_word' id='word_1_1035' title='bbox 2775 5868 2935 5924; x_wconf 85' lang='lat' dir='ltr'><strong>Patre</strong></span> <span class='ocrx_word' id='word_1_1036' title='bbox 2961 5876 3084 5924; x_wconf 87' lang='lat' dir='ltr'><strong>ante</strong></span> <span class='ocrx_word' id='word_1_1037' title='bbox 3118 5881 3279 5923; x_wconf 86' lang='lat' dir='ltr'><strong>omne</strong></span> <span class='ocrx_word' id='word_1_1038' title='bbox 3309 5882 3412 5925; x_wconf 71' lang='lat' dir='ltr'><strong>sae-</strong></span> 
     </span>
    </p>
   </div>
  </div>
