4112 6450
722 427 854 492 1007

1937 437 2250 498 GEORGII
2293 438 2714 502 PIIRANTZE

3814 444 3937 513 1008

716 542 971 609 ἀκίνητον
1022 539 1248 612 ἵδρυσιν,
1282 561 1355 606 ως
1395 547 1487 597 καὶ
1542 548 1619 607 τδλ,
1658 565 1675 597 ‹
1722 547 1917 614 Κύριος
1965 550 2146 604 ἔκτισέ
2201 568 2266 619 με
2298 556 2339 609 Α
2374 552 2478 621 γὰρ
2498 555 2637 609 Θεὸς
2689 559 2782 610 τὸν
2836 559 3031 612 ἑαυτοῦ
3071 561 3197 614 Υίὸν
3254 559 3469 630 πέμψας
3529 562 3587 614 ιν
3628 562 3938 633 ὁμοιώματι

718 633 889 703 ἀρχὴν
915 633 1048 687 ὁδῶν
1084 635 1246 688 αὑτοῦ
1283 640 1361 699 είς
1394 638 1552 705 ἔργον
1584 640 1772 705 αὐτοῦ,
1817 660 1833 691 »
1867 644 1964 711 τὴν
1996 643 2268 715 ἔνανορώι

727 741 894 792 πησιν
925 729 1312 797 προσημαίνει,
1340 732 1405 784 δι’
1431 726 1497 803 ἧς
1530 735 1596 785 τὰ
1628 736 1837 801 μεγάλα
1867 735 2003 804 ἔργα
2038 739 2136 804 τῆς
2163 757 2268 791 σω-

718 817 913 885 τηρίας
965 820 1118 889 ἡμῶν
1165 822 1563 888 κατειργάσατο
1624 825 1867 894 ὕστερον.
1911 829 1995 889 Ὠς
2046 828 2140 880 καὶ
2190 828 2266 893 τὸ,

724 926 742 959 «
792 908 853 961 Ὀ
880 909 1010 973 Θεὸς
1044 915 1111 981 τῇ
1142 913 1301 983 σοφίᾳ
1328 914 1656 983 ἐθεμελίωσε
1698 918 1797 986 τὴν
1836 919 1956 986 γῆν,
2000 938 2017 970 »
2052 919 2117 970 τὰ
2147 917 2269 985 ἑξῆς

718 998 856 1066 ἔργα
894 1001 1090 1070 δηλῶν,
1118 1004 1212 1054 καὶ
1421 1006 1502 1070 τὸ,
1542 1024 1559 1057 «
1595 1007 1777 1059 Πάντα
1812 1009 1869 1059 ἐν
1902 1008 2059 1078 σοφίᾳ
2086 1007 2268 1076 tuoin-

723 1107 842 1151 σας,
876 1110 894 1142 »
932 1092 1022 1144 καὶ
1043 1095 1122 1156 τὸ,
1156 1114 1174 1143 «
1220 1093 1276 1144 '0
1307 1098 1537 1164 ποιήσας
1557 1098 1623 1149 τὰ
1651 1099 1825 1150 πάντα
1865 1100 1921 1150 ἐν
1946 1097 2089 1167 λόγῳ
2106 1115 2219 1152 σου.
2246 1118 2264 1149 »

719 1180 791 1232 Τὸ
808 1182 885 1244 δὲ,
909 1200 927 1231 «
954 1184 1153 1253 Κύριος
1174 1187 1351 1239 ἔκτισέ
1384 1204 1469 1256 με,
1497 1206 1514 1238 »
1539 1190 1668 1255 cpqu
1689 1190 1781 1241 καὶ
1803 1189 1921 1241 ἀντὶ
1950 1189 2040 1241 τοῦ
2070 1188 2272 1253 κτίζειν

719 1274 814 1324 καὶ
841 1273 1196 1342 δημιουργεῖν
1233 1278 1300 1329 τὰ
1332 1277 1468 1345 ἔργα
1504 1278 1665 1330 αὑτοῦ
1691 1279 1759 1331 δι’
1786 1280 1923 1348 ἐμοῦ
1957 1281 2051 1347 τῆς
2080 1280 2273 1347 σοφίας

719 1361 883 1413 αὐτοῦ
914 1364 1194 1430 εύδόκητε.
1233 1368 1339 1419 Καὶ
1372 1369 1398 1419 ὁ
1424 1369 1590 1422 Δαὸὶδ
1614 1369 1773 1421 τοῦτο
1801 1373 2091 1439 μαρτυρεῖ·
2128 1389 2146 1421 ι
2183 1370 2274 1440 Τῷ

718 1452 862 1521 λόγῳ
898 1457 1103 1523 Κυρίου
1141 1459 1189 1509 οί
1228 1458 1444 1526 οὐρανοὶ
1489 1456 1915 1531 ἐστερεώθησαν.
1953 1480 1972 1513 »
2008 1462 2276 1531 Καθαρωι

717 1546 892 1612 τέρως
944 1549 1034 1600 καὶ
1092 1550 1191 1619 τὴν
1237 1552 1325 1604 διὰ
1376 1554 1579 1621 σαρκὸς
1632 1552 1796 1607 αὐτοῦ
1842 1554 2164 1618 ἐπιφάνειαν
2217 1554 2275 1605 τδ

725 1655 742 1686 «
785 1638 987 1707 Κύριος
1021 1641 1200 1696 ἔκτισέ
1240 1660 1304 1710 με
1344 1662 1361 1694 »
1391 1644 1649 1707 διδάσκει,
1678 1647 1752 1710 ὡς
1779 1645 2010 1714 ἔφημεν.

792 1730 901 1782 Τὸν
952 1731 1025 1785 δι’
1063 1734 1216 1801 ἡμᾶς
1248 1735 1389 1801 τοὺς
1434 1736 1803 1803 ἀνθρώπους.
1852 1737 2086 1803 Παύπου,
2130 1754 2152 1788 ι
2195 1736 2275 1789 Τὰ

716 1821 824 1890 γὰρ
864 1822 1038 1875 πάντα
1060 1825 1127 1877 δι’
1154 1828 1319 1892 ἡμᾶς.
1364 1846 1380 1877 »
1418 1829 1546 1890 Kal,
1587 1847 1604 1878 «
1642 1830 1702 1881 Εί
1734 1829 1909 1890 sese;
1928 1830 2067 1898 ὑπὲρ
2093 1828 2269 1897 ἡμῶν,

720 1914 800 1975 τίς
840 1915 959 1968 καθ’
992 1916 1179 1985 ήμῶν;
1210 1921 1266 1981 ὃς
1309 1937 1369 1985 γε
1406 1920 1496 1972 τοῦ
1525 1921 1654 1973 ίδίου
1684 1920 1813 1973 Υίοῦ
1856 1921 1956 1972 οὐκ
1999 1920 2271 1989 ἐφείσατο,

718 2007 812 2060 καὶ
864 2007 1004 2077 ὑπὲρ
1051 2010 1207 2077 ἡμῶν
1254 2012 1479 2065 πάντων
1511 2012 1827 2081 παρέδωκεν
1865 2012 2046 2065 αὐτόν.
2092 2031 2109 2063 »
2148 2012 2272 2073 Καὶ,

724 2117 742 2148 «
786 2098 938 2152 Ἐπεὶ
963 2102 1030 2153 τὰ
1053 2103 1241 2156 παιδία
1268 2103 1631 2173 κεκοινώνηκε
1666 2105 1867 2173 σαρκὸς
1902 2104 1994 2155 καὶ
2021 2104 2273 2172 αἵματος,

718 2192 813 2244 καὶ
848 2192 1008 2252 αὐτὸς
1039 2194 1432 2263 παραπλησίως
1467 2197 1693 2265 μετέαχε
1735 2195 1843 2248 τῶν
1872 2195 2074 2247 αὐτῶν.
2110 2213 2129 2246 »

785 2284 895 2337 Kal
914 2283 1010 2337 διὰ
1032 2284 1146 2352 τὴν
1170 2287 1464 2354 ἡμετέραν
1485 2288 1806 2355 σωτηρίαν.
1837 2287 2081 2348 Ἡσαΐου,
2117 2305 2134 2338 «
2164 2288 2275 2339 Οὐκ

716 2377 970 2444 ἄγγελος,
1024 2380 1085 2431 ού
1117 2379 1377 2449 πρέσϐυς,
1410 2381 1526 2433 ἀλλ’
1568 2381 1785 2441 αὐτὸςὸ
1813 2380 2010 2449 Κύριος
2064 2378 2275 2438 ἔσωσας

719 2472 886 2537 ἡμᾶς.
929 2491 947 2524 »
981 2472 1212 2543 Πέτρου,
1251 2491 1269 2524 t
1316 2473 1452 2542 Περὶ
1508 2469 1573 2545 ἦς
1628 2473 1898 2541 σωτηρίας
1946 2470 2276 2541 ἐξεζήτησαν

717 2563 1018 2632 προφῆται.
1074 2584 1092 2617 »
1132 2566 1484 2634 Εὑαγγελίου,
1533 2585 1551 2617 «
1586 2569 1697 2620 Οὐκ
1760 2562 1921 2635 ἦλθον
1961 2566 2048 2617 ἵνα
2106 2562 2277 2633 κρίνω

717 2654 809 2707 τὸν
865 2655 1089 2724 κόσμον,
1149 2659 1261 2710 ἀλλ’
1318 2658 1404 2713 ἵνα
1460 2660 1617 2711 σώσω
1668 2658 1762 2711 τὸν
1818 2659 2044 2726 κόσμον,
2101 2673 2119 2705 »
2159 2656 2273 2716 καὶ.

725 2764 743 2796 «
785 2746 902 2800 Ἵνα
938 2749 1083 2818 σωθῇ
1134 2751 1161 2803 ὀ
1209 2751 1412 2818 κόσμος
1464 2750 1533 2803 δι’
1571 2749 1755 2813 αὐτοῦ,
1805 2768 1821 2799 »
1875 2751 1985 2813 καὶ,
2023 2765 2041 2798 «
2083 2748 2271 2815 Ὀτιή

719 2838 959 2906 σωτηρία
990 2840 1051 2890 ἐκ
1072 2839 1181 2891 τῶν
1212 2840 1484 2893 Ἰουδαίων
1508 2843 1645 2901 ἐστὶ,
1680 2859 1697 2890 »
1726 2841 1841 2902 καὶ,
1880 2859 1896 2891 ι
1931 2834 2098 2902 Οὗτός
2128 2841 2277 2892 ἐστιν

718 2929 746 2979 ὁ
782 2928 971 2997 Σωτὴρ
999 2930 1093 2983 τοῦ
1126 2930 1357 3000 κόσμου,
1384 2932 1413 2984 ό
1443 2932 1697 3000 Χριστός.
1744 2950 1764 2982 »

790 3020 1166 3073 Κατελθόγτα
1192 3021 1257 3074 ἐκ
1276 3019 1400 3073 τῶν
1430 3018 1721 3087 οὐρανῶν.
1756 3019 1991 3080 Παύλου,
2022 3036 2040 3068 «
2088 3017 2150 3073 Ὀ
2181 3035 2277 3071 κα-

2372 645 2574 714 σαρκὸς
2608 648 2898 716 ἁμαρτίας.
2943 669 2962 701 »

2443 737 2551 790 Kal
2582 740 2969 806 σαρκωθέντα
3000 744 3068 797 ἐκ
3103 746 3448 813 Πνεύματος
3477 747 3657 813 ἁγίου
3698 745 3805 797 καί
3838 749 3944 799 Ma-

2366 827 2505 893 p/ac
2535 828 2643 895 τῆς
2696 833 3025 899 Παρθένου.
3073 836 3319 898 Ἡσαΐου,
3365 855 3383 887 ε
3425 836 3555 889 Ἰδοὺ
3600 839 3634 900 ἡ
3676 835 3945 903 Παρθέ-ιος

2372 921 2428 971 ὲν
2483 924 2686 993 γαστρὶ
2738 924 2849 988 ἔξει
2902 928 2995 979 καὶ
3054 928 3264 991 τέξεται
3321 929 3456 979 υἱόν.
3503 946 3523 979 »
3590 923 3943 993 Εύαγγελίου.

2379 1030 2396 1060 «
2429 1014 2539 1064 Καὶ
2572 1015 2682 1078 πῶς
2713 1016 2865 1069 ἔσται
2893 1035 2981 1085 μοι
3009 1019 3191 1080 τοῦτο,
3226 1020 3347 1070 ἐπεὶ
3381 1019 3551 1088 ἄνδρα
3573 1019 3638 1072 σύ
3661 1018 3947 1085 γινώσκως

2374 1104 2466 1173 Μὴ
2506 1104 2696 1173 φοϐοῦ,
2736 1109 3002 1175 Μαριάμ·
3052 1110 3161 1162 ίδοὺ
3201 1110 3450 1180 συλλήψῃ
3497 1112 3557 1162 ὲν
3597 1111 3818 1178 γαστρὶ
3868 1109 3948 1161 καὶ

2373 1194 2500 1264 τέξῃ
2535 1196 2684 1248 υίόν·
2737 1198 2961 1265 Πνεῦμα
3017 1200 3174 1267 ἅγιον
3215 1202 3570 1255 ἐπελεύσεται
3601 1202 3700 1253 ἐπὶ
3752 1201 3837 1264 σὲ,
3868 1203 3949 1252 καὶ

2372 1285 2604 1355 δύναμις
2647 1286 2903 1357 Ὑψίστου
2948 1292 3257 1345 ἐπισκιάσει
3305 1309 3408 1346 σοι.
3452 1312 3473 1345 ι
3525 1293 3637 1345 Καὶ
3675 1292 3824 1359 πρὸς
3870 1292 3949 1342 τὸν

2386 1376 2607 1449 Ἰωσὴφ,
2640 1399 2658 1432 «
2705 1381 2779 1433 Τὸ
2809 1382 2916 1450 γὰρ
2964 1385 3021 1435 ὲν
3053 1384 3191 1453 αὐτῇ
3230 1385 3490 1455 γεννηθὲν
3518 1386 3581 1436 ὲκ
3638 1384 3950 1450 Πνεύματός

2375 1470 2521 1523 ἐστιν
2551 1470 2709 1538 ἁγίου
2733 1486 2746 1500 ·
2786 1473 3006 1525 καὶούκ
3038 1474 3338 1540 ἐγίνωσκεν
3367 1467 3536 1542 ἆύτὴν
3568 1475 3681 1536 ἕως
3711 1467 3778 1525 οὗ
3809 1473 3949 1525 Eme:

2373 1562 2464 1614 τὸν
2496 1562 2608 1615 υίδν
2641 1564 2811 1631 αὐτῆς
2851 1564 2941 1616 τὸν
2979 1568 3347 1633 πρωτότοκον.
3386 1585 3404 1617 »
3444 1567 3685 1630 Παύλου,
3730 1564 3950 1627 ιἘξαπ-

2374 1651 2618 1703 έστειλεν
2646 1654 2673 1703 6
2704 1652 2957 1716 Θεὺςιτδν
2990 1654 3119 1706 Υίδιν
3162 1655 3327 1707 αὑτοῦ
3378 1655 3733 1722 γεννώμενον
3769 1658 3830 1705 ἐκ
3862 1672 3951 1717 γυ-

2376 1741 2580 1802 ναικὸς,
2623 1760 2641 1791 «
2677 1742 2792 1805 καὶ,
2832 1762 2849 1793 «
2895 1743 2952 1796 '0
2987 1745 3158 1811 Λόγος
3186 1745 3323 1811 σὰρξ
3374 1746 3596 1813 ἐγένετο
3640 1746 3739 1797 καὶ
3791 1747 3950 1813 ἐσκή-

2377 1847 2548 1882 νωσεν
2578 1833 2635 1882 ὲν
2664 1835 2817 1900 ἡμῖν.
2853 1850 2871 1882 »

2446 1922 2553 1976 Kal
2582 1922 3155 1990 ὲνανθρωπήσαντα.
3199 1924 3435 1988 Παύλου,
3470 1942 3490 1975 «
3531 1918 3642 1985 ³ος
3677 1926 3743 1977 ἐν
3776 1928 3952 1995 μορῄ

2374 2012 2510 2066 Θεοῦ
2546 2014 2806 2084 ὑπάρχων
2837 2014 2935 2083 ούχ
2968 2016 3265 2086 ἁρπαγμὸν
3294 2016 3545 2086 ἡγήσατο
3574 2019 3637 2069 τὸ
3664 2012 3818 2070 εῖναι
3872 2020 3955 2069 ἴσα

2374 2103 2512 2173 Θεῷ,
2528 2104 2643 2157 ἀλλ’
2667 2106 2859 2157 ἐαυτὶν
2880 2104 3138 2168 ὶκένωσε,
3156 2105 3371 2174 μορφὴν
3390 2104 3584 2157 δούλου
3612 2104 3822 2169 λαϐὼν,
3844 2105 3956 2155 ἐνὸ-

2370 2195 2652 2263 μοιώματι
2676 2194 2981 2263 ἀνθρώπων
3002 2196 3310 2264 γενόμενος.
3327 2213 3345 2246 »
3374 2196 3502 2255 Καὶ,
3541 2213 3561 2245 «
3590 2190 3687 2256 Εἷς
3703 2194 3841 2253 θεὸς
3866 2194 3957 2243 καὶ

2378 2286 2569 2354 Πατὴρ
2615 2287 2849 2349 πάντων,
2879 2281 2959 2349 εἷς
2991 2287 3369 2356 ’καὶμεσίτης
3410 2284 3547 2337 Θεοῦ
3587 2286 3686 2337 καὶ
3744 2285 3955 2353 ἀνθρώ-

2376 2394 2515 2438 πων,
2576 2377 2863 2447 ἄνθρωπος
2926 2376 3134 2447 Ἰησοῦς
3190 2378 3448 2447 Χριστός.
3502 2394 3520 2426 »
3583 2358 3956 2448 Εύαγγελξου,

2381 2487 2399 2518 «
2440 2466 2563 2521 Ὀτι
2593 2468 2721 2529 Υἱὸς
2752 2466 3052 2535 ἀνθρώπου.
3071 2468 3208 2529 toti,
3252 2467 3326 2534 μὴ
3358 2465 3675 2535 θαυμάζετε
3712 2466 3900 2518 τοῦτο.
3936 2485 3952 2515 »

2376 2558 2509 2622 Kal,
2549 2574 2567 2607 «
2606 2555 2776 2611 Ὅταν
2808 2556 2941 2628 ἔλθῃ
2973 2559 3001 2609 ὁ
3031 2558 3157 2619 Υἱὸς
3181 2556 3276 2610 τοῦ
3306 2555 3604 2627 ἀνθρώπου
3629 2555 3732 2607 ἐπὶ
3765 2555 3957 2625 θρόνου

2375 2646 2537 2715 δόξης
2564 2648 2750 2701 αὑτοῦ.
2794 2667 2812 2698 »

2446 2736 2866 2803 Σταυρωθέντα
2896 2754 2961 2790 τε
3018 2736 3169 2803 ὑπὲρ
3211 2735 3381 2805 ἡμῶν
3409 2737 3505 2789 ἐπὶ
3560 2735 3837 2788 Ποντίου
3868 2736 3957 2786 Πι-

2374 2825 2580 2880 λάτου.
2613 2827 2845 2891 Παύλου,
2870 2847 2887 2878 ι
2917 2827 3291 2899 Παραγγέλλω
3324 2843 3405 2879 σοι
3431 2826 3671 2878 ἐνώπιον
3696 2826 3797 2877 τοῦ
3827 2822 3957 2877 Θεοῦ

2374 2914 2467 2969 τοῦ
2499 2917 2890 2981 ζωοποιοῦντος
2918 2919 2985 2972 τὰ
3024 2920 3205 2972 πάντα
3251 2918 3344 2971 καὶ
3388 2918 3600 2986 Κυρίου
3634 2917 3827 2987 Ἰησοῦ
3868 2914 3958 2967 τοῦ

2378 3010 2823 3079 μαρτυρήσαντος
2852 3010 3013 3081 437
3046 3012 3140 3063 ἐπὶ
3166 3011 3392 3065 Ποντίου
3439 3011 3679 3065 Πιλάτου
3719 3011 3825 3080 τὴν
3863 3027 3958 3061 κα-

718 3108 891 3169 ταϐὰς
919 3109 1079 3170 αὐτός
1114 3110 1226 3161 ἐστι
1251 3111 1385 3163 καὶό
1413 3108 1642 3171 ἀναϐάς.
1674 3127 1692 3160 »
1725 3107 2076 3175 Εὖαγγελίου,
2106 3125 2124 3159 «
2153 3107 2276 3159 Ὀτι
2375 3098 2473 3166 λὴν
2502 3100 2812 3167 ὁμολογίαν.
2857 3120 2875 3153 ι
2910 3102 3265 3169 Εὑαγγελίου.
3304 3118 3323 3153 ε
3362 3100 3573 3167 Ἰησοῦν
3611 3101 3843 3167 ζητεῖτε
3868 3100 3957 3151 τδν

720 3199 1074 3271 καταϐέϐηκα
1102 3200 1266 3272 436
1302 3203 1364 3254 ὲκ
1393 3201 1485 3256 τοῦ
1526 3200 1778 3271 οὐρανοῦ.
1818 3218 1835 3251 »
1872 3200 2109 3266 Παύλου,
2150 3216 2167 3251 ι
2213 3199 2273 3253 '0
2300 3218 2342 3276 ο
2376 3186 2692 3260 Ναζαρηνὸν
2724 3192 2815 3244 τὸν
2865 3191 3322 3263 ισταυρωμένονς
3374 3190 3618 3256 Παύλου,
3653 3209 3674 3242 ε
3714 3192 3833 3244 Καὶ
3878 3190 3958 3242 ὅτι

722 3382 903 3436 culum
947 3381 1141 3435 factam
1165 3382 1577 3437 etimmutatam
1628 3380 2070 3435 constitutionem
2113 3388 2273 3434 testa-

2383 3367 2455 3421 dit
2486 3377 2539 3423 et
2568 3369 2661 3438 qui
2700 3367 2994 3423 ascendit.»
3031 3368 3417 3436 Evangelinm:
3448 3384 3466 3415 »
3494 3364 3651 3431 Quod
3693 3364 3956 3419 descendi

724 3485 835 3539 tur,
886 3475 1025 3528 sicut
1082 3474 1247 3528 illud:
1284 3474 1577 3527 «Dominus
1634 3472 1874 3527 condidit
1921 3488 2008 3527 me
2056 3472 2271 3526 initium
2380 3461 2446 3514 de
2476 3462 2667 3515 οωιοο)
2692 3460 2925 3514 Paulus:
2956 3460 3126 3514 «θεας
3154 3460 3321 3521 θυίων
3346 3456 3665 3527 (ιυῖῖίίίυω
3705 3454 3958 3509 ίειίοηδιι

720 3569 931 3622 viarum
953 3584 1172 3623 suarum
1203 3568 1269 3623 ad
1299 3584 1434 3637 opus
1480 3583 1691 3634 suum"
1730 3567 2005 3623 Christum
2040 3569 2271 3620 humana

720 3660 899 3728 specie
922 3659 1168 3713 indutum
1188 3659 1590 3728 praesigniﬁcat.
1610 3673 1715 3726 qua
1744 3673 1935 3725 magna
1959 3657 2277 3711 salvationis

718 3760 919 3806 nostrae
967 3765 1131 3819 opera
1187 3758 1375 3819 postea
1431 3748 1679 3818 perfecit.
1743 3748 1934 3802 Simile
1991 3757 2074 3803 est
2110 3747 2273 3800 illud:

724 3845 897 3899 «Deus
928 3843 1195 3912 sapientia
1235 3852 1431 3896 terram
1475 3841 1770 3901 condidit,»
1807 3854 1971 3909 opera
2024 3838 2278 3906 deinceps

720 3946 905 3991 secuta
933 3935 1264 4005 signiﬁcans,
1296 3948 1369 3997 et,
1408 3933 1641 3987 «Cuncta
1671 3934 1721 3984 in
1754 3931 2014 4000 sapientia
2045 3930 2276 3992 fecisti,»

720 4041 795 4092 et,
838 4027 967 4093 «Qui
991 4026 1116 4082 fecit
1151 4025 1332 4079 omnia
1392 4025 1447 4078 in
1494 4032 1672 4076 mente
1708 4029 1849 4076 tua.»
1886 4020 2019 4075 Illud
2053 4030 2275 4075 autem:

730 4118 1023 4172 ιῡοιηίηιιε
1050 4116 1292 4171 condidit
1321 4128 1433 4168 me»
1463 4112 1754 4183 significat,
1787 4110 1950 4165 Deum
1980 4125 2077 4180 pro
2112 4124 2198 4176 eo,
2224 4117 2284 4164 ut

722 4213 981 4267 conderet
1008 4219 1061 4263 et
1096 4208 1298 4263 faceret
1340 4220 1506 4275 opera
1556 4219 1677 4267 sua,
1708 4218 1800 4267 per
1834 4204 2037 4273 ipsum,
2067 4202 2285 4269 sapien-

725 4303 853 4354 tiam
881 4315 1056 4363 suam,
1086 4297 1365 4351 maluisse.
1392 4296 1541 4348 Idem
1577 4292 1741 4347 David
1769 4301 1997 4346 testatur
2025 4308 2037 4346 :
2074 4291 2283 4345 tVerbo

723 4395 932 4451 Domini
965 4393 1100 4446 emta
1122 4390 1360 4447 stabilita
1389 4397 1572 4442 sunt.»
1613 4384 1811 4439 Purius
1846 4385 2009 4439 etiam
2037 4384 2288 4438 incarna-

725 4486 926 4539 tionem
967 4480 1127 4537 illud:
1200 4479 1493 4536 (Dominus
1552 4474 1792 4532 condidit
1851 4480 1989 4537 me,»
2020 4472 2198 4538 docet,
2229 4480 2288 4527 ut

724 4576 981 4631 diximus.

800 4666 903 4732 Qui
946 4674 1154 4736 propter
1204 4682 1296 4720 nos
1352 4660 1860 4718 homines.Panlus:
1904 4658 2113 4713 Cuncta
2144 4655 2292 4711 enim

728 4767 950 4830 prepter
978 4775 1129 4814 nos.»
1159 4766 1242 4811 et:
1282 4756 1368 4810 «Si
1406 4755 1545 4808 Deus
1571 4768 1667 4822 pro
1714 4750 1874 4805 nobis
1903 4790 1918 4812 ,
1945 4750 2068 4819 quis
2099 4754 2289 4803 contra

735 4853 879 4906 nos?
916 4852 1005 4919 qui
1043 4863 1144 4904 suo
1175 4848 1347 4917 ipsius
1379 4846 1519 4899 Filio
1556 4858 1665 4896 non
1702 4846 1960 4910 pepercit,
1987 4848 2041 4893 et
2069 4852 2166 4907 pro
2191 4849 2291 4889 no-

734 4943 817 4997 bis
841 4941 1091 4995 omuibus
1117 4938 1341 4993 tradidit
1369 4950 1548 4990 eum.»
1576 4932 1642 4987 Et
1665 4950 1709 4985 ιι
1748 4930 2018 4995 Quoniam
2054 4927 2293 4981 infantes

734 5030 911 5087 carnis
952 5039 1007 5083 et
1058 5028 1345 5098 sanguinis
1394 5024 1691 5095 participes
1747 5021 2045 5088 sunt,ipse
2073 5031 2293 5087 quoque

731 5122 983 5178 similiter
1012 5119 1326 5176 eorumdem
1368 5116 1634 5186 particeps
1660 5104 1835 5167 factus
1870 5120 2007 5165 est.»

801 5213 866 5267 Et
884 5221 1095 5281 propter
1132 5220 1368 5263 nostram
1395 5208 1639 5261 salutem.
1674 5204 1879 5258 Isaias:
1919 5220 1937 5252 ι
1977 5199 2094 5255 Non
2130 5213 2295 5268 ange-

727 5306 836 5370 lus,
868 5320 974 5356 tum
1013 5304 1245 5369 legatus,
1296 5300 1389 5352 sed
1424 5299 1538 5365 ipse
1572 5296 1830 5352 Durninns
1862 5291 2083 5346 salvasti
2116 5305 2236 5344 nos.
2270 5308 2288 5341 »

730 5396 961 5450 Pelruaz
995 5394 1100 5447 «De
1130 5408 1234 5460 qua
1266 5392 1566 5445 salvatione
1615 5385 2032 5455 anquisit'crunt
2064 5384 2296 5452 preplie-

730 5500 849 5543 tae.»
874 5486 1230 5554 Evangelium
1258 5501 1269 5535 :
1309 5503 1326 5533 «
1352 5482 1466 5536 Non
1500 5480 1643 5539 veni.
1673 5490 1729 5531 ut
1755 5478 1988 5547 judicem
2015 5475 2295 5536 mundum,

730 5580 826 5634 sed
847 5578 1123 5631 utsalvcrn
1146 5576 1460 5636 mundum,»
1493 5584 1579 5625 et:
1610 5590 1625 5621 «
1646 5571 2031 5625 Utsalvaretur
2061 5565 2299 5620 mundus

733 5686 825 5739 per
854 5685 999 5732 eum,
1034 5688 1051 5720 »
1087 5677 1137 5721 ct
1160 5686 1169 5716 :
1193 5688 1209 5718 «
1234 5666 1498 5732 Quoniam
1527 5662 1751 5717 salvatio
1778 5676 1806 5714 c
1826 5656 2027 5712 Judzeis
2051 5666 2154 5719 est,
2179 5664 2297 5712 »et:

742 5784 761 5816 «
796 5762 893 5817 llic
911 5772 995 5817 est
1028 5761 1274 5815 deator
1293 5758 1476 5811 mundi
1501 5756 1768 5809 Christus.
1812 5770 1829 5802 »
2088 5796 2092 5801 .

807 5855 1079 5910 Descendit
1111 5856 1172 5908 de
1201 5852 1361 5906 caelis.
1390 5849 1590 5905 Paulus
1616 5865 1628 5901 :
1662 5847 1810 5915 «Ipse
1835 5854 1937 5911 est,
1961 5844 2051 5912 qui
2080 5845 2300 5900 descem

2383 3554 2546 3608 simili
2567 3554 2717 3607 carni
2748 3563 2970 3623 peccato
3000 3550 3247 3605 obnoxia:
3279 3552 3473 3605 misit.»

2456 3644 2521 3697 Et
2549 3646 2855 3697 incarnatus
2879 3644 2941 3697 de
2970 3642 3172 3712 Spiritu
3200 3654 3382 3696 sancto
3406 3651 3456 3694 et
3490 3639 3671 3693 Maria
3718 3640 3956 3709 Virgine.

2384 3734 2591 3791 Isaias:
2637 3754 2655 3788 «
2695 3737 2832 3790 Ecce
2887 3737 3033 3804 virgo
3092 3733 3314 3788 habebit
3348 3733 3400 3786 in
3437 3741 3616 3794 utero,
3669 3741 3732 3784 et
3787 3732 3958 3783 tilium

2387 3826 2613 3896 pariet.»
2652 3824 3000 3893 Evangelium
3033 3842 3051 3876 «
3075 3825 3353 3894 quomodo
3386 3822 3668 3885 istudﬁet,
3703 3822 3961 3890 quando-

2387 3916 2604 3984 quidem
2657 3916 2835 3969 virum
2889 3930 2995 3967 non
3048 3914 3323 3969 novi‘lNe
3353 3914 3505 3977 time,
3556 3911 3778 3975 Maria;
3809 3928 3958 3973 ecce,

2389 4008 2663 4075 concipies
2712 4009 2767 4060 in
2825 4016 3017 4071 utcro,
3073 4016 3126 4060 et
3178 4006 3374 4059 Filium
3440 4006 3659 4074 paries;
3720 4004 3961 4072 Spiritus

2390 4110 2611 4152 sanctus
2661 4098 3003 4166 superveniet
3049 4112 3212 4166 super
3267 4106 3335 4157 te.
3377 4105 3429 4149 et
3483 4097 3660 4149 virtus
3692 4095 3959 4150 Altissimi

2393 4190 2723 4243 inumbrabit
2753 4198 2856 4243 te.»
2893 4190 2955 4241 Et
2983 4189 3048 4242 ad
3083 4187 3377 4257 Ioseplium
3415 4186 3602 4251 «Quod
3623 4189 3780 4240 enim
3819 4188 3870 4238 in
3898 4201 3961 4237 ea

2392 4282 2631 4350 genitum
2695 4291 2796 4343 est,
2825 4281 2891 4333 de
2942 4281 3149 4348 Spiritu
3186 4288 3377 4334 sancto
3407 4288 3511 4332 est.
3549 4276 3671 4329 Non
3703 4276 3961 4342 c0gnnvit

2393 4387 2535 4435 eam,
2569 4374 2738 4428 donec
2764 4373 3056 4441 peperisset
3077 4373 3247 4425 lilium
3275 4384 3433 4425 suum
3467 4369 3955 4436 primogenitum.»

2396 4463 2629 4519 Paulus:
2668 4463 2843 4517 «Misit
2865 4463 3004 4517 Dens
3022 4460 3215 4515 Filium
3233 4476 3390 4515 suum
3417 4474 3448 4513 e
3472 4460 3681 4512 femina
3714 4468 3957 4511 natum.»

2319 4566 2371 4626 ι)
2393 4565 2445 4612 et
2474 4573 2488 4610 :
2526 4554 2790 4611 «Verbum
2818 4570 2946 4611 caro
2985 4554 3181 4609 factum
3213 4562 3314 4618 est,
3356 4561 3409 4606 et
3439 4562 3849 4605 commoratum
3881 4558 3962 4601 0:1

2394 4649 2533 4703 inter
2565 4663 2684 4702 nos.
2699 4666 2717 4699 »

2464 4739 2533 4794 Et
2564 4740 2715 4793 homo
2747 4739 2915 4807 [actus
2947 4745 3045 4790 est.
3086 4734 3324 4787 Paulus:
3367 4751 3386 4782 «
3426 4731 3529 4797 Qui
3566 4746 3697 4783 cum
3736 4740 3881 4783 esslrt
3912 4732 3963 4780 in

2396 4833 2569 4887 forma
2626 4832 2742 4895 Dei,
2778 4844 2882 4884 non
2943 4827 3269 4882 existimavit
3330 4823 3576 4890 rapinam
3628 4836 3784 4881 esse,
3819 4824 3965 4888 quot

2397 4923 2508 4976 Deo
2536 4936 2631 4989 par
2659 4928 2823 4980 esset.
2859 4918 2952 4971 sed
2984 4916 3337 4984 spoliavitse,
3372 4911 3545 4965 lorma
3584 4913 3741 4963 serui
3775 4914 3963 4963 induta

2392 5024 2451 5070 et
2487 5014 2679 5068 similis
2716 5010 3023 5065 hominibus
3088 5006 3315 5060 factus.»
3363 5005 3461 5057 Et:
3505 5000 3703 5056 «Unus
3740 5002 3890 5055 Deus
3919 5013 3967 5053 et

2397 5103 2553 5156 Pater
2584 5101 2847 5165 omnium,
2874 5113 3017 5153 unus
3056 5098 3215 5154 etiam
3246 5092 3508 5147 mediator
3564 5091 3659 5143 Dei
3692 5103 3753 5145 et
3787 5091 3965 5144 horai-

2399 5212 2549 5260 nutu,
2585 5197 2746 5249 homo
2772 5193 2929 5247 Jesus
2948 5191 3213 5245 Christus.
3252 5206 3269 5239 »
3309 5182 3662 5252 Evangelium
3693 5200 3711 5234 :
3758 5201 3777 5233 «
3810 5181 3967 5245 Quod

2399 5290 2569 5344 Filius
2594 5287 2825 5342 hominis
2847 5293 2950 5346 est,
2984 5298 3049 5337 ne
3071 5280 3395 5335 miramini.»
3416 5277 3515 5330 Et:
3556 5275 3732 5330 «Cum
3762 5272 3967 5328 venerit

2400 5382 2569 5437 Filius
2611 5377 2846 5433 hominis
2879 5377 2931 5429 in
2961 5376 3155 5428 throno
3182 5368 3363 5439 gloriae
3396 5381 3562 5422 sum.»

2472 5467 2765 5541 Crtlciﬁxiu
2818 5470 2975 5521 etiam
3043 5481 3135 5534 pro
3190 5462 3331 5515 nobis
3386 5460 3479 5512 sub
3528 5457 3729 5509 Pontio
3763 5457 3963 5509 Pilato.

2404 5565 2642 5619 Paulus:
2686 5580 2704 5613 ‹
2740 5560 2933 5621 Mando
2962 5557 3054 5610 tibi
3090 5568 3275 5609 coram
3311 5550 3444 5611 Deo,
3478 5547 3571 5616 qui
3607 5551 3797 5599 omnia
3834 5548 3965 5597 rit}-

2404 5658 2548 5720 ﬁcat,
2580 5665 2633 5709 et
2662 5653 2887 5715 ι)ηωίηο
2937 5644 3065 5702 Iesu
3104 5645 3342 5701 Christo.
3372 5640 3463 5705 qni
3493 5648 3729 5692 testatus
3768 5649 3855 5691 est
3882 5653 3966 5690 co-

2406 5763 2518 5800 ram
2558 5746 2748 5800 Pontio
2766 5741 2935 5795 Pilato
2960 5737 3269 5808 praeclaram
3304 5732 3452 5784 illam
3479 5726 3949 5782 confessionem.»

2404 5836 2752 5901 Evangelium
2782 5854 2793 5889 :
2821 5832 3031 5888 «Iesum
3059 5824 3297 5893 quaeritis
3320 5818 3655 5874 Nazarenutr
3679 5859 3696 5883 ,
3729 5821 3823 5884 qui
3846 5832 3961 5873 cru-
