4112 6450
117 449 255 515 1013

1102 440 1552 502 CHRONICON
1619 441 1893 501 MAlUS.
1933 463 2000 475 -·
2038 440 2180 499 LIB.
2219 438 2312 500 IV.

3204 428 3339 495 1014

186 560 291 622 Εἰς
314 557 459 625 μίαν
510 555 689 622 ἁγίαν
736 550 1073 618 καθολικὴν
1121 554 1219 623 καὶ
1265 554 1683 617 ἀποστολικὴν
1712 555 1756 609 Α
1787 549 1917 603 υἱῶν
1948 549 2041 601 τοῦ
2084 549 2217 600 Θεοῦ
2267 545 2567 615 ἐκδέχεται.
2610 561 2627 593 3
2673 542 3027 609 Εὑαγγελίου,
3077 559 3094 591 «
3133 541 3261 594 Ὀτε
3302 543 3351 594 ol

125 649 518 713 Ἐκκλησίαν.
561 648 768 714 Ὠσπερ
794 646 1077 707 καθολικαὶ
1122 646 1402 698 ἐπιστολαὶ
1443 647 1498 697 at
1538 646 1676 698 ἑπτὰ

109 740 187 801 ὡς
219 742 298 801 εἰς
330 740 536 800 πάντας
565 741 785 801 πιστοὺς
824 740 1119 806 γραφεῖσαι
1162 738 1377 798 κοινῶς,
1416 736 1555 789 οὕτω
1586 736 1677 788 καὶ

110 828 380 898 καθολικὴ
416 826 711 895 Ἐκκλησία
738 824 957 897 41.24;
1007 827 1221 877 πάντων
1261 822 1680 892 ὀρθοδόξων.γέ-

110 932 381 983 γραπται.
418 915 653 978 Παύλου,
689 934 707 966 «
767 915 825 967 Ὀ
877 917 1107 983 ποιήσας
1152 914 1218 967 τὰ
1266 914 1551 983 ἀμφότερα
1600 913 1677 974 ἓν,

110 1008 210 1060 καὶ
269 1005 347 1069 εἷς
379 1006 598 1075 Κύριος,
658 1006 752 1074 μία
802 1005 1005 1068 πίστις,
1051 1006 1109 1059 ἓν
1157 1006 1456 1075 βάπτισμα.
1499 1026 1515 1057 3
1550 1008 1678 1067 Kal,

120 1119 138 1150 «
188 1100 431 1166 Ἀδελφοί
457 1099 601 1165 ἆγιοι
632 1099 725 1151 καὶ
761 1098 1273 1168 ἐποικοδομηθέντες
1304 1099 1396 1152 ἐπὶ
1424 1100 1501 1168 τῷ
1526 1099 1682 1168 θεμε-

110 1190 215 1259 λίῳ
246 1191 351 1241 τῶν
400 1190 711 1242 ἀποστόλων
743 1190 835 1242 καὶ
891 1190 1206 1259 προφητῶν,
1239 1190 1388 1252 ὄντος
1413 1192 1682 1259 ’ἀκρογω-

112 1284 293 1334 νιαίου
333 1282 498 1334 αὑτοῦ
535 1282 714 1353 Ἰησοῦ
754 1284 1009 1352 Χριστοῦ.
1052 1304 1069 1334 3
1097 1282 1220 1347 Kal,
1258 1303 1274 1334 «
1325 1284 1511 1350 Ὑμεῖς
1559 1284 1682 1335 ἐστὲ

112 1378 280 1448 σῶμα
310 1377 565 1447 Χριστοῦ,
609 1378 703 1430 καὶ
739 1378 871 1447 μέλη
920 1380 981 1429 ὲκ
1026 1377 1245 1446 μέρους.
1297 1396 1314 1428 3
1358 1379 1483 1440 Kal,
1520 1396 1537 1427 «
1575 1376 1680 1440 υῦς

115 1472 220 1538 μὲν
257 1470 403 1522 ἔθετο
444 1471 473 1521 ὀ
519 1470 647 1531 Θεὸς
674 1470 731 1521 ὲν
773 1472 836 1538 τῇ
864 1468 1157 1540 Ἐκκλησία
1188 1469 1404 1538 πρῶτον
1447 1468 1678 1521 ἀποστό-

110 1560 533 1627 ὶους.δεύτερον
564 1561 868 1629 προφήτας,
892 1560 1072 1628 τριτον
1096 1560 1468 1622 διδασκάλους.
1502 1579 1517 1609 3
1549 1560 1681 1622 Kai,

119 1672 142 1702 σ
183 1652 301 1705 Ἵνα
356 1651 705 1720 οἱκοδομῆται
759 1653 792 1721 ἡ
824 1652 1138 1720 Ἐκκλησία.
1192 1670 1209 1703 3
1256 1653 1381 1713 Kal,
1425 1670 1443 1703 «
1494 1651 1683 1719 Ὑμεῖς

113 1744 248 1796 ἐστὲ
286 1745 406 1805 ναὸς
451 1741 582 1795 Θεοῦ
635 1743 856 1806 ζῶντος.
890 1762 909 1795 3
950 1744 1078 1805 Kal,
1122 1762 1138 1793 «
1178 1744 1269 1805 Εἰς
1319 1744 1684 1813 καταρτισμδν

110 1834 222 1903 τῆς
259 1834 607 1903 Ἐκκλησίας.
650 1853 669 1886 3
708 1836 839 1900 Kal,
880 1853 898 1886 «
940 1834 1129 1898 Ὀντος
1160 1836 1549 1903 ἀκρογωνιαίου
1588 1835 1683 1887 αύ-

1783 645 1967 712 νεκροὶ
1996 642 2313 693 ἀκούσονται
2344 639 2441 705 τῆς
2465 637 2646 707 φωνῆς
2671 634 2762 687 τοῦ
2786 634 2915 687 Υἱοῦ
2943 634 3035 687 τοῦ
3068 633 3226 700 Θεοῦ,
3260 634 3351 687 καὶ

1786 736 1834 787 ot
1860 732 2191 791 ἀκούσαντες
2222 732 2499 797 ζήσονται.
2543 746 2559 777 3

1856 824 1963 877 Καὶ
1991 822 2141 887 (ἱρὴν
2195 821 2300 873 τοῦ
2326 820 2661 888 μέλλοντος
2716 817 2953 880 αἰῶνος.
2990 816 3350 882 Εἰπαγγελίου,

1794 936 1811 968 «
1865 916 1921 967 '0
1962 914 2136 983 μισῶν
2168 913 2265 982 τὴν
2288 911 2468 980 ψυχὴν
2500 911 2664 963 αὑτοῦ
2725 912 2782 961 ὲν
2812 909 2889 977 τῷ
2940 908 3132 979 κόσμῳ
3179 908 3355 975 τούτῳ

1789 1007 1865 1067 είς
1895 1003 2039 1074 ζωὴν
2068 1002 2286 1056 αἰώνιον
2305 1000 2530 1067 φυλάξει
2559 1001 2751 1069 αὐτήν.
2792 1019 2809 1051 2
2836 999 3096 1068 Πράξεων
3120 1036 3135 1060 ,
3171 1017 3188 1049 «
3222 1001 3354 1050 Δια-

1788 1097 2084 1167 λεγομένου
2115 1097 2169 1148 δὲ
2206 1093 2374 1147 αὐτοῦ
2412 1094 2542 1162 περὶ
2599 1091 2948 1160 δικαιοσύνης
3010 1094 3106 1144 καὶ
3150 1092 3356 1160 ἐγκρα-

1787 1191 1938 1249 τείας
1978 1190 2073 1242 καὶ
2111 1188 2204 1241 τοῦ
2260 1188 2529 1257 κρίματος
2580 1185 2670 1237 τοῦ
2718 1184 3005 1252 μέλλοντος
3048 1186 3293 1237 ἕπεσθαι.
3331 1205 3347 1233 3

1800 1284 2048 1347 Ἡσαΐου,
2105 1301 2122 1331 «
2166 1280 2353 1349 Πατὴρ
2401 1278 2495 1331 τοῦ
2535 1278 2817 1347 μέλλοντος
2863 1277 3077 1339 αἰῶνος.
3122 1297 3138 1327 3
3181 1280 3357 1344 Εὑαγυ

1790 1374 2006 1442 γελίου,
2070 1394 2087 1425 «
2154 1373 2297 1441 Ἐγὼ
2357 1373 2411 1424 δὲ
2471 1370 2548 1433 ζῶ
2604 1372 2692 1424 διὰ
2744 1372 2836 1423 τὸν
2892 1371 3129 1437 Πατέρα,
3174 1372 3270 1424 καλ.
3328 1373 3355 1423 ὁ

1789 1466 2017 1536 τρώγων
2063 1483 2129 1534 με
2168 1465 2395 1532 ζήσεται
2421 1464 2489 1514 δι’
2523 1464 2642 1529 ἐμέ.
2690 1481 2707 1513 3
2745 1464 2895 1525 Kal,
2934 1480 2951 1510 «
2984 1461 3125 1528 Ἐγώ
3152 1462 3266 1529 εἰμι
3320 1465 3353 1530 ή

1790 1560 2085 1621 ἀνάστασις
2118 1558 2210 1609 καὶ
2241 1559 2274 1626 ή
2307 1556 2446 1625 Con};
2488 1575 2505 1608 3
2543 1556 2652 1609 Kal
2679 1598 2690 1619 ,
2725 1554 3171 1621 (Ἀπελεύσονται
3208 1546 3353 1606 οὗτοι

1790 1656 1871 1713 εἰς
1892 1652 2113 1703 κόλασιν
2133 1650 2372 1712 αἰώνιον,
2405 1649 2454 1701 οί
2478 1649 2533 1701 δὲ
2563 1648 2763 1701 δίκαιοι
2789 1648 2867 1710 είς
2893 1647 3036 1714 ζωὴν
3058 1644 3295 1699 αἰώνιον.
3331 1665 3348 1695 3

1863 1742 2072 1810 Ἀμήν.
2105 1742 2177 1794 Τὸ
2213 1741 2268 1792 δὲ
2299 1741 2447 1809 ἀμὴν
2480 1740 2682 1801 παντὸς
2737 1738 2832 1792 τοῦ
2872 1738 3018 1806 ἱεροῦ
3078 1739 3353 1807 συμϐόλου

1793 1836 1914 1889 ἐστὶ
1949 1835 2305 1903 βεϐαιωτικὸν
2351 1833 2445 1885 καὶ
2478 1836 2716 1901 σφραγὶς
2774 1832 2867 1883 καὶ
2904 1824 3012 1884 οἷόν
3071 1849 3153 1894 τις
3204 1832 3356 1894 κλεῖς

114 1925 218 1976 τοῦ
271 1925 443 1993 Ἰησοῦ
482 1926 714 1995 Χριστοῦ
741 1942 755 1956 ’
798 1927 853 1978 ὲν
883 1918 924 1991 ᾧ
953 1927 1045 1979 καὶ
1095 1926 1251 1994 ὑμεῖς
1296 1927 1688 1995 συνοικοδομεῖ-
1720 1957 1763 2009 Β
1801 1930 2163 1985 ἀποκλείουσα
2178 1929 2301 1990 τοὺς
2324 1926 2661 1991 ἓξωθεν,κα“ι
2689 1926 3037 1993 φυλάττουσα
3056 1926 3129 1985 ὡς
3145 1926 3355 1994 ταμείῳ

116 2014 219 2067 σθε
247 2031 261 2045 ο
303 2016 397 2068 καὶ
438 2015 599 2077 αύτὸς
649 2015 858 2084 ὲστινή
908 2012 1115 2084 κεφαλὴ
1162 2013 1255 2069 τοῦ
1304 2014 1554 2084 σώματος
1590 2013 1687 2083 τῆς

130 2107 485 2178 Ἐκκλησῖας.
523 2126 540 2159 3

205 2199 507 2268 Ὀμολογῶ
533 2199 603 2253 ἓν
637 2200 957 2269 βάπτισμα
984 2202 1071 2265 εις
1101 2200 1323 2269 ἄφεσιν
1365 2199 1686 2267 ἁμαρτιῶν.

117 2293 364 2357 Παύλου,
402 2312 420 2345 «
460 2294 826 2363 ὐμολόγησον
853 2294 949 2365 τὴν
970 2295 1141 2364 καλὴν
1174 2295 1479 2363 ὁμολογίαν.
1508 2313 1527 2345 3
1554 2294 1689 2357 Kal,

125 2404 149 2435 ι
194 2383 403 2454 Καρδίᾳ
436 2384 531 2453 μὲν
564 2384 880 2440 πιστεύεται
929 2386 1009 2448 είς
1050 2384 1420 2454 δικαιοσύνην,
1459 2386 1689 2454 στόματι

115 2476 180 2528 δὲ
221 2476 560 2544 ὁμολογεῖται
602 2479 683 2541 είς
735 2479 1031 2548 σωτηρίαν.
1075 2496 1093 2529 3
1138 2495 1155 2529 «
1197 2473 1291 2540 Εἷς
1330 2478 1539 2546 κύριος,
1594 2479 1691 2546 μία

119 2568 329 2631 πίστις,
378 2567 434 2619 ἒν
486 2567 793 2638 βάπτισμα.
848 2568 1207 2638 Εύαγγελίου,
1262 2587 1279 2619 «
1332 2569 1691 2633 Βαπτίξοντες

117 2660 324 2719 αὐτοὺς
374 2663 452 2723 εἰς
482 2662 673 2728 ἄφεσιν
721 2662 1025 2731 ἁμαρτιῶν.
1068 2680 1085 2711 3
1127 2681 1144 2712 «
1184 2659 1543 2722 Βαπτίζοντες
1591 2659 1691 2713 αὐ-

118 2754 255 2812 τοὺς
284 2753 362 2812 εἰς
393 2753 452 2803 τὸ
482 2752 651 2820 ὄνομα
682 2751 776 2805 τοῦ
812 2753 1025 2821 Πατρὸς
1068 2754 1164 2806 καὶ
1195 2751 1289 2804 τοῦ
1326 2750 1455 2803 Υίοῦ
1485 2748 1689 2803 καὶτοῦ

119 2844 285 2909 ἁγίου
313 2841 646 2910 Πνεύματος.
691 2862 708 2895 3

202 2934 527 3000 Προσδοκῶ
551 2936 896 2990 ἀνάστασιν
919 2936 1168 3004 νεκρῶν.
1200 2935 1479 3005 Πράξεων,
1510 2953 1527 2985 «
1559 2933 1692 3002 Περὶ

119 3029 343 3091 ἐλπίδος
396 3029 488 3079 καὶ
531 3030 881 3091 ἀναστάσεως
941 3027 1152 3095 νεκρῶν
1200 3026 1309 3094 ἐγὼ
1348 3026 1625 3095 κρίνομαι.
1666 3042 1685 3074 3

130 3122 386 3181 Ἡσαΐου,
425 3140 442 3171 «
477 3121 901 3190 Ἀναστήσονται
938 3120 985 3171 οἱ
1014 3119 1202 3188 νεκροὶ
1244 3119 1337 3170 καὶ
1370 3116 1694 3186 ἐγερθήσον-

118 3230 220 3264 ται
254 3213 298 3263 oi
331 3212 384 3262 ὲν
416 3212 524 3272 τοῖς
554 3210 861 3279 μνημείοις.
897 3229 914 3261 3
946 3210 1228 3277 Πράξεων,
1271 3226 1290 3260 «
1334 3208 1398 3259 Ἦ
1424 3207 1531 3274 γὰρ
1556 3207 1689 3259 ἀπο-

1793 2021 1900 2073 τινὶ
1930 2020 2202 2089 καλλίστῳ
2225 2022 2323 2086 τῆς
2364 2016 2693 2085 Ἐκκλησίας
2722 2017 2809 2069 τὸν
2843 2018 2941 2085 τῆς
2981 2014 3214 2080 πίστεως
3256 2020 3354 2086 οη-

1794 2114 2016 2181 σαυρδν,
2051 2113 2137 2164 ἵνα
2163 2112 2236 2181 μή
2268 2110 2419 2172 τίςτι
2454 2111 2516 2162 ὲκ
2540 2110 2729 2162 τούτου
2755 2110 3025 2181 ἀφέληται
3058 2111 3089 2180 ἣ
3117 2112 3272 2167 νόθον
3300 2131 3355 2166 τι

1794 2204 2162 2275 ἐπεισαγάγῃ.

1865 2294 2009 2347 Αὐτὸ
2028 2295 2086 2347 τὸ
2112 2295 2252 2347 θεῖον
2284 2297 2372 2348 καῖ
2415 2296 2717 2363 ἱερώτατον
2764 2298 2861 2349 καὶ
2912 2295 3125 2349 τέλειον
3165 2297 3359 2349 πάντο-

1795 2388 1885 2441 θεν
1914 2387 2011 2454 τῆς
2044 2386 2328 2450 εὐσεϐείας
2387 2389 2543 2455 ἡμῶν
2605 2390 2853 2455 σημεῖον,
2904 2388 3000 2457 τὴν
3063 2389 3359 2457 ὁμολογίαν

1793 2480 1900 2532 τῶν
1933 2478 2209 2546 πατέρων,
2235 2479 2324 2531 τὸν
2347 2481 2471 2547 ὅρον
2501 2479 2598 2543 τῆς
2632 2479 2866 2549 ἀληθοῦς
2895 2481 3053 2549 ἡμῶν
3099 2481 3360 2542 πίστεως,

1796 2570 2267 2641 ἑνστερνιζὸμενοι
2312 2573 2431 2633 ταῖς
2482 2570 2689 2639 ψυχαῖς
2750 2571 2843 2623 καὶ
2890 2572 2955 2640 τῇ
3010 2570 3224 2641 γλώττῃ
3266 2574 3360 2623 καὶ

1795 2664 2002 2734 χείλεσι
2038 2664 2178 2733 μετά
2210 2663 2523 2734 παρρησίας
2576 2663 2992 2733 ὁμολογοῦντες,
3054 2665 3150 2733 τὴν
3196 2665 3357 2732 ἀσινῆ

1797 2759 1854 2810 ὲν
1883 2757 2076 2819 αὐταῖς
2104 2757 2195 2809 καὶ
2227 2756 2517 2824 ἀκίϐδηλον
2550 2758 2641 2809 καὶ
2687 2757 3151 2824 ἀπαράθραυστον
3184 2757 3360 2826 πάντη

1794 2849 1869 2910 ὠς
1900 2836 2250 2915 θεοφορήτων
2309 2848 2401 2898 καὶ
2461 2846 2826 2911 θεοδοξάστων
2883 2846 2977 2899 καὶ
3031 2845 3364 2915 θεοκινήτιυν

1796 2939 2055 3009 Πατέρων
2089 2939 2247 3008 ἱερὰν
2271 2937 2435 3008 444
2465 2938 2791 3009 παραθήκην
2843 2939 3006 3007 μέχρι
3034 2939 3225 3013 τέλους
3266 2955 3366 3005 φυ-

1794 3028 2067 3098 λάξωμεν,
2101 3028 2185 3081 ἴνα
2212 3032 2334 3090 ταῖς
2362 3028 2690 3098 πρεσϐείαις
2717 3028 2828 3079 τῶν
2873 3027 2998 3080 ἐκθε
3012 3028 3187 3095 μένων
3234 3028 3364 3078 αὐτὸ

1796 3122 1891 3176 καὶ
1925 3120 2277 3189 φυλαξάντων
2301 3119 2473 3187 ἁγίων
2504 3121 2595 3172 καὶ
2646 3120 2755 3172 τῶν
2802 3120 2908 3190 πρὸ
2957 3120 3159 3183 αὐτῶν,
3197 3120 3255 3184 ἐξ
3287 3113 3363 3170 ὧν

1795 3215 1892 3283 τὴν
1932 3214 2134 3281 γνῶσιν
2192 3230 2338 3266 ουτοι
2392 3212 2485 3265 τοῦ
2542 3212 2815 3279 συμϐόλου
2873 3212 3225 3279 παρέλαϐον,
3270 3212 3365 3263 καὶ

120 3300 433 3371 καραδοκία
470 3300 570 3370 τῆς
635 3302 863 3362 κτίσεως
902 3299 998 3370 τὴν
1026 3296 1365 3366 ἀποκάλυψιν
1406 3296 1566 3367 443
1588 3295 1692 3348 τῶν
1719 3313 1763 3372 c
1800 3308 2019 3357 πάντων
2050 3304 2185 3373 ὁμοῦ
2250 3304 2357 3356 τῶν
2393 3304 2586 3371 ἁγίων,
2624 3304 2730 3355 τῶν
2785 3302 2943 3372 ἱερῶν
2984 3303 3232 3369 ἀγγέλων
3277 3302 3358 3355 λι·

205 3478 273 3532 Et
304 3494 464 3530 unam
485 3485 727 3530 sanctam
744 3478 1054 3531 catholicam
1076 3486 1124 3529 et
1149 3476 1491 3545 apostolicam
1515 3474 1692 3527 Eccle-

121 3574 293 3625 siam.
323 3570 475 3623 Sicut
499 3569 785 3624 catholica:
812 3579 939 3625 sunt
963 3576 1167 3637 septem
1205 3569 1449 3636 epistola:
1475 3568 1538 3620 ad
1575 3582 1693 3621 om-

124 3679 234 3717 nes
257 3661 439 3715 ﬁdeles
472 3660 684 3729 scripta?
724 3660 1109 3723 communiter,
1150 3658 1220 3711 ita
1248 3658 1409 3712 etiam
1450 3658 1691 3710 omnium

125 3752 568 3808 orthodoxorum
599 3750 841 3805 Ecclesia
873 3750 1141 3805 catholica
1197 3749 1420 3805 dicitur.
1455 3749 1689 3803 Paulus:

131 3844 249 3904 «Is,
282 3842 373 3909 qui
407 3841 618 3894 diversa
653 3841 987 3904 conciliavit,
1009 3851 1062 3895 et
1092 3857 1230 3895 unus
1258 3838 1545 3905 Dominus,
1586 3853 1693 3892 una

130 3936 297 3993 ﬁdes,
356 3947 520 3985 unum
560 3932 883 4000 baptisma.’
916 3931 1017 3985 Et:
1051 3922 1302 3984 «Fratres
1336 3930 1509 3984 sancti
1534 3936 1694 3983 etsu-

128 4024 432 4091 perstructi
459 4022 1054 4091 superlundamentum
1081 4021 1453 4090 apostolorum
1486 4031 1537 4073 et
1571 4035 1691 4087 pro-

127 4117 422 4184 phetarum
448 4113 751 4167 exsistenle
797 4114 906 4166 imo
945 4111 1119 4180 lapide
1146 4111 1390 4180 angulari
1422 4110 1540 4180 ipso
1567 4108 1693 4164 Jesu

127 4208 410 4263 Christoa
440 4204 539 4260 Et:
571 4202 709 4260 «Vos
749 4205 879 4259 estis
912 4218 1107 4273 corpus
1137 4202 1340 4259 Christi
1379 4202 1695 4270 etsiugula-

1792 3482 2023 3535 sollicite
2108 3489 2387 3547 exspectat
2443 3479 2828 3534 revelationem
2912 3479 3146 3532 ﬁliorum
3207 3480 3356 3533 θεῖ..

1793 3572 2178 3641 Evangelium:
2217 3571 2379 3625 «Cum
2406 3572 2603 3625 mortui
2629 3571 2855 3624 audient
2884 3584 3065 3624 vocem
3099 3568 3221 3623 Filii
3250 3570 3362 3635 Dei,

1794 3672 1846 3717 ct
1876 3666 2075 3723 vivent,
2096 3662 2187 3730 qui
2223 3663 2533 3715 audiverim
2573 3676 2748 3715 eam.3

1868 3754 1933 3807 Et
1964 3754 2125 3806 vitam
2154 3754 2356 3805 venturi
2374 3754 2573 3807 sa'cttlt'.
2610 3752 2958 3821 Evangelium
2995 3770 3008 3805 :
3045 3772 3062 3804 «
3111 3752 3211 3820 Qui
3255 3757 3367 3810 odit

1796 3848 2030 3900 animam
2063 3859 2215 3899 suam
2243 3845 2296 3897 in
2317 3846 2418 3898 hoc
2443 3849 2661 3905 mundo.
2689 3846 2751 3897 ad
2780 3847 2940 3899 vitam
2967 3855 3221 3899 aeternam
3244 3863 3364 3903 eam

1796 3937 2053 3991 servabit.
2093 3953 2110 3985 3
2143 3935 2274 3987 Acta
2301 3950 2314 3988 :
2347 3952 2365 3982 «
2405 3934 2719 4000 Disputaute
2741 3941 2921 3986 autem
2954 3933 3043 3987 illo
3069 3934 3134 3987 de
3162 3936 3365 3999 iustitia

1794 4033 1847 4081 et
1874 4023 2226 4091 temperantia
2250 4032 2302 4074 ct
2346 4022 2547 4089 judicio
2578 4021 2779 4074 futuro.
2836 4039 2854 4070 3
2882 4022 3050 4075 Isaias
3078 4040 3091 4076 :
3127 4040 3145 4071 «
3208 4021 3368 4077 Pater

1796 4120 1979 4176 smeuli
2014 4118 2203 4172 futuri.
2245 4136 2261 4168 ι
2294 4116 2679 4184 Evangeliutu:
2715 4135 2731 4166 «
2767 4118 2878 4183 Ego
2900 4116 3045 4181 vivo,
3076 4126 3130 4170 et
3163 4117 3256 4186 qui
3280 4133 3366 4172 me

1797 4212 1995 4273 ederit,
2024 4211 2162 4263 vivet
2190 4224 2281 4278 per
2313 4223 2419 4262 me.
2452 4228 2471 4260 3
2512 4207 2578 4261 Et
2612 4226 2624 4262 :
2666 4228 2683 4259 «
2720 4208 2830 4276 Ego
2860 4222 2980 4262 sum
3034 4211 3366 4264 resurrectio

129 4301 235 4355 tim
264 4300 563 4353 tnetnbra.3
599 4296 663 4352 Et
692 4315 703 4350 :
745 4297 922 4363 «Quos
945 4295 1088 4349 Deus
1113 4295 1396 4349 constituit
1429 4294 1483 4348 in
1514 4293 1698 4348 Eccle—
1796 4314 1850 4358 ει
1881 4303 2008 4357 vim,
2045 4319 2063 4352 ι
2094 4300 2160 4354 Et
2184 4317 2195 4353 :
2223 4319 2241 4350 «
2267 4298 2507 4352 Abihunt
2527 4298 2577 4350 hi
2601 4297 2666 4351 ad
2688 4312 2907 4368 poenam
2932 4300 3365 4368 mternam,justi

128 4396 218 4448 sia
274 4392 502 4459 primum
563 4389 862 4458 apostolos,
910 4388 1106 4442 deinde
1159 4386 1474 4455 prophetas,
1525 4385 1686 4439 tertio

128 4486 489 4554 discipulos»
518 4482 611 4536 Et:
645 4480 744 4537 «Ut
773 4481 1070 4534 azdilicetur
1096 4479 1392 4533 Ecclesia.3
1421 4476 1484 4531 Et
1511 4494 1526 4530 :
1552 4474 1694 4530 «Vos

128 4577 276 4631 estis
305 4575 561 4643 templum
589 4574 679 4628 Dei
712 4574 872 4627 vivi.3
909 4572 976 4628 Et
1016 4589 1028 4625 :
1066 4570 1173 4623 «Ad
1202 4569 1584 4639 perfectionem
1607 4581 1698 4621 eo-

1798 4401 1977 4447 autem
1998 4390 2065 4444 ad
2094 4390 2258 4443 vitam
2286 4398 2567 4443 aeternam.
2610 4407 2629 4440 3

1869 4485 2053 4537 Amen.
2088 4482 2417 4535 Vocabulum
2465 4479 2843 4545 Ameu.totius
2890 4482 3064 4534 sancti
3121 4478 3365 4550 Symboli

1800 4572 2142 4630 conlirmatio
2171 4581 2226 4626 et
2255 4570 2488 4640 sigillum
2517 4578 2579 4624 et
2610 4570 2764 4639 quasi
2795 4570 2969 4625 clavis
2990 4571 3236 4641 quaedam
3258 4582 3361 4635 est,

129 4669 376 4729 (ἱρεῖαι.)
415 4675 503 4721 et:
548 4684 566 4718 «
601 4664 910 4720 Exsistenle
950 4664 1059 4715 imo
1090 4662 1266 4731 lapide
1300 4659 1543 4729 angulari
1577 4660 1695 4729 ipso
1800 4680 1906 4734 qua
1935 4664 2144 4718 externi
2172 4663 2528 4717 secluduntur
2546 4670 2599 4716 et
2624 4671 2883 4731 tanquam
2933 4663 3183 4717 conclavi
3242 4664 3364 4731 pul-

129 4763 266 4814 Jesu
291 4758 531 4824 Christo,
560 4760 612 4812 in
645 4773 754 4826 quo
783 4772 877 4812 vos
901 4754 1265 4811 aadiﬁcamini.
1286 4755 1461 4822 Atque
1485 4754 1598 4821 ipse
1615 4761 1697 4807 est

133 4860 306 4918 caput
327 4850 569 4919 corporis
595 4848 871 4903 Ecclesia}.
906 4866 924 4899 3

214 4940 477 5010 Conﬁteor
494 4957 656 4994 unum
688 4939 949 5008 baptisma
991 4939 1044 4991 in
1076 4937 1432 4991 remissionem
1457 4945 1697 5003 peccato—

136 5051 281 5088 rum.
318 5032 549 5087 Paulus:
589 5030 892 5085 «Conﬁtere
930 5031 1210 5099 pulchram
1234 5027 1690 5081 confessionem»

140 5129 208 5182 Et
237 5144 251 5179 :
297 5127 521 5178 «Animo
546 5124 820 5193 credimus
850 5123 919 5176 ad
948 5121 1235 5190 justitiam,
1255 5136 1349 5174 ore
1373 5120 1697 5175 conﬁtemur

138 5220 206 5272 ad
243 5217 651 5272 salvationema
694 5212 879 5269 «Unus
908 5213 1187 5277 Dominus,
1218 5228 1322 5266 una
1348 5212 1500 5277 ﬁdes,
1532 5226 1695 5265 untuu

141 5312 465 5378 baptisma.»
524 5309 869 5379 Evangelium
904 5327 917 5363 :
969 5306 1341 5376 «Baptizautes
1383 5320 1477 5358 eos
1522 5306 1588 5357 ad
1624 5318 1701 5357 re-

1800 4756 2070 4811 cherrimo
2100 4754 2356 4810 Ecclesiae
2381 4762 2630 4809 servatur
2654 4754 2945 4807 thesaurus
2979 4753 3125 4815 ﬁdei.
3152 4769 3219 4809 ne
3241 4756 3363 4824 quis

1800 4847 1923 4902 inde
1944 4846 2071 4915 quid
2097 4845 2329 4908 auferat,
2356 4854 2447 4897 aut
2474 4844 2708 4898 alienum
2738 4844 2865 4913 quid
2898 4843 3118 4899 inferat.

1870 4938 2121 4991 Divinum
2160 4938 2264 4990 hoc
2294 4936 2697 4991 sanctissimum
2733 4945 2784 4990 et
2810 4936 3040 4991 omnis:
3073 4945 3223 5006 parte
3247 4953 3365 5006 per-

1800 5031 1999 5085 fectum
2030 5029 2249 5098 pietatis
2280 5038 2483 5083 nostra:
2536 5027 2772 5096 signum,
2816 5027 3221 5083 confessionem
3268 5044 3365 5097 pa.

1800 5132 1967 5185 trum,
2004 5120 2369 5173 deﬁnitionem
2401 5132 2541 5173 vera:
2569 5106 2773 5172 nostrae
2798 5117 2952 5179 .lidei,
3008 5126 3189 5172 mente
3235 5133 3368 5172 eon-

1800 5212 2104 5267 siderantes
2135 5225 2196 5278 ac
2229 5208 2412 5277 lingua
2446 5217 2498 5262 et
2520 5208 2679 5261 labiis
2707 5207 2873 5261 libere
2902 5210 3244 5275 proﬁtentes,
3279 5210 3365 5261 in-

1800 5304 2063 5358 violatum
2099 5303 2151 5355 in
2179 5301 2362 5355 animo
2391 5310 2447 5353 et
2470 5300 2741 5355 sincerum
2774 5308 2827 5354 et
2850 5299 3219 5367 incorruptum
3248 5314 3368 5364 om:

141 5403 461 5456 missionem
521 5409 927 5469 peccatorum.3
988 5398 1379 5467 «Baptisanles‘
1406 5409 1499 5449 eos
1523 5396 1576 5447 in
1603 5408 1702 5447 no-
1802 5394 1932 5447 nino
1964 5407 2176 5461 semper
2201 5391 2537 5445 servabimus
2560 5406 2588 5444 a
2626 5390 2886 5444 Patribus
2940 5391 3125 5445 divino
3154 5390 3362 5459 Spiritu

141 5495 289 5547 tnine
322 5491 495 5544 Patris
520 5498 573 5544 et
606 5489 723 5542 Filii
747 5498 799 5543 et
821 5486 1063 5558 Spiritus
1096 5485 1290 5541 sancti.
1326 5503 1343 5535 ›

211 5582 470 5652 Exspecto
509 5581 935 5634 resurrectionem
994 5586 1339 5629 mortuorum.
1383 5575 1552 5629 Acta.
1593 5574 1700 5627 «De

144 5692 244 5745 spe
294 5686 347 5727 et
395 5672 798 5726 resurrectione
861 5676 1201 5722 mortuorum
1258 5682 1358 5735 ego
1411 5666 1646 5736 judicor.
1677 5684 1695 5716 3

142 5767 351 5823 lsaias:
388 5762 718 5833 «Resurgent
737 5761 933 5815 mortui
953 5772 1007 5815 et
1031 5758 1441 5814 suscitabuntur
1462 5759 1553 5828 qui
1578 5767 1704 5813 sunt

141 5864 199 5917 in
232 5856 546 5927 scpulcrisa
576 5856 739 5909 Acta:
771 5853 1013 5910 «Etenim
1069 5852 1304 5907 mundus
1335 5852 1422 5907 hic
1457 5851 1705 5908 conditus

1804 5484 2021 5549 alllatis,
2062 5483 2300 5537 incitatis
2347 5491 2401 5536 et
2462 5482 2714 5551 gloriosis
2769 5492 3051 5552 acceptum
3116 5493 3362 5537 sanctum

1807 5577 2024 5645 pignus,
2058 5585 2136 5637 ut,
2169 5574 2398 5638 sanctis,
2430 5575 2521 5641 qui
2554 5574 2607 5627 id
2656 5556 3055 5644 preposueru'nt
3090 5583 3144 5627 et
3181 5588 3365 5628 serva-

1806 5676 1951 5731 runt,
1978 5676 2031 5720 et
2060 5666 2147 5728 iis,
2166 5681 2192 5717 a
2220 5666 2413 5735 quibus
2442 5667 2495 5720 hi
2525 5667 2767 5721 notitiam
2782 5665 3013 5736 symboli
3035 5664 3365 5728 habuerunt,

1811 5758 2020 5813 sanctis
2045 5758 2280 5828 denique
2306 5758 2559 5813 omnibus
2582 5758 3022 5828 deprecantibus,
3055 5766 3108 5811 et
3134 5757 3367 5811 interce-

1812 5850 2063 5907 dentibus
2094 5852 2297 5918 angvlis
2329 5860 2378 5906 ct
2404 5850 2569 5907 Matre
2598 5852 2896 5907 Salvatoris
2929 5850 3101 5906 nostri
3165 5859 3220 5905 et
3274 5848 3366 5904 Dei
