4112 6450
190 446 308 515 In?!

1187 441 1629 503 CHRONICON
1674 441 1941 502 MAJUS-
1981 463 2048 475 ·-
2090 442 2235 501 LIB.
2286 442 2385 502 ιν.

3257 438 3396 500 illi?

186 560 382 629 λίεθρον
398 559 458 610 τὸ
502 552 1027 623 Κςφᾶνλεγόμενον
1083 554 1182 623 τῆς
1225 556 1572 626 Χερρονήσου
1621 554 1797 621 τῆςἈ
1824 554 1921 622 τῆς
1955 553 2315 615 ἀναπαύσεως
2345 553 2452 604 τῶν
2482 549 2714 620 ἀνδρῶν,
2737 551 2809 614 ὡς
2833 554 2858 604 ὁ
2892 551 3033 614 θεῖος
3066 548 3189 602 Ἰὼϐ
3221 568 3389 620 προσ--

182 654 234 705 ἐν
272 650 345 719 τῷ
403 647 680 716 Ταυρικῷ.
724 647 816 717 Τῷ
860 648 916 699 δὲ
967 647 1117 716 θέρει
1167 646 1262 698 τοῦ
1323 646 1510 716 ,ςᾷπδ
1566 644 1719 707 ἔτους

171 744 407 811 ἀπῆλθεν
436 741 576 795 κατὰ
601 742 706 809 τῆς
752 741 987 810 Βλαχίας
1028 739 1170 809 μετά
1222 740 1402 805 πάσης
1435 738 1534 806 τῆς
1562 737 1723 789 δυνά-

173 848 307 900 μεως
335 829 522 884 αὐτοῦ.
546 829 637 899 Τῷ
682 829 738 883 δὲ
790 827 1154 897 Σεπτεμϐρίῳ
1194 827 1289 877 τοῦ
1335 822 1531 891 ’ςῧπέ
1564 826 1719 886 ἔτους

170 921 496 991 ἐπέστρεψεν
542 923 605 993 ἐκ
661 920 759 989 τῆς
810 919 1048 988 Βλαχίας
1121 918 1323 986 μᾶλλον
1378 915 1633 984 ἡττηθεὶς
1683 914 1714 985 ἢ

170 1014 425 1081 ἡττήσας,
464 1012 683 1068 καὶτὸν
745 1013 843 1081 μὲν
901 1011 1336 1081 μπεηλέρμπεην
1382 1008 1593 1075 ἀφῆκεν
1661 1007 1718 1058 ὲν

166 1105 230 1171 τῇ
283 1104 453 1175 Σοφίᾳ
504 1104 682 1169 πόλει,
727 1103 887 1167 αὐτὸς
938 1103 996 1155 δὲ
1039 1098 1203 1174 ἦλθεν
1255 1103 1335 1164 είς
1374 1098 1720 1166 Ἀνδριανού-

164 1198 257 1247 πολ
264 1212 331 1252 ιν.

228 1288 333 1339 Τοῦ
368 1288 415 1340 δ’
444 1287 610 1339 αὐτοῦ
660 1286 813 1348 ἔτους
860 1288 926 1356 τῇ
983 1286 1175 1355 πρώτῃ
1231 1281 1325 1337 τοῦ
1369 1282 1707 1351 Ὀκτωόρίου

163 1381 323 1450 μηνὸς
353 1379 556 1449 ὲπῆλθέ
586 1396 674 1447 μοι
722 1377 1100 1446 ῥευματισμδς
1135 1378 1213 1436 είς
1255 1392 1313 1428 τε
1349 1374 1445 1444 τὴν
1476 1374 1715 1444 κεφαλὴν

158 1475 249 1524 καὶ
273 1473 341 1525 τά
369 1472 591 1539 γόνατα,
621 1471 718 1522 καὶ
764 1468 955 1537 ἐξῆλθέ
994 1485 1094 1534 μου
1142 1465 1239 1518 τοῦ
1307 1465 1573 1534 στόματος
1620 1465 1718 1518 καὶ

160 1565 303 1633 ῥινὸς
334 1566 432 1616 καὶ
470 1562 649 1615 ὠτίων
682 1562 933 1619 τοσοῦτος
960 1559 1160 1629 χυμὸς,
1197 1557 1335 1610 ὥστε
1371 1555 1716 1623 ἁπελπίσθην

154 1656 305 1724 παρὰ
338 1654 579 1716 πάντων,
626 1652 717 1705 καὶ
759 1652 880 1721 τρὶς
932 1651 1039 1702 τῶν
1080 1648 1365 1717 ἁχράντων
1399 1648 1719 1717 μυστηρίων

156 1748 473 1815 μετέλαόονο
510 1746 647 1815 ὅπερ
679 1746 772 1797 καὶ
796 1743 907 1796 εῐθε
936 1760 1026 1810 μοι
1066 1741 1301 1809 ἐπῆλθεν
1336 1743 1362 1792 ὁ
1399 1740 1648 1803 θάνατος,
1684 1738 1716 1809 ἡ

152 1838 419 1906 Θεραπεία
469 1839 688 1889 πάντων
743 1835 853 1887 τῶν
887 1833 1009 1904 ἐμοὶ
1050 1832 1353 1901 δυσχερῶν,
1396 1831 1602 1898 γήρους
1655 1845 1713 1881 τε

151 1931 243 1981 καὶ
270 1929 557 1990 ἀσθενείας
590 1931 685 1981 καὶ
727 1928 826 1994 τῆς
869 1926 1092 1987 ἐνδείας.
1135 1926 1211 1978 Οὐ
1256 1926 1415 1994 μόνον
1469 1924 1575 1992 γὰρ
1602 1923 1712 1975 τῶν

148 2020 362 2074 πολλῶν
402 2019 585 2074 καλῶν
632 2008 726 2071 καὶ
758 2019 1006 2087 συνήθων
1040 2018 1148 2071 τῶν
1179 2020 1243 2070 ὲκ
1274 2018 1524 2087 νεότητος
1556 2015 1710 2068 ὑστεο

150 2109 384 2177 ρημένος
421 2109 588 2178 ήμην,
620 2107 758 2159 ἀλλά
807 2108 902 2159 καὶ
947 2106 1126 2159 αὐτῶν
1171 2106 1237 2174 δὴ
1260 2106 1370 2157 τῶν
1397 2105 1712 2170 ἀναγκαίων

144 2200 244 2268 τῆς
280 2198 657 2268 καθημερινῆς
685 2200 910 2266 τροφῆς.
945 2194 1115 2267 Οἶμαι
1145 2198 1225 2249 ὅτι
1259 2199 1293 2265 ἡ
1327 2196 1571 2264 ὑπομονὴ
1602 2196 1712 2247 τῶν

142 2267 408 2343 τοίούτων
434 2292 529 2342 καὶ
573 2292 606 2359 ή
661 2291 797 2359 πρὸς
821 2290 952 2341 Θεδν
990 2289 1311 2359 εὐχαριστία
1338 2288 1480 2340 Θεοῦ
1518 2288 1707 2357 χάριτι

144 2374 300 2428 αίτία
347 2376 533 2445 μέλλει
583 2373 729 2429 εἶναι
786 2379 867 2435 είς
916 2378 975 2429 τὸ
1017 2377 1376 2449 συγχωρῆσαί
1420 2394 1509 2445 μοι
1544 2375 1712 2427 πο).λᾶ

140 2464 251 2518 τῶν
283 2466 359 2530 ὠς
410 2469 546 2536 πρὸς
597 2468 761 2521 αὑτὸν
807 2467 1070 2520 ἐπταισα·
1100 2467 1218 2520 οὐδὲ
1261 2467 1368 2535 γὰρ
1395 2467 1620 2533 γέγονεν
1654 2468 1711 2517 ὲν

137 2559 216 2628 τῷ
276 2558 379 2629 βίῳ
432 2559 737 2630 ἁμάρτημα
794 2561 913 2613 οὐδὲ
978 2561 1176 2629 πρᾶξις
1222 2559 1522 2633 οὔτεοᾶλλη
1563 2561 1710 2612 πᾶσα

138 2652 317 2704 κακία
362 2651 428 2722 ῆν
479 2650 588 2720 ἐγὼ
641 2653 740 2705 οὐκ
798 2652 1199 2724 ἐπλημμέλησα
1255 2655 1283 2706 ὁ
1352 2656 1568 2718 ἀνάξιος
1619 2655 1711 2707 καὶ

135 2741 353 2805 ἄθλιος,
390 2746 532 2795 κατὰ
565 2742 691 2796 νοῦν
730 2747 825 2797 καὶ
875 2745 1030 2812 λόγον
1062 2754 1139 2797 κα
1189 2746 1535 2815 προαίρεσιν,
1566 2746 1710 2800 θέσει

131 2850 198 2885 τε
233 2836 333 2887 καὶ
388 2835 581 2906 γνώμῃ
633 2837 730 2889 καὶ
780 2836 975 2906 πράξει
1009 2836 1399 2907 ὲξαμαρτήσας
1429 2838 1502 2900 ὼς
1537 2839 1711 2902 οὐδεὶς

135 2924 304 2988 ἄλλος
353 2926 594 2980 πώποτε.
628 2928 818 2997 Ὀμως
864 2928 1162 2998 λυτρωθείς
1192 2929 1288 2981 τοῦ
1336 2929 1565 2983 θανάτου
1598 2947 1710 2982 κω-

131 3016 236 3084 φὸς
486 3019 816 3086 ὲναπέμεινα
870 3020 931 3073 ὲκ
986 3021 1085 3089 τῆς
1119 3020 1376 3091 τοιαύτης
1427 3022 1710 3085 ἀσθενείας

130 3110 307 3179 μέχρι
342 3107 560 3173 πολλοῦ,
594 3110 668 3173 ὡς
703 3112 823 3173 οὐδὲ
863 3114 931 3165 τά
966 3112 1193 3182 πλησίον
1220 3130 1322 3182 μου
1362 3116 1707 3182 σημαντήρια

1823 644 2142 712 ηγόρευσεν,
2198 643 2425 713 ἐδεήθην
2456 642 2629 706 οὕτως
2681 642 2774 695 τοῦ
2808 643 2965 695 Θεοῦ·
3001 662 3019 693 ι
3053 642 3194 695 Ἀλλ’
3218 644 3273 695 εἴ
3300 662 3392 711 με,

1822 737 2040 806 Σῶτερ,
2079 737 2292 807 ἀνάγκη
2330 738 2522 790 παθεῖν
2567 738 2671 807 (τίς
2710 737 2819 806 γὰρ
2864 731 2972 788 οἶδε
3002 736 3063 786 τὸ
3092 735 3251 803 βάθος
3283 736 3390 786 τῶν

1822 828 1930 879 σῶν
1966 830 2291 898 κριμάτων;
2343 828 2444 896 τῆς
2485 829 2584 897 μὲν
2626 828 2728 897 σῆς
2781 827 3193 897 φιλανθρωπίας
3221 830 3393 880 οἱονεί

1824 937 1926 989 μου
1970 920 2037 985 τὰ
2087 920 2237 989 πάθη
2286 921 2750 989 βδελυττομένης,
2802 920 2901 988 τῆς
2936 920 2992 971 δὲ
3041 920 3389 988 δικαιοσύνης

1818 1011 2034 1081 δρώσης
2076 1013 2137 1063 τὸ
2172 1014 2421 1080 ἑαυτῆς),
2447 1015 2527 1074 είς
2570 1011 2701 1078 γοῦν
2733 1012 2822 1063 τὸν
2851 1014 3205 1080 ἐκδεχόμενον
3237 1010 3393 1078 λῆξιν

1817 1104 1971 1156 τόνδε
2006 1103 2199 1174 χρόνον
2233 1103 2419 1156 δοῦναι
2445 1103 2602 1168 δίκην
2631 1105 2754 1173 ἐμοὶ
2790 1104 3076 1172 παράσχου
3099 1144 3113 1165 ,
3145 1103 3277 1154 ἀλλά
3314 1105 3387 1170 μή

1819 1196 1899 1257 εἰς
1959 1195 2051 1246 τὸν
2110 1194 2378 1264 μέλλοντα
2430 1195 2522 1246 τὸν
2581 1193 2910 1263 ἀπέραντον,
2961 1193 3087 1245 ἔνθα
3139 1193 3239 1244 οὐκ
3271 1192 3389 1242 ἐστι

1824 1286 2169 1355 πραγμάτων
2201 1286 2668 1346 ἀποκατάστασις.
2731 1284 2995 1336 Ἐνταῦθα
3045 1284 3225 1335 τοίνυν
3258 1286 3390 1334 ἀν)-

1818 1377 2085 1445 καθάρας,
2122 1376 2294 1428 ἅπασι
2346 1377 2692 1445 χρησάμενος
2726 1377 2840 1436 τοῖς
2874 1375 2954 1435 είς
2997 1373 3156 1425 τοῦτο
3189 1374 3388 1443 φέρου-

1819 1484 1927 1532 σιν,
1956 1465 2103 1518 οὕτω
2158 1466 2263 1518 τῶν
2306 1466 2435 1534 τῇδε
2487 1466 2833 1534 μεταστήσας
2888 1463 3123 1529 ἀξίωσον
3171 1480 3238 1529 με
3292 1462 3386 1515 τοῦ

1821 1558 1896 1627 μὴ
1931 1559 2037 1611 τῶν
2066 1559 2173 1609 σῶν
2222 1559 2473 1609 ἐκπεσεῖν
2528 1574 2597 1626 με
2629 1556 2930 1627 οἰκτιρμῶν
2969 1557 3027 1608 ἐν
3064 1558 3131 1625 τῇ
3157 1555 3389 1625 δευτέρῃ

1816 1667 1877 1703 τε
1909 1652 2231 1721 καὶφρικτῇ
2269 1651 2547 1720 παρουσίᾳ
2580 1667 2697 1703 σου.
2733 1669 2751 1701 ι

1889 1743 1979 1812 Τῷ
2024 1744 2080 1796 δὲ
2124 1743 2270 1812 θέρει
2299 1744 2391 1794 τοῦ
2432 1740 2599 1794 αὑτοῦ
2655 1742 2810 1805 ἔτους
2856 1743 3049 1808 ,ςὲπε⁹
3096 1741 3123 1792 ὁ
3161 1740 3389 1809 άμηρᾶς

1817 1834 2147 1895 ἀποστείλας
2184 1834 2437 1887 πλεῖστον
2499 1833 2861 1902 στρατόπεδον
2890 1834 3047 1885 ⁴κατά
3095 1833 3187 1884 τοῦ
3234 1832 3387 1883 Ναυ-

1817 1928 2053 1991 πάκτου,
2086 1928 2173 1980 ἶνα
2224 1927 2519 1999 παραλάϐῃ
2574 1928 2755 1985 αὐτὸν.
2793 1922 2913 1978 εἶτα
2961 1926 3042 1987 εἰς
3093 1925 3193 1993 τὴν
3222 1925 3385 1990 ἀγίαν

1814 2020 2047 2089 Μαύραν
2075 2019 2300 2089 ἐπέλθῃο
2351 2019 2477 2072 ὅθεν
2515 2019 2740 2088 βοηθείᾳ
2774 2015 2913 2069 Θεοῦ
2950 2015 3073 2069 οὔτε
3113 2016 3205 2069 τὸν
3230 2016 3384 2067 Ναύ-

1813 2127 2017 2163 πακτον
2048 2112 2322 2180 παρὲλαὸε
2353 2110 2428 2179 τῷ
2459 2110 2608 2179 αὑτῷ
2634 2108 2907 2170 ἕτει,οῦτε
2931 2108 3071 2160 κατὰ
3096 2110 3193 2176 τῆς
3224 2107 3386 2175 ἁγίας

1803 2201 2043 2268 Μαύρας
2079 2197 2264 2272 ἦλθεν,
2298 2202 2416 2254 ἀλλ’
2451 2202 2790 2270 ὑπέστρεψεν
2824 2201 3131 2270 ἄπρακτος.

1884 2293 2048 2356 Τέλος
2097 2294 2192 2345 τοῦ
2230 2296 2498 2363 παρόντος
2536 2294 2811 2363 ίστορικοῦ
2856 2295 2976 2363 ἢτοι
3007 2290 3263 2362 χρονικοῦ
3298 2290 3383 2358 βι-

1814 2384 1986 2449 ϐλίου,
2018 2385 2151 2456 παρ’
2177 2386 2313 2454 ἐμοῦ
2354 2386 2448 2438 τοῦ
2505 2388 2870 2455 συγγραφέως
2907 2384 3135 2454 ποιηθὲν
3165 2385 3380 2451 αἰτήσει

1811 2472 1978 2533 τινῶν
2010 2481 2246 2547 εὐγενῶν
2479 2481 2840 2551 Κερκυραίων
2868 2519 2882 2543 ,
2916 2478 3381 2550 παρακαλούντων

1816 2590 1880 2643 με
1913 2573 2001 2624 ἴνα
2040 2572 2115 2642 μὴ
2150 2576 2329 2643 σιωπῇ
2370 2572 2690 2642 παραλείψω
2717 2572 2753 2625 ἀ
2779 2569 2898 2623 οἶδα
2929 2570 3377 2641 ὀφθαλμοφανῶς

1811 2666 1907 2716 καὶ
1948 2664 2157 2735 ἥκουσα
2191 2667 2286 2716 καὶ
2326 2665 2631 2732 άνὲγνωκα.
2666 2666 2774 2717 Καὶ
2797 2665 2971 2727 οὕτως
3003 2664 3219 2734 ἔγραψα
3258 2665 3383 2715 ἰδιο-

1812 2757 2009 2827 χείρως
2041 2759 2132 2810 καὶ
2180 2758 2440 2810 ἁπέδωσα
2482 2756 2585 2810 ἀνὰ
2626 2760 2817 2826 χεῖρας
2852 2749 3381 2808 τοῦεῦλαὸεστάτου

1814 2851 2002 2920 ἱερέως
2033 2851 2141 2919 κῦρ
2193 2850 2502 2902 Ἀντωνίου.
2539 2850 2649 2903 Καὶ
2690 2851 2739 2902 οἱ
2793 2847 3260 2915 ἀναγινώσκοντες
3291 2847 3389 2899 εὓ-γ

1812 2941 1973 3011 χεσθέ
2008 2940 2097 3010 μοι
2146 2941 2234 2994 διὰ
2264 2943 2355 2993 τὸν
2404 2940 2633 3011 Κύριον,
2670 2942 2721 2992 εί
2765 2940 2926 2993 ἔλαθέ,
2954 2956 3044 2993 τι·
3100 2940 3160 2992 τὸ
3199 2928 3382 3008 γῆρας

1811 3034 1918 3104 γὰρ
1960 3037 2019 3085 τὸ
2070 3037 2200 3103 ἐμὸν
2252 3036 2343 3085 καὶ
2398 3034 2430 3104 ή
2489 3033 2639 3103 δεινὴ
2690 3032 2949 3086 ἀσθένεια
2983 3033 3083 3084 οὐκ
3128 3034 3279 3085 εἴασέ
3311 3049 3382 3101 με

1810 3126 1991 3188 καλῶς
2043 3125 2358 3195 διορθῶσαι.
2412 3126 2657 3197 Ἑγράφη
2716 3120 2811 3178 οὖν
2863 3123 3085 3194 ἐτειτῷ
3137 3124 3245 3177 ἀπὸ
3283 3124 3387 3195 τῆς

123 3200 360 3268 ⁸ήκουον.
401 3201 506 3253 Καὶ
562 3202 647 3253 ἵνα
699 3204 778 3264 είς
826 3204 925 3272 τήν
954 3204 1066 3257 ἄνω
1096 3204 1353 3272 πρόνοιαν
1402 3204 1701 3271 ἀπαλλαγῶ
1731 3226 1771 3282 C
1805 3219 2037 3281 κτεπέως
2082 3219 2290 3287 κόσμου
2335 3220 2562 3285 ,ςέπςη
2599 3219 2848 3287 Μαρτίου
2895 3216 3013 3283 xei,
3048 3217 3379 3277 ινδιχτιῶνας

128 3293 283 3357 μετᾶ
315 3293 375 3343 τὸ
396 3293 688 3362 παρελθεῖν
732 3294 828 3356 τὰς
875 3294 1362 3364 ὲναπολειφθείσας
1397 3313 1486 3364 μοι
1513 3297 1699 3347 τοιαύ-

118 3399 225 3445 τας
248 3386 469 3453 ἡμέρας
502 3386 600 3453 τῆς
637 3384 751 3453 ζωῆ
790 3426 805 3447 ,
838 3386 1153 3449 ἐπελθόντος
1182 3404 1283 3455 μου
1312 3386 1408 3438 τοῦ
1442 3386 1700 3450 θανάτου,

118 3504 236 3549 tate
265 3496 398 3549 anni
424 3497 563 3551 6984
594 3498 646 3551 in
681 3496 987 3553 Valachiam
1018 3499 1294 3568 profectus
1322 3508 1405 3552 est
1431 3514 1551 3552 cum
1582 3514 1699 3552 om-

114 3588 298 3643 nibus
330 3589 501 3656 copiis
527 3590 640 3644 suis
674 3606 687 3641 :
722 3590 863 3644 unde
889 3592 1017 3644 anni
1051 3592 1333 3659 sequentis
1364 3606 1553 3645 mense
1585 3591 1686 3644 Sc-

114 3680 371 3747 ptembri
396 3682 570 3736 victus
594 3682 783 3751 magis,
810 3698 971 3751 quam
997 3684 1170 3737 vietor
1198 3683 1373 3748 rediit,
1394 3693 1471 3744 et,
1491 3684 1699 3753 begier-

108 3773 263 3842 [ιιιεο
287 3774 342 3824 in
363 3773 495 3827 urbe
518 3774 713 3841 Sophia
736 3774 944 3838 relicto,
970 3774 1079 3842 ipse
1097 3774 1502 3843 Adrianopolim
1529 3778 1698 3829 venit.

189 3866 348 3918 Auni
381 3866 621 3929 eiusdem
658 3865 911 3920 Octobris
940 3868 1025 3921 die
1054 3868 1231 3935 primo
1260 3869 1693 3923 rheumatismus

104 3966 294 4025 caput
316 3957 444 4009 mihi
469 3966 521 4010 et
542 3972 715 4026 genua
741 3958 955 4023 invasit,
976 3958 1237 4027 auxitque
1257 3967 1463 4013 tantum
1488 3962 1695 4029 pituitae

103 4066 173 4102 ex
212 4064 348 4110 ore,
391 4050 615 4103 naribus
646 4059 700 4103 et
732 4051 979 4112 auribus,
1029 4060 1085 4103 ut
1120 4067 1311 4105 omnes
1334 4052 1697 4121 desperarent

101 4140 176 4192 de
206 4139 399 4191 salute
431 4154 549 4192 mea
590 4149 644 4193 ct
682 4148 762 4192 ter
794 4140 1067 4208 particeps
1099 4141 1279 4193 liorem
1320 4142 1695 4197 immaculato-

98 4244 240 4280 runt
302 4230 707 4298 mysteriorum.
761 4225 980 4284 Utinam
1031 4246 1117 4284 me
1163 4231 1477 4287 abstulisset
1522 4249 1697 4299 mors,

97 4320 401 4375 medicina
442 4330 495 4375 et
536 4325 754 4391 requies
802 4324 1069 4377 malorum
1122 4340 1365 4378 meorum
1420 4327 1689 4391 omnium,

94 4410 449 4473 senectutis,
485 4411 817 4465 infirmitatis
856 4421 911 4465 et
958 4414 1174 4482 inopiae.
1212 4413 1424 4468 Etenim
1461 4431 1566 4470 non
1596 4432 1688 4472 so-

89 4502 223 4555 lum
250 4502 448 4555 multis
467 4503 687 4569 optimis
713 4503 864 4569 viris,
883 4519 1112 4572 quorum
1138 4508 1533 4562 consuetudine
1558 4525 1693 4565 usus

89 4609 272 4645 eram
318 4592 442 4646 inde
472 4594 539 4645 ab
570 4594 956 4659 adolescentia,
990 4595 1085 4649 sed
1116 4597 1278 4649 etiam
1309 4599 1469 4652 rebus
1518 4599 1583 4652 ad
1621 4602 1698 4653 vi-

85 4694 266 4739 ctum
294 4685 674 4751 quotidianum
704 4688 1026 4740 necessariis
1057 4689 1298 4756 privatus
1322 4705 1492 4745 eram.
1517 4691 1695 4759 Spero

86 4787 402 4831 tantorum
455 4777 721 4831 malorum
767 4781 1031 4847 patientia
1066 4790 1120 4835 et
1165 4790 1318 4850 grato
1364 4798 1492 4851 erga
1522 4785 1684 4837 Deum

81 4868 336 4931 animo,
377 4866 495 4934 ipso
538 4866 803 4936 propitio,
846 4869 1063 4922 veniam
1134 4887 1219 4925 me
1270 4873 1686 4939 impetraturum

78 4976 229 5015 esse
269 4958 484 5021 multis,
516 4957 714 5026 quibus
741 4974 865 5013 eum
910 4959 1135 5025 aliendi,
1169 4968 1430 5031 peccatis.
1468 4964 1682 5019 Nullum

75 5054 255 5107 enim
294 5058 384 5103 est
414 5049 475 5103 in
512 5053 614 5104 vita
660 5054 894 5105 humana
933 5064 1212 5121 peccatum
1268 5056 1346 5108 vel
1392 5055 1681 5125 ﬂagitium,

72 5160 196 5199 nec
238 5142 363 5195 ulla
410 5143 630 5197 omnino
660 5144 928 5212 nequitia,
977 5159 1137 5213 quam
1184 5160 1287 5215 ego
1334 5147 1587 5215 indignus
1630 5158 1685 5203 et

72 5238 280 5289 miser
319 5232 679 5300 cogitatione,
715 5234 883 5288 verbo
910 5232 964 5289 et
995 5235 1270 5290 voluntate
1309 5253 1415 5291 non
1448 5241 1684 5293 commi-

62 5328 304 5383 serim,
343 5324 435 5391 qui
475 5324 709 5393 judicio,
764 5326 1049 5394 proposito
1082 5336 1135 5380 et
1173 5328 1389 5383 actione
1438 5332 1682 5398 peceavi,

63 5424 384 5488 quantum
440 5429 603 5470 nemo
658 5432 898 5485 unquam
948 5429 1095 5472 ante.
1151 5417 1354 5475 Verum
1400 5424 1682 5476 enimvero

59 5511 388 5562 liberatus
419 5520 447 5557 a
483 5516 680 5571 morte,
730 5524 794 5563 ex
844 5509 941 5563 illo
980 5510 1171 5565 morbo
1214 5512 1307 5566 diu
1365 5514 1436 5567 ita
1483 5516 1683 5570 surdus

58 5596 323 5658 mansi,
362 5607 419 5648 ut
449 5612 514 5650 ne
544 5599 664 5666 ejus
698 5600 939 5669 quidem,
975 5603 1069 5671 qui
1108 5618 1274 5673 prope
1317 5620 1400 5658 me
1431 5607 1683 5677 loquere-

56 5710 195 5756 tur,
236 5689 418 5749 verba
450 5690 718 5747 audirem.
752 5695 926 5763 Atque
960 5705 1015 5749 ut
1052 5698 1119 5751 ad
1148 5713 1459 5765 supremam
1493 5700 1679 5769 provi-

55 5785 355 5843 dentiam
388 5795 707 5848 reverterer,
739 5790 1029 5855 przeleritis
1060 5792 1160 5854 his,
1192 5791 1283 5860 qui
1318 5792 1447 5844 milii
1484 5794 1675 5861 reliqui

55 5889 251 5942 sunt,
289 5871 486 5929 diebus
523 5878 659 5942 vitae,
696 5886 749 5931 et
784 5890 977 5942 morte,
1012 5882 1250 5950 requiete
1283 5883 1581 5949 hominum,
1619 5893 1675 5937 ut

1808 3312 2119 3382 ἑνδεκάτης.

1808 3532 1929 3571 eam
1961 3518 2115 3571 divus
2138 3516 2310 3571 Jobus
2342 3517 2649 3586 appellavit,
2682 3516 2915 3586 sopitus,
2951 3516 3025 3569 ita
3059 3514 3225 3569 Deum
3253 3529 3376 3583 prc-

1809 3620 1966 3665 catus
1997 3625 2115 3663 sum
2156 3630 2168 3663 :
2217 3629 2236 3661 ι
2264 3609 2493 3675 Quodsi,
2541 3609 2814 3673 Salvator,
2863 3609 2971 3678 pati
3030 3623 3115 3662 me
3151 3622 3380 3660 incesse

1809 3708 1892 3752 est
1942 3697 2085 3768 (quis
2116 3698 2263 3751 enim
2298 3699 2448 3751 novit
2482 3697 2829 3751 altitudinem
2859 3696 3190 3766 iudiciorum
3254 3704 3376 3749 tuo-

1808 3809 1929 3847 rum
1955 3795 1977 3845 Υ
2003 3792 2270 3860 siquidem
2304 3792 2615 3860 benignitas
2644 3800 2733 3844 tua
2772 3794 3069 3844 detestatur
3122 3791 3377 3843 miserias

1810 3899 1981 3947 meas,
2034 3884 2252 3951 justitia
2306 3896 2486 3936 autem
2546 3883 2695 3947 facit,
2740 3883 2884 3952 quod
2944 3898 3102 3939 suum
3143 3882 3266 3949 est),
3317 3882 3374 3933 in

1809 3988 2019 4046 tempus
2053 3979 2176 4041 hoc,
2209 3975 2352 4043 quod
2404 3976 2563 4028 linem
2602 3976 2782 4038 habet,
2820 3976 2996 4042 pmnis
3040 3990 3124 4027 me
3174 3977 3370 4038 multa,

1810 4078 1919 4115 non
1972 4063 2023 4115 in
2076 4064 2319 4115 futurum
2354 4072 2589 4130 tempus,
2624 4063 2780 4133 cujus
2832 4064 3015 4116 nullus
3044 4062 3191 4127 linis,
3226 4064 3371 4118 nulla

1811 4168 1993 4206 rerum
2024 4156 2295 4221 reparatio
2322 4164 2423 4207 est.
2458 4153 2554 4206 llie
2587 4155 2751 4221 igitur
2778 4170 2903 4207 cum
2937 4170 3019 4208 uie
3046 4156 3371 4224 purgaveris

1806 4262 1938 4301 usus
1977 4246 2219 4301 miseriis
2265 4246 2542 4309 omnibus,
2588 4262 2710 4315 qua:
2749 4246 2856 4300 buc
2902 4247 3128 4311 faciunt,
3173 4247 3247 4301 ita
3283 4264 3368 4301 tne

1774 4339 1932 4394 hinc
1969 4337 2269 4392 transferre
2306 4339 2550 4406 dignare,
2590 4348 2648 4392 ut
2692 4356 2801 4392 non
2853 4339 3101 4394 excidam
3154 4342 3369 4405 iniseri-

1805 4432 1990 4487 cordia
2023 4439 2114 4485 tua
2146 4431 2199 4483 in
2229 4433 2400 4484 altero
2435 4439 2525 4483 tuo
2548 4442 2601 4483 et
2633 4432 2882 4484 horribili
2912 4434 3165 4485 adventu.
3198 4450 3219 4482 ι

1872 4522 2086 4578 Εειιιιο
2122 4526 2247 4576 anni
2280 4522 2423 4578 6985
2468 4538 2680 4577 ameras
2740 4524 3010 4592 ingentem
3063 4526 3363 4579 exercitum

1804 4615 1973 4679 misit,
2029 4618 2122 4683 qui
2171 4612 2509 4683 Naupactum
2563 4628 2806 4683 caperet,
2844 4616 3041 4669 deinde
3088 4617 3366 4670 invaderet

1795 4702 2053 4758 Sanctam
2105 4703 2370 4758 Mauram.
2411 4703 2605 4759 Verum
2652 4707 2948 4760 auxiliante
2997 4708 3106 4761 Deo
3158 4708 3361 4763 factum

1790 4805 1896 4858 est,
1927 4805 1983 4849 ut
2014 4810 2114 4849 nec
2144 4795 2477 4864 Naupactum
2502 4780 2792 4866 subjiceret
2817 4814 2882 4851 eo
2908 4814 3073 4861 anno,
3096 4814 3197 4853 nec
3228 4799 3366 4853 San-

1792 4896 1937 4937 etam
1980 4886 2216 4940 Mauram
2266 4888 2595 4951 adoriretur,
2648 4890 2739 4942 sed
2778 4904 2833 4942 re
2885 4890 3085 4943 iniecta
3137 4892 3356 4946 rediret.

1865 4975 2016 5031 Finis
2052 4979 2173 5031 libri
2210 4979 2369 5045 hujus
2411 4980 2652 5031 historici
2703 4980 2817 5033 sive
2867 4982 3147 5044 chronici,
3201 4998 3358 5050 quem

1793 5085 1893 5138 ego
1958 5066 2143 5137 rogatu
2215 5069 2476 5122 nobilium
2533 5071 2890 5136 quorumdam
2947 5071 3358 5140 Corcyraeorum

1790 5159 2114 5227 conscripsi,
2152 5160 2247 5228 qui
2294 5160 2722 5215 cohortabantur
2768 5176 2874 5221 me,
2926 5170 2981 5214 ut
3025 5177 3091 5215 ne
3139 5162 3357 5216 silentio

1789 5266 2121 5321 premerem,
2144 5266 2265 5319 qua:
2305 5251 2565 5306 vidissem
2606 5252 2804 5316 oculis,
2853 5253 3153 5316 audissem,
3195 5254 3354 5321 legis-

1787 5356 1925 5398 sem.
1973 5341 2159 5411 Itaque
2193 5359 2359 5397 manu
2412 5359 2530 5398 mea
2583 5344 2697 5399 haec
2741 5346 2936 5414 scripsi
2981 5355 3034 5400 et
3073 5346 3126 5398 in
3165 5361 3357 5401 manus

1786 5433 2087 5487 sacerdotis
2115 5434 2509 5502 religiosissimi
2549 5437 2780 5489 Antonii.
2808 5438 3030 5491 tradidi.
3066 5438 3359 5504 Lectores,

1787 5525 2053 5594 ignoscite
2084 5525 2215 5579 mihi
2258 5542 2354 5595 per
2396 5526 2708 5593 Dominum,
2746 5529 2793 5582 si
2830 5529 2961 5597 quid
2999 5531 3356 5598 praetermisi.

1786 5618 2047 5671 Senectus
2082 5616 2225 5670 enim
2270 5628 2324 5672 et
2355 5633 2565 5673 summa
2599 5620 2886 5673 inﬁrmitas
2926 5636 3043 5674 mea
3079 5636 3182 5675 non
3214 5622 3357 5674 sire-

1784 5717 1909 5761 ruut
1967 5722 2051 5761 me
2112 5716 2363 5763 accurate
2415 5709 2597 5763 omnia
2660 5709 2963 5765 elaborare.
3031 5710 3355 5764 Scribebam-

1782 5814 1923 5851 auno
1958 5816 1984 5850 a
2015 5798 2212 5851 inundo
2243 5800 2462 5855 condito
2491 5800 2652 5867 6986,
2690 5800 2891 5858 mensis
2928 5803 3098 5857 Martii
3135 5803 3222 5857 die
3255 5802 3353 5867 9.9,

1782 5890 2072 5947 indictione
2101 5891 2405 5947 undecima.
