4112 6450
158 445 296 511 1041

1418 456 1857 525 CHRONICON
1897 464 2038 525 MlN
2053 460 2164 525 US.

3257 452 3402 517 Idi?

152 562 253 615 καὶ
304 562 803 629 καϐαλαεύσαντες
837 565 977 635 μετά
1003 566 1263 639 πλείστης
1301 572 1383 624 ὅτι
1423 574 1597 642 χαρᾶς
1638 574 1732 627 καὶ
1758 569 1805 628 Δ
1834 575 2031 643 γισμδς
2064 573 2170 635 ἐως
2198 561 2261 624 οὗ
2312 570 2483 623 πολλά
2521 568 2789 630 κοπιάσας
2835 567 2927 619 καὶ
2978 565 3215 635 μεθύσκς
3249 565 3401 635 (πολ.-

147 653 249 706 τοῦ
288 654 404 716 ἐνὸς
440 657 640 725 μέρους
665 657 756 709 καὶ
786 656 881 711 τοῦ
926 658 1087 712 ἄλλου
1117 661 1388 731 ἐσέϐημεν
1418 665 1499 727 είς
1531 666 1589 717 τὸ
1625 666 1724 718 κά-

151 760 319 811 στρον
346 745 441 799 καὶ
475 747 636 818 μέχρι
684 748 795 800 τῶν
839 752 918 813 εἰς
946 751 1038 805 τὸν
1073 753 1201 806 ναὸν
1245 754 1340 807 τοῦ
1375 756 1531 823 ἁγίου
1560 758 1726 811 Νικοκ-

150 836 290 890 λάου
347 841 625 908 δσπητίων
676 842 1013 913 ἀπήλθομεν,
1063 847 1162 915 τῆς
1227 848 1325 915 μὲν
1371 848 1490 901 ὀδοῦ
1543 851 1723 916 πάσης

150 931 618 1000 κατεστρωμένης
646 934 868 988 πάντων
912 937 1120 991 ἀνθέων
1154 941 1249 992 καὶ
1293 941 1591 1010 εὐκοσμίας
1632 947 1726 996 καὶ

150 1020 272 1073 ἀπὸ
310 1024 379 1075 τὰ
414 1026 477 1075 ἐκ
510 1024 702 1091 δεξιῶν
753 1028 851 1080 καὶ
885 1028 1192 1100 ἀριστερῶν
1223 1032 1458 1102 όσπήτια
1505 1035 1727 1090 πάντων

152 1112 436 1181 ρεομένων
466 1114 555 1167 διὰ
590 1116 1059 1188 ροδοσταμμάτων
1088 1121 1184 1175 καὶ
1235 1122 1404 1192 ῥόδων
1438 1126 1530 1178 καὶ
1567 1142 1726 1197 τρια-

152 1204 541 1272 κονταφύλλων
562 1225 573 1235 ⁸
607 1206 759 1280 [150]
792 1210 901 1264 ἀπὸ
945 1212 993 1265 δ’
1020 1212 1230 1268 ἀνωθεν
1255 1215 1367 1269 τοῦ
1400 1214 1587 1272 Κούλᾶ
1636 1218 1726 1273 διά

156 1293 372 1345 σκευῶν
406 1297 499 1349 καὶ
526 1297 821 1369 τζαγγρῶν
852 1303 1039 1367 κακῶς
1080 1305 1440 1377 δεξιουμένων
1468 1312 1637 1380 ἡμᾶς,
1676 1316 1726 1367 εί

154 1386 253 1437 καὶ⁵
273 1387 424 1441 οὐδέν
450 1407 502 1444 τι
529 1392 770 1463 ἔϐλαψαν
792 1413 805 1425 ·
834 1398 884 1449 οί
911 1398 1019 1468 γὰρ
1048 1400 1141 1452 τοῦ
1168 1404 1566 1471 μητροπολίτου
1589 1422 1727 1475 κραι-

151 1482 419 1548 τήσαντες
436 1483 526 1536 τὸν
545 1486 780 1550 Κουλᾶν,
805 1489 884 1542 ἔτι
905 1491 1069 1547 δὲκαὶ
1088 1496 1154 1546 τὰ
1175 1495 1472 1551 αὐθεντικά
1495 1501 1727 1569 πλησίον

151 1572 323 1626 αὐτοῦ
348 1576 581 1644 ὁσπήτια
602 1579 697 1631 καὶ
733 1585 1165 1652 σιταρχήσαντες
1198 1588 1291 1641 καὶ
1313 1589 1727 1659 ἀφιερώσαντες

154 1665 442 1735 κατέγχον,
484 1669 793 1736 ἐλπίζοντες
834 1675 917 1727 ὅτι
962 1677 1209 1742 ἐλθόντος
1245 1680 1337 1733 τοῦ
1391 1687 1726 1754 μητροπολί⁶

152 1775 275 1819 του,
314 1760 399 1813 διά
425 1761 615 1815 τούτου
660 1764 805 1828 ἕξειν
832 1768 997 1821 πάλιν
1028 1770 1171 1841 ἅπερ
1212 1775 1303 1825 καὶ
1337 1777 1606 1845 πρότερον
1645 1774 1727 1830 εί-

152 1868 251 1918 χον
271 1867 285 1881 ’
311 1853 467 1921 ήμῶν
496 1854 552 1908 δὲ
581 1856 674 1908 ἐπὶ
695 1856 793 1927 τὴν
820 1858 1011 1929 αῠριον
1039 1864 1413 1933 συναχθέντων
1446 1869 1500 1919 ἐν
1532 1869 1610 1936 τῷ
1631 1870 1725 1920 τοῦ

154 1944 316 2010 ἁγίου
348 1943 621 2001 Νικολάου
654 1950 766 2018 ναῷ
800 1953 890 2004 καὶ
924 1955 1124 2015 παντὸς
1145 1956 1240 2009 τοῦ
1266 1958 1363 2027 τῆς
1389 1960 1570 2028 χώρας
1595 1962 1724 2016 λαοῦ

1829 668 1985 730 λάκις
2021 668 2115 718 καὶ
2165 664 2436 726 ἀκουσίως
2490 662 2776 731 ἐμέθυσα),
2808 659 3095 720 κάκείνους
3143 656 3404 709 τοσοῦτον

1829 762 1910 812 ὄτι
1940 757 2134 827 ἀπῆρά
2172 773 2297 820 τους
2327 757 2395 808 τὰ
2448 754 2673 824 χαρτία,
2719 754 2812 805 καὶ
2843 752 3128 817 ἀνέγνωσα
3172 751 3262 802 καὶ
3312 766 3405 814 με·

1828 851 2104 918 τέγραψα,
2142 851 2371 903 κάκεῖνα
2420 847 2583 901 πάλιν
2615 846 2895 898 ἐδούλωσα
2927 844 3015 896 καὶ
3060 842 3253 911 ἀφῆκα
3281 858 3295 871 ·
3327 843 3402 901 ὡς

1826 943 1883 995 δέ
1914 942 2129 1009 ἔφθασα
2170 943 2249 1001 είς
2278 942 2379 1007 τὴν
2414 940 2587 1005 πόλιν,
2642 938 2799 1007 ἐδόθη
2839 954 2928 1003 μοι
2977 934 3405 1002 συναποκρισιά·

1834 1051 1952 1103 ρης,
1987 1032 2137 1105 [155]
2169 1033 2397 1099 Μάρκος
2430 1030 2812 1095 Παλαιολόγος,
2841 1031 2868 1080 6
2901 1029 3142 1095 ’ῐαγρος,
3190 1027 3218 1077 6
3248 1026 3403 1077 ὓστε-

1833 1142 1925 1195 ρόν
1953 1140 2200 1191 πρωτοστ
2211 1124 2410 1193 ράτωρ,
2434 1122 2556 1173 τότε
2577 1122 2634 1174 δέ
2658 1117 3217 1190 πρωτοὸεστιαρίτης,
3238 1115 3403 1167 πλέον

1830 1216 2116 1276 ἀνατεθεὶς
2164 1211 2304 1269 εἶναι
2363 1216 2500 1268 κατά
2538 1216 2635 1284 τῆς
2692 1210 2940 1273 δουλείας
2992 1227 3116 1277 μου,
3173 1207 3205 1277 ἢ
3257 1208 3398 1273 ὑπὲρ

1830 1308 2001 1373 αὐτῆς
2024 1323 2039 1339 ο
2072 1307 2171 1359 οὐκ
2198 1301 2315 1358 οίδα
2338 1306 2394 1358 δὲ
2421 1306 2551 1358 ἄλλο
2575 1322 2627 1356 τι
2664 1306 2859 1366 αἴτιον,
2907 1299 3025 1353 ἀλλ’
3056 1299 3088 1367 ἢ
3116 1297 3178 1351 τδ
3205 1296 3399 1365 φθόνος

1830 1401 1927 1451 οὐκ
1947 1395 2052 1451 οἵδε
2079 1400 2355 1467 προτιμᾷν
2376 1398 2438 1449 τὸ
2467 1396 2749 1464 συμφέρον
2775 1410 2791 1425 ο
2824 1391 3153 1450 ἀπελθόντες
3187 1388 3232 1440 δ’
3258 1387 3395 1457 ὁμοῦ

1830 1492 1914 1552 είς
1956 1490 2046 1543 τὸν
2077 1490 2322 1558 ἀμηρᾶν,
2375 1489 2672 1555 ἀπήραμεν
2714 1484 3035 1547 ἀπολογίαν,
3086 1482 3171 1534 ἵνα
3213 1480 3400 1534 δώσω-

1835 1599 1932 1651 μεν
1977 1581 2146 1647 αὐτὴν
2181 1575 2262 1641 οἷς
2302 1576 2483 1647 εἶχονο
2538 1579 2971 1648 ἀπελογησάμην
3018 1572 3112 1628 οὖν
3154 1574 3233 1644 τῷ
3278 1574 3400 1625 τότε

1832 1672 2033 1741 πρώτῳ
2069 1671 2254 1743 βιξίρῃ
2294 1674 2386 1725 καὶ
2421 1672 2665 1741 ἄρχοντι,
2711 1670 2787 1739 τῷ
2818 1670 3056 1739 Μπραῖμ
3088 1671 3289 1739 Πασίᾳ,
3318 1670 3400 1722 ὅτι

1830 1766 1989 1816 τοῦτο
2026 1764 2134 1830 ἐγὼ
2159 1765 2249 1816 τὸν
2292 1765 2557 1832 αὐθέντην
2587 1782 2688 1834 μου
2720 1765 2874 1817 οὐδὲν
2903 1762 3087 1829 τολμῶ
3119 1763 3206 1814 ῖνα
3238 1761 3399 1823 είπω,

1831 1856 1947 1908 ἀλλ’
1984 1858 2109 1908 ἐπεὶ
2132 1858 2340 1918 ἐκεῖνος
2368 1856 2719 1922 ὁπωσδήποτε
2769 1855 3037 1925 ἄρχονταν
3067 1854 3233 1907 αὐτοῦ
3262 1853 3401 1904 ἀπέο

1760 1924 1797 1978 Β
1830 1949 2008 2001 στειλε
2043 1949 2179 2017 πρὸς
2219 1948 2311 2002 τὸν
2344 1948 2519 2016 μέγαν
2552 1924 2840 2018 αὐθέντην,
2866 1924 2992 2000 νίδοὺ
3026 1947 3091 2010 ἂς
3122 1946 3283 2017 ὁρίσῃ
3307 1948 3401 1998 καὶ

151 2034 450 2090 δεδώκασιν
478 2040 643 2109 ὅρκον
670 2043 752 2094 ὅτι
783 2044 848 2096 νά
875 2038 975 2098 ὦσι
1007 2048 1187 2101 πιστοὶ
1215 2049 1389 2104 δοῦλοι
1418 2052 1513 2105 τοῦ
1537 2053 1733 2107 αὐθεν-
1825 2039 1855 2089 δ
1891 2038 2156 2109 αὐθέντηῖ
2191 2038 2424 2092 σκλάδον
2450 2056 2540 2091 του
2574 2039 2668 2091 καὶ
2706 2038 2771 2101 ἃς
2803 2037 2933 2107 ἔλθη
2970 2034 3092 2106 μετ’
3114 2035 3274 2105 δμθῦν
3308 2037 3400 2087 καί]

153 2128 252 2192 τὸς
278 2130 436 2199 ήμῶν
463 2132 557 2185 τοῦ
578 2135 840 2190 δεσπότου
863 2155 876 2168 ι
910 2140 1006 2192 καὶ
1037 2140 1138 2210 ἐμὲ
1173 2144 1253 2205 είς
1280 2144 1522 2214 κεφαλὴν
1546 2148 1729 2200 αὐτῶν

154 2220 432 2290 ἐζήτησαν
453 2239 469 2255 ⁸
513 2225 755 2294 ἥκουσαν
781 2229 863 2294 δὲ,
888 2232 968 2283 ὃτι
1009 2234 1104 2283 καὶ
1139 2233 1234 2287 δύο
1277 2236 1372 2288 κα]¹
1406 2236 1567 2289 πλέον
1594 2239 1725 2290 τού-

152 2329 270 2363 των
317 2315 408 2366 τὸν
454 2319 861 2388 χρεωστοῦμεν,
898 2324 992 2375 καὶ
1033 2323 1122 2377 διὰ
1163 2325 1262 2395 τὴν
1308 2327 1463 2396 ὑμῶν
1510 2331 1724 2399 αἴτησιν

154 2402 300 2454 θέλω
326 2399 493 2473 ἦσθεν
521 2408 685 2471 αὐτὸς
713 2412 793 2473 είς
828 2412 1071 2483 κεφαλὴν
1108 2415 1281 2485 ὑμῶν.
1315 2420 1423 2471 Καὶ
1451 2423 1514 2489 τῇ
1559 2420 1606 2489 η’
1629 2421 1721 2474 τοῦ

167 2493 391 2545 Ἰουνίου
434 2498 601 2566 μηνὸς
636 2501 977 2569 περάσαντός
1009 2520 1111 2571 μου
1143 2506 1225 2567 είς
1256 2505 1346 2558 τὸν
1368 2496 1719 2571 Ναύπακτον,

154 2587 251 2639 ῖνα
289 2591 368 2652 εἰς
408 2591 495 2644 τὸν
542 2592 768 2662 βασιλέα
802 2596 1021 2664 πρῶτον
1060 2599 1303 2664 ἀπέλθω,
1354 2601 1438 2654 ἶνα
1475 2604 1724 2665 κάκεῖνος

153 2680 227 2731 τὰ
264 2684 343 2743 είς
399 2684 496 2753 τὴν
538 2686 758 2757 Πάτραν
796 2690 1355 2763 παρακολουθήσαντα
1397 2696 1542 2766 μάθῃ
1570 2713 1583 2726 ·
1626 2692 1723 2747 εἴτ’

152 2774 257 2825 ἀπ’
282 2776 460 2830 ἐκεῖσε
501 2781 637 2848 μετὰ
678 2782 771 2835 καὶ
802 2784 1062 2854 ἀρχοντος
1112 2787 1281 2840 αὐτοῦ
1318 2788 1399 2850 είς
1440 2790 1531 2841 τὸν
1577 2789 1725 2857 ἀμη-

158 2865 302 2932 ρᾶν·
336 2868 432 2921 καὶ
483 2872 587 2940 γὰρ
628 2875 767 2927 κατὰ
817 2879 919 2947 τὴν
946 2876 988 2930 δ’
1022 2878 1116 2931 τοῦ
1164 2879 1328 2931 αὐτοῦ
1378 2881 1565 2949 μηνὸς,
1602 2886 1658 2935 ἐν

154 2956 465 3023 φθάσαντες
519 2962 817 3034 ἐμείναμεν
870 2968 927 3019 ἐν
980 2969 1058 3038 τῷ
1102 2968 1198 3022 τοῦ
1256 2970 1412 3036 ἁγίου
1473 2972 1721 3043 Ἀνδρέου

151 3048 295 3118 ναῷ,
333 3052 440 3104 ιδού
490 3054 587 3108 καὶ
627 3056 735 3108 ἀπὺ
778 3059 870 3112 τὸν
913 3060 1249 3113 Ναύπακτον
1301 3061 1579 3130 ἐπέρασαν
1630 3063 1723 3116 δύο

148 3141 419 3210 Τοῦρκοι,
455 3148 483 3200 6
530 3148 629 3216 μὶν
672 3150 765 3201 τοῦ
801 3154 1016 3221 ἀμηρά,
1075 3154 1103 3205 6
1132 3153 1187 3206 δὲ
1235 3153 1329 3206 τοῦ
1375 3152 1719 3225 Τουραχάνη,

1826 2129 1892 2191 ἃς
1925 2130 2053 2200 είπῃ
2084 2130 2213 2193 τούς
2246 2130 2507 2200 ὁρισμοὺς
2542 2128 2635 2182 τοῦ
2678 2126 2915 2198 μεγάλου
2960 2127 3259 2188 αὐθεντός·
3302 2126 3402 2178 καὶ

1825 2220 2046 2289 ἔστερξε
2084 2220 2241 2273 τοῦτο
2272 2223 2366 2273 καὶ
2398 2216 2553 2273 εῖπε’
2584 2222 2827 2291 Φρόνιμα
2864 2220 2956 2272 καὶ
2988 2218 3133 2272 καλά
3166 2217 3357 2285 λέγετε
3380 2233 3394 2246 '

1824 2314 1917 2366 τοῦ
1979 2315 2192 2383 Ἰάγρου
2242 2313 2385 2375 ίδίως
2445 2313 2788 2374 σκώπτοντος
2834 2313 2994 2366 τοῦτο
3045 2314 3124 2375 είς
3170 2311 3270 2381 ἐμὲ
3322 2311 3397 2372 ὡς

1825 2411 2104 2479 ἄπρακτον
2159 2409 2250 2460 καὶ
2312 2407 2473 2477 μόνον
2532 2406 2860 2475 ἐπιζήμιον·
2898 2404 3009 2473 ἐγὼ
3060 2403 3198 2458 Θεοῦ
3248 2403 3398 2456 εὐδο-

1827 2504 2070 2566 κοῦντος,
2105 2501 2315 2570 ἔπραξα
2349 2499 2506 2552 τοῦτο
2532 2500 2621 2550 καὶ
2644 2498 2838 2567 ἀπῆρα
2874 2496 3395 2568 Ἀρχοντόσκλαϐον,

1827 2595 1922 2649 καὶ
1951 2590 2020 2663 ῆν
2062 2593 2217 2646 τοῦτο
2243 2592 2458 2660 πρῶτον
2487 2588 2661 2643 αἴτιον
2696 2587 2791 2642 τοῦ
2821 2588 3007 2642 λαὸεῖν
3037 2587 3136 2658 τὴν
3177 2588 3401 2657 διόρθω-

1827 2704 1913 2740 σιν
1948 2689 2004 2740 τὸ
2032 2688 2159 2757 περὶ
2191 2688 2288 2756 τῆς
2317 2687 2557 2757 Πάτρας.

2556 2782 2654 2833 υλ’.

1897 2871 2045 2942 [154]
2077 2872 2184 2924 Καὶ
2239 2872 2315 2941 τῷ
2360 2873 2443 2942 λη’
2488 2873 2596 2925 ἔτει
2650 2874 2708 2924 ἐν
2758 2871 2890 2941 μηνὶ
2939 2866 3259 2937 Σεπτεϐρίῳ
3317 2867 3398 2929 είς

1824 2966 1948 3027 τοὺς
1979 2966 2297 3034 κρατικοὺς,
2338 2965 2581 3033 ἔπραξαν
2606 2964 2665 3016 τὸ
2700 2962 3038 3016 συνοικέσιον
3074 2959 3170 3011 τοῦ
3202 2957 3397 3010 αὐθεν-

1824 3058 2090 3111 τοπούλου
2124 3058 2314 3125 Θωμᾶ,
2362 3058 2411 3109 οἱ
2446 3056 2770 3123 αὐτάδελφοι
2822 3052 2985 3107 αὐτοῦ
3016 3053 3066 3106 οἱ
3112 3051 3397 3115 δεσπόται,

1830 3147 1968 3217 μετὰ
1997 3146 2094 3214 τῆς
2128 3146 2398 3213 θυγατρὸς
2426 3146 2521 3198 τοῦ
2566 3148 2865 3215 πρίγκιπος
2908 3143 3108 3211 Ἀσάνη
3154 3140 3395 3210 Ζαχαρία

147 3236 414 3301 λέγοντες
443 3240 670 3308 ὁρισμὸν
700 3243 782 3295 ὅτι
822 3244 922 3313 τὴν
965 3244 1186 3315 Πάτραν
1213 3247 1299 3299 ἵνα
1330 3248 1404 3316 μὴ
1432 3247 1727 3316 ἐπάρωμεν
1752 3267 1797 3328 C
1828 3239 1922 3291 τοῦ
1979 3237 2403 3328 Κεντηρίωνος·
2622 3236 2751 3305 μηνὶ
2798 3235 2952 3328 κάγώ
2993 3232 3157 3328 πάλιν
3200 3229 3399 3328 ἐπανέιο

153 3328 336 3397 αὐτήν
361 3344 376 3358 ο
420 3328 469 3382 οἳ
495 3331 558 3401 δὴ
591 3332 752 3387 πάλιν
797 3335 1145 3406 ὑπέστρεψαν
1198 3338 1316 3406 μετ’
1358 3337 1494 3407 ἐμοῦ
1531 3339 1728 3391 ἀπολο-

146 3421 287 3489 γίαν
319 3421 594 3489 λαϐόντες,
624 3425 729 3490 ὅτι,
765 3428 883 3481 ἐπεὶ
910 3431 939 3481 6
977 3429 1166 3498 παρὼν
1197 3431 1379 3499 ἄρχων
1424 3433 1557 3500 ἐμοῦ
1590 3430 1727 3483 ὑπά-

146 3530 248 3578 γει
281 3518 360 3577 εἰς
386 3515 477 3568 τόν
522 3517 749 3585 ἀδελφόν
811 3538 915 3589 μου
947 3522 1039 3574 τὸν
1077 3521 1250 3590 μέγαν
1286 3524 1528 3591 ἀμηρᾶν,
1569 3521 1721 3593 [151]

147 3609 237 3670 ὡς
268 3607 335 3661 ἂν
377 3608 559 3680 ὁρίσῃ,
610 3610 837 3681 θέλομεν
874 3615 1141 3683 ποιήσειν.
1188 3614 1277 3677 Ὦς
1316 3611 1408 3667 οὖν
1454 3616 1728 3684 περάσαν-

147 3716 251 3761 τες
282 3700 341 3753 ἐν
370 3699 448 3769 τῷ
481 3701 799 3774 Ναυπάκτῳ
847 3705 1166 3774 ἐμείναμεν,
1197 3704 1343 3775 πρωῒ
1393 3707 1610 3768 σκοτίας
1638 3705 1729 3759 οὐ-

150 3807 281 3859 σης,
317 3792 425 3845 ἰδοὺ
474 3795 651 3846 ἐκεῖσε
684 3795 780 3847 καὶ
814 3797 842 3849 6
884 3796 1131 3849 παλαιῶν
1167 3798 1398 3867 Πατρῶν
1450 3814 1729 3867 μητροπο-

145 3885 346 3953 λίτης,
409 3887 751 3955 Παντοῦλφος
804 3888 1198 3952 Μαλατέστας,
1258 3890 1395 3957 μετά
1456 3888 1726 3959 κατέργου

146 3974 538 4030 Καταλανικοῦ
568 3972 731 4047 ἦλθεν
755 3992 770 4008 ⁹
800 3978 1146 4047 διερχόμενος
1167 3978 1275 4047 γάρ
1302 3979 1378 4041 ὡς
1402 3978 1570 4045 ἔμαθε
1600 3979 1727 4046 περὶ

144 4069 226 4120 τὰ
251 4069 513 4138 νησύδρια
556 4070 624 4122 τὰ
661 4072 825 4139 μέσον
864 4070 968 4139 τῆς
1009 4068 1151 4135 ὁδοῦ,
1203 4071 1287 4122 ὅτι
1330 4069 1488 4140 ἐδόθη
1520 4070 1581 4123 τὺ
1624 4070 1729 4123 .κά-

152 4178 322 4232 στρον
356 4162 493 4232 πρὸς
523 4163 613 4216 τὸν
657 4163 947 4232 δεσπότην,
998 4162 1195 4216 ἐπίασε
1244 4163 1345 4234 τὴν
1376 4163 1598 4233 λιὸέραν
1632 4163 1725 4223 τοῦ

155 4258 365 4325 μέρους
414 4257 511 4309 τοῦ
560 4257 916 4321 Ναυπάκτου,
966 4257 1051 4310 ίνα
1082 4258 1299 4326 πρῶτον
1345 4257 1503 4311 τοῦτο
1546 4256 1727 4319 καλῶς

154 4347 311 4418 μάθῃ
331 4349 405 4411 ὡς
434 4348 652 4416 ἐγένετο
670 4365 685 4380 ·
706 4350 927 4420 ἐδέησεν
944 4346 1037 4403 οῦν
1058 4353 1337 4418 ἐπιμεῖναι
1354 4350 1522 4418 κάμοὶ
1549 4354 1725 4404 ἐκεῖσε

146 4438 250 4491 καὶ
280 4438 379 4506 τὴν
422 4437 631 4509 αὐριον,
665 4439 753 4492 ῖνα
793 4440 1015 4509 πρῶτον
1065 4440 1290 4511 μηνύσω
1318 4440 1476 4493 τοῦτο
1521 4442 1600 4510 τῷ
1627 4443 1726 4494 αὐ-

148 4530 319 4600 θέντῃ
354 4547 482 4601 μου,
523 4533 663 4603 ὅπερ
713 4534 808 4587 καὶ
848 4534 1076 4602 γέγονεο
1108 4534 1202 4586 καὶ
1248 4534 1380 4604 παρ’
1409 4534 1543 4604 ἐμοῦ
1568 4534 1726 4588 τοῦτο

1834 3328 2039 3396 στρεψα
2085 3330 2165 3390 είς
2193 3329 2259 3379 τά
2285 3327 2563 3394 Τρίκκαλα
2594 3328 2733 3395 πρὸς
2783 3325 2873 3378 τὸν
2905 3322 3260 3394 Τουραχάνην
3303 3322 3399 3374 καὶ

1830 3420 1927 3487 τὴν
1958 3418 2086 3487 περὶ
2116 3418 2212 3486 τῆς
2266 3418 2485 3486 Πάτρας
2521 3417 2768 3470 δουλείαν
2798 3415 3023 3477 τελείως
3060 3413 3354 3480 διώρθωσα
3382 3425 3397 3440 ⁸

1830 3512 1925 3564 καὶ
1957 3511 2034 3578 τῷ
2066 3508 2213 3578 αὐτῷ
2262 3510 2374 3561 ἔτει
2426 3512 2484 3561 ἐν
2520 3510 2651 3575 μην]⁸
2688 3507 2984 3578 Νοεμόρίῳ
3015 3507 3048 3576 ἠ
3105 3504 3397 3575 βασίλισσα

1830 3602 1971 3670 κυρά
2014 3600 2267 3671 Θεοδώρα
2298 3603 2377 3663 είς
2417 3599 2477 3652 τὸ
2511 3600 2814 3667 Στάμοιρον
2850 3596 3218 3667 εὑρισκομένη
3267 3595 3401 3647 ἀπέ-

1831 3695 1983 3759 θανε,
2009 3695 2385 3764 καταλείψασα
2416 3693 2595 3761 λύπην
2627 3692 2828 3761 πολλὴν
2865 3692 2959 3744 καὶ
2991 3692 3069 3752 είς
3109 3689 3199 3741 τὸν
3230 3687 3401 3755 ἄνδρα

1830 3789 2000 3858 αὐτῆς
2030 3789 2125 3840 καὶ
2152 3789 2233 3851 είς
2262 3788 2412 3856 ἡμᾶς
2442 3785 2568 3847 τοὺς
2601 3786 2832 3846 οίκείους
2864 3780 3030 3835 αὐτοῦ
3062 3780 3150 3833 διὰ
3174 3778 3236 3831 τὸ
3258 3774 3398 3829 εῐναι

1830 3879 2000 3949 αὐτὴν
2044 3879 2358 3947 καλλίστην.
2408 3878 2613 3945 Ἐτάφη
2641 3876 2696 3927 δὲ
2734 3876 2898 3944 μέχρι
2949 3872 3094 3936 τινὸς
3136 3872 3218 3933 είς
3269 3870 3398 3939 μίαν

1827 3972 1937 4024 τῶν
1983 3969 2288 4039 ἐκκλησιῶν
2336 3971 2433 4039 τῆς
2478 3965 2859 4038 Γλαρέντζας·
2888 3966 2983 4019 καὶ
3036 3961 3175 4033 μετά
3225 3962 3399 4015 ταῦτα

1829 4066 2053 4133 ἀπῆγαν
2085 4063 2252 4134 αὐτὴν
2289 4064 2369 4124 είς
2396 4063 2494 4130 τὴν
2522 4063 2579 4113 ἐν
2610 4060 2689 4129 τῷ
2708 4057 2979 4129 Μυζηθρᾷ
3003 4056 3096 4110 τοῦ
3125 4056 3398 4109 Ζωοδότου

1833 4158 2022 4227 μονήν.
2072 4154 2183 4207 Καὶ
2210 4154 2289 4224 τῷ
2338 4154 2690 4221 ἰαννουαρίῳ
2723 4153 2856 4223 μηνὶ
2900 4150 2993 4206 τοῦ
3034 4148 3202 4202 αὐτοῦ
3242 4146 3399 4208 ἔτους

1829 4250 2098 4320 εὐλογήθη
2126 4248 2221 4302 καὶ
2261 4250 2288 4301 6
2336 4246 2766 4309 αὐθεντόπουλος
2796 4246 2903 4315 κὺρ
2940 4244 3145 4313 Θωμᾶς
3194 4243 3274 4304 είς
3307 4240 3400 4294 τὸν

1828 4342 2128 4412 Μυζηθρᾶν
2171 4340 2343 4410 κυράν
2396 4340 2925 4409 Αίκατερήναντὴν
2971 4336 3249 4405 θυγατέρα
3299 4335 3397 4387 τοῦ

1831 4434 2087 4505 ῥηθέντος
2123 4434 2442 4504 πρίγκιπος.
2482 4432 2561 4500 Τῇ
2603 4431 2658 4483 δέ
2688 4436 2780 4494 κς¹
2813 4430 3060 4499 Μαρτίου
3099 4428 3196 4481 τοῦ
3227 4428 3398 4481 αὐτοῦ

1829 4523 1982 4586 ἔτους
2010 4526 2196 4595 ἡμέρᾳ
2228 4524 2321 4577 καὶ
2348 4518 2468 4593 ῶρᾳ
2496 4521 2629 4575 ὀποῦ
2675 4522 2741 4591 μὲ
2780 4520 3015 4575 ἐπίασαν
3039 4522 3088 4573 οί
3121 4521 3398 4590 Πατρηνοὶ

145 4620 378 4688 πρῶτον
424 4620 625 4690 ἔμαθεν
650 4635 665 4652 ·
699 4623 795 4676 καὶ
837 4622 1092 4692 δεύτερον
1138 4624 1223 4677 ἵνα
1271 4625 1384 4688 καὶ,
1417 4624 1501 4685 τίς
1533 4626 1561 4677 6
1599 4624 1719 4676 ἐπί·
1751 4625 1800 4681 ι)
1828 4616 2204 4685 ἀπερχομένου
2241 4631 2346 4683 μου
2380 4617 2462 4677 εἰς
2500 4612 2560 4665 τὸ
2595 4614 2928 4668 δεσποτάτον
2968 4614 3043 4675 ὡς
3069 4611 3398 4682 ἀποκρισια·

148 4728 362 4774 σκοπός
418 4714 691 4785 αὐτοῦ’δὴ
743 4712 837 4767 τοῦ
891 4716 1333 4786 μητροπολίτου,
1380 4716 1441 4767 τὸ
1493 4714 1718 4767 δυνατὸν

154 4804 356 4871 μάθωο
412 4804 577 4873 μέσον
614 4805 673 4858 δὲ
724 4809 1021 4874 γενομένου
1068 4808 1164 4859 καὶ
1208 4807 1301 4859 τοῦ
1358 4807 1718 4878 Μπερνάρδου

149 4892 506 4965 Μαρτζέλλου
537 4898 753 4950 ἐκείνου
783 4897 1093 4951 καπετάνου
1122 4899 1475 4963 Ναυπάκτου,
1506 4899 1721 4967 εῖδομεν

152 4992 253 5041 καὶ
285 4988 545 5057 ἀλλήλους
567 5005 581 5020 ·
611 4988 673 5042 6v
712 4987 837 5041 ίδὼν
880 4988 1168 5058 ἐθαύμασα
1201 4991 1280 5042 ὅτι
1326 4990 1541 5060 διέφερε
1588 4993 1722 5045 πάν-

149 5099 265 5135 των
300 5080 604 5151 ἀνθρώπων
628 5084 707 5144 είς
732 5081 794 5135 τὸ
823 5082 1067 5153 δυσειδὴς
1112 5078 1251 5136 εἶναι
1274 5096 1292 5115 '
1330 5084 1600 5147 ἐξετάζων
1629 5079 1722 5137 οῦν

148 5177 365 5236 ἐκεῖνος
397 5175 451 5227 τί
483 5173 745 5243 βούλομαι
785 5176 1013 5245 ποιῆσαι
1044 5176 1123 5238 είς
1152 5175 1243 5228 τὸν
1284 5176 1530 5245 ἀμηρᾶν,
1563 5173 1723 5243 κάγὼ

150 5268 389 5329 ἐκεῖνον,
424 5265 654 5321 τίκατά
677 5269 774 5337 τῆς
805 5267 1044 5338 Πάτρας,
1068 5268 1256 5338 ἀπῆρα
1282 5269 1394 5335 ἐγὼ
1426 5267 1558 5337 παρ’
1584 5269 1724 5320 ἐκεί-

153 5374 279 5418 νου,
314 5356 377 5407 τὸ
407 5355 473 5426 δὴ
504 5356 819 5424 λεγόμενον,
856 5357 1213 5425 κουκουζέλα,
1250 5360 1459 5421 ἐκεῖνος
1502 5359 1560 5412 δὲ
1592 5360 1721 5430 παρ’

152 5447 297 5516 ἐμοῦ
362 5448 521 5518 βρύα.
556 5448 1025 5518 Ὀμωςδεδωκὼς
1070 5450 1099 5502 6
1161 5451 1567 5520 μητροπολίτης
1611 5453 1724 5514 τοῖς

157 5537 423 5599 σκλάεοις
447 5538 644 5606 χαρτία
676 5538 812 5607 πρός
852 5556 911 5590 τε
940 5539 1033 5591 τὸν
1074 5540 1294 5611 ἀμηρᾶν
1331 5539 1426 5591 καὶ
1471 5538 1563 5591 τὸν
1594 5540 1727 5592 Του-

159 5628 413 5697 ραχάνην
443 5628 609 5681 πολύν
638 5629 898 5698 λογισμὸν
930 5630 1185 5683 ἐνέϐαλεν
1227 5632 1305 5693 είς
1334 5631 1451 5699 ἐμὲ,
1486 5631 1559 5701 μή
1595 5647 1725 5683 ποτε

158 5721 509 5787 ὑπισχνεῖται
565 5720 746 5773 δοῦναι
805 5722 1097 5775 καστέλλιά
1147 5738 1270 5773 τινα
1321 5725 1420 5789 τῆς
1471 5722 1725 5790 Πάτρας,

160 5808 321 5883 [152]
375 5812 534 5880 εῖπερ
578 5812 741 5865 αὐτὸν
788 5811 1052 5886 βοηθήσῃ,
1101 5814 1186 5865 ἵνα
1240 5816 1418 5883 ἐπάρῃ
1468 5814 1726 5883 αὐτὴν,ἢ

159 5902 339 5961 πολλά
366 5919 489 5958 τινα
536 5905 795 5973 χρήματα
821 5908 961 5959 ’.καὶ
998 5907 1097 5959 οὐκ
1131 5906 1367 5961 ἔπαυσεν
1400 5909 1428 5959 ό
1465 5906 1595 5971 ἐμὸς
1643 5906 1728 5959 λο-

1827 4710 1943 4780 ρίου
1976 4709 2206 4778 ζητήσει
2260 4708 2440 4760 αὐτῶν
2481 4706 2643 4759 ἔνεκα
2672 4707 2896 4777 είρήνης
2943 4706 3107 4773 μέσον
3154 4704 3247 4757 τοῦ
3276 4706 3398 4758 ἀνε-

1821 4800 1947 4870 ψιοῦ
1977 4801 2237 4853 δεσπότου
2263 4799 2357 4851 τοῦ
2393 4799 2671 4868 Καρόλλου
2706 4800 2801 4851 καὶ
2826 4795 3261 4866 γυναικαδέλφου
3300 4795 3396 4847 τοῦ

1823 4894 2083 4957 αὐθεντός
2112 4912 2235 4964 μου,
2272 4894 2366 4945 καὶ
2398 4893 2505 4944 τῶν
2538 4890 2788 4961 φυσικῶν
2829 4888 2963 4941 υἱῶν
2994 4887 3161 4941 αὐτοῦ
3198 4888 3263 4957 δὴ
3298 4886 3393 4939 τοῦ

1823 4986 2127 5057 Καρόλλου,
2157 4983 2320 5057 ,[155]
2363 4984 2631 5054 Ἐρκούλα
2660 4982 2755 5035 καὶ⁵
2795 4978 3051 5035 Μενώνου
3074 4993 3091 5010 ’
3130 4979 3395 5047 ἐποίησαν

1824 5078 1932 5146 γὰρ
1961 5079 2217 5146 ἐνόρκους
2249 5077 2597 5145 συμφωνίας,
2626 5074 2729 5135 ὅτι,
2758 5073 2811 5126 εῐ
2833 5089 2887 5125 τι
2917 5072 3024 5140 ἀρα
3060 5071 3151 5123 καὶ
3186 5069 3395 5138 διακρί-

1824 5184 1906 5219 νει
1930 5171 1958 5219 6
1987 5169 2213 5237 ζητήσει
2239 5168 2398 5235 ήμῶν
2431 5166 2645 5227 σταλεὶς
2667 5166 2847 5234 ἄρχων
2872 5161 2968 5215 τοῦ
3003 5161 3263 5214 δεσπότου
3288 5160 3392 5228 κύρ

1825 5256 2236 5311 Κωνσταντίνου
2292 5259 2373 5319 είς
2432 5255 2501 5307 τά
2555 5256 2718 5325 μέσον
2780 5253 2937 5323 ήμῶν
2982 5250 3389 5318 διαφερόμενα,

1826 5350 2121 5420 στέρξομεν
2148 5352 2242 5403 καὶ
2289 5350 2573 5419 ἀμφότερα
2610 5348 2679 5400 τὰ
2724 5346 2863 5417 μέρη
2899 5345 3040 5398 κατὰ
3067 5342 3135 5395 τά
3165 5343 3394 5413 πλησίον
3426 5367 3431 5373 -

1827 5442 2093 5511 νησύδρια
2122 5443 2224 5509 τῆς
2256 5442 2417 5507 ἁγίας
2448 5441 2679 5510 Μαύρας
2699 5457 2713 5470 ο
2741 5438 2990 5508 ἀπήρασί
3036 5454 3104 5507 με
3130 5437 3178 5488 οί
3211 5438 3396 5487 Κατα-

1826 5533 1976 5586 λάνοι
2010 5533 2146 5602 μετά
2180 5533 2390 5586 πολλῶν
2417 5531 2513 5585 καὶ
2537 5531 2838 5601 ἀνθρώπων
2874 5532 2970 5584 καὶ
2996 5528 3205 5582 σκευῶν
3231 5529 3393 5579 πολυ-

1828 5628 2009 5693 τίμιον
2040 5625 2166 5678 ὄντα
2222 5643 2313 5695 με,
2352 5627 2447 5678 καὶ
2491 5627 2868 5694 κρατήσαντες
2915 5623 3081 5692 μέχρι
3126 5620 3271 5680 τινὸς
3302 5620 3398 5671 καὶ

1828 5715 2207 5782 ἀπαγαγόντες
2266 5716 2430 5785 μέχρι
2465 5715 2556 5767 καὶ
2586 5714 2683 5782 τῆς
2732 5712 3092 5779 Κεφαλωνίας
3118 5710 3194 5771 ὡς
3234 5708 3395 5776 δῆθεν

1832 5809 2165 5874 περάσοντες
2197 5810 2276 5869 είς
2306 5808 2374 5859 τά
2404 5808 2533 5875 περὶ
2565 5806 2663 5875 τὴν
2699 5806 2842 5858 Νέαν
2875 5806 3049 5863 πόλιν,
3079 5801 3229 5862 τέλος
3265 5801 3397 5870 ἐγυ·

1836 5902 2064 5971 ρίταμεν
2111 5907 2186 5967 εἰς
2236 5904 2338 5972 τὴν
2382 5904 2719 5973 Γλαρὲντζαν
2749 5920 2760 5933 ·
2799 5903 2892 5957 καὶ
2944 5896 3255 5966 ἐπούλησαν
3306 5898 3395 5951 καὶ
