4112 6450
130 417 261 483 ιιιιδ

1357 409 1793 473 CURONICON
1838 410 1977 471 MIN
1993 410 2107 472 US.

3220 399 3351 462 1046

122 536 183 601 τῇ
215 537 296 597 κγ’
332 527 423 583 106
454 525 788 596 Σεπτεϐρίου
826 524 993 595 μηνὸς
1028 522 1122 578 106
1160 524 1244 594 μδ⁸
1277 525 1433 587 ἔτους
1466 526 1546 588 είς
1574 526 1673 595 τὴν
1705 530 1745 584 Α
1777 528 2098 597 ἀπήλθομεν
2152 520 2269 577 κατ’
2324 522 2513 592 αὐτῆς,
2562 519 2801 588 γεγονὼς
2837 518 2892 571 δέ
2936 516 3165 583 λεγάτος
3205 516 3358 583 παρά

126 618 688 676 Κωνσταντινούπολιν
722 616 1061 685 ἐφθάσαμεν.

832 708 972 771 υλς’.

192 804 299 856 Καὶ
329 804 394 872 τῇ
442 809 521 854 κε’
550 799 797 868 Μαρτίου
842 798 935 851 106
990 798 1155 852 αὐτοῦ
1196 799 1348 861 ἔτους
1398 794 1561 869 ἦλθεν
1596 800 1688 862 -είς

123 895 217 961 τὴν
247 892 402 946 πόλιν
429 892 525 945 καὶ
550 894 583 962 ἡ
614 892 707 946 τοῦ
742 891 1203 961 Παρασπονδήλου
1236 890 1473 959 μεγάλου
1501 890 1689 948 δουκδς

126 985 400 1053 θυγατέρα
456 983 603 1049 Ζωὴ,
663 983 801 1052 μετὰ
854 983 1125 1051 κατέργου
1185 980 1468 1051 βασιλικοῦ
1498 1023 1511 1045 ,
1555 981 1688 1034 ὀποῦ

125 1079 322 1145 ἐστάλη
358 1078 497 1147 μετά
540 1076 909 1144 Παλαιολόγου
940 1076 1033 1129 106
1078 1076 1358 1145 Μανουὴλ,
1386 1076 1472 1129 ’ίνα
1508 1075 1690 1144 φέρω-

127 1188 212 1223 σιν
248 1171 441 1238 αὐτήν·
474 1170 542 1240 ἢν
590 1169 655 1237 δὴ
701 1170 795 1223 καὶ
828 1169 968 1237 μετά
1003 1186 1152 1231 τινας
1186 1166 1398 1237 ἡμέρας
1424 1166 1689 1237 εὐλογήθη

124 1258 295 1328 αὐτὴν
321 1260 350 1311 6
381 1260 652 1328 δεσπότης
688 1259 793 1326 κὺρ
826 1258 1136 1327 Δημήτριος
1161 1272 1175 1288 ·
1212 1256 1331 1324 μεθ’
1363 1256 1423 1309 06
1459 1256 1524 1325 δὴ
1561 1272 1693 1309 κατ-

126 1355 287 1419 έργου
345 1347 525 1422 ἦλθεν
561 1352 643 1414 είς
698 1351 800 1419 τὴν
861 1350 1017 1404 πόλιν
1065 1351 1158 1402 καὶ
1211 1350 1239 1402 6
1284 1349 1552 1416 δεσπότης
1586 1349 1692 1419 κὺρ

124 1444 419 1511 Θεόδωρος,
451 1443 539 1496 ίνα
575 1442 779 1504 ἐκεῖνος
810 1444 892 1504 είς
927 1440 1026 1502 τὴν
1065 1441 1218 1493 πόλιν
1252 1440 1572 1510 εὑρίσκηται
1600 1442 1695 1496 καλ⁸

124 1536 365 1605 διάδοχος
393 1535 468 1598 ὡς
498 1534 749 1605 δεύτερος
781 1533 1003 1602 ἀδελφὸς
1045 1536 1141 1603 τῆς
1169 1532 1488 1602 βασιλείας·
1524 1532 1552 1586 6
1598 1534 1692 1587 καὶ

125 1628 152 1678 6
185 1627 437 1696 βασιλεὺς
461 1627 688 1695 ἔστεργε
717 1626 816 1695 μὲν
847 1627 943 1679 καὶ
984 1626 1272 1690 ἀκουσίως,
1302 1626 1428 1680 ἐπεὶ
1460 1626 1552 1680 τὸν
1586 1626 1693 1696 κύρ

125 1718 529 1772 Κωνσταντίνον
559 1719 652 1771 τὸν
685 1718 951 1789 αὐθέντην
987 1734 1088 1786 μου
1141 1718 1401 1781 πολλάκις
1433 1734 1498 1787 με
1524 1717 1693 1785 ἐπλη-

1787 622 1880 676 106
1912 622 2113 675 πάππα
2148 616 2407 681 Εὐγενίου
2434 613 2525 666 τοῦ
2559 610 2855 679 συγγενοῦς
2883 608 3069 672 αὐτοῦ,
3104 608 3196 659 καὶ
3225 606 3355 676 παρ’

1788 712 1995 767 ἐκείνου
2036 712 2131 763 καλ.
2174 705 2593 775 ἀπυκρισιάριος
2649 702 2729 764 είς
2790 699 2883 753 τὸν
2952 695 3198 764 βασιλέα.
3243 694 3354 747 Καὶ

1788 808 1852 873 τῇ
1882 805 1960 856 κδ’
1988 802 2083 854 τοῦ
2114 798 2276 853 αὐτοῦ
2313 796 2478 867 μηνὸς
2504 793 2836 861 Σεπτεϐρίου
2871 787 3236 856 ἀπεσώθημεν
3271 788 3354 841 εἰς

1789 900 1889 967 τὴν
1933 896 2120 950 πόλιν·
2151 892 2298 965 [I76]
2332 892 2427 944 καὶ
2466 892 2531 959 τῇ
2567 886 2647 951 κζ’
2692 884 3001 953 Νοεμϐρίου
3052 878 3145 932 τοῦ
3184 877 3352 930 αὐτοῦ

1789 992 1944 1053 ἔτους
1974 988 2123 1056 διέϐη
2169 988 2196 1038 6
2228 982 2479 1054 βασιλεὺς
2510 982 2614 1048 κὺρ
2660 977 2919 1045 Ἰωάννης
2952 972 3089 1043 μετά
3125 970 3218 1023 τοῦ
3254 986 3357 1020 πα-

1788 1085 2048 1152 τριάρχου
2083 1061 2286 1131 καὶτοῦ
2309 1074 2565 1129 δεσπότου
2603 1072 2708 1139 κὺρ
2738 1067 3074 1137 Δημητρίου,
3100 1062 3193 1116 διαί⁸
3227 1061 3359 1112 πολ-

1790 1175 1897 1227 λῶν
1929 1173 2203 1243 ἀρχόντων
2230 1170 2324 1236 τῆς
2359 1166 2511 1239 [I77]
2545 1162 2850 1231 συγκλήτου
2882 1160 2979 1211 καὶ
3027 1157 3122 1225 τῆς
3156 1154 3357 1215 ἐκκλη-

1793 1270 1911 1331 σίας
1967 1267 2060 1320 καὶ
2114 1264 2332 1316 πάντων
2382 1259 2566 1328 σχεδὸν
2627 1256 2737 1309 τῶν
2796 1250 3211 1323 μητροπολιτῶν
3262 1248 3358 1301 καὶ

1791 1358 2100 1414 ἐπισκόπων
2158 1354 2245 1407 διά
2314 1353 2410 1419 τὴν
2475 1349 2895 1419 μελετηθεῖσαν,
2928 1344 3002 1405 ὡς
3051 1342 3125 1409 μὴ
3158 1338 3357 1407 ὢφελε,

1794 1451 2028 1505 σύνοδον.
2069 1446 2179 1499 Καὶ
2211 1444 2271 1495 οὐ
2301 1443 2445 1507 λέγω
2477 1441 2635 1493 τοῦτο
2664 1438 2751 1491 διά
2785 1438 2854 1491 τὰ
2901 1436 2997 1501 τῆς
3034 1429 3362 1499 Ἐκκλησίσς

1792 1542 2056 1609 δόγματα·
2098 1535 2272 1589 ταῦτα
2317 1533 2426 1603 γάρ
2484 1532 2615 1601 παρ’
2659 1530 2837 1592 ἄλλοις
2888 1524 3152 1593 ἐδόθησαν
3178 1522 3362 1592 κρίνε-

1793 1634 1940 1687 σθαι·
1978 1630 2101 1700 ἐμοὶ⁵
2130 1630 2173 1681 δ’
2197 1628 2357 1696 ἀρκεῖ
2392 1627 2424 1694 ἠ
2460 1624 2701 1693 πατρική
2749 1639 2851 1691 μου
2893 1618 3112 1688 διαδοχὴ
3141 1617 3240 1679 τῆς
3272 1615 3361 1667 πί-

1795 1740 1985 1786 στεως,
2025 1720 2120 1775 καὶ
2151 1721 2233 1773 ὅτι
2258 1718 2517 1770 οὐδέποτε
2546 1715 2701 1786 παρά¹
2725 1729 2873 1775 τινος
2895 1711 3005 1764 τῶν
3034 1707 3127 1763 τοῦ
3164 1707 3361 1775 μέρους

129 1811 402 1881 ροφόρησε
433 1812 527 1862 καὶ
557 1811 796 1879 δνόρκως
824 1810 900 1873 ὡς
948 1813 1007 1863 έν
1051 1809 1335 1879 μυστηρίῳ
1364 1809 1556 1878 ἠγάπα
1598 1809 1694 1861 καὶ
1729 1866 1767 1887 ,,
1799 1822 2009 1874 ἐκείνου
2040 1818 2251 1887 ῆκουσα
2284 1815 2365 1867 ὅτι
2397 1812 2458 1865 16
2486 1809 2647 1879 ἡμῶν
2680 1806 2871 1867 κακὸν,
2899 1802 3035 1857 ἀλλά
3073 1799 3239 1852 καλὸν
3268 1799 3363 1850 καὶ

126 1866 341 1971 ἧθέλὲνέ
392 1902 469 1964 ὡς
516 1903 610 1955 καὶ
718 1866 1111 1970 1610119015“
1153 1866 1425 1968 5665);“:-
1455 1898 1607 1952 Ἐπεὶ
1640 1897 1697 1951 δδ
1728 1866 1769 1921 Β
2294 1866 2299 1867 7
2320 1866 2546 1957 ἐκείνων
2573 1901 2634 1952 οὐ
2664 1897 2852 1961 καγδν,
2880 1893 3017 1949 ἀλλά
3048 1891 3231 1945 καλόν·
3270 1890 3367 1942 καὶ

125 1992 299 2056 οὔτως
346 1992 832 2062 παρηκολούθησεν
862 2029 879 2054 ,
931 1992 1264 2056 ἐσπούδαζεν
1320 1992 1406 2045 ίνα
1466 1992 1545 2057 είς
1602 1994 1693 2044 τὸν

130 2083 342 2153 Ιίορέαν
363 2084 455 2138 καὶ
477 2084 602 2148 τοὺς
628 2085 779 2151 τρεῖς
804 2083 998 2146 ἄλλους
1026 2083 1287 2152 ἀδελφοὺς
1315 2082 1691 2155 ἐγκατοικίσῃ·

128 2180 155 2230 6
206 2177 338 2244 γοῦν
368 2178 630 2247 αὐθέντης
679 2193 782 2246 μου
830 2176 993 2228 πάλιν
1030 2178 1057 2229 6
1103 2176 1371 2239 δεσπότης
1407 2176 1512 2243 κὺρ
1540 2175 1697 2227 Κων-

130 2271 410 2331 σταντῖνος
437 2269 576 2338 μετά
604 2267 700 2320 τοῦ
734 2268 970 2336 ἀδελφοῦ
1000 2268 1167 2321 αὐτοῦ
1199 2270 1367 2338 κυροῦ
1399 2267 1569 2337 Θωμᾶ
1598 2266 1695 2321 106

129 2362 391 2415 δεσπότου
422 2358 511 2431 (ἦν
544 2361 652 2431 γάρ
682 2363 761 2423 είς
787 2361 887 2431 τὴν
914 2362 1071 2415 πόλιν
1094 2362 1214 2431 μεθ’
1238 2362 1393 2432 ήμῶν
1418 2365 1446 2416 6
1477 2362 1696 2433 πρῶτος

130 2451 316 2520 ἄρχων
342 2450 436 2503 106
464 2451 725 2521 όσπητίου
749 2452 1164 2505 ἐκείνουῬαοὺλ
1192 2452 1412 2521 Μιχαὴλ
1437 2455 1464 2505 6
1503 2452 1695 2522 ’1σῆς),

129 2541 484 2607 ἐσπούδαζον,
536 2542 620 2596 ίνα
669 2544 719 2596 οί
757 2542 849 2595 δύο
887 2542 986 2611 μὶν
1024 2545 1121 2595 σὺν
1172 2542 1249 2611 τῷ
1309 2542 1519 2610 βασιλεῖ
1547 2545 1698 2612 εὑρί-

134 2650 377 2687 σκωνται
408 2635 487 2695 είς
540 2635 641 2703 τὴν
694 2635 848 2688 πόλιν
873 2675 888 2700 ,
922 2634 1075 2706 [162]
1107 2635 1255 2690 οὗτοι
1278 2636 1334 2689 δὲ
1380 2638 1429 2689 οί
1456 2637 1549 2689 δύο
1597 2637 1697 2689 αὐ-

131 2730 315 2782 θένται
354 2731 430 2791 είς
452 2728 544 2782 τὸν
569 2729 809 2799 Μορέαν·
835 2728 924 2781 διὰ
940 2728 1145 2797 ταύτην
1168 2729 1231 2798 δὴ
1264 2729 1365 2798 τὴν
1394 2730 1575 2783 αίτίαν
1604 2730 1701 2784 καὶ

132 2821 223 2873 τὸν
276 2821 492 2873 Ἰούνιον
516 2822 611 2874 τοῦ
657 2822 822 2875 αὐτοῦ
850 2823 999 2885 ἔτους
1031 2823 1181 2891 διέϐη
1212 2823 1319 2875 ἀπὸ
1363 2822 1462 2891 τῆς
1493 2822 1701 2886 πόλεως

134 2914 214 2975 είς
242 2912 335 2965 τὸν
387 2913 606 2983 Μορέαν
639 2914 665 2965 6
708 2912 975 2983 δεσπότης
1014 2915 1119 2983 κὺρ
1168 2915 1581 2977 Κωνσταντίνος
1625 2914 1702 2978 ὡς

1797 1982 1862 2057 νά
1891 2003 2052 2066 είπω,
2086 1999 2161 2061 ὡς
2206 2000 2264 2051 ἐν
2297 1995 2727 2065 παραδείγματι,
2774 1990 2856 2042 ὅτι
2909 1988 3010 2056 τὴν
3048 1986 3220 2054 μέσην
3248 1982 3365 2035 ὁδὸν

1796 2095 1894 2161 τῆς
1923 2093 2153 2154 πόλεως,
2183 2089 2281 2159 τὴν
2332 2088 2593 2140 πλατεῖαν
2635 2084 2731 2136 καὶ
2782 2081 3119 2152 εὐρύχωρον,
3150 2073 3364 2144 διερχό-

1802 2184 1939 2253 μεθα
1974 2182 2202 2242 πολλοὺς
2235 2180 2463 2250 χρόνους
2514 2175 2653 2245 μετά
2692 2189 2878 2236 τινων,
2932 2172 3000 2223 δι’
3030 2165 3098 2237 ἦς
3140 2168 3369 2219 ὲκαταν-

1799 2276 1979 2347 τῶμεν
2011 2276 2093 2337 είς
2125 2274 2222 2344 τὴν
2254 2272 2416 2339 ἀγίαν
2469 2268 2693 2336 Σοφίαν,
2727 2262 2845 2318 εἷτα
2880 2262 3020 2331 μετά
3050 2276 3219 2345 τινας.
3248 2276 3370 2311 και-

1804 2370 1927 2439 ρούς
1961 2366 2163 2437 εὑρέθη
2195 2364 2347 2434 παρά
2389 2379 2553 2416 τινων
2579 2361 2674 2413 καὶ
2702 2358 2835 2426 άλλη
2858 2356 2977 2417 ὁδὸς
3016 2351 3368 2413 καταντῶσα,

1800 2462 1875 2523 ὡς
1909 2460 2147 2527 λέγουσι,
2189 2458 2285 2511 καὶ
2316 2453 2457 2524 αὐτὴ
2486 2455 2620 2515 ἐκεί,
2660 2452 2753 2503 καὶ
2801 2450 2866 2503 νά
2904 2446 2971 2517 μὲ
3012 2443 3369 2517 παροτρύνω-

1803 2570 1909 2615 σιν,
1935 2553 2017 2606 61:
2060 2549 2215 2603 Ἐλθέ
2254 2549 2348 2602 καὶ
2373 2548 2459 2601 διὰ
2487 2547 2587 2615 τῆς
2608 2543 2729 2598 6606
2761 2542 2987 2610 ταύτης,
3020 2535 3086 2613 ἦς
3115 2539 3369 2609 εὕρομεν·

1802 2643 1895 2698 καὶ
1922 2644 2054 2713 γάρ,
2086 2643 2133 2694 εί
2166 2640 2261 2693 καὶ
2306 2640 2454 2692 ἔστιν
2487 2638 2645 2698 αὕτη,
2672 2634 2810 2689 όποῦ
2838 2634 3073 2702 ἀπέρχῃ,
3106 2631 3243 2699 καλὴ
3279 2632 3374 2681 καὶ

1804 2737 2026 2806 ἀρχαία,
2080 2734 2172 2787 καὶ
2233 2733 2368 2801 ἡμῖν
2413 2729 2653 2799 ἀρχῆθεν
2708 2728 2803 2780 σὺν
2852 2727 2980 2794 ὑμῖν
3031 2724 3249 2792 γνωστὴ
3280 2726 3375 2774 καὶ

1803 2827 2149 2898 διερχομένη,
2202 2824 2340 2878 ἀλλά
2387 2824 2480 2876 καὶ
2515 2822 2678 2889 αὐτη,
2711 2820 2777 2889 ἢν
2810 2818 3049 2888 εὕρομεν
3080 2817 3195 2879 νῦν,
3232 2816 3372 2880 καλή

1804 2920 1971 2973 ἐστιν.
2019 2915 2159 2983 Ἐγὼ
2188 2916 2245 2969 δέ
2298 2916 2363 2968 νά
2412 2910 2592 2967 ἀκούω
2644 2911 2792 2982 παρά
2826 2911 2925 2980 μὲν
2952 2910 3082 2972 τῶν,
3122 2909 3206 2961 ὅτι
3235 2906 3375 2976 καλή

135 3006 317 3071 φυγὰς
361 3004 499 3073 μετὰ
530 3003 805 3058 Λαλιώτου
834 3004 928 3056 καὶ
955 3002 1065 3071 ὲγὼ
1098 3005 1331 3074 ἐστάλην
1362 3005 1492 3075 παρ’
1534 3004 1700 3060 αὑτοῦ
1808 3016 1942 3079 ἐστι,
1985 3012 2137 3081 παρά
2185 3010 2242 3063 δὲ
2277 3008 2405 3074 τῶν,
2441 3009 2523 3061 ὃτι
2554 3007 2613 3060 οὐ
2654 3006 2819 3075 καλὴ,
2853 3003 2936 3057 διὰ
2985 3005 3037 3057 τί
3088 3004 3154 3056 νά
3209 3001 3375 3072 μηδὲν

133 3099 214 3157 είς
259 3096 351 3147 16v
395 3096 620 3165 ἀμηρᾶν
668 3094 757 3148 διὰ
801 3093 1006 3164 ταύτην
1051 3096 1117 3164 δὴ
1163 3096 1264 3163 τὴν
1296 3097 1567 3165 δουλείαν,
1612 3099 1702 3153 ίνα
1808 3103 1969 3166 είπω,
2003 3101 2138 3157 Μετ’
2166 3101 2393 3171 εἰρήνης
2447 3098 2539 3151 καλ
2588 3097 2809 3167 ἀγάπης
2848 3094 3157 3164 ἀπέρχεσθε
3195 3092 3376 3153 καλῶς

135 3188 300 3274 αὐτὸν
329 3187 468 3257 ὑπὲρ
504 3186 714 3240 ἑαυτῶν
745 3185 931 3256 ἔχωσι·
966 3188 1057 3240 καὶ
1094 3188 1338 3257 ἀπῆλθον
1390 3193 1485 3245 καὶ
1519 3191 1703 3255 καλῶς
1732 3238 1776 3274 τ,
1810 3196 1888 3254 είς
1936 3193 2035 3261 τὴν
2072 3192 2232 3259 ἁγίαν
2276 3190 2478 3257 Σοφίαν
2512 3230 2527 3253 ,
2568 3188 2762 3241 ὁπόθεν
2817 3186 3071 3256 βούλεσθε
3100 3201 3113 3216 ·
3166 3181 3278 3251 ἐγὼ
3320 3182 3377 3234 δὲ

134 3279 466 3348 ᾡκονόμησα
511 3279 580 3330 τά
627 3277 1041 3351 ἀνατεθειμένα,
1095 3281 1188 3333 καὶ
1230 3281 1317 3335 διὰ
1346 3282 1444 3349 τῆς
1476 3284 1703 3353 στερεᾶς
1732 3276 1779 3300 ν
1811 3285 1973 3338 πάλιν
2003 3283 2141 3337 θέλω
2170 3282 2480 3352 διέρχεσθαι
2514 3281 2603 3334 διὰ
2649 3282 2749 3350 τῆς
2799 3279 2942 3341 6606,
2997 3280 3065 3345 ἢν
3113 3276 3209 3329 καὶ
3255 3276 3376 3343 μεθ’

139 3376 221 3436 είς
251 3374 346 3424 16v
376 3373 597 3442 Μορέαν
626 3372 859 3441 ἔφθασα·
889 3372 1048 3443 εὖρον
1078 3374 1133 3427 δὲ
1159 3375 1283 3437 τοὺς
1320 3376 1581 3443 ἀδελφοὺς
1610 3380 1705 3432 καὶ
1810 3378 1964 3446 ὐμῶν
2001 3376 2167 3429 πολύν
2195 3392 2316 3427 τινα
2371 3375 2561 3445 χρόνον
2603 3373 2933 3442 διηρχόμην,
2967 3368 3121 3442 [178]
3153 3367 3251 3423 καὶ
3284 3386 3367 3421 κα.

136 3466 404 3526 αὐθέντας
435 3466 657 3533 ἔχοντας
712 3466 932 3535 ὄχλησιν
962 3466 1140 3535 μάχης
1179 3468 1443 3536 μεγάλης·
1473 3472 1565 3523 καὶ
1596 3472 1703 3541 γὰρ
1809 3470 1908 3541 λὴν
1941 3471 2109 3538 αὐτὴν
2141 3470 2235 3521 καὶ
2296 3472 2427 3535 παρ’
2487 3467 2640 3536 ὐμῶν
2688 3466 2785 3518 καὶ
2814 3465 2921 3516 τῶν
2957 3462 3239 3533 προγόνων
3274 3480 3376 3529 μου

92 3584 101 3591 ·
135 3554 369 3607 ὄπισθεν
399 3554 493 3606 106
514 3554 715 3622 Κυρίου
751 3557 1170 3609 Κωνσταντίνου
1197 3559 1291 3610 καὶ
1313 3560 1570 3620 αὐθεντός
1603 3578 1701 3628 μου
1817 3562 2293 3633 μαρτυρουμένην.
2321 3561 2394 3612 Οὐ
2429 3559 2515 3612 διὰ
2539 3557 2743 3625 ταύτην
2772 3552 2865 3609 οὖν
2893 3554 2992 3625 τὴν
3017 3554 3195 3608 αίτίαν
3226 3552 3377 3607 εἷπον

140 3645 360 3706 σταλεὶς
400 3646 538 3714 μετά
579 3646 849 3713 κατέργου
883 3646 977 3698 καὶ
1009 3648 1037 3697 6
1064 3646 1170 3716 κύρ
1199 3647 1468 3718 Θεόδωρος
1506 3651 1706 3721 ἐμάχε-
1814 3653 1888 3715 ὡς
1944 3650 2018 3721 μὴ
2073 3649 2303 3719 ὤφελεν·
2339 3650 2506 3719 ῆθελα
2540 3650 2645 3718 γάρ
2702 3648 2766 3700 νὰ
2812 3644 2923 3715 εἶχε
2978 3649 3137 3713 γενῆν
3200 3646 3376 3707 καλιῖς

137 3751 201 3786 το
233 3736 343 3796 τοῖς
374 3734 520 3788 δυσὶν
551 3734 798 3801 ἀδελφοῖς
839 3736 1027 3799 αὐτοῦ,
1063 3738 1138 3800 ὡς
1166 3740 1261 3790 καὶ
1290 3740 1559 3806 φωσάτων
1584 3760 1707 3796 συν-
1812 3746 2000 3798 ἔνὼσει
2032 3744 2140 3797 τῶν
2189 3744 2497 3813 ἐκκλησιῶν
2548 3744 2642 3795 καὶ
2674 3743 2739 3796 νά
2772 3743 2837 3811 μὲ
2888 3742 3072 3793 ἔλιπεν
3100 3741 3127 3792 6
3160 3734 3239 3801 εἷς
3268 3740 3376 3791 τῶν

139 3825 420 3895 αχθέντων
449 3827 534 3878 ἐπ’
564 3828 896 3897 ἀμφοτέροις
942 3830 1053 3889 τοῖς
1085 3830 1297 3897 μέρεσι,
1333 3833 1429 3885 καὶ
1470 3834 1707 3905 πολέμου
1809 3838 2103 3908 ὀφθαλμῶν
2139 3836 2428 3906 μου·’ἀλλὰ
2474 3837 2562 3888 διὰ
2616 3835 2705 3901 τίς
2772 3836 2893 3888 Ὀτι
2945 3830 3014 3900 ἦν
3044 3834 3137 3887 καὶ
3169 3832 3307 3900 αὕτη
3343 3835 3375 3899 ἡ

143 3919 375 3990 μερικοῦ
409 3919 573 3987 μέσον
607 3921 785 3974 αὐτῶν
818 3921 1125 3987 γεγονότος.

876 4014 1008 4078 υλζη

213 4107 307 4175 Τῷ
363 4114 442 4176 με’
502 4107 612 4160 ιτει
661 4106 756 4159 καὶ
805 4107 1243 4177 ἀποκρισιαρίων
1300 4109 1712 4164 ἀποσταλέντων

143 4201 301 4269 παρὰ
344 4199 439 4252 106
474 4200 762 4269 βασιλέως,
790 4194 931 4269 ἦσαν
979 4200 1034 4253 δὲ
1066 4200 1093 4251 6
1139 4201 1300 4263 καλὸς
1326 4202 1565 4270 κάγαθὸς
1595 4206 1715 4256 Διο-

144 4295 332 4354 νύσιος
376 4296 749 4363 ίερομόναχος,
781 4292 809 4343 6
840 4290 1189 4361 χρηματίσας
1242 4294 1337 4345 καὶ
1385 4295 1714 4363 μητροπολί-

143 4402 245 4453 της
278 4384 525 4452 Σάρδεων
546 4424 563 4450 ,
595 4385 691 4436 καὶ
721 4384 1036 4445 Δυσύπατος
1067 4382 1361 4453 Γεὼργιος,
1396 4385 1495 4455 τὴν
1533 4386 1713 4455 μάχην

144 4477 258 4530 ἀπὸ
292 4477 492 4544 μέρους
546 4474 969 4543 κατεπράῠναν·
1023 4474 1175 4536 τέλος
1219 4474 1276 4526 δὲ
1325 4474 1488 4527 πάλιν
1539 4474 1712 4529 ἄλλων

1812 3928 2030 3990 σύνοδος
2071 3928 2283 3980 δουλεία
2314 3927 2462 3979 αἰτία
2514 3926 2610 3995 μία
2663 3926 2757 3979 καὶ
2809 3924 2999 3995 πρώτη
3036 3925 3130 3977 καὶ
3164 3924 3376 3992 μεγάλη

1812 4021 1892 4083 είς
1920 4022 1978 4072 τὸ
2011 4022 2077 4074 νᾶ
2119 4021 2340 4090 γένηται
2392 4023 2422 4087 ἠ
2481 4019 2621 4071 κατά
2652 4018 2753 4087 τῆς
2783 4019 2992 4079 πόλεως
3022 4016 3131 4069 τῶν
3162 4016 3376 4069 ἀσεϐῶν

1812 4112 1997 4180 ἔφοδος
2026 4112 2119 4164 καὶ
2142 4110 2247 4163 ἀπὸ
2272 4109 2474 4180 ταύτην
2508 4110 2668 4162 πάλιν
2712 4110 2740 4177 ἡ
2774 4107 3060 4177 πολιορκία
3077 4105 3173 4160 καί
3203 4108 3232 4174 ή
3261 4108 3377 4175 αίχσ

1818 4204 2066 4274 μαλωσία
2103 4203 2200 4256 καὶ
2252 4202 2477 4270 τοιαύτη
2510 4205 2604 4253 καὶ
2640 4200 2877 4267 τοσαύτη
2910 4200 3167 4268 συμφορά
3201 4199 3376 4267 ἡμῶν·

1815 4294 1911 4345 καὶ
1938 4293 2209 4345 ἀκούσατε
2239 4292 2430 4359 λόγους
2462 4291 2679 4360 ἀληθεῖς
2708 4291 2805 4361 τὴν
2830 4289 3221 4358 αὐτοαλήθειαν
3253 4304 3373 4357 προ-

1816 4384 2115 4453 ϐαλομένου
2154 4401 2255 4453 μου
2318 4382 2646 4452 μαρτυρίαν.
2686 4377 2853 4435 Εἶπεν
2896 4384 2923 4434 6
2958 4382 3197 4449 ἀοίδιμος
3230 4380 3375 4448 βασι-

1815 4476 1942 4538 λεὺς
1978 4475 2113 4546 πρὸς
2136 4475 2227 4528 τὸν
2261 4475 2376 4527 υίδν
2408 4474 2574 4526 αὐτοῦ
2597 4473 2689 4526 τὸν
2727 4473 2949 4542 βασιλέα
2980 4472 3085 4540 κὺρ
3122 4472 3379 4538 Ἰωάννην

143 4567 415 4621 ἐλθόντων
462 4566 900 4637 ἀποκρισιαρίων
958 4566 1051 4618 106
1102 4565 1368 4635 ,βασιλέως
1412 4567 1714 4638 Γρηγορίου
1746 4565 1793 4625 D
1823 4567 1983 4637 μόνος
2019 4568 2154 4636 πρὸς
2199 4568 2380 4637 μόνον,
2425 4567 2722 4634 ἱσταμένου
2772 4570 2866 4618 καὶ
2902 4564 3039 4633 ἐμοῦ
3091 4564 3255 4633 μόνου
3290 4564 3375 4631 ἔμ·

148 4658 507 4727 ίερομονάχου
546 4657 644 4710 καὶ
703 4656 1078 4725 πνευματικοῦ
1133 4657 1227 4708 106
1280 4660 1717 4725 χρηματίσαντος

148 4748 381 4817 ὕστερον
424 4748 521 4800 καὶ
555 4750 892 4816 πατριάρχου
931 4748 1555 4809 Κωνσταντινουπόλεως
1576 4790 1591 4815 ,
1623 4751 1719 4804 καὶ

147 4837 319 4891 αὐτοῦ
348 4839 413 4907 δὴ
447 4839 611 4893 πάλιν
652 4838 928 4907 Γεωργίου
957 4837 1047 4890 106
1088 4838 1409 4893 Δυσυπάτου
1439 4842 1719 4894 συνεϐίϐα-

151 4948 276 4993 σαν,
310 4932 395 4985 ίνα
435 4934 464 4985 6
520 4933 619 5000 μὲν
666 4930 930 5001 αὐθέντης
986 4948 1087 5000 μου
1145 4930 1408 5001 δεσπότης
1439 4934 1544 5003 κύρ
1574 4934 1720 4989 Κων-

150 5026 433 5086 σταντῖνος
481 5023 691 5096 ἀπέλθῃ
723 5022 819 5076 καὶ
853 5022 931 5075 ἔνι
983 5024 1062 5085 είς
1100 5024 1191 5075 τὸν
1240 5024 1414 5087 πόλιν,
1453 5027 1481 5078 6
1519 5026 1577 5079 δὲ
1615 5028 1717 5099 κύρ

150 5116 431 5185 Θεόδωρος
486 5115 585 5169 καὶ
656 5116 762 5187 κὺρ
813 5115 1016 5185 Θωμᾶς
1073 5116 1123 5167 οί
1171 5114 1428 5170 δεσπόται
1484 5120 1563 5183 είς
1627 5121 1718 5175 τὸν

147 5207 389 5277 Μορέαν.

868 5302 1004 5373 υλη’.

228 5393 380 5466 [165]
430 5395 541 5450 Καὶ
580 5398 647 5467 τῇ
678 5402 719 5449 ε’
750 5397 1083 5467 Σεπτεϐρίου
1118 5401 1210 5452 106
1256 5417 1342 5469 μς
1428 5400 1579 5461 ἔτους
1608 5399 1718 5451 διέο

152 5485 334 5554 ϐῆμεν
363 5486 471 5539 ἀπὸ
502 5487 602 5555 τῆς
629 5487 848 5557 Πάτρας
896 5490 983 5542 διά
1013 5490 1112 5559 τῆς
1136 5493 1361 5561 στερεᾶς
1386 5491 1466 5553 είς
1493 5490 1583 5543 τὸν
1618 5488 1718 5542 E6-

154 5592 336 5645 ριπον,
376 5577 515 5645 μετὰ
563 5577 657 5630 τοῦ
711 5578 966 5643 αὐθεντός
999 5597 1100 5650 μου
1132 5582 1293 5649 λέγω,
1331 5584 1421 5633 καὶ
1450 5582 1716 5651 ἐσέϐημεν

153 5668 239 5728 είς
270 5666 536 5734 κάτεργον
566 5666 851 5721 Βενετικὸν
896 5670 1002 5722 ἀπὸ
1054 5670 1111 5722 τὸ
1142 5670 1432 5723 καστέλλον
1475 5672 1572 5739 τῆς
1608 5670 1715 5723 Εὐ-

159 5757 348 5827 ρίπου,
399 5758 495 5829 τὴν
547 5759 853 5828 Κάρυστον·
906 5754 1028 5828 ἐνῷ
1079 5761 1143 5831 δὴ
1182 5762 1437 5830 κατέργῳ
1470 5757 1535 5832 ῆν
1570 5762 1662 5813 καὶ
1686 5763 1713 5813 6

156 5850 291 5905 ποτὲ
341 5849 439 5921 μὲν
498 5853 555 5907 ἐν
593 5855 659 5923 τῇ
720 5853 904 5923 Πάτρᾳ
955 5854 1245 5925 Κνανονικὸς
1295 5856 1551 5923 Μάρκος,
1586 5854 1713 5906 ὅταν

1826 4658 2065 4728 προσθεν
2106 4658 2317 4722 αὐτῶν,
2356 4658 2689 4726 ἐμπεσόντος
2734 4658 2891 4725 λόγου
2940 4657 3065 4725 περὶ
3113 4658 3209 4725 τῆς
3262 4675 3359 4709 συν

1826 4751 1966 4805 όδου·
2026 4752 2121 4805 Υίέ
2161 4770 2286 4821 μου,
2318 4750 2550 4820 βεϐαίως
2589 4750 2682 4803 καὶ
2722 4748 2932 4815 ἀληθῶς
2957 4748 3293 4816 ἐπιστάμεθα
3322 4751 3379 4802 ἐν

1830 4845 2002 4914 μέσης
2034 4846 2131 4912 τῆς
2172 4843 2399 4912 καρδίας
2432 4842 2495 4912 δὴ
2535 4840 2644 4894 τῶν
2673 4840 2904 4902 ἀσεϐῶν,
2947 4840 3028 4892 ὃτι
3063 4839 3229 4891 πολλὰ
3260 4840 3378 4901 τούς

1827 4933 2001 5001 φοϐεῖ,
2040 4934 2114 5003 μὴ
2150 4933 2603 5001 συμφωνήσωμεν
2646 4932 2734 4984 καὶ
2794 4930 3084 5000 ἐνωθῶμεν
3140 4932 3205 5001 μέ
3262 4935 3378 4993 τοὺς

1825 5025 2131 5093 Φράγκους·
2175 5023 2404 5095 ἡγοῦντο
2446 5024 2554 5093 γὰρ
2616 5023 2696 5075 ὅτι
2738 5062 2752 5088 ,
2806 5022 2871 5075 ἂν
2923 5022 3081 5075 τοῦτο
3137 5023 3382 5091 γένηται,

1826 5116 1981 5168 θέλει
2003 5117 2165 5184 γενῆν
2220 5116 2360 5185 μέγα
2405 5132 2458 5167 τι
2517 5116 2685 5167 κακὸν
2726 5116 2805 5176 είς
2856 5113 3053 5175 αὐτοὺς
3084 5113 3239 5183 παρὰ
3277 5114 3386 5167 τῶν

1824 5210 1924 5278 τῆς
1960 5212 2175 5271 Δύσεως
2220 5208 2563 5278 Χριστιανῶν
2589 5223 2604 5239 ·
2634 5206 2702 5259 δι’
2727 5207 2873 5275 ἡμᾶς
2911 5205 3098 5260 λοιπὸν
3143 5208 3204 5259 16
3253 5209 3383 5275 περὶ

1823 5301 1923 5368 τῆς
1954 5301 2173 5352 συνόδου
2220 5299 2421 5367 μελέτα
2477 5298 2576 5367 μὲν
2619 5296 2750 5349 αὐτὸ
2801 5298 2895 5351 καὶ
2944 5298 3385 5361 ἀνακάτονε,καὶ

1829 5393 2045 5463 μάλισθ’
2076 5394 2203 5446 ὅταν
2246 5391 2374 5463 ἔχῃς
2420 5389 2607 5460 χρείαν
2656 5390 2781 5443 τινά
2831 5390 3065 5458 φοϐῆσαι
3095 5390 3220 5451 τοὺς
3264 5393 3387 5442 ἀσεδ

1826 5487 1960 5547 ϐεῖς·
1994 5484 2055 5536 16
2087 5484 2142 5535 δέ
2186 5484 2249 5536 νά
2283 5484 2513 5553 ποιήσῃς
2545 5481 2736 5550 αὐτὴν,
2790 5481 2954 5551 μηδὲν
3009 5482 3385 5551 ἐπιχειρισθῇς

1827 5577 1977 5641 αὐτὸ,
2006 5576 2141 5628 διότι
2176 5574 2330 5628 οὐδὲν
2380 5575 2561 5644 βλέπω
2610 5575 2736 5636 τοὺς
2782 5574 3108 5643 ἡμετέρους,
3137 5574 3216 5626 ὅτι
3244 5576 3384 5625 εἰσὶν

1826 5667 2076 5737 ἁρμόδιοι
2112 5664 2245 5735 πρὸς
2278 5664 2339 5717 16
2386 5663 2568 5731 εὑρεῖν
2604 5679 2726 5715 τινα
2775 5663 2974 5731 τρόπον
3021 5661 3265 5724 έιιώσεως
3290 5664 3382 5714 καὶ

1826 5760 2052 5828 είρήνης
2104 5760 2197 5811 καὶ
2241 5757 2493 5820 ὁμονοίας
2516 5793 2531 5817 ,
2561 5753 2708 5825 [179]
2737 5754 2849 5806 ἀλλ’
2882 5756 2963 5806 ὅτι
2997 5754 3061 5805 νὰ
3094 5754 3218 5815 τοὺς
3259 5757 3383 5805 ἐπι-

1829 5850 2097 5921 στρέψουν
2158 5848 2236 5911 είς
2280 5847 2336 5900 16
2389 5846 2453 5898 νά
2482 5846 2645 5915 ἐσμὲν
2691 5844 2763 5907 ὡς
2818 5843 3073 5915 ἀρχῆθεν·
3109 5843 3302 5898 τούτου
3327 5845 3379 5896 δὲ
