4112 6450
192 438 327 509 1049

1403 451 1496 511 CH
1508 451 1844 513 RONICON
1885 451 2152 513 MINUS.

3279 444 3416 510 1050

190 566 285 635 ἔχῃ
310 566 410 634 τὴν
437 564 784 636 Σηλυμϐρίαν
807 566 901 621 καὶ
928 567 1021 621 τὸν
1054 568 1244 639 πρώην
1273 569 1435 623 τόπον
1460 570 1623 623 αὐτοῦ
1653 572 1751 638 τὴν
1780 593 1824 651 Α
1853 570 1968 623 λιον
2000 567 2218 623 κτισθὲν
2258 566 2411 651 παρά
2436 563 2530 619 106
2584 563 2837 627 ἀύθεντός
2880 578 2981 632 μου
3024 560 3119 615 καὶ
3149 558 3412 615 δεσπότου

185 659 548 729 Μεσημϐρίαν
574 660 669 713 καὶ
693 661 762 714 τά
787 663 920 716 ἀλλα
944 662 1049 726 ἔως
1064 664 1171 715 τῶν
1190 662 1409 733 Δέρκων
1426 664 1533 733 (διὰ
1559 664 1641 731 τὸ)
1658 666 1753 719 καὶ

184 750 268 812 είς
295 750 514 803 ἑλπίδαν
529 747 674 806 εἶναι
694 756 792 823 τῆς
814 753 1109 822 βασιλείας,
1125 755 1199 817 ὠς
1224 756 1413 825 ήγάτια
1434 761 1460 808 ό
1480 757 1747 825 βασιλεὺς,

182 839 365 892 ἐκεῖσε
410 841 824 912 εὐρισκόμενοψ
866 845 894 899 6
938 847 1003 917 δὴ
1048 849 1229 912 καλῶς
1278 851 1681 919 ἀποδεξάμενος
1722 855 1751 906 6

189 929 463 999 βασιλεὺς,
493 937 585 988 τὸν
614 939 974 1011 ’Ῑαννουάριον
1006 942 1144 1009 μῆνα
1166 944 1245 1006 είς
1266 946 1363 1013 τὴν
1390 945 1751 1016 Μεσημϐρίαν

185 1024 329 1091 πρὸς
346 1026 437 1078 τὸν
466 1028 733 1101 δεσπότην
766 1032 873 1103 κύρ
903 1035 1216 1104 Δημήτριον
1242 1037 1480 1103 ἀπῆλθον
1499 1054 1514 1069 ο
1543 1040 1749 1102 ἐκεῖνος

190 1118 249 1170 δὲ
278 1121 514 1188 ἐνεργῶν
543 1125 610 1178 τὰ
641 1127 783 1180 κατὰ
837 1129 936 1196 τῆς
997 1132 1204 1195 πόλεως
1263 1134 1463 1200 μᾶλλον
1524 1134 1593 1186 τά
1629 1132 1749 1186 κατ’

183 1210 399 1266 ἐκείνου
443 1217 739 1287 ἀπέπεμψέ
778 1238 845 1289 με
896 1223 1175 1293 ἄπρακτον
1195 1239 1210 1254 ⁸
1244 1227 1300 1277 έν
1328 1218 1373 1292 ᾧ
1404 1226 1534 1293 μηνὶ
1565 1226 1659 1278 καὶ
1691 1227 1749 1279 ὲν

186 1302 506 1377 ἀποπληξίᾳ
532 1310 680 1380 δεινῇ
714 1316 1027 1382 περιπεσὼν
1060 1317 1269 1377 Παῦλος
1304 1320 1331 1369 6
1366 1318 1598 1384 Ἀσάνης
1620 1320 1745 1371 ἐνα-

190 1395 433 1465 πέψυξεν
452 1414 465 1427 ⁸
492 1401 624 1471 ἐμοῦ
648 1404 702 1457 δὲ
733 1386 1155 1476 ἑπιστρέψαντος
1184 1412 1263 1471 είς
1302 1410 1401 1477 τὴν
1441 1410 1615 1473 πόλιν,
1653 1412 1748 1463 καὶ

186 1492 594 1558 προσμένοντος
645 1496 861 1565 ὁρισμῷ
890 1496 983 1549 τοῦ
1026 1484 1288 1567 βασιλέως
1333 1500 1469 1569 πρὸς
1500 1501 1560 1552 16
1625 1502 1746 1553 ἑπι-

181 1580 418 1649 στρέψαι
453 1586 535 1646 είς
562 1585 656 1640 τὸν
673 1588 938 1658 αὐθέντην
970 1607 1094 1652 μου,
1124 1593 1189 1659 τῇ
1204 1589 1289 1659 κγ’
1312 1591 1406 1642 τοῦ
1434 1591 1745 1656 ’Λπριλλίου

183 1674 355 1739 μηνὸς
387 1676 481 1729 τοῦ
537 1678 700 1732 αὐτοῦ
733 1680 912 1747 ἔτους,
970 1682 1283 1751 ἐπηλάλησε
1314 1684 1451 1751 μετά
1486 1684 1745 1751 Τούρκων

182 1766 279 1817 καὶ
307 1766 600 1822 ἀπέκλεισε
622 1773 717 1823 καὶ
741 1773 961 1842 ἔφθειρε
990 1775 1058 1826 τά
1078 1774 1176 1843 τῆς
1206 1774 1415 1837 πόλεως
1439 1776 1465 1827 6
1482 1776 1746 1844 δεσπότης

181 1857 293 1928 κύρ
316 1860 648 1929 Δημήτριος,
680 1865 738 1916 ἑν
770 1856 814 1929 ᾧ
838 1862 901 1933 δὴ
933 1865 1064 1933 μηνὶ
1102 1863 1196 1918 καὶ
1245 1866 1427 1935 ήμέρᾳ
1477 1864 1744 1932 ἐγεννήθη

180 1950 333 2019 αὐτῷ
364 1953 459 2005 καὶ
485 1955 518 2022 ή
552 1952 798 2024 θυγάτηρ
838 1957 1004 2010 αὐτοῦ
1032 1971 1047 1987 °
1074 1959 1172 2011 καὶ
1219 1957 1310 2011 τὸν
1340 1956 1563 2010 Ἰούλιον
1599 1956 1744 2025 μῆνα
1777 1988 1816 2044 Β

60 2102 77 2133 3
176 2045 277 2095 106
304 2044 470 2097 αὐτοῦ
500 2044 656 2110 ἔτους
686 2045 865 2119 [195].
900 2050 1199 2119 ἐρχομένου
1235 2049 1328 2103 τοῦ
1347 2050 1606 2113 αὐθεντός
1642 2068 1743 2119 μου

180 2136 281 2189 καὶ
303 2137 572 2193 δεσπότου
605 2142 712 2209 κύρ
761 2142 1178 2196 Κωνσταντίνου
1219 2143 1301 2205 είς
1361 2142 1614 2213 βοήθειαν
1642 2141 1745 2209 τῆς

178 2229 413 2295 πόλεως,
461 2235 554 2285 καὶ
583 2233 671 2287 διά
695 2234 796 2300 τῆς
839 2235 1155 2304 Μιτυλήνης
1182 2234 1484 2296 διελθόντος
1513 2235 1609 2287 καὶ
1650 2234 1747 2285 λα-

169 2321 365 2384 εόντος
397 2324 491 2377 καὶ
511 2323 612 2394 τήν
646 2325 810 2378 αὑτοῦ
849 2328 1086 2394 γυναῖκα
1113 2326 1214 2397 τὴν
1276 2326 1615 2397 βασίλισσαν,
1664 2326 1744 2389 είς

166 2416 278 2482 τὴν
299 2416 517 2485 Λῆμνον
556 2414 690 2488 ἦλθε
708 2434 723 2448 ·
745 2419 838 2472 καὶ
867 2418 1183 2489 εὑρεθέντος
1212 2420 1392 2472 ἐκεῖσε
1429 2418 1742 2487 ἐπολεμήθη

168 2511 261 2568 είς
292 2507 383 2559 τὸν
419 2508 692 2576 Κότζηνον
739 2510 951 2579 ήμέρας
1012 2510 1214 2571 πολλὰς
1258 2511 1363 2562 ὑπὸ
1415 2508 1511 2563 τοῦ
1551 2509 1741 2561 στόλου

166 2600 376 2662 παντὸς
405 2600 513 2652 τῶν
542 2600 802 2669 Τούρκων
822 2618 835 2631 ·
866 2602 1194 2666 ἀπελθόντος
1240 2602 1285 2654 δ’
1317 2603 1601 2669 ἀπράκτου
1647 2600 1741 2654 106

170 2690 369 2743 στόλου
403 2690 628 2761 βοηθείᾳ
657 2691 793 2744 Θεοῦ
819 2693 850 2761 ή
884 2691 1174 2761 βασίλισσα
1203 2691 1311 2745 ἀπὺ
1346 2693 1446 2758 τῆς
1475 2691 1742 2758 περιστά-

169 2797 315 2841 σεως
392 2780 742 2851 ἀσθενήσασα
800 2782 893 2833 καὶ
949 2781 1309 2851 ἐκτρωθείσα,
1375 2780 1468 2832 τὸν
1526 2779 1740 2847 Αὔγου-

167 2889 304 2930 στον
352 2874 447 2927 106
506 2874 672 2929 αὑτοῦ
727 2874 881 2938 ἔτους
945 2875 1027 2937 είς
1072 2875 1134 2927 16
1167 2872 1613 2941 Παλαιόκαστρον
1640 2871 1740 2926 .106

164 2965 342 3020 αὐτοῦ
394 2967 579 3034 νησίον
608 2967 708 3037 τῆς
730 2968 953 3038 Λήμνου
1000 2968 1238 3021 ἀπέθανε
1270 2967 1368 3021 καὶ
1399 2966 1596 3036 ἐτάφη.

900 3067 1049 3129 υμγ’.

247 3149 360 3202 Καὶ
393 3152 458 3221 τῇ
490 3147 554 3203 ιδ’
612 3150 709 3203 τοῦ
753 3150 1087 3219 Σεπτεδρίου
1130 3153 1297 3220 μηνὸς
1328 3150 1419 3206 106
1476 3160 1555 3206 va.’
1587 3152 1742 3214 ἔτους

163 3243 439 3315 ἐγεννήθη
474 3261 563 3314 μοι
590 3246 618 3297 6
650 3244 835 3313 ἔτερος
864 3247 978 3308 υίὸς
1005 3244 1247 3310 Ἀλέξιος
1272 3261 1286 3275 ⁸
1322 3247 1415 3300 καὶ
1443 3248 1534 3299 τὸν
1558 3248 1739 3315 Νοέμ-

1851 663 1929 732 τῷ
1960 662 2285 732 παρελθόντι
2320 650 2499 729 καιρῷ
2533 657 2627 711 106
2650 657 2831 727 ἔαρος.
2858 655 3168 717 Φθάσαντός
3201 669 3301 722 μου
3319 649 3414 706 οὖν

1852 755 1933 816 είς
1953 754 2046 806 τὸν
2080 752 2403 822 Μυζηθρᾶν,
2436 751 2573 820 μετά
2603 767 2758 812 τινας
2790 749 3008 818 ήμέρας
3068 747 3276 814 ὀλίγας,
3316 745 3411 797 τοῦ

1854 844 2215 913 καρδηναλίου
2247 844 2343 897 καὶ
2372 841 2898 912 βιζεκαγκελλαρίου
2932 840 3025 893 καὶ
3049 839 3282 908 λεγᾲτου
3309 855 3412 891 κα-

1852 938 2069 991 θολικοῦ
2098 936 2191 990 τοῦ
2220 938 2378 991 πάπα
2415 936 2799 1006 ἀπερχομένου
2852 934 2990 1003 μετά
3025 930 3232 984 πολλῶν
3286 947 3416 981 κατ-

1852 1034 2031 1100 έργων
2060 1033 2139 1093 είς
2172 1031 2274 1101 τὴν
2299 1030 2455 1085 πόλιν
2482 1030 2570 1083 διά
2594 1030 2694 1098 τὴν
2745 1032 2887 1082 κατά
2939 1028 3046 1078 τῶν
3077 1024 3290 1078 ἀσεϐῶν
3319 1025 3413 1076 τοῦ

1852 1125 2017 1195 ῥηγὺς
2049 1126 2149 1193 τῆς
2183 1125 2504 1193 Οὐγγαρίας
2530 1124 2827 1190 ἔξέλευσιν,
2864 1122 3019 1193 μθτ]
3056 1120 3289 1187 ἐστάλην
3321 1119 3407 1169 και

1849 1217 1963 1286 ἐγὼ
1991 1219 2152 1272 πάλιν
2186 1219 2608 1286 ἀποκρισιάριος
2655 1218 2788 1286 πρός
2838 1233 2892 1268 τε
2929 1215 3020 1266 τὸν
3063 1213 3285 1283 βασιλέα
3321 1211 3414 1261 καὶ

1851 1310 1988 1379 πρὸς
2014 1310 2106 1363 τὸν
2142 1311 2370 1377 ἀμηρᾶν
2408 1310 2503 1361 καὶ
2554 1309 2717 1360 αὐτὸν
2774 1307 2837 1370 δὴ
2876 1306 2968 1356 τὸν
3029 1304 3223 1370 ρἧαν.
3278 1302 3412 1353 ἀλλά

1848 1402 1911 1472 δὴ
1940 1401 2034 1454 καὶ
2063 1401 2199 1469 πρὸς
2228 1401 2319 1453 τὸν
2352 1400 2583 1465 λεγάτον
2642 1401 2738 1450 καὶ
2767 1397 2903 1466 πρὸς
2937 1398 3030 1448 τδν
3083 1392 3413 1446 καπετάνιον

1858 1493 2139 1549 Ἆλωΐσιον
2177 1491 2389 1560 Δορδᾶν
2448 1491 2515 1544 δι’
2552 1491 2856 1558 ἀναγκαίας
2888 1486 3136 1548 δουλείας
3168 1485 3304 1554 πρὸς
3350 1484 3411 1536 06

1848 1582 2196 1654 προδῶσιτά
2230 1583 2567 1652 πράγματα’
2605 1584 2698 1634 καὶ
2756 1578 3117 1649 διερχομένου
3173 1594 3274 1646 μου
3314 1578 3412 1644 τὴν

1847 1677 2115 1746 Κόρινθον
2136 1679 2199 1746 τῇ
2233 1675 2279 1726 λ’
2302 1674 2396 1727 τοῦ
2435 1673 2774 1741 Αὐγούστου,
2805 1674 2893 1725 ἵνα
2923 1673 3003 1734 είς
3029 1672 3120 1724 τὸν
3172 1669 3411 1737 Εὔριπον

1846 1770 1914 1823 τὰ
1938 1771 2180 1837 κάτεργα
2202 1768 2301 1836 τῆς
2329 1769 2582 1836 ἀρμάτας
2611 1766 2823 1834 φθάσω,
2881 1758 3041 1832 εὗρον
3070 1762 3411 1827 θαπτόμενον

1847 1861 1941 1914 τὸν
1970 1862 2135 1918 καλὸν
2164 1860 2410 1928 κάγαθὸν
2442 1857 2710 1926 Κορίνθου
2741 1857 2986 1926 Μάρκον,
3016 1855 3074 1915 ὃς
3112 1854 3207 1905 καὶ
3240 1854 3296 1903 ἐν
3342 1853 3407 1918 τῇ

1845 1956 1980 2025 αὐλῇ
2012 1954 2168 2024 ήμῶν
2202 1952 2467 2023 ἐγεννήθη
2513 1953 2607 2003 καὶ
2641 1949 2760 2019 μεθ’
2795 1948 2955 2018 ήμῶν
3008 1945 3284 2014 ἀνετράφη
3317 1943 3409 1995 καὶ
3456 2002 3459 2005 λ

1847 2048 1951 2101 ὑπὸ
1978 2046 2073 2099 106
2106 2045 2278 2098 κακοῦ
2311 2046 2411 2111 τῆς
2442 2044 2718 2113 μητρυιᾶς
2743 2040 2909 2094 αὐτοῦ
2934 2037 3105 2090 πολλὰ
3142 2035 3405 2102 πιεζόμε-

1846 2156 1934 2201 νος
1974 2138 2215 2208 μεγάλας
2245 2136 2548 2206 θεραπείας
2579 2136 2729 2201 παρὰ
2774 2135 2882 2185 τῶν
2920 2129 3267 2199 γεννητόρων
3301 2143 3404 2195 μου

1845 2230 2141 2300 εὕρισκεν
2175 2232 2293 2282 ἐκεῖ
2331 2208 2699 2295 ἀναγκασθεὶς
2727 2225 2832 2278 ἀπὸ
2854 2223 2948 2277 τοῦ
2998 2220 3192 2274 πολλοῦ
3232 2217 3405 2272 κακοῦ

1844 2322 2047 2390 ἔφυγεν
2075 2322 2184 2373 ἀπὸ
2212 2320 2305 2373 τὸν
2342 2321 2560 2390 πατέρα
2583 2316 2749 2372 αὐτοῦ
2774 2317 2866 2371 καὶ
2898 2318 2978 2378 είς
3006 2314 3104 2383 τὴν
3129 2310 3236 2364 τῶν
3271 2311 3407 2363 Ξαν-

1848 2415 2133 2469 θοπούλων
2172 2414 2340 2483 μονὴν
2399 2410 2651 2482 ἀπῆλθεο
2682 2412 2776 2463 καὶ
2831 2405 3079 2470 ’τοιοῦτος
3132 2403 3406 2476 χρήσιμος

1846 2508 2293 2575 ἀπεκατεστάθη.

2565 2612 2594 2648 υ
2603 2600 2707 2661 με’.

1912 2692 2129 2754 Φθάσας
2160 2690 2253 2743 οὖν
2275 2689 2387 2758 ἐγὼ
2420 2689 2499 2751 είς
2529 2689 2620 2741 τδν
2662 2686 2922 2757 Εὔριπον,
2962 2685 3028 2737 τὰ
3057 2683 3111 2736 δὲ
3160 2679 3408 2750 κάτεργα

1840 2786 1902 2839 οὐ
1936 2786 2165 2852 φθάσας,
2195 2783 2266 2837 δι’
2311 2784 2473 2838 ἄλλου
2537 2780 2842 2849 πλευσίμου
2896 2779 2977 2839 είς
3035 2775 3137 2845 τήν
3182 2774 3408 2842 Λῆμνον

1841 2876 2160 2946 ἀπεσώθην,
2210 2876 2291 2938 είς
2324 2875 2424 2937 τὰς
2474 2872 2650 2943 ἀρχὰς
2701 2870 2794 2924 106
2844 2867 3156 2936 Νοεμϐρίου
3189 2864 3282 2918 106
3339 2860 3408 2931 ιγ’

1841 2969 1992 3031 ἔτους
2016 2984 2033 3002 ⁸
2059 2968 2139 3038 τῷ
2175 2966 2233 3021 δὲ
2274 2966 2426 3037 αὐτῷ
2463 2966 2595 3035 μηνὶ
2631 2962 2699 3018 ια’
2730 2964 2759 3016 6
2809 2962 2913 3033 ρὴξ
2940 2960 3041 3026 τῆς
3092 2956 3410 3043 Οὐγγαρίας

1840 3063 2122 3131 ἐσκοτώθη
2184 3064 2335 3132 παρά
2379 3061 2473 3113 τοῦ
2506 3060 2700 3129 ἀμηρᾶ
2730 3058 2813 3120 είς
2856 3057 2953 3118 τὴν
2987 3056 3202 3123 Βάρναν
3254 3047 3409 3123 [200]

1840 3159 1934 3212 καὶ
1973 3160 2037 3226 τῇ
2066 3154 2131 3219 ιζ’
2149 3156 2239 3208 τοῦ
2273 3154 2491 3207 Ἰουλίου
2522 3152 2692 3223 μηνὸς
2727 3150 2819 3204 τοῦ
2868 3147 3040 3203 αὐτοῦ
3078 3146 3229 3206 ἔτους
3286 3147 3410 3211 ἔγε⁴

1840 3252 1988 3319 γόνει
2026 3248 2369 3316 παγκόσμιος
2399 3247 2616 3299 καύσων
2652 3244 2746 3297 καὶ
2777 3243 2926 3308 ἄξιος
2991 3241 3234 3309 μνήμης,
3271 3238 3329 3288 ὲν
3364 3227 3409 3301 ᾧ

165 3336 329 3405 εριον
370 3335 463 3387 τοῦ
490 3334 655 3389 αὐτοῦ
688 3337 843 3399 ἔτους
873 3333 1038 3407 ἦλθεν
1065 3338 1145 3401 είς
1172 3339 1273 3407 τὴν
1310 3339 1465 3392 πόλιν
1494 3341 1522 3392 6
1547 3340 1737 3392 δεσπό-
1763 3322 1807 3384 C
1839 3344 1903 3413 δὴ
1935 3343 2084 3410 θέρει
2114 3343 2209 3395 καὶ
2228 3342 2254 3392 6
2273 3330 2642 3407 πνευματικὸς
2663 3336 2770 3404 κύρ
2801 3335 3103 3404 Γρηγόριος
3134 3330 3409 3399 πατριάρ-

162 3443 275 3494 της
307 3426 402 3480 καὶ
433 3425 700 3495 αὐθέντης
735 3444 837 3496 μου
890 3427 996 3496 κύρ
1035 3422 1453 3492 Κωνσταντῖνος
1475 3445 1489 3460 ’
1549 3432 1642 3482 καὶ
1672 3433 1737 3500 τῇ

164 3517 221 3572 α’
261 3519 510 3588 Μαρτίου
532 3520 725 3595 ἔλαρεν
756 3520 865 3573 ἀπὸ
880 3521 970 3573 τὸν
990 3521 1211 3591 βασιλέα
1239 3521 1337 3592 τὴν
1363 3522 1735 3592 Σηλυμϐρίαν,

170 3612 273 3664 καὶ
330 3611 651 3664 ἀπέστειλεν
688 3612 785 3681 ἐμὲ
825 3614 1037 3665 ὲκεῖσεν
1096 3614 1176 3676 είς
1217 3613 1479 3682 κεφαλὴν,
1519 3614 1607 3667 ἵνα
1646 3613 1741 3665 καὶ
1770 3655 1781 3672 .

170 3704 287 3757 ἀπὸ
325 3703 416 3756 τὸν
445 3703 667 3774 ἀμηρᾶν
702 3703 798 3755 καὶ
845 3706 936 3756 τὸν
978 3704 1249 3773 δεσπότην
1294 3708 1398 3772 κὺρ
1428 3705 1741 3772 Δημήτριον

170 3795 275 3849 καὶ
298 3796 461 3849 αὐτὸν
490 3795 554 3866 δὴ
583 3796 675 3848 τὸν
704 3795 973 3849 δεδωκότα
1023 3794 1252 3866 βασιλέα
1292 3794 1606 3864 προστάξας
1637 3812 1741 3862 φυ-

167 3888 374 3942 λάττω.
410 3888 519 3942 Καὶ
549 3890 639 3941 τὸν
673 3888 895 3941 Ἰούλιον
917 3889 1009 3951 τοῦ
1039 3889 1206 3941 αὐτοῦ
1260 3889 1413 3950 ἔτους
1466 3884 1629 3959 ἦλθεν
1660 3890 1740 3950 εἰς

164 3981 274 4050 τὴν
305 3981 463 4033 πόλιν
487 3980 911 4050 Φραγκόπουλος
940 3981 1425 4051 όπρωτοστράτωρ
1450 3997 1462 4009 ο
1492 3983 1586 4032 καὶ
1624 3982 1740 4049 δρι-

168 4063 324 4136 σθεῖς
356 4071 515 4141 κάγὼ
548 4073 654 4126 ἀπὸ
689 4073 789 4143 τὴν
811 4073 1164 4142 Σηλυμϐρίαν
1195 4074 1275 4135 είς
1297 4073 1395 4142 τὴν
1437 4075 1591 4125 πόλιν
1645 4071 1741 4145 ἦλ-

166 4167 294 4220 θονο
326 4168 420 4219 καὶ
451 4166 763 4235 συμφωνίαι
792 4167 1107 4234 γεγόνασιν,
1155 4166 1236 4219 ὅτι
1291 4168 1319 4218 6
1345 4167 1444 4233 μὲν
1472 4167 1740 4234 δεσπότης

164 4259 269 4314 καὶ
294 4258 562 4326 αὐθέντης
606 4273 710 4328 μου
738 4259 821 4319 είς
875 4258 969 4309 τὸν
999 4257 1218 4327 Μορέαν
1256 4257 1472 4330 ἀπέλθῃ
1523 4262 1615 4310 καὶ
1648 4260 1740 4310 τὸν

164 4352 337 4403 τόπον
373 4351 550 4403 πάντα
577 4348 673 4401 τοῦ
698 4347 960 4402 δεσπότου
991 4350 1096 4416 κὺρ
1120 4347 1396 4419 Θεοδώρου
1422 4349 1581 4419 λάϐῃ,
1602 4352 1742 4402 ἐκεῖ·

166 4458 262 4503 νος
288 4439 345 4496 δὲ
372 4440 452 4502 είς
484 4441 584 4504 τὴν
612 4439 768 4492 πόλιν
789 4439 942 4509 ἔλθῃ,
970 4439 1062 4493 καὶ
1083 4440 1182 4509 τὴν
1201 4440 1550 4512 Σηλυμσρίαν
1573 4441 1737 4511 λάϐῃ.

159 4534 204 4588 ἃ
238 4534 304 4604 δὴ
330 4534 423 4587 καὶ
442 4533 682 4603 ἐγένετο.
1216 4568 1219 4571 η

883 4630 1024 4695 υμδο.

241 4721 400 4793 [196]
447 4722 558 4775 Kal
607 4724 673 4794 τῇ
707 4729 739 4777 ι’
772 4722 1108 4795 Ὀκτωϐρίου
1142 4724 1235 4778 106
1276 4720 1353 4794 νβ’
1402 4722 1558 4783 ἔτους
1600 4720 1739 4789 μετὰ

161 4816 439 4886 καραὸίου
473 4815 787 4881 ἐξελθόντος
818 4816 927 4870 ἀπὸ
952 4816 1055 4886 τῆς
1108 4818 1313 4878 πόλεως
1343 4816 1440 4868 τοῦ
1479 4816 1738 4875 αὐθεντός

165 4927 276 4979 μου
301 4911 394 4961 καὶ
419 4908 704 4976 δεσπότου,
764 4908 858 4961 καὶ
892 4909 1218 4972 ἀπελθόντος
1256 4910 1334 4971 είς
1365 4909 1456 4959 τὸν
1491 4906 1735 4976 Μορέαν,

167 5003 272 5052 καὶ
302 4998 466 5051 πάλιν
502 4999 643 5068 μετὰ
670 4997 836 5052 αὐτοῦ
868 4998 1049 5068 δήτοῦ
1097 4998 1365 5067 καραὸίου
1396 4999 1423 5049 6
1468 4998 1735 5064 δεσπότης

161 5090 277 5157 κὺρ
299 5085 576 5156 Θεόδωρος
598 5090 692 5141 τὸν
720 5088 1058 5157 Δεκέμϐριον
1090 5089 1236 5155 μῆνα
1276 5086 1366 5138 τοῦ
1393 5085 1561 5139 αὐτοῦ
1581 5086 1735 5147 ἔτους

160 5183 247 5244 είς
284 5179 380 5249 τὴν
408 5180 562 5233 πόλιν
584 5180 861 5234 ἀπέσωσε.
895 5181 1006 5233 Καὶ
1046 5180 1136 5232 τὸν
1163 5179 1409 5248 Μάρτιον
1437 5177 1734 5245 παρέδωκα

161 5275 283 5342 ἐγὼ
305 5275 442 5340 πρὸς
466 5275 629 5329 αὐτὸν
648 5275 748 5346 τήν
776 5275 917 5344 Σηλυ
929 5274 1152 5344 μὸρίαν,
1198 5273 1292 5327 καὶ
1317 5274 1588 5343 ἐμϐάντος
1631 5290 1732 5341 μου

160 5370 248 5430 είς
289 5368 554 5437 καράϐιον
583 5367 689 5439 106
702 5368 809 5420 ἀπὸ
839 5369 937 5436 τὴν
983 5368 1211 5437 Κρήτην
1257 5366 1484 5420 ’Υαλινᾶ
1532 5366 1732 5419 ’Δντω-

157 5461 281 5527 γίου
317 5462 396 5522 είς
441 5462 539 5528 τήν
586 5459 682 5512 τοῦ
716 5459 954 5530 Εὐρίπου
996 5459 1289 5529 Κάρυστον
1329 5457 1586 5525 ἐπαφῆκέ
1611 5474 1728 5526 με·

159 5553 264 5603 καὶ
297 5553 361 5621 τῇ
387 5557 435 5619 γ’
458 5549 552 5604 τοῦ
593 5551 819 5605 Ἰουνίου
858 5552 948 5604 διὰ
983 5551 1081 5620 τῆς
1111 5553 1341 5617 στερεᾶς
1385 5550 1507 5604 ὁδοῦ
1538 5552 1617 5613 είς
1639 5551 1730 5604 τὸν

156 5642 470 5712 Μυξηθρᾶν
500 5642 735 5709 ἔφθασα,
774 5644 946 5698 πολλὰ
974 5643 1068 5697 106
1097 5636 1357 5697 δεσπότου
1395 5644 1563 5714 κυροῦ
1595 5645 1729 5696 Θεο-

156 5736 341 5804 δώρου
361 5734 652 5803 ζητοῦντός
689 5753 757 5805 με
794 5737 887 5788 καὶ
917 5736 1369 5807 παροτρύνοντος,
1404 5737 1490 5788 ἵνα
1513 5735 1606 5789 καὶ
1630 5737 1728 5807 τήν

154 5825 517 5894 Σηλυμσρίαν
547 5824 655 5896 ἔχω
671 5827 763 5879 καὶ
794 5826 901 5878 τῶν
934 5826 1165 5893 πρώτων
1199 5824 1364 5879 αὐτοῦ
1399 5826 1727 5894 ὑποχειρίων

156 5919 535 5991 εὑρίσκωμαι.
571 5919 929 5991 Διερχόμενος
972 5920 1026 5972 δὲ
1057 5918 1212 5988 εὖρον
1268 5920 1357 5974 καὶ
1410 5918 1470 5974 16
1500 5918 1721 5988 Ἐξαμί-

1843 3453 1941 3505 χης
1970 3435 2212 3500 ἐγεγόνει
2232 3450 2246 3465 ·
2280 3434 2375 3485 καὶ
2405 3434 2472 3499 τῇ
2508 3429 2569 3484 ιε’
2596 3429 2690 3483 τοῦ
2724 3427 3035 3494 Αὐγούστου
3105 3422 3274 3493 μηνὸς
3304 3420 3402 3474 τοῦ

1840 3526 2009 3581 αὐτοῦ
2042 3527 2195 3586 ἔτους
2232 3525 2497 3593 ἐγεννήθη
2526 3541 2617 3592 μοι
2649 3524 2763 3585 υίὸς
2796 3522 3159 3590 Ἀνδρόνικος,
3178 3518 3236 3579 δς
3275 3514 3408 3585 ἔζηκ-

1842 3638 1932 3675 σεν
1956 3619 2168 3688 ἡμέρας
2205 3618 2302 3683 καὶ
2336 3616 2499 3686 μόνον
2544 3614 2714 3671 ὀκτώ.

2545 3710 2701 3773 υμςκ

1912 3798 2021 3852 Καὶ
2048 3797 2126 3865 τῷ
2154 3795 2385 3862 νδ”ἔτει,
2430 3794 2755 3864 Δεκεμϐρίῳ
2792 3794 2923 3863 μηνὶ
2946 3791 3086 3862 πρὸς
3114 3790 3283 3855 τέλει,
3316 3788 3407 3841 ἔλ-

1841 3892 2025 3955 θόντος
2056 3908 2157 3959 μου
2185 3893 2269 3953 εἰς
2289 3892 2381 3942 τὸν
2432 3888 2654 3957 Μορέαν
2686 3887 2826 3958 μετὰ
2874 3886 2974 3956 τῆς
3019 3882 3408 3955 πραγματείας

1842 3983 2148 4037 Βενετικῶν
2180 3983 2489 4052 κατέργων.

2569 4074 2715 4141 υμξ”

1910 4165 2243 4235 Σεπτεῦρίου
2278 4165 2445 4219 αὐτοῦ
2485 4171 2556 4216 γε’
2603 4164 2756 4226 ἔτους
2788 4163 3173 4233 εὐεργετήθην,
3218 4162 3279 4217 16
3313 4178 3408 4216 κε-

1842 4257 2162 4326 φαλατίκιον
2196 4257 2291 4309 τοῦ
2349 4256 2649 4325 Μυζηθρᾶ,
2696 4259 2832 4325 μετά
2881 4260 2976 4309 καὶ
3026 4258 3247 4310 πάντων
3297 4256 3408 4307 τῶν

1847 4352 1968 4419 περὶ
2000 4348 2151 4412 αὐτὸ,
2193 4350 2360 4418 ἤγουν
2388 4346 2595 4411 Κουλᾶ,
2645 4347 2945 4414 Ἐϐραῖκῆς
2989 4346 3241 4415 Τρύπης,
3277 4346 3410 4409 TC:-

1844 4442 2069 4512 ραμίου,
2133 4440 2432 4509 Παγκότων
2482 4440 2578 4493 καὶ
2642 4439 3085 4508 Σκλαϐοχωρίου,
3128 4439 3223 4489 καὶ
3269 4443 3408 4505 μετα

1843 4532 2065 4586 πάντων
2089 4531 2198 4582 τῶν
2220 4530 2593 4598 είσοδημάτων
2610 4528 2812 4592 αὐτῶν,
2848 4528 2922 4590 ὼς
2944 4528 3045 4580 οὐκ
3072 4524 3221 4596 εἶχεν
3248 4528 3409 4587 ἄλλας

1842 4643 1924 4687 τις
1948 4624 2122 4686 οὑτως
2149 4622 2373 4674 πώποτε
2395 4622 2455 4673 τὸ
2486 4621 2582 4675 τοῦ
2647 4621 2920 4691 Μυζηθρᾶ
2982 4620 3368 4689 κεφαλατίκιον
3392 4637 3407 4652 ο

1847 4713 2017 4782 ὦρισέ
2053 4731 2139 4779 μοι
2165 4712 2222 4765 δὲ
2248 4712 2552 4778 καὶτοῦτο,
2594 4712 2680 4766 ὅτι
2731 4711 2873 4777 Ἐγὼ
2927 4710 3138 4764 δέδωκά
3186 4727 3270 4762 σοι
3319 4712 3411 4761 τὸν

1846 4805 2262 4875 Μυζηθρᾶνείς
2292 4804 2685 4873 κεφαλατίκιον
2723 4804 2814 4857 καὶ
2844 4802 2933 4855 διά
2964 4801 3065 4870 τὴν
3111 4801 3210 4871 σήν
3238 4801 3410 4867 καλὴν

1844 4897 2173 4968 δουλοσύνην
2201 4898 2294 4951 καὶ
2322 4897 2419 4966 τὴν
2442 4898 2585 4965 ἐμήν
2617 4896 2751 4966 πρὸς
2777 4896 2838 4948 σὲ
2868 4894 3136 4965 ἀναδοχὴν
3162 4895 3401 4958 καὶ-ἀγά-

1845 5007 1977 5058 πην,
2012 4990 2105 5043 καὶ
2135 4991 2215 5043 ὃτι
2243 4990 2384 5042 θέλω
2411 4991 2477 5042 νά
2504 4990 2583 5042 ἔνι
2612 4988 2710 5042 καὶ
2742 4988 2902 5041 τοῦτο
2926 4986 3009 5050 ἓν,
3042 4988 3117 5049 ὡς
3142 4988 3175 5055 ή
3212 4987 3400 5055 Κόριν-

1848 5083 1938 5144 θος
1970 5081 2061 5135 καῖ
2098 5084 2129 5154 ή
2163 5082 2355 5148 Πάτρα
2382 5099 2395 5112 ο
2424 5078 2501 5134 ὧν
2529 5080 2625 5152 τὴν
2648 5080 2746 5150 μὲν
2765 5080 2922 5149 ἔχειό
2946 5077 3409 5155 Καντακουζηνδς

1854 5175 2133 5244 Ἰωάννης.
2165 5175 2263 5245 τὴν
2287 5175 2342 5226 δὲ
2378 5173 2615 5238 Ἀλέξιος
2644 5176 2673 5225 6
2710 5174 3019 5241 Λάσκαρις·
3053 5174 3148 5224 καὶ
3171 5171 3405 5239 γίνωσκε

1841 5269 1926 5321 ὅτι
1954 5267 2141 5336 ἔτερον
2184 5266 2492 5335 μεσάζοντα
2553 5266 2705 5318 οὐδὲν
2734 5265 2875 5317 θέλω
2919 5265 3172 5333 ποιήσειν
3232 5264 3407 5333 πάρεξ

1841 5360 2004 5413 αὐτὸν
2030 5359 2092 5428 δὴ
2124 5359 2214 5411 τὸν
2277 5359 2817 5428 Εὐδαιμονοῖωάννην
2845 5357 2904 5410 δν
2937 5358 3066 5425 ἔχω·
3112 5356 3231 5408 ἀλλ’
3288 5356 3405 5407 οὐδὲ

1839 5449 2076 5505 ἐνταῦθα
2110 5448 2252 5502 θέλω
2292 5449 2652 5518 εὑρίσκεσθεν
2705 5448 2839 5501 ἀεί’
2901 5445 3053 5519 [201]
3103 5447 3220 5515 ἀμὴ
3269 5446 3405 5499 θέλω

1837 5541 2149 5612 δίερχεσθεν
2178 5544 2269 5595 τὸν
2304 5544 2467 5595 τόπον
2510 5560 2613 5611 μου
2644 5541 2731 5595 διὰ
2766 5543 2939 5595 πολλά
2977 5540 3258 5609 ὠφέλιμα*
3314 5540 3405 5599 καὶ

1837 5638 1964 5691 ὅταν
1986 5636 2332 5706 εὑρίσκωμαι
2369 5637 2447 5700 είς
2479 5637 2574 5701 τὴν
2625 5633 2914 5705 Κόρινθον,
2954 5634 3095 5687 θέλω
3136 5631 3405 5701 ,πράττειν

1835 5728 1932 5793 τὰς
1957 5730 2097 5799 ἐμὰς
2119 5729 2366 5792 δουλείας
2389 5729 2483 5783 καὶ
2506 5730 2605 5794 τὰς
2658 5732 2751 5783 106
2778 5731 2945 5783 τόπου
2983 5728 3199 5781 ἐκείνου
3262 5728 3403 5796 μετὰ

1837 5821 1931 5875 τοῦ
1980 5823 2438 5889 Καντακουξηνού
2517 5823 2615 5877 καὶ
2663 5823 2756 5877 τοῦ
2814 5820 3351 5891 Εὐδαιμονοῖωάννου
3384 5835 3397 5847 ·

1833 5914 1960 5968 ὅταν
1990 5913 2045 5968 δὲ
2078 5914 2154 5978 είς
2187 5916 2284 5985 τὴν
2320 5914 2541 5986 Πάτραν
2580 5914 2807 5971 ἀπέλθω
2843 5914 3001 5969 πάλιν
3033 5912 3101 5985 με
3130 5911 3219 5966 τὸν
3250 5910 3393 5964 Λάσ-
