4062 6354
297 364 3524 430 W

1620 559 1784 602 ANNO
1821 559 2049 603 DOMINI
2095 559 2245 603 MCIV

774 767 1383 974 VEN.
1547 664 3059 972 GUIBERTUS

463 1117 906 1277 ABBAS
967 1114 1577 1230 SANCT/E
1646 1112 2138 1275 MABL/E
2227 1113 2405 1223 DE
2499 1111 3383 1229 NOVIGENTO.

1062 1394 2007 1643 GUIBERTI
2142 1476 2775 1636 OPERA

304 1777 637 1841 Prodeunt
674 1769 1176 1857 nunc'primum
1218 1779 1283 1835 in
1338 1773 1549 1857 lucem
1579 1786 1712 1857 una
1746 1777 1891 1857 cum
1947 1766 2686 1857 appendiceadlibrum
2722 1771 2979 1857 tertium
3018 1766 3111 1828 De
3149 1762 3293 1857 Vita
3342 1762 3575 1857 ipsius.

388 1858 696 1920 nimirum
728 1844 1085 1917 Harmanni
1119 1852 1415 1932 monachi
1445 1849 1594 1932 libri
1632 1856 1786 1932 tres,
1819 1844 2277 1932 De_mi’raculis
2308 1847 2371 1908 S.
2405 1846 2644 1932 Merito,
2680 1846 2820 1932 sive
2856 1846 2949 1932 De
2981 1844 3383 1932 reparatione
3417 1844 3582 1932 gau-

388 1935 705 2001 dunensis
748 1934 1073 2007 ecclesiae;
1109 1935 1201 1995 De
1233 1930 1449 1992 Gcstis
1488 1922 1937 1990 Bartholomaai
1974 1926 2301 2005 episcopi;
2349 1942 2420 1986 ac
2448 1926 2557 2007 fDe
2598 1923 2849 2001 origine
2882 1930 2939 2007 et
2979 1922 3380 2007 incremento
3416 1922 3602 1981 Prte-.

386 1999 881 2076 monstratensis
912 1999 1182 2074 ordinis.
1209 2011 1364 2070 Item
1399 2010 1575 2068 Notas
1608 2010 1668 2067 et
1701 1999 2495 2068 observati'ones‘vetustis
2536 1999 2971 2063 monumentis
3004 1999 3249 2062 refertae
3275 2000 3350 2060 ad
3389 2015 3584 2076 quos-

385 2093 529 2154 dam
563 2094 639 2151 V.
682 2090 977 2151 Guiberti
1006 2089 1241 2149 libros.
1273 2121 1346 2130 -—
1390 2087 1507 2146 His
1541 2084 1854 2164 accedunt
1878 2086 2315 2164 addit-amenta
2343 2082 2405 2141 in
2436 2082 2676 2158 quibus
2710 2081 2870 2164 [itte
2899 2081 2974 2164 Si
3006 2077 3358 2164 G_ere_mari,
3387 2077 3456 2135 B.
3491 2077 3586 2164 Si-

389 2170 605 2232 monis
641 2169 897 2230 comitis
920 2164 1407 2245 Crespeiensis,
1429 2169 1490 2226 et
1519 2164 1581 2223 S.
1607 2161 1968 2245 Sglabergte
1990 2160 2369 2245 abbatissae;
2412 2156 2529 2245 nec
2553 2173 2689 2245 non
2720 2157 3014 2245 Hugonis
3042 2156 3584 2245 Rothqmagensis

391 2246 855 2326 archiepiscOpi
889 2244 1034 2326 libri
1077 2234 1205 2326 tres
1244 2245 1622 2320 Dogmatum
1649 2234 2035 2326 Christiana:
2059 2238 2204 2299 ﬁdei
2228 2234 2809 2326 contranhtereticos
2851 2235 2955 2297 sui
2996 2234 3337 2313 temporis;
3370 2237 3434 2293 et
3460 2234 3586 2292 Ro-

392 2324 554 2387 berti
577 2314 661 2387 d'e
692 2314 911 2386 Monte
947 2314 1376 2385 Accessiones
1404 2326 1598 2382 atoue
1629 2317 1968 2397 Appendix
2000 2334 2298 2395 germana
2330 2314 2407 2377 ad
2432 2314 2845 2375 Siaibertum.

304 2488 536 2552 Omnia
561 2487 775 2548 studio
816 2494 872 2547 et
904 2503 1096 2566 opera
1122 2481 1337 2544 damni
1362 2485 1544 2544 Luca:
1574 2479 1905 2559 d’Achery,
1939 2479 2226 2541 monachi
2262 2478 2654 2540 Benedictini
2695 2479 3202 2558 congregationis
3238 2478 3311 2542 S.
3341 2476 3584 2539 Mauri.

459 2659 711 2713 ’l.uteti:e
745 2657 1101 2719 Parisiorum,
1134 2657 1442 2726 sumptibus
1475 2652 1702 2707 Joannis
1742 2647 1997 2710 Billaine,
2030 2645 2116 2699 via
2152 2643 2427 2711 Jacobtca,
2455 2646 2555 2701 sub
2584 2645 2740 2716 signo
2770 2644 2829 2699 S.
2859 2642 3165 2715 Augustini,
3195 2641 3448 2712 MDCIJ.)

1393 2950 2607 3149 PROLEGOMENA.

1691 3202 2331 3285 AMPLISSIMO

1030 3399 1336 3510 nn.
1404 3390 2359 3510 mar-ramo
2437 3350 2959 3504 noni:-

1435 3606 1753 3665 SENATUS
1790 3604 2217 3664 PARISIENSIS
2246 3590 2562 3663 numam.

391 3766 508 3834 Quo
549 3762 766 3819 tandem
793 3761 999 3829 animo,
1048 3769 1409 3832 protoprzeses
1452 3760 1809 3831 amplissime,
1838 3760 2134 3817 Guibcrtus
2166 3760 2257 3814 hic
2296 3768 2483 3815 noster
2529 3761 2718 3816 orbem
2748 3760 2925 3815 denuo
2948 3758 3185 3815 lustrare
3214 3759 3436 3833 gestiat,
3486 3777 3596 3819 non

321 3860 456 3915 satis
494 3858 624 3913 mihi
654 3864 987 3927 compertum
1018 3856 1238 3910 minime
1267 3853 1553 3911 diﬂitebor.
1590 3855 1708 3911 Jam
1737 3870 1835 3925 per
1859 3854 2025 3909 multa
2058 3864 2360 3924 temporum
2390 3854 2662 3911 curricula
2700 3854 2752 3909 in
2785 3853 3123 3910 bibliotheca!
3151 3855 3439 3929 tranquilla
3489 3868 3597 3913 sta-

317 3954 472 4008 tione
501 3953 708 4022 positus
739 3949 1039 4006 dormierat
1066 3950 1210 4004 inter
1235 3958 1478 4005 mortuos
1504 3949 1641 4005 liber
1669 3949 1963 4009 Guibertus
1987 3967 2002 4015 ;
2035 3950 2158 4019 quis
2202 3951 2490 4007 suscitavit
2524 3966 2651 4007 eum
2669 3951 2695 4005 ?
2722 3950 2882 4007 Certe
2904 3950 3122 4021 quidem
3152 3967 3256 4007 non
3282 3952 3397 4008 odit
3420 3951 3597 4009 lucem

314 4046 413 4117 qui
439 4061 649 4100 summo
674 4045 860 4101 labore
906 4054 961 4100 et
1002 4060 1132 4100 cura
1169 4045 1505 4115 permaxima
1534 4053 1611 4100 tot
1641 4044 1930 4116 pestiferas
1958 4046 2058 4100 arvi
2110 4047 2192 4101 sui
2228 4063 2476 4103 errorum
2526 4049 2916 4117 haereseonque
2969 4046 3221 4102 tenebras
3266 4062 3296 4102 e
3329 4049 3598 4103 mentibus

325 4141 603 4195 hominum
632 4148 687 4194 et
716 4155 901 4195 coram
925 4148 980 4194 et
1017 4140 1234 4210 scriptis
1257 4139 1599 4210 propulsare,
1635 4151 1799 4211 atque
1821 4142 1987 4196 divini
2016 4144 2165 4197 verbi
2193 4160 2255 4199 ac
2288 4142 2602 4214 theologicze
2629 4144 2877 4198 veritatis
2898 4143 3238 4213 prmconibus
3266 4142 3437 4201 facem
3461 4160 3598 4216 pra:-

326 4240 470 4291 l'erre
504 4251 607 4290 non
642 4236 852 4291 destitit
880 4256 895 4289 ε
926 4244 987 4291 ιιι
1020 4235 1215 4290 coaavis
1245 4236 1430 4299 verbo,
1473 4236 1553 4290 sic
1581 4244 1635 4291 et
1658 4239 1895 4307 posteris
1929 4253 2074 4292 nunc
2102 4240 2338 4308 scripto,
2376 4253 2515 4299 novo
2550 4239 2705 4307 quasi
2740 4246 2932 4293 exortu
2964 4236 3217 4309 aﬂ‘ulgeat
3258 4239 3599 4309 sapientissi-

326 4343 446 4381 mus
475 4327 669 4389 abbas;
704 4343 914 4382 memor
949 4327 1334 4396 sapientissimi
1367 4327 1512 4398 regis
1540 4326 1707 4394 eﬂ‘ati,
1738 4330 1847 4384 imo
1879 4328 2172 4398 Sapientia:
2230 4330 2485 4385 increatae
2525 4347 2537 4383 :
2574 4328 2847 4400 Sapientia
2878 4329 3206 4394 abscondita,
3235 4340 3283 4384 et
3323 4331 3598 4386 thesaurus

326 4426 544 4491 invisus,
575 4442 691 4497 quae
731 4426 927 4481 utilitas
958 4427 1012 4480 in
1040 4428 1270 4497 utrisque
1302 4425 1417 4497 (ιη
1441 4425 1695 4481 Attamen
1744 4427 1992 4481 meminit
2027 4427 2210 4481 doctus
2246 4427 2347 4481 iste
2382 4425 2599 4490 Scriba,
2622 4429 2711 4496 qui
2752 4426 2949 4496 profert
2977 4427 3041 4480 de
3070 4426 3315 4480 thesauro
3346 4440 3440 4479 suo
3465 4442 3599 4479 nova

330 4531 377 4572 et
408 4533 575 4576 vetera
618 4524 723 4592 (2),
775 4522 916 4592 quod
946 4522 1147 4576 veritas
1172 4520 1354 4575 odium
1400 4525 1609 4589 pariat,
1637 4522 1780 4605 ρειοά
1823 4530 1876 4577 et
1902 4522 2047 4577 omni
2097 4522 2293 4577 saeculo
2322 4538 2426 4577 non
2459 4521 2639 4577 desint
2664 4522 2753 4591 qui
2784 4521 3100 4576 maledicunt
3127 4521 3233 4575 diei
3262 4518 3370 4592 (ὅ),
3397 4520 3598 4589 quique

334 4612 597 4684 fugientes
626 4616 818 4680 lucem,
845 4618 1051 4687 privata
1085 4633 1149 4670 ne
1192 4627 1489 4687 arguantur
1519 4630 1709 4685 opera,
1742 4615 1969 4671 aliorum
1999 4616 2263 4672 insultant
2311 4615 2586 4686 operibus.
2615 4615 2733 4682 Quo
2764 4624 2923 4686 pacto
2955 4617 3140 4684 itaque
3183 4614 3295 4671 tam
3332 4616 3598 4671 diuturnm

331 4711 499 4781 quieti
538 4711 836 4766 valedicere
866 4728 970 4765 non
1011 4711 1201 4766 timet?
1226 4712 1406 4776 Quare
1432 4711 1629 4765 nedum
1652 4709 1942 4776 lucentem,
1967 4710 2060 4764 sed
2083 4717 2401 4780 arguentem
2421 4709 2584 4764 audet
2610 4708 2759 4765 hisce
2788 4709 3122 4779 temporibus
3149 4710 3365 4782 aperire
3391 4711 3594 4767 verita-

333 4811 474 4867 tem?
500 4810 773 4878 Quantum
802 4810 988 4878 capio,
1016 4819 1376 4880 protopraeses
1422 4809 1810 4873 illustrissime,
1843 4809 1986 4864 idem
2016 4824 2125 4879 quo
2153 4823 2286 4863 usus
2310 4816 2394 4864 est
2421 4808 2548 4862 dttm
2574 4807 2627 4862 in
2665 4807 2803 4863 vivis
2829 4816 3038 4878 ageret,
3063 4822 3208 4863 nunc
3232 4807 3399 4863 etiam
3442 4805 3597 4861 adhi-

328 4907 456 4963 bere
481 4907 766 4964 consilium
799 4907 948 4962 ducit
994 4916 1374 4978 opportunum.
1422 4909 1557 4963 Dum
1603 4909 1807 4964 etenim
1843 4906 1993 4977 operi
2034 4907 2267 4976 cuipiam
2309 4912 2610 4961 extremam
2656 4919 2877 4960 manum
2915 4904 3294 4973 imposuisset,
3326 4902 3596 4970 velletque

344 4998 459 5052 uris
483 4998 661 5053 facere
707 4996 930 5066 publici,
965 4996 1097 5050 nihil
1126 4998 1310 5053 habuit
1357 4999 1632 5069 antiquius
1669 5015 1831 5068 quam
1863 5007 1923 5053 ut
1954 5013 2238 5068 procerum
2281 4997 2495 5051 animos
2523 4996 2627 5051 sibi
2663 4995 2985 5061 devinciret,
3033 5003 3405 5065 patronosque
3441 4992 3588 5049 omni

328 5082 432 5137 ﬁde
460 5085 691 5153 majores
718 5096 830 5140 suae
850 5093 1197 5153 compararet
1223 5086 1502 5151 doctrinae,
1528 5102 1653 5156 qua:
1683 5087 1834 5153 (licet
1863 5084 1963 5142 SS.
1991 5085 2215 5141 Patrum
2260 5085 2478 5156 scriptis
2497 5085 2721 5143 omnino
2760 5084 3127 5152 consentiens,
3158 5085 3302 5154 quod
3334 5082 3458 5138 altis
3486 5082 3596 5137 ha:-

330 5181 508 5228 rentes
547 5174 820 5233 radicibus
857 5194 1095 5245 errores,
1136 5196 1317 5236 mores
1355 5196 1642 5251 perversos
1669 5198 1735 5237 ac
1762 5181 2003 5237 nefarios
2032 5198 2164 5237 usus
2190 5182 2494 5252 impeteret)
2518 5196 2675 5252 passa
2696 5191 2841 5236 esset
2863 5179 3185 5251 periculum,
3223 5178 3277 5234 ni
3309 5179 3584 5250 prodeun-

329 5270 435 5314 tem
467 5262 750 5319 sublimior
782 5276 953 5323 tutata
986 5270 1171 5326 fuisset
1200 5272 1519 5326 auctoritas.
1563 5272 1703 5338 Quid
1751 5287 1884 5342 ergo
1932 5273 2130 5328 mirum
2159 5273 2205 5329 si
2233 5282 2416 5328 nostra
2440 5273 2545 5328 hac
2577 5273 2689 5342 ipsa
2719 5277 3035 5340 tempestate
3069 5270 3281 5326 nonnisi
3312 5268 3589 5339 cujusdam

326 5350 556 5405 vindicis
612 5354 862 5409 acerrimi
893 5358 1387 5429 sapientissimique
1415 5361 1583 5415 fretus
1617 5361 1875 5429 auspiciis
1916 5362 1969 5418 in
2015 5363 2289 5431 publicum
2318 5362 2536 5433 prodire
2564 5362 2829 5439 detrectat
2852 5361 2877 5415 ?
2900 5361 3099 5417 Verum
3125 5362 3403 5418 enimvero
3431 5374 3589 5431 quem

401 5512 475 5584 (Ι)
514 5512 680 5584 Ereti.
719 5530 828 5576 xu,
864 5516 951 5569 i7.

411 5582 451 5637 ’2
516 5582 705 5637 Matth.
740 5601 862 5638 xm.

395 5584 474 5725 23;
511 5653 610 5706 Job
643 5670 727 5718 ιιι,
758 5654 811 5708 8.

418 5653 473 5716 ὅ)
511 5653 610 5706 Job
643 5670 727 5718 ιιι,
758 5654 811 5708 8.

760 5745 1033 5805 Parnm.
1078 5744 1281 5813 CLVI.
