4062 6354
487 348 546 404 Π
1234 344 1293 400 ν.
1327 342 1723 401 GUIBERTUS
1763 340 1980 397 ABBAS
2019 342 2075 395 S.
2120 339 2358 399 MARIJE
2407 341 2493 396 DE
2534 341 2948 398 NOVIGENTO.
3673 349 3743 403 ιε

473 460 678 516 amabo
703 459 1062 516 strenuiorem
1094 466 1146 514 te
1168 459 1658 528 sapientioremque
1698 456 1969 511 desideret
1994 454 2383 530 solertissimus
2417 456 2623 511 abbas?
2656 457 2839 527 Neque
2879 475 3040 531 porro
3075 461 3127 514 in
3169 473 3269 513 nac
3299 459 3742 529 gravissimorum

473 566 789 624 temporum
819 551 1075 624 procella,
1109 551 1197 606 ubi
1247 550 1522 605 anxiferas
1560 549 1944 619 Amplitudinis
1995 546 2123 600 Tuae
2153 561 2313 600 curas
2359 546 2624 614 advertit,
2657 550 2852 618 quibus
2895 566 3004 606 non
3052 550 3210 605 modo
3257 549 3576 619 reciprocati
3604 549 3756 620 juris-

466 645 891 703 -controversias
915 644 1279 712 clientutnque
1306 657 1396 697 res
1422 643 1587 713 geris,
1604 643 1698 697 sed
1721 641 1958 696 universi
1982 654 2196 709 quoque
2212 640 2364 708 regni
2394 643 2654 711 prospicis
2685 643 2867 710 saluti,
2900 660 3192 715 suspensus
3221 645 3389 700 haeret
3421 644 3525 700 tuis
3552 644 3748 700 sistere

483 753 542 794 se
571 737 873 800 liminibus;
909 747 1082 804 neque
1109 732 1254 789 lasso
1283 733 1558 802 negotium
1606 731 1878 786 facessere
1911 738 2160 794 veretur;
2193 729 2238 783 si
2267 729 2486 798 quidem
2521 745 2629 800 quo
2657 732 2820 802 pollet
2846 735 3044 804 ingenii
3091 734 3294 789 lumine
3334 742 3386 789 te
3425 734 3575 789 novit
3599 735 3747 788 omni

483 835 538 882 et
558 826 725 881 animi
755 834 810 880 et
833 823 1028 876 virium
1063 821 1414 877 contentione
1441 821 1775 891 superiorem
1798 820 2038 876 evasisse
2071 834 2084 872 :
2125 819 2282 874 scivit
2311 827 2583 876 tantorum
2620 828 2960 893 negotiorum
3006 824 3149 880 mole
3172 824 3428 891 recreari,
3471 839 3748 896 nunquam

487 933 617 974 vero
643 917 870 988 deprimi
897 917 1316 973 inviCtissimum
1337 916 1516 971 Mona.

550 1008 750 1065 Nactus
780 1007 947 1079 igitur
983 1008 1204 1062 heroem
1225 1005 1606 1070 clarissimum,
1639 1004 1814 1058 virum
1841 1001 2119 1058 Themidis
2151 1001 2205 1056 in
2236 1002 2431 1058 throno
2456 1002 2809 1072 residentem,
2832 1014 2993 1077 atque
3021 1007 3156 1062 adeo
3178 1007 3592 1075 praesidentem;
3623 1022 3747 1064 cum

463 1099 698 1170 eingenii'
714 1099 799 1154 sui
847 1097 961 1153 fetu
987 1095 1274 1166 multiplici
1313 1095 1535 1151 liberius
1565 1094 1702 1149 redit
1725 1093 1790 1148 ad
1814 1094 1978 1148 vitam
2015 1101 2105 1147 tua
2133 1091 2297 1146 tutela
2327 1091 2428 1146 sibi
2459 1102 2734 1162 superstes
2758 1093 3080 1161 Guiberws;
3111 1103 3163 1150 et
3195 1095 3298 1150 sibi
3327 1094 3548 1164 suisque
3569 1096 3749 1166 operi-

461 1191 599 1256 bus,
640 1197 695 1244 te
723 1201 980 1258 supremo
1005 1185 1195 1242 Judice
1228 1185 1404 1241 lucem
1453 1185 1663 1240 reddita
1721 1197 2049 1255 magnopere
2074 1181 2396 1252 gratulatur.
2428 1181 2545 1249 Qua
2578 1183 2630 1237 in
2667 1199 2726 1238 re
2762 1183 3006 1253 profecto
3039 1184 3181 1239 haud
3211 1193 3292 1238 est
3317 1182 3599 1238 Guibertus
3629 1183 3766 1238 vul-‘

459 1275 596 1346 gari
627 1274 912 1346 prudentia
950 1273 1232 1344 prmditus,
1256 1275 1346 1342 qui
1377 1273 1479 1328 sub
1509 1272 1668 1344 hujus
1701 1271 1997 1342 aequissimi
2033 1269 2278 1340 przesidis
2303 1269 2488 1327 infulis
2531 1271 2869 1329 solummodo
2892 1288 2950 1330 se
2979 1283 3150 1329 tutum
3175 1273 3474 1340 existimat,
3501 1274 3554 1328 in
3593 1273 3749 1342 cujus

481 1365 804 1434 patrocinio,
833 1365 879 1421 si
905 1364 1134 1430 viveret,
1173 1373 1512 1430 versaretur;
1563 1363 1670 1418 imo
1701 1360 1961 1433 singulari
1988 1361 2254 1430 sapientia
2281 1359 2600 1429 illustratus,
2623 1361 2714 1432 qui
2735 1362 2805 1418 ob
2842 1364 3197 1434 quorumdam
3239 1363 3466 1419 livorem
3492 1363 3557 1419 de
3579 1376 3745 1420 causa

493 1454 512 1492 ί
517 1467 643 1508 nam

1080 1559 1220 1605 stant
1252 1550 1373 1605 belli
1401 1567 1576 1606 causa:
1609 1550 1722 1623 [4])

476 1647 728 1703 nonninit
748 1651 1136 1719 deprecaturus
1157 1649 1297 1719 apud
1327 1647 1573 1704 Molaeum
1602 1664 1822 1705 causam
1857 1647 2088 1705 collocat
2109 1662 2176 1704 ne
2204 1649 2380 1705 cadat.
2414 1648 2546 1716 Quis
2576 1649 2720 1704 enim
2746 1649 2915 1718 jltdicl
2953 1662 3226 1718 supremo,
3255 1648 3542 1717 eidemque
3562 1643 3750 1716 justis-

477 1742 620 1798 simo
662 1743 863 1798 audeat
897 1743 1208 1816 refragari?
1244 1743 1301 1800 Si
1333 1743 1639 1799 Gut‘bertum
1665 1744 1865 1801 nullius
1890 1759 2041 1800 reum
2071 1744 2377 1811 arbitreris,
2411 1745 2596 1800 insons
2625 1745 2763 1810 erit;
2787 1744 2833 1799 si
2873 1752 2978 1800 tuae
3009 1751 3263 1813 acceptus
3292 1743 3453 1797 fuerit
3481 1741 3746 1812 aequitati,

476 1837 668 1892 aemula
713 1838 928 1895 virtutis
983 1839 1185 1894 invidia
1221 1840 1301 1895 vel
1338 1840 1580 1910 proderit
1622 1839 1705 1895 vel
1749 1839 1966 1896 nocebit
2005 1840 2160 1907 nihil,
2204 1840 2403 1912 quippe
2433 1841 2486 1895 id
2516 1850 2691 1894 ratum
2722 1839 2943 1910 suisque
2990 1838 3296 1894 absolutum
3323 1836 3564 1890 numeris
3590 1835 3750 1890 facile

476 1929 671 1998 cuique
699 1933 998 2000 videbitur,
1015 1933 1104 1990 ubi
1125 1933 1382 1991 acerrimi
1405 1933 1818 2005 praesesjudicii
1842 1949 1940 1989 suo
1965 1935 2184 2006 dignum
2211 1950 2437 1991 assensu
2469 1944 2525 1991 et
2553 1936 2770 1990 nomine
2797 1934 3185 2004 comprobarit.
3214 1932 3364 1988 Felix
3393 1931 3579 2000 utique
3605 1931 3749 2000 quod

477 2025 637 2080 talem
665 2037 950 2097 patronum
979 2028 1326 2098 compererit,
1359 2029 1450 2099 qui
1474 2030 1805 2098 totus'regiis
1843 2030 2184 2100 publicisque
2224 2033 2386 2086 rebus
2430 2031 2677 2086 addictus
2717 2029 3012 2084 maximam
3043 2037 3290 2082 autumat
3335 2026 3671 2090 felicitatem,
3701 2025 3748 2079 si

478 2124 652 2170 totum
683 2133 741 2172 se
767 2116 820 2170 in
855 2120 1068 2175 tuendis
1093 2121 1323 2176 eruditis
1345 2122 1501 2188 viris,
1530 2131 1583 2177 et
1613 2122 1848 2178 maxime
1874 2123 2166 2179 arctiorem
2193 2125 2358 2179 vitam
2385 2123 2806 2193 profitentibus,
2837 2121 3191 2176 libentissime
3212 2118 3745 2188 oﬂ‘erat,-impendat.

475 2204 567 2261 Sic
593 2216 866 2262 mortuum
897 2208 1146 2264 laudibus
1173 2208 1340 2266 effero
1369 2211 1694 2279 antistitem,
1719 2213 1813 2283 qui
1841 2228 1902 2268 se
1929 2228 2136 2283 suaque
2156 2223 2277 2269 avet
2304 2213 2499 2270 oll‘erre
2525 2215 2662 2269 bene
2717 2214 2983 2283 beateque
3008 2211 3231 2276 viventi,
3249 2209 3600 2278 omniumque
3618 2206 3744 2276 jura

476 2299 700 2364 videnti,
730 2299 910 2368 legum
937 2301 1195 2356 antistiti.
2647 2301 2803 2306 ww“
2833 2301 2835 2303 1
2981 2299 2985 2302 ’
3150 2307 3158 2313 ’
3367 2367 3402 2375 η

544 2391 708 2447 Vides
737 2391 924 2463 igitur,
956 2394 1213 2464 princeps
1243 2404 1464 2450 senatus
1493 2396 1884 2463 oculatissime,
1918 2413 2016 2453 cur
2046 2399 2099 2454 in
2127 2407 2296 2462 tuum,
2326 2398 2455 2468 quin
2485 2398 2779 2468 etjustitiaa
2812 2398 3016 2462 sinum,
3048 2411 3106 2452 se
3127 2395 3356 2465 recipiat
3385 2395 3552 2449 abbas
3577 2391 3742 2449 Novi-

471 2483 742 2552 gentinus.
771 2483 932 2539 Vides
955 2499 1053 2540 cur
1080 2499 1139 2541 se
1169 2485 1266 2541 tibi
1300 2487 1458 2541 unice
1479 2488 1657 2553 sistat,
1689 2505 1786 2544 cur
1826 2489 1880 2543 in
1908 2505 2148 2558 purpura
2177 2499 2266 2544 tua
2289 2489 2452 2544 decus
2477 2490 2702 2554 ambiat,
2737 2504 2834 2543 cur
2861 2488 3242 2542 auctoritatem
3276 2486 3328 2540 in
3358 2494 3447 2539 tua
3478 2483 3744 2553 sapientia

471 2583 700 2645 quaerat,
728 2590 827 2631 cur
859 2584 1008 2631 tuum
1036 2591 1232 2633 nomen
1281 2580 1334 2632 in
1382 2593 1607 2647 operum
1644 2595 1864 2634 suorum
1903 2579 2080 2635 fronte
2121 2580 2398 2649 deposcat.
2436 2579 2637 2633 Rursus
2672 2597 2789 2633 cum
2823 2596 2920 2634 suo
2947 2580 3090 2633 cultu
3139 2577 3250 2632 orbi
3277 2577 3514 2631 universo
3545 2575 3744 2629 revivi-

471 2683 615 2720 scere
647 2677 892 2735 conatur,
919 2677 967 2722 et
992 2669 1286 2723 rescindere
1311 2669 1634 2739 sepulturam
1656 2688 1830 2736 suam,
1863 2672 2100 2726 tenebras
2123 2672 2223 2742 (5).
2263 2671 2462 2738 Quidni
2501 2686 2558 2726 se
2587 2672 2652 2725 ad
2682 2671 2848 2726 solem
2866 2671 3013 2726 orbis
3035 2669 3222 2725 Gallici
3261 2669 3403 2724 illico
3429 2665 3747 2723 convertat?

474 2756 656 2812 Solem
695 2757 904 2826 dixero,
934 2758 1026 2829 qui
1059 2768 1137 2814 tot
1177 2769 1418 2830 augustae
1453 2772 1762 2816 senatorum
1796 2775 2012 2818 coronae
2041 2762 2219 2816 sidera
2259 2760 2432 2816 oculat
2465 2760 2581 2831 (6);
2611 2776 2770 2832 quem
2821 2770 2901 2818 tot
2927 2761 3090 2816 etiam
3121 2760 3403 2831 purpurati
3433 2759 3622 2814 Patres
3650 2755 3747 2812 de-

465 2848 749 2903 ‘tnirantur
776 2865 790 2902 :

977 2940 1256 3012 Solemque
1282 2958 1458 3010 suum,
1484 2959 1581 2997 sua
1611 2945 1786 2998 sidera
1815 2953 2008 2998 norunt
2047 2943 2158 3014 (7);

491 3057 677 3127 sicque
704 3069 755 3114 te
787 3058 1086 3128 judicante,
1118 3069 1170 3115 te
1193 3057 1440 3128 iubente,
1471 3061 1644 3116 oritur
1668 3070 1726 3114 ut
1750 3059 1967 3115 Lucifer
1995 3074 2268 3129 nunquam
2299 3073 2558 3128 passurus
2586 3057 2851 3128 eclipsim,
2881 3056 3078 3113 nedum
3108 3070 3388 3112 occasum.

531 3150 644 3204 -Sin
673 3164 806 3205 vero
829 3150 1100 3220 (quamvis
1140 3148 1440 3219 plene‘suis
1464 3151 1516 3204 in
1545 3150 1766 3220 scriptis
1788 3163 2011 3204 causam
2041 3149 2381 3218 peroraverit
2409 3147 2585 3214 suam)
2627 3147 2918 3203 sciolorum
2949 3161 3238 3202 censuram
3276 3144 3657 3215 pertimescat,
3689 3145 3744 3198 in

479 3238 678 3308 quibus
705 3239 988 3308 plurimum
1019 3239 1259 3302 malitite,
1291 3241 1561 3309 sapientia
1588 3257 1776 3309 parum
1813 3239 1922 3310 (8);
1949 3239 2142 3307 ecquid
2169 3239 2364 3293 mirum
2392 3239 2434 3292 si
2463 3247 2514 3292 te
2543 3238 2778 3308 appellet
2805 3237 3156 3294 scientiarum
3188 3236 3430 3291 omnium
3455 3234 3743 3300 ollicinam,

477 3312 775 3384 intellectus
799 3330 1018 3384 humani
1065 3329 1248 3396 ﬁnem,
1273 3331 1638 3400 perfectionem
1667 3341 1714 3385 et
1741 3333 2022 3385 terminum
2055 3330 2239 3401 (9),-et
2267 3331 2412 3400 quod
2453 3344 2548 3384 res
2566 3329 2828 3400 postulat,
2853 3327 3095 3399 judicent
3123 3327 3745 3398 reos._severissimepu-

479 3418 716 3473 nientem
732 3418 756 3472 ?

546 3508 670 3563 Περ
695 3507 763 3563 ad
795 3509 1032 3564 votivum
1063 3523 1261 3564 munus
1307 3507 1568 3565 Guiberto
1603 3509 1722 3578 plus
1752 3509 1885 3564 satis
1928 3523 2049 3565 esse
2076 3510 2421 3576 videbantur,
2453 3519 2812 3580 protopraeses
2843 3509 3198 3580 amplissime,
3226 3508 3355 3564 licet
3386 3510 3537 3564 illum
3559 3525 3744 3565 causa:

460 3596 758 3664 .permultze
806 3597 1076 3652 moverint
1101 3611 1255 3667 atque
1300 3612 1513 3667 graves.
1564 3597 1727 3651 Movit
1754 3599 2020 3665 imprimis
2053 3607 2139 3652 tua
2171 3599 2223 3652 in
2261 3598 2428 3652 Deum
2466 3599 2656 3669 religio
2694 3598 3008 3670 singularis,
3054 3598 3192 3653 mira
3239 3598 3474 3668 justitia,
3507 3597 3748 3653 caelestis

467 3687 850 3758 temperantia.
876 3688 1108 3757 Religio,
1136 3703 1242 3759 qua
1272 3689 1381 3744 Deo
1421 3689 1749 3754 obstrictus,
1783 3689 2061 3760 religatus,
2094 3691 2270 3762 ipsum
2301 3691 2488 3745 intima
2520 3699 2701 3747 mente
2742 3691 3040 3754 veneraris,
3089 3690 3369 3759 sequeris;
3403 3699 3458 3746 et
3501 3705 3630 3760 qua,
3666 3702 3748 3745 ut-

471 3788 596 3849 pote
622 3780 834 3850 primus
859 3795 1126 3852 suprema:
1159 3779 1326 3835 curiae
1362 3794 1584 3849 praeses,
1621 3780 1721 3849 ipsi
1771 3781 1975 3836 cultum
2008 3790 2263 3851 tanquam
2290 3782 2467 3852 primo
2493 3797 2674 3837 rerum
2702 3782 2944 3838 omnium
2975 3781 3264 3852 principio,
3299 3781 3518 3838 excelso
3561 3784 3748 3837 animo

474 3871 896 3942 haudquaquam
937 3871 1143 3926 desinis
1182 3870 1461 3926 exhibere.
1495 3870 1745 3936 Justitia,
1777 3886 1883 3941 qua
1928 3887 2199 3928 summum
2222 3873 2312 3941 jus
2337 3875 2388 3928 in
2415 3875 2643 3944 teipsqu
2670 3889 2955 3941 exercens,
2987 3889 3202 3929 summo
3238 3871 3415 3928 .ludici
3441 3882 3493 3930 te
3544 3883 3747 3948 tuaque

471 3961 655 4015 omnia
690 3960 884 4016 refers.
908 3960 1316 4032 Temperantia,
1351 3976 1459 4030 qua
1512 3975 1725 4016 summo
1751 3975 1928 4016 rerum
1966 3962 2212 4029 Domino,
2248 3963 2574 4030 dominium,
2613 3979 2720 4034 quo
2743 3965 2844 4021 sub
2889 3980 3016 4035 rege
3045 3965 3238 4036 polles,
3269 3965 3533 4033 demittis,
3554 3982 3746 4038 parum

471 4058 577 4114 est,
606 4049 903 4107 submittis.

543 4141 909 4208 Quamobrem
939 4157 1045 4198 non
1077 4143 1240 4209 mihi,
1266 4157 1374 4199 non
1406 4145 1688 4208 Guinerto,
1715 4143 1811 4198 sed
1855 4143 2145 4202 virtutibus
2174 4147 2278 4202 tuis
2325 4145 2490 4202 debes
2527 4148 2670 4216 quod
2701 4147 2869 4202 abbas
2896 4162 2953 4203 se
2981 4148 3077 4203 tibi
3110 4147 3406 4216 devoveat,
3431 4152 3524 4221 qui
3554 4162 3606 4207 te
3636 4151 3746 4207 Deo

473 4239 654 4289 totum
682 4233 979 4303 devovisti;
1030 4235 1193 4291 debes
1247 4235 1393 4306 quod
1413 4234 1638 4305 supplex
1666 4234 2040 4305 Nongentiuus
2070 4239 2137 4293 ad
2173 4238 2399 4308 justitia:
2441 4249 2545 4294 tua:
2585 4240 2805 4294 oracula
2838 4249 3099 4304 recurrat,
3129 4241 3218 4310 qui
3245 4240 3377 4308 justi
3411 4241 3619 4300 Judicis
3646 4259 3746 4298 au-

459 4326 715 4384 :ctorltati
744 4328 926 4384 omnia
976 4327 1198 4394 debere,
1229 4327 1488 4398 vicesque
1531 4341 1722 4398 gerere
1752 4327 2064 4397 profiteris;
2123 4331 2288 4386 debes
2352 4332 2494 4401 quod
2540 4339 2786 4387 mortuus
2827 4332 3021 4387 iterum
3053 4347 3150 4402 per
3181 4341 3234 4388 te
3278 4332 3602 4403 reviviscat;
3649 4334 3743 4405 qui

458 4420 716 4474 animum
752 4429 903 4475 tuum
933 4419 1060 4475 vitae
1085 4428 1140 4475 et
1167 4419 1318 4476 necis
1347 4418 1558 4473 auctori
1586 4417 1696 4473 Deo
1718 4417 2046 4488 jampridem
2071 4422 2424 4476 consecrasti.

539 4510 708 4566 Movit
738 4520 829 4566 tua
866 4510 920 4566 in
944 4524 1128 4581 regem
1157 4517 1212 4564 et
1253 4507 1492 4578 patriam
1532 4507 1704 4576 pietas
1752 4508 1976 4572 eximia,
2010 4523 2174 4577 quam
2203 4509 2502 4578 religionem
2534 4509 2776 4563 secunda:
2818 4509 3110 4577 ntajeslalt's
3134 4510 3424 4578 appellavit
3454 4511 3742 4568 Tertullia-

474 4613 576 4654 nus
603 4598 716 4669 (10)
752 4616 764 4652 :
801 4607 860 4654 ut
905 4613 1092 4653 verum
1137 4597 1210 4652 sit
1259 4597 1404 4666 quod
1443 4595 1578 4652 nihil
1609 4596 1777 4652 haece
1824 4604 1914 4650 tua
1947 4597 2148 4667 pietate
2183 4597 2579 4667 praecellentius
2627 4597 2733 4653 dici
2781 4607 2876 4651 aut
2929 4598 3225 4669 excogitari
3265 4611 3459 4671 queat;
3507 4605 3623 4674 ipsa
3662 4613 3747 4661 est

467 4693 613 4747 enim
655 4706 976 4762 quarrerum
1005 4691 1280 4748 labantem
1308 4698 1511 4746 statum
1542 4690 1686 4745 inter
1717 4699 1796 4745 tot
1843 4690 1994 4746 necis
2023 4689 2338 4745 discrimina
2368 4691 2619 4756 erexisti,
2661 4689 2972 4755 succolasti,
3006 4691 3313 4758 roborasti;
3364 4697 3480 4764 ipsa
3509 4706 3593 4753 est
3637 4713 3742 4767 qua

468 4787 748 4843 inﬂexibili
779 4788 1012 4843 humero
1051 4795 1257 4842 tantam
1284 4797 1465 4840 rerum
1499 4785 1777 4841 sustinens
1806 4784 2035 4850 molem,
2065 4785 2348 4839 immotum
2383 4783 2574 4839 Galliae
2621 4798 2843 4853 regnum
2898 4784 3200 4850 reddidisti,
3246 4796 3432 4857 utpote
3485 4799 3743 4845 constan-

471 4880 678 4936 tissime
707 4879 984 4937 Sull'ultum
1015 4878 1176 4948 hujus
1201 4886 1303 4932 tuae
1329 4876 1547 4947 pietatis
1573 4885 1731 4946 partu
1765 4876 1982 4946 triplici,
2024 4875 2129 4930 fide
2161 4875 2434 4940 nimirum,
2471 4875 2771 4929 constantia
2800 4875 3194 4944 prudentiaque
3227 4877 3373 4932 velut
3400 4879 3744 4936 solidissimis

470 4972 755 5027 columnis.
787 4971 913 5026 lude
933 4971 998 5024 tit
1029 4979 1088 5025 ut
1125 4985 1229 5025 non
1263 4977 1408 5024 tuam
1447 4969 1734 5036 duntaxat,
1755 4969 1861 5024 sed
1892 4968 2219 5024 immortalis
2248 4968 2520 5021 memoriae
2549 4966 2802 5022 Ludovici
2831 4967 2971 5021 Justi
3008 4969 3351 5036 prudentiam
3392 4969 3690 5026 demiretur
3724 4990 3738 5024 :

472 5065 631 5129 hanc,
657 5074 710 5120 te
740 5081 862 5119 cum
894 5077 1164 5119 summum
1203 5070 1424 5118 senatus
1462 5062 1765 5132 principem
1805 5059 2057 5131 elegerit;
2108 5059 2273 5124 illam,
2302 5073 2425 5112 cum
2460 5067 2653 5113 cuncta
2682 5057 2908 5144 solerter
2934 5058 3134 5129 egeris.
3163 5058 3242 5114 Te
3284 5074 3374 5115 rex
3409 5060 3464 5115 in
3509 5061 3744 5118 dicundo

541 5240 875 5316 (“uincit-1.
907 5265 1001 5304 vtt.

540 5319 597 5386 (5
663 5318 869 5373 Tertul.
906 5321 979 5374 De
1007 5329 1297 5375 resurrect.
1329 5333 1507 5382 carn.,
1538 5334 1589 5372 c.
1620 5317 1705 5370 1'2.

544 5320 626 5456 (ὃς
668 5388 879 5442 Trebel.
916 5391 968 5444 in
995 5390 1206 5455 Claud.;
1243 5390 1382 5444 Plin.
1412 5390 1504 5443 lib.
1549 5404 1705 5441 χχχιι

544 5385 626 5456 (6)
668 5388 879 5442 Trebel.
916 5391 968 5444 in
995 5390 1206 5455 Claud.;
1243 5390 1382 5444 Plin.
1412 5390 1504 5443 lib.
1549 5404 1714 5441 xxxiv

541 5458 615 5528 (7)
656 5459 868 5513 zEneid.
897 5476 967 5514 Vt.

540 5529 617 5596 (8)
660 5529 718 5584 S.
758 5529 1084 5584 Bernardus.

542 5600 619 5666 (9)
659 5603 946 5656 Averroes.
982 5603 1055 5654 De
1087 5601 1250 5654 Arist.
1284 5616 1342 5652 ιιι
1377 5601 1442 5655 de
1471 5598 1671 5651 anima.

540 5671 655 5741 (lO)
697 5672 1004 5742 Apologct.,
1037 5686 1083 5724 c.
1119 5671 1198 5726 '55.
