4062 6354
305 390 372 446 15
1369 385 1900 446 PROLEGOMENA.
1940 417 2009 427 —
2047 387 2435 446 PREFATIO.
3480 398 3546 452 η

302 504 423 573 jure
449 516 680 573 quantus
708 515 769 558 es
790 499 1000 568 effecit;
1028 508 1082 555 tu
1110 500 1162 556 in
1188 514 1369 572 regem
1396 509 1690 570 natumque
1711 500 1827 571 ejus
1854 499 2117 570 optimum
2132 499 2469 556 Ludovicum
2493 499 2725 558 feliciter
2744 510 3081 575 regnantem,
3102 505 3351 566 exsulato
3381 507 3543 568 feroci

304 595 638 661 discrimine,
661 603 986 665 potestatem
1013 594 1283 651 refudisti.
1308 593 1516 664 Sicque
1546 610 1643 664 per
1670 604 1722 649 te
1755 593 1849 664 qui
1875 608 2213 664 nequaquam
2254 609 2389 675 esse,
2413 594 2667 663 desierat,
2695 598 3088 668 quodammodo
3115 600 3279 657 tutius
3298 617 3393 658 rex
3422 603 3545 673 fuit,

300 694 539 765 quando,
565 690 851 762 metropoli
880 689 1126 747 Francia:
1175 705 1277 746 suo
1322 689 1612 746 conciliata
1658 689 1914 761 principi,
1955 704 1987 744 a
2023 703 2134 760 quo
2180 688 2404 759 minime
2426 689 2724 758 exciderat,
2750 691 2946 748 throno
2985 692 3179 753 melius
3201 695 3375 754 asseri
3398 698 3548 757 visus

300 796 408 845 est.

370 884 442 938 At
464 881 679 937 aliunde
707 881 751 936 si
774 878 1093 936 Guibertum
1123 879 1330 945 foveas,
1359 879 1403 935 si
1433 879 1635 949 fulgeat
1676 895 1729 934 In
1751 886 1871 934 ortu
1893 892 2021 944 suo,
2054 886 2108 935 te
2129 879 2376 948 juoente,
2417 893 2542 949 quia
2571 887 2753 935 noster
2776 888 2878 945 est,
2906 896 3014 938 non
3045 898 3215 954 magis
3250 898 3357 955 qua
3387 886 3464 943 sis
3493 885 3548 942 in

299 979 553 1035 abbatem
582 977 744 1032 istum
773 973 1169 1041 benevolentia,
1196 988 1358 1043 quam
1388 973 1762 1029 incredibilem
1788 987 1919 1050 erga
1947 988 2034 1028 me
2063 973 2452 1044 universosque
2497 976 2931 1047 congregationis
2967 976 3024 1033 8.
3054 979 3227 1047 Mauri
3246 981 3549 1040 Benedicti-

301 1087 401 1128 nos
433 1072 833 1128 humanitatem
865 1068 1188 1125 declarabis.
1214 1068 1283 1123 Et
1310 1083 1438 1124 vero
1462 1083 1626 1137 quam
1657 1068 1859 1137 liquido
1876 1067 1991 1139 jam
2023 1069 2222 1125 dudum
2251 1069 2639 1137 declaraveris,
2664 1086 2771 1127 non
2806 1081 2893 1128 est
2920 1087 3078 1142 quem
3104 1076 3291 1149 fugiat.
3324 1078 3548 1150 Accepi-

302 1178 441 1227 mus,
466 1177 670 1234 praeses
701 1163 1114 1230 humanissime,
1143 1178 1262 1233 quae
1287 1163 1493 1218 fuerint
1525 1162 1745 1218 familia:
1770 1171 1967 1218 nostrae
1987 1179 2086 1233 per
2102 1162 2336 1220 Galliam
2364 1165 2539 1232 initia,
2572 1164 2886 1235 inspicimus
2912 1180 3033 1236 quae
3058 1169 3167 1223 sint
3188 1171 3545 1240 incrementa,

286 1260 942 1330 .suspicimusutrumque
980 1259 1301 1323 beneﬁcium
1347 1259 1759 1329 congregationi
1812 1267 2011 1315 nostra:
2050 1260 2120 1315 ab
2150 1258 2519 1330 Amplitudine
2548 1258 2661 1314 Tua
2710 1260 2904 1315 studiis
2933 1260 3165 1317 assiduis
3194 1260 3547 1330 impensum:

300 1359 589 1421 utrumque
612 1366 685 1407 ex
714 1363 804 1406 tua
833 1353 1166 1424 benignitate
1214 1354 1362 1408 velut
1386 1367 1453 1408 ex
1477 1351 1625 1407 fonte
1654 1353 1931 1409 uberrimo
1953 1353 2239 1419 scaturire,
2269 1368 2588 1423 perennare,
2620 1354 2775 1410 nobis
2803 1355 3146 1423 gratulantur
3172 1357 3417 1412 benevoli
3446 1372 3547 1413 nec

298 1444 467 1500 invidi
498 1454 718 1515 negant.
752 1443 834 1501 Tu
859 1460 1096 1516 namque
1125 1462 1247 1502 cum
1274 1447 1647 1518 procuratoris
1691 1446 1826 1517 regii
1856 1460 2080 1503 munere
2122 1448 2443 1519 fungereris,
2471 1464 2600 1504 cura
2632 1460 2944 1505 nascentem
2975 1450 3266 1520 excepisti;
3307 1448 3432 1504 inde
3454 1434 3547 1503 ubi

296 1535 366 1591 ad
395 1552 663 1595 summum
687 1538 918 1609 iustitia:
966 1544 1203 1599 tribunal
1250 1553 1342 1598 tua
1383 1553 1437 1600 te
1474 1544 1645 1599 virtus
1675 1543 1899 1609 extulit,
1929 1558 1997 1598 ne
2029 1550 2140 1598 tum
2175 1543 2393 1614 quidem
2426 1543 2694 1599 curatoris
2740 1557 2839 1613 pro
2878 1558 2941 1598 ea
2970 1552 3152 1612 partes
3180 1543 3421 1610 ‘exuisti;
3463 1551 3549 1599 ast

298 1633 488 1704 majori
519 1639 843 1694 auctoritate
877 1637 1209 1704 sull‘ulciens,
1238 1638 1639 1695 adolescentem
1660 1637 1845 1708 juvisti
1873 1638 2144 1708 praesidio,
2174 1638 2473 1694 obfirmasti
2492 1650 2690 1709 opera,
2710 1637 2835 1708 jure
2861 1637 3166 1708 protexisti.

363 1724 588 1798 insuper
621 1731 835 1800 placere
853 1736 962 1791 sibi
992 1735 1220 1792 mirifice
1252 1735 1619 1792 venerandam
1651 1744 1895 1789 veterum
1924 1735 2254 1803 scriptorum
2284 1733 2588 1790 doctrinam
2616 1747 2716 1803 pro
2745 1747 2842 1789 sua
2869 1746 2997 1804 erga
3017 1745 3208 1789 omnes
3238 1729 3557 1787 urbanitate!

295 1822 427 1877 mihi
458 1825 782 1896 signiﬁcavit
804 1831 1123 1903 'Amplitudo
1151 1830 1294 1897 Tua;
1331 1832 1460 1887 dum
1491 1831 1635 1886 enim
1666 1829 1948 1900 epistolam
1979 1827 2039 1885 8.
2063 1828 2325 1885 Barnabze
2362 1844 2395 1883 a
2422 1827 2891 1883 Menardonostro’
2910 1827 3252 1892 elucidatam,
3285 1834 3381 1882 tuo
3399 1825 3548 1881 dica-

290 1920 405 1968 tam
435 1919 660 1984 nomini,
688 1923 1027 1992 obtulissem,
1060 1926 1371 1983 scrutandis
1417 1926 1783 1992 bibliothecis,
1811 1925 2137 1995 antiquioris
2161 1925 2261 1981 aevi
2292 1923 2613 1981 doctoribus
2640 1939 2673 1980 e
2715 1924 2936 1996 pulvere
2963 1924 3292 1992 excitandis,
3332 1939 3403 1981 ac
3445 1937 3547 1980 suo

296 2011 646 2105 restituendis
680 2019 865 2087 nitori,
896 2031 983 2077 tua
1009 2024 1282 2094 prmluxit,
1306 2041 1427 2095 qua:
1459 2027 1591 2083 mihi
1643 2042 1858 2082 summa
1886 2034 1993 2091 est,
2042 2026 2359 2081 auctoritas.
2408 2022 2643 2080 Proinde
2687 2023 2919 2105 placebit
2946 2031 2999 2079 et
3040 2019 3238 2092 opella.
3268 2031 3432 2105 (ιυειιξ
3489 2016 3548 2071 ll

287 2100 518 2160 edendis
548 2108 1029 2170 observationibus
1048 2118 1577 2188 quantulamcunque
1598 2119 1855 2174 collocavi
1880 2135 1893 2183 ;
1930 2134 2035 2173 non
2066 2120 2207 2188 quod
2232 2118 2494 2174 Guiberto
2512 2118 2695 2173 lucem
2723 2104 2917 2174 aﬂ‘erre
2939 2106 3169 2188 queam,
3188 2118 3378 2171 verum
3398 2100 3551 2183 quod

291 2196 525 2255 nimium
557 2202 923 2273 splendorem,
966 2210 1057 2280 qui
1085 2211 1289 2268 debiles
1323 2212 1512 2269 forsan
1540 2214 1725 2270 oculos
1756 2214 2166 2284 pcrstringerct,
2197 2214 2464 2270 moderari
2511 2215 2973 2283 nteunquenitor.
3002 2207 3267 2270 Placebit,
3299 2204 3543 2273 inquam.

294 2296 483 2357 ulDote
509 2293 561 2348 in
594 2305 686 2353 tuo
714 2298 1065 2362 Bcnedictino
1096 2308 1532 2378 congregationis
1554 2307 1613 2362 S.
1652 2308 1819 2362 Mauri
1863 2307 1978 2363 solo
2007 2316 2119 2362 sata
2151 2316 2404 2377 nataque,
2430 2307 2497 2361 ad
2528 2316 2577 2362 te
2599 2306 2757 2379 pleno
2779 2322 2841 2362 ac
2865 2306 3033 2362 solido
3052 2305 3177 2375 jure
3206 2297 3545 2375 refunditur“;

294 2384 544 2444 nimirum
575 2391 726 2450 fundi
755 2398 1030 2455 dominum
1059 2412 1361 2472 sequuntur
1389 2402 1616 2458 fructus.
1644 2402 1882 2458 Placebit
1928 2403 2145 2457 tandem
2167 2417 2272 2456 non
2322 2400 2449 2471 quia
2477 2400 2644 2467 edidi,
2672 2402 2765 2456 sed
2792 2402 2915 2470 quia
2941 2399 3220 2475 iudicasti,
3243 2394 3545 2467 imperasti.

296 2478 414 2536 Tibi
436 2486 580 2542 enim
615 2489 759 2546 dedit
790 2493 931 2548 Dens
960 2512 1221 2549 summum
1250 2512 1421 2550 rerum
1451 2496 1737 2565 judicium,
1768 2496 1897 2550 mihi
1930 2496 2159 2566 obsequii
2184 2494 2355 2566 gloria
2393 2495 2574 2550 relicta
2621 2506 2696 2550 est
2727 2496 2859 2568 (ll).
2894 2494 3101 2550 Relicta
3135 2502 3217 2550 est
3246 2502 3303 2548 et
3336 2487 3547 2546 cunctis

286 2583 719 2652 congregationis
744 2598 942 2645 nostra
964 2590 1214 2655 alumnis,
1243 2591 1388 2659 quod
1408 2591 1649 2646 omnium
1677 2592 1819 2647 votis
1842 2590 2017 2647 defert
2044 2605 2106 2646 ac
2127 2590 2415 2661 proﬁtetur

820 2683 1189 2753 Amplitudiuis
1221 2684 1347 2739 Tute
1374 2686 1726 2741 deditissimus

2365 2781 2435 2837 'F.
2470 2780 2650 2837 Lucas
2687 2780 3045 2838 D‘ACHER'Y.

358 2887 473 2959 (ll)
516 2891 691 2947 Tacit.
724 2894 817 2950 lib.
858 2911 927 2961 vr,
956 2906 1077 2967 post
1103 2898 1339 2953 initium.

296 3024 3537 3061 mw

1652 3163 2208 3257 LECTORI.

354 3477 495 3531 Cum
543 3485 709 3533 multa
742 3492 861 3548 qua:
888 3477 977 3534 hic
1021 3477 1236 3549 praefari
1268 3486 1578 3548 oporteret,
1603 3479 1656 3533 in
1678 3480 1867 3535 obser-
1896 3475 1944 3528 Α
2039 3485 2491 3551 Commentarios,
2508 3502 2601 3543 seu
2627 3488 2911 3543 Moralium
2934 3482 3292 3546 Geneseostib.
3320 3488 3395 3559 Χ,
3414 3507 3549 3565 sup.

282 3566 597 3623 vationibus
615 3570 842 3634 attexui,
859 3584 963 3624 non
986 3577 1069 3624 est
1094 3568 1235 3640 quod
1250 3569 1462 3638 prolixo
1494 3577 1546 3624 te
1559 3569 1863 3640 proloquio,

278 3657 483 3713 Lector
503 3659 738 3725 erudite,
796 3660 1107 3716 distineam.
1164 3659 1288 3715 Haec
1318 3674 1490 3729 pauca
1522 3667 1573 3714 te
1605 3661 1868 3716 duntaxat

275 3751 652 3820 praemonebo.
703 3750 859 3819 Stepe
908 3760 966 3807 ct
1012 3750 1240 3806 multum
1297 3750 1439 3821 apud
1471 3764 1558 3805 me
1595 3751 1789 3807 dubius
1811 3761 1865 3807 et

284 3853 483 3908 anceps
526 3838 623 3901 fui,
655 3855 783 3895 num
816 3840 1058 3896 studium
1108 3847 1164 3896 et
1188 3854 1408 3910 operam
1440 3840 1495 3893 in
1516 3840 1738 3896 edendis
1764 3842 1867 3897 Ve-

278 3931 546 3988 nerabilis
567 3931 815 3988 Guiberti
831 3932 897 3988 de
912 3931 1212 4002 Novigento
1232 3929 1500 4002 Operibus
1515 3930 1862 3997 collocarem,

285 4036 481 4089 necne,
512 4031 670 4077 erant
715 4021 862 4079 enim
913 4031 968 4077 et
998 4036 1109 4091 prae
1137 4022 1387 4077 manibus
1417 4021 1743 4087 vetustiora;
1773 4022 1867 4076 ad-

279 4113 441 4170 fuere
496 4114 714 4169 interim
782 4113 881 4167 viri
932 4113 1204 4178 doctrina,
1251 4112 1516 4184 sapientia
1571 4120 1628 4168 et
1664 4113 1865 4183 pietate

286 4207 599 4272 clarissimi,
627 4206 954 4276 quibuscum
990 4206 1057 4262 de
1088 4206 1327 4275 antiquis
1372 4207 1685 4261 auctoribus
1716 4216 1868 4263 tene-

288 4297 403 4352 bris
456 4298 719 4353 hactenus
766 4295 1041 4351 obvolutis
1090 4293 1508 4359 confabulando,
1555 4295 1863 4351 incidissem

282 4388 343 4442 in
376 4386 659 4458 prtel‘atum
704 4388 978 4452 abbatem,
1032 4386 1213 4457 magni
1241 4371 1479 4441 A'nselmi
1504 4386 1861 4457 discipulum;

281 4478 464 4547 deque
489 4478 629 4535 illius
644 4479 924 4535 recondita
951 4478 1281 4542 litteratura,
1295 4478 1559 4546 doctrina,
1576 4478 1864 4535 verborum

290 4578 574 4625 venustate
619 4579 677 4627 et
716 4570 1049 4640 eloquentia,
1081 4583 1182 4625 nec
1207 4569 1375 4625 semel
1424 4584 1699 4626 sermones
1724 4570 1867 4627 ultro

281 4664 542 4732 citroque
561 4663 970 4725 habuissemus.
1022 4676 1109 4719 me
1130 4662 1451 4732 saepiuscule
1475 4662 1867 4733 compellarunt

289 4766 345 4817 et
372 4754 542 4825 aliqui
568 4764 694 4811 sunt
741 4756 1016 4821 obtestati,
1052 4764 1324 4826 quatenus
1359 4755 1696 4811 Bcnedictini
1726 4754 1867 4827 Ope-

288 4865 409 4904 rum
440 4847 591 4918 prelo
617 4846 1153 4912 committendorum,
1196 4846 1535 4918 provinciam
1565 4862 1665 4919 ego
1688 4847 1869 4905 Bene-

289 4942 528 4999 dictinus
556 4941 910 5011 susciperem.
942 4938 1183 5005 Quorum
1235 4938 1585 4995 suasionibus
1605 4939 1868 5009 impulsus

270 5034 355 5106 atad
377 5049 512 5105 opus
540 5042 780 5089 actutum
805 5046 891 5086 me
912 5031 1142 5087 libenter
1163 5030 1397 5093 accinxi,
1428 5030 1668 5100 pervolvi
1707 5032 1867 5086 sche-

280 5125 441 5179 ‘dulas
471 5124 904 5196 diligentissime,
932 5123 1177 5177 curiosos
1199 5121 1582 5190 antiquitatum
1607 5122 1863 5192 explora-

290 5224 433 5270 tores
447 5215 698 5280 conveni,
720 5229 912 5271 omnes
931 5212 1385 5268 bibliothecarum
1410 5212 1499 5282 (ad
1524 5228 1660 5282 quas
1688 5214 1865 5281 patuit

288 5306 488 5377 aditus)
516 5304 720 5361 forulos
748 5305 1069 5375 pluteosque
1123 5303 1322 5373 partim
1366 5302 1483 5371 ipse
1512 5302 1862 5371 perlustravi,

286 5398 486 5468 partim
544 5397 955 5467 perlustrandos
1008 5395 1235 5462 curavi;
1290 5402 1345 5449 et
1386 5394 1648 5464 quidquid
1673 5396 1859 5463 menti,

288 5490 433 5559 quod
479 5505 593 5545 rem
647 5490 787 5545 hanc
814 5489 1090 5544 illustrare
1110 5495 1316 5557 posset,
1342 5486 1605 5551 occurrit,
1638 5488 1862 5557 conqui-

286 5580 389 5635 sivi

362 5674 433 5728 Ac
461 5675 635 5744 primo
661 5675 876 5745 quidem
933 5672 1189 5738 libellum,
1225 5670 1500 5738 Quomodo
1532 5685 1701 5725 sermo
1745 5668 1855 5738 ﬁeri

286 5764 497 5832 debeat;

1966 3577 2226 3647 ‘peditavit
2255 3577 2586 3634 Bibliotheca
2612 3579 2802 3649 Regia.

2046 3665 2480 3737 Tropologiarum
2529 3668 2584 3722 in
2641 3668 2795 3734 Osee,
2841 3667 3000 3725 Amos
3048 3682 3093 3725 et
3124 3669 3544 3729 Lamentationes

1968 3756 2256 3823 iuremus,
2321 3759 2693 3829 apographum
2748 3761 3129 3833 perantiquum
3181 3763 3548 3834 (monasterii

1969 3846 2238 3916 quondam
2268 3847 2619 3905 Valcellensis
2641 3865 2802 3922 cong.
2831 3851 3210 3911 Cisterciensis
3236 3856 3289 3911 in
3318 3857 3544 3913 dioecesi

1966 3933 2373 4005 Cameracensi)
2390 3954 2417 3991 a
2435 3937 2697 3995 decennio
2721 3954 3015 4010 germanus
3037 3958 3188 4001 meus
3221 3939 3546 4003 Eustachius

1967 4022 2255 4095 d’Achery.

2043 4116 2350 4172 Tractatum
2379 4119 2443 4173 de
2470 4118 2849 4177 Incarnatione
2875 4132 3055 4179 contra
3076 4122 3335 4191 Judwor;

2040 4208 2156 4263 Lib.
2188 4210 2252 4265 de
2280 4209 2437 4265 laude
2462 4210 2529 4266 Β.
2562 4210 2789 4280 Mariw;

2040 4298 2369 4370 Opusculum
2417 4302 2482 4355 de
2537 4303 2855 4372 virginitate,
2906 4319 2938 4359 e
2985 4307 3173 4363 codice
3203 4323 3306 4365 ms.
3329 4310 3546 4382 collegii

1968 4392 2294 4448 Parisieusis
2323 4394 2381 4447 8.
2413 4392 2461 4449 J.
2494 4394 2696 4451 iudicio
2725 4396 2790 4451 R.
2816 4396 2905 4451 Ρ.
2936 4396 3122 4455 Jacobi
3155 4399 3429 4457 Sirmondi
3450 4418 3548 4458 cx-

1968 4483 2229 4551 prompsi.

2041 4571 2333 4641 Epistolam
2363 4575 2427 4629 de
2448 4575 2678 4631 buccellu
2697 4578 2855 4632 Inda:
2874 4579 3006 4633 data
3027 4581 3259 4650 primum
3279 4565 3334 4639 in
3354 4584 3546 4642 biblioo

1972 4663 2129 4718 theca
2158 4661 2223 4718 ς’.
2256 4662 2316 4718 C.
2348 4662 2574 4720 Joannis
2628 4666 2785 4735 Bigot
2836 4668 2891 4723 in
2934 4668 3542 4747 Rotliomag.'vectigal.

1968 4751 2121 4806 curia
2185 4753 2479 4818 senatoris,
2530 4756 2779 4811 exscribi
2830 4758 3058 4823 curavi;
3109 4760 3304 4817 deinde
3328 4764 3395 4817 ad
3421 4765 3542 4822 bina

1970 4856 2125 4907 mss.,
2154 4841 2383 4898 alterum
2414 4842 2762 4901 Bibliothecae
2786 4847 2992 4919 Rogita,
3010 4850 3220 4922 collegii
3245 4853 3561 4912 Parisiensa

1970 4930 2028 4987 S.
2063 4930 2113 4986 J.
2138 4932 2393 4999 alterum,
2427 4934 2655 4989 contuli.

2039 5024 2117 5079 De
2144 5025 2448 5095 pignoribus
2486 5039 2790 5084 sanctorum
2833 5028 2993 5086 libros
3028 5042 3134 5089 tres
3164 5039 3434 5092 mutuavit
3462 5040 3537 5096 Βία

1968 5116 2238 5171 bliotheca
2262 5117 2448 5187 Regia.

2040 5208 2308 5264 Caeterum
2360 5209 2618 5280 praefatos
2645 5210 2886 5280 ejusdem
2931 5214 3294 5284 bibliothecae,
3321 5221 3545 5278 velntet

1964 5297 2179 5369 collegii
2210 5300 2532 5355 Parisiensis
2556 5302 2774 5358 codices
2804 5303 2872 5375 (si
2896 5303 3228 5373 coniecturis
3263 5311 3542 5383 indulgere

1965 5390 2158 5460 liceat)
2192 5390 2333 5460 juris
2380 5392 2505 5447 olim
2554 5394 2831 5451 exstitisse
2880 5396 3221 5470 Novigentini
3281 5407 3539 5466 caenobii.

1966 5493 2131 5552 atque
2180 5482 2318 5538 adeo
2348 5482 2598 5539 Guiberli
2625 5486 2847 5557 (quippe
2893 5488 3074 5546 ferunt
3103 5494 3271 5562 ipsius
3299 5506 3537 5569 aetatem)

1966 5572 2179 5627 initium
2211 5573 2469 5643 cujusque
2499 5574 2785 5632 voluminis
2807 5594 3204 5647 prmmonstrat.

2036 5663 2333 5719 Historiam
2376 5664 2907 5740 Jerosolymitanam,
2968 5674 3079 5728 sive
3124 5674 3285 5731 Gesta
3320 5679 3411 5733 Dei
3444 5697 3539 5749 per

1969 5756 2227 5826 Francos,
2254 5758 2463 5829 primus
2492 5762 2763 5845 evolgavit
2812 5764 3044 5824 lacubus
3079 5767 3404 5833 Bongarsius
3429 5788 3533 5831 una
