4108 6324
523 429 622 483 ,ἥδ
1318 417 1378 471 ν.
1419 411 1813 471 GUIBERTUS
1846 407 2069 463 ABBAS
2094 406 2149 461 S.
2184 404 2421 459 MAIiIAS
2465 405 2551 459 DF.
2580 404 2996 460 NOVIGENTO.
3743 408 3818 462 ιίϋ

520 577 523 581 ⁴
556 559 685 597 eum
709 539 832 596 ams
859 535 1102 609 ejusdem
1122 529 1359 588 historia:
1382 526 1738 595 scriptoribus
1764 541 1854 578 an.
1881 520 2143 585 l6ll,cui
2177 528 2217 579 Α
2321 518 2438 573 Ρνω
2479 520 2725 573 manibus
2773 534 2892 575 esse
2916 518 3005 573 ubi
3048 518 3399 575 advertissent
3429 519 3660 592 plurima
3692 522 3829 575 anti-

558 630 868 690 cellectioni
928 626 1139 683 titulum
1192 619 1334 683 fecit,
1389 619 1458 673 ab
1509 616 1775 671 Guiberto
1812 624 2134 677 mutuatum,

530 723 719 779 oCesta
741 720 840 775 Dei
860 734 954 788 per
974 714 1233 769 Francos.
1261 707 1373 765 Nos
1415 722 1547 763 vero
1584 707 1636 761 in
1661 705 1765 762 hac
1788 705 2026 761 editione
2054 719 2139 758 re-

532 814 731 885 spetita
758 811 927 865 libros
960 807 1013 861 in
1044 802 1225 873 capita
1282 799 1630 870 digessimus.
1676 797 1863 853 Sancti
1907 794 2137 865 Remigii

538 906 815 961 ‘Remens.
834 900 1027 963 codex,
1054 909 1220 951 manu
1241 892 1543 964 peroptima
1558 899 1836 955 exaratus,
1864 886 2141 958 suppetias

556 1007 746 1051 eorum
769 1003 887 1060 quae
924 987 979 1042 in
1023 986 1133 1041 line
1159 983 1281 1040 libri
1338 982 1486 1049 noni,
1511 981 1618 1037 alio
1644 982 1712 1037 ab
1732 989 1956 1035 auctore
1982 979 2138 1042 editi,

558 1076 1039 1143 desiderabantur,
1068 1074 1187 1130 ivit.
1220 1071 1319 1129 Usi
1351 1086 1565 1143 quoque
1588 1085 1774 1127 sumus
1801 1069 1972 1126 altero
2002 1068 2138 1125 Cor-

555 1173 691 1229 beize
718 1171 959 1240 antiqua:
989 1184 1117 1235 ms.,
1158 1182 1266 1238 quo
1299 1165 1573 1237 plerisque
1592 1163 1646 1218 in
1674 1163 1810 1219 locis
1836 1177 2021 1219 naevos
2046 1162 2137 1233 qtti

557 1262 770 1319 librarii
803 1260 987 1318 forsan
1012 1259 1175 1323 vitio,
1205 1259 1320 1313 sive
1347 1256 1801 1329 typographorum
1825 1254 2135 1314 oscitantia.

2241 609 2462 677 quitat's
2494 618 2867 676 monumenta,
2891 610 3083 665 media:
3111 620 3166 666 et
3188 613 3429 667 auctoris
3462 615 3633 669 nostri
3655 616 3832 669 artatis

2241 700 2479 754 maxime
2510 700 2787 770 (auctores
2813 701 2959 757 enim
2986 702 3222 757 nondum
3247 704 3424 760 editos
3448 706 3667 775 saepius,
3694 706 3831 761 alios

2241 804 2471 859 perraro
2518 791 2585 845 ad
2618 792 2988 847 testimonium
3020 792 3175 861 cito),
3221 805 3459 850 mentem
3486 795 3672 850 induxi
3704 796 3830 850 data

2242 879 2536 934 occasione
2570 879 2863 935 identidem
2888 896 2950 937 ea
2976 881 3362 950 internectere,
3394 898 3459 938 ea
3490 885 3555 939 de
3581 900 3639 940 re
3669 885 3830 939 nimi.

2242 983 2387 1034 rum,
2417 977 2475 1024 ttt
2502 970 2833 1040 ejuscemodi
2871 970 3131 1026 mercium
3180 973 3579 1042 appetentibus,
3612 973 3826 1043 aliquo-

2242 1073 2435 1130 usque,
2460 1059 2589 1115 dum
2619 1060 2823 1128 majora
2871 1070 3068 1132 parant
3095 1064 3294 1129 nostri,
3321 1063 3556 1119 facerem
3588 1066 3744 1121 satis.
3770 1066 3829 1120 In

2243 1152 2311 1207 iis
2342 1152 2524 1219 animo
2566 1153 2823 1223 proposui
2867 1153 3001 1208 nihil
3052 1168 3159 1209 non
3199 1154 3528 1220 discussum,
3552 1154 3689 1210 nihil
3715 1171 3829 1211 non

2244 1247 2365 1305 ﬁdei
2419 1249 2639 1320 optimm
2676 1249 2994 1304 eventilare.
3040 1249 3168 1307 Scio
3211 1250 3561 1306 nihilosccius
3605 1264 3728 1321 ego,
3774 1259 3830 1305 et

557 1355 913 1425 irreptarant,
961 1351 1332 1406 abstersimus.
1390 1350 1590 1404 Versus
1611 1348 1904 1403 ordinatim
1929 1348 2142 1419 poetico
2236 1343 2412 1413 probe
2456 1352 2636 1405 teneo,
2695 1343 2955 1397 neminem
2992 1359 3103 1397 esse
3140 1352 3259 1397 tam
3304 1342 3528 1410 felicem,
3580 1344 3673 1412 qui
3721 1358 3829 1397 non

560 1459 713 1501 more
740 1443 1135 1514 disposuimus;
1177 1439 1562 1496 adornavimus
1590 1452 1719 1497 oras
1753 1439 1981 1495 diversis
2012 1453 2139 1509 pas-

558 1537 664 1591 sim
686 1533 1146 1591 adnotationibus.

628 1628 910 1684 Postremo
930 1625 1145 1684 abbatis
1173 1626 1343 1682 nostri
1368 1625 1644 1681 Librorum
1666 1626 1730 1682 de
1748 1627 1855 1681 vita
1884 1643 1983 1682 sua
2014 1641 2141 1697 apo-

557 1718 825 1789 graphum
879 1719 1249 1774 tantummodo
1295 1718 1540 1775 invenire
1593 1717 1676 1774 fas
1718 1718 1843 1783 fuit,
1885 1719 2143 1790 graphice

557 1811 775 1881 quidem
829 1826 894 1868 ac
930 1811 1218 1868 recentiori
1268 1826 1435 1867 manu
1498 1811 1785 1881 scriptum,
1814 1811 1908 1867 sed
1932 1811 2143 1866 mendis

556 1908 773 1955 scatens
795 1901 1225 1972 quampluribus.
1275 1901 1490 1957 inversa
1519 1902 1706 1967 verba,
1736 1902 2024 1958 sententia:
2056 1903 2140 1956 in—

558 1991 771 2045 terdum
792 1997 885 2045 aut
908 1999 1130 2047 mutata
1155 1999 1251 2046 aut
1274 2006 1498 2061 prorsus
1516 1991 1766 2057 sublatae,
1796 2001 1856 2047 ut
1886 1993 2142 2048 nonnulla

558 2080 797 2149 peuitius
823 2082 1128 2153 inspicienti
1168 2082 1301 2137 mihi
1330 2081 1533 2138 fuerint
1562 2084 1648 2141 vir
1684 2076 1793 2140 non
1816 2085 2141 2151 divinanda;

558 2179 758 2227 ett-tera
801 2186 933 2227 vero
979 2187 1101 2243 qua:
1144 2188 1233 2228 me
1261 2173 1576 2243 praeteriere
1606 2175 1789 2240 verba,
1814 2189 2000 2230 eorum
2025 2175 2145 2231 loco

557 2271 760 2333 puncta
791 2263 1056 2335 supplevi,
1104 2278 1201 2319 seu
1230 2263 1462 2332 margini
1494 2264 1720 2335 ascripsi
1748 2265 1994 2335 quaedam
2016 2267 2143 2321 alia.

556 2352 886 2409 Audiveram
916 2370 1048 2411 sane
1086 2363 1142 2410 et
1172 2354 1445 2411 multoties
1474 2357 1760 2426 repetitum
1792 2372 2144 2427 agnoverant,

557 2447 955 2516 autographum
983 2446 1048 2500 ad
1080 2455 1263 2502 nostra
1288 2455 1527 2517 tempora
1557 2448 1698 2503 inter
1718 2448 1974 2505 Ecclesiae
2005 2449 2146 2504 Lau-

554 2537 823 2592 dunensis
874 2545 1116 2593 vetustos
1169 2538 1385 2593 codices
1436 2550 1887 2605 asservatum,ac
1910 2551 2146 2611 postme-

552 2627 688 2681 dum
733 2627 969 2698 antiquae
1020 2629 1099 2685 rei
1124 2628 1300 2698 perito
1328 2630 1445 2684 viro
1497 2629 1557 2683 ο.
1590 2632 1722 2701 Dey,
1752 2631 1969 2687 Doctori
1994 2632 2147 2687 Pari-

550 2718 735 2773 siensi
786 2718 902 2788 (qui
955 2718 1164 2789 pridem
1190 2720 1369 2790 obiit),
1402 2720 1690 2786 collatum;
1726 2737 1865 2792 quas
1884 2732 2064 2778 autem
2091 2724 2143 2777 in

552 2821 755 2862 manus
782 2807 1012 2877 posthac
1031 2807 1344 2863 devolutum
1384 2807 1565 2876 fuerit,
1593 2825 1810 2865 omnem
1838 2811 1981 2866 movi
2009 2811 2147 2882 lapi-

550 2899 683 2956 dem
710 2908 977 2971 quatenus
1003 2901 1307 2971 comperire
1336 2901 1595 2968 valerem,
1636 2902 1731 2958 sed
1759 2901 1979 2958 frustra.

624 2990 698 3046 Et
729 3006 852 3046 cum
876 2979 1172 3047 Guibertus
1195 2992 1357 3047 tertio
1378 2992 1518 3049 libro
1567 2993 1642 3048 De
1669 2994 1779 3049 vita
1802 3010 1899 3050 sua
1930 2995 2147 3065 potissi-

550 3095 709 3136 suum
726 3080 1025 3151 referatqui
1041 3082 1188 3138 cives
1212 3082 1600 3141 Laudunenses
1625 3085 2145 3141 immanissimorum

2242 1431 2505 1501 subjectus
2518 1433 2584 1485 sit
2597 1432 2785 1497 errori,
2812 1433 2973 1486 ethoc
2998 1447 3101 1486 non
3122 1431 3374 1485 dementis
3401 1447 3512 1485 esse
3527 1433 3825 1501 proprium,

2240 1523 2332 1577 sed
2360 1523 2604 1579 hominis.
2627 1522 2838 1593 Itaque,
2864 1522 3062 1579 Lector
3086 1523 3368 1589 benevole,
3402 1523 3829 1592 aequanimitatis

2246 1625 2353 1671 tua:
2396 1617 2503 1671 erit
2548 1616 2592 1671 si
2616 1631 2737 1686 qua:
2759 1614 3189 1683 errata,'leniter
3207 1624 3262 1670 et
3285 1614 3460 1670 amice
3486 1615 3750 1686 castiges;
3782 1616 3828 1669 si

2245 1724 2366 1780 quae
2419 1709 2757 1773 chartarum,
2815 1707 3196 1777 diplomatum,
3235 1707 3534 1763 aliorumve
3570 1707 3829 1763 similium

2246 1801 2594 1871 displiceant,
2625 1814 2810 1870 quaeso
2844 1798 2936 1854 illa
2964 1813 3035 1855 ne
3072 1798 3345 1855 facessant
3390 1797 3663 1868 negotittm
3692 1815 3705 1851 :
3739 1811 3828 1852 ce-

2246 1892 2370 1962 quis
2438 1889 2584 1945 cnim
2651 1888 2934 1944 hominum
2997 1888 3139 1947 votis
3199 1888 3442 1945 omnium
3497 1888 3830 1959 respondere

2244 1982 2422 2053 quibit
2447 1981 2470 2033 ?

2316 2070 2579 2138 Quoniam
2605 2070 2746 2125 haud
2769 2070 2836 2125 ad
2867 2068 3082 2125 solitam
3113 2068 3540 2140 magnitudinem
3573 2068 3826 2124 volumen

2246 2174 2563 2217 excrcscere
2591 2160 3105 2222 animadverteram,
3146 2159 3392 2228 quaedam
3436 2160 3503 2213 ad
3551 2159 3828 2225 illustran-

2246 2254 2343 2310 dos
2397 2251 2645 2307 Guiberti
2701 2252 2870 2307 libros
2926 2250 3002 2305 De
3054 2236 3161 2303 vita
3216 2264 3312 2305 sua
3363 2248 3831 2304 observationileus

2246 2347 2613 2402 additamenta
2646 2343 2935 2411 subjunxi;
2988 2357 3203 2411 nempe,
3246 2340 3418 2395 Vitam
3463 2340 3525 2396 S.
3560 2339 3832 2395 Geremnrt

2246 2437 2473 2502 abbatis,
2501 2451 2566 2490 ex
2593 2434 2924 2489 monasterio
2948 2432 3282 2498 Concheusi;
3319 2432 3489 2486 Vitam
3512 2432 3579 2485 Β.
3604 2431 3831 2485 Simonis

2248 2530 2452 2583 comitis
2490 2526 2864 2597 Crespes'ensis,
2922 2541 3042 2595 qua:
3077 2540 3144 2578 ex
3194 2524 3382 2578 codice
3434 2539 3535 2578 ms.
3589 2523 3831 2578 Cosnobit

2249 2618 2553 2688 Ursicampi
2606 2617 2673 2671 ad
2715 2631 2801 2671 me
2846 2617 3172 2669 transmissa
3202 2623 3322 2669 est:
3370 2612 3535 2667 Vitam
3584 2612 3643 2669 S.
3674 2612 3829 2667 Sala-

2248 2716 2415 2783 berga:
2446 2711 2504 2768 S.
2543 2710 2770 2766 Joannis
2796 2708 3164 2763 Laudunensis
3192 2708 3646 2779 prato-antistites,
3678 2704 3832 2775 cujus

2248 2805 2466 2876 quidem
2481 2817 2573 2856 era
2593 2801 2912 2871 texemplar,
2938 2801 3031 2855 sed
3058 2798 3192 2854 adeo
3217 2799 3555 2863 mendosum,
3586 2799 3662 2852 uti
3683 2811 3831 2867 spem

2248 2896 2366 2967 ejus
2392 2895 2705 2966 evulgandaa
2720 2908 2940 2964 prorsus
2966 2892 3307 2974 abjecissem,
3331 2892 3385 2945 ni
3412 2898 3611 2961 praesto
3633 2888 3811 2943 adfuis

2242 2998 2332 3045 set
2364 2996 2548 3043 noster
2576 2985 2637 3040 ι).
2671 2985 2924 3039 Placidus
2952 2982 3245 3048 Bertheau,
3283 2998 3513 3053 eamque
3536 2983 3705 3052 ipsam
3735 2996 3829 3050 ope

2249 3083 2452 3141 codicis
2490 3097 2593 3137 ms.
2632 3081 3065 3150 Ursicampensis
3089 3080 3298 3135 mendis
3320 3094 3483 3150 prope
3512 3078 3829 3133 innumeris.

558 3178 935 3239 grassatorum
968 3185 1118 3227 more
1143 3172 1390 3228 bacchati
1440 3172 1658 3254 fuerint,
1688 3175 1815 3230 dum
1838 3191 1942 3231 non
1967 3179 2143 3246 sexui,
2174 3190 2221 3254 ρ
2251 3176 2401 3231 velut
2429 3175 2482 3229 in
2515 3172 2849 3243 marginibus
2874 3188 3102 3229 cernere
3136 3181 3241 3239 est,
3271 3172 3619 3233 correxisset,
3650 3184 3823 3224 emcn-

562 3272 669 3313 non
695 3258 900 3326 ordini,
957 3275 1065 3315 non
1118 3262 1264 3316 aetati
1296 3262 1389 3317 ulli
1417 3250 1726 3333 parcerent,
1759 3266 1905 3322 crede
1928 3280 1992 3322 ac
2015 3282 2145 3322 san-

560 3346 725 3418 guine
780 3347 1117 3418 complentes
1157 3350 1371 3417 omnia;
1402 3352 1493 3420 qui
1521 3360 1798 3420 pastorem
1826 3368 1983 3409 suum
2012 3371 2145 3412 nece

552 3435 846 3492 aifecerint
866 3452 1027 3508 quam
1051 3439 1431 3506 acerbissima;
1454 3446 1544 3510 qui
1566 3442 1873 3514 episcopale
1888 3444 2143 3514 templum

559 3526 930 3594 inecnderint,
987 3537 1042 3584 et
1068 3528 1175 3584 alia
1212 3529 1264 3584 id
1290 3544 1462 3602 genus
1490 3533 1870 3589 crudelitatum
1894 3544 2146 3605 patrare-

561 3616 695 3682 rint,
727 3616 912 3683 Libros
958 3628 1063 3675 tres
1092 3618 1386 3676 Hermanni
1424 3625 1667 3679 monachi
1694 3626 1758 3681 de
1786 3627 2055 3684 miraculis
2083 3627 2142 3685 S.

562 3707 758 3764 Mariw
811 3708 1180 3768 Laudunensis
1226 3714 1402 3771 instar
1447 3718 1763 3789 appendicis
1811 3720 2144 3790 adjiciendus

548 3798 748 3854 censui
768 3811 1225 3874 peropportunum
1245 3822 1259 3872 ;
1278 3815 1464 3879 utpote
1486 3808 1576 3879 qui
1590 3810 1851 3882 prolixam
1865 3829 1971 3871 non
1985 3817 2145 3874 modo

562 3890 844 3947 continent
874 3904 1141 3965 reparata:
1162 3906 1215 3951 et
1240 3899 1391 3955 urbis
1412 3910 1467 3954 et
1501 3902 2145 3965 ecclesiae‘Laudunensis

562 3978 866 4048 historiam,
908 3997 1096 4039 verum
1139 3987 1303 4042 etiam
1341 3999 1672 4047 coaetaneum
1721 3993 1981 4054 Guiberto
2010 3999 2143 4054 scri-

556 4087 773 4142 ptorem
801 4084 1125 4144 agnoscunt.

624 4161 841 4217 .Prastﬂ
880 4166 1131 4235 superius
1181 4180 1528 4229 enumeratos
1572 4173 1817 4232 Guiberti
1845 4178 2009 4247 fetus,
2030 4180 2143 4236 edi-

554 4253 711 4311 disse
733 4266 790 4312 et
816 4256 1432 4329 Capitularemlibellum
1474 4269 1540 4325 de
1584 4270 1802 4329 diversis
1846 4278 2143 4349 euangelio-

561 4363 681 4401 rum
733 4357 782 4402 et
815 4353 1236 4423 propheticorttm
1280 4358 1602 4417 voluminum
1641 4368 1941 4434 sententiis,
1992 4379 2140 4426 notat

560 4438 793 4506 ipsemet
821 4442 917 4498 lib.
951 4460 968 4499 ι
994 4444 1070 4500 De
1094 4447 1205 4502 vita
1243 4464 1363 4516 sua,
1388 4467 1507 4523 cap.
1533 4454 1619 4509 l6.
1652 4456 1753 4513 Ast
1776 4458 1973 4516 alicubi
1998 4462 2140 4517 haud

2249 3266 2453 3321 dasset.
2487 3264 2639 3331 Quod
2676 3278 2855 3318 meum
2893 3261 3371 3317 fuerit'consilium
3400 3261 3520 3315 illas
3563 3258 3830 3329 publicam

2249 3357 2303 3413 in
2334 3358 2508 3412 lucem
2540 3356 2690 3411 Vitas
2737 3354 3042 3423 emittendi,
3092 3354 3260 3411 habes
3307 3354 3519 3425 paginis
3552 3353 3679 3420 596,
3704 3351 3831 3417 602,

2248 3446 2354 3503 652
2384 3446 2519 3515 (ιε).

2319 3539 2545 3604 Deinde,
2601 3537 2812 3610 insigne
2866 3536 3109 3608 Hugonis
3143 3536 3579 3607 Rotltomagensis
3610 3551 3829 3604 opuscu-

2245 3632 2374 3696 lum,
2412 3633 2585 3688 tribus
2619 3630 2816 3687 libellis
2856 3630 3193 3693 distinctum,
3228 3640 3409 3683 contra
3442 3628 3714 3680 hwreticos
3748 3629 3831 3680 sui

2245 3725 2513 3796 temporis.
2541 3723 2685 3779 [stud
2710 3738 2831 3778 cum
2857 3721 3018 3777 blatis
3040 3735 3102 3776 ac
3127 3720 3286 3776 tineis
3308 3720 3493 3773 rixans
3511 3717 3616 3772 huc
3638 3732 3830 3787 usque,

2246 3830 2277 3871 e
2306 3815 2494 3871 codice
2533 3830 2634 3870 ms.
2687 3813 2745 3868 S.
2788 3813 3003 3868 Martini
3050 3811 3376 3867 Parisiensis
3413 3808 3829 3879 exscripsimus,

2247 3923 2311 3964 ac
2340 3906 2538 3977 publici
2572 3905 2800 3961 facimus
2820 3905 2983 3975 juris.
3017 3901 3259 3973 llugonis
3295 3900 3470 3972 elogia
3497 3908 3552 3955 ct
3572 3898 3830 3970 epistolas

2247 4002 2458 4058 videbis
2486 4015 2609 4071 pag.
2639 3997 2741 4053 687
2769 4005 2823 4053 et
2854 4011 2970 4083 seq.

2318 4092 2608 4154 Prteterea,
2628 4087 2842 4142 Roberti
2866 4087 2929 4141 de
2956 4084 3233 4141 Torinneio
3260 4084 3564 4157 (Torigny),
3583 4083 3742 4155 vulgo
3765 4084 3829 4138 de

2242 4184 2428 4239 Monte
2470 4181 2695 4247 abbatis,
2730 4180 2855 4249 (hoc
2888 4189 2972 4233 est
3009 4176 3322 4232 monasterii
3364 4176 3422 4231 S.
3460 4175 3736 4232 Michaelis
3762 4176 3829 4230 de

2242 4269 2679 4335 Monte-Tumba,
2698 4269 2813 4323 sive
2833 4269 2889 4323 in
2913 4266 3160 4322 Pericula
3181 4267 3365 4337 maris)
3387 4267 3627 4330 vocitati,
3643 4268 3827 4321 Acces-

2245 4365 2441 4429 siones,
2462 4370 2510 4416 et
2531 4358 2805 4430 Appendix
2828 4357 3088 4414 Germana
3112 4357 3181 4412 ad
3207 4357 3536 4429 Sigebertum
3554 4399 3568 4422 ,
3597 4372 3697 4412 nec
3718 4370 3826 4410 non

2250 4452 2528 4507 Tractatus
2557 4451 2620 4504 de
2636 4449 3100 4504 immutationibus
3144 4450 3542 4513 monachorum,
3568 4450 3633 4501 de
3667 4447 3828 4501 abba-

560 4529 725 4587 dubie
771 4532 825 4588 in
874 4534 1095 4604 pulvere
1116 4548 1172 4595 et
1194 4540 1300 4597 situ
1337 4542 1507 4602 latere
1528 4563 1674 4604 nunc
1705 4564 1877 4620 usque
1897 4551 2136 4618 dierum;
2174 4546 2219 4602 D
2246 4544 2383 4599 tibus
2414 4550 2462 4597 et
2503 4540 2727 4596 abbatiis
2759 4538 3285 4605 Northmannorum,
3328 4549 3375 4594 et
3420 4537 3827 4607 aediﬁcatoribus

554 4622 645 4678 vel
670 4623 849 4693 potius
871 4625 1097 4684 dixerim
1114 4630 1183 4686 ab
1210 4632 1328 4702 ipso
1356 4649 1578 4704 parente
1598 4655 1971 4711 suppressum,
1994 4643 2137 4712 quod

553 4712 787 4768 minime
818 4716 1166 4785 perpolitum,
1205 4720 1289 4778 his
1309 4737 1377 4778 ex
1427 4726 1607 4783 verbis
1633 4729 1869 4785 indidem
1907 4732 2139 4788 subodo-

561 4803 669 4857 rari
693 4803 826 4860 libet
851 4823 864 4861 :
895 4805 991 4861 Cui
1016 4808 1243 4882 (libello)
1268 4814 1381 4894 'ltuc
1402 4831 1561 4887 usque
1579 4817 1738 4885 ﬁnem
1773 4821 1902 4875 dare
1926 4820 2135 4890 diﬂ'ero,

558 4897 681 4963 quia
737 4897 819 4951 his
870 4897 1127 4968 explicitis
1180 4919 1299 4973 qua:
1349 4904 1404 4958 in
1435 4908 1836 4975 praesentiarum
1887 4920 2054 4975 teneo,
2082 4912 2138 4964 in

558 4984 814 5041 similibus
829 4991 1056 5045 exerceri
1080 4990 1377 5064 aliquoties,
1406 4996 1512 5051 Deo
1538 5009 1863 5069 suggerente,
1885 5000 2133 5055 delibero.

561 5074 770 5133 Etenim
820 5078 1128 5152 ubicunque
1177 5083 1415 5142 libellum
1454 5088 1775 5146 delitescere
1800 5091 2134 5161 suspicabar,

559 5166 680 5225 uisu
711 5168 885 5225 inutili
916 5173 1235 5244 perquisivi.

624 5258 1115 5323 Observationibus
1129 5274 1184 5323 et
1203 5268 1346 5325 notis
1368 5269 1615 5338 quaedam
1644 5271 1885 5327 auctoris
1907 5287 2136 5345 opuscu-

559 5365 630 5419 ta,
657 5366 764 5408 non
789 5361 894 5409 tam
921 5372 1040 5413 mea
1071 5366 1285 5427 sponte,
1310 5373 1475 5429 quam
1505 5370 1635 5416 nutu
1660 5378 1847 5419 eorum
1871 5375 1926 5421 et
1945 5376 2134 5424 aucto-

559 5442 760 5511 ritate,
831 5447 1028 5517 quibus
1080 5447 1261 5504 votiva
1314 5451 1622 5507 obedientia
1677 5453 1975 5515 obstrictus
2026 5476 2134 5517 non

558 5531 937 5604 obtemperare
962 5536 1090 5590 mihi
1119 5535 1308 5607 religio
1336 5548 1441 5605 est,
1477 5539 1763 5597 illustravi.
1787 5542 1844 5599 In
1878 5545 1945 5604 iis
1970 5563 2135 5619 porro

558 5623 684 5689 quid
706 5624 1076 5694 przestiterim,
1102 5625 1292 5693 paucis
1320 5626 1375 5682 id
1397 5627 1695 5685 absolvam.

2245 4650 2448 4689 earum.
2494 4630 2827 4703 Appendicis
2862 4629 3064 4701 duplici
3110 4629 3313 4685 ditatus
3348 4644 3468 4683 sum
3505 4625 3826 4698 exemplari,

2244 4722 2574 4795 primigenio
2600 4720 2774 4777 altero
2806 4719 2866 4776 S.
2894 4720 3174 4776 Michaelis
3198 4720 3265 4775 de
3292 4718 3472 4774 Monte
3502 4717 3664 4789 (quod
3686 4716 3827 4772 infra

2246 4833 2370 4889 pag.
2400 4816 2505 4871 715
2530 4815 2873 4888 prtenotavi),
2906 4815 3078 4871 altero
3106 4813 3502 4870 Gemeticensis
3528 4810 3778 4866 asceterii
3809 4824 3823 4862 :

2247 4904 2503 4962 nonnulla
2528 4920 2597 4960 ex
2624 4913 2780 4975 parte
2828 4904 3101 4974 posterius
3128 4903 3296 4974 priori
3325 4901 3677 4965 contractius,
3709 4911 3829 4970 qua:

2245 5012 2375 5053 vero
2403 4997 2456 5052 in
2491 4995 2760 5053 Montensi
2788 5012 2897 5052 non
2927 4996 3224 5053 exstabant
3267 4995 3589 5050 charactere
3614 4990 3825 5056 Italico,

2244 5099 2408 5161 atque
2457 5091 2751 5156 asterisco,
2804 5088 3284 5158 notatiunculaque
3340 5085 3571 5157 margini
3619 5083 3828 5155 adjecta

2243 5185 2668 5240 demonstratur.
2702 5182 2905 5238 Verum
2951 5181 3187 5252 pretium
3221 5194 3401 5248 opera:
3441 5184 3560 5242 est,
3607 5176 3827 5236 Lector,

2244 5276 2666 5340 animadvertas,
2702 5284 2832 5346 puta
2879 5274 3035 5329 initio
3079 5271 3284 5328 codicis
3336 5286 3440 5326 ms.
3492 5283 3595 5325 nec
3626 5284 3735 5324 non
3771 5268 3826 5322 in

2245 5366 2475 5437 prologi,
2509 5377 2671 5437 atque
2698 5366 2752 5420 in
2781 5365 2949 5434 ipsius
2971 5361 3330 5433 Appendicis,
3367 5376 3474 5431 qua
3518 5360 3587 5415 de
3626 5358 3825 5430 agitur,

2242 5455 2398 5510 titulo
2416 5463 2797 5527 praenotatum,
2820 5454 2962 5522 quod
2983 5451 3048 5506 ad
3076 5467 3279 5507 annum
3301 5450 3437 5506 1184
3459 5448 3824 5521 Appendicem

2241 5548 2513 5602 llobertus
2544 5544 2901 5615 protraxerit;
2936 5544 3026 5612 qui
3062 5552 3243 5598 tamen
3275 5543 3343 5597 ad
3381 5552 3472 5596 an.
3508 5540 3649 5595 H82
3689 5539 3825 5594 dun-

2240 5647 2388 5694 taxat
2423 5638 2513 5693 illo
2558 5634 2890 5705 Appendicis
2940 5634 3164 5706 prologo
3191 5634 3554 5690 concinnasse
3596 5629 3820 5703 proﬁte-

627 5779 740 5850 (12)
769 5778 991 5834 Numeri
1021 5779 1317 5835 crassiores
1344 5783 1512 5837 textui
1554 5795 1740 5843 nostro
1764 5789 1954 5849 inserti
1986 5798 2211 5861 paginas
2238 5796 2489 5854 editionis
2518 5791 2835 5849 Acheriana:
2860 5802 3272 5859 repraesentant.
3313 5794 3468 5848 Eutr.
3502 5791 3671 5847 Pun.
