4062 6354
332 350 395 400 ιι
1245 347 1444 404 LIBER
1483 347 1625 416 QUO
1648 346 1901 403 ORDINE
1938 347 2168 409 SERMO
2202 351 2383 410 FIERI
2414 352 2701 409 DEBEAT.
3521 358 3613 415 Ξθέθ

334 459 471 527 plari
515 458 727 515 interno
753 460 1221 532 contemplationis
1248 465 1645 519 subtilitashaec
1664 463 1907 531 eliciens,
1941 470 1985 527 Α
2011 467 2210 523 exinde
2240 468 2478 523 libellum
2507 469 2808 535 edideram,
2833 467 2975 539 quod
3000 466 3101 525 sibi
3140 464 3257 525 fieri
3288 468 3590 526 ad'sermo-

332 548 453 604 sine
480 548 718 620 perfidia:
746 559 840 607 aut
876 550 1132 607 falsitatis
1170 553 1388 611 incursu
1438 554 1611 625 potuit
1638 568 1911 611 commen-
2013 556 2101 612 nis
2131 558 2419 614 materiam
2450 558 2683 616 faciendi
2720 558 2808 615 ille
2837 566 3173 630 poposcerat,
3205 559 3350 615 unde
3372 562 3430 617 et
3456 559 3588 616 laci-

336 637 460 694 tari.
2011 646 2239 703 niosiori
2276 663 2440 718 quam
2490 658 2686 705 cmtera
2745 651 2992 707 oratione
3031 650 3255 706 tractavi
3306 659 3364 707 et
3415 665 3588 722 pauca

348 766 369 784 .
405 731 577 788 Porro
604 733 715 789 sub
729 734 1035 806 allegoricis
1065 734 1315 792 sensibus
1345 750 1450 792 non
1490 750 1660 807 pauca
1707 737 1912 807 pariter
2012 737 2252 808 qualiter
2282 738 2399 794 ﬁeri
2426 739 2620 796 debeat
2650 755 2830 797 sermo
2852 741 3147 812 praetexui;
3179 740 3384 812 reliqua
3409 752 3589 798 autem

333 823 657 891 addidisem,
685 826 791 881 nisi
822 827 1038 882 modum
1068 827 1249 898 operis
1299 827 1644 898 praetergredi
1701 828 1909 885 timuis—
2009 843 2075 884 ex
2101 844 2288 884 eorum
2310 843 2432 899 qua:
2456 843 2730 900 cmperam
2756 830 3088 901 experientia
3124 830 3238 889 sola
3268 847 3363 903 spe
3404 832 3588 890 divina

334 925 471 969 sein.
511 911 678 971 Plane
731 924 953 986 petente
999 919 1233 990 quodam
1282 917 1458 973 amico
1507 932 1626 974 meo
1671 918 1904 988 primum
2007 920 2342 990 prazsumpsi.

3306 1090 3595 1115 ..ιιι-..Α

1452 1285 1505 1354 2
1590 1249 2052 1341 INCIPIT
2123 1250 2498 1339 LIBER-

652 1459 940 1597 QUO
1055 1459 1594 1577 OBDINE
1691 1458 2161 1576 SERMO
2245 1460 2626 1576 FIERI
2717 1462 3345 1578 DEBEATM

1794 1679 2137 1697 ...ρα

402 1818 572 1876 Valde
606 1818 683 1876 illi
714 1820 1081 1892 periculosum
1106 1828 1192 1877 est
1237 1836 1266 1876 a
1299 1821 1548 1878 doctrina
1586 1834 1798 1878 cessare
1831 1822 1919 1879 cui
1950 1802 1996 1863 Β
2027 1822 2207 1877 animo
2234 1821 2377 1878 bona
2420 1821 2685 1877 versare?
2725 1819 2979 1876 Attamen
3033 1826 3161 1874 sunt
3206 1818 3298 1888 qui
3350 1818 3490 1875 bene
3539 1832 3627 1874 ac-

330 1908 563 1965 olllcium
600 1910 837 1980 pertinet
864 1911 1217 1980 prmdicandi;
1253 1912 1395 1967 sicut
1434 1912 1579 1968 enim
1612 1911 1921 1968 damnabile
2024 1914 2371 1971 continenter
2392 1913 2603 1979 vivunt,
2630 1913 2725 1969 sed
2747 1913 2876 1984 quia
2915 1909 3250 1983 pastoralem
3274 1923 3382 1966 non
3406 1910 3625 1967 habent~

330 2008 416 2053 est
441 1998 687 2068 exempla
718 2000 1003 2068 pravitatis
1025 2001 1340 2067 ostendere,
1372 2001 1445 2055 ita
1490 2001 1660 2058 etiam
1688 2002 1919 2058 damna-
2025 2008 2077 2061 in
2103 2005 2344 2062 Ecclesia
2369 2004 2570 2072 locum,
2599 2005 2878 2061 aestimant
2902 2018 2962 2060 se
2986 2018 3095 2060 non
3125 2001 3323 2060 debere
3348 1999 3644 2057 fratribus-

334 2088 464 2143 tioni
494 2088 800 2153 proximum
826 2102 949 2144 esse
970 2097 1186 2144 constat
1213 2104 1336 2143 eum
1363 2090 1455 2159 qui
1488 2101 1782 2162 peccantes
1815 2106 1920 2157 non

333 2178 448 2233 vult
474 2179 715 2235 docendo
737 2194 951 2236 sanare.

405 2267 547 2324 Sunt
571 2276 752 2324 autem
785 2283 950 2339 super
978 2270 1083 2325 hac
1113 2284 1172 2326 re
1200 2269 1429 2329 diversa:
1464 2272 1745 2329 hominum
1796 2285 1926 2341 quo—

332 2358 580 2414 rumdam
603 2358 956 2414 intentiones.
987 2360 1170 2432 Aliqui
1200 2363 1346 2418 enim
1398 2363 1452 2418 id
1501 2363 1688 2419 facere
1736 2361 1925 2418 nolunt

331 2447 460 2503 victi
510 2447 785 2518 superbia,
817 2448 909 2505 alii
941 2451 1181 2519 fastidio,
1226 2452 1316 2507 alii
1346 2452 1569 2508 invidia.
1603 2452 1919 2521 Respuunt,

333 2541 574 2611 inquam,
614 2538 917 2613 praedicare
977 2560 1090 2614 pra:
1134 2545 1412 2615 superbia,
1467 2555 1523 2599 et
1568 2544 1712 2615 quod
1770 2540 1922 2597 multi

333 2634 640 2692 ambienter
678 2635 860 2691 facere
882 2637 1138 2705 gestiunt,
1167 2646 1222 2692 et
1243 2650 1342 2706 pro
1364 2635 1478 2691 sola
1502 2634 1798 2705 iactantia;
1821 2634 1925 2689 hoc

338 2726 426 2781 isti
455 2743 521 2782 ne
546 2728 1008 2783 serntocinatores
1031 2735 1317 2792 vocentur,
1349 2726 1493 2797 quod
1518 2724 1722 2779 infame
1753 2737 1927 2794 genus

336 2817 615 2872 hominum
641 2831 762 2874 esse
788 2818 956 2884 solet,
985 2817 1113 2887 quia
1144 2831 1245 2888 pro
1270 2831 1370 2873 suo
1399 2825 1585 2873 ventre
1606 2816 1923 2886 loquuntur,

338 2910 480 2966 unde
501 2926 533 2966 a
557 2910 825 2983 Gregorio
855 2909 1202 2966 Nazianzeno
1235 2907 1477 2980 (Apolog.
1501 2916 1641 2963 orat.
1678 2906 1735 2977 1)
1767 2922 1927 2960 :veu-

338 3002 556 3074 triloqui
601 3004 960 3075 appellantur,
990 3018 1057 3059 ex
1102 3013 1230 3075 typo
1260 3002 1431 3058 nimio
1473 3001 1853 3073 dedignantur.

410 3097 553 3152 Inter
573 3111 712 3167 quos
740 3097 783 3154 si
811 3097 1146 3169 comparatio
1178 3095 1295 3161 fiat,-
1324 3095 1494 3151 multo
1541 3094 1726 3149 utilior
1774 3092 1926 3147 inve-

339 3191 490 3245 nitur
513 3191 605 3261 qui
635 3192 737 3247 sibi
774 3192 878 3247 soli
912 3191 1109 3247 noxius
1128 3189 1398 3261 iactanter
1425 3186 1707 3258 pradicat,
1731 3194 1788 3240 et
1807 3184 1928 3239 aliis

343 3284 545 3353 quibus
579 3284 919 3338 instruantur
941 3282 1267 3337 documenta
1292 3280 1751 3348 ministrat,quam
1770 3277 1815 3331 is
1836 3275 1927 3345 qui

342 3373 487 3443 quod
509 3373 761 3444 intelligit
785 3372 997 3428 utiliter
1032 3370 1236 3426 tumide
1264 3370 1444 3435 celat,
1488 3381 1588 3423 nec
1617 3366 1717 3421 sibi
1756 3367 1932 3421 bonus

341 3469 449 3527 est,
474 3477 576 3518 nec
602 3462 737 3519 alios
760 3462 933 3532 juvat.

416 3550 621 3606 Invidia
645 3552 867 3621 quidam
888 3550 1178 3622 dupliciter
1201 3564 1230 3604 a
1247 3563 1402 3604 sacra
1431 3546 1817 3618 praedicatione
1845 3560 1931 3601 re-

344 3643 658 3708 trahuntur,
707 3643 834 3713 quia
865 3642 1094 3697 aliorum
1125 3640 1284 3696 bonis
1317 3639 1562 3694 moribus
1600 3635 1927 3699 invidentes,

341 3733 486 3788 unde
514 3732 1069 3789 tneliorentur-dicere
1098 3731 1306 3794 nolunt,
1331 3728 1744 3799 Scripturarum
1762 3727 1929 3782 etiam

339 3827 625 3882 scientiam
646 3842 812 3897 quam
835 3826 1063 3886 habent.
1088 3839 1146 3880 se
1174 3824 1380 3880 habere
1403 3820 1773 3884 dissimulant,
1828 3832 1931 3873 nec

342 3919 617 3975 disserere
642 3932 736 3972 eas
783 3917 956 3973 avidis
995 3924 1052 3972 et
1110 3912 1539 3985 intelligibilibus
1589 3910 1929 3967 auditoribus

341 4018 557 4075 intrant,
588 4017 843 4066 verentes
867 4008 953 4064 ne
986 4022 1084 4064 sua
1109 4005 1358 4061 dectrina
1406 4004 1459 4059 in
1507 4011 1715 4058 tantum
1765 4002 1929 4072 proii-

340 4101 510 4165 ciant,
542 4110 603 4155 ut
649 4100 776 4173 sibi.
796 4100 1056 4157 discendo
1107 4096 1381 4168 coaequari
1414 4095 1762 4161 valeant,ant
1793 4092 1932 4149 forte

342 4193 671 4265 prmcedant.

414 4286 511 4341 Est
534 4294 590 4341 et
614 4283 813 4341 tertius
836 4283 1056 4340 invidiae
1090 4281 1303 4349 modus,
1342 4295 1450 4354 quo
1476 4280 1601 4337 dum
1627 4279 1771 4353 aliis.
1793 4279 1933 4335 bene

344 4377 718 4446 pratdicationi
751 4375 1128 4433 insistentlbus
1152 4373 1394 4430 invidere
1424 4372 1690 4444 quispiam
1718 4371 1931 4442 ittcipit,

2024 2103 2227 2149 sancta:
2252 2094 2654 2162 praedicationis
2688 2094 2942 2158 verbum;
2969 2093 3113 2163 quod
3133 2090 3288 2148 valde
3313 2091 3637 2147 absurdum:

2025 2191 2110 2239 est
2144 2202 2156 2236 :
2190 2184 2233 2237 si
2264 2183 2408 2237 enim
2434 2198 2533 2253 per
2561 2183 2840 2254 sulijugale
2864 2192 3096 2247 mutum,
3124 2178 3179 2237 id
3224 2190 3309 2237 est
3355 2195 3454 2251 per
3503 2181 3611 2235 asi-

2028 2288 2171 2337 nam,
2195 2273 2348 2343 juxta
2381 2272 2511 2326 illud
2565 2273 2708 2327 beati
2758 2272 2904 2328 Petri
2946 2271 3032 2343 (II
3058 2268 3207 2326 Patr.
3236 2270 3435 2340 ".16).
3471 2269 3611 2326 Deus

2025 2364 2227 2435 corripi
2261 2364 2430 2418 voluit
2457 2363 2741 2434 prophetas
2762 2362 3151 2433 insipientiam,
3186 2375 3348 2431 quam
3382 2358 3610 2415 multum

2027 2463 2082 2510 et
2126 2454 2513 2525 peneiabsque
2543 2453 2955 2524 comparatione
2992 2451 3226 2523 dignior-
3249 2461 3332 2507 est
3378 2452 3610 2507 humana

2029 2554 2219 2600 natura
2248 2544 2315 2600 ad
2347 2544 2650 2601 docendum
2678 2552 2735 2599 et
2762 2541 2997 2599 dandam
3020 2586 3025 2593 .
3049 2539 3423 2613 coaequalibus
3453 2541 3627 2596 disci».

2026 2636 2271 2707 plinam?

2100 2726 2618 2798 Loquamur'itaque
2646 2728 2959 2798 quicunque
3010 2741 3181 2784 sacra:
3218 2726 3435 2796 pagina:
3476 2726 3634 2781 noti-3.

2029 2818 2162 2873 tiam
2212 2818 2392 2889 adepti
2442 2833 2663 2886 sumus,
2690 2819 2834 2875 sicut
2874 2832 2943 2876 ex
2966 2818 3114 2884 ~Deo,
3175 2818 3279 2875 hoc
3314 2825 3401 2875 est
3443 2817 3637 2873 Deum-

2030 2910 2199 2967 totius
2226 2912 2398 2966 nostri
2424 2919 2695 2969 tractatus
2713 2912 2978 2969 habentes
3012 2911 3302 2982 originem,
3336 2919 3390 2968 et
3420 2924 3641 2965 coram:

2032 3003 2142 3059 Deo
2166 3002 2296 3059 nulli
2326 3013 2525 3075 praeter
2555 3001 2668 3061 Deo
2697 3006 2795 3061 soli
2844 3020 2911 3062 ex
2949 3004 3152 3061 nostris
3193 3004 3614 3061 sermoniscow

2033 3092 2270 3149 tertioue
2296 3093 2515 3163 placere
2561 3104 2889 3165 quaerentes.
2934 3094 3005 3150 Si‘
3036 3094 3197 3153 enim;
3230 3094 3491 3165 quidquid
3546 3094 3634 3148 ad?

2031 3181 2471 3238 exhortationem
2503 3185 2740 3255 pertinet
2759 3184 3089 3249 animarum,
3118 3198 3224 3239 non
3265 3184 3410 3239 aliud
3458 3182 3613 3238 debet

2029 3288 2227 3331 sonare
2258 3289 2423 3344 quam
2447 3274 2636 3341 Deum,
2663 3277 2749 3330 vel
2770 3275 2987 3331 aliunde
3013 3290 3175 3344 quam
3205 3290 3271 3330 ex
3317 3276 3434 3345 ipso
3458 3275 3643 3345 quasiw

2030 3377 2097 3418 ex
2123 3363 2345 3433 proprio
2374 3378 2475 3418 suo
2507 3362 2659 3419 fonte
2688 3365 2931 3435 prodire,
2986 3364 3114 3431 quid
3165 3364 3440 3435 sacrilegii
3486 3364 3643 3420 facih

2031 3453 2124 3523 qui
2155 3453 2224 3510 de
2253 3454 2454 3510 divinis
2479 3454 2645 3511 rebus
2680 3454 2735 3510 in
2787 3456 2989 3527 quibus
3036 3457 3128 3513 Del
3169 3457 3281 3513 sola
3323 3458 3647 3529 quzerenda'-

2032 3541 2149 3597 laus
2175 3551 2275 3606 est,
2310 3552 2465 3599 suam
2494 3545 2774 3616 pmsumit
2799 3547 3080 3616 quaerere?
3114 3545 3191 3603 Si
3224 3546 3439 3602 furtum
3472 3547 3616 3603 inter
3642 3573 3657 3590 δ

2031 3629 2270 3686 humana
2298 3634 2514 3705 negotia
2543 3634 3025 3704 probrosissimum
3073 3645 3180 3705 est,
3207 3637 3338 3708 quid
3368 3638 3661 3693 criminis'n

2030 3734 2151 3776 esse
2180 3730 2435 3791 putamus
2458 3738 2554 3779 sua
2581 3725 2907 3783 subtrahere
2949 3726 3081 3783 Deo-
3101 3728 3616 3799 etlcsibi'arrogare?

2100 3811 2393 3884 Eugiamus
2414 3814 2576 3869 etiam
2605 3816 2986 3873 eonnumerari
3014 3817 3225 3873 duobus
3249 3817 3353 3874 illis
3365 3818 3618 3889 pessimis

2030 3911 2087 3957 et
2137 3902 2649 3971 inordinatissimis,
2678 3914 2738 3961 ut
2784 3906 2865 3963 sic
2898 3907 3094 3973 dicam,
3121 3908 3427 3974 ordinibus,
3478 3924 3617 3980 quos

2032 3995 2085 4050 in
2121 3994 2361 4051 Ecclesia
2382 4010 2489 4053 non
2510 3996 2784 4063 habemus
2829 4007 2888 4054 ut
2913 3997 3149 4067 fratres.
3181 3999 3278 4056 sed
3320 3988 3616 4056 toleramus

2029 4094 2092 4141 ut
2118 4085 2324 4151 hostes,
2348 4100 2583 4155 quorum
2621 4087 2761 4143 alter
2793 4096 2880 4144 est
2923 4088 3066 4145 male
3100 4088 3438 4154 facientium,
3477 4087 3629 4142 alter

2030 4191 2159 4233 vero
2182 4175 2323 4233 bene
2346 4177 2528 4234 facere
2553 4176 2876 4233 nolentium.
2891 4178 2957 4235 lii
2985 4179 3342 4251 designantur
3368 4194 3463 4251 per
3481 4178 3615 4235 duos

2030 4267 2181 4327 inda:
2212 4267 2371 4332 filios,
2405 4268 2513 4325 Her
2538 4279 2595 4326 et
2645 4269 2800 4327 Onan
2823 4309 2840 4338 ,
2863 4285 3094 4341 quorum
3131 4272 3345 4343 primus
3380 4262 3648 4341 neriuama.

2032 4361 2086 4417 in
2105 4371 2399 4432 conspectu
2429 4362 2672 4429 Domini,
2704 4371 2762 4419 et
2807 4364 2879 4420 ab
2930 4363 3048 4433 ipso
3093 4377 3406 4436 percussus,
3451 4362 3630 4416 vitam-

346 4469 625 4524 ardenlius
651 4470 717 4525 ad
745 4468 1074 4540 loquendum
1120 4481 1180 4523 se
1210 4464 1486 4531 accendit,
1518 4463 1926 4535 Scripturarunt
1962 4491 2011 4551 υ
2034 4453 2343 4551 iniquorum
2373 4455 2523 4551 quia
2555 4454 2667 4510 Deo
2690 4454 3122 4551 prosceleribus-
3161 4456 3481 4551 puniuntur,
3523 4456 3624 4551 den

345 4558 706 4618 obscuritates
741 4559 1011 4623 enueleat,
1042 4557 1146 4612 alia
1170 4556 1425 4629 quarlibet
1452 4563 1507 4611 et
1530 4551 1710 4609 minus
1724 4551 1925 4608 usitata
1965 4545 1999 4551 ⁷
2032 4546 2238 4617 signat;
2288 4547 2590 4611 secundus,
2613 4548 2705 4617 qui
2736 4561 2923 4602 semen
2951 4545 3135 4603 fratris
3175 4547 3395 4603 nomine
3440 4548 3614 4604 susci-

345 4648 587 4717 exponit,
625 4664 924 4720 gravesque
950 4650 1250 4705 sententias
1286 4645 1578 4717 depingere
1625 4640 1927 4713 composito

346 4753 607 4795 sermone
629 4742 1065 4806 eontendit,nou
1117 4748 1179 4794 ut
1208 4739 1275 4794 ad
1331 4737 1473 4793 bene
1518 4735 1785 4807 agendum
1836 4748 1929 4789 aus

344 4831 559 4887 dientes
587 4832 843 4896 :edilicet,
869 4830 971 4887 sed
1000 4841 1059 4887 ut
1080 4829 1319 4903 gloriola:
1338 4828 1568 4899 cupidus
1593 4826 1735 4883 scire
1760 4839 1927 4897 super

344 4920 480 4978 alios
502 4937 659 4978 suum
693 4923 1047 4977 demonstret.
1086 4921 1191 4976 Sed
1229 4920 1353 4976 licet
1383 4919 1524 4974 bona
1551 4916 1690 4972 male
1718 4916 1928 4983 dispen-

344 5023 445 5079 set,
468 5021 521 5069 et
545 5015 783 5084 seipsum
815 5014 950 5069 alios
978 5012 1272 5083 quaerendo
1298 5011 1520 5081 perdat,
1560 5016 1739 5064 tamen
1784 5020 1923 5077 quo-

345 5119 558 5175 cunque
583 5113 743 5175 pacto
772 5103 1025 5159 Christus
1053 5101 1413 5156 annuntietur
1453 5100 1797 5171 gaudendum
1843 5107 1927 5153 est

344 5191 565 5264 (Philip.
613 5211 650 5259 ι,
687 5193 809 5265 18),
863 5204 918 5250 et
949 5207 1107 5249 nemo
1149 5204 1281 5247 sane
1328 5192 1395 5246 de
1446 5190 1571 5245 fidei
1622 5190 1787 5246 verbo
1818 5197 1928 5243 tra-

344 5294 500 5340 ctans
530 5284 874 5355 rejiciendus,
902 5286 1028 5357 quia
1060 5285 1114 5340 in
1140 5282 1324 5338 multis
1352 5280 1502 5337 utilis
1528 5290 1612 5337 est
1637 5295 1924 5336 mercena-

347 5374 481 5431 rius.

418 5465 558 5523 Sunt
578 5468 745 5523 etiam
771 5467 861 5539 qui
883 5467 1023 5524 bona
1044 5467 1191 5537 loqui
1221 5464 1522 5531 fastidiunt,
1537 5478 1769 5533 quorum
1795 5464 1924 5519 dum

348 5558 417 5613 ab
445 5559 590 5615 omni
623 5561 708 5631 pia
730 5561 944 5616 actione
971 5574 1163 5615 manus
1187 5567 1387 5625 cessat,
1416 5571 1524 5613 non
1549 5566 1634 5612 est
1659 5555 1855 5610 mirum
1880 5557 1925 5611 si

349 5663 389 5702 a-
406 5660 605 5705 sancta:
630 5647 918 5705 locutionis
935 5648 1115 5706 studio
1140 5648 1320 5719 lingua
1346 5656 1639 5718 torpescat.
1656 5644 1759 5713 Qui
1783 5644 1925 5700 enim

348 5739 422 5797 nil
447 5740 572 5799 beni
598 5743 851 5813 proponit
884 5757 1065 5812 agere,
1100 5743 1262 5810 unde,
1292 5758 1495 5813 (ιιιωεο,
1526 5743 1617 5798 diu
1647 5740 1824 5797 valeat
1870 5740 1925 5795 in

2029 4646 2146 4693 tare
2178 4636 2371 4703 noluit,
2404 4646 2459 4693 et
2507 4637 2770 4693 divinitus
2820 4637 3058 4693 interimi
3110 4638 3329 4705 meruit,
3378 4654 3474 4696 eos
3519 4641 3611 4711 qui

2027 4727 2182 4782 verbi
2210 4728 2306 4784 Dei
2336 4728 2548 4785 semine
2591 4728 2646 4783 in
2682 4727 2946 4785 cordibus
2974 4728 3216 4785 fidelium
3251 4730 3321 4785 ad
3350 4732 3615 4787 honorem

2026 4816 2231 4875 Christi
2279 4818 2515 4875 fructum
2566 4819 2693 4875 boni
2737 4820 2925 4890 operis
2987 4836 3278 4891 procreare
3328 4832 3609 4894 respuunt,

2028 4909 2314 4981 significat,
2339 4912 2432 4982 qui
2482 4927 2591 4967 non
2645 4911 2827 4967 minus
2878 4913 3217 4971 damnationi
3255 4915 3611 4971 succumbunt

2028 5014 2191 5069 quam
2221 5001 2277 5057 hi
2300 5002 2392 5073 qui
2424 5002 2565 5057 mala
2594 5002 2712 5073 ipsa
2742 5000 3007 5059 alliciunt.

2098 5090 2234 5148 Nam
2267 5092 2333 5158 si,
2350 5091 2508 5161 juxta
2536 5093 2760 5150 beatum
2788 5093 3139 5150 Ambrosium
3169 5090 3268 5161 (De
3286 5093 3421 5163 ofﬁc.
3456 5090 3549 5149 lib.
3572 5110 3608 5157 ι,

2029 5200 2148 5256 cap.
2185 5184 2302 5254 56),
2328 5185 2420 5255 qui
2452 5200 2557 5242 non
2585 5184 2797 5255 repellit
2824 5200 2855 5239 a
2884 5184 3035 5241 socio
3055 5183 3308 5253 iniuriam
3343 5184 3388 5240 si
3410 5192 3609 5256 potest,

2031 5288 2183 5334 tanto
2203 5286 2286 5333 est
2310 5278 2365 5333 iu
2399 5277 2532 5333 vitio
2558 5293 2722 5348 quam
2757 5276 2846 5331 ille
2896 5276 2987 5345 qui
3047 5274 3197 5341 fecit,
3253 5277 3384 5348 quid
3432 5277 3613 5333 obstat

1922 5418 1923 5421 η
2029 5370 2210 5427 dicere
2238 5369 2384 5439 quod
2409 5368 2641 5425 similem
2690 5381 2914 5437 prorsus
2967 5375 3173 5422 reatum
3218 5367 3466 5423 incurrat
3516 5366 3627 5437 qui.

2028 5468 2340 5530 peccantem
2396 5458 2648 5524 attendit,
2705 5465 2762 5512 et
2821 5458 3103 5528 corrigere
3146 5459 3397 5515 recusat?
3445 5457 3609 5514 Juxta

2030 5551 2342 5622 Apostolum
2370 5563 2504 5607 sane
2520 5556 2639 5605 non
2666 5548 2840 5606 solum
2877 5551 2970 5620 qui
3018 5549 3244 5616 faciunt,
3276 5548 3369 5606 sed
3421 5559 3477 5605 et
3515 5548 3626 5619 qui

2031 5644 2360 5701 facientibus
2390 5643 2761 5711 consentiunt,
2775 5643 2925 5715 digni
2954 5651 3127 5700 morte
3154 5643 3408 5699 dicuntur
3428 5642 3447 5713 (
3459 5640 3629 5697 Rom-

2031 5752 2066 5805 ι,
2099 5736 2202 5808 52).
