  <div class='ocr_page' id='page_1' title='image "/cluster/home/n/w/nwhite01/storage/ocr_20150623/156/hvd.32044010683712/017.png"; bbox 0 0 4062 6354; ppageno 0'>
   <div class='ocr_carea' id='block_1_1' title="bbox 424 288 2027 359">
    <p class='ocr_par' dir='ltr' id='par_1_1' title="bbox 424 288 1995 359">
     <span class='ocr_line' id='line_1_1' title="bbox 424 288 1995 359; baseline -0.008 0"><span class='ocrx_word' id='word_1_1' title='bbox 424 298 491 359; x_wconf 64' lang='grc' dir='ltr'><strong>ιε</strong></span> <span class='ocrx_word' id='word_1_2' title='bbox 1255 295 1308 349; x_wconf 75' lang='grc' dir='ltr'><strong>ν.</strong></span> <span class='ocrx_word' id='word_1_3' title='bbox 1350 288 1673 349; x_wconf 68' lang='lat' dir='ltr'><strong>GIJIBERTI</strong></span> <span class='ocrx_word' id='word_1_4' title='bbox 1704 290 1995 347; x_wconf 75' lang='lat' dir='ltr'><strong>ABBATIS</strong></span> 
     </span>
    </p>
   </div>
   <div class='ocr_carea' id='block_1_2' title="bbox 2129 288 3681 359">
    <p class='ocr_par' dir='ltr' id='par_1_2' title="bbox 2145 291 3681 357">
     <span class='ocr_line' id='line_1_2' title="bbox 2145 291 3681 357; baseline 0.007 -11"><span class='ocrx_word' id='word_1_5' title='bbox 2145 292 2387 348; x_wconf 70' lang='grc' dir='ltr'><strong>ΜΑΒΙᾹΞ</strong></span> <span class='ocrx_word' id='word_1_6' title='bbox 2420 292 2509 347; x_wconf 82' lang='lat' dir='ltr'><strong>DE</strong></span> <span class='ocrx_word' id='word_1_7' title='bbox 2545 291 2937 353; x_wconf 79' lang='lat' dir='ltr'><strong>NOVIGENTO</strong></span> <span class='ocrx_word' id='word_1_8' title='bbox 3609 302 3681 357; x_wconf 63' lang='lat'><strong>2‘</strong></span> 
     </span>
    </p>
   </div>
   <div class='ocr_carea' id='block_1_3' title="bbox 500 372 3683 483">
    <p class='ocr_par' dir='ltr' id='par_1_3' title="bbox 500 372 3683 483">
     <span class='ocr_line' id='line_1_3' title="bbox 500 372 3683 483; baseline 0.001 -15"><span class='ocrx_word' id='word_1_9' title='bbox 500 372 650 468; x_wconf 49' lang='lat' dir='ltr'><strong>[licet</strong></span> <span class='ocrx_word' id='word_1_10' title='bbox 676 425 807 483; x_wconf 85' lang='lat' dir='ltr'><strong>ergo</strong></span> <span class='ocrx_word' id='word_1_11' title='bbox 837 425 946 466; x_wconf 91' lang='lat' dir='ltr'><strong>non</strong></span> <span class='ocrx_word' id='word_1_12' title='bbox 974 410 1045 465; x_wconf 89' lang='lat' dir='ltr'><strong>sit</strong></span> <span class='ocrx_word' id='word_1_13' title='bbox 1069 392 1378 480; x_wconf 59' lang='lat' dir='ltr'><strong>episcopus,</strong></span> <span class='ocrx_word' id='word_1_14' title='bbox 1400 414 1493 461; x_wconf 91' lang='lat' dir='ltr'><strong>aut</strong></span> <span class='ocrx_word' id='word_1_15' title='bbox 1515 404 1704 469; x_wconf 83' lang='lat' dir='ltr'><strong>abbas,</strong></span> <span class='ocrx_word' id='word_1_16' title='bbox 1742 418 1835 460; x_wconf 83' lang='lat' dir='ltr'><strong>seu</strong></span> <span class='ocrx_word' id='word_1_17' title='bbox 1865 418 2001 474; x_wconf 83' lang='lat' dir='ltr'><strong>qua--</strong></span> <span class='ocrx_word' id='word_1_18' title='bbox 2031 408 2079 465; x_wconf 84' lang='lat' dir='ltr'><strong>A</strong></span> <span class='ocrx_word' id='word_1_19' title='bbox 2177 405 2296 474; x_wconf 87' lang='lat' dir='ltr'><strong>Ipse</strong></span> <span class='ocrx_word' id='word_1_20' title='bbox 2336 415 2423 461; x_wconf 87' lang='lat' dir='ltr'><strong>est</strong></span> <span class='ocrx_word' id='word_1_21' title='bbox 2453 404 2688 474; x_wconf 78' lang='lat' dir='ltr'><strong>Spiritus</strong></span> <span class='ocrx_word' id='word_1_22' title='bbox 2728 407 2845 477; x_wconf 79' lang='lat' dir='ltr'><strong>qui,</strong></span> <span class='ocrx_word' id='word_1_23' title='bbox 2870 421 2991 463; x_wconf 91' lang='lat' dir='ltr'><strong>cum</strong></span> <span class='ocrx_word' id='word_1_24' title='bbox 3037 409 3108 463; x_wconf 81' lang='lat' dir='ltr'><strong>sit</strong></span> <span class='ocrx_word' id='word_1_25' title='bbox 3150 408 3350 477; x_wconf 89' lang='lat' dir='ltr'><strong>bonus,</strong></span> <span class='ocrx_word' id='word_1_26' title='bbox 3378 412 3533 469; x_wconf 88' lang='lat' dir='ltr'><strong>docet</strong></span> <span class='ocrx_word' id='word_1_27' title='bbox 3578 431 3683 473; x_wconf 79' lang='lat' dir='ltr'><strong>nos</strong></span> 
     </span>
    </p>
   </div>
   <div class='ocr_carea' id='block_1_4' title="bbox 426 494 3689 574">
    <p class='ocr_par' dir='ltr' id='par_1_4' title="bbox 426 494 3689 574">
     <span class='ocr_line' id='line_1_4' title="bbox 426 494 3689 574; baseline 0.002 -17"><span class='ocrx_word' id='word_1_28' title='bbox 426 504 555 558; x_wconf 90' lang='lat' dir='ltr'><strong>libet</strong></span> <span class='ocrx_word' id='word_1_29' title='bbox 578 511 846 574; x_wconf 91' lang='lat' dir='ltr'><strong>potestate</strong></span> <span class='ocrx_word' id='word_1_30' title='bbox 865 501 1203 572; x_wconf 73' lang='lat' dir='ltr'><strong>prmmineat,</strong></span> <span class='ocrx_word' id='word_1_31' title='bbox 1236 507 1361 570; x_wconf 84' lang='lat' dir='ltr'><strong>agat</strong></span> <span class='ocrx_word' id='word_1_32' title='bbox 1391 506 1568 552; x_wconf 89' lang='lat' dir='ltr'><strong>tamen</strong></span> <span class='ocrx_word' id='word_1_33' title='bbox 1592 494 1749 565; x_wconf 77' lang='lat' dir='ltr'><strong>juxta</strong></span> <span class='ocrx_word' id='word_1_34' title='bbox 1783 496 2002 551; x_wconf 89' lang='lat' dir='ltr'><strong>beatum</strong></span> <span class='ocrx_word' id='word_1_35' title='bbox 2104 496 2429 563; x_wconf 81' lang='lat' dir='ltr'><strong>bonitatem;</strong></span> <span class='ocrx_word' id='word_1_36' title='bbox 2476 497 2530 552; x_wconf 91' lang='lat' dir='ltr'><strong>in</strong></span> <span class='ocrx_word' id='word_1_37' title='bbox 2571 497 2716 553; x_wconf 86' lang='lat' dir='ltr'><strong>bono</strong></span> <span class='ocrx_word' id='word_1_38' title='bbox 2743 497 2953 553; x_wconf 79' lang='lat' dir='ltr'><strong>scilicet</strong></span> <span class='ocrx_word' id='word_1_39' title='bbox 2980 512 3045 553; x_wconf 91' lang='lat' dir='ltr'><strong>ac</strong></span> <span class='ocrx_word' id='word_1_40' title='bbox 3082 498 3313 571; x_wconf 84' lang='lat' dir='ltr'><strong>simplici</strong></span> <span class='ocrx_word' id='word_1_41' title='bbox 3346 518 3447 558; x_wconf 90' lang='lat' dir='ltr'><strong>nos</strong></span> <span class='ocrx_word' id='word_1_42' title='bbox 3482 504 3689 563; x_wconf 85' lang='lat' dir='ltr'><strong>aﬂ&#39;ectu</strong></span> 
     </span>
    </p>
   </div>
   <div class='ocr_carea' id='block_1_5' title="bbox 426 582 2005 663">
    <p class='ocr_par' dir='ltr' id='par_1_5' title="bbox 426 582 2005 663">
     <span class='ocr_line' id='line_1_5' title="bbox 426 582 2005 663; baseline -0.006 -16"><span class='ocrx_word' id='word_1_43' title='bbox 426 592 790 663; x_wconf 75' lang='lat' dir='ltr'><strong>Augustinum</strong></span> <span class='ocrx_word' id='word_1_44' title='bbox 808 605 905 661; x_wconf 90' lang='lat' dir='ltr'><strong>pro</strong></span> <span class='ocrx_word' id='word_1_45' title='bbox 926 604 1151 661; x_wconf 77' lang='lat' dir='ltr'><strong>persona</strong></span> <span class='ocrx_word' id='word_1_46' title='bbox 1173 587 1224 659; x_wconf 79' lang='lat'><strong>3</strong></span> <span class='ocrx_word' id='word_1_47' title='bbox 1252 601 1413 657; x_wconf 90' lang='lat' dir='ltr'><strong>quam</strong></span> <span class='ocrx_word' id='word_1_48' title='bbox 1440 593 1641 656; x_wconf 89' lang='lat' dir='ltr'><strong>portat.</strong></span> <span class='ocrx_word' id='word_1_49' title='bbox 1665 582 2005 639; x_wconf 83' lang='lat' dir='ltr'><strong>Christianus</strong></span> 
     </span>
    </p>
   </div>
   <div class='ocr_carea' id='block_1_6' title="bbox 431 675 2003 749">
    <p class='ocr_par' dir='ltr' id='par_1_6' title="bbox 431 675 2003 749">
     <span class='ocr_line' id='line_1_6' title="bbox 431 675 2003 749; baseline -0.006 -11"><span class='ocrx_word' id='word_1_50' title='bbox 431 692 541 749; x_wconf 90' lang='lat' dir='ltr'><strong>cst;</strong></span> <span class='ocrx_word' id='word_1_51' title='bbox 577 683 623 737; x_wconf 91' lang='lat' dir='ltr'><strong>si</strong></span> <span class='ocrx_word' id='word_1_52' title='bbox 652 682 959 739; x_wconf 90' lang='lat' dir='ltr'><strong>Christiane</strong></span> <span class='ocrx_word' id='word_1_53' title='bbox 986 682 1169 736; x_wconf 84' lang='lat' dir='ltr'><strong>vivere</strong></span> <span class='ocrx_word' id='word_1_54' title='bbox 1212 679 1351 745; x_wconf 85' lang='lat' dir='ltr'><strong>vult,</strong></span> <span class='ocrx_word' id='word_1_55' title='bbox 1378 678 1520 734; x_wconf 90' lang='lat' dir='ltr'><strong>sicut</strong></span> <span class='ocrx_word' id='word_1_56' title='bbox 1551 676 1605 732; x_wconf 91' lang='lat' dir='ltr'><strong>in</strong></span> <span class='ocrx_word' id='word_1_57' title='bbox 1636 690 1715 740; x_wconf 91' lang='lat' dir='ltr'><strong>se,</strong></span> <span class='ocrx_word' id='word_1_58' title='bbox 1762 675 1835 729; x_wconf 89' lang='lat' dir='ltr'><strong>ita</strong></span> <span class='ocrx_word' id='word_1_59' title='bbox 1865 688 2003 744; x_wconf 85' lang='lat' dir='ltr'><strong>quo-</strong></span> 
     </span>
    </p>
   </div>
   <div class='ocr_carea' id='block_1_7' title="bbox 433 766 1702 844">
    <p class='ocr_par' dir='ltr' id='par_1_7' title="bbox 433 766 1702 844">
     <span class='ocr_line' id='line_1_7' title="bbox 433 766 1702 844; baseline -0.006 -17"><span class='ocrx_word' id='word_1_60' title='bbox 433 790 540 844; x_wconf 90' lang='lat' dir='ltr'><strong>que</strong></span> <span class='ocrx_word' id='word_1_61' title='bbox 571 774 625 827; x_wconf 91' lang='lat' dir='ltr'><strong>in</strong></span> <span class='ocrx_word' id='word_1_62' title='bbox 650 773 773 827; x_wconf 92' lang='lat' dir='ltr'><strong>aliis</strong></span> <span class='ocrx_word' id='word_1_63' title='bbox 794 771 1159 826; x_wconf 86' lang='lat' dir='ltr'><strong>Christianum</strong></span> <span class='ocrx_word' id='word_1_64' title='bbox 1192 783 1389 825; x_wconf 86' lang='lat' dir='ltr'><strong>nomen</strong></span> <span class='ocrx_word' id='word_1_65' title='bbox 1418 766 1702 822; x_wconf 86' lang='lat' dir='ltr'><strong>clariﬂcet.</strong></span> 
     </span>
    </p>
   </div>
   <div class='ocr_carea' id='block_1_8' title="bbox 506 852 2010 929">
    <p class='ocr_par' dir='ltr' id='par_1_8' title="bbox 506 852 2010 929">
     <span class='ocr_line' id='line_1_8' title="bbox 506 852 2010 929; baseline -0.009 -9"><span class='ocrx_word' id='word_1_66' title='bbox 506 864 563 919; x_wconf 90' lang='lat' dir='ltr'><strong>In</strong></span> <span class='ocrx_word' id='word_1_67' title='bbox 592 862 998 919; x_wconf 87' lang='lat' dir='ltr'><strong>Deuteronomio</strong></span> <span class='ocrx_word' id='word_1_68' title='bbox 1028 862 1192 915; x_wconf 87' lang='lat' dir='ltr'><strong>etiam</strong></span> <span class='ocrx_word' id='word_1_69' title='bbox 1223 860 1296 914; x_wconf 91' lang='lat' dir='ltr'><strong>ita</strong></span> <span class='ocrx_word' id='word_1_70' title='bbox 1325 857 1522 929; x_wconf 79' lang='lat' dir='ltr'><strong>legitur</strong></span> <span class='ocrx_word' id='word_1_71' title='bbox 1544 853 1791 927; x_wconf 75' lang='lat' dir='ltr'><strong>(xxnt,5)</strong></span> <span class='ocrx_word' id='word_1_72' title='bbox 1828 873 1839 907; x_wconf 92' lang='lat'><strong>:</strong></span> <span class='ocrx_word' id='word_1_73' title='bbox 1869 852 2010 908; x_wconf 80' lang='lat' dir='ltr'><strong>Moa-</strong></span> 
     </span>
    </p>
   </div>
   <div class='ocr_carea' id='block_1_9' title="bbox 435 949 2009 1025">
    <p class='ocr_par' dir='ltr' id='par_1_9' title="bbox 435 949 2009 1025">
     <span class='ocr_line' id='line_1_9' title="bbox 435 949 2009 1025; baseline -0.004 -16"><span class='ocrx_word' id='word_1_74' title='bbox 435 956 579 1010; x_wconf 89' lang='lat' dir='ltr'><strong>bites</strong></span> <span class='ocrx_word' id='word_1_75' title='bbox 610 964 665 1010; x_wconf 89' lang='lat' dir='ltr'><strong>et</strong></span> <span class='ocrx_word' id='word_1_76' title='bbox 704 953 1036 1009; x_wconf 77' lang='lat' dir='ltr'><strong>Ammanites</strong></span> <span class='ocrx_word' id='word_1_77' title='bbox 1062 949 1442 1025; x_wconf 75' lang='lat' dir='ltr'><strong>[Ammonites]</strong></span> <span class='ocrx_word' id='word_1_78' title='bbox 1493 965 1597 1006; x_wconf 92' lang='lat' dir='ltr'><strong>non</strong></span> <span class='ocrx_word' id='word_1_79' title='bbox 1642 951 1912 1004; x_wconf 88' lang='lat' dir='ltr'><strong>intrabunt</strong></span> <span class='ocrx_word' id='word_1_80' title='bbox 1956 949 2009 1003; x_wconf 82' lang='lat' dir='ltr'><strong>in</strong></span> 
     </span>
    </p>
   </div>
   <div class='ocr_carea' id='block_1_10' title="bbox 435 1040 2010 1113">
    <p class='ocr_par' dir='ltr' id='par_1_10' title="bbox 435 1040 2010 1113">
     <span class='ocr_line' id='line_1_10' title="bbox 435 1040 2010 1113; baseline -0.003 -15"><span class='ocrx_word' id='word_1_81' title='bbox 435 1044 726 1100; x_wconf 86' lang='lat' dir='ltr'><strong>Ecelesiam</strong></span> <span class='ocrx_word' id='word_1_82' title='bbox 750 1042 961 1099; x_wconf 88' lang='lat' dir='ltr'><strong>Domini</strong></span> <span class='ocrx_word' id='word_1_83' title='bbox 992 1044 1155 1098; x_wconf 88' lang='lat' dir='ltr'><strong>etiam</strong></span> <span class='ocrx_word' id='word_1_84' title='bbox 1178 1051 1302 1113; x_wconf 88' lang='lat' dir='ltr'><strong>post</strong></span> <span class='ocrx_word' id='word_1_85' title='bbox 1326 1044 1587 1098; x_wconf 87' lang='lat' dir='ltr'><strong>decimam</strong></span> <span class='ocrx_word' id='word_1_86' title='bbox 1611 1040 2010 1113; x_wconf 81' lang='lat' dir='ltr'><strong>generationem</strong></span> 
     </span>
    </p>
   </div>
   <div class='ocr_carea' id='block_1_11' title="bbox 435 1131 2010 1204">
    <p class='ocr_par' dir='ltr' id='par_1_11' title="bbox 435 1131 2010 1204">
     <span class='ocr_line' id='line_1_11' title="bbox 435 1131 2010 1204; baseline 0 -19"><span class='ocrx_word' id='word_1_87' title='bbox 435 1147 603 1203; x_wconf 83' lang='lat' dir='ltr'><strong>usque</strong></span> <span class='ocrx_word' id='word_1_88' title='bbox 640 1134 695 1189; x_wconf 90' lang='lat' dir='ltr'><strong>in</strong></span> <span class='ocrx_word' id='word_1_89' title='bbox 733 1143 1021 1189; x_wconf 80' lang='lat' dir='ltr'><strong>:eternum.</strong></span> <span class='ocrx_word' id='word_1_90' title='bbox 1052 1134 1118 1187; x_wconf 90' lang='lat' dir='ltr'><strong>Et</strong></span> <span class='ocrx_word' id='word_1_91' title='bbox 1145 1135 1210 1189; x_wconf 89' lang='lat' dir='ltr'><strong>de</strong></span> <span class='ocrx_word' id='word_1_92' title='bbox 1238 1133 1464 1204; x_wconf 84' lang='lat' dir='ltr'><strong>singulis</strong></span> <span class='ocrx_word' id='word_1_93' title='bbox 1485 1148 1677 1189; x_wconf 83' lang='lat' dir='ltr'><strong>causas</strong></span> <span class='ocrx_word' id='word_1_94' title='bbox 1698 1131 2010 1201; x_wconf 89' lang='lat' dir='ltr'><strong>subjiciens,</strong></span> 
     </span>
    </p>
   </div>
   <div class='ocr_carea' id='block_1_12' title="bbox 432 1222 2015 1293">
    <p class='ocr_par' dir='ltr' id='par_1_12' title="bbox 432 1222 2015 1293">
     <span class='ocr_line' id='line_1_12' title="bbox 432 1222 2015 1293; baseline -0.001 -16"><span class='ocrx_word' id='word_1_95' title='bbox 432 1223 500 1278; x_wconf 91' lang='lat' dir='ltr'><strong>de</strong></span> <span class='ocrx_word' id='word_1_96' title='bbox 528 1222 762 1278; x_wconf 83' lang='lat' dir='ltr'><strong>Moabite</strong></span> <span class='ocrx_word' id='word_1_97' title='bbox 790 1222 1005 1293; x_wconf 87' lang='lat' dir='ltr'><strong>quidem</strong></span> <span class='ocrx_word' id='word_1_98' title='bbox 1052 1223 1149 1290; x_wconf 87' lang='lat' dir='ltr'><strong>ait,</strong></span> <span class='ocrx_word' id='word_1_99' title='bbox 1172 1224 1299 1292; x_wconf 88' lang='lat' dir='ltr'><strong>quia</strong></span> <span class='ocrx_word' id='word_1_100' title='bbox 1347 1222 1601 1278; x_wconf 88' lang='lat' dir='ltr'><strong>Israelitis</strong></span> <span class='ocrx_word' id='word_1_101' title='bbox 1635 1237 1757 1276; x_wconf 89' lang='lat' dir='ltr'><strong>cum</strong></span> <span class='ocrx_word' id='word_1_102' title='bbox 1796 1236 1934 1291; x_wconf 90' lang='lat' dir='ltr'><strong>pane</strong></span> <span class='ocrx_word' id='word_1_103' title='bbox 1960 1229 2015 1275; x_wconf 89' lang='lat' dir='ltr'><strong>et</strong></span> 
     </span>
    </p>
   </div>
   <div class='ocr_carea' id='block_1_13' title="bbox 434 1312 2015 1385">
    <p class='ocr_par' dir='ltr' id='par_1_13' title="bbox 434 1312 2015 1385">
     <span class='ocr_line' id='line_1_13' title="bbox 434 1312 2015 1385; baseline 0 -20"><span class='ocrx_word' id='word_1_104' title='bbox 434 1328 575 1382; x_wconf 90' lang='lat' dir='ltr'><strong>aqua</strong></span> <span class='ocrx_word' id='word_1_105' title='bbox 607 1312 845 1383; x_wconf 77' lang='lat' dir='ltr'><strong>egressis</strong></span> <span class='ocrx_word' id='word_1_106' title='bbox 877 1329 942 1368; x_wconf 86' lang='lat' dir='ltr'><strong>ex</strong></span> <span class='ocrx_word' id='word_1_107' title='bbox 987 1312 1224 1385; x_wconf 62' lang='lat' dir='ltr'><strong>Egypto</strong></span> <span class='ocrx_word' id='word_1_108' title='bbox 1268 1329 1376 1369; x_wconf 88' lang='lat' dir='ltr'><strong>non</strong></span> <span class='ocrx_word' id='word_1_109' title='bbox 1425 1313 1754 1379; x_wconf 77' lang='lat' dir='ltr'><strong>occurrerit;</strong></span> <span class='ocrx_word' id='word_1_110' title='bbox 1795 1314 1862 1368; x_wconf 89' lang='lat' dir='ltr'><strong>de</strong></span> <span class='ocrx_word' id='word_1_111' title='bbox 1888 1312 2015 1367; x_wconf 82' lang='lat' dir='ltr'><strong>Am-</strong></span> 
     </span>
    </p>
   </div>
   <div class='ocr_carea' id='block_1_14' title="bbox 433 1404 2014 1475">
    <p class='ocr_par' dir='ltr' id='par_1_14' title="bbox 433 1404 2014 1475">
     <span class='ocr_line' id='line_1_14' title="bbox 433 1404 2014 1475; baseline 0.002 -19"><span class='ocrx_word' id='word_1_112' title='bbox 433 1404 637 1459; x_wconf 89' lang='lat' dir='ltr'><strong>manite</strong></span> <span class='ocrx_word' id='word_1_113' title='bbox 657 1405 941 1475; x_wconf 87' lang='lat' dir='ltr'><strong>vero,qnia</strong></span> <span class='ocrx_word' id='word_1_114' title='bbox 961 1404 1179 1461; x_wconf 87' lang='lat' dir='ltr'><strong>Balaam</strong></span> <span class='ocrx_word' id='word_1_115' title='bbox 1208 1406 1476 1462; x_wconf 78' lang='lat' dir='ltr'><strong>hariolum</strong></span> <span class='ocrx_word' id='word_1_116' title='bbox 1498 1408 1564 1462; x_wconf 91' lang='lat' dir='ltr'><strong>ad</strong></span> <span class='ocrx_word' id='word_1_117' title='bbox 1589 1405 2014 1462; x_wconf 86' lang='lat' dir='ltr'><strong>maledicendum</strong></span> 
     </span>
    </p>
   </div>
   <div class='ocr_carea' id='block_1_15' title="bbox 435 1493 1358 1567">
    <p class='ocr_par' dir='ltr' id='par_1_15' title="bbox 435 1493 1358 1567">
     <span class='ocr_line' id='line_1_15' title="bbox 435 1493 1358 1567; baseline 0.004 -20"><span class='ocrx_word' id='word_1_118' title='bbox 435 1493 640 1548; x_wconf 84' lang='lat' dir='ltr'><strong>eisdem</strong></span> <span class='ocrx_word' id='word_1_119' title='bbox 672 1494 988 1551; x_wconf 85' lang='lat' dir='ltr'><strong>conduxerit</strong></span> <span class='ocrx_word' id='word_1_120' title='bbox 1016 1496 1167 1566; x_wconf 84' lang='lat' dir='ltr'><strong>(ibid.</strong></span> <span class='ocrx_word' id='word_1_121' title='bbox 1195 1512 1249 1563; x_wconf 87' lang='lat' dir='ltr'><strong>v,</strong></span> <span class='ocrx_word' id='word_1_122' title='bbox 1276 1497 1358 1567; x_wconf 70' lang='grc'><strong>4).</strong></span> 
     </span>
    </p>
   </div>
   <div class='ocr_carea' id='block_1_16' title="bbox 508 1581 2015 1656">
    <p class='ocr_par' dir='ltr' id='par_1_16' title="bbox 508 1581 2015 1656">
     <span class='ocr_line' id='line_1_16' title="bbox 508 1581 2015 1656; baseline 0.003 -19"><span class='ocrx_word' id='word_1_123' title='bbox 508 1581 650 1649; x_wconf 82' lang='lat' dir='ltr'><strong>Quid</strong></span> <span class='ocrx_word' id='word_1_124' title='bbox 696 1599 793 1655; x_wconf 82' lang='lat' dir='ltr'><strong>per</strong></span> <span class='ocrx_word' id='word_1_125' title='bbox 841 1585 1129 1642; x_wconf 79' lang='lat' dir='ltr'><strong>Moabitem</strong></span> <span class='ocrx_word' id='word_1_126' title='bbox 1178 1596 1236 1643; x_wconf 91' lang='lat' dir='ltr'><strong>et</strong></span> <span class='ocrx_word' id='word_1_127' title='bbox 1286 1587 1665 1649; x_wconf 86' lang='lat' dir='ltr'><strong>Ammanitem,</strong></span> <span class='ocrx_word' id='word_1_128' title='bbox 1702 1585 1804 1641; x_wconf 90' lang='lat' dir='ltr'><strong>nisi</strong></span> <span class='ocrx_word' id='word_1_129' title='bbox 1852 1600 2015 1656; x_wconf 87' lang='lat' dir='ltr'><strong>supra</strong></span> 
     </span>
    </p>
   </div>
   <div class='ocr_carea' id='block_1_17' title="bbox 438 1676 2017 1749">
    <p class='ocr_par' dir='ltr' id='par_1_17' title="bbox 438 1676 2017 1749">
     <span class='ocr_line' id='line_1_17' title="bbox 438 1676 2017 1749; baseline 0.004 -23"><span class='ocrx_word' id='word_1_130' title='bbox 438 1684 795 1732; x_wconf 86' lang='lat' dir='ltr'><strong>memoratum</strong></span> <span class='ocrx_word' id='word_1_131' title='bbox 816 1676 1009 1747; x_wconf 80' lang='lat' dir='ltr'><strong>duplex</strong></span> <span class='ocrx_word' id='word_1_132' title='bbox 1030 1678 1305 1734; x_wconf 87' lang='lat' dir='ltr'><strong>hominum</strong></span> <span class='ocrx_word' id='word_1_133' title='bbox 1326 1695 1513 1749; x_wconf 85' lang='lat' dir='ltr'><strong>genus,</strong></span> <span class='ocrx_word' id='word_1_134' title='bbox 1538 1679 1744 1734; x_wconf 88' lang='lat' dir='ltr'><strong>scilicet</strong></span> <span class='ocrx_word' id='word_1_135' title='bbox 1762 1678 2017 1748; x_wconf 85' lang='lat' dir='ltr'><strong>prodesse</strong></span> 
     </span>
    </p>
   </div>
   <div class='ocr_carea' id='block_1_18' title="bbox 2105 587 3691 660">
    <p class='ocr_par' dir='ltr' id='par_1_18' title="bbox 2105 587 3691 660">
     <span class='ocr_line' id='line_1_18' title="bbox 2105 587 3691 660; baseline 0.005 -16"><span class='ocrx_word' id='word_1_136' title='bbox 2105 587 2419 653; x_wconf 91' lang='lat' dir='ltr'><strong>constituit,</strong></span> <span class='ocrx_word' id='word_1_137' title='bbox 2457 595 2511 643; x_wconf 91' lang='lat' dir='ltr'><strong>et</strong></span> <span class='ocrx_word' id='word_1_138' title='bbox 2541 588 2617 643; x_wconf 90' lang='lat' dir='ltr'><strong>sic</strong></span> <span class='ocrx_word' id='word_1_139' title='bbox 2650 602 2749 644; x_wconf 88' lang='lat' dir='ltr'><strong>nos</strong></span> <span class='ocrx_word' id='word_1_140' title='bbox 2779 588 2974 644; x_wconf 91' lang='lat' dir='ltr'><strong>deinde</strong></span> <span class='ocrx_word' id='word_1_141' title='bbox 3016 588 3357 659; x_wconf 86' lang='lat' dir='ltr'><strong>disciplinam</strong></span> <span class='ocrx_word' id='word_1_142' title='bbox 3401 593 3590 660; x_wconf 91' lang='lat' dir='ltr'><strong>docet,</strong></span> <span class='ocrx_word' id='word_1_143' title='bbox 3622 607 3691 652; x_wconf 83' lang='lat' dir='ltr'><strong>ut</strong></span> 
     </span>
    </p>
   </div>
   <div class='ocr_carea' id='block_1_19' title="bbox 2107 676 3683 751">
    <p class='ocr_par' dir='ltr' id='par_1_19' title="bbox 2107 676 3683 751">
     <span class='ocr_line' id='line_1_19' title="bbox 2107 676 3683 751; baseline 0.004 -19"><span class='ocrx_word' id='word_1_144' title='bbox 2107 693 2214 734; x_wconf 87' lang='lat' dir='ltr'><strong>non</strong></span> <span class='ocrx_word' id='word_1_145' title='bbox 2241 676 2547 747; x_wconf 87' lang='lat' dir='ltr'><strong>fatigemur,</strong></span> <span class='ocrx_word' id='word_1_146' title='bbox 2574 692 2697 732; x_wconf 92' lang='lat' dir='ltr'><strong>cum</strong></span> <span class='ocrx_word' id='word_1_147' title='bbox 2745 692 2775 731; x_wconf 92' lang='lat' dir='ltr'><strong>a</strong></span> <span class='ocrx_word' id='word_1_148' title='bbox 2806 676 2918 733; x_wconf 92' lang='lat' dir='ltr'><strong>Deo</strong></span> <span class='ocrx_word' id='word_1_149' title='bbox 2956 678 3252 748; x_wconf 86' lang='lat' dir='ltr'><strong>arguimur,</strong></span> <span class='ocrx_word' id='word_1_150' title='bbox 3298 682 3422 751; x_wconf 85' lang='lat' dir='ltr'><strong>quia</strong></span> <span class='ocrx_word' id='word_1_151' title='bbox 3460 697 3582 739; x_wconf 89' lang='lat' dir='ltr'><strong>cum</strong></span> <span class='ocrx_word' id='word_1_152' title='bbox 3614 686 3683 739; x_wconf 91' lang='lat' dir='ltr'><strong>ab</strong></span> 
     </span>
    </p>
   </div>
   <div class='ocr_carea' id='block_1_20' title="bbox 2110 764 3699 837">
    <p class='ocr_par' dir='ltr' id='par_1_20' title="bbox 2110 764 3699 837">
     <span class='ocr_line' id='line_1_20' title="bbox 2110 764 3699 837; baseline 0.006 -18"><span class='ocrx_word' id='word_1_153' title='bbox 2110 766 2227 836; x_wconf 91' lang='lat' dir='ltr'><strong>ipso</strong></span> <span class='ocrx_word' id='word_1_154' title='bbox 2261 764 2587 836; x_wconf 78' lang='lat' dir='ltr'><strong>iudicamur,</strong></span> <span class='ocrx_word' id='word_1_155' title='bbox 2630 768 2901 837; x_wconf 81' lang='lat' dir='ltr'><strong>correptio</strong></span> <span class='ocrx_word' id='word_1_156' title='bbox 2944 776 3049 833; x_wconf 88' lang='lat' dir='ltr'><strong>cst,</strong></span> <span class='ocrx_word' id='word_1_157' title='bbox 3080 777 3136 823; x_wconf 92' lang='lat' dir='ltr'><strong>ut</strong></span> <span class='ocrx_word' id='word_1_158' title='bbox 3165 784 3272 824; x_wconf 91' lang='lat' dir='ltr'><strong>non</strong></span> <span class='ocrx_word' id='word_1_159' title='bbox 3314 785 3438 827; x_wconf 89' lang='lat' dir='ltr'><strong>cum</strong></span> <span class='ocrx_word' id='word_1_160' title='bbox 3480 774 3699 829; x_wconf 78' lang='lat' dir='ltr'><strong>mundo</strong></span> 
     </span>
    </p>
   </div>
   <div class='ocr_carea' id='block_1_21' title="bbox 2110 855 3685 927">
    <p class='ocr_par' dir='ltr' id='par_1_21' title="bbox 2110 855 3685 927">
     <span class='ocr_line' id='line_1_21' title="bbox 2110 855 3685 927; baseline 0.005 -16"><span class='ocrx_word' id='word_1_161' title='bbox 2110 855 2458 922; x_wconf 84' lang='lat' dir='ltr'><strong>damnentur;</strong></span> <span class='ocrx_word' id='word_1_162' title='bbox 2495 864 2550 910; x_wconf 91' lang='lat' dir='ltr'><strong>et</strong></span> <span class='ocrx_word' id='word_1_163' title='bbox 2579 871 2675 925; x_wconf 91' lang='lat' dir='ltr'><strong>per</strong></span> <span class='ocrx_word' id='word_1_164' title='bbox 2713 856 2816 911; x_wconf 83' lang='lat' dir='ltr'><strong>hoc</strong></span> <span class='ocrx_word' id='word_1_165' title='bbox 2862 856 3032 911; x_wconf 87' lang='lat' dir='ltr'><strong>multa</strong></span> <span class='ocrx_word' id='word_1_166' title='bbox 3068 856 3189 927; x_wconf 85' lang='lat' dir='ltr'><strong>jam</strong></span> <span class='ocrx_word' id='word_1_167' title='bbox 3224 860 3456 917; x_wconf 86' lang='lat' dir='ltr'><strong>scientia</strong></span> <span class='ocrx_word' id='word_1_168' title='bbox 3482 871 3538 918; x_wconf 90' lang='lat' dir='ltr'><strong>et</strong></span> <span class='ocrx_word' id='word_1_169' title='bbox 3567 862 3685 919; x_wconf 72' lang='lat' dir='ltr'><strong>dis-</strong></span> 
     </span>
    </p>
   </div>
   <div class='ocr_carea' id='block_1_22' title="bbox 2110 948 3703 1023">
    <p class='ocr_par' dir='ltr' id='par_1_22' title="bbox 2110 948 3703 1023">
     <span class='ocr_line' id='line_1_22' title="bbox 2110 948 3703 1023; baseline 0.005 -21"><span class='ocrx_word' id='word_1_170' title='bbox 2110 948 2281 1003; x_wconf 89' lang='lat' dir='ltr'><strong>cretio</strong></span> <span class='ocrx_word' id='word_1_171' title='bbox 2326 948 2657 1018; x_wconf 85' lang='lat' dir='ltr'><strong>acquiritur,</strong></span> <span class='ocrx_word' id='word_1_172' title='bbox 2708 955 2766 1003; x_wconf 92' lang='lat' dir='ltr'><strong>ut</strong></span> <span class='ocrx_word' id='word_1_173' title='bbox 2814 949 3048 1005; x_wconf 89' lang='lat' dir='ltr'><strong>sciamus</strong></span> <span class='ocrx_word' id='word_1_174' title='bbox 3108 952 3435 1021; x_wconf 83' lang='lat' dir='ltr'><strong>temporales</strong></span> <span class='ocrx_word' id='word_1_175' title='bbox 3489 954 3703 1023; x_wconf 76' lang='lat' dir='ltr'><strong>glorias</strong></span> 
     </span>
    </p>
   </div>
   <div class='ocr_carea' id='block_1_23' title="bbox 2111 1038 3697 1112">
    <p class='ocr_par' dir='ltr' id='par_1_23' title="bbox 2111 1038 3697 1112">
     <span class='ocr_line' id='line_1_23' title="bbox 2111 1038 3697 1112; baseline 0.005 -21"><span class='ocrx_word' id='word_1_176' title='bbox 2111 1046 2343 1095; x_wconf 81' lang='lat' dir='ltr'><strong>:eternos</strong></span> <span class='ocrx_word' id='word_1_177' title='bbox 2388 1038 2642 1108; x_wconf 87' lang='lat' dir='ltr'><strong>subsequi</strong></span> <span class='ocrx_word' id='word_1_178' title='bbox 2688 1038 2903 1107; x_wconf 90' lang='lat' dir='ltr'><strong>luctus,</strong></span> <span class='ocrx_word' id='word_1_179' title='bbox 2944 1048 3001 1094; x_wconf 90' lang='lat' dir='ltr'><strong>et</strong></span> <span class='ocrx_word' id='word_1_180' title='bbox 3044 1041 3249 1112; x_wconf 89' lang='lat' dir='ltr'><strong>ﬂagella</strong></span> <span class='ocrx_word' id='word_1_181' title='bbox 3313 1053 3697 1101; x_wconf 80' lang='lat' dir='ltr'><strong>momentanea</strong></span> 
     </span>
    </p>
   </div>
   <div class='ocr_carea' id='block_1_24' title="bbox 2113 1125 3693 1203">
    <p class='ocr_par' dir='ltr' id='par_1_24' title="bbox 2113 1125 3693 1203">
     <span class='ocr_line' id='line_1_24' title="bbox 2113 1125 3693 1203; baseline 0.006 -23"><span class='ocrx_word' id='word_1_182' title='bbox 2113 1125 2271 1181; x_wconf 85' lang='lat' dir='ltr'><strong>bonis</strong></span> <span class='ocrx_word' id='word_1_183' title='bbox 2319 1127 2656 1197; x_wconf 83' lang='lat' dir='ltr'><strong>compensari</strong></span> <span class='ocrx_word' id='word_1_184' title='bbox 2702 1127 3048 1197; x_wconf 83' lang='lat' dir='ltr'><strong>perennibus.</strong></span> <span class='ocrx_word' id='word_1_185' title='bbox 3104 1129 3363 1200; x_wconf 82' lang='lat' dir='ltr'><strong>Spiritum</strong></span> <span class='ocrx_word' id='word_1_186' title='bbox 3397 1132 3693 1203; x_wconf 73' lang='lat' dir='ltr'><strong>disciplina:</strong></span> 
     </span>
    </p>
   </div>
   <div class='ocr_carea' id='block_1_25' title="bbox 2114 1216 3703 1292">
    <p class='ocr_par' dir='ltr' id='par_1_25' title="bbox 2114 1216 3703 1292">
     <span class='ocr_line' id='line_1_25' title="bbox 2114 1216 3703 1292; baseline 0.006 -23"><span class='ocrx_word' id='word_1_187' title='bbox 2114 1231 2223 1270; x_wconf 89' lang='lat' dir='ltr'><strong>non</strong></span> <span class='ocrx_word' id='word_1_188' title='bbox 2250 1216 2549 1272; x_wconf 89' lang='lat' dir='ltr'><strong>habuerunt</strong></span> <span class='ocrx_word' id='word_1_189' title='bbox 2590 1216 2829 1272; x_wconf 84' lang='lat' dir='ltr'><strong>Herodes</strong></span> <span class='ocrx_word' id='word_1_190' title='bbox 2856 1226 2911 1273; x_wconf 90' lang='lat' dir='ltr'><strong>et</strong></span> <span class='ocrx_word' id='word_1_191' title='bbox 2944 1218 3262 1287; x_wconf 83' lang='lat' dir='ltr'><strong>Antiochus,</strong></span> <span class='ocrx_word' id='word_1_192' title='bbox 3291 1221 3382 1290; x_wconf 88' lang='lat' dir='ltr'><strong>qui</strong></span> <span class='ocrx_word' id='word_1_193' title='bbox 3422 1223 3703 1292; x_wconf 78' lang='lat' dir='ltr'><strong>spirituali</strong></span> 
     </span>
    </p>
   </div>
   <div class='ocr_carea' id='block_1_26' title="bbox 2115 1305 3707 1380">
    <p class='ocr_par' dir='ltr' id='par_1_26' title="bbox 2115 1305 3707 1380">
     <span class='ocr_line' id='line_1_26' title="bbox 2115 1305 3707 1380; baseline 0.004 -19"><span class='ocrx_word' id='word_1_194' title='bbox 2115 1319 2208 1361; x_wconf 87' lang='lat' dir='ltr'><strong>eos</strong></span> <span class='ocrx_word' id='word_1_195' title='bbox 2244 1305 2300 1361; x_wconf 90' lang='lat' dir='ltr'><strong>in</strong></span> <span class='ocrx_word' id='word_1_196' title='bbox 2342 1306 2523 1375; x_wconf 85' lang='lat' dir='ltr'><strong>aliquo</strong></span> <span class='ocrx_word' id='word_1_197' title='bbox 2566 1321 2751 1362; x_wconf 84' lang='lat' dir='ltr'><strong>amore</strong></span> <span class='ocrx_word' id='word_1_198' title='bbox 2788 1307 2931 1362; x_wconf 85' lang='lat' dir='ltr'><strong>inter</strong></span> <span class='ocrx_word' id='word_1_199' title='bbox 2955 1307 3166 1380; x_wconf 83' lang='lat' dir='ltr'><strong>ﬂagella</strong></span> <span class='ocrx_word' id='word_1_200' title='bbox 3198 1311 3466 1380; x_wconf 85' lang='lat' dir='ltr'><strong>tetigerit,</strong></span> <span class='ocrx_word' id='word_1_201' title='bbox 3496 1321 3590 1367; x_wconf 92' lang='lat' dir='ltr'><strong>aut</strong></span> <span class='ocrx_word' id='word_1_202' title='bbox 3628 1314 3707 1369; x_wconf 51' lang='lat' dir='ltr'><strong>de&#39;</strong></span> 
     </span>
    </p>
   </div>
   <div class='ocr_carea' id='block_1_27' title="bbox 2115 1397 3695 1471">
    <p class='ocr_par' dir='ltr' id='par_1_27' title="bbox 2115 1397 3695 1471">
     <span class='ocr_line' id='line_1_27' title="bbox 2115 1397 3695 1471; baseline 0.003 -19"><span class='ocrx_word' id='word_1_203' title='bbox 2115 1397 2229 1453; x_wconf 85' lang='lat' dir='ltr'><strong>Deo</strong></span> <span class='ocrx_word' id='word_1_204' title='bbox 2256 1412 2352 1453; x_wconf 92' lang='lat' dir='ltr'><strong>eos</strong></span> <span class='ocrx_word' id='word_1_205' title='bbox 2401 1397 2605 1467; x_wconf 88' lang='lat' dir='ltr'><strong>aliquid</strong></span> <span class='ocrx_word' id='word_1_206' title='bbox 2631 1398 2779 1468; x_wconf 91' lang='lat' dir='ltr'><strong>(quia</strong></span> <span class='ocrx_word' id='word_1_207' title='bbox 2809 1413 2840 1453; x_wconf 91' lang='lat' dir='ltr'><strong>a</strong></span> <span class='ocrx_word' id='word_1_208' title='bbox 2870 1399 3127 1455; x_wconf 90' lang='lat' dir='ltr'><strong>discendo</strong></span> <span class='ocrx_word' id='word_1_209' title='bbox 3159 1401 3440 1470; x_wconf 87' lang='lat' dir='ltr'><strong>disciplina</strong></span> <span class='ocrx_word' id='word_1_210' title='bbox 3477 1403 3695 1471; x_wconf 88' lang='lat' dir='ltr'><strong>dicitur)</strong></span> 
     </span>
    </p>
   </div>
   <div class='ocr_carea' id='block_1_28' title="bbox 2117 1486 3709 1559">
    <p class='ocr_par' dir='ltr' id='par_1_28' title="bbox 2117 1486 3709 1559">
     <span class='ocr_line' id='line_1_28' title="bbox 2117 1486 3709 1559; baseline 0.004 -18"><span class='ocrx_word' id='word_1_211' title='bbox 2117 1487 2327 1542; x_wconf 81' lang='lat' dir='ltr'><strong>discere</strong></span> <span class='ocrx_word' id='word_1_212' title='bbox 2372 1486 2585 1553; x_wconf 82' lang='lat' dir='ltr'><strong>fecerit,</strong></span> <span class='ocrx_word' id='word_1_213' title='bbox 2634 1488 2728 1545; x_wconf 86' lang='lat' dir='ltr'><strong>sed</strong></span> <span class='ocrx_word' id='word_1_214' title='bbox 2777 1489 2974 1559; x_wconf 79' lang='lat' dir='ltr'><strong>duplici</strong></span> <span class='ocrx_word' id='word_1_215' title='bbox 3026 1491 3352 1547; x_wconf 90' lang='lat' dir='ltr'><strong>contritione</strong></span> <span class='ocrx_word' id='word_1_216' title='bbox 3398 1492 3488 1552; x_wconf 90' lang='lat' dir='ltr'><strong>hic</strong></span> <span class='ocrx_word' id='word_1_217' title='bbox 3538 1501 3594 1549; x_wconf 89' lang='lat' dir='ltr'><strong>et</strong></span> <span class='ocrx_word' id='word_1_218' title='bbox 3642 1493 3709 1549; x_wconf 80' lang='lat' dir='ltr'><strong>in</strong></span> 
     </span>
    </p>
   </div>
   <div class='ocr_carea' id='block_1_29' title="bbox 2118 1577 3516 1640">
    <p class='ocr_par' dir='ltr' id='par_1_29' title="bbox 2118 1577 3516 1640">
     <span class='ocr_line' id='line_1_29' title="bbox 2118 1577 3516 1640; baseline 0.004 -7"><span class='ocrx_word' id='word_1_219' title='bbox 2118 1577 2300 1634; x_wconf 90' lang='lat' dir='ltr'><strong>futuro</strong></span> <span class='ocrx_word' id='word_1_220' title='bbox 2327 1580 2681 1635; x_wconf 86' lang='lat' dir='ltr'><strong>conterendos</strong></span> <span class='ocrx_word' id='word_1_221' title='bbox 2710 1580 2762 1635; x_wconf 92' lang='lat' dir='ltr'><strong>in</strong></span> <span class='ocrx_word' id='word_1_222' title='bbox 2786 1596 2880 1636; x_wconf 90' lang='lat' dir='ltr'><strong>sua</strong></span> <span class='ocrx_word' id='word_1_223' title='bbox 2904 1582 3263 1639; x_wconf 85' lang='lat' dir='ltr'><strong>obstinatione</strong></span> <span class='ocrx_word' id='word_1_224' title='bbox 3292 1584 3516 1640; x_wconf 80' lang='lat' dir='ltr'><strong>dimisit.</strong></span> 
     </span>
    </p>
   </div>
   <div class='ocr_carea' id='block_1_30' title="bbox 2189 1669 3712 1747">
    <p class='ocr_par' dir='ltr' id='par_1_30' title="bbox 2189 1669 3712 1747">
     <span class='ocr_line' id='line_1_30' title="bbox 2189 1669 3712 1747; baseline 0.007 -22"><span class='ocrx_word' id='word_1_225' title='bbox 2189 1669 2316 1726; x_wconf 81' lang='lat' dir='ltr'><strong>Haec</strong></span> <span class='ocrx_word' id='word_1_226' title='bbox 2364 1685 2462 1740; x_wconf 90' lang='lat' dir='ltr'><strong>per</strong></span> <span class='ocrx_word' id='word_1_227' title='bbox 2511 1686 2790 1727; x_wconf 80' lang='lat' dir='ltr'><strong>excessum</strong></span> <span class='ocrx_word' id='word_1_228' title='bbox 2845 1672 3111 1740; x_wconf 78' lang='lat' dir='ltr'><strong>diximus,</strong></span> <span class='ocrx_word' id='word_1_229' title='bbox 3163 1685 3222 1729; x_wconf 92' lang='lat' dir='ltr'><strong>ut</strong></span> <span class='ocrx_word' id='word_1_230' title='bbox 3276 1677 3712 1747; x_wconf 55' lang='lat' dir='ltr'><strong>discrepantiam:</strong></span> 
     </span>
    </p>
   </div>
   <div class='ocr_carea' id='block_1_31' title="bbox 436 1743 3700 1837">
    <p class='ocr_par' dir='ltr' id='par_1_31' title="bbox 436 1743 3700 1837">
     <span class='ocr_line' id='line_1_31' title="bbox 436 1743 3700 1837; baseline 0.005 -24"><span class='ocrx_word' id='word_1_231' title='bbox 436 1762 760 1831; x_wconf 85' lang='lat' dir='ltr'><strong>nolentium,</strong></span> <span class='ocrx_word' id='word_1_232' title='bbox 790 1774 847 1820; x_wconf 91' lang='lat' dir='ltr'><strong>et</strong></span> <span class='ocrx_word' id='word_1_233' title='bbox 872 1743 1012 1822; x_wconf 79' lang='lat' dir='ltr'><strong>male</strong></span> <span class='ocrx_word' id='word_1_234' title='bbox 1036 1743 1471 1837; x_wconf 53' lang='lat' dir='ltr'><strong>agentium‘il-Jbi</strong></span> <span class='ocrx_word' id='word_1_235' title='bbox 1497 1743 1643 1823; x_wconf 84' lang='lat' dir='ltr'><strong>enim</strong></span> <span class='ocrx_word' id='word_1_236' title='bbox 1671 1743 1869 1823; x_wconf 81' lang='lat' dir='ltr'><strong>dicitur</strong></span> <span class='ocrx_word' id='word_1_237' title='bbox 1895 1767 2025 1837; x_wconf 77' lang='lat' dir='ltr'><strong>quia.</strong></span> <span class='ocrx_word' id='word_1_238' title='bbox 2052 1743 2095 1801; x_wconf 70' lang='grc' dir='ltr'>Β</span> <span class='ocrx_word' id='word_1_239' title='bbox 2125 1762 2267 1818; x_wconf 92' lang='lat' dir='ltr'><strong>inter</strong></span> <span class='ocrx_word' id='word_1_240' title='bbox 2306 1763 2481 1820; x_wconf 89' lang='lat' dir='ltr'><strong>bonos</strong></span> <span class='ocrx_word' id='word_1_241' title='bbox 2517 1772 2571 1820; x_wconf 90' lang='lat' dir='ltr'><strong>et</strong></span> <span class='ocrx_word' id='word_1_242' title='bbox 2599 1764 2770 1819; x_wconf 88' lang='lat' dir='ltr'><strong>malos</strong></span> <span class='ocrx_word' id='word_1_243' title='bbox 2810 1765 2862 1819; x_wconf 91' lang='lat' dir='ltr'><strong>in</strong></span> <span class='ocrx_word' id='word_1_244' title='bbox 2901 1765 3018 1821; x_wconf 86' lang='lat' dir='ltr'><strong>solo</strong></span> <span class='ocrx_word' id='word_1_245' title='bbox 3061 1776 3269 1822; x_wconf 85' lang='lat' dir='ltr'><strong>tantum</strong></span> <span class='ocrx_word' id='word_1_246' title='bbox 3310 1769 3475 1825; x_wconf 88' lang='lat' dir='ltr'><strong>animi</strong></span> <span class='ocrx_word' id='word_1_247' title='bbox 3513 1772 3700 1827; x_wconf 90' lang='lat' dir='ltr'><strong>habitu</strong></span> 
     </span>
    </p>
   </div>
   <div class='ocr_carea' id='block_1_32' title="bbox 437 1861 2025 1931">
    <p class='ocr_par' dir='ltr' id='par_1_32' title="bbox 437 1861 2025 1931">
     <span class='ocr_line' id='line_1_32' title="bbox 437 1861 2025 1931; baseline 0.004 -21"><span class='ocrx_word' id='word_1_248' title='bbox 437 1871 562 1912; x_wconf 82' lang='lat' dir='ltr'><strong>eum</strong></span> <span class='ocrx_word' id='word_1_249' title='bbox 591 1873 738 1928; x_wconf 86' lang='lat' dir='ltr'><strong>pane</strong></span> <span class='ocrx_word' id='word_1_250' title='bbox 777 1867 836 1915; x_wconf 88' lang='lat' dir='ltr'><strong>et</strong></span> <span class='ocrx_word' id='word_1_251' title='bbox 879 1874 1019 1931; x_wconf 87' lang='lat' dir='ltr'><strong>aqua</strong></span> <span class='ocrx_word' id='word_1_252' title='bbox 1059 1877 1166 1917; x_wconf 93' lang='lat' dir='ltr'><strong>non</strong></span> <span class='ocrx_word' id='word_1_253' title='bbox 1218 1862 1550 1926; x_wconf 78' lang='lat' dir='ltr'><strong>occurrerit,</strong></span> <span class='ocrx_word' id='word_1_254' title='bbox 1590 1861 1858 1931; x_wconf 75' lang='lat' dir='ltr'><strong>culpatur,</strong></span> <span class='ocrx_word' id='word_1_255' title='bbox 1894 1861 2025 1931; x_wconf 87' lang='lat' dir='ltr'><strong>quia</strong></span> 
     </span>
    </p>
   </div>
   <div class='ocr_carea' id='block_1_33' title="bbox 438 1949 2021 2022">
    <p class='ocr_par' dir='ltr' id='par_1_33' title="bbox 438 1949 2021 2022">
     <span class='ocr_line' id='line_1_33' title="bbox 438 1949 2021 2022; baseline 0.003 -21"><span class='ocrx_word' id='word_1_256' title='bbox 438 1949 699 2016; x_wconf 78' lang='lat' dir='ltr'><strong>prodesse</strong></span> <span class='ocrx_word' id='word_1_257' title='bbox 733 1950 984 2007; x_wconf 77' lang='lat' dir='ltr'><strong>noluerit.</strong></span> <span class='ocrx_word' id='word_1_258' title='bbox 1034 1952 1134 2010; x_wconf 89' lang='lat' dir='ltr'><strong>Ubi</strong></span> <span class='ocrx_word' id='word_1_259' title='bbox 1178 1962 1359 2009; x_wconf 89' lang='lat' dir='ltr'><strong>autem</strong></span> <span class='ocrx_word' id='word_1_260' title='bbox 1399 1953 1596 2009; x_wconf 89' lang='lat' dir='ltr'><strong>dicitur</strong></span> <span class='ocrx_word' id='word_1_261' title='bbox 1637 1952 1762 2022; x_wconf 89' lang='lat' dir='ltr'><strong>quia</strong></span> <span class='ocrx_word' id='word_1_262' title='bbox 1802 1951 2021 2006; x_wconf 88' lang='lat' dir='ltr'><strong>Balaam</strong></span> 
     </span>
    </p>
   </div>
   <div class='ocr_carea' id='block_1_34' title="bbox 439 2039 2020 2117">
    <p class='ocr_par' dir='ltr' id='par_1_34' title="bbox 439 2039 2020 2117">
     <span class='ocr_line' id='line_1_34' title="bbox 439 2039 2020 2117; baseline 0.004 -25"><span class='ocrx_word' id='word_1_263' title='bbox 439 2039 700 2098; x_wconf 74' lang='lat' dir='ltr'><strong>adversus</strong></span> <span class='ocrx_word' id='word_1_264' title='bbox 739 2042 906 2100; x_wconf 86' lang='lat' dir='ltr'><strong>Israel</strong></span> <span class='ocrx_word' id='word_1_265' title='bbox 946 2046 1299 2111; x_wconf 76' lang='lat' dir='ltr'><strong>conduxerit,</strong></span> <span class='ocrx_word' id='word_1_266' title='bbox 1328 2044 1571 2117; x_wconf 76' lang='lat' dir='ltr'><strong>arguitur</strong></span> <span class='ocrx_word' id='word_1_267' title='bbox 1594 2044 1717 2114; x_wconf 87' lang='lat' dir='ltr'><strong>quia</strong></span> <span class='ocrx_word' id='word_1_268' title='bbox 1751 2044 2020 2099; x_wconf 73' lang='lat' dir='ltr'><strong>nocuerit.</strong></span> 
     </span>
    </p>
   </div>
   <div class='ocr_carea' id='block_1_35' title="bbox 447 2131 2023 2206">
    <p class='ocr_par' dir='ltr' id='par_1_35' title="bbox 447 2131 2023 2206">
     <span class='ocr_line' id='line_1_35' title="bbox 447 2131 2023 2206; baseline 0.002 -21"><span class='ocrx_word' id='word_1_269' title='bbox 447 2131 509 2186; x_wconf 86' lang='lat' dir='ltr'><strong>Hi</strong></span> <span class='ocrx_word' id='word_1_270' title='bbox 549 2148 656 2188; x_wconf 93' lang='lat' dir='ltr'><strong>non</strong></span> <span class='ocrx_word' id='word_1_271' title='bbox 685 2134 890 2191; x_wconf 90' lang='lat' dir='ltr'><strong>intrant</strong></span> <span class='ocrx_word' id='word_1_272' title='bbox 917 2137 973 2192; x_wconf 89' lang='lat' dir='ltr'><strong>in</strong></span> <span class='ocrx_word' id='word_1_273' title='bbox 1001 2137 1296 2193; x_wconf 80' lang='lat' dir='ltr'><strong>Ecclesiam</strong></span> <span class='ocrx_word' id='word_1_274' title='bbox 1328 2136 1441 2201; x_wconf 91' lang='lat' dir='ltr'><strong>Dei,</strong></span> <span class='ocrx_word' id='word_1_275' title='bbox 1471 2136 1602 2206; x_wconf 87' lang='lat' dir='ltr'><strong>quia</strong></span> <span class='ocrx_word' id='word_1_276' title='bbox 1623 2136 1836 2204; x_wconf 85' lang='lat' dir='ltr'><strong>corpori</strong></span> <span class='ocrx_word' id='word_1_277' title='bbox 1867 2135 2023 2190; x_wconf 86' lang='lat' dir='ltr'><strong>Chri-</strong></span> 
     </span>
    </p>
   </div>
   <div class='ocr_carea' id='block_1_36' title="bbox 438 2219 2020 2297">
    <p class='ocr_par' dir='ltr' id='par_1_36' title="bbox 438 2219 2020 2297">
     <span class='ocr_line' id='line_1_36' title="bbox 438 2219 2020 2297; baseline 0.003 -23"><span class='ocrx_word' id='word_1_278' title='bbox 438 2219 549 2286; x_wconf 89' lang='lat' dir='ltr'><strong>sti,</strong></span> <span class='ocrx_word' id='word_1_279' title='bbox 593 2223 736 2291; x_wconf 92' lang='lat' dir='ltr'><strong>quod</strong></span> <span class='ocrx_word' id='word_1_280' title='bbox 783 2233 869 2281; x_wconf 91' lang='lat' dir='ltr'><strong>est</strong></span> <span class='ocrx_word' id='word_1_281' title='bbox 911 2220 1187 2291; x_wconf 81' lang='lat' dir='ltr'><strong>Ecclesia,</strong></span> <span class='ocrx_word' id='word_1_282' title='bbox 1234 2241 1508 2297; x_wconf 87' lang='lat' dir='ltr'><strong>nunquam</strong></span> <span class='ocrx_word' id='word_1_283' title='bbox 1560 2225 1859 2288; x_wconf 91' lang='lat' dir='ltr'><strong>sociantur,</strong></span> <span class='ocrx_word' id='word_1_284' title='bbox 1914 2238 2020 2279; x_wconf 91' lang='lat' dir='ltr'><strong>non</strong></span> 
     </span>
    </p>
   </div>
   <div class='ocr_carea' id='block_1_37' title="bbox 436 2309 2022 2385">
    <p class='ocr_par' dir='ltr' id='par_1_37' title="bbox 436 2309 2022 2385">
     <span class='ocr_line' id='line_1_37' title="bbox 436 2309 2022 2385; baseline 0.003 -19"><span class='ocrx_word' id='word_1_285' title='bbox 436 2309 609 2367; x_wconf 82' lang='lat' dir='ltr'><strong>solum</strong></span> <span class='ocrx_word' id='word_1_286' title='bbox 637 2314 727 2384; x_wconf 85' lang='lat' dir='ltr'><strong>qui</strong></span> <span class='ocrx_word' id='word_1_287' title='bbox 754 2314 810 2370; x_wconf 89' lang='lat' dir='ltr'><strong>in</strong></span> <span class='ocrx_word' id='word_1_288' title='bbox 838 2314 996 2371; x_wconf 89' lang='lat' dir='ltr'><strong>malis</strong></span> <span class='ocrx_word' id='word_1_289' title='bbox 1038 2316 1290 2385; x_wconf 82' lang='lat' dir='ltr'><strong>operibus</strong></span> <span class='ocrx_word' id='word_1_290' title='bbox 1325 2326 1682 2381; x_wconf 83' lang='lat' dir='ltr'><strong>exercentur,</strong></span> <span class='ocrx_word' id='word_1_291' title='bbox 1714 2315 1808 2370; x_wconf 90' lang='lat' dir='ltr'><strong>sed</strong></span> <span class='ocrx_word' id='word_1_292' title='bbox 1854 2316 2022 2370; x_wconf 87' lang='lat' dir='ltr'><strong>etiam</strong></span> 
     </span>
    </p>
   </div>
   <div class='ocr_carea' id='block_1_38' title="bbox 438 2403 2023 2479">
    <p class='ocr_par' dir='ltr' id='par_1_38' title="bbox 438 2403 2023 2479">
     <span class='ocr_line' id='line_1_38' title="bbox 438 2403 2023 2479; baseline 0.003 -22"><span class='ocrx_word' id='word_1_293' title='bbox 438 2403 534 2470; x_wconf 85' lang='lat' dir='ltr'><strong>qui</strong></span> <span class='ocrx_word' id='word_1_294' title='bbox 563 2404 936 2473; x_wconf 88' lang='lat' dir='ltr'><strong>spiritualibus</strong></span> <span class='ocrx_word' id='word_1_295' title='bbox 962 2407 1135 2478; x_wconf 90' lang='lat' dir='ltr'><strong>epulis</strong></span> <span class='ocrx_word' id='word_1_296' title='bbox 1163 2422 1228 2463; x_wconf 91' lang='lat' dir='ltr'><strong>ac</strong></span> <span class='ocrx_word' id='word_1_297' title='bbox 1269 2407 1483 2479; x_wconf 89' lang='lat' dir='ltr'><strong>poculis</strong></span> <span class='ocrx_word' id='word_1_298' title='bbox 1525 2407 1665 2462; x_wconf 87' lang='lat' dir='ltr'><strong>alios</strong></span> <span class='ocrx_word' id='word_1_299' title='bbox 1692 2421 1913 2477; x_wconf 90' lang='lat' dir='ltr'><strong>pascere</strong></span> <span class='ocrx_word' id='word_1_300' title='bbox 1938 2408 2023 2478; x_wconf 86' lang='lat' dir='ltr'><strong>pi-</strong></span> 
     </span>
    </p>
   </div>
   <div class='ocr_carea' id='block_1_39' title="bbox 438 2492 731 2561">
    <p class='ocr_par' dir='ltr' id='par_1_39' title="bbox 438 2492 731 2561">
     <span class='ocr_line' id='line_1_39' title="bbox 438 2492 731 2561; baseline 0.017 -16"><span class='ocrx_word' id='word_1_301' title='bbox 438 2492 731 2561; x_wconf 83' lang='lat' dir='ltr'><strong>gritantnr.</strong></span> 
     </span>
    </p>
   </div>
   <div class='ocr_carea' id='block_1_40' title="bbox 507 2581 2023 2660">
    <p class='ocr_par' dir='ltr' id='par_1_40' title="bbox 507 2581 2023 2660">
     <span class='ocr_line' id='line_1_40' title="bbox 507 2581 2023 2660; baseline 0.007 -24"><span class='ocrx_word' id='word_1_302' title='bbox 507 2581 667 2638; x_wconf 81' lang='lat' dir='ltr'><strong>Absit</strong></span> <span class='ocrx_word' id='word_1_303' title='bbox 689 2584 833 2640; x_wconf 90' lang='lat' dir='ltr'><strong>enim</strong></span> <span class='ocrx_word' id='word_1_304' title='bbox 864 2594 921 2640; x_wconf 91' lang='lat' dir='ltr'><strong>ut</strong></span> <span class='ocrx_word' id='word_1_305' title='bbox 948 2586 1001 2641; x_wconf 92' lang='lat' dir='ltr'><strong>in</strong></span> <span class='ocrx_word' id='word_1_306' title='bbox 1032 2595 1181 2643; x_wconf 90' lang='lat' dir='ltr'><strong>tanto</strong></span> <span class='ocrx_word' id='word_1_307' title='bbox 1204 2602 1462 2660; x_wconf 90' lang='lat' dir='ltr'><strong>corpore,</strong></span> <span class='ocrx_word' id='word_1_308' title='bbox 1495 2605 1602 2644; x_wconf 90' lang='lat' dir='ltr'><strong>non</strong></span> <span class='ocrx_word' id='word_1_309' title='bbox 1629 2590 1749 2645; x_wconf 92' lang='lat' dir='ltr'><strong>dico</strong></span> <span class='ocrx_word' id='word_1_310' title='bbox 1778 2590 2023 2647; x_wconf 89' lang='lat' dir='ltr'><strong>membra</strong></span> 
     </span>
    </p>
   </div>
   <div class='ocr_carea' id='block_1_41' title="bbox 440 2676 2022 2753">
    <p class='ocr_par' dir='ltr' id='par_1_41' title="bbox 440 2676 2022 2753">
     <span class='ocr_line' id='line_1_41' title="bbox 440 2676 2022 2753; baseline 0.006 -26"><span class='ocrx_word' id='word_1_311' title='bbox 440 2682 672 2739; x_wconf 85' lang='lat' dir='ltr'><strong>mortua,</strong></span> <span class='ocrx_word' id='word_1_312' title='bbox 698 2677 791 2733; x_wconf 87' lang='lat' dir='ltr'><strong>sed</strong></span> <span class='ocrx_word' id='word_1_313' title='bbox 816 2676 1009 2735; x_wconf 79' lang='lat' dir='ltr'><strong>saltem</strong></span> <span class='ocrx_word' id='word_1_314' title='bbox 1035 2679 1255 2735; x_wconf 86' lang='lat' dir='ltr'><strong>minima</strong></span> <span class='ocrx_word' id='word_1_315' title='bbox 1280 2681 1475 2753; x_wconf 89' lang='lat' dir='ltr'><strong>ungula</strong></span> <span class='ocrx_word' id='word_1_316' title='bbox 1503 2681 1709 2738; x_wconf 88' lang='lat' dir='ltr'><strong>inutilis</strong></span> <span class='ocrx_word' id='word_1_317' title='bbox 1733 2692 1826 2737; x_wconf 92' lang='lat' dir='ltr'><strong>aut</strong></span> <span class='ocrx_word' id='word_1_318' title='bbox 1848 2682 2022 2737; x_wconf 90' lang='lat' dir='ltr'><strong>otiosa</strong></span> 
     </span>
    </p>
   </div>
   <div class='ocr_carea' id='block_1_42' title="bbox 438 2765 2026 2843">
    <p class='ocr_par' dir='ltr' id='par_1_42' title="bbox 438 2765 2026 2843">
     <span class='ocr_line' id='line_1_42' title="bbox 438 2765 2026 2843; baseline 0.005 -24"><span class='ocrx_word' id='word_1_319' title='bbox 438 2765 725 2822; x_wconf 79' lang='lat' dir='ltr'><strong>habeatur.</strong></span> <span class='ocrx_word' id='word_1_320' title='bbox 751 2766 906 2826; x_wconf 88' lang='lat' dir='ltr'><strong>Licet</strong></span> <span class='ocrx_word' id='word_1_321' title='bbox 939 2778 1119 2826; x_wconf 90' lang='lat' dir='ltr'><strong>autem</strong></span> <span class='ocrx_word' id='word_1_322' title='bbox 1160 2769 1424 2827; x_wconf 85' lang='lat' dir='ltr'><strong>decimam</strong></span> <span class='ocrx_word' id='word_1_323' title='bbox 1456 2773 1861 2843; x_wconf 86' lang='lat' dir='ltr'><strong>generationem</strong></span> <span class='ocrx_word' id='word_1_324' title='bbox 1897 2773 2026 2827; x_wconf 78' lang='lat' dir='ltr'><strong>atti-</strong></span> 
     </span>
    </p>
   </div>
   <div class='ocr_carea' id='block_1_43' title="bbox 438 2857 2021 2934">
    <p class='ocr_par' dir='ltr' id='par_1_43' title="bbox 438 2857 2021 2934">
     <span class='ocr_line' id='line_1_43' title="bbox 438 2857 2021 2934; baseline 0.008 -24"><span class='ocrx_word' id='word_1_325' title='bbox 438 2857 649 2929; x_wconf 84' lang='lat' dir='ltr'><strong>ger&#39;mt,</strong></span> <span class='ocrx_word' id='word_1_326' title='bbox 676 2859 729 2914; x_wconf 92' lang='lat' dir='ltr'><strong>id</strong></span> <span class='ocrx_word' id='word_1_327' title='bbox 768 2870 851 2916; x_wconf 90' lang='lat' dir='ltr'><strong>est</strong></span> <span class='ocrx_word' id='word_1_328' title='bbox 879 2861 934 2918; x_wconf 83' lang='lat' dir='ltr'><strong>in</strong></span> <span class='ocrx_word' id='word_1_329' title='bbox 974 2862 1245 2934; x_wconf 85' lang='lat' dir='ltr'><strong>baptismo</strong></span> <span class='ocrx_word' id='word_1_330' title='bbox 1292 2864 1578 2921; x_wconf 76' lang='lat' dir='ltr'><strong>Trinitatis</strong></span> <span class='ocrx_word' id='word_1_331' title='bbox 1618 2866 1775 2922; x_wconf 85' lang='lat' dir='ltr'><strong>ﬁdem</strong></span> <span class='ocrx_word' id='word_1_332' title='bbox 1817 2882 1878 2923; x_wconf 89' lang='lat' dir='ltr'><strong>se</strong></span> <span class='ocrx_word' id='word_1_333' title='bbox 1921 2867 2021 2922; x_wconf 90' lang='lat' dir='ltr'><strong>ba-</strong></span> 
     </span>
    </p>
   </div>
   <div class='ocr_carea' id='block_1_44' title="bbox 439 2949 2024 3027">
    <p class='ocr_par' dir='ltr' id='par_1_44' title="bbox 439 2949 2024 3027">
     <span class='ocr_line' id='line_1_44' title="bbox 439 2949 2024 3027; baseline 0.005 -24"><span class='ocrx_word' id='word_1_334' title='bbox 439 2949 647 3006; x_wconf 85' lang='lat' dir='ltr'><strong>bituros</strong></span> <span class='ocrx_word' id='word_1_335' title='bbox 698 2953 1117 3023; x_wconf 86' lang='lat' dir='ltr'><strong>sp0ponderint;</strong></span> <span class='ocrx_word' id='word_1_336' title='bbox 1159 2962 1215 3010; x_wconf 91' lang='lat' dir='ltr'><strong>et</strong></span> <span class='ocrx_word' id='word_1_337' title='bbox 1254 2956 1587 3026; x_wconf 85' lang='lat' dir='ltr'><strong>septiformis</strong></span> <span class='ocrx_word' id='word_1_338' title='bbox 1638 2955 1875 3027; x_wconf 88' lang='lat' dir='ltr'><strong>Spiritus</strong></span> <span class='ocrx_word' id='word_1_339' title='bbox 1923 2957 2024 3012; x_wconf 87' lang='lat' dir='ltr'><strong>sub</strong></span> 
     </span>
    </p>
   </div>
   <div class='ocr_carea' id='block_1_45' title="bbox 436 3041 2026 3127">
    <p class='ocr_par' dir='ltr' id='par_1_45' title="bbox 436 3041 2026 3127">
     <span class='ocr_line' id='line_1_45' title="bbox 436 3041 2026 3127; baseline 0.004 -32"><span class='ocrx_word' id='word_1_340' title='bbox 436 3041 735 3110; x_wconf 85' lang='lat' dir='ltr'><strong>pontiﬁcali</strong></span> <span class='ocrx_word' id='word_1_341' title='bbox 786 3044 1009 3101; x_wconf 81' lang='lat' dir='ltr'><strong>dextera</strong></span> <span class='ocrx_word' id='word_1_342' title='bbox 1060 3060 1258 3102; x_wconf 92' lang='lat' dir='ltr'><strong>munus</strong></span> <span class='ocrx_word' id='word_1_343' title='bbox 1307 3046 1635 3127; x_wconf 78' lang='lat' dir='ltr'><strong>acceperint,</strong></span> <span class='ocrx_word' id='word_1_344' title='bbox 1681 3056 1891 3101; x_wconf 90' lang='lat' dir='ltr'><strong>certum</strong></span> <span class='ocrx_word' id='word_1_345' title='bbox 1938 3055 2026 3102; x_wconf 90' lang='lat' dir='ltr'><strong>est</strong></span> 
     </span>
    </p>
   </div>
   <div class='ocr_carea' id='block_1_46' title="bbox 440 3104 2093 3208">
    <p class='ocr_par' dir='ltr' id='par_1_46' title="bbox 440 3104 2093 3208">
     <span class='ocr_line' id='line_1_46' title="bbox 440 3104 2093 3208; baseline 0.005 -23"><span class='ocrx_word' id='word_1_346' title='bbox 440 3132 586 3201; x_wconf 88' lang='lat' dir='ltr'><strong>quod</strong></span> <span class='ocrx_word' id='word_1_347' title='bbox 624 3147 722 3203; x_wconf 79' lang='lat' dir='ltr'><strong>pro</strong></span> <span class='ocrx_word' id='word_1_348' title='bbox 766 3134 930 3191; x_wconf 87' lang='lat' dir='ltr'><strong>animi</strong></span> <span class='ocrx_word' id='word_1_349' title='bbox 982 3136 1223 3206; x_wconf 86' lang='lat' dir='ltr'><strong>nequitia</strong></span> <span class='ocrx_word' id='word_1_350' title='bbox 1269 3137 1322 3192; x_wconf 92' lang='lat' dir='ltr'><strong>in</strong></span> <span class='ocrx_word' id='word_1_351' title='bbox 1372 3116 1860 3208; x_wconf 42' lang='lat' dir='ltr'><strong>Domini&#39;corpore</strong></span> <span class='ocrx_word' id='word_1_352' title='bbox 1904 3154 2025 3193; x_wconf 61' lang='lat' dir='ltr'><strong>esse</strong></span> <span class='ocrx_word' id='word_1_353' title='bbox 2052 3104 2093 3162; x_wconf 63' lang='grc' dir='ltr'><strong>Ο</strong></span> 
     </span>
    </p>
   </div>
   <div class='ocr_carea' id='block_1_47' title="bbox 436 3224 2022 3298">
    <p class='ocr_par' dir='ltr' id='par_1_47' title="bbox 436 3224 2022 3298">
     <span class='ocr_line' id='line_1_47' title="bbox 436 3224 2022 3298; baseline 0.004 -22"><span class='ocrx_word' id='word_1_354' title='bbox 436 3237 545 3277; x_wconf 90' lang='lat' dir='ltr'><strong>non</strong></span> <span class='ocrx_word' id='word_1_355' title='bbox 571 3224 803 3293; x_wconf 87' lang='lat' dir='ltr'><strong>possint.</strong></span> <span class='ocrx_word' id='word_1_356' title='bbox 846 3224 1110 3281; x_wconf 86' lang='lat' dir='ltr'><strong>Denarius</strong></span> <span class='ocrx_word' id='word_1_357' title='bbox 1142 3242 1401 3283; x_wconf 87' lang='lat' dir='ltr'><strong>numerus</strong></span> <span class='ocrx_word' id='word_1_358' title='bbox 1430 3242 1497 3282; x_wconf 90' lang='lat' dir='ltr'><strong>ex</strong></span> <span class='ocrx_word' id='word_1_359' title='bbox 1528 3228 1700 3283; x_wconf 88' lang='lat' dir='ltr'><strong>tribus</strong></span> <span class='ocrx_word' id='word_1_360' title='bbox 1736 3238 1791 3283; x_wconf 91' lang='lat' dir='ltr'><strong>et</strong></span> <span class='ocrx_word' id='word_1_361' title='bbox 1816 3237 2022 3298; x_wconf 84' lang='lat' dir='ltr'><strong>septem</strong></span> 
     </span>
    </p>
   </div>
   <div class='ocr_carea' id='block_1_48' title="bbox 437 3314 2026 3390">
    <p class='ocr_par' dir='ltr' id='par_1_48' title="bbox 437 3314 2026 3390">
     <span class='ocr_line' id='line_1_48' title="bbox 437 3314 2026 3390; baseline 0.006 -24"><span class='ocrx_word' id='word_1_362' title='bbox 437 3321 672 3376; x_wconf 88' lang='lat' dir='ltr'><strong>constat,</strong></span> <span class='ocrx_word' id='word_1_363' title='bbox 702 3322 756 3370; x_wconf 84' lang='lat' dir='ltr'><strong>et</strong></span> <span class='ocrx_word' id='word_1_364' title='bbox 784 3314 908 3371; x_wconf 88' lang='lat' dir='ltr'><strong>ideo</strong></span> <span class='ocrx_word' id='word_1_365' title='bbox 942 3316 1263 3373; x_wconf 84' lang='lat' dir='ltr'><strong>Trinitatem</strong></span> <span class='ocrx_word' id='word_1_366' title='bbox 1308 3333 1432 3375; x_wconf 89' lang='lat' dir='ltr'><strong>cum</strong></span> <span class='ocrx_word' id='word_1_367' title='bbox 1478 3330 1683 3390; x_wconf 88' lang='lat' dir='ltr'><strong>septem</strong></span> <span class='ocrx_word' id='word_1_368' title='bbox 1728 3321 2026 3377; x_wconf 88' lang='lat' dir='ltr'><strong>charisma-</strong></span> 
     </span>
    </p>
   </div>
   <div class='ocr_carea' id='block_1_49' title="bbox 436 3402 2021 3480">
    <p class='ocr_par' dir='ltr' id='par_1_49' title="bbox 436 3402 2021 3480">
     <span class='ocr_line' id='line_1_49' title="bbox 436 3402 2021 3480; baseline 0.009 -25"><span class='ocrx_word' id='word_1_369' title='bbox 436 3402 583 3460; x_wconf 77' lang='lat' dir='ltr'><strong>tibus</strong></span> <span class='ocrx_word' id='word_1_370' title='bbox 608 3405 807 3475; x_wconf 82' lang='lat' dir='ltr'><strong>signat.</strong></span> <span class='ocrx_word' id='word_1_371' title='bbox 837 3405 1098 3473; x_wconf 77' lang='lat' dir='ltr'><strong>Quamvis</strong></span> <span class='ocrx_word' id='word_1_372' title='bbox 1126 3423 1256 3480; x_wconf 86' lang='lat' dir='ltr'><strong>ergo</strong></span> <span class='ocrx_word' id='word_1_373' title='bbox 1284 3410 1652 3467; x_wconf 87' lang='lat' dir='ltr'><strong>ecclesiastica</strong></span> <span class='ocrx_word' id='word_1_374' title='bbox 1679 3423 2021 3469; x_wconf 87' lang='lat' dir='ltr'><strong>sacramenta</strong></span> 
     </span>
    </p>
   </div>
   <div class='ocr_carea' id='block_1_50' title="bbox 438 3495 2023 3568">
    <p class='ocr_par' dir='ltr' id='par_1_50' title="bbox 438 3495 2023 3568">
     <span class='ocr_line' id='line_1_50' title="bbox 438 3495 2023 3568; baseline 0.008 -21"><span class='ocrx_word' id='word_1_375' title='bbox 438 3509 562 3548; x_wconf 90' lang='lat' dir='ltr'><strong>cum</strong></span> <span class='ocrx_word' id='word_1_376' title='bbox 588 3509 717 3553; x_wconf 77' lang='lat' dir='ltr'><strong>vere</strong></span> <span class='ocrx_word' id='word_1_377' title='bbox 747 3495 995 3553; x_wconf 85' lang='lat' dir='ltr'><strong>ﬁdelibus</strong></span> <span class='ocrx_word' id='word_1_378' title='bbox 1035 3499 1327 3568; x_wconf 90' lang='lat' dir='ltr'><strong>accipiant,</strong></span> <span class='ocrx_word' id='word_1_379' title='bbox 1369 3511 1525 3557; x_wconf 83' lang='lat' dir='ltr'><strong>extra</strong></span> <span class='ocrx_word' id='word_1_380' title='bbox 1559 3502 1795 3558; x_wconf 87' lang='lat' dir='ltr'><strong>ﬁdelium</strong></span> <span class='ocrx_word' id='word_1_381' title='bbox 1842 3514 2023 3560; x_wconf 92' lang='lat' dir='ltr'><strong>tamen</strong></span> 
     </span>
    </p>
   </div>
   <div class='ocr_carea' id='block_1_51' title="bbox 433 3587 2024 3658">
    <p class='ocr_par' dir='ltr' id='par_1_51' title="bbox 433 3587 2024 3658">
     <span class='ocr_line' id='line_1_51' title="bbox 433 3587 2024 3658; baseline 0.009 -21"><span class='ocrx_word' id='word_1_382' title='bbox 433 3587 670 3643; x_wconf 81' lang='lat' dir='ltr'><strong>chorum</strong></span> <span class='ocrx_word' id='word_1_383' title='bbox 723 3603 826 3658; x_wconf 85' lang='lat' dir='ltr'><strong>pro</strong></span> <span class='ocrx_word' id='word_1_384' title='bbox 867 3605 964 3644; x_wconf 90' lang='lat' dir='ltr'><strong>sua</strong></span> <span class='ocrx_word' id='word_1_385' title='bbox 1020 3589 1312 3647; x_wconf 90' lang='lat' dir='ltr'><strong>inutilitate</strong></span> <span class='ocrx_word' id='word_1_386' title='bbox 1370 3593 1446 3647; x_wconf 88' lang='lat' dir='ltr'><strong>uti</strong></span> <span class='ocrx_word' id='word_1_387' title='bbox 1509 3602 1721 3648; x_wconf 84' lang='lat' dir='ltr'><strong>mortua</strong></span> <span class='ocrx_word' id='word_1_388' title='bbox 1784 3596 2024 3651; x_wconf 89' lang='lat' dir='ltr'><strong>membra</strong></span> 
     </span>
    </p>
   </div>
   <div class='ocr_carea' id='block_1_52' title="bbox 431 3680 2026 3754">
    <p class='ocr_par' dir='ltr' id='par_1_52' title="bbox 431 3680 2026 3754">
     <span class='ocr_line' id='line_1_52' title="bbox 431 3680 2026 3754; baseline 0.008 -20"><span class='ocrx_word' id='word_1_389' title='bbox 431 3682 637 3751; x_wconf 79' lang='lat' dir='ltr'><strong>jaceat.</strong></span> <span class='ocrx_word' id='word_1_390' title='bbox 685 3680 786 3749; x_wconf 79' lang='lat' dir='ltr'><strong>Qui</strong></span> <span class='ocrx_word' id='word_1_391' title='bbox 853 3683 1073 3754; x_wconf 91' lang='lat' dir='ltr'><strong>quidem</strong></span> <span class='ocrx_word' id='word_1_392' title='bbox 1130 3684 1391 3740; x_wconf 85' lang='lat' dir='ltr'><strong>lsraelitis</strong></span> <span class='ocrx_word' id='word_1_393' title='bbox 1440 3701 1548 3741; x_wconf 91' lang='lat' dir='ltr'><strong>non</strong></span> <span class='ocrx_word' id='word_1_394' title='bbox 1601 3697 1861 3743; x_wconf 89' lang='lat' dir='ltr'><strong>nocerent</strong></span> <span class='ocrx_word' id='word_1_395' title='bbox 1922 3688 2026 3746; x_wconf 86' lang='lat' dir='ltr'><strong>nisi</strong></span> 
     </span>
    </p>
   </div>
   <div class='ocr_carea' id='block_1_53' title="bbox 438 3769 2025 3845">
    <p class='ocr_par' dir='ltr' id='par_1_53' title="bbox 438 3769 2025 3845">
     <span class='ocr_line' id='line_1_53' title="bbox 438 3769 2025 3845; baseline 0.006 -22"><span class='ocrx_word' id='word_1_396' title='bbox 438 3769 660 3826; x_wconf 78' lang='lat' dir='ltr'><strong>Balaam</strong></span> <span class='ocrx_word' id='word_1_397' title='bbox 685 3773 936 3828; x_wconf 85' lang='lat' dir='ltr'><strong>mercede</strong></span> <span class='ocrx_word' id='word_1_398' title='bbox 956 3773 1346 3840; x_wconf 89' lang='lat' dir='ltr'><strong>conducerent,</strong></span> <span class='ocrx_word' id='word_1_399' title='bbox 1370 3774 1495 3845; x_wconf 87' lang='lat' dir='ltr'><strong>quia</strong></span> <span class='ocrx_word' id='word_1_400' title='bbox 1525 3773 1785 3831; x_wconf 84' lang='lat' dir='ltr'><strong>fratribus</strong></span> <span class='ocrx_word' id='word_1_401' title='bbox 1815 3776 2025 3835; x_wconf 65' lang='lat' dir='ltr'><strong>molesti</strong></span> 
     </span>
    </p>
   </div>
   <div class='ocr_carea' id='block_1_54' title="bbox 441 3862 2029 3937">
    <p class='ocr_par' dir='ltr' id='par_1_54' title="bbox 441 3862 2029 3937">
     <span class='ocr_line' id='line_1_54' title="bbox 441 3862 2029 3937; baseline 0.004 -20"><span class='ocrx_word' id='word_1_402' title='bbox 441 3876 551 3918; x_wconf 88' lang='lat' dir='ltr'><strong>non</strong></span> <span class='ocrx_word' id='word_1_403' title='bbox 581 3870 767 3918; x_wconf 89' lang='lat' dir='ltr'><strong>essent</strong></span> <span class='ocrx_word' id='word_1_404' title='bbox 794 3862 896 3918; x_wconf 86' lang='lat' dir='ltr'><strong>nisi</strong></span> <span class='ocrx_word' id='word_1_405' title='bbox 945 3863 1177 3933; x_wconf 86' lang='lat' dir='ltr'><strong>primum</strong></span> <span class='ocrx_word' id='word_1_406' title='bbox 1210 3863 1426 3921; x_wconf 89' lang='lat' dir='ltr'><strong>diabolo</strong></span> <span class='ocrx_word' id='word_1_407' title='bbox 1472 3867 1682 3937; x_wconf 90' lang='lat' dir='ltr'><strong>seipsos</strong></span> <span class='ocrx_word' id='word_1_408' title='bbox 1728 3867 1942 3932; x_wconf 85' lang='lat' dir='ltr'><strong>darent,</strong></span> <span class='ocrx_word' id='word_1_409' title='bbox 1972 3876 2029 3924; x_wconf 86' lang='lat' dir='ltr'><strong>et</strong></span> 
     </span>
    </p>
   </div>
   <div class='ocr_carea' id='block_1_55' title="bbox 437 3953 2033 4025">
    <p class='ocr_par' dir='ltr' id='par_1_55' title="bbox 437 3953 2033 4025">
     <span class='ocr_line' id='line_1_55' title="bbox 437 3953 2033 4025; baseline 0.004 -16"><span class='ocrx_word' id='word_1_410' title='bbox 437 3968 565 4010; x_wconf 87' lang='lat' dir='ltr'><strong>cum</strong></span> <span class='ocrx_word' id='word_1_411' title='bbox 600 3953 717 4025; x_wconf 83' lang='lat' dir='ltr'><strong>ipso</strong></span> <span class='ocrx_word' id='word_1_412' title='bbox 745 3955 1088 4023; x_wconf 79' lang='lat' dir='ltr'><strong>postmodum</strong></span> <span class='ocrx_word' id='word_1_413' title='bbox 1134 3955 1261 4011; x_wconf 85' lang='lat' dir='ltr'><strong>facti</strong></span> <span class='ocrx_word' id='word_1_414' title='bbox 1308 3957 1597 4013; x_wconf 81' lang='lat' dir='ltr'><strong>unanimes</strong></span> <span class='ocrx_word' id='word_1_415' title='bbox 1639 3966 1827 4013; x_wconf 91' lang='lat' dir='ltr'><strong>contra</strong></span> <span class='ocrx_word' id='word_1_416' title='bbox 1857 3959 2033 4016; x_wconf 84' lang='lat' dir='ltr'><strong>bonos</strong></span> 
     </span>
    </p>
   </div>
   <div class='ocr_carea' id='block_1_56' title="bbox 436 4042 920 4101">
    <p class='ocr_par' dir='ltr' id='par_1_56' title="bbox 436 4042 920 4101">
     <span class='ocr_line' id='line_1_56' title="bbox 436 4042 920 4101; baseline 0.004 -3"><span class='ocrx_word' id='word_1_417' title='bbox 436 4042 578 4101; x_wconf 87' lang='lat' dir='ltr'><strong>bella</strong></span> <span class='ocrx_word' id='word_1_418' title='bbox 607 4045 920 4101; x_wconf 71' lang='lat' dir='ltr'><strong>miscerent.</strong></span> 
     </span>
    </p>
   </div>
   <div class='ocr_carea' id='block_1_57' title="bbox 507 4132 2029 4216">
    <p class='ocr_par' dir='ltr' id='par_1_57' title="bbox 507 4132 2029 4216">
     <span class='ocr_line' id='line_1_57' title="bbox 507 4132 2029 4216; baseline 0.007 -26"><span class='ocrx_word' id='word_1_419' title='bbox 507 4132 566 4191; x_wconf 81' lang='lat' dir='ltr'><strong>In</strong></span> <span class='ocrx_word' id='word_1_420' title='bbox 607 4149 717 4206; x_wconf 89' lang='lat' dir='ltr'><strong>quo</strong></span> <span class='ocrx_word' id='word_1_421' title='bbox 743 4135 900 4206; x_wconf 82' lang='lat' dir='ltr'><strong>plane</strong></span> <span class='ocrx_word' id='word_1_422' title='bbox 931 4140 1224 4194; x_wconf 87' lang='lat' dir='ltr'><strong>notandum</strong></span> <span class='ocrx_word' id='word_1_423' title='bbox 1252 4150 1336 4195; x_wconf 89' lang='lat' dir='ltr'><strong>est</strong></span> <span class='ocrx_word' id='word_1_424' title='bbox 1366 4142 1491 4211; x_wconf 87' lang='lat' dir='ltr'><strong>quia</strong></span> <span class='ocrx_word' id='word_1_425' title='bbox 1539 4143 1801 4213; x_wconf 81' lang='lat' dir='ltr'><strong>quidquid</strong></span> <span class='ocrx_word' id='word_1_426' title='bbox 1833 4145 2029 4216; x_wconf 82' lang='lat' dir='ltr'><strong>mysti-</strong></span> 
     </span>
    </p>
   </div>
   <div class='ocr_carea' id='block_1_58' title="bbox 435 4219 2028 4303">
    <p class='ocr_par' dir='ltr' id='par_1_58' title="bbox 435 4219 2028 4303">
     <span class='ocr_line' id='line_1_58' title="bbox 435 4219 2028 4303; baseline 0.006 -22"><span class='ocrx_word' id='word_1_427' title='bbox 435 4241 561 4281; x_wconf 84' lang='lat' dir='ltr'><strong>cum</strong></span> <span class='ocrx_word' id='word_1_428' title='bbox 586 4225 641 4281; x_wconf 94' lang='lat' dir='ltr'><strong>in</strong></span> <span class='ocrx_word' id='word_1_429' title='bbox 668 4219 909 4284; x_wconf 74' lang='lat' dir='ltr'><strong>Beelesia</strong></span> <span class='ocrx_word' id='word_1_430' title='bbox 932 4228 1022 4295; x_wconf 89' lang='lat' dir='ltr'><strong>ﬁt,</strong></span> <span class='ocrx_word' id='word_1_431' title='bbox 1049 4245 1154 4285; x_wconf 84' lang='lat' dir='ltr'><strong>non</strong></span> <span class='ocrx_word' id='word_1_432' title='bbox 1182 4231 1360 4288; x_wconf 84' lang='lat' dir='ltr'><strong>minus</strong></span> <span class='ocrx_word' id='word_1_433' title='bbox 1388 4231 1632 4303; x_wconf 86' lang='lat' dir='ltr'><strong>reprobis</strong></span> <span class='ocrx_word' id='word_1_434' title='bbox 1652 4248 1814 4303; x_wconf 90' lang='lat' dir='ltr'><strong>quam</strong></span> <span class='ocrx_word' id='word_1_435' title='bbox 1842 4235 2028 4292; x_wconf 91' lang='lat' dir='ltr'><strong>electis</strong></span> 
     </span>
    </p>
   </div>
   <div class='ocr_carea' id='block_1_59' title="bbox 437 4316 2027 4394">
    <p class='ocr_par' dir='ltr' id='par_1_59' title="bbox 437 4316 2027 4394">
     <span class='ocr_line' id='line_1_59' title="bbox 437 4316 2027 4394; baseline 0.006 -22"><span class='ocrx_word' id='word_1_436' title='bbox 437 4316 736 4372; x_wconf 90' lang='lat' dir='ltr'><strong>secundum</strong></span> <span class='ocrx_word' id='word_1_437' title='bbox 765 4317 1222 4389; x_wconf 84' lang='lat' dir='ltr'><strong>dispensationem</strong></span> <span class='ocrx_word' id='word_1_438' title='bbox 1266 4336 1552 4377; x_wconf 89' lang='lat' dir='ltr'><strong>connnune</strong></span> <span class='ocrx_word' id='word_1_439' title='bbox 1585 4323 1685 4388; x_wconf 90' lang='lat' dir='ltr'><strong>sit;</strong></span> <span class='ocrx_word' id='word_1_440' title='bbox 1732 4334 1787 4379; x_wconf 91' lang='lat' dir='ltr'><strong>et</strong></span> <span class='ocrx_word' id='word_1_441' title='bbox 1812 4324 2027 4394; x_wconf 89' lang='lat' dir='ltr'><strong>Baptis-</strong></span> 
     </span>
    </p>
   </div>
   <div class='ocr_carea' id='block_1_60' title="bbox 441 4409 2104 4501">
    <p class='ocr_par' dir='ltr' id='par_1_60' title="bbox 441 4409 2104 4501">
     <span class='ocr_line' id='line_1_60' title="bbox 441 4409 2104 4501; baseline 0.004 -38"><span class='ocrx_word' id='word_1_442' title='bbox 441 4424 583 4475; x_wconf 88' lang='lat' dir='ltr'><strong>mus,</strong></span> <span class='ocrx_word' id='word_1_443' title='bbox 611 4418 668 4467; x_wconf 92' lang='lat' dir='ltr'><strong>et</strong></span> <span class='ocrx_word' id='word_1_444' title='bbox 696 4409 1035 4466; x_wconf 86' lang='lat' dir='ltr'><strong>Eucharistia</strong></span> <span class='ocrx_word' id='word_1_445' title='bbox 1058 4451 1072 4475; x_wconf 92' lang='lat'><strong>,</strong></span> <span class='ocrx_word' id='word_1_446' title='bbox 1118 4421 1176 4467; x_wconf 88' lang='lat' dir='ltr'><strong>et</strong></span> <span class='ocrx_word' id='word_1_447' title='bbox 1210 4410 1444 4483; x_wconf 84' lang='lat' dir='ltr'><strong>Spiritus</strong></span> <span class='ocrx_word' id='word_1_448' title='bbox 1489 4413 1639 4468; x_wconf 89' lang='lat' dir='ltr'><strong>datio</strong></span> <span class='ocrx_word' id='word_1_449' title='bbox 1673 4428 1777 4469; x_wconf 91' lang='lat' dir='ltr'><strong>non</strong></span> <span class='ocrx_word' id='word_1_450' title='bbox 1812 4414 2024 4481; x_wconf 90' lang='lat' dir='ltr'><strong>melius,</strong></span> <span class='ocrx_word' id='word_1_451' title='bbox 2060 4446 2104 4501; x_wconf 72' lang='grc' dir='ltr'><strong>ι)</strong></span> 
     </span>
    </p>
   </div>
   <div class='ocr_carea' id='block_1_61' title="bbox 437 4503 2029 4577">
    <p class='ocr_par' dir='ltr' id='par_1_61' title="bbox 437 4503 2029 4577">
     <span class='ocr_line' id='line_1_61' title="bbox 437 4503 2029 4577; baseline 0.005 -22"><span class='ocrx_word' id='word_1_452' title='bbox 437 4509 699 4572; x_wconf 90' lang='lat' dir='ltr'><strong>quantum</strong></span> <span class='ocrx_word' id='word_1_453' title='bbox 742 4504 810 4558; x_wconf 87' lang='lat' dir='ltr'><strong>ad</strong></span> <span class='ocrx_word' id='word_1_454' title='bbox 835 4503 1122 4560; x_wconf 80' lang='lat' dir='ltr'><strong>utilitatem</strong></span> <span class='ocrx_word' id='word_1_455' title='bbox 1151 4505 1579 4577; x_wconf 82' lang='lat' dir='ltr'><strong>suscipientium,</strong></span> <span class='ocrx_word' id='word_1_456' title='bbox 1616 4507 2029 4563; x_wconf 85' lang='lat' dir='ltr'><strong>administratur</strong></span> 
     </span>
    </p>
   </div>
   <div class='ocr_carea' id='block_1_62' title="bbox 440 4592 2030 4669">
    <p class='ocr_par' dir='ltr' id='par_1_62' title="bbox 440 4592 2030 4669">
     <span class='ocr_line' id='line_1_62' title="bbox 440 4592 2030 4669; baseline 0.007 -25"><span class='ocrx_word' id='word_1_457' title='bbox 440 4608 471 4646; x_wconf 75' lang='grc' dir='ltr'><strong>ει</strong></span> <span class='ocrx_word' id='word_1_458' title='bbox 501 4592 687 4663; x_wconf 88' lang='lat' dir='ltr'><strong>probis</strong></span> <span class='ocrx_word' id='word_1_459' title='bbox 729 4608 891 4663; x_wconf 90' lang='lat' dir='ltr'><strong>quam</strong></span> <span class='ocrx_word' id='word_1_460' title='bbox 926 4595 1088 4651; x_wconf 87' lang='lat' dir='ltr'><strong>datur</strong></span> <span class='ocrx_word' id='word_1_461' title='bbox 1118 4612 1148 4652; x_wconf 91' lang='lat' dir='ltr'><strong>a</strong></span> <span class='ocrx_word' id='word_1_462' title='bbox 1178 4597 1447 4667; x_wconf 87' lang='lat' dir='ltr'><strong>reprobis.</strong></span> <span class='ocrx_word' id='word_1_463' title='bbox 1472 4597 1585 4653; x_wconf 81' lang='lat' dir='ltr'><strong>Etsi</strong></span> <span class='ocrx_word' id='word_1_464' title='bbox 1618 4597 1764 4653; x_wconf 85' lang='lat' dir='ltr'><strong>enim</strong></span> <span class='ocrx_word' id='word_1_465' title='bbox 1794 4597 2030 4669; x_wconf 89' lang='lat' dir='ltr'><strong>Spiritus</strong></span> 
     </span>
    </p>
   </div>
   <div class='ocr_carea' id='block_1_63' title="bbox 439 4683 2033 4759">
    <p class='ocr_par' dir='ltr' id='par_1_63' title="bbox 439 4683 2033 4759">
     <span class='ocr_line' id='line_1_63' title="bbox 439 4683 2033 4759; baseline 0.003 -20"><span class='ocrx_word' id='word_1_466' title='bbox 439 4693 664 4741; x_wconf 86' lang='lat' dir='ltr'><strong>sanctus</strong></span> <span class='ocrx_word' id='word_1_467' title='bbox 701 4683 937 4756; x_wconf 83' lang='lat' dir='ltr'><strong>eﬂugere</strong></span> <span class='ocrx_word' id='word_1_468' title='bbox 979 4687 1191 4741; x_wconf 83' lang='lat' dir='ltr'><strong>dicatur</strong></span> <span class='ocrx_word' id='word_1_469' title='bbox 1230 4688 1413 4743; x_wconf 81' lang='lat' dir='ltr'><strong>fictum</strong></span> <span class='ocrx_word' id='word_1_470' title='bbox 1440 4687 1601 4758; x_wconf 69' lang='grc' dir='ltr'><strong>(δίῳ.</strong></span> <span class='ocrx_word' id='word_1_471' title='bbox 1635 4706 1673 4751; x_wconf 73' lang='grc' dir='ltr'><strong>ι,</strong></span> <span class='ocrx_word' id='word_1_472' title='bbox 1705 4687 1798 4759; x_wconf 83' lang='lat'><strong>5),</strong></span> <span class='ocrx_word' id='word_1_473' title='bbox 1829 4697 2033 4745; x_wconf 79' lang='lat' dir='ltr'><strong>notan-</strong></span> 
     </span>
    </p>
   </div>
   <div class='ocr_carea' id='block_1_64' title="bbox 440 4777 2033 4851">
    <p class='ocr_par' dir='ltr' id='par_1_64' title="bbox 440 4777 2033 4851">
     <span class='ocr_line' id='line_1_64' title="bbox 440 4777 2033 4851; baseline 0.003 -22"><span class='ocrx_word' id='word_1_474' title='bbox 440 4777 571 4831; x_wconf 87' lang='lat' dir='ltr'><strong>dum</strong></span> <span class='ocrx_word' id='word_1_475' title='bbox 626 4784 809 4831; x_wconf 84' lang='lat' dir='ltr'><strong>tamen</strong></span> <span class='ocrx_word' id='word_1_476' title='bbox 855 4778 997 4846; x_wconf 89' lang='lat' dir='ltr'><strong>quod</strong></span> <span class='ocrx_word' id='word_1_477' title='bbox 1051 4777 1413 4849; x_wconf 84' lang='lat' dir='ltr'><strong>interponitur</strong></span> <span class='ocrx_word' id='word_1_478' title='bbox 1470 4778 1783 4848; x_wconf 75' lang='lat' dir='ltr'><strong>disripliuw.</strong></span> <span class='ocrx_word' id='word_1_479' title='bbox 1836 4778 2033 4851; x_wconf 67' lang='lat' dir='ltr'><strong>Eﬂ’ugit</strong></span> 
     </span>
    </p>
   </div>
   <div class='ocr_carea' id='block_1_65' title="bbox 444 4868 2033 4941">
    <p class='ocr_par' dir='ltr' id='par_1_65' title="bbox 444 4868 2033 4941">
     <span class='ocr_line' id='line_1_65' title="bbox 444 4868 2033 4941; baseline 0.004 -21"><span class='ocrx_word' id='word_1_480' title='bbox 444 4876 627 4924; x_wconf 88' lang='lat' dir='ltr'><strong>autem</strong></span> <span class='ocrx_word' id='word_1_481' title='bbox 650 4877 912 4939; x_wconf 89' lang='lat' dir='ltr'><strong>quantum</strong></span> <span class='ocrx_word' id='word_1_482' title='bbox 937 4868 1003 4925; x_wconf 92' lang='lat' dir='ltr'><strong>ad</strong></span> <span class='ocrx_word' id='word_1_483' title='bbox 1029 4884 1181 4925; x_wconf 90' lang='lat' dir='ltr'><strong>suam</strong></span> <span class='ocrx_word' id='word_1_484' title='bbox 1210 4870 1450 4940; x_wconf 89' lang='lat' dir='ltr'><strong>ipsorum</strong></span> <span class='ocrx_word' id='word_1_485' title='bbox 1474 4871 1704 4927; x_wconf 90' lang='lat' dir='ltr'><strong>salutem</strong></span> <span class='ocrx_word' id='word_1_486' title='bbox 1731 4868 1822 4941; x_wconf 87' lang='lat' dir='ltr'><strong>qui</strong></span> <span class='ocrx_word' id='word_1_487' title='bbox 1845 4872 2033 4927; x_wconf 86' lang='lat' dir='ltr'><strong>vivunt</strong></span> 
     </span>
    </p>
   </div>
   <div class='ocr_carea' id='block_1_66' title="bbox 442 4956 2031 5031">
    <p class='ocr_par' dir='ltr' id='par_1_66' title="bbox 442 4956 2031 5031">
     <span class='ocr_line' id='line_1_66' title="bbox 442 4956 2031 5031; baseline 0.003 -18"><span class='ocrx_word' id='word_1_488' title='bbox 442 4958 681 5031; x_wconf 80' lang='lat' dir='ltr'><strong>indigne,</strong></span> <span class='ocrx_word' id='word_1_489' title='bbox 706 4956 862 5015; x_wconf 91' lang='lat' dir='ltr'><strong>adest</strong></span> <span class='ocrx_word' id='word_1_490' title='bbox 884 4974 1014 5015; x_wconf 84' lang='lat' dir='ltr'><strong>vero</strong></span> <span class='ocrx_word' id='word_1_491' title='bbox 1041 4968 1303 5029; x_wconf 86' lang='lat' dir='ltr'><strong>quantum</strong></span> <span class='ocrx_word' id='word_1_492' title='bbox 1326 4975 1424 5031; x_wconf 91' lang='lat' dir='ltr'><strong>per</strong></span> <span class='ocrx_word' id='word_1_493' title='bbox 1455 4961 1601 5031; x_wconf 90' lang='lat' dir='ltr'><strong>ipsos</strong></span> <span class='ocrx_word' id='word_1_494' title='bbox 1631 4963 1777 5015; x_wconf 83' lang='lat' dir='ltr'><strong>omni</strong></span> <span class='ocrx_word' id='word_1_495' title='bbox 1814 4962 2031 5018; x_wconf 87' lang='lat' dir='ltr'><strong>miseria</strong></span> 
     </span>
    </p>
   </div>
   <div class='ocr_carea' id='block_1_67' title="bbox 443 5050 2035 5124">
    <p class='ocr_par' dir='ltr' id='par_1_67' title="bbox 443 5050 2035 5124">
     <span class='ocr_line' id='line_1_67' title="bbox 443 5050 2035 5124; baseline 0.001 -19"><span class='ocrx_word' id='word_1_496' title='bbox 443 5050 776 5122; x_wconf 88' lang='lat' dir='ltr'><strong>squalentes,</strong></span> <span class='ocrx_word' id='word_1_497' title='bbox 806 5050 929 5107; x_wconf 90' lang='lat' dir='ltr'><strong>aliis</strong></span> <span class='ocrx_word' id='word_1_498' title='bbox 958 5050 1258 5123; x_wconf 85' lang='lat' dir='ltr'><strong>largissima</strong></span> <span class='ocrx_word' id='word_1_499' title='bbox 1286 5051 1560 5107; x_wconf 91' lang='lat' dir='ltr'><strong>ministrat</strong></span> <span class='ocrx_word' id='word_1_500' title='bbox 1587 5066 1698 5107; x_wconf 74' lang='lat' dir='ltr'><strong>sua:</strong></span> <span class='ocrx_word' id='word_1_501' title='bbox 1739 5052 1879 5107; x_wconf 90' lang='lat' dir='ltr'><strong>dona</strong></span> <span class='ocrx_word' id='word_1_502' title='bbox 1911 5068 2035 5124; x_wconf 80' lang='lat' dir='ltr'><strong>gra-</strong></span> 
     </span>
    </p>
   </div>
   <div class='ocr_carea' id='block_1_68' title="bbox 446 5142 2037 5214">
    <p class='ocr_par' dir='ltr' id='par_1_68' title="bbox 446 5142 2037 5214">
     <span class='ocr_line' id='line_1_68' title="bbox 446 5142 2037 5214; baseline 0.002 -20"><span class='ocrx_word' id='word_1_503' title='bbox 446 5142 554 5198; x_wconf 75' lang='lat' dir='ltr'><strong>the.</strong></span> <span class='ocrx_word' id='word_1_504' title='bbox 586 5142 806 5199; x_wconf 89' lang='lat' dir='ltr'><strong>Canalis</strong></span> <span class='ocrx_word' id='word_1_505' title='bbox 828 5157 999 5214; x_wconf 90' lang='lat' dir='ltr'><strong>aquas</strong></span> <span class='ocrx_word' id='word_1_506' title='bbox 1028 5142 1247 5214; x_wconf 87' lang='lat' dir='ltr'><strong>accipit,</strong></span> <span class='ocrx_word' id='word_1_507' title='bbox 1274 5143 1366 5197; x_wconf 91' lang='lat' dir='ltr'><strong>sed</strong></span> <span class='ocrx_word' id='word_1_508' title='bbox 1394 5142 1461 5197; x_wconf 91' lang='lat' dir='ltr'><strong>ad</strong></span> <span class='ocrx_word' id='word_1_509' title='bbox 1489 5143 1592 5199; x_wconf 86' lang='lat' dir='ltr'><strong>hoc</strong></span> <span class='ocrx_word' id='word_1_510' title='bbox 1618 5142 1792 5198; x_wconf 80' lang='lat' dir='ltr'><strong>solum</strong></span> <span class='ocrx_word' id='word_1_511' title='bbox 1821 5152 1878 5198; x_wconf 92' lang='lat' dir='ltr'><strong>ut</strong></span> <span class='ocrx_word' id='word_1_512' title='bbox 1900 5144 2037 5197; x_wconf 82' lang='lat' dir='ltr'><strong>alias</strong></span> 
     </span>
    </p>
   </div>
   <div class='ocr_carea' id='block_1_69' title="bbox 445 5232 2037 5301">
    <p class='ocr_par' dir='ltr' id='par_1_69' title="bbox 445 5232 2037 5301">
     <span class='ocr_line' id='line_1_69' title="bbox 445 5232 2037 5301; baseline 0.003 -15"><span class='ocrx_word' id='word_1_513' title='bbox 445 5232 810 5299; x_wconf 80' lang='lat' dir='ltr'><strong>transmittat;</strong></span> <span class='ocrx_word' id='word_1_514' title='bbox 837 5242 891 5287; x_wconf 93' lang='lat' dir='ltr'><strong>ct</strong></span> <span class='ocrx_word' id='word_1_515' title='bbox 918 5234 972 5289; x_wconf 90' lang='lat' dir='ltr'><strong>hi</strong></span> <span class='ocrx_word' id='word_1_516' title='bbox 1002 5250 1106 5289; x_wconf 92' lang='lat' dir='ltr'><strong>non</strong></span> <span class='ocrx_word' id='word_1_517' title='bbox 1137 5232 1470 5290; x_wconf 88' lang='lat' dir='ltr'><strong>dissimiliter</strong></span> <span class='ocrx_word' id='word_1_518' title='bbox 1499 5233 1701 5288; x_wconf 87' lang='lat' dir='ltr'><strong>habent</strong></span> <span class='ocrx_word' id='word_1_519' title='bbox 1732 5233 1915 5301; x_wconf 87' lang='lat' dir='ltr'><strong>alteri,</strong></span> <span class='ocrx_word' id='word_1_520' title='bbox 1943 5235 2037 5290; x_wconf 89' lang='lat' dir='ltr'><strong>sed</strong></span> 
     </span>
    </p>
   </div>
   <div class='ocr_carea' id='block_1_70' title="bbox 445 5324 2038 5397">
    <p class='ocr_par' dir='ltr' id='par_1_70' title="bbox 445 5324 2038 5397">
     <span class='ocr_line' id='line_1_70' title="bbox 445 5324 2038 5397; baseline 0.002 -17"><span class='ocrx_word' id='word_1_521' title='bbox 445 5339 555 5382; x_wconf 87' lang='lat' dir='ltr'><strong>non</strong></span> <span class='ocrx_word' id='word_1_522' title='bbox 599 5324 800 5380; x_wconf 86' lang='lat' dir='ltr'><strong>habent</strong></span> <span class='ocrx_word' id='word_1_523' title='bbox 844 5326 968 5381; x_wconf 87' lang='lat' dir='ltr'><strong>sibi.</strong></span> <span class='ocrx_word' id='word_1_524' title='bbox 999 5326 1263 5396; x_wconf 87' lang='lat' dir='ltr'><strong>Spiritum</strong></span> <span class='ocrx_word' id='word_1_525' title='bbox 1294 5342 1426 5383; x_wconf 86' lang='lat' dir='ltr'><strong>vero</strong></span> <span class='ocrx_word' id='word_1_526' title='bbox 1466 5325 1765 5397; x_wconf 66' lang='lat' dir='ltr'><strong>disciplinae</strong></span> <span class='ocrx_word' id='word_1_527' title='bbox 1810 5343 1915 5382; x_wconf 93' lang='lat' dir='ltr'><strong>non</strong></span> <span class='ocrx_word' id='word_1_528' title='bbox 1942 5327 2038 5383; x_wconf 80' lang='lat' dir='ltr'><strong>ba-</strong></span> 
     </span>
    </p>
   </div>
   <div class='ocr_carea' id='block_1_71' title="bbox 446 5415 2037 5486">
    <p class='ocr_par' dir='ltr' id='par_1_71' title="bbox 446 5415 2037 5486">
     <span class='ocr_line' id='line_1_71' title="bbox 446 5415 2037 5486; baseline 0.002 -15"><span class='ocrx_word' id='word_1_529' title='bbox 446 5419 594 5479; x_wconf 89' lang='lat' dir='ltr'><strong>bent,</strong></span> <span class='ocrx_word' id='word_1_530' title='bbox 649 5415 775 5486; x_wconf 86' lang='lat' dir='ltr'><strong>quia</strong></span> <span class='ocrx_word' id='word_1_531' title='bbox 825 5416 877 5470; x_wconf 91' lang='lat' dir='ltr'><strong>in</strong></span> <span class='ocrx_word' id='word_1_532' title='bbox 931 5416 1112 5473; x_wconf 91' lang='lat' dir='ltr'><strong>labore</strong></span> <span class='ocrx_word' id='word_1_533' title='bbox 1157 5419 1437 5474; x_wconf 85' lang='lat' dir='ltr'><strong>hominum</strong></span> <span class='ocrx_word' id='word_1_534' title='bbox 1481 5433 1589 5474; x_wconf 91' lang='lat' dir='ltr'><strong>non</strong></span> <span class='ocrx_word' id='word_1_535' title='bbox 1633 5426 1779 5482; x_wconf 87' lang='lat' dir='ltr'><strong>sunt,</strong></span> <span class='ocrx_word' id='word_1_536' title='bbox 1826 5428 2037 5474; x_wconf 89' lang='lat' dir='ltr'><strong>etcum</strong></span> 
     </span>
    </p>
   </div>
   <div class='ocr_carea' id='block_1_72' title="bbox 447 5504 2036 5581">
    <p class='ocr_par' dir='ltr' id='par_1_72' title="bbox 447 5504 2036 5581">
     <span class='ocr_line' id='line_1_72' title="bbox 447 5504 2036 5581; baseline 0.001 -19"><span class='ocrx_word' id='word_1_537' title='bbox 447 5505 760 5563; x_wconf 89' lang='lat' dir='ltr'><strong>hominibus</strong></span> <span class='ocrx_word' id='word_1_538' title='bbox 802 5504 1058 5578; x_wconf 87' lang='lat' dir='ltr'><strong>ﬂagellari</strong></span> <span class='ocrx_word' id='word_1_539' title='bbox 1096 5521 1202 5563; x_wconf 90' lang='lat' dir='ltr'><strong>non</strong></span> <span class='ocrx_word' id='word_1_540' title='bbox 1234 5519 1513 5565; x_wconf 86' lang='lat' dir='ltr'><strong>merentur</strong></span> <span class='ocrx_word' id='word_1_541' title='bbox 1541 5506 1715 5579; x_wconf 76' lang='lat' dir='ltr'><strong>(Psal.</strong></span> <span class='ocrx_word' id='word_1_542' title='bbox 1748 5526 1921 5579; x_wconf 80' lang='lat' dir='ltr'><strong>Lxxn,</strong></span> <span class='ocrx_word' id='word_1_543' title='bbox 1951 5508 2036 5581; x_wconf 82' lang='lat'><strong>5);</strong></span> 
     </span>
    </p>
   </div>
   <div class='ocr_carea' id='block_1_73' title="bbox 447 5597 2040 5675">
    <p class='ocr_par' dir='ltr' id='par_1_73' title="bbox 447 5597 2040 5675">
     <span class='ocr_line' id='line_1_73' title="bbox 447 5597 2040 5675; baseline 0.003 -21"><span class='ocrx_word' id='word_1_544' title='bbox 447 5608 502 5654; x_wconf 81' lang='lat' dir='ltr'><strong>et</strong></span> <span class='ocrx_word' id='word_1_545' title='bbox 527 5613 649 5655; x_wconf 89' lang='lat' dir='ltr'><strong>cum</strong></span> <span class='ocrx_word' id='word_1_546' title='bbox 677 5606 834 5654; x_wconf 82' lang='lat' dir='ltr'><strong>extra</strong></span> <span class='ocrx_word' id='word_1_547' title='bbox 864 5597 1206 5670; x_wconf 90' lang='lat' dir='ltr'><strong>disciplinam</strong></span> <span class='ocrx_word' id='word_1_548' title='bbox 1232 5600 1369 5665; x_wconf 89' lang='lat' dir='ltr'><strong>sint,</strong></span> <span class='ocrx_word' id='word_1_549' title='bbox 1398 5603 1696 5658; x_wconf 91' lang='lat' dir='ltr'><strong>secundum</strong></span> <span class='ocrx_word' id='word_1_550' title='bbox 1724 5602 2040 5675; x_wconf 82' lang='lat' dir='ltr'><strong>Apostolunt</strong></span> 
     </span>
    </p>
   </div>
   <div class='ocr_carea' id='block_1_74' title="bbox 445 5692 1643 5769">
    <p class='ocr_par' dir='ltr' id='par_1_74' title="bbox 445 5692 1643 5769">
     <span class='ocr_line' id='line_1_74' title="bbox 445 5692 1643 5769; baseline -0.017 0"><span class='ocrx_word' id='word_1_551' title='bbox 445 5693 634 5769; x_wconf 57' lang='lat' dir='ltr'><strong>dicar.</strong></span> <span class='ocrx_word' id='word_1_552' title='bbox 669 5708 765 5759; x_wconf 78' lang='lat' dir='ltr'><strong>xu,</strong></span> <span class='ocrx_word' id='word_1_553' title='bbox 796 5693 851 5765; x_wconf 90' lang='lat'><strong>8)</strong></span> <span class='ocrx_word' id='word_1_554' title='bbox 882 5692 1130 5761; x_wconf 86' lang='lat' dir='ltr'><strong>adulteri,</strong></span> <span class='ocrx_word' id='word_1_555' title='bbox 1158 5703 1211 5751; x_wconf 85' lang='lat' dir='ltr'><strong>et</strong></span> <span class='ocrx_word' id='word_1_556' title='bbox 1244 5710 1350 5751; x_wconf 91' lang='lat' dir='ltr'><strong>non</strong></span> <span class='ocrx_word' id='word_1_557' title='bbox 1375 5694 1466 5750; x_wconf 87' lang='lat' dir='ltr'><strong>ﬁlii</strong></span> <span class='ocrx_word' id='word_1_558' title='bbox 1498 5707 1643 5751; x_wconf 90' lang='lat' dir='ltr'><strong>sunt.</strong></span> 
     </span>
    </p>
   </div>
   <div class='ocr_carea' id='block_1_75' title="bbox 2124 1853 3702 1931">
    <p class='ocr_par' dir='ltr' id='par_1_75' title="bbox 2124 1853 3702 1931">
     <span class='ocr_line' id='line_1_75' title="bbox 2124 1853 3702 1931; baseline 0.008 -26"><span class='ocrx_word' id='word_1_559' title='bbox 2124 1861 2570 1909; x_wconf 88' lang='lat' dir='ltr'><strong>monstraremus.</strong></span> <span class='ocrx_word' id='word_1_560' title='bbox 2600 1853 2651 1910; x_wconf 83' lang='lat' dir='ltr'><strong>ls</strong></span> <span class='ocrx_word' id='word_1_561' title='bbox 2679 1854 2895 1911; x_wconf 88' lang='lat' dir='ltr'><strong>habitus</strong></span> <span class='ocrx_word' id='word_1_562' title='bbox 2920 1856 3063 1911; x_wconf 74' lang='lat' dir='ltr'><strong>nihil</strong></span> <span class='ocrx_word' id='word_1_563' title='bbox 3090 1866 3177 1912; x_wconf 86' lang='lat' dir='ltr'><strong>est</strong></span> <span class='ocrx_word' id='word_1_564' title='bbox 3204 1858 3349 1915; x_wconf 88' lang='lat' dir='ltr'><strong>aliud</strong></span> <span class='ocrx_word' id='word_1_565' title='bbox 3373 1876 3535 1931; x_wconf 88' lang='lat' dir='ltr'><strong>quam</strong></span> <span class='ocrx_word' id='word_1_566' title='bbox 3560 1862 3702 1918; x_wconf 89' lang='lat' dir='ltr'><strong>bona</strong></span> 
     </span>
    </p>
   </div>
   <div class='ocr_carea' id='block_1_76' title="bbox 2122 1943 3702 2019">
    <p class='ocr_par' dir='ltr' id='par_1_76' title="bbox 2122 1943 3702 2019">
     <span class='ocr_line' id='line_1_76' title="bbox 2122 1943 3702 2019; baseline 0.007 -22"><span class='ocrx_word' id='word_1_567' title='bbox 2122 1943 2392 2009; x_wconf 85' lang='lat' dir='ltr'><strong>voluntas,</strong></span> <span class='ocrx_word' id='word_1_568' title='bbox 2432 1954 2487 2002; x_wconf 92' lang='lat' dir='ltr'><strong>et</strong></span> <span class='ocrx_word' id='word_1_569' title='bbox 2527 1946 2647 2015; x_wconf 91' lang='lat' dir='ltr'><strong>pius</strong></span> <span class='ocrx_word' id='word_1_570' title='bbox 2684 1944 2936 2009; x_wconf 75' lang='lat' dir='ltr'><strong>affectus,</strong></span> <span class='ocrx_word' id='word_1_571' title='bbox 2969 1948 3304 2019; x_wconf 76' lang='lat' dir='ltr'><strong>simplexque</strong></span> <span class='ocrx_word' id='word_1_572' title='bbox 3347 1954 3702 2019; x_wconf 86' lang='lat' dir='ltr'><strong>conscientia,</strong></span> 
     </span>
    </p>
   </div>
   <div class='ocr_carea' id='block_1_77' title="bbox 2123 2031 3715 2102">
    <p class='ocr_par' dir='ltr' id='par_1_77' title="bbox 2123 2031 3715 2102">
     <span class='ocr_line' id='line_1_77' title="bbox 2123 2031 3715 2102; baseline 0.009 -17"><span class='ocrx_word' id='word_1_573' title='bbox 2123 2047 2230 2102; x_wconf 89' lang='lat' dir='ltr'><strong>qua</strong></span> <span class='ocrx_word' id='word_1_574' title='bbox 2258 2032 2393 2087; x_wconf 90' lang='lat' dir='ltr'><strong>nihil</strong></span> <span class='ocrx_word' id='word_1_575' title='bbox 2433 2031 2645 2090; x_wconf 85' lang='lat' dir='ltr'><strong>felicius</strong></span> <span class='ocrx_word' id='word_1_576' title='bbox 2679 2049 2798 2090; x_wconf 84' lang='lat' dir='ltr'><strong>esse</strong></span> <span class='ocrx_word' id='word_1_577' title='bbox 2838 2034 3134 2091; x_wconf 87' lang='lat' dir='ltr'><strong>Christiani</strong></span> <span class='ocrx_word' id='word_1_578' title='bbox 3179 2038 3414 2095; x_wconf 86' lang='lat' dir='ltr'><strong>docuere</strong></span> <span class='ocrx_word' id='word_1_579' title='bbox 3454 2049 3715 2099; x_wconf 81' lang='lat' dir='ltr'><strong>auctores</strong></span> 
     </span>
    </p>
   </div>
   <div class='ocr_carea' id='block_1_78' title="bbox 2123 2124 3706 2204">
    <p class='ocr_par' dir='ltr' id='par_1_78' title="bbox 2123 2124 3706 2204">
     <span class='ocr_line' id='line_1_78' title="bbox 2123 2124 3706 2204; baseline 0.009 -27"><span class='ocrx_word' id='word_1_580' title='bbox 2123 2124 2383 2193; x_wconf 70' lang='lat' dir='ltr'><strong>(Austros.</strong></span> <span class='ocrx_word' id='word_1_581' title='bbox 2424 2126 2479 2180; x_wconf 82' lang='lat' dir='ltr'><strong>in</strong></span> <span class='ocrx_word' id='word_1_582' title='bbox 2508 2126 2645 2196; x_wconf 78' lang='lat' dir='ltr'><strong>psal.</strong></span> <span class='ocrx_word' id='word_1_583' title='bbox 2680 2143 2849 2183; x_wconf 81' lang='lat' dir='ltr'><strong>xxvnt</strong></span> <span class='ocrx_word' id='word_1_584' title='bbox 2873 2169 2889 2193; x_wconf 91' lang='lat'><strong>,</strong></span> <span class='ocrx_word' id='word_1_585' title='bbox 2912 2145 2962 2183; x_wconf 87' lang='grc' dir='ltr'><strong><em>υ.</em></strong></span> <span class='ocrx_word' id='word_1_586' title='bbox 2993 2129 3053 2192; x_wconf 80' lang='lat' dir='ltr'><strong>l,</strong></span> <span class='ocrx_word' id='word_1_587' title='bbox 3081 2138 3135 2184; x_wconf 91' lang='lat' dir='ltr'><strong>et</strong></span> <span class='ocrx_word' id='word_1_588' title='bbox 3164 2129 3256 2185; x_wconf 88' lang='lat' dir='ltr'><strong>lib.</strong></span> <span class='ocrx_word' id='word_1_589' title='bbox 3287 2148 3363 2197; x_wconf 86' lang='lat' dir='ltr'><strong>tt,</strong></span> <span class='ocrx_word' id='word_1_590' title='bbox 3396 2131 3507 2202; x_wconf 71' lang='grc' dir='ltr'><strong>ΟΙΪ.</strong></span> <span class='ocrx_word' id='word_1_591' title='bbox 3539 2149 3590 2189; x_wconf 90' lang='lat' dir='ltr'><strong>c.</strong></span> <span class='ocrx_word' id='word_1_592' title='bbox 3626 2134 3706 2204; x_wconf 74' lang='grc'><strong>1).</strong></span> 
     </span>
    </p>
   </div>
   <div class='ocr_carea' id='block_1_79' title="bbox 2123 2214 3705 2294">
    <p class='ocr_par' dir='ltr' id='par_1_79' title="bbox 2123 2214 3705 2294">
     <span class='ocr_line' id='line_1_79' title="bbox 2123 2214 3705 2294; baseline 0.007 -25"><span class='ocrx_word' id='word_1_593' title='bbox 2123 2214 2181 2270; x_wconf 84' lang='grc' dir='ltr'><strong>1η</strong></span> <span class='ocrx_word' id='word_1_594' title='bbox 2212 2215 2340 2283; x_wconf 90' lang='lat' dir='ltr'><strong>hoc,</strong></span> <span class='ocrx_word' id='word_1_595' title='bbox 2367 2217 2413 2272; x_wconf 91' lang='lat' dir='ltr'><strong>si</strong></span> <span class='ocrx_word' id='word_1_596' title='bbox 2442 2216 2712 2284; x_wconf 89' lang='lat' dir='ltr'><strong>volumus,</strong></span> <span class='ocrx_word' id='word_1_597' title='bbox 2749 2233 2779 2272; x_wconf 91' lang='lat' dir='ltr'><strong>a</strong></span> <span class='ocrx_word' id='word_1_598' title='bbox 2808 2218 3081 2288; x_wconf 84' lang='lat' dir='ltr'><strong>perversis</strong></span> <span class='ocrx_word' id='word_1_599' title='bbox 3109 2220 3435 2289; x_wconf 75' lang='lat' dir='ltr'><strong>dividimur,</strong></span> <span class='ocrx_word' id='word_1_600' title='bbox 3454 2224 3558 2279; x_wconf 89' lang='lat' dir='ltr'><strong>hac</strong></span> <span class='ocrx_word' id='word_1_601' title='bbox 3585 2238 3705 2294; x_wconf 87' lang='lat' dir='ltr'><strong>spc-</strong></span> 
     </span>
    </p>
   </div>
   <div class='ocr_carea' id='block_1_80' title="bbox 2122 2308 3713 2373">
    <p class='ocr_par' dir='ltr' id='par_1_80' title="bbox 2122 2308 3713 2373">
     <span class='ocr_line' id='line_1_80' title="bbox 2122 2308 3713 2373; baseline 0.004 -9"><span class='ocrx_word' id='word_1_602' title='bbox 2122 2308 2337 2364; x_wconf 84' lang='lat' dir='ltr'><strong>cialiter</strong></span> <span class='ocrx_word' id='word_1_603' title='bbox 2365 2324 2423 2365; x_wconf 90' lang='lat' dir='ltr'><strong>re</strong></span> <span class='ocrx_word' id='word_1_604' title='bbox 2444 2310 2512 2366; x_wconf 88' lang='lat' dir='ltr'><strong>ab</strong></span> <span class='ocrx_word' id='word_1_605' title='bbox 2539 2326 2728 2366; x_wconf 90' lang='lat' dir='ltr'><strong>eorum</strong></span> <span class='ocrx_word' id='word_1_606' title='bbox 2765 2321 2912 2368; x_wconf 89' lang='lat' dir='ltr'><strong>sorte</strong></span> <span class='ocrx_word' id='word_1_607' title='bbox 2939 2313 3320 2369; x_wconf 78' lang='lat' dir='ltr'><strong>discernimur.</strong></span> <span class='ocrx_word' id='word_1_608' title='bbox 3350 2315 3475 2372; x_wconf 85' lang='lat' dir='ltr'><strong>Haec</strong></span> <span class='ocrx_word' id='word_1_609' title='bbox 3499 2325 3585 2373; x_wconf 89' lang='lat' dir='ltr'><strong>est</strong></span> <span class='ocrx_word' id='word_1_610' title='bbox 3614 2317 3713 2371; x_wconf 79' lang='lat' dir='ltr'><strong>illa</strong></span> 
     </span>
    </p>
   </div>
   <div class='ocr_carea' id='block_1_81' title="bbox 2123 2398 3709 2473">
    <p class='ocr_par' dir='ltr' id='par_1_81' title="bbox 2123 2398 3709 2473">
     <span class='ocr_line' id='line_1_81' title="bbox 2123 2398 3709 2473; baseline 0.007 -21"><span class='ocrx_word' id='word_1_611' title='bbox 2123 2398 2293 2453; x_wconf 83' lang='lat' dir='ltr'><strong>vestis</strong></span> <span class='ocrx_word' id='word_1_612' title='bbox 2337 2399 2627 2468; x_wconf 87' lang='lat' dir='ltr'><strong>nuptialis,</strong></span> <span class='ocrx_word' id='word_1_613' title='bbox 2672 2416 2778 2471; x_wconf 91' lang='lat' dir='ltr'><strong>qua</strong></span> <span class='ocrx_word' id='word_1_614' title='bbox 2824 2402 2916 2471; x_wconf 93' lang='lat' dir='ltr'><strong>qui</strong></span> <span class='ocrx_word' id='word_1_615' title='bbox 2972 2418 3078 2459; x_wconf 91' lang='lat' dir='ltr'><strong>non</strong></span> <span class='ocrx_word' id='word_1_616' title='bbox 3134 2404 3395 2473; x_wconf 89' lang='lat' dir='ltr'><strong>induitur,</strong></span> <span class='ocrx_word' id='word_1_617' title='bbox 3449 2421 3481 2462; x_wconf 86' lang='lat' dir='ltr'><strong>a</strong></span> <span class='ocrx_word' id='word_1_618' title='bbox 3537 2422 3709 2463; x_wconf 76' lang='lat' dir='ltr'><strong>sacra:</strong></span> 
     </span>
    </p>
   </div>
   <div class='ocr_carea' id='block_1_82' title="bbox 2124 2484 3455 2555">
    <p class='ocr_par' dir='ltr' id='par_1_82' title="bbox 2124 2484 3455 2555">
     <span class='ocr_line' id='line_1_82' title="bbox 2124 2484 3455 2555; baseline 0.005 -12"><span class='ocrx_word' id='word_1_619' title='bbox 2124 2503 2325 2555; x_wconf 66' lang='lat' dir='ltr'><strong>mensae</strong></span> <span class='ocrx_word' id='word_1_620' title='bbox 2350 2493 2625 2547; x_wconf 87' lang='lat' dir='ltr'><strong>consortio</strong></span> <span class='ocrx_word' id='word_1_621' title='bbox 2648 2493 2933 2549; x_wconf 82' lang='lat' dir='ltr'><strong>emittitur.</strong></span> <span class='ocrx_word' id='word_1_622' title='bbox 3437 2484 3455 2501; x_wconf 73' lang='grc'><strong>“</strong></span> 
     </span>
    </p>
   </div>
   <div class='ocr_carea' id='block_1_83' title="bbox 2198 2580 3722 2658">
    <p class='ocr_par' dir='ltr' id='par_1_83' title="bbox 2198 2580 3722 2658">
     <span class='ocr_line' id='line_1_83' title="bbox 2198 2580 3722 2658; baseline 0.007 -22"><span class='ocrx_word' id='word_1_623' title='bbox 2198 2580 2463 2637; x_wconf 84' lang='lat' dir='ltr'><strong>Caeterum</strong></span> <span class='ocrx_word' id='word_1_624' title='bbox 2510 2582 2615 2639; x_wconf 84' lang='lat' dir='ltr'><strong>alia</strong></span> <span class='ocrx_word' id='word_1_625' title='bbox 2662 2584 2846 2640; x_wconf 81' lang='lat' dir='ltr'><strong>omnia</strong></span> <span class='ocrx_word' id='word_1_626' title='bbox 2890 2601 3012 2656; x_wconf 66' lang='lat' dir='ltr'><strong>quae</strong></span> <span class='ocrx_word' id='word_1_627' title='bbox 3064 2588 3303 2645; x_wconf 84' lang='lat' dir='ltr'><strong>exterius</strong></span> <span class='ocrx_word' id='word_1_628' title='bbox 3348 2588 3722 2658; x_wconf 57' lang='lat' dir='ltr'><strong>exhibentur,</strong></span> 
     </span>
    </p>
   </div>
   <div class='ocr_carea' id='block_1_84' title="bbox 2124 2674 3704 2752">
    <p class='ocr_par' dir='ltr' id='par_1_84' title="bbox 2124 2674 3704 2752">
     <span class='ocr_line' id='line_1_84' title="bbox 2124 2674 3704 2752; baseline 0.008 -24"><span class='ocrx_word' id='word_1_629' title='bbox 2124 2675 2266 2729; x_wconf 88' lang='lat' dir='ltr'><strong>sicut</strong></span> <span class='ocrx_word' id='word_1_630' title='bbox 2299 2674 2426 2729; x_wconf 89' lang='lat' dir='ltr'><strong>boni</strong></span> <span class='ocrx_word' id='word_1_631' title='bbox 2460 2674 2532 2729; x_wconf 88' lang='lat' dir='ltr'><strong>ita</strong></span> <span class='ocrx_word' id='word_1_632' title='bbox 2577 2686 2634 2731; x_wconf 90' lang='lat' dir='ltr'><strong>et</strong></span> <span class='ocrx_word' id='word_1_633' title='bbox 2656 2676 2782 2732; x_wconf 85' lang='lat' dir='ltr'><strong>mali</strong></span> <span class='ocrx_word' id='word_1_634' title='bbox 2810 2678 2938 2733; x_wconf 91' lang='lat' dir='ltr'><strong>dant</strong></span> <span class='ocrx_word' id='word_1_635' title='bbox 2968 2687 3023 2733; x_wconf 91' lang='lat' dir='ltr'><strong>et</strong></span> <span class='ocrx_word' id='word_1_636' title='bbox 3063 2680 3366 2752; x_wconf 89' lang='lat' dir='ltr'><strong>accipiunt;</strong></span> <span class='ocrx_word' id='word_1_637' title='bbox 3397 2682 3587 2739; x_wconf 87' lang='lat' dir='ltr'><strong>iisdem</strong></span> <span class='ocrx_word' id='word_1_638' title='bbox 3617 2698 3704 2739; x_wconf 80' lang='lat' dir='ltr'><strong>sa-</strong></span> 
     </span>
    </p>
   </div>
   <div class='ocr_carea' id='block_1_85' title="bbox 2126 2764 3711 2834">
    <p class='ocr_par' dir='ltr' id='par_1_85' title="bbox 2126 2764 3711 2834">
     <span class='ocr_line' id='line_1_85' title="bbox 2126 2764 3711 2834; baseline 0.005 -16"><span class='ocrx_word' id='word_1_639' title='bbox 2126 2764 2420 2831; x_wconf 85' lang='lat' dir='ltr'><strong>cramentis</strong></span> <span class='ocrx_word' id='word_1_640' title='bbox 2457 2765 2774 2821; x_wconf 91' lang='lat' dir='ltr'><strong>imbuuntur</strong></span> <span class='ocrx_word' id='word_1_641' title='bbox 2807 2776 2862 2822; x_wconf 91' lang='lat' dir='ltr'><strong>et</strong></span> <span class='ocrx_word' id='word_1_642' title='bbox 2904 2768 3176 2834; x_wconf 88' lang='lat' dir='ltr'><strong>imbuunt,</strong></span> <span class='ocrx_word' id='word_1_643' title='bbox 3210 2771 3399 2826; x_wconf 89' lang='lat' dir='ltr'><strong>eadem</strong></span> <span class='ocrx_word' id='word_1_644' title='bbox 3448 2771 3711 2827; x_wconf 89' lang='lat' dir='ltr'><strong>miracula</strong></span> 
     </span>
    </p>
   </div>
   <div class='ocr_carea' id='block_1_86' title="bbox 2127 2855 3717 2932">
    <p class='ocr_par' dir='ltr' id='par_1_86' title="bbox 2127 2855 3717 2932">
     <span class='ocr_line' id='line_1_86' title="bbox 2127 2855 3717 2932; baseline 0.007 -21"><span class='ocrx_word' id='word_1_645' title='bbox 2127 2855 2353 2912; x_wconf 85' lang='lat' dir='ltr'><strong>faciunt.</strong></span> <span class='ocrx_word' id='word_1_646' title='bbox 2386 2856 2568 2914; x_wconf 90' lang='lat' dir='ltr'><strong>Simus</strong></span> <span class='ocrx_word' id='word_1_647' title='bbox 2597 2860 2762 2932; x_wconf 85' lang='lat' dir='ltr'><strong>igitur</strong></span> <span class='ocrx_word' id='word_1_648' title='bbox 2783 2870 2986 2917; x_wconf 72' lang='lat' dir='ltr'><strong>sanctae</strong></span> <span class='ocrx_word' id='word_1_649' title='bbox 3020 2863 3279 2920; x_wconf 86' lang='lat' dir='ltr'><strong>Ecclesiae</strong></span> <span class='ocrx_word' id='word_1_650' title='bbox 3306 2866 3581 2930; x_wconf 85' lang='lat' dir='ltr'><strong>membra,</strong></span> <span class='ocrx_word' id='word_1_651' title='bbox 3600 2882 3717 2923; x_wconf 84' lang='lat' dir='ltr'><strong>non</strong></span> 
     </span>
    </p>
   </div>
   <div class='ocr_carea' id='block_1_87' title="bbox 2126 2949 3723 3026">
    <p class='ocr_par' dir='ltr' id='par_1_87' title="bbox 2126 2949 3723 3026">
     <span class='ocr_line' id='line_1_87' title="bbox 2126 2949 3723 3026; baseline 0.007 -26"><span class='ocrx_word' id='word_1_652' title='bbox 2126 2954 2368 3014; x_wconf 81' lang='lat' dir='ltr'><strong>mortua,</strong></span> <span class='ocrx_word' id='word_1_653' title='bbox 2405 2949 2498 3004; x_wconf 87' lang='lat' dir='ltr'><strong>sed</strong></span> <span class='ocrx_word' id='word_1_654' title='bbox 2544 2965 2847 3019; x_wconf 80' lang='lat' dir='ltr'><strong>congruum</strong></span> <span class='ocrx_word' id='word_1_655' title='bbox 2896 2953 3179 3009; x_wconf 88' lang='lat' dir='ltr'><strong>Dominieo</strong></span> <span class='ocrx_word' id='word_1_656' title='bbox 3224 2957 3438 3026; x_wconf 85' lang='lat' dir='ltr'><strong>corpori</strong></span> <span class='ocrx_word' id='word_1_657' title='bbox 3477 2956 3723 3012; x_wconf 79' lang='lat' dir='ltr'><strong>oﬂicium</strong></span> 
     </span>
    </p>
   </div>
   <div class='ocr_carea' id='block_1_88' title="bbox 2126 3038 3731 3118">
    <p class='ocr_par' dir='ltr' id='par_1_88' title="bbox 2126 3038 3731 3118">
     <span class='ocr_line' id='line_1_88' title="bbox 2126 3038 3731 3118; baseline 0.008 -27"><span class='ocrx_word' id='word_1_658' title='bbox 2126 3038 2404 3093; x_wconf 88' lang='lat' dir='ltr'><strong>reddentia</strong></span> <span class='ocrx_word' id='word_1_659' title='bbox 2426 3080 2441 3104; x_wconf 95' lang='lat'><strong>,</strong></span> <span class='ocrx_word' id='word_1_660' title='bbox 2477 3048 2535 3093; x_wconf 88' lang='lat' dir='ltr'><strong>ut</strong></span> <span class='ocrx_word' id='word_1_661' title='bbox 2569 3041 2709 3096; x_wconf 87' lang='lat' dir='ltr'><strong>sicut</strong></span> <span class='ocrx_word' id='word_1_662' title='bbox 2750 3042 2803 3096; x_wconf 90' lang='lat' dir='ltr'><strong>in</strong></span> <span class='ocrx_word' id='word_1_663' title='bbox 2850 3045 3213 3100; x_wconf 87' lang='lat' dir='ltr'><strong>sacrosanctis</strong></span> <span class='ocrx_word' id='word_1_664' title='bbox 3242 3048 3516 3118; x_wconf 88' lang='lat' dir='ltr'><strong>mysteriis</strong></span> <span class='ocrx_word' id='word_1_665' title='bbox 3555 3057 3731 3104; x_wconf 44' lang='lat' dir='ltr'><strong>extet</strong></span> 
     </span>
    </p>
   </div>
   <div class='ocr_carea' id='block_1_89' title="bbox 2132 3130 3717 3205">
    <p class='ocr_par' dir='ltr' id='par_1_89' title="bbox 2132 3130 3717 3205">
     <span class='ocr_line' id='line_1_89' title="bbox 2132 3130 3717 3205; baseline 0.008 -22"><span class='ocrx_word' id='word_1_666' title='bbox 2132 3130 2243 3186; x_wconf 83' lang='lat' dir='ltr'><strong>rius</strong></span> <span class='ocrx_word' id='word_1_667' title='bbox 2309 3134 2635 3203; x_wconf 88' lang='lat' dir='ltr'><strong>peragendis</strong></span> <span class='ocrx_word' id='word_1_668' title='bbox 2687 3150 2874 3190; x_wconf 89' lang='lat' dir='ltr'><strong>sumus</strong></span> <span class='ocrx_word' id='word_1_669' title='bbox 2922 3136 3078 3191; x_wconf 83' lang='lat' dir='ltr'><strong>bonis</strong></span> <span class='ocrx_word' id='word_1_670' title='bbox 3136 3139 3488 3205; x_wconf 88' lang='lat' dir='ltr'><strong>consimiles,</strong></span> <span class='ocrx_word' id='word_1_671' title='bbox 3542 3140 3717 3196; x_wconf 89' lang='lat' dir='ltr'><strong>simus</strong></span> 
     </span>
    </p>
   </div>
   <div class='ocr_carea' id='block_1_90' title="bbox 2128 3222 3723 3301">
    <p class='ocr_par' dir='ltr' id='par_1_90' title="bbox 2128 3222 3723 3301">
     <span class='ocr_line' id='line_1_90' title="bbox 2128 3222 3723 3301; baseline 0.008 -25"><span class='ocrx_word' id='word_1_672' title='bbox 2128 3222 2290 3277; x_wconf 89' lang='lat' dir='ltr'><strong>etiam</strong></span> <span class='ocrx_word' id='word_1_673' title='bbox 2341 3223 2666 3291; x_wconf 90' lang='lat' dir='ltr'><strong>introrsum,</strong></span> <span class='ocrx_word' id='word_1_674' title='bbox 2702 3225 2899 3282; x_wconf 76' lang='lat' dir='ltr'><strong>affectu</strong></span> <span class='ocrx_word' id='word_1_675' title='bbox 2942 3238 2998 3283; x_wconf 88' lang='lat' dir='ltr'><strong>et</strong></span> <span class='ocrx_word' id='word_1_676' title='bbox 3044 3228 3239 3285; x_wconf 76' lang='lat' dir='ltr'><strong>eﬂ‘ectu</strong></span> <span class='ocrx_word' id='word_1_677' title='bbox 3289 3231 3453 3287; x_wconf 92' lang='lat' dir='ltr'><strong>totius</strong></span> <span class='ocrx_word' id='word_1_678' title='bbox 3494 3232 3723 3301; x_wconf 89' lang='lat' dir='ltr'><strong>pietatis</strong></span> 
     </span>
    </p>
   </div>
   <div class='ocr_carea' id='block_1_91' title="bbox 2126 3314 3721 3392">
    <p class='ocr_par' dir='ltr' id='par_1_91' title="bbox 2126 3314 3721 3392">
     <span class='ocr_line' id='line_1_91' title="bbox 2126 3314 3721 3392; baseline 0.01 -25"><span class='ocrx_word' id='word_1_679' title='bbox 2126 3314 2380 3383; x_wconf 65' lang='lat' dir='ltr'><strong>azquales.</strong></span> <span class='ocrx_word' id='word_1_680' title='bbox 2428 3314 2510 3369; x_wconf 79' lang='lat' dir='ltr'><strong>Sit</strong></span> <span class='ocrx_word' id='word_1_681' title='bbox 2539 3316 2675 3371; x_wconf 89' lang='lat' dir='ltr'><strong>liber</strong></span> <span class='ocrx_word' id='word_1_682' title='bbox 2718 3326 2903 3373; x_wconf 87' lang='lat' dir='ltr'><strong>noster</strong></span> <span class='ocrx_word' id='word_1_683' title='bbox 2945 3333 3009 3374; x_wconf 86' lang='lat' dir='ltr'><strong>ex</strong></span> <span class='ocrx_word' id='word_1_684' title='bbox 3060 3335 3168 3389; x_wconf 88' lang='lat' dir='ltr'><strong>quo</strong></span> <span class='ocrx_word' id='word_1_685' title='bbox 3216 3329 3416 3376; x_wconf 61' lang='lat' dir='ltr'><strong>nostra:</strong></span> <span class='ocrx_word' id='word_1_686' title='bbox 3456 3323 3721 3392; x_wconf 55' lang='lat' dir='ltr'><strong>procedat:</strong></span> 
     </span>
    </p>
   </div>
   <div class='ocr_carea' id='block_1_92' title="bbox 2130 3407 3721 3484">
    <p class='ocr_par' dir='ltr' id='par_1_92' title="bbox 2130 3407 3721 3484">
     <span class='ocr_line' id='line_1_92' title="bbox 2130 3407 3721 3484; baseline 0.006 -26"><span class='ocrx_word' id='word_1_687' title='bbox 2130 3413 2309 3461; x_wconf 77' lang='lat' dir='ltr'><strong>textus</strong></span> <span class='ocrx_word' id='word_1_688' title='bbox 2354 3407 2636 3471; x_wconf 88' lang='lat' dir='ltr'><strong>orationis,</strong></span> <span class='ocrx_word' id='word_1_689' title='bbox 2669 3422 2801 3477; x_wconf 89' lang='lat' dir='ltr'><strong>pura</strong></span> <span class='ocrx_word' id='word_1_690' title='bbox 2849 3409 3200 3473; x_wconf 86' lang='lat' dir='ltr'><strong>conscientia,</strong></span> <span class='ocrx_word' id='word_1_691' title='bbox 3236 3426 3302 3467; x_wconf 92' lang='lat' dir='ltr'><strong>ne</strong></span> <span class='ocrx_word' id='word_1_692' title='bbox 3351 3413 3478 3467; x_wconf 92' lang='lat' dir='ltr'><strong>dum</strong></span> <span class='ocrx_word' id='word_1_693' title='bbox 3528 3412 3721 3484; x_wconf 72' lang='lat' dir='ltr'><strong>lingua</strong></span> 
     </span>
    </p>
   </div>
   <div class='ocr_carea' id='block_1_93' title="bbox 2128 3496 3720 3569">
    <p class='ocr_par' dir='ltr' id='par_1_93' title="bbox 2128 3496 3720 3569">
     <span class='ocr_line' id='line_1_93' title="bbox 2128 3496 3720 3569; baseline 0.006 -20"><span class='ocrx_word' id='word_1_694' title='bbox 2128 3496 2249 3551; x_wconf 88' lang='lat' dir='ltr'><strong>aliis</strong></span> <span class='ocrx_word' id='word_1_695' title='bbox 2295 3498 2434 3552; x_wconf 89' lang='lat' dir='ltr'><strong>bona</strong></span> <span class='ocrx_word' id='word_1_696' title='bbox 2487 3499 2799 3561; x_wconf 90' lang='lat' dir='ltr'><strong>annuntiat,</strong></span> <span class='ocrx_word' id='word_1_697' title='bbox 2852 3501 3058 3569; x_wconf 89' lang='lat' dir='ltr'><strong>peccati</strong></span> <span class='ocrx_word' id='word_1_698' title='bbox 3115 3502 3374 3557; x_wconf 88' lang='lat' dir='ltr'><strong>memoria</strong></span> <span class='ocrx_word' id='word_1_699' title='bbox 3425 3518 3524 3558; x_wconf 93' lang='lat' dir='ltr'><strong>nos</strong></span> <span class='ocrx_word' id='word_1_700' title='bbox 3570 3504 3720 3559; x_wconf 83' lang='lat' dir='ltr'><strong>intus</strong></span> 
     </span>
    </p>
   </div>
   <div class='ocr_carea' id='block_1_94' title="bbox 2128 3588 3716 3660">
    <p class='ocr_par' dir='ltr' id='par_1_94' title="bbox 2128 3588 3716 3660">
     <span class='ocr_line' id='line_1_94' title="bbox 2128 3588 3716 3660; baseline 0.005 -20"><span class='ocrx_word' id='word_1_701' title='bbox 2128 3588 2395 3651; x_wconf 89' lang='lat' dir='ltr'><strong>mordeat,</strong></span> <span class='ocrx_word' id='word_1_702' title='bbox 2426 3603 2545 3658; x_wconf 68' lang='lat' dir='ltr'><strong>quae</strong></span> <span class='ocrx_word' id='word_1_703' title='bbox 2571 3588 2856 3644; x_wconf 86' lang='lat' dir='ltr'><strong>locutionis</strong></span> <span class='ocrx_word' id='word_1_704' title='bbox 2883 3590 3140 3660; x_wconf 84' lang='lat' dir='ltr'><strong>impetum</strong></span> <span class='ocrx_word' id='word_1_705' title='bbox 3161 3591 3371 3647; x_wconf 89' lang='lat' dir='ltr'><strong>occulta</strong></span> <span class='ocrx_word' id='word_1_706' title='bbox 3396 3592 3716 3648; x_wconf 85' lang='lat' dir='ltr'><strong>confusione</strong></span> 
     </span>
    </p>
   </div>
   <div class='ocr_carea' id='block_1_95' title="bbox 2129 3679 3713 3752">
    <p class='ocr_par' dir='ltr' id='par_1_95' title="bbox 2129 3679 3713 3752">
     <span class='ocr_line' id='line_1_95' title="bbox 2129 3679 3713 3752; baseline 0.006 -19"><span class='ocrx_word' id='word_1_707' title='bbox 2129 3680 2443 3751; x_wconf 70' lang='lat' dir='ltr'><strong>prmpediat.</strong></span> <span class='ocrx_word' id='word_1_708' title='bbox 2476 3679 2793 3736; x_wconf 87' lang='lat' dir='ltr'><strong>Sermonem</strong></span> <span class='ocrx_word' id='word_1_709' title='bbox 2840 3684 3112 3752; x_wconf 70' lang='lat' dir='ltr'><strong>praecedat</strong></span> <span class='ocrx_word' id='word_1_710' title='bbox 3155 3684 3363 3750; x_wconf 91' lang='lat' dir='ltr'><strong>oratio,</strong></span> <span class='ocrx_word' id='word_1_711' title='bbox 3396 3694 3455 3739; x_wconf 91' lang='lat' dir='ltr'><strong>ut</strong></span> <span class='ocrx_word' id='word_1_712' title='bbox 3497 3685 3713 3743; x_wconf 90' lang='lat' dir='ltr'><strong>animus</strong></span> 
     </span>
    </p>
   </div>
   <div class='ocr_carea' id='block_1_96' title="bbox 2129 3771 3723 3843">
    <p class='ocr_par' dir='ltr' id='par_1_96' title="bbox 2129 3771 3723 3843">
     <span class='ocr_line' id='line_1_96' title="bbox 2129 3771 3723 3843; baseline 0.002 -17"><span class='ocrx_word' id='word_1_713' title='bbox 2129 3771 2345 3827; x_wconf 84' lang='lat' dir='ltr'><strong>fervens</strong></span> <span class='ocrx_word' id='word_1_714' title='bbox 2374 3786 2561 3827; x_wconf 88' lang='lat' dir='ltr'><strong>amore</strong></span> <span class='ocrx_word' id='word_1_715' title='bbox 2588 3772 2770 3827; x_wconf 89' lang='lat' dir='ltr'><strong>divino</strong></span> <span class='ocrx_word' id='word_1_716' title='bbox 2808 3773 3097 3838; x_wconf 89' lang='lat' dir='ltr'><strong>ardenter,</strong></span> <span class='ocrx_word' id='word_1_717' title='bbox 3127 3789 3249 3843; x_wconf 72' lang='lat' dir='ltr'><strong>qua:</strong></span> <span class='ocrx_word' id='word_1_718' title='bbox 3276 3774 3343 3829; x_wconf 91' lang='lat' dir='ltr'><strong>de</strong></span> <span class='ocrx_word' id='word_1_719' title='bbox 3389 3774 3499 3831; x_wconf 89' lang='lat' dir='ltr'><strong>Deo</strong></span> <span class='ocrx_word' id='word_1_720' title='bbox 3529 3776 3723 3841; x_wconf 70' lang='lat' dir='ltr'><strong>sentit,</strong></span> 
     </span>
    </p>
   </div>
   <div class='ocr_carea' id='block_1_97' title="bbox 2128 3861 3714 3931">
    <p class='ocr_par' dir='ltr' id='par_1_97' title="bbox 2128 3861 3714 3931">
     <span class='ocr_line' id='line_1_97' title="bbox 2128 3861 3714 3931; baseline 0.002 -16"><span class='ocrx_word' id='word_1_721' title='bbox 2128 3861 2397 3927; x_wconf 85' lang='lat' dir='ltr'><strong>enuntiet,</strong></span> <span class='ocrx_word' id='word_1_722' title='bbox 2423 3870 2483 3915; x_wconf 92' lang='lat' dir='ltr'><strong>ut</strong></span> <span class='ocrx_word' id='word_1_723' title='bbox 2510 3861 2650 3916; x_wconf 79' lang='lat' dir='ltr'><strong>sicut</strong></span> <span class='ocrx_word' id='word_1_724' title='bbox 2688 3861 2828 3931; x_wconf 81' lang='lat' dir='ltr'><strong>apud</strong></span> <span class='ocrx_word' id='word_1_725' title='bbox 2859 3877 2917 3916; x_wconf 86' lang='lat' dir='ltr'><strong>se</strong></span> <span class='ocrx_word' id='word_1_726' title='bbox 2944 3862 3280 3920; x_wconf 82' lang='lat' dir='ltr'><strong>intrinsecus</strong></span> <span class='ocrx_word' id='word_1_727' title='bbox 3299 3865 3474 3928; x_wconf 82' lang='lat' dir='ltr'><strong>ardet,</strong></span> <span class='ocrx_word' id='word_1_728' title='bbox 3506 3865 3586 3920; x_wconf 93' lang='lat' dir='ltr'><strong>sic</strong></span> <span class='ocrx_word' id='word_1_729' title='bbox 3614 3880 3714 3918; x_wconf 85' lang='lat' dir='ltr'><strong>an-</strong></span> 
     </span>
    </p>
   </div>
   <div class='ocr_carea' id='block_1_98' title="bbox 2130 3950 3718 4025">
    <p class='ocr_par' dir='ltr' id='par_1_98' title="bbox 2130 3950 3718 4025">
     <span class='ocr_line' id='line_1_98' title="bbox 2130 3950 3718 4025; baseline 0.004 -22"><span class='ocrx_word' id='word_1_730' title='bbox 2130 3950 2366 4005; x_wconf 88' lang='lat' dir='ltr'><strong>ditorum</strong></span> <span class='ocrx_word' id='word_1_731' title='bbox 2415 3952 2579 4007; x_wconf 83' lang='lat' dir='ltr'><strong>corda</strong></span> <span class='ocrx_word' id='word_1_732' title='bbox 2641 3951 2955 4007; x_wconf 87' lang='lat' dir='ltr'><strong>inﬂammet.</strong></span> <span class='ocrx_word' id='word_1_733' title='bbox 3008 3952 3201 4008; x_wconf 81' lang='lat' dir='ltr'><strong>Sermo</strong></span> <span class='ocrx_word' id='word_1_734' title='bbox 3246 3970 3481 4024; x_wconf 88' lang='lat' dir='ltr'><strong>namque</strong></span> <span class='ocrx_word' id='word_1_735' title='bbox 3540 3956 3718 4025; x_wconf 79' lang='lat' dir='ltr'><strong>tepide</strong></span> 
     </span>
    </p>
   </div>
   <div class='ocr_carea' id='block_1_99' title="bbox 2130 4040 3715 4116">
    <p class='ocr_par' dir='ltr' id='par_1_99' title="bbox 2130 4040 3715 4116">
     <span class='ocr_line' id='line_1_99' title="bbox 2130 4040 3715 4116; baseline 0.003 -21"><span class='ocrx_word' id='word_1_736' title='bbox 2130 4040 2487 4113; x_wconf 78' lang='lat' dir='ltr'><strong>languideque</strong></span> <span class='ocrx_word' id='word_1_737' title='bbox 2531 4042 2805 4113; x_wconf 84' lang='lat' dir='ltr'><strong>prolatus,</strong></span> <span class='ocrx_word' id='word_1_738' title='bbox 2853 4059 2977 4099; x_wconf 88' lang='lat' dir='ltr'><strong>cum</strong></span> <span class='ocrx_word' id='word_1_739' title='bbox 3034 4059 3133 4099; x_wconf 90' lang='lat' dir='ltr'><strong>nec</strong></span> <span class='ocrx_word' id='word_1_740' title='bbox 3184 4045 3285 4114; x_wconf 88' lang='lat' dir='ltr'><strong>ipsi</strong></span> <span class='ocrx_word' id='word_1_741' title='bbox 3340 4046 3433 4116; x_wconf 88' lang='lat' dir='ltr'><strong>qui</strong></span> <span class='ocrx_word' id='word_1_742' title='bbox 3485 4045 3715 4115; x_wconf 85' lang='lat' dir='ltr'><strong>profert,</strong></span> 
     </span>
    </p>
   </div>
   <div class='ocr_carea' id='block_1_100' title="bbox 2131 4131 3719 4207">
    <p class='ocr_par' dir='ltr' id='par_1_100' title="bbox 2131 4131 3719 4207">
     <span class='ocr_line' id='line_1_100' title="bbox 2131 4131 3719 4207; baseline 0.003 -21"><span class='ocrx_word' id='word_1_743' title='bbox 2131 4131 2373 4203; x_wconf 88' lang='lat' dir='ltr'><strong>placeat,</strong></span> <span class='ocrx_word' id='word_1_744' title='bbox 2401 4134 2538 4190; x_wconf 91' lang='lat' dir='ltr'><strong>mire</strong></span> <span class='ocrx_word' id='word_1_745' title='bbox 2579 4134 2778 4189; x_wconf 90' lang='lat' dir='ltr'><strong>mirum</strong></span> <span class='ocrx_word' id='word_1_746' title='bbox 2809 4144 2956 4191; x_wconf 89' lang='lat' dir='ltr'><strong>esset</strong></span> <span class='ocrx_word' id='word_1_747' title='bbox 3004 4135 3047 4190; x_wconf 92' lang='lat' dir='ltr'><strong>si</strong></span> <span class='ocrx_word' id='word_1_748' title='bbox 3080 4136 3333 4207; x_wconf 86' lang='lat' dir='ltr'><strong>cuiquam</strong></span> <span class='ocrx_word' id='word_1_749' title='bbox 3364 4138 3630 4206; x_wconf 84' lang='lat' dir='ltr'><strong>placeret;</strong></span> <span class='ocrx_word' id='word_1_750' title='bbox 3661 4145 3719 4192; x_wconf 89' lang='lat' dir='ltr'><strong>et</strong></span> 
     </span>
    </p>
   </div>
   <div class='ocr_carea' id='block_1_101' title="bbox 2131 4221 3712 4298">
    <p class='ocr_par' dir='ltr' id='par_1_101' title="bbox 2131 4221 3712 4298">
     <span class='ocr_line' id='line_1_101' title="bbox 2131 4221 3712 4298; baseline 0.003 -22"><span class='ocrx_word' id='word_1_751' title='bbox 2131 4221 2199 4277; x_wconf 88' lang='lat' dir='ltr'><strong>ab</strong></span> <span class='ocrx_word' id='word_1_752' title='bbox 2233 4222 2365 4279; x_wconf 90' lang='lat' dir='ltr'><strong>eliso</strong></span> <span class='ocrx_word' id='word_1_753' title='bbox 2391 4233 2446 4278; x_wconf 91' lang='lat' dir='ltr'><strong>et</strong></span> <span class='ocrx_word' id='word_1_754' title='bbox 2479 4222 2701 4293; x_wconf 83' lang='lat' dir='ltr'><strong>jacente</strong></span> <span class='ocrx_word' id='word_1_755' title='bbox 2744 4225 2922 4281; x_wconf 85' lang='lat' dir='ltr'><strong>dictus</strong></span> <span class='ocrx_word' id='word_1_756' title='bbox 2951 4225 3087 4282; x_wconf 82' lang='lat' dir='ltr'><strong>alios</strong></span> <span class='ocrx_word' id='word_1_757' title='bbox 3119 4225 3329 4298; x_wconf 88' lang='lat' dir='ltr'><strong>erigere</strong></span> <span class='ocrx_word' id='word_1_758' title='bbox 3358 4238 3561 4298; x_wconf 86' lang='lat' dir='ltr'><strong>posset,</strong></span> <span class='ocrx_word' id='word_1_759' title='bbox 3590 4242 3712 4281; x_wconf 92' lang='lat' dir='ltr'><strong>cum</strong></span> 
     </span>
    </p>
   </div>
   <div class='ocr_carea' id='block_1_102' title="bbox 2130 4314 3714 4386">
    <p class='ocr_par' dir='ltr' id='par_1_102' title="bbox 2130 4314 3714 4386">
     <span class='ocr_line' id='line_1_102' title="bbox 2130 4314 3714 4386; baseline 0.004 -19"><span class='ocrx_word' id='word_1_760' title='bbox 2130 4314 2317 4385; x_wconf 90' lang='lat' dir='ltr'><strong>procul</strong></span> <span class='ocrx_word' id='word_1_761' title='bbox 2343 4314 2505 4371; x_wconf 90' lang='lat' dir='ltr'><strong>dubio</strong></span> <span class='ocrx_word' id='word_1_762' title='bbox 2549 4316 2763 4386; x_wconf 85' lang='lat' dir='ltr'><strong>experti</strong></span> <span class='ocrx_word' id='word_1_763' title='bbox 2802 4316 2971 4373; x_wconf 86' lang='lat' dir='ltr'><strong>simus</strong></span> <span class='ocrx_word' id='word_1_764' title='bbox 3012 4315 3331 4385; x_wconf 77' lang='lat' dir='ltr'><strong>huiusmodi-</strong></span> <span class='ocrx_word' id='word_1_765' title='bbox 3353 4319 3575 4373; x_wconf 85' lang='lat' dir='ltr'><strong>verbum</strong></span> <span class='ocrx_word' id='word_1_766' title='bbox 3608 4334 3714 4373; x_wconf 89' lang='lat' dir='ltr'><strong>non</strong></span> 
     </span>
    </p>
   </div>
   <div class='ocr_carea' id='block_1_103' title="bbox 2133 4405 3725 4479">
    <p class='ocr_par' dir='ltr' id='par_1_103' title="bbox 2133 4405 3725 4479">
     <span class='ocr_line' id='line_1_103' title="bbox 2133 4405 3725 4479; baseline 0.003 -20"><span class='ocrx_word' id='word_1_767' title='bbox 2133 4405 2343 4461; x_wconf 86' lang='lat' dir='ltr'><strong>animos</strong></span> <span class='ocrx_word' id='word_1_768' title='bbox 2392 4406 2726 4463; x_wconf 87' lang='lat' dir='ltr'><strong>audientium</strong></span> <span class='ocrx_word' id='word_1_769' title='bbox 2776 4408 2969 4464; x_wconf 90' lang='lat' dir='ltr'><strong>sedare</strong></span> <span class='ocrx_word' id='word_1_770' title='bbox 3016 4408 3214 4473; x_wconf 88' lang='lat' dir='ltr'><strong>solere,</strong></span> <span class='ocrx_word' id='word_1_771' title='bbox 3261 4409 3357 4463; x_wconf 88' lang='lat' dir='ltr'><strong>sed</strong></span> <span class='ocrx_word' id='word_1_772' title='bbox 3407 4409 3725 4479; x_wconf 85' lang='lat' dir='ltr'><strong>opprimere</strong></span> 
     </span>
    </p>
   </div>
   <div class='ocr_carea' id='block_1_104' title="bbox 2130 4496 3723 4572">
    <p class='ocr_par' dir='ltr' id='par_1_104' title="bbox 2130 4496 3723 4572">
     <span class='ocr_line' id='line_1_104' title="bbox 2130 4496 3723 4572; baseline 0.003 -21"><span class='ocrx_word' id='word_1_773' title='bbox 2130 4496 2381 4563; x_wconf 89' lang='lat' dir='ltr'><strong>fastidio,</strong></span> <span class='ocrx_word' id='word_1_774' title='bbox 2412 4507 2467 4552; x_wconf 87' lang='lat' dir='ltr'><strong>et</strong></span> <span class='ocrx_word' id='word_1_775' title='bbox 2505 4499 2574 4553; x_wconf 91' lang='lat' dir='ltr'><strong>ad</strong></span> <span class='ocrx_word' id='word_1_776' title='bbox 2622 4500 2760 4554; x_wconf 90' lang='lat' dir='ltr'><strong>iram</strong></span> <span class='ocrx_word' id='word_1_777' title='bbox 2808 4500 3050 4571; x_wconf 85' lang='lat' dir='ltr'><strong>graviter</strong></span> <span class='ocrx_word' id='word_1_778' title='bbox 3094 4500 3335 4555; x_wconf 88' lang='lat' dir='ltr'><strong>irritare.</strong></span> <span class='ocrx_word' id='word_1_779' title='bbox 3371 4501 3504 4557; x_wconf 90' lang='lat' dir='ltr'><strong>Cum</strong></span> <span class='ocrx_word' id='word_1_780' title='bbox 3534 4503 3723 4572; x_wconf 88' lang='lat' dir='ltr'><strong>itaque</strong></span> 
     </span>
    </p>
   </div>
   <div class='ocr_carea' id='block_1_105' title="bbox 2134 4589 3727 4667">
    <p class='ocr_par' dir='ltr' id='par_1_105' title="bbox 2134 4589 3727 4667">
     <span class='ocr_line' id='line_1_105' title="bbox 2134 4589 3727 4667; baseline 0.004 -23"><span class='ocrx_word' id='word_1_781' title='bbox 2134 4589 2360 4645; x_wconf 86' lang='lat' dir='ltr'><strong>rationis</strong></span> <span class='ocrx_word' id='word_1_782' title='bbox 2385 4603 2613 4645; x_wconf 89' lang='lat' dir='ltr'><strong>acumen</strong></span> <span class='ocrx_word' id='word_1_783' title='bbox 2647 4591 2826 4645; x_wconf 87' lang='lat' dir='ltr'><strong>minus</strong></span> <span class='ocrx_word' id='word_1_784' title='bbox 2846 4591 2917 4645; x_wconf 86' lang='lat' dir='ltr'><strong>in</strong></span> <span class='ocrx_word' id='word_1_785' title='bbox 2958 4591 3114 4647; x_wconf 90' lang='lat' dir='ltr'><strong>nobis</strong></span> <span class='ocrx_word' id='word_1_786' title='bbox 3140 4592 3321 4662; x_wconf 86' lang='lat' dir='ltr'><strong>vigere</strong></span> <span class='ocrx_word' id='word_1_787' title='bbox 3350 4594 3636 4661; x_wconf 85' lang='lat' dir='ltr'><strong>sentimus,</strong></span> <span class='ocrx_word' id='word_1_788' title='bbox 3662 4593 3727 4667; x_wconf 63' lang='grc'><strong>4</strong></span> 
     </span>
    </p>
   </div>
   <div class='ocr_carea' id='block_1_106' title="bbox 2132 4682 3719 4757">
    <p class='ocr_par' dir='ltr' id='par_1_106' title="bbox 2132 4682 3719 4757">
     <span class='ocr_line' id='line_1_106' title="bbox 2132 4682 3719 4757; baseline 0.002 -16"><span class='ocrx_word' id='word_1_789' title='bbox 2132 4696 2186 4741; x_wconf 90' lang='lat' dir='ltr'><strong>et</strong></span> <span class='ocrx_word' id='word_1_790' title='bbox 2233 4684 2446 4755; x_wconf 87' lang='lat' dir='ltr'><strong>loquela</strong></span> <span class='ocrx_word' id='word_1_791' title='bbox 2493 4694 2677 4739; x_wconf 88' lang='lat' dir='ltr'><strong>nostra</strong></span> <span class='ocrx_word' id='word_1_792' title='bbox 2722 4682 3073 4750; x_wconf 59' lang='lat' dir='ltr'><strong>obtun’ditur,</strong></span> <span class='ocrx_word' id='word_1_793' title='bbox 3110 4695 3167 4741; x_wconf 89' lang='lat' dir='ltr'><strong>et</strong></span> <span class='ocrx_word' id='word_1_794' title='bbox 3209 4687 3353 4757; x_wconf 90' lang='lat' dir='ltr'><strong>quod</strong></span> <span class='ocrx_word' id='word_1_795' title='bbox 3383 4688 3487 4743; x_wconf 89' lang='lat' dir='ltr'><strong>dici</strong></span> <span class='ocrx_word' id='word_1_796' title='bbox 3520 4688 3719 4744; x_wconf 90' lang='lat' dir='ltr'><strong>debeat</strong></span> 
     </span>
    </p>
   </div>
   <div class='ocr_carea' id='block_1_107' title="bbox 2134 4775 3716 4849">
    <p class='ocr_par' dir='ltr' id='par_1_107' title="bbox 2134 4775 3716 4849">
     <span class='ocr_line' id='line_1_107' title="bbox 2134 4775 3716 4849; baseline 0.002 -19"><span class='ocrx_word' id='word_1_797' title='bbox 2134 4792 2240 4831; x_wconf 92' lang='lat' dir='ltr'><strong>non</strong></span> <span class='ocrx_word' id='word_1_798' title='bbox 2295 4775 2564 4839; x_wconf 86' lang='lat' dir='ltr'><strong>abundat,</strong></span> <span class='ocrx_word' id='word_1_799' title='bbox 2616 4786 2670 4830; x_wconf 90' lang='lat' dir='ltr'><strong>et</strong></span> <span class='ocrx_word' id='word_1_800' title='bbox 2714 4791 2867 4832; x_wconf 87' lang='lat' dir='ltr'><strong>mens</strong></span> <span class='ocrx_word' id='word_1_801' title='bbox 2919 4777 2972 4831; x_wconf 92' lang='lat' dir='ltr'><strong>in</strong></span> <span class='ocrx_word' id='word_1_802' title='bbox 3026 4788 3180 4834; x_wconf 90' lang='lat' dir='ltr'><strong>arcto</strong></span> <span class='ocrx_word' id='word_1_803' title='bbox 3228 4778 3403 4849; x_wconf 87' lang='lat' dir='ltr'><strong>posita</strong></span> <span class='ocrx_word' id='word_1_804' title='bbox 3443 4778 3716 4835; x_wconf 77' lang='lat' dir='ltr'><strong>defccunu</strong></span> 
     </span>
    </p>
   </div>
   <div class='ocr_carea' id='block_1_108' title="bbox 2136 4868 3721 4938">
    <p class='ocr_par' dir='ltr' id='par_1_108' title="bbox 2136 4868 3721 4938">
     <span class='ocr_line' id='line_1_108' title="bbox 2136 4868 3721 4938; baseline 0.003 -17"><span class='ocrx_word' id='word_1_805' title='bbox 2136 4868 2374 4938; x_wconf 89' lang='lat' dir='ltr'><strong>patitur,</strong></span> <span class='ocrx_word' id='word_1_806' title='bbox 2423 4877 2481 4921; x_wconf 90' lang='lat' dir='ltr'><strong>ut</strong></span> <span class='ocrx_word' id='word_1_807' title='bbox 2524 4869 2737 4923; x_wconf 73' lang='lat' dir='ltr'><strong>aestimo</strong></span> <span class='ocrx_word' id='word_1_808' title='bbox 2781 4869 2849 4923; x_wconf 88' lang='lat' dir='ltr'><strong>ad</strong></span> <span class='ocrx_word' id='word_1_809' title='bbox 2894 4868 3094 4925; x_wconf 89' lang='lat' dir='ltr'><strong>nullius</strong></span> <span class='ocrx_word' id='word_1_810' title='bbox 3138 4871 3426 4925; x_wconf 89' lang='lat' dir='ltr'><strong>utilitatem</strong></span> <span class='ocrx_word' id='word_1_811' title='bbox 3475 4881 3559 4926; x_wconf 88' lang='lat' dir='ltr'><strong>ex&#39;</strong></span> <span class='ocrx_word' id='word_1_812' title='bbox 3592 4879 3721 4926; x_wconf 87' lang='lat' dir='ltr'><strong>tunc</strong></span> 
     </span>
    </p>
   </div>
   <div class='ocr_carea' id='block_1_109' title="bbox 2137 4960 2654 5030">
    <p class='ocr_par' dir='ltr' id='par_1_109' title="bbox 2137 4960 2654 5030">
     <span class='ocr_line' id='line_1_109' title="bbox 2137 4960 2654 5030; baseline -0.002 -15"><span class='ocrx_word' id='word_1_813' title='bbox 2137 4976 2317 5016; x_wconf 87' lang='lat' dir='ltr'><strong>sermo</strong></span> <span class='ocrx_word' id='word_1_814' title='bbox 2340 4960 2654 5030; x_wconf 85' lang='lat' dir='ltr'><strong>porrigitur.</strong></span> 
     </span>
    </p>
   </div>
   <div class='ocr_carea' id='block_1_110' title="bbox 2210 5053 3730 5124">
    <p class='ocr_par' dir='ltr' id='par_1_110' title="bbox 2210 5053 3730 5124">
     <span class='ocr_line' id='line_1_110' title="bbox 2210 5053 3730 5124; baseline 0.001 -17"><span class='ocrx_word' id='word_1_815' title='bbox 2210 5053 2345 5109; x_wconf 74' lang='lat' dir='ltr'><strong>Nam</strong></span> <span class='ocrx_word' id='word_1_816' title='bbox 2373 5054 2417 5109; x_wconf 90' lang='lat' dir='ltr'><strong>si</strong></span> <span class='ocrx_word' id='word_1_817' title='bbox 2441 5053 2657 5123; x_wconf 90' lang='lat' dir='ltr'><strong>quando</strong></span> <span class='ocrx_word' id='word_1_818' title='bbox 2682 5054 2833 5111; x_wconf 90' lang='lat' dir='ltr'><strong>verbi</strong></span> <span class='ocrx_word' id='word_1_819' title='bbox 2871 5054 3027 5124; x_wconf 90' lang='lat' dir='ltr'><strong>copia</strong></span> <span class='ocrx_word' id='word_1_820' title='bbox 3056 5054 3337 5119; x_wconf 86' lang='lat' dir='ltr'><strong>exuberat,</strong></span> <span class='ocrx_word' id='word_1_821' title='bbox 3363 5063 3419 5109; x_wconf 91' lang='lat' dir='ltr'><strong>et</strong></span> <span class='ocrx_word' id='word_1_822' title='bbox 3457 5055 3524 5109; x_wconf 91' lang='lat' dir='ltr'><strong>ad</strong></span> <span class='ocrx_word' id='word_1_823' title='bbox 3548 5054 3730 5109; x_wconf 89' lang='lat' dir='ltr'><strong>cordis</strong></span> 
     </span>
    </p>
   </div>
   <div class='ocr_carea' id='block_1_111' title="bbox 2139 5144 3727 5217">
    <p class='ocr_par' dir='ltr' id='par_1_111' title="bbox 2139 5144 3727 5217">
     <span class='ocr_line' id='line_1_111' title="bbox 2139 5144 3727 5217; baseline -0.001 -18"><span class='ocrx_word' id='word_1_824' title='bbox 2139 5145 2395 5217; x_wconf 82' lang='lat' dir='ltr'><strong>placitum</strong></span> <span class='ocrx_word' id='word_1_825' title='bbox 2418 5144 2598 5217; x_wconf 84' lang='lat' dir='ltr'><strong>lingua</strong></span> <span class='ocrx_word' id='word_1_826' title='bbox 2621 5146 2986 5217; x_wconf 87' lang='lat' dir='ltr'><strong>progreditur,</strong></span> <span class='ocrx_word' id='word_1_827' title='bbox 3007 5145 3199 5217; x_wconf 91' lang='lat' dir='ltr'><strong>longus</strong></span> <span class='ocrx_word' id='word_1_828' title='bbox 3221 5145 3387 5201; x_wconf 91' lang='lat' dir='ltr'><strong>nimie</strong></span> <span class='ocrx_word' id='word_1_829' title='bbox 3410 5144 3525 5199; x_wconf 88' lang='lat' dir='ltr'><strong>ﬁeri</strong></span> <span class='ocrx_word' id='word_1_830' title='bbox 3546 5159 3727 5200; x_wconf 87' lang='lat' dir='ltr'><strong>sermo</strong></span> 
     </span>
    </p>
   </div>
   <div class='ocr_carea' id='block_1_112' title="bbox 2141 5236 3731 5307">
    <p class='ocr_par' dir='ltr' id='par_1_112' title="bbox 2141 5236 3731 5307">
     <span class='ocr_line' id='line_1_112' title="bbox 2141 5236 3731 5307; baseline -0.002 -15"><span class='ocrx_word' id='word_1_831' title='bbox 2141 5253 2249 5292; x_wconf 90' lang='lat' dir='ltr'><strong>non</strong></span> <span class='ocrx_word' id='word_1_832' title='bbox 2286 5236 2473 5305; x_wconf 87' lang='lat' dir='ltr'><strong>debet,</strong></span> <span class='ocrx_word' id='word_1_833' title='bbox 2520 5247 2728 5307; x_wconf 91' lang='lat' dir='ltr'><strong>quanto</strong></span> <span class='ocrx_word' id='word_1_834' title='bbox 2760 5238 2939 5293; x_wconf 90' lang='lat' dir='ltr'><strong>minus</strong></span> <span class='ocrx_word' id='word_1_835' title='bbox 2983 5253 3106 5292; x_wconf 89' lang='lat' dir='ltr'><strong>cum</strong></span> <span class='ocrx_word' id='word_1_836' title='bbox 3139 5253 3239 5293; x_wconf 85' lang='lat' dir='ltr'><strong>nec</strong></span> <span class='ocrx_word' id='word_1_837' title='bbox 3284 5236 3551 5292; x_wconf 83' lang='lat' dir='ltr'><strong>memoria</strong></span> <span class='ocrx_word' id='word_1_838' title='bbox 3604 5250 3731 5305; x_wconf 86' lang='lat' dir='ltr'><strong>sup-</strong></span> 
     </span>
    </p>
   </div>
   <div class='ocr_carea' id='block_1_113' title="bbox 2142 5328 3730 5402">
    <p class='ocr_par' dir='ltr' id='par_1_113' title="bbox 2142 5328 3730 5402">
     <span class='ocr_line' id='line_1_113' title="bbox 2142 5328 3730 5402; baseline -0.003 -17"><span class='ocrx_word' id='word_1_839' title='bbox 2142 5332 2277 5402; x_wconf 87' lang='lat' dir='ltr'><strong>petit</strong></span> <span class='ocrx_word' id='word_1_840' title='bbox 2303 5330 2656 5387; x_wconf 90' lang='lat' dir='ltr'><strong>dicendorum</strong></span> <span class='ocrx_word' id='word_1_841' title='bbox 2679 5371 2692 5392; x_wconf 92' lang='lat'><strong>,</strong></span> <span class='ocrx_word' id='word_1_842' title='bbox 2736 5338 2792 5386; x_wconf 88' lang='lat' dir='ltr'><strong>et</strong></span> <span class='ocrx_word' id='word_1_843' title='bbox 2818 5329 3017 5384; x_wconf 90' lang='lat' dir='ltr'><strong>locutio</strong></span> <span class='ocrx_word' id='word_1_844' title='bbox 3053 5329 3399 5397; x_wconf 71' lang='lat' dir='ltr'><strong>przepeditur,</strong></span> <span class='ocrx_word' id='word_1_845' title='bbox 3431 5338 3485 5382; x_wconf 88' lang='lat' dir='ltr'><strong>et</strong></span> <span class='ocrx_word' id='word_1_846' title='bbox 3515 5328 3730 5389; x_wconf 88' lang='lat' dir='ltr'><strong>animus</strong></span> 
     </span>
    </p>
   </div>
   <div class='ocr_carea' id='block_1_114' title="bbox 2146 5406 3729 5492">
    <p class='ocr_par' dir='ltr' id='par_1_114' title="bbox 2146 5406 3729 5492">
     <span class='ocr_line' id='line_1_114' title="bbox 2146 5406 3729 5492; baseline -0.002 -16"><span class='ocrx_word' id='word_1_847' title='bbox 2146 5432 2344 5491; x_wconf 86' lang='lat' dir='ltr'><strong>torpet.</strong></span> <span class='ocrx_word' id='word_1_848' title='bbox 2389 5422 2546 5492; x_wconf 85' lang='lat' dir='ltr'><strong>Apud</strong></span> <span class='ocrx_word' id='word_1_849' title='bbox 2574 5422 2786 5476; x_wconf 87' lang='lat' dir='ltr'><strong>beatum</strong></span> <span class='ocrx_word' id='word_1_850' title='bbox 2831 5420 3178 5487; x_wconf 50' lang='lat' dir='ltr'><strong>Ambrosium</strong></span> <span class='ocrx_word' id='word_1_851' title='bbox 3208 5420 3309 5492; x_wconf 88' lang='lat' dir='ltr'><strong>(De</strong></span> <span class='ocrx_word' id='word_1_852' title='bbox 3336 5421 3541 5492; x_wconf 71' lang='lat' dir='ltr'><strong>oﬁiciis,</strong></span> <span class='ocrx_word' id='word_1_853' title='bbox 3565 5406 3657 5474; x_wconf 78' lang='lat' dir='ltr'><strong>lib.</strong></span> <span class='ocrx_word' id='word_1_854' title='bbox 3690 5435 3729 5484; x_wconf 84' lang='lat' dir='ltr'><strong>t,</strong></span> 
     </span>
    </p>
   </div>
   <div class='ocr_carea' id='block_1_115' title="bbox 2144 5510 3732 5585">
    <p class='ocr_par' dir='ltr' id='par_1_115' title="bbox 2144 5510 3732 5585">
     <span class='ocr_line' id='line_1_115' title="bbox 2144 5510 3732 5585; baseline -0.003 -16"><span class='ocrx_word' id='word_1_855' title='bbox 2144 5528 2193 5569; x_wconf 89' lang='lat' dir='ltr'><strong>c.</strong></span> <span class='ocrx_word' id='word_1_856' title='bbox 2220 5512 2311 5585; x_wconf 72' lang='lat'><strong>2‘2)</strong></span> <span class='ocrx_word' id='word_1_857' title='bbox 2343 5512 2540 5584; x_wconf 81' lang='lat' dir='ltr'><strong>legitur</strong></span> <span class='ocrx_word' id='word_1_858' title='bbox 2567 5512 2692 5580; x_wconf 89' lang='lat' dir='ltr'><strong>quia</strong></span> <span class='ocrx_word' id='word_1_859' title='bbox 2727 5526 2908 5565; x_wconf 90' lang='lat' dir='ltr'><strong>sermo</strong></span> <span class='ocrx_word' id='word_1_860' title='bbox 2936 5510 3185 5567; x_wconf 74' lang='lat' dir='ltr'><strong>tacdiosus</strong></span> <span class='ocrx_word' id='word_1_861' title='bbox 3230 5512 3365 5566; x_wconf 89' lang='lat' dir='ltr'><strong>iram</strong></span> <span class='ocrx_word' id='word_1_862' title='bbox 3410 5511 3645 5575; x_wconf 82' lang='lat' dir='ltr'><strong>excitat;</strong></span> <span class='ocrx_word' id='word_1_863' title='bbox 3676 5517 3732 5564; x_wconf 83' lang='lat' dir='ltr'><strong>et</strong></span> 
     </span>
    </p>
   </div>
   <div class='ocr_carea' id='block_1_116' title="bbox 2147 5599 3729 5671">
    <p class='ocr_par' dir='ltr' id='par_1_116' title="bbox 2147 5599 3729 5671">
     <span class='ocr_line' id='line_1_116' title="bbox 2147 5599 3729 5671; baseline -0.004 -11"><span class='ocrx_word' id='word_1_864' title='bbox 2147 5619 2270 5661; x_wconf 90' lang='lat' dir='ltr'><strong>cum</strong></span> <span class='ocrx_word' id='word_1_865' title='bbox 2314 5603 2504 5659; x_wconf 88' lang='lat' dir='ltr'><strong>eadem</strong></span> <span class='ocrx_word' id='word_1_866' title='bbox 2551 5600 2750 5671; x_wconf 66' lang='lat' dir='ltr'><strong>saepius</strong></span> <span class='ocrx_word' id='word_1_867' title='bbox 2796 5599 3153 5669; x_wconf 81' lang='lat' dir='ltr'><strong>replicantur,</strong></span> <span class='ocrx_word' id='word_1_868' title='bbox 3193 5601 3276 5656; x_wconf 91' lang='lat' dir='ltr'><strong>vel</strong></span> <span class='ocrx_word' id='word_1_869' title='bbox 3325 5600 3467 5656; x_wconf 91' lang='lat' dir='ltr'><strong>ultra</strong></span> <span class='ocrx_word' id='word_1_870' title='bbox 3512 5600 3729 5655; x_wconf 87' lang='lat' dir='ltr'><strong>modum</strong></span> 
     </span>
    </p>
   </div>
   <div class='ocr_carea' id='block_1_117' title="bbox 2148 5687 3732 5761">
    <p class='ocr_par' dir='ltr' id='par_1_117' title="bbox 2148 5687 3732 5761">
     <span class='ocr_line' id='line_1_117' title="bbox 2148 5687 3732 5761; baseline -0.005 -8"><span class='ocrx_word' id='word_1_871' title='bbox 2148 5695 2361 5753; x_wconf 84' lang='lat' dir='ltr'><strong>diversa</strong></span> <span class='ocrx_word' id='word_1_872' title='bbox 2387 5692 2618 5749; x_wconf 86' lang='lat' dir='ltr'><strong>dicendo</strong></span> <span class='ocrx_word' id='word_1_873' title='bbox 2651 5689 2966 5761; x_wconf 85' lang='lat' dir='ltr'><strong>tenduntur,</strong></span> <span class='ocrx_word' id='word_1_874' title='bbox 3002 5691 3117 5747; x_wconf 88' lang='lat' dir='ltr'><strong>ﬁeri</strong></span> <span class='ocrx_word' id='word_1_875' title='bbox 3162 5692 3285 5748; x_wconf 89' lang='lat' dir='ltr'><strong>inde</strong></span> <span class='ocrx_word' id='word_1_876' title='bbox 3312 5692 3450 5749; x_wconf 84' lang='lat' dir='ltr'><strong>solet</strong></span> <span class='ocrx_word' id='word_1_877' title='bbox 3488 5699 3544 5747; x_wconf 90' lang='lat' dir='ltr'><strong>ut</strong></span> <span class='ocrx_word' id='word_1_878' title='bbox 3576 5687 3732 5746; x_wconf 71' lang='lat' dir='ltr'><strong>taedio</strong></span> 
     </span>
    </p>
   </div>
   <div class='ocr_carea' id='block_1_118' title="bbox 4046 1172 4055 1207">
    <p class='ocr_par' dir='ltr' id='par_1_118' title="bbox 4046 1172 4055 1207">
     <span class='ocr_line' id='line_1_118' title="bbox 4046 1172 4055 1207; baseline 0 0"><span class='ocrx_word' id='word_1_879' title='bbox 4046 1172 4055 1207; x_wconf 77' lang='grc' dir='ltr'>ι</span> 
     </span>
    </p>
   </div>
  </div>
