4062 6354
247 382 318 437 25
1134 372 1335 428 LIBER
1375 370 1519 440 QUO
1554 367 1811 426 ORDiNE
1848 366 2082 424 SERMO
2112 366 2295 422 FlElll
2336 366 2631 422 DEBEAT.
3198 390 3201 393 '
3447 368 3525 439 26

251 492 410 548 victis
435 488 616 544 omnia
662 487 898 557 pariter,
924 487 1102 556 prima
1125 525 1140 552 ,
1182 485 1357 541 media
1386 494 1442 541 et
1470 482 1655 539 ultima
1686 480 1835 536 aufe-
1864 484 1907 539 A
1937 495 2076 534 mur.
2112 480 2268 535 Verbi
2300 483 2469 550 gratia
2501 478 2856 547 Hierusalem,
2880 483 3175 537 secundum
3210 482 3517 554 historiam,

253 592 462 647 rantur,
491 589 549 636 et
595 594 713 650 qum
745 578 1002 651 prodesse
1044 592 1214 648 pauca
1265 585 1538 647 poterant,
1565 576 1731 630 nimia
1777 585 1832 629 et

252 676 543 731 indiscrete
569 669 763 735 ellusa,
786 670 840 725 in
870 668 1143 724 fastidium
1185 677 1239 724 et
1264 683 1402 738 pene
1432 665 1834 739 quodammodo

252 767 307 821 in
332 765 514 819 odium
541 770 825 818 vertantur

329 856 463 912 Nam
492 856 633 912 sicut
660 851 917 908 victualia
948 851 1126 908 sobrie
1151 858 1363 920 sumpta
1386 851 1453 906 ad
1476 850 1719 920 corporis
1744 865 1836 903 nu-

252 949 570 1003 trimentum
600 948 651 1001 in
681 958 911 1014 corpore
951 951 1298 1013 permanent,
1329 941 1679 997 immoderate
1709 954 1836 995 vero

254 1048 442 1093 vorata
482 1038 536 1093 in
576 1035 962 1091 detrimentum
996 1041 1247 1103 vergunt,
1275 1040 1330 1086 et
1359 1031 1617 1086 vomitum
1642 1045 1836 1100 provo-

256 1138 409 1195 cant;
443 1137 499 1184 et
527 1128 618 1198 qui
661 1125 867 1181 semine
913 1124 1152 1195 legitimo
1198 1131 1253 1178 et
1295 1137 1459 1193 parce
1489 1121 1836 1189 modesteque
1852 1178 1867 1189 _,

256 1222 401 1276 edito
428 1219 639 1291 conjugi
671 1217 945 1281 miscetur,
988 1214 1194 1284 prolem
1224 1224 1397 1282 creat,
1439 1214 1530 1283 qui
1580 1227 1708 1267 vero
1752 1225 1836 1267 se-

259 1311 405 1365 mine
430 1309 566 1375 fluit,
600 1307 731 1362 nihil
766 1306 894 1362 utile
918 1304 1111 1372 eliicit,
1139 1306 1239 1373 sed,
1263 1320 1481 1360 carnem
1519 1303 1684 1358 foedat
1712 1322 1725 1357 :
1762 1303 1834 1357 ita

257 1401 347 1469 qui
399 1400 561 1455 nimie
600 1398 826 1454 verbum
880 1396 1109 1466 profert,
1150 1406 1205 1452 et
1246 1397 1300 1451 id
1348 1396 1492 1467 quod
1529 1395 1837 1450 auditorum

254 1488 509 1544 cordibus
551 1488 770 1542 insitum
799 1497 947 1553 erat,
990 1495 1043 1541 et
1073 1485 1335 1556 proficere
1370 1492 1603 1556 poterat,
1636 1482 1833 1538 aufert.

257 1584 389 1635 Cum
433 1595 564 1651 ergo
587 1589 641 1635 et
666 1579 885 1650 grandis
913 1579 1078 1633 animi
1111 1577 1292 1633 fervor
1320 1576 1637 1648 praedicanti
1660 1576 1836 1641 adest,

252 1682 308 1727 et
356 1671 634 1741 multiplex
684 1671 1087 1725 tractandorum
1135 1669 1358 1724 materia
1406 1666 1680 1722 memoriae
1728 1681 1837 1720 non

253 1764 425 1829 deest,
457 1762 720 1818 facundia:
742 1776 954 1832 quoque
977 1761 1379 1833 possibilitas_et
1400 1768 1621 1815 ornatus
1651 1771 1835 1813 neces-

1934 572 2125 627 civitas
2155 580 2239 626 est
2262 572 2505 641 quaedam
2530 589 2544 638 ;
2573 574 2865 627 secundum
2895 573 3234 644 allegoriam,
3265 586 3509 632 sanctam

1934 661 2230 718 Ecclesium
2252 662 2589 733 significans;
2623 663 2918 719 secundum
2944 665 3315 736 tropol0giam,
3352 668 3404 723 id
3438 678 3524 724 est

1938 754 2324 820 moralitatem,
2356 754 2535 808 anima
2586 754 2760 810 fidelis
2808 754 3094 824 cujuslibet
3122 758 3215 827 qui
3263 759 3331 813 ad
3360 759 3523 815 visio-

1936 862 2059 901 nem
2107 846 2259 916 pacis
2307 855 2524 901 reterns:
2572 846 2817 912 anhelat;
2867 848 3159 903 secundum
3208 864 3523 922 anagogeu,

1937 937 2234 993 caelestium
2268 937 2465 992 civium
2516 936 2704 1004 vitam,
2752 939 2842 1007 qui
2891 938 3062 995 Deum
3104 939 3329 995 deorum
3381 941 3523 997 facie

1938 1028 2174 1084 revelata
2213 1029 2265 1083 in
2312 1026 2445 1083 Sion
2477 1028 2678 1094 vident,
2710 1028 2911 1099 signat.
2954 1030 3033 1083 Ex
3062 1030 3148 1087 his
3194 1031 3360 1102 igitur
3381 1047 3522 1103 qua-

1939 1130 2060 1175 tuor
2098 1120 2296 1185 modis,
2349 1120 2477 1175 licet
2519 1120 2696 1174 omnis
2748 1119 2865 1174 ﬁeri
2917 1121 3109 1189 possit,
3139 1130 3231 1176 aut
3266 1131 3415 1178 certe
3456 1138 3525 1179 ex

1936 1212 2183 1283 singulis,
2216 1220 2396 1266 tamen
2444 1211 2489 1265 si
2534 1210 2660 1281 quid
2692 1210 2875 1265 utilius
2916 1211 3206 1277 ad.curam
3253 1214 3525 1269 interioris

1937 1301 2172 1357 hominis
2214 1311 2495 1371 pensetur,
2525 1300 2696 1372 magis
2743 1302 3023 1356 commoda
3057 1317 3121 1357 ac
3172 1302 3527 1374 intelligibilis

1938 1393 1993 1447 in
2027 1393 2311 1448 tractando
2341 1391 2618 1448 moralitas
2639 1407 2760 1448 esse
2789 1391 3024 1455 videtur.

2006 1484 2276 1555 Allegoria
2325 1498 2458 1539 sane
2494 1483 2620 1538 dum
2657 1484 2709 1539 in
2749 1484 3081 1554 propheticis
3110 1485 3535 1557 apostolicisque

1936 1578 2088 1634 libris
2120 1577 2459 1646 disquiritur,
2488 1592 2624 1647 pene
2654 1577 2788 1632 nihil
2824 1578 2969 1632 aliud
3004 1592 3165 1646 quam
3200 1578 3361 1632 fidem
3399 1578 3530 1633 mdi-

1938 1672 2088 1737 fieat;
2130 1671 2255 1742 quia
2288 1671 2513 1738 scilicet,
2545 1671 2671 1725 dum
2707 1671 3058 1727 multifariam
3093 1673 3379 1742 multisque
3409 1687 3527 1728 mo-

1938 1764 2020 1817 dis
2047 1761 2176 1817 olim
2210 1760 2379 1815 Deum
2409 1760 2719 1830 loquentem
2756 1762 2809 1815 in
2851 1761 3135 1832 prophetis
3159 1770 3365 1817 attente
3397 1761 3536 1831 legi-

252 1856 400 1911 sitati
447 1862 730 1925 superest,
767 1831 992 1923 penset?
1026 1868 1214 1907 eorum
1262 1852 1352 1921 qui
1405 1851 1568 1906 tacite
1615 1849 1839 1904 audiunt

1945 1871 2093 1920 Inus,
2126 1854 2423 1909 Christiani
2458 1856 2714 1925 temporis
2762 1866 3103 1911 sacramenta
3144 1856 3364 1912 indubie
3394 1872 3531 1927 pra:-

255 1944 553 1999 imbccillas
584 1945 748 2009 vires,
781 1943 1081 2013 meliusque
1122 1942 1237 1998 fore
1288 1953 1343 1996 ut
1388 1956 1558 2011 pauca
1591 1950 1645 1996 et
1688 1949 1839 2010 grate

256 2034 648 2104 suscipiantur,
693 2049 857 2103 quam
895 2033 1176 2086 innumera
1217 2048 1283 2087 ex
1314 2031 1511 2099 quibus
1536 2030 1681 2084 nulla
1709 2030 1839 2084 retic

258 2133 512 2189 neantur,
556 2124 825 2194 finemque
864 2123 1044 2179 facere
1089 2137 1193 2175 non
1236 2121 1476 2185 differat,
1523 2130 1584 2175 ut
1623 2136 1838 2175 rursum

259 2231 383 2271 cum
412 2229 716 2271 sermonem
745 2214 989 2270 facturus
1017 2222 1126 2281 est,
1172 2212 1381 2267 alacres
1410 2225 1501 2267 eos
1542 2227 1647 2267 non
1690 2210 1842 2265 fasti-

259 2308 444 2363 diosos
466 2307 724 2362 inveniat.

329 2401 597 2455 Praeterea
626 2407 681 2453 et
706 2397 850 2452 aliud
886 2397 1229 2451 .ntimandum
1252 2404 1355 2460 est,
1389 2403 1447 2448 ut
1478 2393 1684 2450 scilicet
1710 2391 1836 2447 dum

256 2491 547 2546 i‘l’itteratis
591 2489 729 2567 levia
775 2497 831 2544 et
877 2487 1034 2557 plana
1075 2488 1353 2557 pnedicat,
1395 2485 1647 2539 litteratis
1672 2484 1836 2538 etiam

259 2598 380 2652 quae
410 2582 511 2637 sibi
543 2580 864 2636 conveniant
896 2578 1208 2635 sublimiora
1251 2578 1429 2645 aliqua
1463 2575 1838 2630 intermiscere

256 2673 513 2737 studeat,
545 2681 599 2727 et
647 2672 772 2726 dum
818 2671 902 2725 his
951 2684 1070 2739 quae
1104 2669 1391 2739 capacitati
1436 2682 1546 2722 suae
1590 2667 1839 2737 placeant

254 2763 529 2834 propinat,
564 2764 636 2817 ita
682 2762 932 2832 explicet,
959 2771 1014 2817 et
1043 2770 1101 2816 ut
1146 2762 1220 2816 ita
1261 2761 1436 2816 dicam
1466 2759 1696 2829 quadam
1727 2756 1836 2813 cir-

255 2855 665 2911 cumlocutionis
708 2854 849 2909 mola
897 2853 1226 2910 conterendo
1272 2862 1536 2921 exponat,
1589 2861 1642 2908 et
1694 2850 1838 2923 quod

256 2947 452 3000 durum
481 2960 544 3000 ac
580 2943 793 2999 difﬁcile
821 2945 985 2999 etiam
1030 2944 1201 2999 doctis
1230 2943 1379 3011 prius
1416 2942 1722 3005 videbatur,
1764 2941 1835 2997 ita

254 3037 489 3092 lucidum
517 3046 570 3092 et
598 3044 842 3106 apertum
870 3035 1079 3101 reddat,
1104 3044 1161 3089 ut
1190 3034 1369 3089 idiotis
1401 3049 1463 3088 ac
1506 3034 1837 3104 simplicibus

256 3130 600 3200 perspicuum
652 3128 794 3198 quod
845 3128 1043 3183 dicitur
1089 3141 1207 3182 esse
1261 3134 1444 3195 queat.
1494 3125 1647 3181 Sicut
1692 3126 1835 3182 enim

257 3222 500 3292 puerulis
530 3221 687 3276 lactis
717 3220 1033 3275 alimentum
1061 3218 1328 3274 familiare
1365 3226 1448 3273 est
1481 3226 1536 3273 et
1560 3217 1718 3274 valde
1745 3236 1839 3275 ne-

257 3315 581 3379 cessarium,
611 3322 671 3367 ut
714 3313 832 3368 sine
871 3313 1010 3367 lacte
1048 3326 1153 3366 non
1196 3326 1356 3380 posse
1382 3311 1563 3365 vivere
1591 3311 1843 3365 credatur

259 3404 532 3467 infantes,
567 3419 669 3458 nec
709 3404 807 3459 soli
841 3412 1019 3458 tamen
1063 3417 1129 3456 eo
1169 3410 1395 3455 utantur
1439 3400 1701 3465 infantes,
1750 3400 1843 3453 sed

262 3494 518 3551 infractis
546 3509 747 3563 panum
771 3493 970 3547 crustis
996 3493 1161 3547 etiam
1192 3490 1521 3560 quibuslibet
1544 3488 1847 3557 grandzevis

259 3592 483 3658 praestet
518 3583 720 3646 cibum,
763 3583 841 3637 sic
891 3583 1209 3651 plerumque
1249 3596 1371 3637 cum
1421 3580 1578 3648 vulgo
1619 3578 1845 3648 simplex

262 3674 513 3732 doctrina
541 3672 883 3742 proponitur,
924 3680 980 3725 et
1005 3671 1206 3741 aliquid
1237 3679 1417 3725 tamen
1445 3677 1667 3738 propter
1690 3666 1846 3721 intel-

263 3765 612 3838 ligibiliores,
644 3763 734 3817 ubi
766 3778 951 3817 eorum
985 3769 1341 3817 exerceantur
1376 3758 1616 3830 ingenia,
1646 3757 1843 3812 ibidem

262 3857 630 3919 interseritur,
663 3855 734 3909 ita
769 3867 988 3924 pascere
1016 3854 1297 3907 consuevit
1322 3853 1564 3914 hebetes,
1595 3858 1656 3904 ut
1682 3848 1843 3903 etiam

263 3949 540 4007 solidioris
575 3947 949 4001 additamenta
973 3946 1170 4011 victus,
1207 3944 1258 3997 id
1286 3952 1371 3998 est
1397 3940 1679 4009 interiecta
1711 3954 1846 4013 pon-

264 4043 527 4101 derosiori
557 4039 822 4096 sententia
848 4038 1118 4093 delectare
1143 4035 1315 4091 soleat
1339 4034 1627 4103 sapientes.
1662 4031 1848 4085 Solent

263 4133 465 4194 etenim
514 4132 568 4187 in
619 4129 942 4185 tractatibus
997 4128 1399 4200 evangeliorum
1455 4123 1734 4179 sententia:
1780 4122 1847 4178 de

264 4224 451 4288 Veteri
475 4223 831 4278 Testamento
851 4221 1104 4277 adhibitae
1132 4220 1408 4275 auditores
1429 4216 1656 4271 reddere
1678 4213 1848 4284 magis

264 4318 522 4381 intentos,
552 4315 678 4385 quia
703 4315 830 4369 dum
856 4313 1131 4385 quidpiam
1160 4326 1346 4368 eorum
1390 4308 1597 4364 auditui
1648 4321 1846 4362 novum

268 4409 508 4474 insonat,
544 4407 756 4461 animos
779 4407 933 4475 quasi
972 4422 1039 4461 ex
1067 4405 1299 4475 quadam
1339 4402 1657 4473 voluptuosa
1687 4413 1849 4454 sono-

269 4500 429 4553 ritate
467 4499 708 4552 innovat.
758 4498 871 4553 Hoc
906 4499 991 4553 his
1024 4496 1338 4566 contingere
1382 4493 1519 4550 solet
1563 4494 1654 4563 qui
1694 4492 1847 4548 Scri-

268 4598 443 4658 ptura:
469 4598 679 4643 secreta
708 4589 939 4643 libenter
970 4587 1250 4657 inquirunt
1289 4593 1343 4641 et
1392 4601 1605 4655 semper
1634 4586 1845 4641 discere

270 4689 539 4747 quaerunt.
572 4678 789 4732 Placere
816 4680 977 4734 etiam
1014 4678 1286 4733 nonnullis
1320 4679 1684 4747 comperimus
1717 4678 1846 4732 sim-

268 4768 436 4838 plices
464 4767 739 4831 historias,
766 4776 817 4823 et
849 4776 1088 4823 veterum
1123 4776 1273 4837 gesta
1299 4768 1534 4822 sermoni
1564 4768 1843 4835 inducere,

266 4864 323 4909 et
347 4854 433 4909 his
460 4854 713 4908 onmibus
742 4854 897 4923 quasi
936 4868 1003 4908 ex
1018 4853 1253 4909 diversis
1282 4861 1546 4924 picturam
1574 4851 1845 4908 coloribus

266 4948 552 5000 adornare.

338 5032 636 5088 Dicendum
667 5031 831 5087 etiam
876 5033 1029 5088 nobis
1071 5041 1154 5088 est
1197 5033 1318 5102 quis
1349 5041 1611 5089 tractatus
1639 5034 1843 5089 doctori

265 5126 535 5198 praecipue
571 5124 850 5180 habendus
884 5125 974 5180 sit.
1023 5125 1266 5192 Quatuor
1294 5134 1423 5180 sunt
1473 5126 1669 5197 regula:
1702 5126 1848 5182 Scri-

266 5227 569 5288 pturarum,
619 5218 813 5287 quibus
859 5219 1014 5289 quasi
1062 5219 1388 5289 quibusdam
1434 5221 1569 5275 rotis
1614 5221 1849 5276 volvitur

267 5308 447 5363 omnis
473 5323 628 5363 sacra
665 5310 860 5380 pagina
894 5310 1036 5365 :hoc
1079 5320 1164 5365 est
1194 5310 1450 5374 historia,
1475 5326 1594 5380 quae
1637 5325 1723 5365 res
1752 5326 1847 5382 ge-

266 5407 384 5452 stas
404 5397 671 5469 loquitur;
699 5400 977 5472 allegoria,
1007 5402 1059 5456 in
1085 5418 1191 5472 qua
1230 5418 1296 5458 ex
1342 5402 1448 5456 alio
1475 5402 1619 5455 aliud
1650 5401 1849 5458 intelli-

267 5490 438 5560 gitur;
472 5491 792 5563 tropologia,
827 5494 880 5549 id
909 5504 995 5551 est
1032 5496 1254 5552 moralis
1281 5496 1508 5560 locutio,
1545 5497 1597 5551 in
1640 5512 1746 5567 qua
1781 5498 1848 5554 de

269 5580 511 5636 moribus
587 5586 976 5654 componendis
1041 5587 1466 5657 ordinandisque
1544 5596 1844 5655 tractatur;

269 5690 528 5747 anagoge,
553 5678 854 5748 spiritualis
882 5681 1093 5736 scilicet
1122 5681 1443 5749 intellectus,
1469 5698 1567 5753 per
1596 5698 1754 5752 quem
1782 5683 1847 5739 de

271 5769 499 5823 minimis
524 5779 578 5823 et
605 5770 921 5828 coelestibus
968 5773 1251 5830 tractaturi
1281 5776 1345 5829 al
1379 5776 1656 5845 superiora
1700 5775 1847 5831 duci-

1940 1952 2187 2006 nuntiata
2220 1954 2420 2009 ibidem
2460 1956 2845 2024 comperimus.
2880 1956 2971 2011 Dci
3020 1971 3149 2011 vero
3199 1957 3377 2027 gratia
3413 1955 3528 2025 jam

1939 2042 2072 2097 fides
2095 2046 2337 2099 omnium
2363 2047 2618 2102 cordibus
2650 2047 2905 2111 innotuit,
2934 2063 3096 2117 quam
3128 2049 3231 2103 etsi
3260 2047 3533 2104 inculcare

1940 2133 2136 2201 smpius
2172 2151 2236 2189 ac
2278 2144 2578 2191 retractare
2622 2138 2959 2192 auditoribus
2984 2139 3248 2206 oportuit,
3290 2154 3396 2192 non
3430 2140 3535 2192 mi-

1940 2237 2042 2275 nus
2067 2233 2269 2290 tamen,
2300 2226 2408 2280 imo
2434 2225 2605 2281 multo
2630 2226 2876 2281 crebrius
2897 2241 2961 2281 ea
2986 2242 3104 2295 quae
3135 2242 3315 2282 mores
3338 2242 3529 2283 eorum

1941 2312 2222 2370 instituere
2258 2317 2486 2385 possint,
2517 2316 2698 2372 dicere
2727 2317 3001 2372 convenit.
3035 2315 3271 2372 Facilius
3299 2318 3449 2371 enim
3477 2328 3535 2372 et

1941 2404 2186 2461 securius
2228 2406 2295 2461 de
2339 2407 2597 2460 virtutum
2648 2416 2841 2461 natura
2893 2406 3209 2463 disserimus
3255 2423 3417 2477 quam
3465 2408 3535 2463 de

1943 2495 2063 2549 fidei
2114 2498 2472 2552 sacramentis
2528 2498 2595 2553 de
2620 2497 2816 2567 quibus
2844 2497 3001 2552 valde
3038 2498 3315 2552 moderate
3340 2497 3536 2566 aliqui-

1941 2585 2040 2640 bus
2091 2586 2420 2656 loquendum
2471 2596 2596 2653 est,
2652 2588 3012 2657 disputamus.
3073 2587 3238 2641 Error
3302 2600 3535 2655 namque

1941 2681 2120 2734 minus
2144 2679 2564 2750 intelligentibus
2585 2694 2653 2735 ex
2679 2680 2838 2734 nimis
2862 2678 3127 2749 profunda
3150 2677 3547 2747 praedicatione

1939 2768 2190 2836 generari
2231 2777 2439 2838 potest;
2478 2784 2544 2823 ex
2590 2769 2779 2823 morali
2813 2777 2995 2823 autem
3041 2766 3380 2823 institutione
3420 2782 3537 2821 ma»

1940 2859 2083 2912 xime
2105 2859 2241 2913 solet
2270 2861 2472 2928 acquiri
2500 2860 2843 2915 discretionis
2875 2858 3097 2914 utilitas.

2011 2950 2271 3018 Quamvis
2318 2952 2498 3021 itaque
2545 2951 2871 3022 allegoricus
2916 2964 3128 3016 sensus,
3160 2949 3203 3003 si
3236 2948 3534 3020 aliquando

1940 3039 2180 3093 sermoni
2229 3040 2619 3103 admisceatur,
2658 3040 2946 3111 plurimum
2989 3055 3111 3095 esse
3141 3039 3311 3095 soleat
3337 3038 3534 3111 gratio-

1941 3144 2054 3195 sus,
2084 3138 2139 3184 et
2183 3130 2226 3185 si
2258 3130 2546 3196 dicuntur,
2586 3141 2641 3185 et
2687 3145 2816 3186 vere
2864 3129 3149 3200 aliquoties
3185 3128 3289 3184 diei
3337 3127 3537 3183 debent

1943 3221 2122 3290 aliqua
2173 3235 2294 3291 qua:
2347 3221 2414 3275 ad
2460 3222 2619 3276 fidem
2675 3231 2729 3278 et
2780 3221 3188 3292 intelligentiam
3239 3219 3534 3287 Scriptum:

1943 3328 2112 3367 sacrae
2143 3330 2241 3369 nos
2291 3314 2564 3375 imbuant,
2613 3324 2789 3367 tamen
2838 3323 2949 3367 tota
2995 3312 3146 3366 verbi
3193 3310 3362 3365 nostri
3400 3308 3531 3377 vigi-

1946 3404 2134 3458 liantia
2165 3403 2232 3459 de
2260 3404 2310 3474 5
2346 3405 2582 3458 motibus
2627 3403 2903 3457 interioris
2933 3401 3199 3466 hominis,
3241 3401 3293 3454 id
3333 3408 3416 3455 est
3442 3414 3533 3453 co-

1946 3493 2299 3564 gitationibus
2327 3494 2608 3559 habeatur,
2653 3507 2882 3563 quarum
2927 3490 3107 3561 passio
3146 3500 3255 3545 tam
3283 3488 3535 3545 omnibus

1948 3586 2251 3641 communis
2298 3594 2416 3649 est,
2462 3593 2523 3639 ut
2573 3593 2836 3639 tractatus
2894 3582 3203 3651 hnjusmodi
3251 3580 3414 3645 nulli,
3472 3589 3535 3634 ut

1946 3675 2201 3739 arbitror,
2230 3676 2399 3744 possit
2424 3690 2543 3729 esse
2571 3674 2855 3738 obscurus,
2882 3674 3181 3744 praesertim
3212 3687 3335 3727 cum
3364 3685 3535 3726 unus-

1947 3768 2176 3837 quisque
2208 3768 2345 3821 intra
2376 3767 2611 3835 seipsum
2642 3765 2799 3835 quasi
2822 3764 2876 3819 in
2907 3764 3044 3819 libro
3068 3764 3329 3833 scriptum
3362 3770 3539 3817 atten-

1948 3859 2038 3912 dat
2068 3858 2328 3927 quidquid
2374 3858 2439 3911 de
2470 3856 2699 3912 diversis
2746 3855 3137 3910 tentationibus
3159 3851 3542 3924 praedicatoris

1947 3950 2129 4019 lingua
2158 3956 2433 4003 retractat.
2735 3930 2746 3941 ’

2019 4040 2135 4096 Νοη
2170 4041 2339 4111 magis
2372 4049 2549 4094 autem
2579 4039 2645 4094 de
2674 4038 2882 4109 origine
2927 4050 3021 4092 aut
3068 4037 3312 4092 custodia
3361 4035 3534 4089 virtu-

1952 4138 2089 4195 tum,
2113 4145 2273 4200 quam
2306 4131 2371 4184 dc
2410 4127 2860 4185 concatenatione
2892 4136 2947 4183 et
2988 4126 3112 4197 fuga
3142 4126 3395 4179 vitiorum
3424 4122 3544 4177 fieri

1951 4221 2247 4276 admonitio
2277 4220 2469 4285 debet;
2508 4220 2596 4274 ubi
2638 4219 2830 4274 doctor
2876 4234 2995 4287 quae
3030 4218 3141 4272 sint
3181 4214 3449 4270 naturalia
3485 4222 3543 4269 et

1950 4327 2071 4382 quae
2095 4323 2252 4368 extra
2281 4321 2529 4367 naturam
2559 4311 2713 4378 vitia,
2749 4325 2871 4381 qua:
2918 4309 3083 4365 etiam
3120 4324 3188 4364 ex
3230 4308 3350 4363 aliis
3378 4321 3543 4378 gene—

1952 4415 2165 4471 rentur,
2196 4416 2247 4461 et
2279 4422 2440 4475 quam
2481 4404 2783 4475 perniciosa
2806 4418 2870 4457 ex
2900 4402 3095 4471 seipsis
3125 4412 3181 4457 et
3208 4416 3276 4455 ex
3313 4399 3392 4455 eis
3421 4414 3541 4468 qua:

1878 4523 1922 4576 ι)
1948 4498 2017 4553 ab
2047 4498 2176 4568 ipsis
2203 4506 2588 4568 propagantur,
2627 4495 2756 4558 sint,
2780 4493 2907 4546 dum
2940 4493 3229 4562 diligenter
3250 4506 3315 4546 ac
3348 4489 3543 4545 distin.

1951 4596 2037 4641 etc
2059 4587 2237 4651 docet,
2261 4586 2499 4641 fructum
2531 4583 2832 4638 immodica:
2862 4581 3112 4635 utilitatis
3135 4580 3371 4634 exhibet.
3401 4579 3539 4634 Cum

1949 4675 2093 4731 enim
2154 4674 2557 4745 Scripturarum
2611 4670 2795 4728 abdita
2861 4656 3200 4742 simplicibus
3248 4686 3315 4725 ac
3359 4670 3545 4725 idiotis

1952 4774 2317 4835 exponuntur,
2348 4764 2457 4820 cito
2487 4764 2597 4820 suis
2624 4764 2913 4820 elabuntur
2942 4762 3241 4830 memoriis,
3277 4762 3404 4833 quia
3442 4763 3538 4831 qui

1951 4856 2156 4911 assueti
2188 4865 2316 4912 sunt
2360 4855 2489 4912 solis
2537 4857 2698 4912 rebus
2744 4855 3042 4925 corporeis,
3091 4855 3288 4909 mirum
3317 4869 3421 4909 non
3458 4863 3542 4907 est

1952 4946 1999 5001 si
2026 4947 2078 5002 in
2105 4949 2496 5020 spiritualibus,
2528 4964 2649 5018 quae
2688 4964 2794 5004 non
2844 4950 3046 5012 vident,
3095 4963 3217 5002 cum
3270 4947 3433 4999 etiam
3486 4946 3538 4997 in

1952 5042 2346 5113 corporalibus,
2374 5059 2493 5113 quae
2514 5042 2705 5098 sentiri
2734 5059 2761 5097 a
2791 5058 2849 5097 se
2875 5059 2940 5098 ac
2965 5043 3136 5097 videri
3162 5050 3405 5111 possunt,
3432 5057 3540 5094 non

1952 5136 2156 5191 habent
2184 5134 2324 5188 vires
2353 5132 2767 5188 recordationis.
2801 5132 2938 5187 Sunt
2972 5148 3102 5187 sane
3125 5130 3290 5200 aliqui
3319 5130 3392 5185 ita
3423 5131 3541 5185 ani-

1952 5225 2121 5282 males
2149 5234 2207 5279 ut
2246 5224 2335 5278 vix
2374 5223 2551 5294 aliqua
2595 5224 2698 5279 nisi
2748 5222 3047 5278 materialia
3089 5231 3146 5277 et
3187 5236 3308 5290 quae
3355 5223 3545 5278 bestiis

1950 5319 2114 5373 etiam
2138 5325 2259 5373 sunt
2281 5316 2573 5386 conspicua
2602 5312 3154 5385 comprehcndant,et
3182 5316 3537 5371 molusetiam

1950 5424 2051 5464 nec
2081 5424 2186 5463 non
2229 5416 2285 5462 et
2322 5407 2453 5462 vitia
2490 5420 2778 5477 corporum
2828 5419 2893 5460 ac
2943 5405 3247 5460 animorum
3291 5420 3538 5472 suorum,

1952 5514 2071 5569 quae
2112 5498 2480 5553 indesinenter
2520 5498 2574 5553 in
2622 5496 2931 5567 semetipsis
2977 5498 3276 5568 patiuntur,
3318 5497 3549 5554 omnino

1951 5590 2215 5654 nesciant,
2238 5590 2411 5645 donec
2433 5589 2500 5643 ab
2528 5587 2649 5646 aliis
2674 5589 2923 5656 audiant,
2954 5606 3074 5661 qua:
3116 5605 3238 5645 cum
3268 5588 3540 5645 audierint
3608 5638 3611 5641 γ

1952 5684 2157 5737 utinam
2187 5683 2340 5737 firma
2369 5682 2663 5739 refectione
2700 5683 3034 5741 contineant.

2024 5774 2142 5831 Dixi
2167 5789 2300 5831 sane
2336 5789 2630 5849 verumque
2662 5775 2771 5834 dixi
2805 5792 2912 5835 non
2947 5776 3124 5832 minus
3149 5775 3400 5844 prodesse
3437 5774 3536 5830 ali-
