  <div class='ocr_page' id='page_1' title='image "/cluster/home/n/w/nwhite01/storage/ocr_20150623/156/hvd.32044010683712/019.png"; bbox 0 0 4108 6324; ppageno 0'>
   <div class='ocr_carea' id='block_1_1' title="bbox 508 350 3834 419">
    <p class='ocr_par' dir='ltr' id='par_1_1' title="bbox 508 350 3834 419">
     <span class='ocr_line' id='line_1_1' title="bbox 508 350 3834 419; baseline 0.001 -3"><span class='ocrx_word' id='word_1_1' title='bbox 508 365 518 375; x_wconf 81' lang='grc'><strong><em>⁸</em></strong></span> <span class='ocrx_word' id='word_1_2' title='bbox 562 365 627 416; x_wconf 68' lang='grc' dir='ltr'><em>Ἦ</em></span> <span class='ocrx_word' id='word_1_3' title='bbox 1385 365 1443 418; x_wconf 82' lang='grc' dir='ltr'><strong>ν.</strong></span> <span class='ocrx_word' id='word_1_4' title='bbox 1477 361 1801 419; x_wconf 80' lang='lat' dir='ltr'><strong>GUIBERTI</strong></span> <span class='ocrx_word' id='word_1_5' title='bbox 1832 356 2124 416; x_wconf 82' lang='lat' dir='ltr'><strong>ABBATIS</strong></span> <span class='ocrx_word' id='word_1_6' title='bbox 2166 355 2222 411; x_wconf 83' lang='lat' dir='ltr'><strong>S.</strong></span> <span class='ocrx_word' id='word_1_7' title='bbox 2275 355 2514 412; x_wconf 71' lang='grc' dir='ltr'><strong>ΜΑῆιῶ</strong></span> <span class='ocrx_word' id='word_1_8' title='bbox 2556 357 2643 412; x_wconf 90' lang='lat' dir='ltr'><strong>DE</strong></span> <span class='ocrx_word' id='word_1_9' title='bbox 2668 356 3064 416; x_wconf 79' lang='lat' dir='ltr'><strong>NOVIGENTO</strong></span> <span class='ocrx_word' id='word_1_10' title='bbox 3120 350 3123 353; x_wconf 27' lang='grc' dir='ltr'><strong><em>λ</em></strong></span> <span class='ocrx_word' id='word_1_11' title='bbox 3762 362 3834 418; x_wconf 68' lang='grc'><strong>28</strong></span> 
     </span>
    </p>
   </div>
   <div class='ocr_carea' id='block_1_2' title="bbox 560 469 3828 547">
    <p class='ocr_par' dir='ltr' id='par_1_2' title="bbox 560 469 3828 547">
     <span class='ocr_line' id='line_1_2' title="bbox 560 469 3828 547; baseline 0 -16"><span class='ocrx_word' id='word_1_12' title='bbox 560 480 797 546; x_wconf 85' lang='lat' dir='ltr'><strong>quoties,</strong></span> <span class='ocrx_word' id='word_1_13' title='bbox 826 480 871 534; x_wconf 89' lang='lat' dir='ltr'><strong>si</strong></span> <span class='ocrx_word' id='word_1_14' title='bbox 906 479 1002 535; x_wconf 85' lang='lat' dir='ltr'><strong>fiat</strong></span> <span class='ocrx_word' id='word_1_15' title='bbox 1033 487 1288 535; x_wconf 86' lang='lat' dir='ltr'><strong>tractatus</strong></span> <span class='ocrx_word' id='word_1_16' title='bbox 1331 478 1397 533; x_wconf 89' lang='lat' dir='ltr'><strong>de</strong></span> <span class='ocrx_word' id='word_1_17' title='bbox 1445 487 1637 533; x_wconf 89' lang='lat' dir='ltr'><strong>natura</strong></span> <span class='ocrx_word' id='word_1_18' title='bbox 1668 480 1946 544; x_wconf 77' lang='lat' dir='ltr'><strong>Vitiorum,</strong></span> <span class='ocrx_word' id='word_1_19' title='bbox 1986 492 2147 547; x_wconf 88' lang='lat' dir='ltr'><strong>quam</strong></span> <span class='ocrx_word' id='word_1_20' title='bbox 2181 475 2224 531; x_wconf 77' lang='grc' dir='ltr'>Λ</span> <span class='ocrx_word' id='word_1_21' title='bbox 2256 478 2430 535; x_wconf 67' lang='lat' dir='ltr'><strong>settle,</strong></span> <span class='ocrx_word' id='word_1_22' title='bbox 2463 484 2583 524; x_wconf 85' lang='lat' dir='ltr'><strong>cum</strong></span> <span class='ocrx_word' id='word_1_23' title='bbox 2614 469 2819 525; x_wconf 76' lang='lat' dir='ltr'><strong>laudari</strong></span> <span class='ocrx_word' id='word_1_24' title='bbox 2851 476 2919 526; x_wconf 88' lang='lat' dir='ltr'><strong>ab</strong></span> <span class='ocrx_word' id='word_1_25' title='bbox 2940 474 3122 541; x_wconf 82' lang='lat' dir='ltr'><strong>aliquo</strong></span> <span class='ocrx_word' id='word_1_26' title='bbox 3160 484 3255 526; x_wconf 92' lang='lat' dir='ltr'><strong>nos</strong></span> <span class='ocrx_word' id='word_1_27' title='bbox 3286 471 3551 539; x_wconf 79' lang='lat' dir='ltr'><strong>audimus,</strong></span> <span class='ocrx_word' id='word_1_28' title='bbox 3582 481 3674 528; x_wconf 90' lang='lat' dir='ltr'><strong>aut</strong></span> <span class='ocrx_word' id='word_1_29' title='bbox 3712 484 3828 532; x_wconf 81' lang='lat' dir='ltr'><strong>ser-</strong></span> 
     </span>
    </p>
   </div>
   <div class='ocr_carea' id='block_1_3' title="bbox 559 566 2144 625">
    <p class='ocr_par' dir='ltr' id='par_1_3' title="bbox 559 566 2144 625">
     <span class='ocr_line' id='line_1_3' title="bbox 559 566 2144 625; baseline -0.001 -3"><span class='ocrx_word' id='word_1_30' title='bbox 559 568 607 622; x_wconf 86' lang='lat' dir='ltr'><strong>si</strong></span> <span class='ocrx_word' id='word_1_31' title='bbox 640 568 735 623; x_wconf 81' lang='lat' dir='ltr'><strong>ﬁat</strong></span> <span class='ocrx_word' id='word_1_32' title='bbox 775 569 844 625; x_wconf 85' lang='lat' dir='ltr'><strong>de</strong></span> <span class='ocrx_word' id='word_1_33' title='bbox 888 579 1075 624; x_wconf 89' lang='lat' dir='ltr'><strong>natura</strong></span> <span class='ocrx_word' id='word_1_34' title='bbox 1110 570 1383 623; x_wconf 88' lang='lat' dir='ltr'><strong>virtutum.</strong></span> <span class='ocrx_word' id='word_1_35' title='bbox 1421 566 1477 622; x_wconf 90' lang='lat' dir='ltr'><strong>Si</strong></span> <span class='ocrx_word' id='word_1_36' title='bbox 1531 569 1673 621; x_wconf 90' lang='lat' dir='ltr'><strong>enim</strong></span> <span class='ocrx_word' id='word_1_37' title='bbox 1706 570 1896 623; x_wconf 89' lang='lat' dir='ltr'><strong>vitium</strong></span> <span class='ocrx_word' id='word_1_38' title='bbox 1926 584 2029 623; x_wconf 91' lang='lat' dir='ltr'><strong>non</strong></span> <span class='ocrx_word' id='word_1_39' title='bbox 2056 583 2144 623; x_wconf 85' lang='lat' dir='ltr'><strong>co-</strong></span> 
     </span>
    </p>
   </div>
   <div class='ocr_carea' id='block_1_4' title="bbox 560 659 2145 732">
    <p class='ocr_par' dir='ltr' id='par_1_4' title="bbox 560 659 2145 732">
     <span class='ocr_line' id='line_1_4' title="bbox 560 659 2145 732; baseline 0.003 -21"><span class='ocrx_word' id='word_1_40' title='bbox 560 674 818 727; x_wconf 78' lang='lat' dir='ltr'><strong>guovero,</strong></span> <span class='ocrx_word' id='word_1_41' title='bbox 857 663 1126 732; x_wconf 78' lang='lat' dir='ltr'><strong>quomodo</strong></span> <span class='ocrx_word' id='word_1_42' title='bbox 1164 659 1534 715; x_wconf 91' lang='lat' dir='ltr'><strong>sinceritatem</strong></span> <span class='ocrx_word' id='word_1_43' title='bbox 1564 660 1787 716; x_wconf 87' lang='lat' dir='ltr'><strong>virtutis</strong></span> <span class='ocrx_word' id='word_1_44' title='bbox 1831 662 2056 716; x_wconf 83' lang='lat' dir='ltr'><strong>amabo?</strong></span> <span class='ocrx_word' id='word_1_45' title='bbox 2081 662 2145 715; x_wconf 84' lang='lat' dir='ltr'><strong>Et</strong></span> 
     </span>
    </p>
   </div>
   <div class='ocr_carea' id='block_1_5' title="bbox 505 739 2143 822">
    <p class='ocr_par' dir='ltr' id='par_1_5' title="bbox 505 739 2143 822">
     <span class='ocr_line' id='line_1_5' title="bbox 505 739 2143 822; baseline 0.002 -19"><span class='ocrx_word' id='word_1_46' title='bbox 505 739 508 744; x_wconf 66' lang='grc'><em>’</em></span> <span class='ocrx_word' id='word_1_47' title='bbox 560 752 752 805; x_wconf 80' lang='lat' dir='ltr'><strong>vilium</strong></span> <span class='ocrx_word' id='word_1_48' title='bbox 781 754 1050 822; x_wconf 90' lang='lat' dir='ltr'><strong>quomodo</strong></span> <span class='ocrx_word' id='word_1_49' title='bbox 1078 752 1299 821; x_wconf 79' lang='lat' dir='ltr'><strong>fugiam,</strong></span> <span class='ocrx_word' id='word_1_50' title='bbox 1353 751 1458 805; x_wconf 89' lang='lat' dir='ltr'><strong>nisi</strong></span> <span class='ocrx_word' id='word_1_51' title='bbox 1491 753 1711 817; x_wconf 93' lang='lat' dir='ltr'><strong>bonum,</strong></span> <span class='ocrx_word' id='word_1_52' title='bbox 1740 767 1930 805; x_wconf 92' lang='lat' dir='ltr'><strong>sanum</strong></span> <span class='ocrx_word' id='word_1_53' title='bbox 1977 762 2030 809; x_wconf 83' lang='lat' dir='ltr'><strong>et</strong></span> <span class='ocrx_word' id='word_1_54' title='bbox 2064 753 2143 806; x_wconf 92' lang='lat' dir='ltr'><strong>in-</strong></span> 
     </span>
    </p>
   </div>
   <div class='ocr_carea' id='block_1_6' title="bbox 562 841 2143 914">
    <p class='ocr_par' dir='ltr' id='par_1_6' title="bbox 562 841 2143 914">
     <span class='ocr_line' id='line_1_6' title="bbox 562 841 2143 914; baseline 0.002 -20"><span class='ocrx_word' id='word_1_55' title='bbox 562 853 769 913; x_wconf 78' lang='lat' dir='ltr'><strong>tegrum</strong></span> <span class='ocrx_word' id='word_1_56' title='bbox 800 843 1018 911; x_wconf 89' lang='lat' dir='ltr'><strong>aliquid,</strong></span> <span class='ocrx_word' id='word_1_57' title='bbox 1060 842 1212 911; x_wconf 84' lang='lat' dir='ltr'><strong>cujus</strong></span> <span class='ocrx_word' id='word_1_58' title='bbox 1248 841 1578 912; x_wconf 81' lang='lat' dir='ltr'><strong>adipiscendi</strong></span> <span class='ocrx_word' id='word_1_59' title='bbox 1614 859 1679 896; x_wconf 91' lang='lat' dir='ltr'><strong>ac</strong></span> <span class='ocrx_word' id='word_1_60' title='bbox 1722 844 1935 899; x_wconf 81' lang='lat' dir='ltr'><strong>fruendi</strong></span> <span class='ocrx_word' id='word_1_61' title='bbox 1970 845 2143 914; x_wconf 87' lang='lat' dir='ltr'><strong>gratia</strong></span> 
     </span>
    </p>
   </div>
   <div class='ocr_carea' id='block_1_7' title="bbox 470 930 2139 1002">
    <p class='ocr_par' dir='ltr' id='par_1_7' title="bbox 470 930 2139 1002">
     <span class='ocr_line' id='line_1_7' title="bbox 470 930 2139 1002; baseline 0.001 -17"><span class='ocrx_word' id='word_1_62' title='bbox 470 963 480 971; x_wconf 95' lang='lat'><strong>-</strong></span> <span class='ocrx_word' id='word_1_63' title='bbox 563 933 738 1002; x_wconf 84' lang='lat' dir='ltr'><strong>ipsum</strong></span> <span class='ocrx_word' id='word_1_64' title='bbox 784 932 969 986; x_wconf 85' lang='lat' dir='ltr'><strong>vitium</strong></span> <span class='ocrx_word' id='word_1_65' title='bbox 1018 930 1330 1002; x_wconf 85' lang='lat' dir='ltr'><strong>fugiendum</strong></span> <span class='ocrx_word' id='word_1_66' title='bbox 1382 934 1483 999; x_wconf 85' lang='lat' dir='ltr'><strong>sit,</strong></span> <span class='ocrx_word' id='word_1_67' title='bbox 1532 934 1733 989; x_wconf 80' lang='lat' dir='ltr'><strong>Sciam?</strong></span> <span class='ocrx_word' id='word_1_68' title='bbox 1784 936 1921 989; x_wconf 91' lang='lat' dir='ltr'><strong>Sunt</strong></span> <span class='ocrx_word' id='word_1_69' title='bbox 1972 935 2139 1000; x_wconf 90' lang='lat' dir='ltr'><strong>olera,</strong></span> 
     </span>
    </p>
   </div>
   <div class='ocr_carea' id='block_1_8' title="bbox 562 1020 2142 1089">
    <p class='ocr_par' dir='ltr' id='par_1_8' title="bbox 562 1020 2142 1089">
     <span class='ocr_line' id='line_1_8' title="bbox 562 1020 2142 1089; baseline 0.001 -13"><span class='ocrx_word' id='word_1_70' title='bbox 562 1032 685 1076; x_wconf 75' lang='lat' dir='ltr'><strong>situt</strong></span> <span class='ocrx_word' id='word_1_71' title='bbox 732 1030 788 1076; x_wconf 90' lang='lat' dir='ltr'><strong>et</strong></span> <span class='ocrx_word' id='word_1_72' title='bbox 831 1020 1022 1076; x_wconf 63' lang='lat' dir='ltr'><strong>cicutae</strong></span> <span class='ocrx_word' id='word_1_73' title='bbox 1058 1039 1070 1075; x_wconf 90' lang='lat'><strong>:</strong></span> <span class='ocrx_word' id='word_1_74' title='bbox 1106 1038 1271 1076; x_wconf 89' lang='lat' dir='ltr'><strong>unum</strong></span> <span class='ocrx_word' id='word_1_75' title='bbox 1328 1023 1457 1078; x_wconf 91' lang='lat' dir='ltr'><strong>utile</strong></span> <span class='ocrx_word' id='word_1_76' title='bbox 1495 1032 1593 1089; x_wconf 88' lang='lat' dir='ltr'><strong>est,</strong></span> <span class='ocrx_word' id='word_1_77' title='bbox 1627 1022 1855 1077; x_wconf 89' lang='lat' dir='ltr'><strong>alterum</strong></span> <span class='ocrx_word' id='word_1_78' title='bbox 1900 1023 2142 1078; x_wconf 88' lang='lat' dir='ltr'><strong>mortife-</strong></span> 
     </span>
    </p>
   </div>
   <div class='ocr_carea' id='block_1_9' title="bbox 562 1111 2143 1184">
    <p class='ocr_par' dir='ltr' id='par_1_9' title="bbox 562 1111 2143 1184">
     <span class='ocr_line' id='line_1_9' title="bbox 562 1111 2143 1184; baseline 0.004 -21"><span class='ocrx_word' id='word_1_79' title='bbox 562 1126 707 1175; x_wconf 78' lang='lat' dir='ltr'><strong>rum;</strong></span> <span class='ocrx_word' id='word_1_80' title='bbox 742 1111 786 1165; x_wconf 90' lang='lat' dir='ltr'><strong>si</strong></span> <span class='ocrx_word' id='word_1_81' title='bbox 829 1126 959 1183; x_wconf 89' lang='lat' dir='ltr'><strong>ergo</strong></span> <span class='ocrx_word' id='word_1_82' title='bbox 1003 1113 1075 1166; x_wconf 88' lang='lat' dir='ltr'><strong>sit</strong></span> <span class='ocrx_word' id='word_1_83' title='bbox 1116 1113 1306 1183; x_wconf 84' lang='lat' dir='ltr'><strong>aliquis</strong></span> <span class='ocrx_word' id='word_1_84' title='bbox 1347 1115 1434 1183; x_wconf 91' lang='lat' dir='ltr'><strong>qui</strong></span> <span class='ocrx_word' id='word_1_85' title='bbox 1476 1114 1621 1169; x_wconf 87' lang='lat' dir='ltr'><strong>olera</strong></span> <span class='ocrx_word' id='word_1_86' title='bbox 1661 1115 1878 1184; x_wconf 86' lang='lat' dir='ltr'><strong>quidem</strong></span> <span class='ocrx_word' id='word_1_87' title='bbox 1912 1114 2143 1170; x_wconf 86' lang='lat' dir='ltr'><strong>libenter</strong></span> 
     </span>
    </p>
   </div>
   <div class='ocr_carea' id='block_1_10' title="bbox 558 1202 2140 1295">
    <p class='ocr_par' dir='ltr' id='par_1_10' title="bbox 558 1202 2140 1295">
     <span class='ocr_line' id='line_1_10' title="bbox 558 1202 2140 1295; baseline 0.007 -43"><span class='ocrx_word' id='word_1_88' title='bbox 558 1202 827 1265; x_wconf 75' lang='lat' dir='ltr'><strong>comedat,</strong></span> <span class='ocrx_word' id='word_1_89' title='bbox 859 1203 952 1257; x_wconf 90' lang='lat' dir='ltr'><strong>sed</strong></span> <span class='ocrx_word' id='word_1_90' title='bbox 982 1203 1122 1295; x_wconf 57' lang='lat' dir='ltr'><strong>inte:</strong></span> <span class='ocrx_word' id='word_1_91' title='bbox 1153 1204 1295 1260; x_wconf 90' lang='lat' dir='ltr'><strong>olera</strong></span> <span class='ocrx_word' id='word_1_92' title='bbox 1338 1213 1391 1261; x_wconf 91' lang='lat' dir='ltr'><strong>et</strong></span> <span class='ocrx_word' id='word_1_93' title='bbox 1437 1206 1642 1261; x_wconf 84' lang='lat' dir='ltr'><strong>cicutas</strong></span> <span class='ocrx_word' id='word_1_94' title='bbox 1688 1206 2000 1261; x_wconf 90' lang='lat' dir='ltr'><strong>distantiam</strong></span> <span class='ocrx_word' id='word_1_95' title='bbox 2045 1222 2140 1263; x_wconf 87' lang='lat' dir='ltr'><strong>ue-</strong></span> 
     </span>
    </p>
   </div>
   <div class='ocr_carea' id='block_1_11' title="bbox 559 1291 2138 1368">
    <p class='ocr_par' dir='ltr' id='par_1_11' title="bbox 559 1291 2138 1368">
     <span class='ocr_line' id='line_1_11' title="bbox 559 1291 2138 1368; baseline 0.007 -25"><span class='ocrx_word' id='word_1_96' title='bbox 559 1291 762 1357; x_wconf 88' lang='lat' dir='ltr'><strong>scicus,</strong></span> <span class='ocrx_word' id='word_1_97' title='bbox 796 1294 1003 1349; x_wconf 85' lang='lat' dir='ltr'><strong>cicutas</strong></span> <span class='ocrx_word' id='word_1_98' title='bbox 1037 1291 1177 1351; x_wconf 76' lang='lat' dir='ltr'><strong>sicut</strong></span> <span class='ocrx_word' id='word_1_99' title='bbox 1207 1296 1350 1351; x_wconf 88' lang='lat' dir='ltr'><strong>olera</strong></span> <span class='ocrx_word' id='word_1_100' title='bbox 1383 1297 1743 1353; x_wconf 89' lang='lat' dir='ltr'><strong>comedendas</strong></span> <span class='ocrx_word' id='word_1_101' title='bbox 1774 1299 1979 1364; x_wconf 85' lang='lat' dir='ltr'><strong>credat,</strong></span> <span class='ocrx_word' id='word_1_102' title='bbox 2012 1300 2138 1368; x_wconf 90' lang='lat' dir='ltr'><strong>quid</strong></span> 
     </span>
    </p>
   </div>
   <div class='ocr_carea' id='block_1_12' title="bbox 559 1383 2138 1458">
    <p class='ocr_par' dir='ltr' id='par_1_12' title="bbox 559 1383 2138 1458">
     <span class='ocr_line' id='line_1_12' title="bbox 559 1383 2138 1458; baseline 0.008 -22"><span class='ocrx_word' id='word_1_103' title='bbox 559 1383 661 1438; x_wconf 85' lang='lat' dir='ltr'><strong>sibi</strong></span> <span class='ocrx_word' id='word_1_104' title='bbox 718 1386 935 1449; x_wconf 83' lang='lat' dir='ltr'><strong>prodest</strong></span> <span class='ocrx_word' id='word_1_105' title='bbox 987 1388 1297 1457; x_wconf 82' lang='lat' dir='ltr'><strong>aliquandiu</strong></span> <span class='ocrx_word' id='word_1_106' title='bbox 1349 1404 1504 1443; x_wconf 87' lang='lat' dir='ltr'><strong>usum</strong></span> <span class='ocrx_word' id='word_1_107' title='bbox 1555 1390 1792 1447; x_wconf 91' lang='lat' dir='ltr'><strong>oleribus</strong></span> <span class='ocrx_word' id='word_1_108' title='bbox 1844 1393 2048 1458; x_wconf 87' lang='lat' dir='ltr'><strong>fuisse,</strong></span> <span class='ocrx_word' id='word_1_109' title='bbox 2094 1394 2138 1448; x_wconf 89' lang='lat' dir='ltr'><strong>si</strong></span> 
     </span>
    </p>
   </div>
   <div class='ocr_carea' id='block_1_13' title="bbox 559 1478 2140 1550">
    <p class='ocr_par' dir='ltr' id='par_1_13' title="bbox 559 1478 2140 1550">
     <span class='ocr_line' id='line_1_13' title="bbox 559 1478 2140 1550; baseline 0.008 -21"><span class='ocrx_word' id='word_1_110' title='bbox 559 1478 899 1544; x_wconf 73' lang='lat' dir='ltr'><strong>postmodum</strong></span> <span class='ocrx_word' id='word_1_111' title='bbox 933 1493 1031 1549; x_wconf 88' lang='lat' dir='ltr'><strong>per</strong></span> <span class='ocrx_word' id='word_1_112' title='bbox 1061 1480 1327 1550; x_wconf 85' lang='lat' dir='ltr'><strong>ignaviam</strong></span> <span class='ocrx_word' id='word_1_113' title='bbox 1371 1496 1523 1536; x_wconf 91' lang='lat' dir='ltr'><strong>suam</strong></span> <span class='ocrx_word' id='word_1_114' title='bbox 1568 1483 1773 1538; x_wconf 87' lang='lat' dir='ltr'><strong>cicutas</strong></span> <span class='ocrx_word' id='word_1_115' title='bbox 1806 1485 2140 1541; x_wconf 89' lang='lat' dir='ltr'><strong>comedendo</strong></span> 
     </span>
    </p>
   </div>
   <div class='ocr_carea' id='block_1_14' title="bbox 559 1569 1983 1638">
    <p class='ocr_par' dir='ltr' id='par_1_14' title="bbox 559 1569 1983 1638">
     <span class='ocr_line' id='line_1_14' title="bbox 559 1569 1983 1638; baseline 0.006 -17"><span class='ocrx_word' id='word_1_116' title='bbox 559 1569 967 1638; x_wconf 80' lang='lat' dir='ltr'><strong>contigeritsihi</strong></span> <span class='ocrx_word' id='word_1_117' title='bbox 988 1572 1278 1625; x_wconf 85' lang='lat' dir='ltr'><strong>amentiam</strong></span> <span class='ocrx_word' id='word_1_118' title='bbox 1314 1582 1369 1628; x_wconf 92' lang='lat' dir='ltr'><strong>et</strong></span> <span class='ocrx_word' id='word_1_119' title='bbox 1410 1582 1636 1629; x_wconf 89' lang='lat' dir='ltr'><strong>mortem</strong></span> <span class='ocrx_word' id='word_1_120' title='bbox 1668 1576 1983 1632; x_wconf 89' lang='lat' dir='ltr'><strong>incurrere?</strong></span> 
     </span>
    </p>
   </div>
   <div class='ocr_carea' id='block_1_15' title="bbox 626 1656 2141 1741">
    <p class='ocr_par' dir='ltr' id='par_1_15' title="bbox 626 1656 2141 1741">
     <span class='ocr_line' id='line_1_15' title="bbox 626 1656 2141 1741; baseline 0.007 -25"><span class='ocrx_word' id='word_1_121' title='bbox 626 1662 797 1717; x_wconf 82' lang='lat' dir='ltr'><strong>Debet</strong></span> <span class='ocrx_word' id='word_1_122' title='bbox 837 1664 1021 1735; x_wconf 87' lang='lat' dir='ltr'><strong>itaque</strong></span> <span class='ocrx_word' id='word_1_123' title='bbox 1064 1667 1485 1737; x_wconf 87' lang='lat' dir='ltr'><strong>uniuscujusque</strong></span> <span class='ocrx_word' id='word_1_124' title='bbox 1517 1670 1631 1723; x_wconf 92' lang='lat' dir='ltr'><strong>vitii</strong></span> <span class='ocrx_word' id='word_1_125' title='bbox 1677 1671 1831 1740; x_wconf 82' lang='lat' dir='ltr'><strong>origo</strong></span> <span class='ocrx_word' id='word_1_126' title='bbox 1858 1656 2141 1741; x_wconf 78' lang='lat' dir='ltr'><strong>diligenter</strong></span> 
     </span>
    </p>
   </div>
   <div class='ocr_carea' id='block_1_16' title="bbox 556 1751 2138 1832">
    <p class='ocr_par' dir='ltr' id='par_1_16' title="bbox 556 1751 2138 1832">
     <span class='ocr_line' id='line_1_16' title="bbox 556 1751 2138 1832; baseline 0.006 -26"><span class='ocrx_word' id='word_1_127' title='bbox 556 1751 772 1820; x_wconf 88' lang='lat' dir='ltr'><strong>discuti,</strong></span> <span class='ocrx_word' id='word_1_128' title='bbox 806 1764 864 1808; x_wconf 89' lang='lat' dir='ltr'><strong>ut</strong></span> <span class='ocrx_word' id='word_1_129' title='bbox 894 1756 1017 1810; x_wconf 90' lang='lat' dir='ltr'><strong>dum</strong></span> <span class='ocrx_word' id='word_1_130' title='bbox 1052 1758 1178 1827; x_wconf 85' lang='lat' dir='ltr'><strong>quid</strong></span> <span class='ocrx_word' id='word_1_131' title='bbox 1214 1758 1284 1812; x_wconf 87' lang='lat' dir='ltr'><strong>sit</strong></span> <span class='ocrx_word' id='word_1_132' title='bbox 1322 1759 1509 1813; x_wconf 81' lang='lat' dir='ltr'><strong>vitium</strong></span> <span class='ocrx_word' id='word_1_133' title='bbox 1547 1769 1732 1830; x_wconf 91' lang='lat' dir='ltr'><strong>aperte</strong></span> <span class='ocrx_word' id='word_1_134' title='bbox 1776 1762 2138 1832; x_wconf 87' lang='lat' dir='ltr'><strong>cognoscitur,</strong></span> 
     </span>
    </p>
   </div>
   <div class='ocr_carea' id='block_1_17' title="bbox 554 1845 2142 1923">
    <p class='ocr_par' dir='ltr' id='par_1_17' title="bbox 554 1845 2142 1923">
     <span class='ocr_line' id='line_1_17' title="bbox 554 1845 2142 1923; baseline 0.008 -27"><span class='ocrx_word' id='word_1_135' title='bbox 554 1845 887 1901; x_wconf 80' lang='lat' dir='ltr'><strong>contrarlum</strong></span> <span class='ocrx_word' id='word_1_136' title='bbox 916 1847 1052 1918; x_wconf 91' lang='lat' dir='ltr'><strong>ejus,</strong></span> <span class='ocrx_word' id='word_1_137' title='bbox 1088 1850 1230 1918; x_wconf 89' lang='lat' dir='ltr'><strong>quod</strong></span> <span class='ocrx_word' id='word_1_138' title='bbox 1259 1860 1345 1904; x_wconf 91' lang='lat' dir='ltr'><strong>est</strong></span> <span class='ocrx_word' id='word_1_139' title='bbox 1372 1851 1565 1916; x_wconf 86' lang='lat' dir='ltr'><strong>virtus,</strong></span> <span class='ocrx_word' id='word_1_140' title='bbox 1600 1853 1752 1921; x_wconf 88' lang='lat' dir='ltr'><strong>quasi</strong></span> <span class='ocrx_word' id='word_1_141' title='bbox 1777 1869 2004 1923; x_wconf 88' lang='lat' dir='ltr'><strong>granum</strong></span> <span class='ocrx_word' id='word_1_142' title='bbox 2034 1854 2142 1908; x_wconf 88' lang='lat' dir='ltr'><strong>dis-</strong></span> 
     </span>
    </p>
   </div>
   <div class='ocr_carea' id='block_1_18' title="bbox 555 1933 2145 2015">
    <p class='ocr_par' dir='ltr' id='par_1_18' title="bbox 555 1933 2145 2015">
     <span class='ocr_line' id='line_1_18' title="bbox 555 1933 2145 2015; baseline 0.009 -31"><span class='ocrx_word' id='word_1_143' title='bbox 555 1933 780 1989; x_wconf 84' lang='lat' dir='ltr'><strong>tinctum</strong></span> <span class='ocrx_word' id='word_1_144' title='bbox 830 1953 859 1991; x_wconf 90' lang='lat' dir='ltr'><strong>a</strong></span> <span class='ocrx_word' id='word_1_145' title='bbox 910 1938 1061 2008; x_wconf 82' lang='lat' dir='ltr'><strong>palea</strong></span> <span class='ocrx_word' id='word_1_146' title='bbox 1110 1940 1415 2015; x_wconf 82' lang='lat' dir='ltr'><strong>evidentius</strong></span> <span class='ocrx_word' id='word_1_147' title='bbox 1477 1952 1840 2011; x_wconf 87' lang='lat' dir='ltr'><strong>agnoscatur;</strong></span> <span class='ocrx_word' id='word_1_148' title='bbox 1884 1953 1940 1999; x_wconf 90' lang='lat' dir='ltr'><strong>et</strong></span> <span class='ocrx_word' id='word_1_149' title='bbox 1994 1953 2145 1998; x_wconf 88' lang='lat' dir='ltr'><strong>tanto</strong></span> 
     </span>
    </p>
   </div>
   <div class='ocr_carea' id='block_1_19' title="bbox 555 2028 2145 2104">
    <p class='ocr_par' dir='ltr' id='par_1_19' title="bbox 555 2028 2145 2104">
     <span class='ocr_line' id='line_1_19' title="bbox 555 2028 2145 2104; baseline 0.006 -25"><span class='ocrx_word' id='word_1_150' title='bbox 555 2028 848 2084; x_wconf 80' lang='lat' dir='ltr'><strong>studiosius</strong></span> <span class='ocrx_word' id='word_1_151' title='bbox 898 2031 1031 2097; x_wconf 89' lang='lat' dir='ltr'><strong>vita,</strong></span> <span class='ocrx_word' id='word_1_152' title='bbox 1086 2032 1230 2102; x_wconf 90' lang='lat' dir='ltr'><strong>quod</strong></span> <span class='ocrx_word' id='word_1_153' title='bbox 1273 2041 1355 2087; x_wconf 91' lang='lat' dir='ltr'><strong>cst</strong></span> <span class='ocrx_word' id='word_1_154' title='bbox 1396 2033 1590 2098; x_wconf 88' lang='lat' dir='ltr'><strong>virtus,</strong></span> <span class='ocrx_word' id='word_1_155' title='bbox 1642 2045 1881 2101; x_wconf 88' lang='lat' dir='ltr'><strong>ametur,</strong></span> <span class='ocrx_word' id='word_1_156' title='bbox 1942 2044 2145 2104; x_wconf 91' lang='lat' dir='ltr'><strong>quanto</strong></span> 
     </span>
    </p>
   </div>
   <div class='ocr_carea' id='block_1_20' title="bbox 558 2119 2143 2191">
    <p class='ocr_par' dir='ltr' id='par_1_20' title="bbox 558 2119 2143 2191">
     <span class='ocr_line' id='line_1_20' title="bbox 558 2119 2143 2191; baseline 0.005 -20"><span class='ocrx_word' id='word_1_157' title='bbox 558 2119 769 2175; x_wconf 82' lang='lat' dir='ltr'><strong>cautius</strong></span> <span class='ocrx_word' id='word_1_158' title='bbox 797 2121 1006 2187; x_wconf 91' lang='lat' dir='ltr'><strong>vitium,</strong></span> <span class='ocrx_word' id='word_1_159' title='bbox 1035 2124 1174 2191; x_wconf 90' lang='lat' dir='ltr'><strong>quod</strong></span> <span class='ocrx_word' id='word_1_160' title='bbox 1207 2133 1290 2177; x_wconf 89' lang='lat' dir='ltr'><strong>est</strong></span> <span class='ocrx_word' id='word_1_161' title='bbox 1329 2138 1495 2189; x_wconf 89' lang='lat' dir='ltr'><strong>mors,</strong></span> <span class='ocrx_word' id='word_1_162' title='bbox 1530 2124 1783 2178; x_wconf 84' lang='lat' dir='ltr'><strong>evitatur.</strong></span> <span class='ocrx_word' id='word_1_163' title='bbox 1818 2124 2143 2181; x_wconf 18' lang='lat' dir='ltr'><strong>Nullavenim</strong></span> 
     </span>
    </p>
   </div>
   <div class='ocr_carea' id='block_1_21' title="bbox 558 2210 2147 2288">
    <p class='ocr_par' dir='ltr' id='par_1_21' title="bbox 558 2210 2147 2288">
     <span class='ocr_line' id='line_1_21' title="bbox 558 2210 2147 2288; baseline 0.009 -28"><span class='ocrx_word' id='word_1_164' title='bbox 558 2210 872 2278; x_wconf 67' lang='lat' dir='ltr'><strong>praedicatio</strong></span> <span class='ocrx_word' id='word_1_165' title='bbox 915 2213 1188 2269; x_wconf 85' lang='lat' dir='ltr'><strong>salubrior</strong></span> <span class='ocrx_word' id='word_1_166' title='bbox 1237 2214 1368 2269; x_wconf 87' lang='lat' dir='ltr'><strong>mihi</strong></span> <span class='ocrx_word' id='word_1_167' title='bbox 1418 2217 1632 2271; x_wconf 88' lang='lat' dir='ltr'><strong>videtur</strong></span> <span class='ocrx_word' id='word_1_168' title='bbox 1683 2234 1841 2288; x_wconf 91' lang='lat' dir='ltr'><strong>quam</strong></span> <span class='ocrx_word' id='word_1_169' title='bbox 1898 2218 1986 2274; x_wconf 90' lang='lat' dir='ltr'><strong>illa</strong></span> <span class='ocrx_word' id='word_1_170' title='bbox 2029 2236 2147 2288; x_wconf 66' lang='lat' dir='ltr'><strong>qua:</strong></span> 
     </span>
    </p>
   </div>
   <div class='ocr_carea' id='block_1_22' title="bbox 559 2302 2145 2381">
    <p class='ocr_par' dir='ltr' id='par_1_22' title="bbox 559 2302 2145 2381">
     <span class='ocr_line' id='line_1_22' title="bbox 559 2302 2145 2381; baseline 0.008 -27"><span class='ocrx_word' id='word_1_171' title='bbox 559 2302 830 2357; x_wconf 82' lang='lat' dir='ltr'><strong>hominem</strong></span> <span class='ocrx_word' id='word_1_172' title='bbox 863 2304 1076 2361; x_wconf 83' lang='lat' dir='ltr'><strong>sibimet</strong></span> <span class='ocrx_word' id='word_1_173' title='bbox 1115 2308 1385 2374; x_wconf 80' lang='lat' dir='ltr'><strong>ostendat,</strong></span> <span class='ocrx_word' id='word_1_174' title='bbox 1420 2317 1473 2363; x_wconf 90' lang='lat' dir='ltr'><strong>et</strong></span> <span class='ocrx_word' id='word_1_175' title='bbox 1523 2310 1667 2364; x_wconf 88' lang='lat' dir='ltr'><strong>foras</strong></span> <span class='ocrx_word' id='word_1_176' title='bbox 1707 2319 1859 2365; x_wconf 82' lang='lat' dir='ltr'><strong>extra</strong></span> <span class='ocrx_word' id='word_1_177' title='bbox 1896 2326 1953 2366; x_wconf 88' lang='lat' dir='ltr'><strong>se</strong></span> <span class='ocrx_word' id='word_1_178' title='bbox 1993 2326 2145 2381; x_wconf 80' lang='lat' dir='ltr'><strong>Spar-</strong></span> 
     </span>
    </p>
   </div>
   <div class='ocr_carea' id='block_1_23' title="bbox 556 2392 2149 2465">
    <p class='ocr_par' dir='ltr' id='par_1_23' title="bbox 556 2392 2149 2465">
     <span class='ocr_line' id='line_1_23' title="bbox 556 2392 2149 2465; baseline 0.008 -22"><span class='ocrx_word' id='word_1_179' title='bbox 556 2404 677 2443; x_wconf 82' lang='lat' dir='ltr'><strong>su:n</strong></span> <span class='ocrx_word' id='word_1_180' title='bbox 721 2392 771 2445; x_wconf 88' lang='lat' dir='ltr'><strong>in</strong></span> <span class='ocrx_word' id='word_1_181' title='bbox 819 2392 1063 2448; x_wconf 90' lang='lat' dir='ltr'><strong>interiori</strong></span> <span class='ocrx_word' id='word_1_182' title='bbox 1108 2412 1234 2459; x_wconf 88' lang='lat' dir='ltr'><strong>suo,</strong></span> <span class='ocrx_word' id='word_1_183' title='bbox 1286 2399 1387 2452; x_wconf 89' lang='lat' dir='ltr'><strong>hoc</strong></span> <span class='ocrx_word' id='word_1_184' title='bbox 1422 2410 1504 2454; x_wconf 90' lang='lat' dir='ltr'><strong>cst</strong></span> <span class='ocrx_word' id='word_1_185' title='bbox 1554 2399 1605 2452; x_wconf 89' lang='lat' dir='ltr'><strong>in</strong></span> <span class='ocrx_word' id='word_1_186' title='bbox 1648 2409 1847 2465; x_wconf 86' lang='lat' dir='ltr'><strong>mente,</strong></span> <span class='ocrx_word' id='word_1_187' title='bbox 1900 2402 2149 2455; x_wconf 87' lang='lat' dir='ltr'><strong>restituat</strong></span> 
     </span>
    </p>
   </div>
   <div class='ocr_carea' id='block_1_24' title="bbox 557 2491 2149 2563">
    <p class='ocr_par' dir='ltr' id='par_1_24' title="bbox 557 2491 2149 2563">
     <span class='ocr_line' id='line_1_24' title="bbox 557 2491 2149 2563; baseline 0.008 -28"><span class='ocrx_word' id='word_1_188' title='bbox 557 2495 722 2552; x_wconf 82' lang='lat' dir='ltr'><strong>atque</strong></span> <span class='ocrx_word' id='word_1_189' title='bbox 761 2501 882 2539; x_wconf 90' lang='lat' dir='ltr'><strong>cum</strong></span> <span class='ocrx_word' id='word_1_190' title='bbox 921 2503 1218 2559; x_wconf 88' lang='lat' dir='ltr'><strong>coargueus</strong></span> <span class='ocrx_word' id='word_1_191' title='bbox 1263 2491 1658 2561; x_wconf 86' lang='lat' dir='ltr'><strong>quodammodo</strong></span> <span class='ocrx_word' id='word_1_192' title='bbox 1706 2492 1980 2563; x_wconf 90' lang='lat' dir='ltr'><strong>depictum</strong></span> <span class='ocrx_word' id='word_1_193' title='bbox 2024 2502 2149 2547; x_wconf 85' lang='lat' dir='ltr'><strong>ante</strong></span> 
     </span>
    </p>
   </div>
   <div class='ocr_carea' id='block_1_25' title="bbox 561 2574 1186 2635">
    <p class='ocr_par' dir='ltr' id='par_1_25' title="bbox 561 2574 1186 2635">
     <span class='ocr_line' id='line_1_25' title="bbox 561 2574 1186 2635; baseline 0.018 -11"><span class='ocrx_word' id='word_1_194' title='bbox 561 2574 753 2629; x_wconf 65' lang='lat' dir='ltr'><strong>faciem</strong></span> <span class='ocrx_word' id='word_1_195' title='bbox 782 2591 935 2631; x_wconf 89' lang='lat' dir='ltr'><strong>suam</strong></span> <span class='ocrx_word' id='word_1_196' title='bbox 964 2588 1186 2635; x_wconf 84' lang='lat' dir='ltr'><strong>statuat.</strong></span> 
     </span>
    </p>
   </div>
   <div class='ocr_carea' id='block_1_26' title="bbox 635 2664 2153 2746">
    <p class='ocr_par' dir='ltr' id='par_1_26' title="bbox 635 2664 2153 2746">
     <span class='ocr_line' id='line_1_26' title="bbox 635 2664 2153 2746; baseline 0.009 -27"><span class='ocrx_word' id='word_1_197' title='bbox 635 2664 742 2720; x_wconf 91' lang='lat' dir='ltr'><strong>Sed</strong></span> <span class='ocrx_word' id='word_1_198' title='bbox 789 2668 926 2723; x_wconf 87' lang='lat' dir='ltr'><strong>forte</strong></span> <span class='ocrx_word' id='word_1_199' title='bbox 976 2670 1096 2741; x_wconf 86' lang='lat' dir='ltr'><strong>quis</strong></span> <span class='ocrx_word' id='word_1_200' title='bbox 1153 2672 1452 2745; x_wconf 84' lang='lat' dir='ltr'><strong>interrogat</strong></span> <span class='ocrx_word' id='word_1_201' title='bbox 1507 2676 1778 2746; x_wconf 86' lang='lat' dir='ltr'><strong>quomodo</strong></span> <span class='ocrx_word' id='word_1_202' title='bbox 1833 2676 1950 2732; x_wconf 72' lang='lat' dir='ltr'><strong>lucc</strong></span> <span class='ocrx_word' id='word_1_203' title='bbox 2013 2677 2153 2733; x_wconf 84' lang='lat' dir='ltr'><strong>srirc</strong></span> 
     </span>
    </p>
   </div>
   <div class='ocr_carea' id='block_1_27' title="bbox 560 2755 2149 2828">
    <p class='ocr_par' dir='ltr' id='par_1_27' title="bbox 560 2755 2149 2828">
     <span class='ocr_line' id='line_1_27' title="bbox 560 2755 2149 2828; baseline 0.008 -22"><span class='ocrx_word' id='word_1_204' title='bbox 560 2755 759 2822; x_wconf 83' lang='lat' dir='ltr'><strong>valeat,</strong></span> <span class='ocrx_word' id='word_1_205' title='bbox 814 2757 880 2813; x_wconf 91' lang='lat' dir='ltr'><strong>de</strong></span> <span class='ocrx_word' id='word_1_206' title='bbox 926 2760 1121 2828; x_wconf 87' lang='lat' dir='ltr'><strong>quibus</strong></span> <span class='ocrx_word' id='word_1_207' title='bbox 1166 2764 1458 2818; x_wconf 89' lang='lat' dir='ltr'><strong>secundum</strong></span> <span class='ocrx_word' id='word_1_208' title='bbox 1516 2766 1827 2821; x_wconf 89' lang='lat' dir='ltr'><strong>interiorem</strong></span> <span class='ocrx_word' id='word_1_209' title='bbox 1877 2767 2149 2821; x_wconf 88' lang='lat' dir='ltr'><strong>hominem</strong></span> 
     </span>
    </p>
   </div>
   <div class='ocr_carea' id='block_1_28' title="bbox 564 2844 2166 2923">
    <p class='ocr_par' dir='ltr' id='par_1_28' title="bbox 564 2844 2166 2923">
     <span class='ocr_line' id='line_1_28' title="bbox 564 2844 2166 2923; baseline 0.007 -29"><span class='ocrx_word' id='word_1_210' title='bbox 564 2851 799 2898; x_wconf 89' lang='lat' dir='ltr'><strong>tractare</strong></span> <span class='ocrx_word' id='word_1_211' title='bbox 827 2844 1047 2909; x_wconf 85' lang='lat' dir='ltr'><strong>debeat;</strong></span> <span class='ocrx_word' id='word_1_212' title='bbox 1082 2848 1166 2902; x_wconf 90' lang='lat' dir='ltr'><strong>cui</strong></span> <span class='ocrx_word' id='word_1_213' title='bbox 1200 2852 1501 2921; x_wconf 86' lang='lat' dir='ltr'><strong>respondeo</strong></span> <span class='ocrx_word' id='word_1_214' title='bbox 1537 2853 1699 2922; x_wconf 88' lang='lat' dir='ltr'><strong>quod,</strong></span> <span class='ocrx_word' id='word_1_215' title='bbox 1738 2855 1979 2923; x_wconf 77' lang='lat' dir='ltr'><strong>exceptis</strong></span> <span class='ocrx_word' id='word_1_216' title='bbox 2011 2854 2166 2909; x_wconf 84' lang='lat' dir='ltr'><strong>beati.</strong></span> 
     </span>
    </p>
   </div>
   <div class='ocr_carea' id='block_1_29' title="bbox 562 2933 2155 3015">
    <p class='ocr_par' dir='ltr' id='par_1_29' title="bbox 562 2933 2155 3015">
     <span class='ocr_line' id='line_1_29' title="bbox 562 2933 2155 3015; baseline 0.006 -26"><span class='ocrx_word' id='word_1_217' title='bbox 562 2933 811 3005; x_wconf 83' lang='lat' dir='ltr'><strong>Gregorii</strong></span> <span class='ocrx_word' id='word_1_218' title='bbox 844 2936 1134 2995; x_wconf 85' lang='lat' dir='ltr'><strong>Moralibus</strong></span> <span class='ocrx_word' id='word_1_219' title='bbox 1165 2952 1215 2996; x_wconf 90' lang='lat' dir='ltr'><strong>et</strong></span> <span class='ocrx_word' id='word_1_220' title='bbox 1242 2943 1379 2999; x_wconf 85' lang='lat' dir='ltr'><strong>libro</strong></span> <span class='ocrx_word' id='word_1_221' title='bbox 1426 2944 1515 3000; x_wconf 89' lang='lat' dir='ltr'><strong>illo</strong></span> <span class='ocrx_word' id='word_1_222' title='bbox 1564 2950 1653 3015; x_wconf 88' lang='lat' dir='ltr'><strong>qui</strong></span> <span class='ocrx_word' id='word_1_223' title='bbox 1700 2947 1772 3002; x_wconf 90' lang='lat' dir='ltr'><strong>De</strong></span> <span class='ocrx_word' id='word_1_224' title='bbox 1809 2947 2065 3002; x_wconf 90' lang='lat' dir='ltr'><strong>institutis</strong></span> <span class='ocrx_word' id='word_1_225' title='bbox 2102 2953 2155 3001; x_wconf 91' lang='lat' dir='ltr'><strong>et</strong></span> 
     </span>
    </p>
   </div>
   <div class='ocr_carea' id='block_1_30' title="bbox 564 3024 2155 3107">
    <p class='ocr_par' dir='ltr' id='par_1_30' title="bbox 564 3024 2155 3107">
     <span class='ocr_line' id='line_1_30' title="bbox 564 3024 2155 3107; baseline 0.01 -30"><span class='ocrx_word' id='word_1_226' title='bbox 564 3024 942 3083; x_wconf 79' lang='lat' dir='ltr'><strong>co‘lationibus</strong></span> <span class='ocrx_word' id='word_1_227' title='bbox 983 3028 1204 3086; x_wconf 86' lang='lat' dir='ltr'><strong>Patrum</strong></span> <span class='ocrx_word' id='word_1_228' title='bbox 1252 3050 1279 3087; x_wconf 90' lang='lat' dir='ltr'><strong>a</strong></span> <span class='ocrx_word' id='word_1_229' title='bbox 1330 3037 1564 3104; x_wconf 87' lang='lat' dir='ltr'><strong>quodam</strong></span> <span class='ocrx_word' id='word_1_230' title='bbox 1622 3038 1913 3104; x_wconf 86' lang='lat' dir='ltr'><strong>Cassiano,</strong></span> <span class='ocrx_word' id='word_1_231' title='bbox 1966 3039 2056 3107; x_wconf 90' lang='lat' dir='ltr'><strong>qui</strong></span> <span class='ocrx_word' id='word_1_232' title='bbox 2101 3048 2155 3093; x_wconf 90' lang='lat' dir='ltr'><strong>et</strong></span> 
     </span>
    </p>
   </div>
   <div class='ocr_carea' id='block_1_31' title="bbox 564 3117 2226 3215">
    <p class='ocr_par' dir='ltr' id='par_1_31' title="bbox 564 3117 2226 3215">
     <span class='ocr_line' id='line_1_31' title="bbox 564 3117 2226 3215; baseline 0.011 -45"><span class='ocrx_word' id='word_1_233' title='bbox 564 3117 801 3175; x_wconf 72' lang='lat' dir='ltr'><strong>Joannes</strong></span> <span class='ocrx_word' id='word_1_234' title='bbox 825 3120 1043 3189; x_wconf 89' lang='lat' dir='ltr'><strong>dicitur,</strong></span> <span class='ocrx_word' id='word_1_235' title='bbox 1072 3126 1306 3195; x_wconf 87' lang='lat' dir='ltr'><strong>scriptus</strong></span> <span class='ocrx_word' id='word_1_236' title='bbox 1330 3137 1433 3192; x_wconf 88' lang='lat' dir='ltr'><strong>est,</strong></span> <span class='ocrx_word' id='word_1_237' title='bbox 1464 3146 1693 3199; x_wconf 86' lang='lat' dir='ltr'><strong>quorum</strong></span> <span class='ocrx_word' id='word_1_238' title='bbox 1716 3131 1878 3187; x_wconf 84' lang='lat' dir='ltr'><strong>lectio</strong></span> <span class='ocrx_word' id='word_1_239' title='bbox 1907 3131 2226 3215; x_wconf 78' lang='lat' dir='ltr'><strong>utilitatisC</strong></span> 
     </span>
    </p>
   </div>
   <div class='ocr_carea' id='block_1_32' title="bbox 566 3210 2155 3295">
    <p class='ocr_par' dir='ltr' id='par_1_32' title="bbox 566 3210 2155 3295">
     <span class='ocr_line' id='line_1_32' title="bbox 566 3210 2155 3295; baseline 0.011 -34"><span class='ocrx_word' id='word_1_240' title='bbox 566 3210 845 3268; x_wconf 69' lang='lat' dir='ltr'><strong>immensae</strong></span> <span class='ocrx_word' id='word_1_241' title='bbox 888 3216 1148 3273; x_wconf 91' lang='lat' dir='ltr'><strong>studiosis</strong></span> <span class='ocrx_word' id='word_1_242' title='bbox 1181 3219 1472 3277; x_wconf 89' lang='lat' dir='ltr'><strong>lectoribus</strong></span> <span class='ocrx_word' id='word_1_243' title='bbox 1519 3223 1751 3278; x_wconf 82' lang='lat' dir='ltr'><strong>fructum</strong></span> <span class='ocrx_word' id='word_1_244' title='bbox 1786 3234 2024 3295; x_wconf 71' lang='lat' dir='ltr'><strong>praestat,</strong></span> <span class='ocrx_word' id='word_1_245' title='bbox 2054 3239 2155 3279; x_wconf 74' lang='lat' dir='ltr'><strong>exe-</strong></span> 
     </span>
    </p>
   </div>
   <div class='ocr_carea' id='block_1_33' title="bbox 567 3307 2158 3387">
    <p class='ocr_par' dir='ltr' id='par_1_33' title="bbox 567 3307 2158 3387">
     <span class='ocr_line' id='line_1_33' title="bbox 567 3307 2158 3387; baseline 0.01 -30"><span class='ocrx_word' id='word_1_246' title='bbox 567 3307 806 3376; x_wconf 88' lang='lat' dir='ltr'><strong>tcrisque</strong></span> <span class='ocrx_word' id='word_1_247' title='bbox 847 3312 1053 3365; x_wconf 88' lang='lat' dir='ltr'><strong>sanctis</strong></span> <span class='ocrx_word' id='word_1_248' title='bbox 1096 3312 1408 3370; x_wconf 89' lang='lat' dir='ltr'><strong>auctoribus</strong></span> <span class='ocrx_word' id='word_1_249' title='bbox 1452 3317 1541 3385; x_wconf 89' lang='lat' dir='ltr'><strong>qui</strong></span> <span class='ocrx_word' id='word_1_250' title='bbox 1593 3319 1659 3372; x_wconf 89' lang='lat' dir='ltr'><strong>de</strong></span> <span class='ocrx_word' id='word_1_251' title='bbox 1700 3318 2004 3387; x_wconf 88' lang='lat' dir='ltr'><strong>lmjusmodi</strong></span> <span class='ocrx_word' id='word_1_252' title='bbox 2058 3332 2158 3373; x_wconf 89' lang='lat' dir='ltr'><strong>nos</strong></span> 
     </span>
    </p>
   </div>
   <div class='ocr_carea' id='block_1_34' title="bbox 566 3395 2155 3476">
    <p class='ocr_par' dir='ltr' id='par_1_34' title="bbox 566 3395 2155 3476">
     <span class='ocr_line' id='line_1_34' title="bbox 566 3395 2155 3476; baseline 0.013 -27"><span class='ocrx_word' id='word_1_253' title='bbox 566 3395 862 3466; x_wconf 87' lang='lat' dir='ltr'><strong>instruunt,</strong></span> <span class='ocrx_word' id='word_1_254' title='bbox 917 3400 1046 3458; x_wconf 92' lang='lat' dir='ltr'><strong>illud</strong></span> <span class='ocrx_word' id='word_1_255' title='bbox 1092 3405 1363 3476; x_wconf 65' lang='lat' dir='ltr'><strong>praecipue</strong></span> <span class='ocrx_word' id='word_1_256' title='bbox 1410 3407 1661 3465; x_wconf 89' lang='lat' dir='ltr'><strong>omnibus</strong></span> <span class='ocrx_word' id='word_1_257' title='bbox 1718 3411 1798 3465; x_wconf 91' lang='lat' dir='ltr'><strong>sui</strong></span> <span class='ocrx_word' id='word_1_258' title='bbox 1854 3415 2155 3470; x_wconf 87' lang='lat' dir='ltr'><strong>custodiam</strong></span> 
     </span>
    </p>
   </div>
   <div class='ocr_carea' id='block_1_35' title="bbox 566 3489 2157 3562">
    <p class='ocr_par' dir='ltr' id='par_1_35' title="bbox 566 3489 2157 3562">
     <span class='ocr_line' id='line_1_35' title="bbox 566 3489 2157 3562; baseline 0.013 -20"><span class='ocrx_word' id='word_1_259' title='bbox 566 3489 892 3549; x_wconf 83' lang='lat' dir='ltr'><strong>habentibus</strong></span> <span class='ocrx_word' id='word_1_260' title='bbox 944 3504 998 3549; x_wconf 90' lang='lat' dir='ltr'><strong>et</strong></span> <span class='ocrx_word' id='word_1_261' title='bbox 1038 3507 1227 3551; x_wconf 88' lang='lat' dir='ltr'><strong>contra</strong></span> <span class='ocrx_word' id='word_1_262' title='bbox 1276 3498 1407 3553; x_wconf 91' lang='lat' dir='ltr'><strong>vitia</strong></span> <span class='ocrx_word' id='word_1_263' title='bbox 1449 3500 1828 3558; x_wconf 84' lang='lat' dir='ltr'><strong>resistentibus</strong></span> <span class='ocrx_word' id='word_1_264' title='bbox 1869 3504 2049 3562; x_wconf 88' lang='lat' dir='ltr'><strong>valere</strong></span> <span class='ocrx_word' id='word_1_265' title='bbox 2091 3509 2157 3562; x_wconf 89' lang='lat' dir='ltr'><strong>ad</strong></span> 
     </span>
    </p>
   </div>
   <div class='ocr_carea' id='block_1_36' title="bbox 566 3584 2161 3665">
    <p class='ocr_par' dir='ltr' id='par_1_36' title="bbox 566 3584 2161 3665">
     <span class='ocr_line' id='line_1_36' title="bbox 566 3584 2161 3665; baseline 0.013 -31"><span class='ocrx_word' id='word_1_266' title='bbox 566 3584 927 3652; x_wconf 88' lang='lat' dir='ltr'><strong>cognitionem</strong></span> <span class='ocrx_word' id='word_1_267' title='bbox 973 3587 1463 3660; x_wconf 88' lang='lat' dir='ltr'><strong>discretione.nque</strong></span> <span class='ocrx_word' id='word_1_268' title='bbox 1498 3593 1751 3649; x_wconf 91' lang='lat' dir='ltr'><strong>vitiorum</strong></span> <span class='ocrx_word' id='word_1_269' title='bbox 1795 3598 2066 3665; x_wconf 83' lang='lat' dir='ltr'><strong>existimo,</strong></span> <span class='ocrx_word' id='word_1_270' title='bbox 2103 3609 2161 3654; x_wconf 93' lang='lat' dir='ltr'><strong>ut</strong></span> 
     </span>
    </p>
   </div>
   <div class='ocr_carea' id='block_1_37' title="bbox 567 3675 2166 3751">
    <p class='ocr_par' dir='ltr' id='par_1_37' title="bbox 567 3675 2166 3751">
     <span class='ocr_line' id='line_1_37' title="bbox 567 3675 2166 3751; baseline 0.013 -25"><span class='ocrx_word' id='word_1_271' title='bbox 567 3675 798 3731; x_wconf 89' lang='lat' dir='ltr'><strong>sollicite</strong></span> <span class='ocrx_word' id='word_1_272' title='bbox 826 3688 1016 3734; x_wconf 89' lang='lat' dir='ltr'><strong>contra</strong></span> <span class='ocrx_word' id='word_1_273' title='bbox 1053 3682 1383 3751; x_wconf 88' lang='lat' dir='ltr'><strong>cogitatuum</strong></span> <span class='ocrx_word' id='word_1_274' title='bbox 1416 3694 1470 3738; x_wconf 92' lang='lat' dir='ltr'><strong>et</strong></span> <span class='ocrx_word' id='word_1_275' title='bbox 1506 3696 1723 3741; x_wconf 90' lang='lat' dir='ltr'><strong>actuum</strong></span> <span class='ocrx_word' id='word_1_276' title='bbox 1766 3701 1986 3743; x_wconf 90' lang='lat' dir='ltr'><strong>suorum</strong></span> <span class='ocrx_word' id='word_1_277' title='bbox 2018 3690 2166 3745; x_wconf 79' lang='lat' dir='ltr'><strong>ﬂuxa-</strong></span> 
     </span>
    </p>
   </div>
   <div class='ocr_carea' id='block_1_38' title="bbox 565 3766 2154 3847">
    <p class='ocr_par' dir='ltr' id='par_1_38' title="bbox 565 3766 2154 3847">
     <span class='ocr_line' id='line_1_38' title="bbox 565 3766 2154 3847; baseline 0.011 -27"><span class='ocrx_word' id='word_1_278' title='bbox 565 3766 833 3826; x_wconf 85' lang='lat' dir='ltr'><strong>desideria</strong></span> <span class='ocrx_word' id='word_1_279' title='bbox 861 3786 919 3827; x_wconf 92' lang='lat' dir='ltr'><strong>se</strong></span> <span class='ocrx_word' id='word_1_280' title='bbox 944 3773 1257 3844; x_wconf 87' lang='lat' dir='ltr'><strong>accingant;</strong></span> <span class='ocrx_word' id='word_1_281' title='bbox 1298 3774 1350 3829; x_wconf 93' lang='lat' dir='ltr'><strong>in</strong></span> <span class='ocrx_word' id='word_1_282' title='bbox 1373 3776 1568 3845; x_wconf 88' lang='lat' dir='ltr'><strong>quibus</strong></span> <span class='ocrx_word' id='word_1_283' title='bbox 1596 3777 1641 3831; x_wconf 88' lang='lat' dir='ltr'><strong>si</strong></span> <span class='ocrx_word' id='word_1_284' title='bbox 1668 3777 1901 3835; x_wconf 84' lang='lat' dir='ltr'><strong>fideliter</strong></span> <span class='ocrx_word' id='word_1_285' title='bbox 1924 3790 2154 3847; x_wconf 89' lang='lat' dir='ltr'><strong>certant,</strong></span> 
     </span>
    </p>
   </div>
   <div class='ocr_carea' id='block_1_39' title="bbox 569 3860 2159 3938">
    <p class='ocr_par' dir='ltr' id='par_1_39' title="bbox 569 3860 2159 3938">
     <span class='ocr_line' id='line_1_39' title="bbox 569 3860 2159 3938; baseline 0.01 -26"><span class='ocrx_word' id='word_1_286' title='bbox 569 3860 703 3913; x_wconf 89' lang='lat' dir='ltr'><strong>nihil</strong></span> <span class='ocrx_word' id='word_1_287' title='bbox 731 3871 814 3923; x_wconf 89' lang='lat' dir='ltr'><strong>est</strong></span> <span class='ocrx_word' id='word_1_288' title='bbox 851 3862 940 3918; x_wconf 82' lang='lat' dir='ltr'><strong>tibi</strong></span> <span class='ocrx_word' id='word_1_289' title='bbox 968 3874 1173 3919; x_wconf 92' lang='lat' dir='ltr'><strong>tantum</strong></span> <span class='ocrx_word' id='word_1_290' title='bbox 1208 3867 1273 3921; x_wconf 91' lang='lat' dir='ltr'><strong>de</strong></span> <span class='ocrx_word' id='word_1_291' title='bbox 1313 3882 1524 3922; x_wconf 90' lang='lat' dir='ltr'><strong>morum</strong></span> <span class='ocrx_word' id='word_1_292' title='bbox 1558 3868 1910 3938; x_wconf 88' lang='lat' dir='ltr'><strong>qualitatibus</strong></span> <span class='ocrx_word' id='word_1_293' title='bbox 1952 3872 2159 3928; x_wconf 89' lang='lat' dir='ltr'><strong>discere</strong></span> 
     </span>
    </p>
   </div>
   <div class='ocr_carea' id='block_1_40' title="bbox 567 3952 2161 4030">
    <p class='ocr_par' dir='ltr' id='par_1_40' title="bbox 567 3952 2161 4030">
     <span class='ocr_line' id='line_1_40' title="bbox 567 3952 2161 4030; baseline 0.011 -27"><span class='ocrx_word' id='word_1_294' title='bbox 567 3963 790 4019; x_wconf 84' lang='lat' dir='ltr'><strong>queant.</strong></span> <span class='ocrx_word' id='word_1_295' title='bbox 821 3953 920 4021; x_wconf 87' lang='lat' dir='ltr'><strong>Qui</strong></span> <span class='ocrx_word' id='word_1_296' title='bbox 954 3955 1095 4009; x_wconf 91' lang='lat' dir='ltr'><strong>enim</strong></span> <span class='ocrx_word' id='word_1_297' title='bbox 1123 3970 1220 4026; x_wconf 86' lang='lat' dir='ltr'><strong>per</strong></span> <span class='ocrx_word' id='word_1_298' title='bbox 1255 3952 1400 4013; x_wconf 82' lang='lat' dir='ltr'><strong>solas</strong></span> <span class='ocrx_word' id='word_1_299' title='bbox 1420 3959 1767 4028; x_wconf 81' lang='lat' dir='ltr'><strong>_&#39;voluminum</strong></span> <span class='ocrx_word' id='word_1_300' title='bbox 1797 3963 2161 4030; x_wconf 87' lang='lat' dir='ltr'><strong>quorumlibet</strong></span> 
     </span>
    </p>
   </div>
   <div class='ocr_carea' id='block_1_41' title="bbox 569 4042 2160 4121">
    <p class='ocr_par' dir='ltr' id='par_1_41' title="bbox 569 4042 2160 4121">
     <span class='ocr_line' id='line_1_41' title="bbox 569 4042 2160 4121; baseline 0.01 -26"><span class='ocrx_word' id='word_1_301' title='bbox 569 4042 827 4099; x_wconf 87' lang='lat' dir='ltr'><strong>lectiones</strong></span> <span class='ocrx_word' id='word_1_302' title='bbox 852 4046 1091 4101; x_wconf 84' lang='lat' dir='ltr'><strong>exterius</strong></span> <span class='ocrx_word' id='word_1_303' title='bbox 1117 4046 1327 4103; x_wconf 87' lang='lat' dir='ltr'><strong>institui</strong></span> <span class='ocrx_word' id='word_1_304' title='bbox 1360 4050 1426 4105; x_wconf 87' lang='lat' dir='ltr'><strong>de</strong></span> <span class='ocrx_word' id='word_1_305' title='bbox 1461 4051 1543 4105; x_wconf 91' lang='lat' dir='ltr'><strong>his</strong></span> <span class='ocrx_word' id='word_1_306' title='bbox 1575 4053 1788 4121; x_wconf 73' lang='lat' dir='ltr'><strong>quaerit,</strong></span> <span class='ocrx_word' id='word_1_307' title='bbox 1814 4064 1963 4109; x_wconf 88' lang='lat' dir='ltr'><strong>tanto</strong></span> <span class='ocrx_word' id='word_1_308' title='bbox 2000 4057 2160 4111; x_wconf 89' lang='lat' dir='ltr'><strong>citius</strong></span> 
     </span>
    </p>
   </div>
   <div class='ocr_carea' id='block_1_42' title="bbox 569 4137 2162 4218">
    <p class='ocr_par' dir='ltr' id='par_1_42' title="bbox 569 4137 2162 4218">
     <span class='ocr_line' id='line_1_42' title="bbox 569 4137 2162 4218; baseline 0.008 -27"><span class='ocrx_word' id='word_1_309' title='bbox 569 4137 1249 4218; x_wconf 88' lang='lat' dir='ltr'><strong>obliviscitur,quantoper</strong></span> <span class='ocrx_word' id='word_1_310' title='bbox 1274 4143 1663 4212; x_wconf 83' lang='lat' dir='ltr'><strong>experientiam</strong></span> <span class='ocrx_word' id='word_1_311' title='bbox 1688 4159 1751 4199; x_wconf 90' lang='lat' dir='ltr'><strong>ea</strong></span> <span class='ocrx_word' id='word_1_312' title='bbox 1778 4161 1896 4216; x_wconf 71' lang='lat' dir='ltr'><strong>qua:</strong></span> <span class='ocrx_word' id='word_1_313' title='bbox 1918 4145 2046 4218; x_wconf 82' lang='lat' dir='ltr'><strong>legit</strong></span> <span class='ocrx_word' id='word_1_314' title='bbox 2068 4158 2162 4203; x_wconf 89' lang='lat' dir='ltr'><strong>ant</strong></span> 
     </span>
    </p>
   </div>
   <div class='ocr_carea' id='block_1_43' title="bbox 572 4216 2158 4309">
    <p class='ocr_par' dir='ltr' id='par_1_43' title="bbox 572 4216 2158 4309">
     <span class='ocr_line' id='line_1_43' title="bbox 572 4216 2158 4309; baseline 0.007 -26"><span class='ocrx_word' id='word_1_315' title='bbox 572 4216 892 4286; x_wconf 88' lang='lat' dir='ltr'><strong>auditintra</strong></span> <span class='ocrx_word' id='word_1_316' title='bbox 921 4233 1156 4302; x_wconf 89' lang='lat' dir='ltr'><strong>seipsum</strong></span> <span class='ocrx_word' id='word_1_317' title='bbox 1203 4248 1307 4287; x_wconf 86' lang='lat' dir='ltr'><strong>non</strong></span> <span class='ocrx_word' id='word_1_318' title='bbox 1351 4235 1559 4307; x_wconf 88' lang='lat' dir='ltr'><strong>relegit.</strong></span> <span class='ocrx_word' id='word_1_319' title='bbox 1600 4238 1944 4309; x_wconf 83' lang='lat' dir='ltr'><strong>Experientia</strong></span> <span class='ocrx_word' id='word_1_320' title='bbox 1979 4216 2158 4296; x_wconf 86' lang='lat' dir='ltr'><strong>autem</strong></span> 
     </span>
    </p>
   </div>
   <div class='ocr_carea' id='block_1_44' title="bbox 571 4320 2160 4400">
    <p class='ocr_par' dir='ltr' id='par_1_44' title="bbox 571 4320 2160 4400">
     <span class='ocr_line' id='line_1_44' title="bbox 571 4320 2160 4400; baseline 0.008 -27"><span class='ocrx_word' id='word_1_321' title='bbox 571 4320 703 4374; x_wconf 89' lang='lat' dir='ltr'><strong>nihil</strong></span> <span class='ocrx_word' id='word_1_322' title='bbox 732 4323 898 4377; x_wconf 90' lang='lat' dir='ltr'><strong>menti</strong></span> <span class='ocrx_word' id='word_1_323' title='bbox 928 4323 1175 4379; x_wconf 69' lang='lat' dir='ltr'><strong>humanae</strong></span> <span class='ocrx_word' id='word_1_324' title='bbox 1206 4322 1390 4381; x_wconf 93' lang='lat' dir='ltr'><strong>utilius</strong></span> <span class='ocrx_word' id='word_1_325' title='bbox 1434 4336 1538 4392; x_wconf 83' lang='lat' dir='ltr'><strong>est,</strong></span> <span class='ocrx_word' id='word_1_326' title='bbox 1583 4329 1708 4400; x_wconf 89' lang='lat' dir='ltr'><strong>quia</strong></span> <span class='ocrx_word' id='word_1_327' title='bbox 1752 4331 1803 4384; x_wconf 92' lang='lat' dir='ltr'><strong>in</strong></span> <span class='ocrx_word' id='word_1_328' title='bbox 1841 4347 1936 4386; x_wconf 91' lang='lat' dir='ltr'><strong>sua</strong></span> <span class='ocrx_word' id='word_1_329' title='bbox 1974 4331 2160 4387; x_wconf 76' lang='lat' dir='ltr'><strong>confli-</strong></span> 
     </span>
    </p>
   </div>
   <div class='ocr_carea' id='block_1_45' title="bbox 571 4414 2160 4493">
    <p class='ocr_par' dir='ltr' id='par_1_45' title="bbox 571 4414 2160 4493">
     <span class='ocr_line' id='line_1_45' title="bbox 571 4414 2160 4493; baseline 0.005 -24"><span class='ocrx_word' id='word_1_330' title='bbox 571 4414 805 4469; x_wconf 90' lang='lat' dir='ltr'><strong>ctatione</strong></span> <span class='ocrx_word' id='word_1_331' title='bbox 828 4416 953 4470; x_wconf 91' lang='lat' dir='ltr'><strong>dum</strong></span> <span class='ocrx_word' id='word_1_332' title='bbox 978 4416 1242 4472; x_wconf 86' lang='lat' dir='ltr'><strong>instanter</strong></span> <span class='ocrx_word' id='word_1_333' title='bbox 1266 4429 1580 4488; x_wconf 88' lang='lat' dir='ltr'><strong>perseverat</strong></span> <span class='ocrx_word' id='word_1_334' title='bbox 1602 4422 1837 4488; x_wconf 90' lang='lat' dir='ltr'><strong>animus,</strong></span> <span class='ocrx_word' id='word_1_335' title='bbox 1873 4432 1926 4477; x_wconf 90' lang='lat' dir='ltr'><strong>et</strong></span> <span class='ocrx_word' id='word_1_336' title='bbox 1948 4424 2160 4493; x_wconf 89' lang='lat' dir='ltr'><strong>aliquo-</strong></span> 
     </span>
    </p>
   </div>
   <div class='ocr_carea' id='block_1_46' title="bbox 574 4505 2159 4585">
    <p class='ocr_par' dir='ltr' id='par_1_46' title="bbox 574 4505 2159 4585">
     <span class='ocr_line' id='line_1_46' title="bbox 574 4505 2159 4585; baseline 0.005 -25"><span class='ocrx_word' id='word_1_337' title='bbox 574 4505 675 4561; x_wconf 93' lang='lat' dir='ltr'><strong>ties</strong></span> <span class='ocrx_word' id='word_1_338' title='bbox 703 4505 770 4562; x_wconf 90' lang='lat' dir='ltr'><strong>de</strong></span> <span class='ocrx_word' id='word_1_339' title='bbox 794 4508 1035 4563; x_wconf 77' lang='lat' dir='ltr'><strong>vietorize</strong></span> <span class='ocrx_word' id='word_1_340' title='bbox 1075 4525 1188 4564; x_wconf 62' lang='lat' dir='ltr'><strong>suae</strong></span> <span class='ocrx_word' id='word_1_341' title='bbox 1222 4509 1479 4566; x_wconf 82' lang='lat' dir='ltr'><strong>feliCitate</strong></span> <span class='ocrx_word' id='word_1_342' title='bbox 1509 4512 1748 4581; x_wconf 67' lang='lat' dir='ltr'><strong>laetatur;</strong></span> <span class='ocrx_word' id='word_1_343' title='bbox 1787 4515 1914 4568; x_wconf 91' lang='lat' dir='ltr'><strong>dum</strong></span> <span class='ocrx_word' id='word_1_344' title='bbox 1944 4529 2159 4585; x_wconf 89' lang='lat' dir='ltr'><strong>quoque</strong></span> 
     </span>
    </p>
   </div>
   <div class='ocr_carea' id='block_1_47' title="bbox 576 4600 2159 4662">
    <p class='ocr_par' dir='ltr' id='par_1_47' title="bbox 576 4600 2159 4662">
     <span class='ocr_line' id='line_1_47' title="bbox 576 4600 2159 4662; baseline 0.007 -12"><span class='ocrx_word' id='word_1_345' title='bbox 576 4613 763 4653; x_wconf 83' lang='lat' dir='ltr'><strong>rursus</strong></span> <span class='ocrx_word' id='word_1_346' title='bbox 789 4600 953 4653; x_wconf 88' lang='lat' dir='ltr'><strong>animi</strong></span> <span class='ocrx_word' id='word_1_347' title='bbox 986 4610 1193 4657; x_wconf 89' lang='lat' dir='ltr'><strong>mutato</strong></span> <span class='ocrx_word' id='word_1_348' title='bbox 1226 4610 1368 4657; x_wconf 86' lang='lat' dir='ltr'><strong>statu</strong></span> <span class='ocrx_word' id='word_1_349' title='bbox 1413 4614 1598 4660; x_wconf 90' lang='lat' dir='ltr'><strong>contra</strong></span> <span class='ocrx_word' id='word_1_350' title='bbox 1637 4608 1816 4662; x_wconf 89' lang='lat' dir='ltr'><strong>cordis</strong></span> <span class='ocrx_word' id='word_1_351' title='bbox 1854 4616 1947 4661; x_wconf 90' lang='lat' dir='ltr'><strong>aut</strong></span> <span class='ocrx_word' id='word_1_352' title='bbox 1976 4606 2159 4662; x_wconf 90' lang='lat' dir='ltr'><strong>carnis</strong></span> 
     </span>
    </p>
   </div>
   <div class='ocr_carea' id='block_1_48' title="bbox 575 4692 2183 4769">
    <p class='ocr_par' dir='ltr' id='par_1_48' title="bbox 575 4692 2183 4769">
     <span class='ocr_line' id='line_1_48' title="bbox 575 4692 2183 4769; baseline 0.006 -24"><span class='ocrx_word' id='word_1_353' title='bbox 575 4706 686 4745; x_wconf 66' lang='lat' dir='ltr'><strong>sua:</strong></span> <span class='ocrx_word' id='word_1_354' title='bbox 716 4700 1048 4746; x_wconf 87' lang='lat' dir='ltr'><strong>tentamcnta</strong></span> <span class='ocrx_word' id='word_1_355' title='bbox 1078 4692 1335 4760; x_wconf 88' lang='lat' dir='ltr'><strong>lassatur,</strong></span> <span class='ocrx_word' id='word_1_356' title='bbox 1357 4703 1411 4749; x_wconf 91' lang='lat' dir='ltr'><strong>et</strong></span> <span class='ocrx_word' id='word_1_357' title='bbox 1445 4696 1535 4765; x_wconf 92' lang='lat' dir='ltr'><strong>qui</strong></span> <span class='ocrx_word' id='word_1_358' title='bbox 1565 4704 1752 4752; x_wconf 89' lang='lat' dir='ltr'><strong>contra</strong></span> <span class='ocrx_word' id='word_1_359' title='bbox 1779 4712 1977 4767; x_wconf 88' lang='lat' dir='ltr'><strong>pravos</strong></span> <span class='ocrx_word' id='word_1_360' title='bbox 1998 4712 2183 4769; x_wconf 44' lang='lat' dir='ltr'><strong>apper</strong></span> 
     </span>
    </p>
   </div>
   <div class='ocr_carea' id='block_1_49' title="bbox 577 4784 2159 4859">
    <p class='ocr_par' dir='ltr' id='par_1_49' title="bbox 577 4784 2159 4859">
     <span class='ocr_line' id='line_1_49' title="bbox 577 4784 2159 4859; baseline 0.004 -22"><span class='ocrx_word' id='word_1_361' title='bbox 577 4784 706 4837; x_wconf 85' lang='lat' dir='ltr'><strong>titus</strong></span> <span class='ocrx_word' id='word_1_362' title='bbox 752 4798 845 4838; x_wconf 87' lang='lat' dir='ltr'><strong>cor</strong></span> <span class='ocrx_word' id='word_1_363' title='bbox 897 4784 1304 4853; x_wconf 82' lang='lat' dir='ltr'><strong>impenetrabile</strong></span> <span class='ocrx_word' id='word_1_364' title='bbox 1351 4800 1415 4841; x_wconf 90' lang='lat' dir='ltr'><strong>se</strong></span> <span class='ocrx_word' id='word_1_365' title='bbox 1465 4787 1664 4843; x_wconf 86' lang='lat' dir='ltr'><strong>habere</strong></span> <span class='ocrx_word' id='word_1_366' title='bbox 1716 4789 2003 4859; x_wconf 80' lang='lat' dir='ltr'><strong>gaudebat,</strong></span> <span class='ocrx_word' id='word_1_367' title='bbox 2048 4789 2159 4859; x_wconf 90' lang='lat' dir='ltr'><strong>jam</strong></span> 
     </span>
    </p>
   </div>
   <div class='ocr_carea' id='block_1_50' title="bbox 578 4874 2163 4949">
    <p class='ocr_par' dir='ltr' id='par_1_50' title="bbox 578 4874 2163 4949">
     <span class='ocr_line' id='line_1_50' title="bbox 578 4874 2163 4949; baseline 0.006 -21"><span class='ocrx_word' id='word_1_368' title='bbox 578 4874 819 4930; x_wconf 89' lang='lat' dir='ltr'><strong>emollito</strong></span> <span class='ocrx_word' id='word_1_369' title='bbox 849 4875 1022 4946; x_wconf 87' lang='lat' dir='ltr'><strong>rigore</strong></span> <span class='ocrx_word' id='word_1_370' title='bbox 1050 4876 1141 4932; x_wconf 90' lang='lat' dir='ltr'><strong>illo</strong></span> <span class='ocrx_word' id='word_1_371' title='bbox 1166 4877 1417 4933; x_wconf 91' lang='lat' dir='ltr'><strong>vitiorum</strong></span> <span class='ocrx_word' id='word_1_372' title='bbox 1452 4890 1615 4934; x_wconf 60' lang='lat' dir='ltr'><strong>aestus</strong></span> <span class='ocrx_word' id='word_1_373' title='bbox 1656 4893 1714 4935; x_wconf 91' lang='lat' dir='ltr'><strong>se</strong></span> <span class='ocrx_word' id='word_1_374' title='bbox 1742 4894 1901 4949; x_wconf 82' lang='lat' dir='ltr'><strong>posse</strong></span> <span class='ocrx_word' id='word_1_375' title='bbox 1933 4880 2163 4937; x_wconf 89' lang='lat' dir='ltr'><strong>tolerare</strong></span> 
     </span>
    </p>
   </div>
   <div class='ocr_carea' id='block_1_51' title="bbox 578 4965 2163 5039">
    <p class='ocr_par' dir='ltr' id='par_1_51' title="bbox 578 4965 2163 5039">
     <span class='ocr_line' id='line_1_51' title="bbox 578 4965 2163 5039; baseline 0.005 -20"><span class='ocrx_word' id='word_1_376' title='bbox 578 4965 787 5031; x_wconf 84' lang='lat' dir='ltr'><strong>dilIidit,</strong></span> <span class='ocrx_word' id='word_1_377' title='bbox 819 4967 945 5021; x_wconf 91' lang='lat' dir='ltr'><strong>dum</strong></span> <span class='ocrx_word' id='word_1_378' title='bbox 984 4969 1125 5023; x_wconf 89' lang='lat' dir='ltr'><strong>inter</strong></span> <span class='ocrx_word' id='word_1_379' title='bbox 1164 4983 1313 5039; x_wconf 89' lang='lat' dir='ltr'><strong>spem</strong></span> <span class='ocrx_word' id='word_1_380' title='bbox 1353 4978 1408 5024; x_wconf 81' lang='lat' dir='ltr'><strong>et</strong></span> <span class='ocrx_word' id='word_1_381' title='bbox 1446 4978 1651 5025; x_wconf 91' lang='lat' dir='ltr'><strong>metum</strong></span> <span class='ocrx_word' id='word_1_382' title='bbox 1677 4986 1834 5027; x_wconf 89' lang='lat' dir='ltr'><strong>mens</strong></span> <span class='ocrx_word' id='word_1_383' title='bbox 1856 4972 2163 5028; x_wconf 90' lang='lat' dir='ltr'><strong>nutabunda</strong></span> 
     </span>
    </p>
   </div>
   <div class='ocr_carea' id='block_1_52' title="bbox 579 5057 2167 5134">
    <p class='ocr_par' dir='ltr' id='par_1_52' title="bbox 579 5057 2167 5134">
     <span class='ocr_line' id='line_1_52' title="bbox 579 5057 2167 5134; baseline 0.004 -23"><span class='ocrx_word' id='word_1_384' title='bbox 579 5057 816 5125; x_wconf 90' lang='lat' dir='ltr'><strong>vacillat,</strong></span> <span class='ocrx_word' id='word_1_385' title='bbox 852 5058 960 5115; x_wconf 89' lang='lat' dir='ltr'><strong>Deo</strong></span> <span class='ocrx_word' id='word_1_386' title='bbox 988 5061 1302 5118; x_wconf 85' lang='lat' dir='ltr'><strong>occasiones</strong></span> <span class='ocrx_word' id='word_1_387' title='bbox 1339 5062 1784 5118; x_wconf 86' lang='lat' dir='ltr'><strong>subministrante</strong></span> <span class='ocrx_word' id='word_1_388' title='bbox 1816 5065 2078 5134; x_wconf 86' lang='lat' dir='ltr'><strong>resurgit;</strong></span> <span class='ocrx_word' id='word_1_389' title='bbox 2112 5074 2167 5118; x_wconf 89' lang='lat' dir='ltr'><strong>et</strong></span> 
     </span>
    </p>
   </div>
   <div class='ocr_carea' id='block_1_53' title="bbox 584 5151 2164 5224">
    <p class='ocr_par' dir='ltr' id='par_1_53' title="bbox 584 5151 2164 5224">
     <span class='ocr_line' id='line_1_53' title="bbox 584 5151 2164 5224; baseline 0.003 -20"><span class='ocrx_word' id='word_1_390' title='bbox 584 5151 649 5205; x_wconf 91' lang='lat' dir='ltr'><strong>de</strong></span> <span class='ocrx_word' id='word_1_391' title='bbox 695 5151 812 5207; x_wconf 88' lang='lat' dir='ltr'><strong>lacu</strong></span> <span class='ocrx_word' id='word_1_392' title='bbox 866 5152 955 5209; x_wconf 92' lang='lat' dir='ltr'><strong>illo</strong></span> <span class='ocrx_word' id='word_1_393' title='bbox 1007 5153 1263 5221; x_wconf 89' lang='lat' dir='ltr'><strong>instabili,</strong></span> <span class='ocrx_word' id='word_1_394' title='bbox 1300 5154 1352 5207; x_wconf 90' lang='lat' dir='ltr'><strong>in</strong></span> <span class='ocrx_word' id='word_1_395' title='bbox 1394 5168 1501 5223; x_wconf 88' lang='lat' dir='ltr'><strong>quo</strong></span> <span class='ocrx_word' id='word_1_396' title='bbox 1534 5168 1677 5209; x_wconf 62' lang='lat' dir='ltr'><strong>caeca</strong></span> <span class='ocrx_word' id='word_1_397' title='bbox 1714 5162 1768 5209; x_wconf 91' lang='lat' dir='ltr'><strong>et</strong></span> <span class='ocrx_word' id='word_1_398' title='bbox 1815 5154 1968 5224; x_wconf 89' lang='lat' dir='ltr'><strong>quasi</strong></span> <span class='ocrx_word' id='word_1_399' title='bbox 2016 5155 2164 5209; x_wconf 89' lang='lat' dir='ltr'><strong>ebria</strong></span> 
     </span>
    </p>
   </div>
   <div class='ocr_carea' id='block_1_54' title="bbox 586 5240 2164 5316">
    <p class='ocr_par' dir='ltr' id='par_1_54' title="bbox 586 5240 2164 5316">
     <span class='ocr_line' id='line_1_54' title="bbox 586 5240 2164 5316; baseline 0.004 -22"><span class='ocrx_word' id='word_1_400' title='bbox 586 5240 880 5308; x_wconf 83' lang='lat' dir='ltr'><strong>ferebatur,</strong></span> <span class='ocrx_word' id='word_1_401' title='bbox 930 5245 995 5299; x_wconf 91' lang='lat' dir='ltr'><strong>ad</strong></span> <span class='ocrx_word' id='word_1_402' title='bbox 1045 5244 1374 5301; x_wconf 90' lang='lat' dir='ltr'><strong>soliditatem</strong></span> <span class='ocrx_word' id='word_1_403' title='bbox 1423 5245 1634 5300; x_wconf 89' lang='lat' dir='ltr'><strong>tandem</strong></span> <span class='ocrx_word' id='word_1_404' title='bbox 1687 5245 2029 5316; x_wconf 87' lang='lat' dir='ltr'><strong>cogitationis</strong></span> <span class='ocrx_word' id='word_1_405' title='bbox 2076 5247 2164 5301; x_wconf 88' lang='lat' dir='ltr'><strong>diu</strong></span> 
     </span>
    </p>
   </div>
   <div class='ocr_carea' id='block_1_55' title="bbox 580 5334 1247 5393">
    <p class='ocr_par' dir='ltr' id='par_1_55' title="bbox 580 5334 1247 5393">
     <span class='ocr_line' id='line_1_55' title="bbox 580 5334 1247 5393; baseline 0.003 -5"><span class='ocrx_word' id='word_1_406' title='bbox 580 5334 910 5390; x_wconf 88' lang='lat' dir='ltr'><strong>circumacta</strong></span> <span class='ocrx_word' id='word_1_407' title='bbox 939 5337 1247 5393; x_wconf 84' lang='lat' dir='ltr'><strong>revertitur.</strong></span> 
     </span>
    </p>
   </div>
   <div class='ocr_carea' id='block_1_56' title="bbox 654 5422 2166 5497">
    <p class='ocr_par' dir='ltr' id='par_1_56' title="bbox 654 5422 2166 5497">
     <span class='ocr_line' id='line_1_56' title="bbox 654 5422 2166 5497; baseline 0.001 -16"><span class='ocrx_word' id='word_1_408' title='bbox 654 5422 979 5484; x_wconf 86' lang='lat' dir='ltr'><strong>Occasiones</strong></span> <span class='ocrx_word' id='word_1_409' title='bbox 1009 5436 1187 5484; x_wconf 89' lang='lat' dir='ltr'><strong>autem</strong></span> <span class='ocrx_word' id='word_1_410' title='bbox 1226 5425 1565 5497; x_wconf 89' lang='lat' dir='ltr'><strong>resurgendi,</strong></span> <span class='ocrx_word' id='word_1_411' title='bbox 1607 5427 1733 5481; x_wconf 93' lang='lat' dir='ltr'><strong>dum</strong></span> <span class='ocrx_word' id='word_1_412' title='bbox 1768 5427 1822 5480; x_wconf 89' lang='lat' dir='ltr'><strong>in</strong></span> <span class='ocrx_word' id='word_1_413' title='bbox 1864 5426 2004 5482; x_wconf 91' lang='lat' dir='ltr'><strong>lucta</strong></span> <span class='ocrx_word' id='word_1_414' title='bbox 2047 5438 2166 5483; x_wconf 88' lang='lat' dir='ltr'><strong>ten-</strong></span> 
     </span>
    </p>
   </div>
   <div class='ocr_carea' id='block_1_57' title="bbox 588 5518 2169 5590">
    <p class='ocr_par' dir='ltr' id='par_1_57' title="bbox 588 5518 2169 5590">
     <span class='ocr_line' id='line_1_57' title="bbox 588 5518 2169 5590; baseline 0.004 -18"><span class='ocrx_word' id='word_1_415' title='bbox 588 5518 808 5576; x_wconf 86' lang='lat' dir='ltr'><strong>tationis</strong></span> <span class='ocrx_word' id='word_1_416' title='bbox 850 5532 944 5577; x_wconf 91' lang='lat' dir='ltr'><strong>aut</strong></span> <span class='ocrx_word' id='word_1_417' title='bbox 986 5522 1039 5575; x_wconf 93' lang='lat' dir='ltr'><strong>in</strong></span> <span class='ocrx_word' id='word_1_418' title='bbox 1071 5531 1288 5589; x_wconf 88' lang='lat' dir='ltr'><strong>torpore</strong></span> <span class='ocrx_word' id='word_1_419' title='bbox 1344 5519 1540 5574; x_wconf 91' lang='lat' dir='ltr'><strong>mentis</strong></span> <span class='ocrx_word' id='word_1_420' title='bbox 1586 5521 1746 5590; x_wconf 85' lang='lat' dir='ltr'><strong>positi</strong></span> <span class='ocrx_word' id='word_1_421' title='bbox 1791 5536 1997 5589; x_wconf 87' lang='lat' dir='ltr'><strong>sumus,</strong></span> <span class='ocrx_word' id='word_1_422' title='bbox 2028 5522 2169 5579; x_wconf 91' lang='lat' dir='ltr'><strong>Deus</strong></span> 
     </span>
    </p>
   </div>
   <div class='ocr_carea' id='block_1_58' title="bbox 591 5611 2167 5683">
    <p class='ocr_par' dir='ltr' id='par_1_58' title="bbox 591 5611 2167 5683">
     <span class='ocr_line' id='line_1_58' title="bbox 591 5611 2167 5683; baseline 0.004 -20"><span class='ocrx_word' id='word_1_423' title='bbox 591 5611 745 5667; x_wconf 89' lang='lat' dir='ltr'><strong>nobis</strong></span> <span class='ocrx_word' id='word_1_424' title='bbox 768 5613 1129 5675; x_wconf 87' lang='lat' dir='ltr'><strong>administrat,</strong></span> <span class='ocrx_word' id='word_1_425' title='bbox 1163 5627 1285 5665; x_wconf 89' lang='lat' dir='ltr'><strong>cum</strong></span> <span class='ocrx_word' id='word_1_426' title='bbox 1331 5619 1422 5663; x_wconf 90' lang='lat' dir='ltr'><strong>aut</strong></span> <span class='ocrx_word' id='word_1_427' title='bbox 1465 5614 1669 5668; x_wconf 82' lang='lat' dir='ltr'><strong>ratiou&#39;r</strong></span> <span class='ocrx_word' id='word_1_428' title='bbox 1696 5623 1893 5668; x_wconf 70' lang='lat' dir='ltr'><strong>nostrae</strong></span> <span class='ocrx_word' id='word_1_429' title='bbox 1920 5614 2167 5683; x_wconf 86' lang='lat' dir='ltr'><strong>spiritum</strong></span> 
     </span>
    </p>
   </div>
   <div class='ocr_carea' id='block_1_59' title="bbox 590 5706 2168 5776">
    <p class='ocr_par' dir='ltr' id='par_1_59' title="bbox 590 5706 2168 5776">
     <span class='ocr_line' id='line_1_59' title="bbox 590 5706 2168 5776; baseline 0.003 -19"><span class='ocrx_word' id='word_1_430' title='bbox 590 5706 1019 5773; x_wconf 89' lang='lat' dir='ltr'><strong>compunctionis</strong></span> <span class='ocrx_word' id='word_1_431' title='bbox 1047 5707 1308 5776; x_wconf 82' lang='lat' dir='ltr'><strong>suggerit,</strong></span> <span class='ocrx_word' id='word_1_432' title='bbox 1341 5708 1546 5762; x_wconf 88' lang='lat' dir='ltr'><strong>scilicet</strong></span> <span class='ocrx_word' id='word_1_433' title='bbox 1577 5723 1805 5776; x_wconf 83' lang='lat' dir='ltr'><strong>pensare</strong></span> <span class='ocrx_word' id='word_1_434' title='bbox 1838 5723 1934 5763; x_wconf 91' lang='lat' dir='ltr'><strong>nos</strong></span> <span class='ocrx_word' id='word_1_435' title='bbox 1965 5708 2168 5763; x_wconf 81' lang='lat' dir='ltr'><strong>faciens</strong></span> 
     </span>
    </p>
   </div>
   <div class='ocr_carea' id='block_1_60' title="bbox 592 5796 2165 5871">
    <p class='ocr_par' dir='ltr' id='par_1_60' title="bbox 592 5796 2165 5871">
     <span class='ocr_line' id='line_1_60' title="bbox 592 5796 2165 5871; baseline 0.004 -20"><span class='ocrx_word' id='word_1_436' title='bbox 592 5796 871 5855; x_wconf 86' lang='lat' dir='ltr'><strong>miseriam</strong></span> <span class='ocrx_word' id='word_1_437' title='bbox 897 5805 1096 5871; x_wconf 81' lang='lat' dir='ltr'><strong>nostrae</strong></span> <span class='ocrx_word' id='word_1_438' title='bbox 1122 5796 1432 5856; x_wconf 82' lang='lat' dir='ltr'><strong>voluntatis.</strong></span> <span class='ocrx_word' id='word_1_439' title='bbox 1476 5809 1587 5857; x_wconf 86' lang='lat' dir='ltr'><strong>aut.</strong></span> <span class='ocrx_word' id='word_1_440' title='bbox 1638 5800 1743 5857; x_wconf 89' lang='lat' dir='ltr'><strong>Deo</strong></span> <span class='ocrx_word' id='word_1_441' title='bbox 1789 5801 1906 5857; x_wconf 89' lang='lat' dir='ltr'><strong>ioso</strong></span> <span class='ocrx_word' id='word_1_442' title='bbox 1951 5802 2165 5857; x_wconf 86' lang='lat' dir='ltr'><strong>disoen-</strong></span> 
     </span>
    </p>
   </div>
   <div class='ocr_carea' id='block_1_61' title="bbox 2249 560 3834 633">
    <p class='ocr_par' dir='ltr' id='par_1_61' title="bbox 2249 560 3834 633">
     <span class='ocr_line' id='line_1_61' title="bbox 2249 560 3834 633; baseline 0.007 -21"><span class='ocrx_word' id='word_1_443' title='bbox 2249 574 2462 614; x_wconf 90' lang='lat' dir='ltr'><strong>monem</strong></span> <span class='ocrx_word' id='word_1_444' title='bbox 2506 560 2903 616; x_wconf 86' lang='lat' dir='ltr'><strong>exhortationis</strong></span> <span class='ocrx_word' id='word_1_445' title='bbox 2943 562 3009 616; x_wconf 89' lang='lat' dir='ltr'><strong>ad</strong></span> <span class='ocrx_word' id='word_1_446' title='bbox 3049 561 3183 617; x_wconf 90' lang='lat' dir='ltr'><strong>alios</strong></span> <span class='ocrx_word' id='word_1_447' title='bbox 3229 561 3409 618; x_wconf 87' lang='lat' dir='ltr'><strong>facere</strong></span> <span class='ocrx_word' id='word_1_448' title='bbox 3452 565 3718 633; x_wconf 86' lang='lat' dir='ltr'><strong>cogimur,</strong></span> <span class='ocrx_word' id='word_1_449' title='bbox 3768 582 3834 623; x_wconf 85' lang='lat' dir='ltr'><strong>ac</strong></span> 
     </span>
    </p>
   </div>
   <div class='ocr_carea' id='block_1_62' title="bbox 2248 651 3830 726">
    <p class='ocr_par' dir='ltr' id='par_1_62' title="bbox 2248 651 3830 726">
     <span class='ocr_line' id='line_1_62' title="bbox 2248 651 3830 726; baseline 0.006 -20"><span class='ocrx_word' id='word_1_450' title='bbox 2248 666 2345 720; x_wconf 86' lang='lat' dir='ltr'><strong>per</strong></span> <span class='ocrx_word' id='word_1_451' title='bbox 2382 652 2497 706; x_wconf 63' lang='lat' dir='ltr'><strong>haec</strong></span> <span class='ocrx_word' id='word_1_452' title='bbox 2534 651 2601 705; x_wconf 90' lang='lat' dir='ltr'><strong>ad</strong></span> <span class='ocrx_word' id='word_1_453' title='bbox 2644 654 3010 723; x_wconf 88' lang='lat' dir='ltr'><strong>nosmetipsos</strong></span> <span class='ocrx_word' id='word_1_454' title='bbox 3054 655 3314 711; x_wconf 90' lang='lat' dir='ltr'><strong>videndos</strong></span> <span class='ocrx_word' id='word_1_455' title='bbox 3359 658 3449 726; x_wconf 90' lang='lat' dir='ltr'><strong>qui</strong></span> <span class='ocrx_word' id='word_1_456' title='bbox 3503 659 3692 723; x_wconf 90' lang='lat' dir='ltr'><strong>simus,</strong></span> <span class='ocrx_word' id='word_1_457' title='bbox 3740 661 3830 715; x_wconf 89' lang='lat' dir='ltr'><strong>ubi</strong></span> 
     </span>
    </p>
   </div>
   <div class='ocr_carea' id='block_1_63' title="bbox 2243 745 3834 821">
    <p class='ocr_par' dir='ltr' id='par_1_63' title="bbox 2243 745 3834 821">
     <span class='ocr_line' id='line_1_63' title="bbox 2243 745 3834 821; baseline 0.006 -24"><span class='ocrx_word' id='word_1_458' title='bbox 2243 745 2539 815; x_wconf 77' lang='lat' dir='ltr'><strong>iaceamus,</strong></span> <span class='ocrx_word' id='word_1_459' title='bbox 2569 746 2797 802; x_wconf 82' lang='lat' dir='ltr'><strong>reducti</strong></span> <span class='ocrx_word' id='word_1_460' title='bbox 2818 748 3255 815; x_wconf 86' lang='lat' dir='ltr'><strong>ingemiscimus;</strong></span> <span class='ocrx_word' id='word_1_461' title='bbox 3281 764 3373 805; x_wconf 87' lang='lat' dir='ltr'><strong>seu</strong></span> <span class='ocrx_word' id='word_1_462' title='bbox 3411 758 3558 806; x_wconf 89' lang='lat' dir='ltr'><strong>certe</strong></span> <span class='ocrx_word' id='word_1_463' title='bbox 3587 767 3709 806; x_wconf 92' lang='lat' dir='ltr'><strong>eum</strong></span> <span class='ocrx_word' id='word_1_464' title='bbox 3737 767 3834 821; x_wconf 80' lang='lat' dir='ltr'><strong>per</strong></span> 
     </span>
    </p>
   </div>
   <div class='ocr_carea' id='block_1_64' title="bbox 2246 832 3833 909">
    <p class='ocr_par' dir='ltr' id='par_1_64' title="bbox 2246 832 3833 909">
     <span class='ocr_line' id='line_1_64' title="bbox 2246 832 3833 909; baseline 0.006 -22"><span class='ocrx_word' id='word_1_465' title='bbox 2246 832 2468 888; x_wconf 91' lang='lat' dir='ltr'><strong>alterius</strong></span> <span class='ocrx_word' id='word_1_466' title='bbox 2504 851 2810 892; x_wconf 83' lang='lat' dir='ltr'><strong>sermonem</strong></span> <span class='ocrx_word' id='word_1_467' title='bbox 2860 837 3109 894; x_wconf 81' lang='lat' dir='ltr'><strong>facientis</strong></span> <span class='ocrx_word' id='word_1_468' title='bbox 3157 839 3340 894; x_wconf 84' lang='lat' dir='ltr'><strong>vivum</strong></span> <span class='ocrx_word' id='word_1_469' title='bbox 3388 839 3683 909; x_wconf 90' lang='lat' dir='ltr'><strong>eloquium,</strong></span> <span class='ocrx_word' id='word_1_470' title='bbox 3717 842 3833 897; x_wconf 76' lang='lat' dir='ltr'><strong>sive</strong></span> 
     </span>
    </p>
   </div>
   <div class='ocr_carea' id='block_1_65' title="bbox 2245 926 3832 1001">
    <p class='ocr_par' dir='ltr' id='par_1_65' title="bbox 2245 926 3832 1001">
     <span class='ocr_line' id='line_1_65' title="bbox 2245 926 3832 1001; baseline 0.006 -21"><span class='ocrx_word' id='word_1_471' title='bbox 2245 940 2343 994; x_wconf 89' lang='lat' dir='ltr'><strong>per</strong></span> <span class='ocrx_word' id='word_1_472' title='bbox 2372 926 2566 981; x_wconf 63' lang='lat' dir='ltr'><strong>divinae</strong></span> <span class='ocrx_word' id='word_1_473' title='bbox 2593 928 2802 999; x_wconf 59' lang='lat' dir='ltr'><strong>pagina:</strong></span> <span class='ocrx_word' id='word_1_474' title='bbox 2831 928 3115 985; x_wconf 88' lang='lat' dir='ltr'><strong>lectionem</strong></span> <span class='ocrx_word' id='word_1_475' title='bbox 3139 946 3170 986; x_wconf 89' lang='lat' dir='ltr'><strong>a</strong></span> <span class='ocrx_word' id='word_1_476' title='bbox 3199 931 3458 1001; x_wconf 78' lang='lat' dir='ltr'><strong>languore</strong></span> <span class='ocrx_word' id='word_1_477' title='bbox 3486 931 3653 987; x_wconf 89' lang='lat' dir='ltr'><strong>animi</strong></span> <span class='ocrx_word' id='word_1_478' title='bbox 3681 935 3832 989; x_wconf 81' lang='lat' dir='ltr'><strong>exci—</strong></span> 
     </span>
    </p>
   </div>
   <div class='ocr_carea' id='block_1_66' title="bbox 2246 1018 3837 1092">
    <p class='ocr_par' dir='ltr' id='par_1_66' title="bbox 2246 1018 3837 1092">
     <span class='ocr_line' id='line_1_66' title="bbox 2246 1018 3837 1092; baseline 0.006 -22"><span class='ocrx_word' id='word_1_479' title='bbox 2246 1025 2443 1083; x_wconf 84' lang='lat' dir='ltr'><strong>tamur,</strong></span> <span class='ocrx_word' id='word_1_480' title='bbox 2482 1033 2576 1074; x_wconf 89' lang='lat' dir='ltr'><strong>seu</strong></span> <span class='ocrx_word' id='word_1_481' title='bbox 2610 1018 3022 1092; x_wconf 89' lang='lat' dir='ltr'><strong>quibuscunque</strong></span> <span class='ocrx_word' id='word_1_482' title='bbox 3060 1022 3180 1078; x_wconf 89' lang='lat' dir='ltr'><strong>aliis</strong></span> <span class='ocrx_word' id='word_1_483' title='bbox 3217 1023 3394 1079; x_wconf 90' lang='lat' dir='ltr'><strong>modis</strong></span> <span class='ocrx_word' id='word_1_484' title='bbox 3425 1023 3837 1080; x_wconf 83' lang='lat' dir='ltr'><strong>innumerabili-</strong></span> 
     </span>
    </p>
   </div>
   <div class='ocr_carea' id='block_1_67' title="bbox 2244 1106 3834 1186">
    <p class='ocr_par' dir='ltr' id='par_1_67' title="bbox 2244 1106 3834 1186">
     <span class='ocr_line' id='line_1_67' title="bbox 2244 1106 3834 1186; baseline 0.008 -26"><span class='ocrx_word' id='word_1_485' title='bbox 2244 1106 2345 1163; x_wconf 91' lang='lat' dir='ltr'><strong>bus</strong></span> <span class='ocrx_word' id='word_1_486' title='bbox 2373 1117 2432 1169; x_wconf 64' lang='lat' dir='ltr'><strong>,ct</strong></span> <span class='ocrx_word' id='word_1_487' title='bbox 2468 1110 2691 1166; x_wconf 87' lang='lat' dir='ltr'><strong>omnino</strong></span> <span class='ocrx_word' id='word_1_488' title='bbox 2726 1111 3013 1183; x_wconf 86' lang='lat' dir='ltr'><strong>insperatis</strong></span> <span class='ocrx_word' id='word_1_489' title='bbox 3061 1114 3128 1169; x_wconf 88' lang='lat' dir='ltr'><strong>ad</strong></span> <span class='ocrx_word' id='word_1_490' title='bbox 3177 1115 3315 1171; x_wconf 89' lang='lat' dir='ltr'><strong>bene</strong></span> <span class='ocrx_word' id='word_1_491' title='bbox 3359 1116 3630 1186; x_wconf 85' lang='lat' dir='ltr'><strong>agendum</strong></span> <span class='ocrx_word' id='word_1_492' title='bbox 3673 1131 3834 1174; x_wconf 82' lang='lat' dir='ltr'><strong>revo-</strong></span> 
     </span>
    </p>
   </div>
   <div class='ocr_carea' id='block_1_68' title="bbox 2210 1213 2452 1257">
    <p class='ocr_par' dir='ltr' id='par_1_68' title="bbox 2210 1213 2452 1257">
     <span class='ocr_line' id='line_1_68' title="bbox 2210 1213 2452 1257; baseline 0.008 -6"><span class='ocrx_word' id='word_1_493' title='bbox 2210 1254 2215 1257; x_wconf 23' lang='grc' dir='ltr'><strong>ν</strong></span> <span class='ocrx_word' id='word_1_494' title='bbox 2245 1213 2452 1253; x_wconf 61' lang='grc' dir='ltr'>ειιιιιιιικ</span> 
     </span>
    </p>
   </div>
   <div class='ocr_carea' id='block_1_69' title="bbox 2314 1291 3827 1369">
    <p class='ocr_par' dir='ltr' id='par_1_69' title="bbox 2314 1291 3827 1369">
     <span class='ocr_line' id='line_1_69' title="bbox 2314 1291 3827 1369; baseline 0.005 -24"><span class='ocrx_word' id='word_1_495' title='bbox 2314 1291 2689 1348; x_wconf 80' lang='lat' dir='ltr'><strong>Conﬁtendum</strong></span> <span class='ocrx_word' id='word_1_496' title='bbox 2724 1295 2883 1365; x_wconf 90' lang='lat' dir='ltr'><strong>igitur</strong></span> <span class='ocrx_word' id='word_1_497' title='bbox 2928 1304 3011 1351; x_wconf 86' lang='lat' dir='ltr'><strong>est</strong></span> <span class='ocrx_word' id='word_1_498' title='bbox 3041 1296 3293 1361; x_wconf 87' lang='lat' dir='ltr'><strong>Domino,</strong></span> <span class='ocrx_word' id='word_1_499' title='bbox 3335 1297 3419 1353; x_wconf 88' lang='lat' dir='ltr'><strong>bis</strong></span> <span class='ocrx_word' id='word_1_500' title='bbox 3465 1298 3699 1353; x_wconf 71' lang='lat' dir='ltr'><strong>maxime</strong></span> <span class='ocrx_word' id='word_1_501' title='bbox 3733 1300 3827 1369; x_wconf 91' lang='lat' dir='ltr'><strong>qui</strong></span> 
     </span>
    </p>
   </div>
   <div class='ocr_carea' id='block_1_70' title="bbox 2244 1384 3834 1458">
    <p class='ocr_par' dir='ltr' id='par_1_70' title="bbox 2244 1384 3834 1458">
     <span class='ocr_line' id='line_1_70' title="bbox 2244 1384 3834 1458; baseline 0.004 -21"><span class='ocrx_word' id='word_1_502' title='bbox 2244 1384 2576 1439; x_wconf 89' lang='lat' dir='ltr'><strong>descendunt</strong></span> <span class='ocrx_word' id='word_1_503' title='bbox 2600 1402 2767 1452; x_wconf 88' lang='lat' dir='ltr'><strong>mare,</strong></span> <span class='ocrx_word' id='word_1_504' title='bbox 2785 1386 2835 1441; x_wconf 84' lang='lat' dir='ltr'><strong>id</strong></span> <span class='ocrx_word' id='word_1_505' title='bbox 2855 1396 2938 1441; x_wconf 91' lang='lat' dir='ltr'><strong>est</strong></span> <span class='ocrx_word' id='word_1_506' title='bbox 2954 1388 3309 1443; x_wconf 88' lang='lat' dir='ltr'><strong>humiliantur</strong></span> <span class='ocrx_word' id='word_1_507' title='bbox 3330 1396 3834 1458; x_wconf 83' lang='lat' dir='ltr'><strong>tempestatctenta-</strong></span> 
     </span>
    </p>
   </div>
   <div class='ocr_carea' id='block_1_71' title="bbox 2247 1476 3836 1545">
    <p class='ocr_par' dir='ltr' id='par_1_71' title="bbox 2247 1476 3836 1545">
     <span class='ocr_line' id='line_1_71' title="bbox 2247 1476 3836 1545; baseline 0.004 -17"><span class='ocrx_word' id='word_1_508' title='bbox 2247 1476 2427 1541; x_wconf 88' lang='lat' dir='ltr'><strong>tionis,</strong></span> <span class='ocrx_word' id='word_1_509' title='bbox 2458 1476 2550 1532; x_wconf 91' lang='lat' dir='ltr'><strong>sed</strong></span> <span class='ocrx_word' id='word_1_510' title='bbox 2581 1487 2756 1532; x_wconf 90' lang='lat' dir='ltr'><strong>tamen</strong></span> <span class='ocrx_word' id='word_1_511' title='bbox 2799 1488 2918 1533; x_wconf 91' lang='lat' dir='ltr'><strong>sunt</strong></span> <span class='ocrx_word' id='word_1_512' title='bbox 2971 1480 3022 1533; x_wconf 92' lang='lat' dir='ltr'><strong>in</strong></span> <span class='ocrx_word' id='word_1_513' title='bbox 3070 1479 3323 1545; x_wconf 87' lang='lat' dir='ltr'><strong>navibus,</strong></span> <span class='ocrx_word' id='word_1_514' title='bbox 3367 1480 3471 1536; x_wconf 86' lang='lat' dir='ltr'><strong>hoc</strong></span> <span class='ocrx_word' id='word_1_515' title='bbox 3495 1489 3577 1534; x_wconf 90' lang='lat' dir='ltr'><strong>est</strong></span> <span class='ocrx_word' id='word_1_516' title='bbox 3606 1479 3661 1534; x_wconf 87' lang='lat' dir='ltr'><strong>in</strong></span> <span class='ocrx_word' id='word_1_517' title='bbox 3693 1479 3836 1534; x_wconf 89' lang='lat' dir='ltr'><strong>dire-</strong></span> 
     </span>
    </p>
   </div>
   <div class='ocr_carea' id='block_1_72' title="bbox 2245 1567 3829 1639">
    <p class='ocr_par' dir='ltr' id='par_1_72' title="bbox 2245 1567 3829 1639">
     <span class='ocr_line' id='line_1_72' title="bbox 2245 1567 3829 1639; baseline 0.002 -19"><span class='ocrx_word' id='word_1_518' title='bbox 2245 1567 2421 1623; x_wconf 88' lang='lat' dir='ltr'><strong>ctione</strong></span> <span class='ocrx_word' id='word_1_519' title='bbox 2447 1568 2901 1637; x_wconf 73' lang='lat' dir='ltr'><strong>piaeintentionis,</strong></span> <span class='ocrx_word' id='word_1_520' title='bbox 2925 1571 3070 1639; x_wconf 88' lang='lat' dir='ltr'><strong>quia,</strong></span> <span class='ocrx_word' id='word_1_521' title='bbox 3096 1571 3197 1626; x_wconf 87' lang='lat' dir='ltr'><strong>etsi</strong></span> <span class='ocrx_word' id='word_1_522' title='bbox 3221 1570 3699 1636; x_wconf 84' lang='lat' dir='ltr'><strong>ﬂuctuant,tamen</strong></span> <span class='ocrx_word' id='word_1_523' title='bbox 3721 1586 3829 1625; x_wconf 89' lang='lat' dir='ltr'><strong>non</strong></span> 
     </span>
    </p>
   </div>
   <div class='ocr_carea' id='block_1_73' title="bbox 2246 1658 3838 1728">
    <p class='ocr_par' dir='ltr' id='par_1_73' title="bbox 2246 1658 3838 1728">
     <span class='ocr_line' id='line_1_73' title="bbox 2246 1658 3838 1728; baseline 0.002 -19"><span class='ocrx_word' id='word_1_524' title='bbox 2246 1666 2582 1727; x_wconf 83' lang='lat' dir='ltr'><strong>merguntur,</strong></span> <span class='ocrx_word' id='word_1_525' title='bbox 2640 1659 2889 1727; x_wconf 72' lang='lat' dir='ltr'><strong>facientes</strong></span> <span class='ocrx_word' id='word_1_526' title='bbox 2941 1661 3294 1728; x_wconf 81' lang='lat' dir='ltr'><strong>Operationem</strong></span> <span class='ocrx_word' id='word_1_527' title='bbox 3346 1661 3401 1713; x_wconf 79' lang='lat' dir='ltr'><strong>in</strong></span> <span class='ocrx_word' id='word_1_528' title='bbox 3452 1660 3605 1728; x_wconf 76' lang='lat' dir='ltr'><strong>aquis</strong></span> <span class='ocrx_word' id='word_1_529' title='bbox 3657 1658 3838 1712; x_wconf 74' lang='lat' dir='ltr'><strong>multis</strong></span> 
     </span>
    </p>
   </div>
   <div class='ocr_carea' id='block_1_74' title="bbox 2247 1742 3838 1818">
    <p class='ocr_par' dir='ltr' id='par_1_74' title="bbox 2247 1742 3838 1818">
     <span class='ocr_line' id='line_1_74' title="bbox 2247 1742 3838 1818; baseline 0.004 -22"><span class='ocrx_word' id='word_1_530' title='bbox 2247 1742 2421 1811; x_wconf 75' lang='grc' dir='ltr'><strong>(Ρσαι.</strong></span> <span class='ocrx_word' id='word_1_531' title='bbox 2465 1761 2573 1813; x_wconf 79' lang='lat' dir='ltr'><strong>cvi,</strong></span> <span class='ocrx_word' id='word_1_532' title='bbox 2602 1746 2717 1818; x_wconf 76' lang='lat'><strong>25),</strong></span> <span class='ocrx_word' id='word_1_533' title='bbox 2749 1748 2801 1803; x_wconf 93' lang='lat' dir='ltr'><strong>id</strong></span> <span class='ocrx_word' id='word_1_534' title='bbox 2838 1756 2922 1803; x_wconf 91' lang='lat' dir='ltr'><strong>est</strong></span> <span class='ocrx_word' id='word_1_535' title='bbox 2967 1750 3112 1804; x_wconf 91' lang='lat' dir='ltr'><strong>inter</strong></span> <span class='ocrx_word' id='word_1_536' title='bbox 3158 1748 3464 1803; x_wconf 90' lang='lat' dir='ltr'><strong>collisiones</strong></span> <span class='ocrx_word' id='word_1_537' title='bbox 3502 1758 3665 1818; x_wconf 90' lang='lat' dir='ltr'><strong>atque</strong></span> <span class='ocrx_word' id='word_1_538' title='bbox 3704 1764 3838 1804; x_wconf 83' lang='lat' dir='ltr'><strong>con—</strong></span> 
     </span>
    </p>
   </div>
   <div class='ocr_carea' id='block_1_75' title="bbox 2247 1838 3843 1909">
    <p class='ocr_par' dir='ltr' id='par_1_75' title="bbox 2247 1838 3843 1909">
     <span class='ocr_line' id='line_1_75' title="bbox 2247 1838 3843 1909; baseline 0.004 -22"><span class='ocrx_word' id='word_1_539' title='bbox 2247 1851 2440 1891; x_wconf 87' lang='lat' dir='ltr'><strong>cursus</strong></span> <span class='ocrx_word' id='word_1_540' title='bbox 2472 1854 2609 1907; x_wconf 89' lang='lat' dir='ltr'><strong>quos</strong></span> <span class='ocrx_word' id='word_1_541' title='bbox 2646 1839 2888 1894; x_wconf 89' lang='lat' dir='ltr'><strong>carnales</strong></span> <span class='ocrx_word' id='word_1_542' title='bbox 2934 1855 2996 1894; x_wconf 91' lang='lat' dir='ltr'><strong>ac</strong></span> <span class='ocrx_word' id='word_1_543' title='bbox 3033 1838 3344 1909; x_wconf 87' lang='lat' dir='ltr'><strong>spirituaies</strong></span> <span class='ocrx_word' id='word_1_544' title='bbox 3377 1840 3612 1909; x_wconf 89' lang='lat' dir='ltr'><strong>impetus</strong></span> <span class='ocrx_word' id='word_1_545' title='bbox 3648 1841 3843 1894; x_wconf 89' lang='lat' dir='ltr'><strong>adver-</strong></span> 
     </span>
    </p>
   </div>
   <div class='ocr_carea' id='block_1_76' title="bbox 2246 1927 3838 1997">
    <p class='ocr_par' dir='ltr' id='par_1_76' title="bbox 2246 1927 3838 1997">
     <span class='ocr_line' id='line_1_76' title="bbox 2246 1927 3838 1997; baseline 0.001 -16"><span class='ocrx_word' id='word_1_546' title='bbox 2246 1943 2363 1981; x_wconf 88' lang='lat' dir='ltr'><strong>sum</strong></span> <span class='ocrx_word' id='word_1_547' title='bbox 2396 1941 2453 1982; x_wconf 90' lang='lat' dir='ltr'><strong>se</strong></span> <span class='ocrx_word' id='word_1_548' title='bbox 2488 1929 2789 1984; x_wconf 88' lang='lat' dir='ltr'><strong>acerrimos</strong></span> <span class='ocrx_word' id='word_1_549' title='bbox 2821 1927 3055 1993; x_wconf 86' lang='lat' dir='ltr'><strong>faciunt,</strong></span> <span class='ocrx_word' id='word_1_550' title='bbox 3104 1928 3157 1982; x_wconf 88' lang='lat' dir='ltr'><strong>in</strong></span> <span class='ocrx_word' id='word_1_551' title='bbox 3200 1930 3304 1983; x_wconf 84' lang='lat' dir='ltr'><strong>hoc</strong></span> <span class='ocrx_word' id='word_1_552' title='bbox 3347 1929 3500 1983; x_wconf 76' lang='lat' dir='ltr'><strong>bonze</strong></span> <span class='ocrx_word' id='word_1_553' title='bbox 3539 1930 3838 1997; x_wconf 85' lang='lat' dir='ltr'><strong>operationi</strong></span> 
     </span>
    </p>
   </div>
   <div class='ocr_carea' id='block_1_77' title="bbox 2244 2017 3842 2087">
    <p class='ocr_par' dir='ltr' id='par_1_77' title="bbox 2244 2017 3842 2087">
     <span class='ocr_line' id='line_1_77' title="bbox 2244 2017 3842 2087; baseline 0.001 -18"><span class='ocrx_word' id='word_1_554' title='bbox 2244 2018 2308 2087; x_wconf 70' lang='grc' dir='ltr'><strong>θ</strong></span> <span class='ocrx_word' id='word_1_555' title='bbox 2343 2017 2663 2083; x_wconf 79' lang='lat' dir='ltr'><strong>inserviunt,</strong></span> <span class='ocrx_word' id='word_1_556' title='bbox 2690 2020 2833 2087; x_wconf 90' lang='lat' dir='ltr'><strong>quod</strong></span> <span class='ocrx_word' id='word_1_557' title='bbox 2872 2034 2970 2073; x_wconf 90' lang='lat' dir='ltr'><strong>nec</strong></span> <span class='ocrx_word' id='word_1_558' title='bbox 3013 2018 3251 2073; x_wconf 88' lang='lat' dir='ltr'><strong>studium</strong></span> <span class='ocrx_word' id='word_1_559' title='bbox 3299 2019 3636 2087; x_wconf 80' lang='lat' dir='ltr'><strong>repugnandi</strong></span> <span class='ocrx_word' id='word_1_560' title='bbox 3684 2018 3842 2072; x_wconf 90' lang='lat' dir='ltr'><strong>dese-</strong></span> 
     </span>
    </p>
   </div>
   <div class='ocr_carea' id='block_1_78' title="bbox 2249 2108 3830 2179">
    <p class='ocr_par' dir='ltr' id='par_1_78' title="bbox 2249 2108 3830 2179">
     <span class='ocr_line' id='line_1_78' title="bbox 2249 2108 3830 2179; baseline 0 -18"><span class='ocrx_word' id='word_1_561' title='bbox 2249 2117 2396 2171; x_wconf 89' lang='lat' dir='ltr'><strong>runt,</strong></span> <span class='ocrx_word' id='word_1_562' title='bbox 2425 2123 2523 2162; x_wconf 85' lang='lat' dir='ltr'><strong>nec</strong></span> <span class='ocrx_word' id='word_1_563' title='bbox 2556 2108 2712 2163; x_wconf 89' lang='lat' dir='ltr'><strong>malis</strong></span> <span class='ocrx_word' id='word_1_564' title='bbox 2742 2109 2986 2179; x_wconf 85' lang='lat' dir='ltr'><strong>oppressi</strong></span> <span class='ocrx_word' id='word_1_565' title='bbox 3025 2109 3234 2163; x_wconf 88' lang='lat' dir='ltr'><strong>foveam</strong></span> <span class='ocrx_word' id='word_1_566' title='bbox 3273 2109 3665 2179; x_wconf 87' lang='lat' dir='ltr'><strong>desperationis</strong></span> <span class='ocrx_word' id='word_1_567' title='bbox 3704 2109 3830 2163; x_wconf 82' lang='lat' dir='ltr'><strong>inci-</strong></span> 
     </span>
    </p>
   </div>
   <div class='ocr_carea' id='block_1_79' title="bbox 2249 2196 3841 2269">
    <p class='ocr_par' dir='ltr' id='par_1_79' title="bbox 2249 2196 3841 2269">
     <span class='ocr_line' id='line_1_79' title="bbox 2249 2196 3841 2269; baseline 0.003 -20"><span class='ocrx_word' id='word_1_568' title='bbox 2249 2196 2405 2260; x_wconf 94' lang='lat' dir='ltr'><strong>dunt,</strong></span> <span class='ocrx_word' id='word_1_569' title='bbox 2433 2197 2527 2251; x_wconf 89' lang='lat' dir='ltr'><strong>sed</strong></span> <span class='ocrx_word' id='word_1_570' title='bbox 2555 2197 2783 2253; x_wconf 89' lang='lat' dir='ltr'><strong>rationis</strong></span> <span class='ocrx_word' id='word_1_571' title='bbox 2828 2198 3024 2253; x_wconf 89' lang='lat' dir='ltr'><strong>intuitu</strong></span> <span class='ocrx_word' id='word_1_572' title='bbox 3077 2199 3129 2253; x_wconf 90' lang='lat' dir='ltr'><strong>in</strong></span> <span class='ocrx_word' id='word_1_573' title='bbox 3179 2199 3369 2264; x_wconf 91' lang='lat' dir='ltr'><strong>Deum,</strong></span> <span class='ocrx_word' id='word_1_574' title='bbox 3396 2199 3485 2269; x_wconf 92' lang='lat' dir='ltr'><strong>qui</strong></span> <span class='ocrx_word' id='word_1_575' title='bbox 3525 2209 3716 2269; x_wconf 85' lang='lat' dir='ltr'><strong>potens</strong></span> <span class='ocrx_word' id='word_1_576' title='bbox 3754 2208 3841 2255; x_wconf 88' lang='lat' dir='ltr'><strong>est</strong></span> 
     </span>
    </p>
   </div>
   <div class='ocr_carea' id='block_1_80' title="bbox 2249 2289 3842 2362">
    <p class='ocr_par' dir='ltr' id='par_1_80' title="bbox 2249 2289 3842 2362">
     <span class='ocr_line' id='line_1_80' title="bbox 2249 2289 3842 2362; baseline 0.003 -20"><span class='ocrx_word' id='word_1_577' title='bbox 2249 2303 2460 2354; x_wconf 87' lang='lat' dir='ltr'><strong>eruere,</strong></span> <span class='ocrx_word' id='word_1_578' title='bbox 2492 2304 2609 2347; x_wconf 87' lang='lat' dir='ltr'><strong>sese</strong></span> <span class='ocrx_word' id='word_1_579' title='bbox 2638 2289 2926 2360; x_wconf 85' lang='lat' dir='ltr'><strong>projiciunt</strong></span> <span class='ocrx_word' id='word_1_580' title='bbox 2952 2309 2967 2347; x_wconf 84' lang='lat'><strong>:</strong></span> <span class='ocrx_word' id='word_1_581' title='bbox 3006 2292 3092 2348; x_wconf 85' lang='lat' dir='ltr'><strong>isti</strong></span> <span class='ocrx_word' id='word_1_582' title='bbox 3118 2309 3273 2362; x_wconf 86' lang='lat' dir='ltr'><strong>opera</strong></span> <span class='ocrx_word' id='word_1_583' title='bbox 3304 2292 3515 2347; x_wconf 82' lang='lat' dir='ltr'><strong>Domini</strong></span> <span class='ocrx_word' id='word_1_584' title='bbox 3546 2304 3591 2347; x_wconf 81' lang='lat' dir='ltr'><strong>ct</strong></span> <span class='ocrx_word' id='word_1_585' title='bbox 3619 2294 3811 2349; x_wconf 77' lang='lat' dir='ltr'><strong>mirati</strong></span> <span class='ocrx_word' id='word_1_586' title='bbox 3824 2323 3842 2335; x_wconf 86' lang='lat'><strong>-</strong></span> 
     </span>
    </p>
   </div>
   <div class='ocr_carea' id='block_1_81' title="bbox 2250 2380 3835 2453">
    <p class='ocr_par' dir='ltr' id='par_1_81' title="bbox 2250 2380 3835 2453">
     <span class='ocr_line' id='line_1_81' title="bbox 2250 2380 3835 2453; baseline 0.003 -20"><span class='ocrx_word' id='word_1_587' title='bbox 2250 2380 2319 2433; x_wconf 82' lang='lat' dir='ltr'><strong>lia</strong></span> <span class='ocrx_word' id='word_1_588' title='bbox 2345 2381 2458 2449; x_wconf 75' lang='lat' dir='ltr'><strong>ejus</strong></span> <span class='ocrx_word' id='word_1_589' title='bbox 2487 2383 2539 2435; x_wconf 84' lang='lat' dir='ltr'><strong>in</strong></span> <span class='ocrx_word' id='word_1_590' title='bbox 2565 2382 2829 2451; x_wconf 77' lang='lat' dir='ltr'><strong>profundo</strong></span> <span class='ocrx_word' id='word_1_591' title='bbox 2861 2382 3022 2448; x_wconf 86' lang='lat' dir='ltr'><strong>(Ibid.</strong></span> <span class='ocrx_word' id='word_1_592' title='bbox 3050 2398 3099 2446; x_wconf 89' lang='lat' dir='ltr'><strong>v,</strong></span> <span class='ocrx_word' id='word_1_593' title='bbox 3130 2383 3241 2453; x_wconf 69' lang='lat'><strong>24),</strong></span> <span class='ocrx_word' id='word_1_594' title='bbox 3274 2384 3324 2438; x_wconf 91' lang='lat' dir='ltr'><strong>id</strong></span> <span class='ocrx_word' id='word_1_595' title='bbox 3349 2394 3431 2438; x_wconf 89' lang='lat' dir='ltr'><strong>est</strong></span> <span class='ocrx_word' id='word_1_596' title='bbox 3453 2384 3504 2437; x_wconf 87' lang='lat' dir='ltr'><strong>itt</strong></span> <span class='ocrx_word' id='word_1_597' title='bbox 3532 2383 3835 2451; x_wconf 83' lang='lat' dir='ltr'><strong>dejectione</strong></span> 
     </span>
    </p>
   </div>
   <div class='ocr_carea' id='block_1_82' title="bbox 2254 2471 3839 2542">
    <p class='ocr_par' dir='ltr' id='par_1_82' title="bbox 2254 2471 3839 2542">
     <span class='ocr_line' id='line_1_82' title="bbox 2254 2471 3839 2542; baseline 0.004 -20"><span class='ocrx_word' id='word_1_598' title='bbox 2254 2471 2441 2535; x_wconf 87' lang='lat' dir='ltr'><strong>animi,</strong></span> <span class='ocrx_word' id='word_1_599' title='bbox 2477 2472 2529 2525; x_wconf 89' lang='lat' dir='ltr'><strong>iu</strong></span> <span class='ocrx_word' id='word_1_600' title='bbox 2568 2472 2798 2528; x_wconf 85' lang='lat' dir='ltr'><strong>obscuro</strong></span> <span class='ocrx_word' id='word_1_601' title='bbox 2840 2472 3224 2539; x_wconf 88' lang='lat' dir='ltr'><strong>lluctuationis,</strong></span> <span class='ocrx_word' id='word_1_602' title='bbox 3263 2474 3316 2528; x_wconf 93' lang='lat' dir='ltr'><strong>in</strong></span> <span class='ocrx_word' id='word_1_603' title='bbox 3359 2474 3551 2528; x_wconf 91' lang='lat' dir='ltr'><strong>timore</strong></span> <span class='ocrx_word' id='word_1_604' title='bbox 3581 2474 3839 2542; x_wconf 88' lang='lat' dir='ltr'><strong>peccandi</strong></span> 
     </span>
    </p>
   </div>
   <div class='ocr_carea' id='block_1_83' title="bbox 2255 2563 3841 2637">
    <p class='ocr_par' dir='ltr' id='par_1_83' title="bbox 2255 2563 3841 2637">
     <span class='ocr_line' id='line_1_83' title="bbox 2255 2563 3841 2637; baseline 0.002 -20"><span class='ocrx_word' id='word_1_605' title='bbox 2255 2563 2514 2629; x_wconf 76' lang='lat' dir='ltr'><strong>videram,</strong></span> <span class='ocrx_word' id='word_1_606' title='bbox 2547 2565 2598 2619; x_wconf 90' lang='lat' dir='ltr'><strong>id</strong></span> <span class='ocrx_word' id='word_1_607' title='bbox 2627 2575 2709 2620; x_wconf 91' lang='lat' dir='ltr'><strong>est</strong></span> <span class='ocrx_word' id='word_1_608' title='bbox 2734 2566 2943 2635; x_wconf 74' lang='lat' dir='ltr'><strong>experti</strong></span> <span class='ocrx_word' id='word_1_609' title='bbox 2974 2576 3117 2621; x_wconf 90' lang='lat' dir='ltr'><strong>sunt.</strong></span> <span class='ocrx_word' id='word_1_610' title='bbox 3168 2566 3448 2637; x_wconf 80' lang='lat' dir='ltr'><strong>Magnifice</strong></span> <span class='ocrx_word' id='word_1_611' title='bbox 3476 2566 3619 2620; x_wconf 90' lang='lat' dir='ltr'><strong>enim</strong></span> <span class='ocrx_word' id='word_1_612' title='bbox 3656 2567 3841 2620; x_wconf 88' lang='lat' dir='ltr'><strong>tentati</strong></span> 
     </span>
    </p>
   </div>
   <div class='ocr_carea' id='block_1_84' title="bbox 2258 2656 3845 2728">
    <p class='ocr_par' dir='ltr' id='par_1_84' title="bbox 2258 2656 3845 2728">
     <span class='ocr_line' id='line_1_84' title="bbox 2258 2656 3845 2728; baseline 0.003 -21"><span class='ocrx_word' id='word_1_613' title='bbox 2258 2656 2696 2725; x_wconf 77' lang='lat' dir='ltr'><strong>magnificentius</strong></span> <span class='ocrx_word' id='word_1_614' title='bbox 2737 2666 2871 2711; x_wconf 57' lang='lat' dir='ltr'><strong>sunt.</strong></span> <span class='ocrx_word' id='word_1_615' title='bbox 2896 2657 3087 2727; x_wconf 87' lang='lat' dir='ltr'><strong>erepti,</strong></span> <span class='ocrx_word' id='word_1_616' title='bbox 3124 2656 3327 2728; x_wconf 85' lang='lat' dir='ltr'><strong>gratias</strong></span> <span class='ocrx_word' id='word_1_617' title='bbox 3374 2656 3845 2726; x_wconf 82' lang='lat' dir='ltr'><strong>magnificentissi-</strong></span> 
     </span>
    </p>
   </div>
   <div class='ocr_carea' id='block_1_85' title="bbox 2261 2739 2623 2793">
    <p class='ocr_par' dir='ltr' id='par_1_85' title="bbox 2261 2739 2623 2793">
     <span class='ocr_line' id='line_1_85' title="bbox 2261 2739 2623 2793; baseline 0.003 -1"><span class='ocrx_word' id='word_1_618' title='bbox 2261 2756 2381 2793; x_wconf 71' lang='lat' dir='ltr'><strong>mas</strong></span> <span class='ocrx_word' id='word_1_619' title='bbox 2408 2739 2623 2793; x_wconf 90' lang='lat' dir='ltr'><strong>debent.</strong></span> 
     </span>
    </p>
   </div>
   <div class='ocr_carea' id='block_1_86' title="bbox 2327 2830 3845 2902">
    <p class='ocr_par' dir='ltr' id='par_1_86' title="bbox 2327 2830 3845 2902">
     <span class='ocr_line' id='line_1_86' title="bbox 2327 2830 3845 2902; baseline 0.003 -16"><span class='ocrx_word' id='word_1_620' title='bbox 2327 2830 2461 2886; x_wconf 87' lang='lat' dir='ltr'><strong>Cum</strong></span> <span class='ocrx_word' id='word_1_621' title='bbox 2491 2845 2621 2895; x_wconf 82' lang='lat' dir='ltr'><strong>ergo</strong></span> <span class='ocrx_word' id='word_1_622' title='bbox 2646 2832 2759 2886; x_wconf 71' lang='lat' dir='ltr'><strong>haec</strong></span> <span class='ocrx_word' id='word_1_623' title='bbox 2787 2833 3078 2887; x_wconf 88' lang='lat' dir='ltr'><strong>evadentes</strong></span> <span class='ocrx_word' id='word_1_624' title='bbox 3102 2833 3335 2902; x_wconf 89' lang='lat' dir='ltr'><strong>pericula</strong></span> <span class='ocrx_word' id='word_1_625' title='bbox 3378 2847 3560 2889; x_wconf 85' lang='lat' dir='ltr'><strong>secum</strong></span> <span class='ocrx_word' id='word_1_626' title='bbox 3592 2841 3845 2902; x_wconf 85' lang='lat' dir='ltr'><strong>pensant.</strong></span> 
     </span>
    </p>
   </div>
   <div class='ocr_carea' id='block_1_87' title="bbox 2257 2926 3848 2997">
    <p class='ocr_par' dir='ltr' id='par_1_87' title="bbox 2257 2926 3848 2997">
     <span class='ocr_line' id='line_1_87' title="bbox 2257 2926 3848 2997; baseline 0 -19"><span class='ocrx_word' id='word_1_627' title='bbox 2257 2926 2384 2994; x_wconf 81' lang='lat' dir='ltr'><strong>quid</strong></span> <span class='ocrx_word' id='word_1_628' title='bbox 2435 2926 2501 2979; x_wconf 90' lang='lat' dir='ltr'><strong>de</strong></span> <span class='ocrx_word' id='word_1_629' title='bbox 2548 2926 2686 2981; x_wconf 89' lang='lat' dir='ltr'><strong>bono</strong></span> <span class='ocrx_word' id='word_1_630' title='bbox 2742 2935 2881 2981; x_wconf 86' lang='lat' dir='ltr'><strong>statu</strong></span> <span class='ocrx_word' id='word_1_631' title='bbox 2928 2927 2981 2981; x_wconf 90' lang='lat' dir='ltr'><strong>in</strong></span> <span class='ocrx_word' id='word_1_632' title='bbox 3030 2942 3137 2997; x_wconf 90' lang='lat' dir='ltr'><strong>quo</strong></span> <span class='ocrx_word' id='word_1_633' title='bbox 3181 2936 3337 2983; x_wconf 89' lang='lat' dir='ltr'><strong>erant</strong></span> <span class='ocrx_word' id='word_1_634' title='bbox 3376 2927 3564 2996; x_wconf 89' lang='lat' dir='ltr'><strong>positi;</strong></span> <span class='ocrx_word' id='word_1_635' title='bbox 3614 2935 3707 2979; x_wconf 92' lang='lat' dir='ltr'><strong>aut</strong></span> <span class='ocrx_word' id='word_1_636' title='bbox 3755 2941 3848 2993; x_wconf 86' lang='lat' dir='ltr'><strong>per</strong></span> 
     </span>
    </p>
   </div>
   <div class='ocr_carea' id='block_1_88' title="bbox 2259 3018 3844 3089">
    <p class='ocr_par' dir='ltr' id='par_1_88' title="bbox 2259 3018 3844 3089">
     <span class='ocr_line' id='line_1_88' title="bbox 2259 3018 3844 3089; baseline 0 -19"><span class='ocrx_word' id='word_1_637' title='bbox 2259 3018 2478 3073; x_wconf 80' lang='lat' dir='ltr'><strong>nimiam</strong></span> <span class='ocrx_word' id='word_1_638' title='bbox 2511 3018 2880 3083; x_wconf 85' lang='lat' dir='ltr'><strong>securitatem,</strong></span> <span class='ocrx_word' id='word_1_639' title='bbox 2916 3034 3020 3089; x_wconf 89' lang='lat' dir='ltr'><strong>qua</strong></span> <span class='ocrx_word' id='word_1_640' title='bbox 3060 3034 3118 3074; x_wconf 88' lang='lat' dir='ltr'><strong>se</strong></span> <span class='ocrx_word' id='word_1_641' title='bbox 3165 3020 3281 3074; x_wconf 89' lang='lat' dir='ltr'><strong>sine</strong></span> <span class='ocrx_word' id='word_1_642' title='bbox 3318 3034 3513 3089; x_wconf 89' lang='lat' dir='ltr'><strong>magno</strong></span> <span class='ocrx_word' id='word_1_643' title='bbox 3557 3018 3752 3072; x_wconf 86' lang='lat' dir='ltr'><strong>timore</strong></span> <span class='ocrx_word' id='word_1_644' title='bbox 3791 3026 3844 3072; x_wconf 91' lang='lat' dir='ltr'><strong>et</strong></span> 
     </span>
    </p>
   </div>
   <div class='ocr_carea' id='block_1_89' title="bbox 2260 3107 3844 3180">
    <p class='ocr_par' dir='ltr' id='par_1_89' title="bbox 2260 3107 3844 3180">
     <span class='ocr_line' id='line_1_89' title="bbox 2260 3107 3844 3180; baseline 0.001 -18"><span class='ocrx_word' id='word_1_645' title='bbox 2260 3107 2469 3165; x_wconf 86' lang='lat' dir='ltr'><strong>cautela</strong></span> <span class='ocrx_word' id='word_1_646' title='bbox 2518 3122 2677 3175; x_wconf 91' lang='lat' dir='ltr'><strong>posse</strong></span> <span class='ocrx_word' id='word_1_647' title='bbox 2728 3118 2920 3179; x_wconf 89' lang='lat' dir='ltr'><strong>putant</strong></span> <span class='ocrx_word' id='word_1_648' title='bbox 2962 3110 3226 3180; x_wconf 85' lang='lat' dir='ltr'><strong>integram</strong></span> <span class='ocrx_word' id='word_1_649' title='bbox 3276 3110 3590 3179; x_wconf 79' lang='lat' dir='ltr'><strong>religionem</strong></span> <span class='ocrx_word' id='word_1_650' title='bbox 3633 3118 3844 3173; x_wconf 88' lang='lat' dir='ltr'><strong>tenere;</strong></span> 
     </span>
    </p>
   </div>
   <div class='ocr_carea' id='block_1_90' title="bbox 2263 3200 3849 3273">
    <p class='ocr_par' dir='ltr' id='par_1_90' title="bbox 2263 3200 3849 3273">
     <span class='ocr_line' id='line_1_90' title="bbox 2263 3200 3849 3273; baseline -0.001 -18"><span class='ocrx_word' id='word_1_651' title='bbox 2263 3212 2354 3259; x_wconf 87' lang='lat' dir='ltr'><strong>aut</strong></span> <span class='ocrx_word' id='word_1_652' title='bbox 2408 3217 2504 3273; x_wconf 89' lang='lat' dir='ltr'><strong>per</strong></span> <span class='ocrx_word' id='word_1_653' title='bbox 2553 3202 2787 3271; x_wconf 89' lang='lat' dir='ltr'><strong>ineptam</strong></span> <span class='ocrx_word' id='word_1_654' title='bbox 2847 3201 3113 3267; x_wconf 70' lang='lat' dir='ltr'><strong>lzetitiam,</strong></span> <span class='ocrx_word' id='word_1_655' title='bbox 3164 3217 3268 3271; x_wconf 89' lang='lat' dir='ltr'><strong>qua</strong></span> <span class='ocrx_word' id='word_1_656' title='bbox 3323 3202 3390 3256; x_wconf 92' lang='lat' dir='ltr'><strong>de</strong></span> <span class='ocrx_word' id='word_1_657' title='bbox 3437 3202 3561 3257; x_wconf 16' lang='lat' dir='ltr'><strong>suis.</strong></span> <span class='ocrx_word' id='word_1_658' title='bbox 3600 3200 3754 3255; x_wconf 82' lang='lat' dir='ltr'><strong>bouis</strong></span> <span class='ocrx_word' id='word_1_659' title='bbox 3795 3209 3849 3254; x_wconf 91' lang='lat' dir='ltr'><strong>et</strong></span> 
     </span>
    </p>
   </div>
   <div class='ocr_carea' id='block_1_91' title="bbox 2258 3281 3849 3364">
    <p class='ocr_par' dir='ltr' id='par_1_91' title="bbox 2258 3281 3849 3364">
     <span class='ocr_line' id='line_1_91' title="bbox 2258 3281 3849 3364; baseline -0.002 -16"><span class='ocrx_word' id='word_1_660' title='bbox 2258 3281 2521 3350; x_wconf 81' lang='lat' dir='ltr'><strong>bonorum</strong></span> <span class='ocrx_word' id='word_1_661' title='bbox 2554 3294 2956 3363; x_wconf 89' lang='lat' dir='ltr'><strong>perseverantia</strong></span> <span class='ocrx_word' id='word_1_662' title='bbox 2982 3294 3101 3364; x_wconf 92' lang='lat' dir='ltr'><strong>plus</strong></span> <span class='ocrx_word' id='word_1_663' title='bbox 3123 3292 3274 3361; x_wconf 91' lang='lat' dir='ltr'><strong>justo</strong></span> <span class='ocrx_word' id='word_1_664' title='bbox 3300 3294 3592 3359; x_wconf 79' lang='lat' dir='ltr'><strong>laetantur;</strong></span> <span class='ocrx_word' id='word_1_665' title='bbox 3629 3302 3723 3347; x_wconf 87' lang='lat' dir='ltr'><strong>aut</strong></span> <span class='ocrx_word' id='word_1_666' title='bbox 3752 3307 3849 3361; x_wconf 88' lang='lat' dir='ltr'><strong>per</strong></span> 
     </span>
    </p>
   </div>
   <div class='ocr_carea' id='block_1_92' title="bbox 2260 3386 3846 3458">
    <p class='ocr_par' dir='ltr' id='par_1_92' title="bbox 2260 3386 3846 3458">
     <span class='ocr_line' id='line_1_92' title="bbox 2260 3386 3846 3458; baseline -0.003 -17"><span class='ocrx_word' id='word_1_667' title='bbox 2260 3396 2649 3457; x_wconf 90' lang='lat' dir='ltr'><strong>contemptum,</strong></span> <span class='ocrx_word' id='word_1_668' title='bbox 2679 3402 2787 3457; x_wconf 90' lang='lat' dir='ltr'><strong>quo</strong></span> <span class='ocrx_word' id='word_1_669' title='bbox 2813 3387 2932 3442; x_wconf 90' lang='lat' dir='ltr'><strong>aliis</strong></span> <span class='ocrx_word' id='word_1_670' title='bbox 2971 3388 3125 3457; x_wconf 89' lang='lat' dir='ltr'><strong>quasi</strong></span> <span class='ocrx_word' id='word_1_671' title='bbox 3163 3386 3303 3442; x_wconf 89' lang='lat' dir='ltr'><strong>infra</strong></span> <span class='ocrx_word' id='word_1_672' title='bbox 3345 3387 3595 3458; x_wconf 86' lang='lat' dir='ltr'><strong>se_longe</strong></span> <span class='ocrx_word' id='word_1_673' title='bbox 3627 3401 3724 3454; x_wconf 90' lang='lat' dir='ltr'><strong>pro</strong></span> <span class='ocrx_word' id='word_1_674' title='bbox 3750 3400 3846 3439; x_wconf 81' lang='lat' dir='ltr'><strong>sua</strong></span> 
     </span>
    </p>
   </div>
   <div class='ocr_carea' id='block_1_93' title="bbox 2263 3476 3851 3550">
    <p class='ocr_par' dir='ltr' id='par_1_93' title="bbox 2263 3476 3851 3550">
     <span class='ocr_line' id='line_1_93' title="bbox 2263 3476 3851 3550; baseline -0.001 -18"><span class='ocrx_word' id='word_1_675' title='bbox 2263 3476 2473 3547; x_wconf 79' lang='lat' dir='ltr'><strong>torpida</strong></span> <span class='ocrx_word' id='word_1_676' title='bbox 2505 3478 2614 3533; x_wconf 84' lang='lat' dir='ltr'><strong>vita</strong></span> <span class='ocrx_word' id='word_1_677' title='bbox 2645 3477 2954 3547; x_wconf 75' lang='lat' dir='ltr'><strong>iacentibus</strong></span> <span class='ocrx_word' id='word_1_678' title='bbox 2994 3479 3373 3550; x_wconf 89' lang='lat' dir='ltr'><strong>indignantur;</strong></span> <span class='ocrx_word' id='word_1_679' title='bbox 3405 3487 3493 3532; x_wconf 88' lang='lat' dir='ltr'><strong>aut</strong></span> <span class='ocrx_word' id='word_1_680' title='bbox 3526 3479 3577 3531; x_wconf 91' lang='lat' dir='ltr'><strong>in</strong></span> <span class='ocrx_word' id='word_1_681' title='bbox 3604 3478 3851 3532; x_wconf 88' lang='lat' dir='ltr'><strong>tentatio-</strong></span> 
     </span>
    </p>
   </div>
   <div class='ocr_carea' id='block_1_94' title="bbox 2262 3567 3849 3639">
    <p class='ocr_par' dir='ltr' id='par_1_94' title="bbox 2262 3567 3849 3639">
     <span class='ocr_line' id='line_1_94' title="bbox 2262 3567 3849 3639; baseline 0 -19"><span class='ocrx_word' id='word_1_682' title='bbox 2262 3582 2414 3632; x_wconf 91' lang='lat' dir='ltr'><strong>nem,</strong></span> <span class='ocrx_word' id='word_1_683' title='bbox 2448 3578 2540 3622; x_wconf 90' lang='lat' dir='ltr'><strong>aut</strong></span> <span class='ocrx_word' id='word_1_684' title='bbox 2563 3568 2616 3623; x_wconf 93' lang='lat' dir='ltr'><strong>in</strong></span> <span class='ocrx_word' id='word_1_685' title='bbox 2642 3568 2907 3624; x_wconf 90' lang='lat' dir='ltr'><strong>desidiam</strong></span> <span class='ocrx_word' id='word_1_686' title='bbox 2940 3577 2994 3624; x_wconf 91' lang='lat' dir='ltr'><strong>et</strong></span> <span class='ocrx_word' id='word_1_687' title='bbox 3025 3579 3294 3639; x_wconf 88' lang='lat' dir='ltr'><strong>torporem</strong></span> <span class='ocrx_word' id='word_1_688' title='bbox 3321 3567 3493 3623; x_wconf 88' lang='lat' dir='ltr'><strong>delabi</strong></span> <span class='ocrx_word' id='word_1_689' title='bbox 3525 3568 3849 3631; x_wconf 88' lang='lat' dir='ltr'><strong>meruerint,</strong></span> 
     </span>
    </p>
   </div>
   <div class='ocr_carea' id='block_1_95' title="bbox 2261 3655 3849 3727">
    <p class='ocr_par' dir='ltr' id='par_1_95' title="bbox 2261 3655 3849 3727">
     <span class='ocr_line' id='line_1_95' title="bbox 2261 3655 3849 3727; baseline 0 -16"><span class='ocrx_word' id='word_1_690' title='bbox 2261 3667 2316 3711; x_wconf 92' lang='lat' dir='ltr'><strong>et</strong></span> <span class='ocrx_word' id='word_1_691' title='bbox 2345 3674 2486 3714; x_wconf 89' lang='lat' dir='ltr'><strong>nunc</strong></span> <span class='ocrx_word' id='word_1_692' title='bbox 2519 3660 2945 3724; x_wconf 88' lang='lat' dir='ltr'><strong>snccumbcndo,</strong></span> <span class='ocrx_word' id='word_1_693' title='bbox 2981 3674 3126 3713; x_wconf 83' lang='lat' dir='ltr'><strong>nunc</strong></span> <span class='ocrx_word' id='word_1_694' title='bbox 3168 3657 3472 3727; x_wconf 87' lang='lat' dir='ltr'><strong>superando</strong></span> <span class='ocrx_word' id='word_1_695' title='bbox 3512 3655 3849 3724; x_wconf 86' lang='lat' dir='ltr'><strong>passionum,</strong></span> 
     </span>
    </p>
   </div>
   <div class='ocr_carea' id='block_1_96' title="bbox 2263 3745 3854 3812">
    <p class='ocr_par' dir='ltr' id='par_1_96' title="bbox 2263 3745 3854 3812">
     <span class='ocr_line' id='line_1_96' title="bbox 2263 3745 3854 3812; baseline -0.001 -11"><span class='ocrx_word' id='word_1_696' title='bbox 2263 3748 2314 3803; x_wconf 90' lang='lat' dir='ltr'><strong>id</strong></span> <span class='ocrx_word' id='word_1_697' title='bbox 2361 3758 2447 3804; x_wconf 87' lang='lat' dir='ltr'><strong>est</strong></span> <span class='ocrx_word' id='word_1_698' title='bbox 2487 3748 2881 3804; x_wconf 88' lang='lat' dir='ltr'><strong>desideriorum</strong></span> <span class='ocrx_word' id='word_1_699' title='bbox 2934 3762 3154 3801; x_wconf 86' lang='lat' dir='ltr'><strong>suorum</strong></span> <span class='ocrx_word' id='word_1_700' title='bbox 3211 3745 3486 3802; x_wconf 89' lang='lat' dir='ltr'><strong>fornacem</strong></span> <span class='ocrx_word' id='word_1_701' title='bbox 3535 3758 3854 3812; x_wconf 83' lang='lat' dir='ltr'><strong>evaserunt,</strong></span> 
     </span>
    </p>
   </div>
   <div class='ocr_carea' id='block_1_97' title="bbox 2262 3837 3850 3910">
    <p class='ocr_par' dir='ltr' id='par_1_97' title="bbox 2262 3837 3850 3910">
     <span class='ocr_line' id='line_1_97' title="bbox 2262 3837 3850 3910; baseline -0.003 -13"><span class='ocrx_word' id='word_1_702' title='bbox 2262 3843 2428 3897; x_wconf 89' lang='lat' dir='ltr'><strong>multa</strong></span> <span class='ocrx_word' id='word_1_703' title='bbox 2463 3846 2600 3899; x_wconf 90' lang='lat' dir='ltr'><strong>mira</strong></span> <span class='ocrx_word' id='word_1_704' title='bbox 2626 3840 2891 3910; x_wconf 89' lang='lat' dir='ltr'><strong>valdeque</strong></span> <span class='ocrx_word' id='word_1_705' title='bbox 2919 3838 3074 3892; x_wconf 90' lang='lat' dir='ltr'><strong>utilia</strong></span> <span class='ocrx_word' id='word_1_706' title='bbox 3125 3846 3273 3904; x_wconf 91' lang='lat' dir='ltr'><strong>sunt,</strong></span> <span class='ocrx_word' id='word_1_707' title='bbox 3303 3837 3423 3908; x_wconf 74' lang='lat' dir='ltr'><strong>qua:</strong></span> <span class='ocrx_word' id='word_1_708' title='bbox 3454 3837 3505 3890; x_wconf 93' lang='lat' dir='ltr'><strong>in</strong></span> <span class='ocrx_word' id='word_1_709' title='bbox 3545 3837 3662 3892; x_wconf 90' lang='lat' dir='ltr'><strong>istis</strong></span> <span class='ocrx_word' id='word_1_710' title='bbox 3690 3840 3850 3894; x_wconf 90' lang='lat' dir='ltr'><strong>rebus</strong></span> 
     </span>
    </p>
   </div>
   <div class='ocr_carea' id='block_1_98' title="bbox 2262 3926 3851 3999">
    <p class='ocr_par' dir='ltr' id='par_1_98' title="bbox 2262 3926 3851 3999">
     <span class='ocr_line' id='line_1_98' title="bbox 2262 3926 3851 3999; baseline -0.004 -10"><span class='ocrx_word' id='word_1_711' title='bbox 2262 3934 2362 3989; x_wconf 89' lang='lat' dir='ltr'><strong>sibi</strong></span> <span class='ocrx_word' id='word_1_712' title='bbox 2393 3932 2684 3989; x_wconf 89' lang='lat' dir='ltr'><strong>contrariis</strong></span> <span class='ocrx_word' id='word_1_713' title='bbox 2730 3928 3114 3998; x_wconf 89' lang='lat' dir='ltr'><strong>comprehendi</strong></span> <span class='ocrx_word' id='word_1_714' title='bbox 3150 3930 3218 3984; x_wconf 90' lang='lat' dir='ltr'><strong>ab</strong></span> <span class='ocrx_word' id='word_1_715' title='bbox 3258 3943 3324 3983; x_wconf 83' lang='lat' dir='ltr'><strong>eo</strong></span> <span class='ocrx_word' id='word_1_716' title='bbox 3361 3928 3452 3999; x_wconf 91' lang='lat' dir='ltr'><strong>qui</strong></span> <span class='ocrx_word' id='word_1_717' title='bbox 3502 3926 3698 3982; x_wconf 88' lang='lat' dir='ltr'><strong>tolerat</strong></span> <span class='ocrx_word' id='word_1_718' title='bbox 3725 3944 3851 3997; x_wconf 36' lang='lat' dir='ltr'><strong>pose</strong></span> 
     </span>
    </p>
   </div>
   <div class='ocr_carea' id='block_1_99' title="bbox 2262 4019 3845 4094">
    <p class='ocr_par' dir='ltr' id='par_1_99' title="bbox 2262 4019 3845 4094">
     <span class='ocr_line' id='line_1_99' title="bbox 2262 4019 3845 4094; baseline -0.006 -14"><span class='ocrx_word' id='word_1_719' title='bbox 2262 4034 2410 4090; x_wconf 90' lang='lat' dir='ltr'><strong>sunt,</strong></span> <span class='ocrx_word' id='word_1_720' title='bbox 2440 4039 2562 4094; x_wconf 68' lang='lat' dir='ltr'><strong>quae</strong></span> <span class='ocrx_word' id='word_1_721' title='bbox 2588 4024 2752 4076; x_wconf 84' lang='lat' dir='ltr'><strong>etiam</strong></span> <span class='ocrx_word' id='word_1_722' title='bbox 2793 4019 3185 4091; x_wconf 85' lang='lat' dir='ltr'><strong>intelligibilem</strong></span> <span class='ocrx_word' id='word_1_723' title='bbox 3225 4019 3464 4075; x_wconf 89' lang='lat' dir='ltr'><strong>animum</strong></span> <span class='ocrx_word' id='word_1_724' title='bbox 3503 4019 3845 4085; x_wconf 81' lang='lat' dir='ltr'><strong>vehementer</strong></span> 
     </span>
    </p>
   </div>
   <div class='ocr_carea' id='block_1_100' title="bbox 2263 4113 3490 4183">
    <p class='ocr_par' dir='ltr' id='par_1_100' title="bbox 2263 4113 3490 4183">
     <span class='ocr_line' id='line_1_100' title="bbox 2263 4113 3490 4183; baseline -0.005 -10"><span class='ocrx_word' id='word_1_725' title='bbox 2263 4119 2426 4173; x_wconf 86' lang='lat' dir='ltr'><strong>etiam</strong></span> <span class='ocrx_word' id='word_1_726' title='bbox 2460 4115 2577 4170; x_wconf 88' lang='lat' dir='ltr'><strong>sine</strong></span> <span class='ocrx_word' id='word_1_727' title='bbox 2605 4114 2803 4168; x_wconf 90' lang='lat' dir='ltr'><strong>litteris</strong></span> <span class='ocrx_word' id='word_1_728' title='bbox 2833 4122 2996 4183; x_wconf 87' lang='lat' dir='ltr'><strong>atque</strong></span> <span class='ocrx_word' id='word_1_729' title='bbox 3024 4114 3164 4170; x_wconf 91' lang='lat' dir='ltr'><strong>libro</strong></span> <span class='ocrx_word' id='word_1_730' title='bbox 3195 4113 3490 4170; x_wconf 90' lang='lat' dir='ltr'><strong>instruunt.</strong></span> 
     </span>
    </p>
   </div>
   <div class='ocr_carea' id='block_1_101' title="bbox 2335 4204 3848 4276">
    <p class='ocr_par' dir='ltr' id='par_1_101' title="bbox 2335 4204 3848 4276">
     <span class='ocr_line' id='line_1_101' title="bbox 2335 4204 3848 4276; baseline -0.002 -14"><span class='ocrx_word' id='word_1_731' title='bbox 2335 4209 2522 4262; x_wconf 87' lang='lat' dir='ltr'><strong>llisac</strong></span> <span class='ocrx_word' id='word_1_732' title='bbox 2557 4206 2826 4262; x_wconf 90' lang='lat' dir='ltr'><strong>similibus</strong></span> <span class='ocrx_word' id='word_1_733' title='bbox 2854 4206 3081 4276; x_wconf 90' lang='lat' dir='ltr'><strong>quilibet</strong></span> <span class='ocrx_word' id='word_1_734' title='bbox 3102 4207 3327 4263; x_wconf 90' lang='lat' dir='ltr'><strong>docendi</strong></span> <span class='ocrx_word' id='word_1_735' title='bbox 3360 4205 3565 4262; x_wconf 86' lang='lat' dir='ltr'><strong>habens</strong></span> <span class='ocrx_word' id='word_1_736' title='bbox 3592 4204 3848 4275; x_wconf 79' lang='lat' dir='ltr'><strong>oliicium,</strong></span> 
     </span>
    </p>
   </div>
   <div class='ocr_carea' id='block_1_102' title="bbox 2265 4297 3849 4371">
    <p class='ocr_par' dir='ltr' id='par_1_102' title="bbox 2265 4297 3849 4371">
     <span class='ocr_line' id='line_1_102' title="bbox 2265 4297 3849 4371; baseline -0.003 -17"><span class='ocrx_word' id='word_1_737' title='bbox 2265 4298 2538 4354; x_wconf 89' lang='lat' dir='ltr'><strong>subtiliter</strong></span> <span class='ocrx_word' id='word_1_738' title='bbox 2564 4299 2607 4353; x_wconf 90' lang='lat' dir='ltr'><strong>si</strong></span> <span class='ocrx_word' id='word_1_739' title='bbox 2640 4298 2769 4353; x_wconf 86' lang='lat' dir='ltr'><strong>velit</strong></span> <span class='ocrx_word' id='word_1_740' title='bbox 2800 4298 3034 4364; x_wconf 90' lang='lat' dir='ltr'><strong>institui,</strong></span> <span class='ocrx_word' id='word_1_741' title='bbox 3066 4298 3119 4353; x_wconf 93' lang='lat' dir='ltr'><strong>in</strong></span> <span class='ocrx_word' id='word_1_742' title='bbox 3166 4298 3346 4371; x_wconf 89' lang='lat' dir='ltr'><strong>seipso</strong></span> <span class='ocrx_word' id='word_1_743' title='bbox 3387 4297 3623 4367; x_wconf 89' lang='lat' dir='ltr'><strong>primum</strong></span> <span class='ocrx_word' id='word_1_744' title='bbox 3653 4304 3849 4365; x_wconf 87' lang='lat' dir='ltr'><strong>potest,</strong></span> 
     </span>
    </p>
   </div>
   <div class='ocr_carea' id='block_1_103' title="bbox 2265 4387 3851 4461">
    <p class='ocr_par' dir='ltr' id='par_1_103' title="bbox 2265 4387 3851 4461">
     <span class='ocr_line' id='line_1_103' title="bbox 2265 4387 3851 4461; baseline -0.005 -14"><span class='ocrx_word' id='word_1_745' title='bbox 2265 4402 2319 4447; x_wconf 89' lang='lat' dir='ltr'><strong>et</strong></span> <span class='ocrx_word' id='word_1_746' title='bbox 2340 4389 2683 4461; x_wconf 90' lang='lat' dir='ltr'><strong>postmodum</strong></span> <span class='ocrx_word' id='word_1_747' title='bbox 2724 4388 2866 4458; x_wconf 90' lang='lat' dir='ltr'><strong>quod</strong></span> <span class='ocrx_word' id='word_1_748' title='bbox 2898 4387 3162 4444; x_wconf 88' lang='lat' dir='ltr'><strong>bellorum</strong></span> <span class='ocrx_word' id='word_1_749' title='bbox 3203 4388 3538 4442; x_wconf 90' lang='lat' dir='ltr'><strong>internorum</strong></span> <span class='ocrx_word' id='word_1_750' title='bbox 3567 4387 3851 4456; x_wconf 84' lang='lat' dir='ltr'><strong>experien-</strong></span> 
     </span>
    </p>
   </div>
   <div class='ocr_carea' id='block_1_104' title="bbox 2194 4477 3848 4550">
    <p class='ocr_par' dir='ltr' id='par_1_104' title="bbox 2194 4477 3848 4550">
     <span class='ocr_line' id='line_1_104' title="bbox 2194 4477 3848 4550; baseline -0.007 -11"><span class='ocrx_word' id='word_1_751' title='bbox 2194 4497 2237 4550; x_wconf 85' lang='lat' dir='ltr'><strong>D</strong></span> <span class='ocrx_word' id='word_1_752' title='bbox 2266 4485 2338 4539; x_wconf 88' lang='lat' dir='ltr'><strong>tia</strong></span> <span class='ocrx_word' id='word_1_753' title='bbox 2380 4481 2583 4546; x_wconf 91' lang='lat' dir='ltr'><strong>docuit,</strong></span> <span class='ocrx_word' id='word_1_754' title='bbox 2613 4478 2785 4534; x_wconf 89' lang='lat' dir='ltr'><strong>multo</strong></span> <span class='ocrx_word' id='word_1_755' title='bbox 2815 4478 3089 4549; x_wconf 85' lang='lat' dir='ltr'><strong>copiosius</strong></span> <span class='ocrx_word' id='word_1_756' title='bbox 3109 4492 3271 4547; x_wconf 90' lang='lat' dir='ltr'><strong>quam</strong></span> <span class='ocrx_word' id='word_1_757' title='bbox 3300 4477 3404 4532; x_wconf 89' lang='lat' dir='ltr'><strong>dici</strong></span> <span class='ocrx_word' id='word_1_758' title='bbox 3439 4492 3468 4531; x_wconf 91' lang='lat' dir='ltr'><strong>a</strong></span> <span class='ocrx_word' id='word_1_759' title='bbox 3502 4480 3659 4532; x_wconf 90' lang='lat' dir='ltr'><strong>nobis</strong></span> <span class='ocrx_word' id='word_1_760' title='bbox 3687 4477 3848 4539; x_wconf 86' lang='lat' dir='ltr'><strong>valet,</strong></span> 
     </span>
    </p>
   </div>
   <div class='ocr_carea' id='block_1_105' title="bbox 2266 4566 3851 4639">
    <p class='ocr_par' dir='ltr' id='par_1_105' title="bbox 2266 4566 3851 4639">
     <span class='ocr_line' id='line_1_105' title="bbox 2266 4566 3851 4639; baseline -0.008 -10"><span class='ocrx_word' id='word_1_761' title='bbox 2266 4570 2562 4630; x_wconf 89' lang='lat' dir='ltr'><strong>secundum</strong></span> <span class='ocrx_word' id='word_1_762' title='bbox 2594 4569 2737 4639; x_wconf 90' lang='lat' dir='ltr'><strong>quod</strong></span> <span class='ocrx_word' id='word_1_763' title='bbox 2764 4568 2865 4624; x_wconf 91' lang='lat' dir='ltr'><strong>sibi</strong></span> <span class='ocrx_word' id='word_1_764' title='bbox 2890 4577 3183 4625; x_wconf 88' lang='lat' dir='ltr'><strong>eventuum</strong></span> <span class='ocrx_word' id='word_1_765' title='bbox 3218 4581 3440 4621; x_wconf 88' lang='lat' dir='ltr'><strong>suorum</strong></span> <span class='ocrx_word' id='word_1_766' title='bbox 3477 4566 3761 4622; x_wconf 83' lang='lat' dir='ltr'><strong>commoda</strong></span> <span class='ocrx_word' id='word_1_767' title='bbox 3796 4575 3851 4619; x_wconf 89' lang='lat' dir='ltr'><strong>et</strong></span> 
     </span>
    </p>
   </div>
   <div class='ocr_carea' id='block_1_106' title="bbox 2266 4658 3855 4729">
    <p class='ocr_par' dir='ltr' id='par_1_106' title="bbox 2266 4658 3855 4729">
     <span class='ocr_line' id='line_1_106' title="bbox 2266 4658 3855 4729; baseline -0.007 -8"><span class='ocrx_word' id='word_1_768' title='bbox 2266 4662 2609 4721; x_wconf 88' lang='lat' dir='ltr'><strong>incommoda</strong></span> <span class='ocrx_word' id='word_1_769' title='bbox 2651 4660 2969 4717; x_wconf 86' lang='lat' dir='ltr'><strong>memoriter</strong></span> <span class='ocrx_word' id='word_1_770' title='bbox 3002 4658 3236 4715; x_wconf 90' lang='lat' dir='ltr'><strong>tenenda</strong></span> <span class='ocrx_word' id='word_1_771' title='bbox 3275 4658 3687 4729; x_wconf 88' lang='lat' dir='ltr'><strong>impresseruut,</strong></span> <span class='ocrx_word' id='word_1_772' title='bbox 3736 4673 3855 4714; x_wconf 86' lang='lat' dir='ltr'><strong>eru-</strong></span> 
     </span>
    </p>
   </div>
   <div class='ocr_carea' id='block_1_107' title="bbox 2266 4750 3850 4823">
    <p class='ocr_par' dir='ltr' id='par_1_107' title="bbox 2266 4750 3850 4823">
     <span class='ocr_line' id='line_1_107' title="bbox 2266 4750 3850 4823; baseline -0.004 -8"><span class='ocrx_word' id='word_1_773' title='bbox 2266 4760 2382 4815; x_wconf 89' lang='lat' dir='ltr'><strong>dire</strong></span> <span class='ocrx_word' id='word_1_774' title='bbox 2412 4757 2704 4812; x_wconf 89' lang='lat' dir='ltr'><strong>salubriter</strong></span> <span class='ocrx_word' id='word_1_775' title='bbox 2732 4763 2788 4810; x_wconf 89' lang='lat' dir='ltr'><strong>et</strong></span> <span class='ocrx_word' id='word_1_776' title='bbox 2818 4753 2953 4808; x_wconf 85' lang='lat' dir='ltr'><strong>alios</strong></span> <span class='ocrx_word' id='word_1_777' title='bbox 2986 4760 3183 4823; x_wconf 87' lang='lat' dir='ltr'><strong>potest.</strong></span> <span class='ocrx_word' id='word_1_778' title='bbox 3216 4750 3401 4807; x_wconf 87' lang='lat' dir='ltr'><strong>Potest</strong></span> <span class='ocrx_word' id='word_1_779' title='bbox 3430 4752 3657 4821; x_wconf 89' lang='lat' dir='ltr'><strong>quilibet</strong></span> <span class='ocrx_word' id='word_1_780' title='bbox 3688 4752 3850 4809; x_wconf 82' lang='lat' dir='ltr'><strong>iners.</strong></span> 
     </span>
    </p>
   </div>
   <div class='ocr_carea' id='block_1_108' title="bbox 2266 4840 3861 4920">
    <p class='ocr_par' dir='ltr' id='par_1_108' title="bbox 2266 4840 3861 4920">
     <span class='ocr_line' id='line_1_108' title="bbox 2266 4840 3861 4920; baseline -0.007 -16"><span class='ocrx_word' id='word_1_781' title='bbox 2266 4860 2319 4904; x_wconf 92' lang='lat' dir='ltr'><strong>ct</strong></span> <span class='ocrx_word' id='word_1_782' title='bbox 2348 4850 2438 4920; x_wconf 92' lang='lat' dir='ltr'><strong>qui</strong></span> <span class='ocrx_word' id='word_1_783' title='bbox 2474 4848 2721 4902; x_wconf 90' lang='lat' dir='ltr'><strong>militiam</strong></span> <span class='ocrx_word' id='word_1_784' title='bbox 2751 4859 3026 4914; x_wconf 82' lang='lat' dir='ltr'><strong>nunquam</strong></span> <span class='ocrx_word' id='word_1_785' title='bbox 3055 4856 3314 4899; x_wconf 82' lang='lat' dir='ltr'><strong>exercere</strong></span> <span class='ocrx_word' id='word_1_786' title='bbox 3340 4842 3425 4897; x_wconf 85' lang='lat' dir='ltr'><strong>vel</strong></span> <span class='ocrx_word' id='word_1_787' title='bbox 3453 4842 3702 4913; x_wconf 71' lang='lat' dir='ltr'><strong>cmperit,</strong></span> <span class='ocrx_word' id='word_1_788' title='bbox 3730 4840 3861 4912; x_wconf 84' lang='lat' dir='ltr'><strong>quia</strong></span> 
     </span>
    </p>
   </div>
   <div class='ocr_carea' id='block_1_109' title="bbox 2268 4932 3855 5005">
    <p class='ocr_par' dir='ltr' id='par_1_109' title="bbox 2268 4932 3855 5005">
     <span class='ocr_line' id='line_1_109' title="bbox 2268 4932 3855 5005; baseline -0.009 -5"><span class='ocrx_word' id='word_1_789' title='bbox 2268 4941 2530 4999; x_wconf 89' lang='lat' dir='ltr'><strong>bellantes</strong></span> <span class='ocrx_word' id='word_1_790' title='bbox 2557 4939 2772 5005; x_wconf 90' lang='lat' dir='ltr'><strong>viderit,</strong></span> <span class='ocrx_word' id='word_1_791' title='bbox 2808 4937 2890 4993; x_wconf 88' lang='lat' dir='ltr'><strong>vel</strong></span> <span class='ocrx_word' id='word_1_792' title='bbox 2920 4936 3054 4993; x_wconf 89' lang='lat' dir='ltr'><strong>bella</strong></span> <span class='ocrx_word' id='word_1_793' title='bbox 3097 4936 3309 4990; x_wconf 85' lang='lat' dir='ltr'><strong>narrari</strong></span> <span class='ocrx_word' id='word_1_794' title='bbox 3341 4934 3593 4998; x_wconf 88' lang='lat' dir='ltr'><strong>audierit,</strong></span> <span class='ocrx_word' id='word_1_795' title='bbox 3617 4934 3683 4989; x_wconf 86' lang='lat' dir='ltr'><strong>de</strong></span> <span class='ocrx_word' id='word_1_796' title='bbox 3705 4932 3855 4989; x_wconf 83' lang='lat' dir='ltr'><strong>bellis</strong></span> 
     </span>
    </p>
   </div>
   <div class='ocr_carea' id='block_1_110' title="bbox 2271 5024 3859 5100">
    <p class='ocr_par' dir='ltr' id='par_1_110' title="bbox 2271 5024 3859 5100">
     <span class='ocr_line' id='line_1_110' title="bbox 2271 5024 3859 5100; baseline -0.006 -13"><span class='ocrx_word' id='word_1_797' title='bbox 2271 5033 2437 5087; x_wconf 90' lang='lat' dir='ltr'><strong>multa</strong></span> <span class='ocrx_word' id='word_1_798' title='bbox 2466 5031 2665 5098; x_wconf 90' lang='lat' dir='ltr'><strong>dicere,</strong></span> <span class='ocrx_word' id='word_1_799' title='bbox 2696 5030 2788 5086; x_wconf 89' lang='lat' dir='ltr'><strong>sed</strong></span> <span class='ocrx_word' id='word_1_800' title='bbox 2825 5030 2981 5100; x_wconf 88' lang='lat' dir='ltr'><strong>longe</strong></span> <span class='ocrx_word' id='word_1_801' title='bbox 3020 5026 3354 5083; x_wconf 89' lang='lat' dir='ltr'><strong>dissimiliter</strong></span> <span class='ocrx_word' id='word_1_802' title='bbox 3394 5024 3482 5079; x_wconf 89' lang='lat' dir='ltr'><strong>ille</strong></span> <span class='ocrx_word' id='word_1_803' title='bbox 3520 5024 3655 5080; x_wconf 90' lang='lat' dir='ltr'><strong>bella</strong></span> <span class='ocrx_word' id='word_1_804' title='bbox 3683 5038 3859 5080; x_wconf 87' lang='lat' dir='ltr'><strong>reme—</strong></span> 
     </span>
    </p>
   </div>
   <div class='ocr_carea' id='block_1_111' title="bbox 2271 5110 3854 5193">
    <p class='ocr_par' dir='ltr' id='par_1_111' title="bbox 2271 5110 3854 5193">
     <span class='ocr_line' id='line_1_111' title="bbox 2271 5110 3854 5193; baseline -0.011 -12"><span class='ocrx_word' id='word_1_805' title='bbox 2271 5132 2468 5189; x_wconf 89' lang='lat' dir='ltr'><strong>morat,</strong></span> <span class='ocrx_word' id='word_1_806' title='bbox 2501 5123 2593 5193; x_wconf 90' lang='lat' dir='ltr'><strong>qui</strong></span> <span class='ocrx_word' id='word_1_807' title='bbox 2627 5123 2679 5177; x_wconf 90' lang='lat' dir='ltr'><strong>in</strong></span> <span class='ocrx_word' id='word_1_808' title='bbox 2712 5121 2850 5177; x_wconf 89' lang='lat' dir='ltr'><strong>bello</strong></span> <span class='ocrx_word' id='word_1_809' title='bbox 2884 5119 3140 5190; x_wconf 85' lang='lat' dir='ltr'><strong>pugnavit</strong></span> <span class='ocrx_word' id='word_1_810' title='bbox 3170 5125 3225 5171; x_wconf 90' lang='lat' dir='ltr'><strong>et</strong></span> <span class='ocrx_word' id='word_1_811' title='bbox 3251 5117 3593 5185; x_wconf 88' lang='lat' dir='ltr'><strong>impugnatns</strong></span> <span class='ocrx_word' id='word_1_812' title='bbox 3629 5122 3732 5177; x_wconf 91' lang='lat' dir='ltr'><strong>est,</strong></span> <span class='ocrx_word' id='word_1_813' title='bbox 3764 5110 3854 5182; x_wconf 90' lang='lat' dir='ltr'><strong>qui</strong></span> 
     </span>
    </p>
   </div>
   <div class='ocr_carea' id='block_1_112' title="bbox 2272 5215 3109 5285">
    <p class='ocr_par' dir='ltr' id='par_1_112' title="bbox 2272 5215 3109 5285">
     <span class='ocr_line' id='line_1_112' title="bbox 2272 5215 3109 5285; baseline -0.012 -12"><span class='ocrx_word' id='word_1_814' title='bbox 2272 5216 2526 5273; x_wconf 83' lang='lat' dir='ltr'><strong>militaria</strong></span> <span class='ocrx_word' id='word_1_815' title='bbox 2561 5215 2687 5270; x_wconf 89' lang='lat' dir='ltr'><strong>fecit</strong></span> <span class='ocrx_word' id='word_1_816' title='bbox 2712 5222 2766 5269; x_wconf 91' lang='lat' dir='ltr'><strong>et</strong></span> <span class='ocrx_word' id='word_1_817' title='bbox 2789 5228 2981 5285; x_wconf 89' lang='lat' dir='ltr'><strong>passus</strong></span> <span class='ocrx_word' id='word_1_818' title='bbox 3006 5221 3109 5265; x_wconf 89' lang='lat' dir='ltr'><strong>est.</strong></span> 
     </span>
    </p>
   </div>
   <div class='ocr_carea' id='block_1_113' title="bbox 2345 5297 3853 5377">
    <p class='ocr_par' dir='ltr' id='par_1_113' title="bbox 2345 5297 3853 5377">
     <span class='ocr_line' id='line_1_113' title="bbox 2345 5297 3853 5377; baseline -0.012 -10"><span class='ocrx_word' id='word_1_819' title='bbox 2345 5312 2437 5367; x_wconf 89' lang='lat' dir='ltr'><strong>Sic</strong></span> <span class='ocrx_word' id='word_1_820' title='bbox 2470 5310 2529 5365; x_wconf 87' lang='lat' dir='ltr'><strong>lit</strong></span> <span class='ocrx_word' id='word_1_821' title='bbox 2568 5318 2622 5363; x_wconf 90' lang='lat' dir='ltr'><strong>et</strong></span> <span class='ocrx_word' id='word_1_822' title='bbox 2657 5310 2709 5362; x_wconf 91' lang='lat' dir='ltr'><strong>in</strong></span> <span class='ocrx_word' id='word_1_823' title='bbox 2746 5302 3137 5377; x_wconf 89' lang='lat' dir='ltr'><strong>spiritualibus,</strong></span> <span class='ocrx_word' id='word_1_824' title='bbox 3187 5303 3314 5357; x_wconf 90' lang='lat' dir='ltr'><strong>dum</strong></span> <span class='ocrx_word' id='word_1_825' title='bbox 3360 5300 3589 5369; x_wconf 87' lang='lat' dir='ltr'><strong>aliquos,</strong></span> <span class='ocrx_word' id='word_1_826' title='bbox 3636 5313 3759 5369; x_wconf 69' lang='lat' dir='ltr'><strong>qua:</strong></span> <span class='ocrx_word' id='word_1_827' title='bbox 3805 5297 3853 5350; x_wconf 92' lang='lat' dir='ltr'><strong>in</strong></span> 
     </span>
    </p>
   </div>
   <div class='ocr_carea' id='block_1_114' title="bbox 2272 5386 3851 5471">
    <p class='ocr_par' dir='ltr' id='par_1_114' title="bbox 2272 5386 3851 5471">
     <span class='ocr_line' id='line_1_114' title="bbox 2272 5386 3851 5471; baseline -0.011 -14"><span class='ocrx_word' id='word_1_828' title='bbox 2272 5405 2426 5460; x_wconf 88' lang='lat' dir='ltr'><strong>libris</strong></span> <span class='ocrx_word' id='word_1_829' title='bbox 2455 5398 2800 5471; x_wconf 58' lang='lat' dir='ltr'><strong>legct&#39;itityel</strong></span> <span class='ocrx_word' id='word_1_830' title='bbox 2840 5397 2907 5450; x_wconf 85' lang='lat' dir='ltr'><strong>ab</strong></span> <span class='ocrx_word' id='word_1_831' title='bbox 2942 5393 3062 5448; x_wconf 88' lang='lat' dir='ltr'><strong>aliis</strong></span> <span class='ocrx_word' id='word_1_832' title='bbox 3099 5392 3388 5456; x_wconf 89' lang='lat' dir='ltr'><strong>audierint,</strong></span> <span class='ocrx_word' id='word_1_833' title='bbox 3432 5388 3682 5444; x_wconf 89' lang='lat' dir='ltr'><strong>audimus</strong></span> <span class='ocrx_word' id='word_1_834' title='bbox 3725 5386 3851 5442; x_wconf 74' lang='lat' dir='ltr'><strong>satis</strong></span> 
     </span>
    </p>
   </div>
   <div class='ocr_carea' id='block_1_115' title="bbox 2278 5479 3837 5561">
    <p class='ocr_par' dir='ltr' id='par_1_115' title="bbox 2278 5479 3837 5561">
     <span class='ocr_line' id='line_1_115' title="bbox 2278 5479 3837 5561; baseline -0.014 -10"><span class='ocrx_word' id='word_1_835' title='bbox 2278 5494 2507 5551; x_wconf 87' lang='lat' dir='ltr'><strong>laeundc</strong></span> <span class='ocrx_word' id='word_1_836' title='bbox 2538 5492 2749 5561; x_wconf 88' lang='lat' dir='ltr'><strong>eloqui;</strong></span> <span class='ocrx_word' id='word_1_837' title='bbox 2783 5488 2876 5544; x_wconf 90' lang='lat' dir='ltr'><strong>sed</strong></span> <span class='ocrx_word' id='word_1_838' title='bbox 2907 5486 3064 5556; x_wconf 88' lang='lat' dir='ltr'><strong>longe</strong></span> <span class='ocrx_word' id='word_1_839' title='bbox 3094 5484 3262 5561; x_wconf 86' lang='lat' dir='ltr'><strong>altera</strong></span> <span class='ocrx_word' id='word_1_840' title='bbox 3290 5481 3612 5538; x_wconf 89' lang='lat' dir='ltr'><strong>auctoritate</strong></span> <span class='ocrx_word' id='word_1_841' title='bbox 3638 5479 3705 5534; x_wconf 90' lang='lat' dir='ltr'><strong>dc</strong></span> <span class='ocrx_word' id='word_1_842' title='bbox 3738 5492 3837 5532; x_wconf 90' lang='lat' dir='ltr'><strong>con</strong></span> 
     </span>
    </p>
   </div>
   <div class='ocr_carea' id='block_1_116' title="bbox 2279 5557 3857 5659">
    <p class='ocr_par' dir='ltr' id='par_1_116' title="bbox 2279 5557 3857 5659">
     <span class='ocr_line' id='line_1_116' title="bbox 2279 5557 3857 5659; baseline -0.014 -16"><span class='ocrx_word' id='word_1_843' title='bbox 2279 5602 2465 5659; x_wconf 87' lang='lat' dir='ltr'><strong>gressu</strong></span> <span class='ocrx_word' id='word_1_844' title='bbox 2502 5557 2767 5656; x_wconf 68' lang='lat' dir='ltr'><strong>spiriiuali</strong></span> <span class='ocrx_word' id='word_1_845' title='bbox 2812 5578 2900 5633; x_wconf 89' lang='lat' dir='ltr'><strong>ille</strong></span> <span class='ocrx_word' id='word_1_846' title='bbox 2947 5584 3159 5641; x_wconf 88' lang='lat' dir='ltr'><strong>tractat,</strong></span> <span class='ocrx_word' id='word_1_847' title='bbox 3207 5557 3260 5630; x_wconf 74' lang='lat' dir='ltr'><strong>ei</strong></span> <span class='ocrx_word' id='word_1_848' title='bbox 3301 5572 3457 5644; x_wconf 90' lang='lat' dir='ltr'><strong>quasi</strong></span> <span class='ocrx_word' id='word_1_849' title='bbox 3504 5571 3674 5645; x_wconf 90' lang='lat' dir='ltr'><strong>digito</strong></span> <span class='ocrx_word' id='word_1_850' title='bbox 3715 5566 3857 5659; x_wconf 86' lang='lat' dir='ltr'><strong>quod</strong></span> 
     </span>
    </p>
   </div>
   <div class='ocr_carea' id='block_1_117' title="bbox 2278 5656 3858 5737">
    <p class='ocr_par' dir='ltr' id='par_1_117' title="bbox 2278 5656 3858 5737">
     <span class='ocr_line' id='line_1_117' title="bbox 2278 5656 3858 5737; baseline -0.018 -1"><span class='ocrx_word' id='word_1_851' title='bbox 2278 5656 2409 5737; x_wconf 82' lang='lat' dir='ltr'><strong>dicit</strong></span> <span class='ocrx_word' id='word_1_852' title='bbox 2438 5682 2695 5735; x_wconf 83' lang='lat' dir='ltr'><strong>ostentat,</strong></span> <span class='ocrx_word' id='word_1_853' title='bbox 2724 5670 2809 5725; x_wconf 90' lang='lat' dir='ltr'><strong>cui</strong></span> <span class='ocrx_word' id='word_1_854' title='bbox 2851 5667 3003 5722; x_wconf 90' lang='lat' dir='ltr'><strong>testis</strong></span> <span class='ocrx_word' id='word_1_855' title='bbox 3033 5681 3219 5721; x_wconf 90' lang='lat' dir='ltr'><strong>eorum</strong></span> <span class='ocrx_word' id='word_1_856' title='bbox 3262 5678 3381 5733; x_wconf 72' lang='lat' dir='ltr'><strong>qua:</strong></span> <span class='ocrx_word' id='word_1_857' title='bbox 3422 5676 3516 5719; x_wconf 90' lang='lat' dir='ltr'><strong>ore</strong></span> <span class='ocrx_word' id='word_1_858' title='bbox 3545 5656 3858 5731; x_wconf 80' lang='lat' dir='ltr'><strong>pronuntiat</strong></span> 
     </span>
    </p>
   </div>
   <div class='ocr_carea' id='block_1_118' title="bbox 2280 5753 3858 5835">
    <p class='ocr_par' dir='ltr' id='par_1_118' title="bbox 2280 5753 3858 5835">
     <span class='ocr_line' id='line_1_118' title="bbox 2280 5753 3858 5835; baseline -0.018 0"><span class='ocrx_word' id='word_1_859' title='bbox 2280 5768 2613 5835; x_wconf 82' lang='lat' dir='ltr'><strong>conscientia</strong></span> <span class='ocrx_word' id='word_1_860' title='bbox 2639 5773 2797 5822; x_wconf 87' lang='lat' dir='ltr'><strong>astat.</strong></span> <span class='ocrx_word' id='word_1_861' title='bbox 2833 5762 2898 5819; x_wconf 80' lang='lat' dir='ltr'><strong>Et</strong></span> <span class='ocrx_word' id='word_1_862' title='bbox 2918 5760 3135 5833; x_wconf 83' lang='lat' dir='ltr'><strong>quidem</strong></span> <span class='ocrx_word' id='word_1_863' title='bbox 3169 5757 3318 5817; x_wconf 84' lang='lat' dir='ltr'><strong>valde</strong></span> <span class='ocrx_word' id='word_1_864' title='bbox 3343 5754 3561 5829; x_wconf 82' lang='lat' dir='ltr'><strong>proﬁcit</strong></span> <span class='ocrx_word' id='word_1_865' title='bbox 3581 5753 3858 5818; x_wconf 84' lang='lat' dir='ltr'><strong>litteratis,</strong></span> 
     </span>
    </p>
   </div>
  </div>
