4108 6324
305 288 373 349 29
1250 285 1451 341 LIBER
1482 284 1623 354 QUO
1649 284 1912 342 ORDINE
1960 278 2191 344 SERMO
2216 288 2396 346 FIERI
2432 290 2714 346 DEBEAT.
3496 297 3571 354 50

306 400 350 455 si
371 413 432 457 ea
454 398 617 455 etiam
642 414 762 471 quae
782 397 883 471 ipsi
912 409 1115 455 norunt
1141 399 1456 471 eloquenter
1476 401 1575 456 sibi
1599 401 1884 464 dicantur;
1920 401 1964 460 Α
1994 399 2213 466 divinis,
2241 404 2335 458 sed
2365 405 2526 459 etiam
2558 418 2691 475 pene
2719 421 2770 459 ιη
2795 406 2879 460 bis
2904 405 3154 462 omnibus
3193 408 3244 478 7
3283 422 3404 478 qua:
3438 412 3567 468 sub-

306 493 398 550 sed
434 491 476 548 si
510 493 690 548 minus
735 502 1043 559 accurrate,
1094 493 1367 548 fastidium
1415 502 1471 548 et
1519 501 1886 562 contemptum

305 582 383 640 eis
428 582 646 653 pariunt
688 599 702 639 :
737 584 878 640 unde
922 599 1049 640 cum
1092 572 1342 640 litteratis
1385 594 1546 655 atque
1598 584 1890 640 iilitteratis

297 676 509 748 pariter
531 677 725 749 positis
746 677 1219 739 commonitorium
1237 676 1483 744 facimus,
1507 678 1682 748 aliqua
1707 678 1891 733 minus

296 766 492 822 usitata
514 807 534 835 ,
556 777 794 823 attamen
824 767 1207 839 intelligibilia,
1235 768 1450 838 utrique
1480 769 1616 838 parti
1645 768 1890 839 proferre

299 858 589 926 debemus,
625 861 766 915 unde
811 874 1003 915 eorum
1056 860 1211 914 taedia
1254 860 1342 928 qui
1383 874 1444 914 ea
1492 876 1612 930 qum
1660 860 1899 916 dicimus.

302 947 434 1003 satis
454 949 668 1015 sciunt,
696 963 978 1005 removere
1005 951 1287 1020 possimus.
1315 950 1465 1016 Quod
1494 950 1551 1004 ﬁt
1576 965 1696 1004 cum
1717 951 1887 1005 sancti

304 1038 591 1108 Evangelii
615 1038 873 1094 lectiones
898 1040 1234 1110 exponendo,
1253 1040 1524 1111 quippiam
1552 1040 1708 1094 aliter
1727 1056 1887 1110 quam

308 1125 529 1181 usitata:
577 1128 939 1197 expositiones
985 1128 1205 1194 habent,
1256 1129 1534 1185 moraliter
1565 1130 1888 1195 inducimus,

310 1221 367 1269 et
420 1215 578 1283 quasi
630 1216 1023 1287 quodammodo
1076 1217 1144 1273 de
1192 1218 1360 1272 veleri
1418 1219 1651 1273 maceria
1702 1234 1888 1289 super-

312 1303 553 1362 liniendo
582 1323 774 1363 novam
809 1310 1100 1366 reddimus.

385 1393 523 1449 Sunt
555 1397 709 1467 plane
764 1400 1007 1468 qumdam
1054 1386 1453 1472 evangeliorum
1494 1402 1755 1472 capitula,
1804 1419 1889 1455 sn-

314 1486 583 1545 l‘ummodo
605 1506 635 1545 a
657 1491 907 1549 Patribus
928 1493 1214 1565 allegorice
1240 1504 1567 1560 tractata,et
1588 1496 1653 1550 ad
1681 1495 1888 1551 Jndsro-

312 1594 433 1652 rum
459 1583 804 1654 gentiumque
834 1600 1119 1654 personam
1150 1586 1415 1657 exposita,
1456 1601 1574 1655 qua:
1620 1596 1797 1641 tamen
1844 1588 1887 1641 si

314 1670 507 1743 aliquis
537 1676 816 1746 perSpieax
847 1686 900 1732 et
931 1676 1333 1748 Scripturarum
1377 1678 1650 1734 studiosus
1693 1693 1886 1734 secun-

1984 490 2168 559 jaccnt
2200 495 2397 559 oculis,
2429 497 2858 566 comparationes
2888 497 3020 553 satis
3055 497 3276 555 Moneas
3300 500 3351 555 in
3382 514 3567 556 exeru-

1989 580 2133 650 plum
2176 594 2233 637 et
2285 584 2676 653 signiﬁcantias
2720 586 2878 641 utiles
2923 585 3133 642 illarum
3178 603 3312 657 quas
3355 604 3421 643 ex
3465 605 3564 644 usu

1990 672 2207 728 assiduo
2256 672 2406 726 nihili
2457 673 2742 742 pendimus
2795 691 2973 730 rerum
3026 677 3296 732 uberrime
3338 677 3562 742 invenit,

1990 776 2109 831 qum
2139 772 2289 816 tanto
2317 762 2503 817 utilius
2551 764 2861 833 cogitantur
2902 780 3011 834 quo
3058 765 3425 821 benevolentia
3458 766 3564 820 illis

1991 856 2248 927 ampliore
2278 858 2554 924 dicuntur,
2587 866 2843 927 tantoque
2870 860 3337 932 suntgratiosiora
3361 872 3565 932 quanto

1992 949 2167 1002 minus
2197 949 2535 1002 auditoribus
2556 948 2777 1002 usitata.

2064 1040 2295 1094 Posscnt
2347 1049 2401 1095 et
2448 1040 2514 1094 de
2565 1040 2649 1094 his
2722 1053 2842 1108 quze
2899 1040 3110 1095 ratione
3156 1041 3567 1097 adinveniuntur

1992 1130 2217 1201 plurima
2260 1131 2499 1194 tractari,
2525 1130 2617 1184 sed
2671 1143 2862 1185 vereor
2891 1143 2982 1195 ne,
3014 1130 3058 1184 si
3092 1130 3157 1184 de
3190 1131 3291 1185 hac
3323 1148 3382 1186 re
3418 1130 3564 1201 loqui

1992 1220 2320 1290 inciperem,
2371 1220 2535 1274 verba
2592 1235 2751 1289 supra
2803 1220 3020 1275 modum
3074 1222 3454 1288 cxtenderem,
3511 1234 3567 1280 et

1994 1313 2175 1368 nescio
2217 1312 2261 1367 si
2312 1327 2376 1366 ea
2419 1322 2526 1366 tam
2591 1311 2765 1367 lucide
2810 1327 3021 1382 possem
3063 1290 3332 1382 explicare
3371 1322 3428 1366 ut
3472 1328 3565 1369 cu-

1993 1393 2211 1473 perem.’

2064 1494 2333 1548 Proﬁcere
2375 1502 2643 1564 pranerea
2699 1493 2965 1564 praecipue
3022 1491 3362 1547 audientibus
3426 1489 3565 1547 solet

1992 1581 2107 1650 ejus
2133 1583 2223 1653 qui
2255 1583 2490 1652 loquitur
2520 1585 2731 1638 sincera
2760 1593 2815 1638 et
2840 1584 3046 1653 absque
3087 1581 3193 1636 ulla
3222 1581 3394 1635 laudis
3415 1579 3571 1650 cupi-

1992 1672 2162 1725 ditate
2205 1672 2458 1739 intentio,
2506 1672 2594 1726 ubi
2625 1671 2738 1726 sola
2786 1687 2971 1726 eorum
3018 1670 3109 1739 qui
3159 1668 3469 1724 auscultant
3506 1667 3560 1721 in

315 1742 442 1818 dum
468 1742 694 1821 aliarum
724 1767 932 1839 regulas
961 1742 1463 1838 interpretationum
1488 1770 1718 1825 scrutari
1740 1770 1886 1834 velit,
1925 1742 1967 1796 Β
1993 1763 2192 1818 divinis
2247 1762 2410 1818 rebus
2454 1764 2686 1818 eruditio
2734 1762 2904 1833 qtueri
2954 1760 3276 1832 intelligitur
3303 1769 3360 1815 et
3396 1757 3579 1822 salua.

310 1854 402 1908 vix
458 1867 550 1910 aut
595 1873 867 1927 nunquam
922 1860 1119 1914 alicubi
1174 1860 1479 1915 intellectus
1538 1860 1749 1925 deerit,
1797 1860 1889 1916 sed

309 1959 635 2017 quocunque
671 1948 897 2017 legentis
932 1949 1155 2018 spiritus
1200 1960 1254 2004 et
1293 1950 1539 2005 voluntas
1583 1950 1726 2016 ierit,
1769 1952 1894 2006 illuc

314 2036 520 2101 pariter
561 2044 614 2089 et
657 2046 799 2102 rota,
834 2038 886 2091 id
927 2047 1012 2092 est
1038 2038 1317 2107 Scriptura
1350 2055 1527 2103 sacra,
1569 2052 1766 2109 praesto
1804 2042 1897 2095 ad-

320 2121 426 2175 erit
452 2141 466 2176 :
496 2124 589 2178 sed
622 2134 820 2191 tamen,
852 2125 978 2181 licet
1002 2127 1080 2181 eis
1108 2127 1196 2196 qui
1229 2128 1468 2182 valenter
1493 2144 1660 2184 sacrm
1694 2131 1901 2198 pagiuze

320 2213 602 2268 scientiam
651 2216 873 2281 habent,
923 2232 1264 2286 summopere
1312 2220 1415 2273 hoc
1454 2235 1623 2286 genus
1658 2220 1899 2273 exercitii

318 2302 511 2363 valeat,
540 2305 969 2371 priesumendum
993 2305 1122 2358 nulli
1150 2314 1252 2370 est,
1277 2306 1377 2361 nisi
1399 2306 1464 2359 ad
1491 2306 1705 2376 plenum
1738 2309 1899 2362 variis

316 2392 492 2447 modis
518 2391 865 2458 locutionum,
900 2397 1000 2449 sub
1031 2409 1135 2448 una
1177 2396 1473 2464 eademque
1507 2410 1581 2458 re,
1614 2396 1897 2451 diversita-

229 2468 242 2483 '
318 2483 463 2538 tibus
493 2484 944 2555 signiﬁcationum
980 2485 1142 2556 longo
1178 2502 1278 2541 usu
1323 2487 1573 2541 didicerit
1613 2487 1895 2558 allegorias

315 2574 490 2630 solere
520 2577 787 2658 componi.

329 2659 341 2665 ’
385 2665 846 2733 Prarsumendum,
884 2668 1125 2737 inquam,
1163 2669 1295 2723 nulli
1327 2672 1428 2725 nisi
1469 2671 1663 2727 litteris
1692 2672 1892 2743 sagaci-

314 2766 400 2813 ter
431 2759 654 2825 imbuto,
692 2768 749 2814 et
783 2760 882 2816 sub
910 2759 1136 2828 eisdem,
1169 2770 1227 2816 ut
1271 2762 1403 2828 dixi,
1438 2765 1597 2818 rebus
1627 2779 1692 2817 ac
1722 2764 1895 2820 nomi-

314 2851 474 2907 nibus
517 2851 827 2923 multiplicia
873 2854 1075 2908 sentire
1117 2868 1342 2923 prorsus
1394 2856 1657 2909 instructo
1693 2873 1706 2908 :
1741 2855 1890 2910 verbi

311 2926 508 3013 gratia,
532 2952 705 3013 petra,
742 2944 1176 3011 fundamentum,
1201 2962 1340 3016 aqua
1382 2955 1436 3001 et
1478 2947 1696 3011 crelum,
1723 2948 1889 3004 herba

1995 1855 2083 1909 ubi
2137 1854 2430 1925 peculiaris
2477 1854 2665 1925 gloriae
2727 1856 2797 1909 de
2863 1853 3052 1924 grandi
3101 1850 3409 1923 eloquentia
3460 1865 3567 1905 non

1995 1948 2192 2002 avertit
2239 1963 2354 2010 eos,
2401 1962 2499 2001 nec
2546 1955 2731 2017 potest
2774 1946 2951 2000 notari
3009 1954 3185 2015 typus.
3232 1942 3377 1997 Nihil
3422 1941 3567 1996 enim

1998 2042 2168 2110 magis
2197 2042 2467 2096 offendere
2509 2042 2792 2095 consuevit
2838 2040 3164 2106 auditorem,
3217 2052 3379 2107 quam
3426 2032 3576 2106 quod

2002 2134 2162 2182 causa
2192 2129 2435 2198 pecunia
2464 2138 2555 2183 aut
2585 2129 2963 2183 ostentationis
2989 2129 3090 2183 scit
3121 2142 3290 2183 suum
3305 2140 3399 2182 seu
3423 2126 3575 2182 testi-

2005 2230 2113 2273 mat
2137 2221 2413 2288 disputare
2436 2221 2870 2291 praedicatorem.

2071 2309 2251 2361 lzrilat
2281 2312 2368 2376 qui
2413 2309 2533 2363 talis
2569 2309 2903 2376 agnoscitur,
2961 2323 3065 2363 non
3112 2308 3391 2378 praidicat,
3442 2306 3582 2377 quia.

1998 2418 2104 2470 quo
2137 2404 2279 2457 dicta
2315 2418 2409 2456 sua
2444 2401 2756 2456 venustiore
2808 2416 3005 2456 ornare
3057 2409 3288 2456 conatur
3330 2400 3569 2469 eloquio,

2000 2501 2148 2546 tanto
2194 2492 2402 2546 acriore
2458 2491 2754 2546 astantium
2807 2500 3026 2561 pectora
3080 2490 3147 2544 ad
3204 2498 3565 2558 contemptum

1998 2580 2156 2649 (prob
2186 2579 2393 2649 dolor!)
2438 2579 2601 2634 etiam
2646 2594 2833 2634 eorum
2867 2594 2986 2649 quae
3022 2577 3163 2633 bene
3194 2579 3262 2633 ab
3288 2593 3354 2634 eo
3381 2579 3572 2634 dicun-

1999 2680 2104 2737 tur,
2131 2680 2188 2726 et
2214 2671 2450 2726 maxime
2475 2671 2758 2742 sui-ipsius
2784 2681 2944 2727 vexat
2964 2654 3360 2741 fastidiofqua:
3387 2681 3565 2726 tamen

1995 2761 2184 2830 quovis
2234 2760 2374 2816 fastu
2422 2762 2858 2827 enuntiarentur,
2911 2760 3135 2831 supplici
3191 2761 3446 2817 deberent
3491 2761 3573 2815 uti

2002 2852 2183 2906 divina
2213 2851 2388 2921 excipi
2410 2851 2610 2906 animo.

2066 2943 2189 2998 [hec
2216 2943 2449 3012 qualiter
2493 2949 2726 2997 tractare
2779 2941 2993 3005 debeas,
3041 2941 3124 2995 vir
3166 2938 3564 3002 amantissime,

312 3042 369 3086 et
391 3032 714 3104 lignum,sol
739 3042 793 3088 et
820 3034 968 3100 luna,
1010 3044 1065 3091 et
1096 3035 1379 3092 innumera
1418 3036 1540 3102 alia,
1571 3054 1691 3093 eum
1723 3038 1888 3094 multa
1920 3067 1968 3128 ο
1991 3035 2140 3104 juxta
2182 3035 2417 3107 inopiam
2450 3050 2622 3090 meam
2659 3033 2790 3099 dixi,
2824 3048 2966 3087 nunc
2992 3032 3247 3101 deinceps
3274 3031 3342 3085 de
3370 3029 3568 3100 quibus

312 3125 367 3178 in
400 3124 696 3197 Scripturis
733 3127 1056 3198 signiﬁcent,
1094 3129 1478 3185 attendendum
1515 3138 1597 3185 est
1628 3131 1675 3185 ei
1711 3130 1801 3198 qui
1840 3129 1889 3184 in

312 3215 498 3284 aliqua
552 3219 817 3273 sententia
864 3218 1090 3274 obscura
1139 3231 1457 3286 exercetur,
1505 3237 1626 3275 cum
1678 3220 1893 3290 aliquod

311 3306 503 3362 talium
526 3309 802 3364 nominum
826 3312 1144 3376 occurrerit,
1170 3322 1301 3381 quot
1332 3314 1505 3367 modis
1531 3314 1581 3366 in
1615 3313 1894 3382 Scriptura

311 3395 493 3463 accipi
538 3397 727 3464 soleat,
764 3406 823 3451 ut
871 3407 1019 3468 puta,
1066 3415 1255 3454 aurum
1302 3401 1658 3463 divinitatem,
1707 3416 1895 3455 aurum

307 3486 665 3556 sapientiam,
713 3481 917 3544 aurum'
955 3493 1078 3545 vita:
1127 3491 1425 3547 claritatem
1479 3493 1773 3563 signiﬁcat;
1822 3504 1893 3560 et,

303 3578 674 3634 consideratis
708 3580 979 3645 omnibus,
1012 3580 1154 3649 quod
1184 3581 1353 3653 magis
1381 3582 1571 3637 viderit
1599 3598 1893 3653 congruere

303 3667 434 3724 loco
458 3666 531 3722 illi
554 3682 712 3737 quem
737 3678 1015 3734 retractat,
1048 3685 1271 3725 securus
1313 3682 1568 3742 apponat.
1599 3672 1672 3726 Ita
1706 3671 1891 3741 paula-

304 3760 411 3813 tim
436 3758 490 3813 in
514 3759 629 3814 dies
658 3770 869 3829 sumpta
897 3762 1112 3827 ﬁducia,
1144 3777 1264 3817 cum
1290 3777 1384 3831 per
1408 3763 1888 3831 signiﬁcantiarum

304 3850 652 3921 cognitiones
697 3852 891 3907 viderit
942 3852 1042 3908 sibi
1087 3862 1327 3908 sanctam
1366 3853 1697 3924 Scripturam
1751 3856 1888 3909 arri-

304 3941 594 4012 dere,jam
628 3945 695 3999 ad
727 3945 925 4015 majora
971 3946 1337 4015 progrediens,
1376 3960 1494 4015 qua:
1529 3948 1799 4016 quondam
1835 3962 1892 4001 se

304 4054 594 4108 nunquam
625 4046 1009 4095 attentaturum
1039 4055 1364 4110 pra'sumerc
1386 4051 1585 4111 posset,
1608 4056 1704 4111 spe
1732 4043 1890 4096 etiam

306 4146 533 4201 semper
579 4132 857 4185 meliorum
905 4142 1226 4202 provocatus
1281 4134 1611 4204 aggreditur,
1658 4135 1724 4189 ad
1776 4149 1894 4204 qua:

304 4224 647 4294 penetrantia
680 4225 996 4279 testimoniis
1033 4226 1169 4280 sacri
1212 4225 1411 4295 eloquii
1447 4227 1764 4281 catervatim
1793 4227 1890 4281 sibi

305 4317 729 4374 occurrentibus
777 4332 881 4372 non
935 4317 1213 4371 minimum
1266 4316 1619 4373 confortatur.
1676 4318 1893 4372 Duobus

1999 3127 2294 3197 aliquando
2343 3141 2559 3181 sumere
2601 3125 2776 3194 possis
2824 3124 3075 3195 loquendi
3121 3123 3427 3186 materiam,
3456 3119 3566 3175 Deo

1997 3218 2294 3287 aspirante,
2318 3216 2417 3271 fari
2448 3216 2720 3270 exordiar.

2066 3307 2227 3363 Omni
2275 3306 2476 3360 homini
2517 3306 2569 3358 in
2621 3303 2932 3358 confusione
2982 3304 3233 3357 vitiorum
3285 3302 3568 3356 submerso

1999 3399 2131 3455 satis
2164 3397 2378 3468 quidem
2417 3395 2549 3467 utile
2596 3403 2677 3450 est
2732 3393 2989 3465 supplicia
3030 3392 3223 3448 inferni
3264 3406 3428 3462 quam
3456 3390 3565 3446 sint

1999 3489 2267 3546 borreuda
2314 3488 2553 3551 edicere,
2606 3495 2659 3542 et
2704 3501 2825 3542 cum
2872 3486 2964 3542 illo
3010 3484 3264 3542 ineffabili
3313 3498 3411 3539 suo
3441 3483 3570 3538 hor-

1996 3599 2118 3638 rore
2165 3596 2324 3652 quam
2374 3580 2483 3635 sint
2534 3579 2739 3634 inﬁnita
2795 3594 3038 3634 narrare.
3104 3577 3255 3635 Sicut
3305 3576 3451 3631 enim
3509 3575 3562 3629 in

1996 3671 2201 3728 crelesti
2237 3684 2400 3739 regno
2427 3669 2617 3739 positis
2647 3668 2777 3724 nihil
2810 3666 3161 3724 beatitudinis
3196 3665 3386 3730 deerit,
3429 3664 3507 3719 sic
3533 3679 3565 3719 e

1994 3763 2273 3820 contrario
2304 3763 2356 3817 in
2387 3771 2649 3817 mlernum
2685 3762 2957 3816 damnatis
2984 3760 3116 3815 nihil
3143 3759 3393 3825 miserim,
3430 3756 3566 3811 nihil

1996 3856 2136 3925 quod
2167 3855 2232 3909 ad
2264 3869 2478 3924 postiam
2519 3853 2788 3923 pertineat
2833 3852 3020 3908 deesse
3070 3851 3285 3922 poterit.
3327 3849 3392 3903 Et
3440 3862 3566 3902 cum

1994 3951 2111 4005 sine
2135 3948 2242 4003 ullo
2272 3947 2352 4002 vel
2379 3955 2758 4000 momentaneo
2794 3945 3034 3999 remedio
3071 3943 3401 4006 crucientur,
3430 3939 3568 4011 illud

1995 4040 2265 4112 praecipue
2315 4045 2370 4092 et
2419 4033 3042 4105 iucomprehensibiliter
3095 4032 3304 4087 cruciat
3356 4029 3568 4083 animos

1996 4130 2350 4202 perditorum,
2393 4126 2536 4196 quod
2593 4140 2694 4181 nec
2736 4124 2927 4181 saltem
2954 4132 3073 4194 post
3104 4122 3248 4178 mille
3276 4120 3443 4175 millia
3475 4132 3571 4172 an-

1999 4238 2188 4277 norum
2240 4235 2385 4289 spcm
2440 4218 2641 4273 habent
2697 4226 3087 4272 tormentorum
3147 4213 3569 4275 evadendorum,

1998 4314 2091 4369 sed
2134 4322 2358 4368 mortem
2405 4309 2760 4364 immortalem
2798 4322 3055 4379 passuros
3083 4322 3140 4361 se
3174 4305 3353 4361 sciunt
3383 4304 3436 4358 in
3467 4317 3566 4355 sa:-

309 4418 500 4462 aulcm
528 4407 628 4462 hoc
653 4406 765 4461 ﬁeri
789 4406 944 4470 solet,
971 4408 1217 4477 exemplo
1235 4408 1443 4463 scilicet
1466 4417 1630 4477 atque
1654 4408 1890 4463 ratione:
1927 4421 1973 4479 ο
2000 4405 2119 4459 cuia
2150 4402 2488 4458 seculorum.
2520 4400 2656 4470 Spes
2698 4400 2841 4455 enim
2877 4409 2933 4452 et
2960 4413 3091 4453 sane
3118 4396 3406 4467 aliquoties
3433 4392 3569 4447 falsa

308 4498 568 4569 exemplo
614 4498 1033 4568 Scripturarum,
1074 4510 1129 4555 ut
1165 4501 1295 4566 dixi,
1339 4500 1786 4570 prazcedentium;
1840 4511 1894 4555 et

309 4590 555 4653 ratione,
584 4590 830 4645 videlicet
852 4606 972 4646 cum
1003 4591 1246 4659 exempla
1277 4592 1452 4646 minus
1480 4591 1695 4656 adsunt,
1727 4600 1782 4645 et
1802 4605 1896 4661 per

308 4682 807 4738 considerationem
855 4690 1061 4736 natura:
1110 4681 1250 4737 illius
1296 4684 1371 4739 rei
1423 4684 1489 4737 de
1541 4699 1645 4753 qua
1694 4683 1894 4752 agitur,

310 4771 522 4845 aliquid
547 4772 813 4845 allegoria:
830 4773 911 4829 vel
934 4773 1223 4828 moralitati
1251 4775 1575 4830 conveniens
1605 4775 1895 4842 invenitur,

310 4843 462 4920 sicut
483 4865 552 4919 de
579 4843 844 4934 lapidibus
873 4864 1204 4935 gemmariis,
1238 4864 1306 4919 de
1342 4865 1555 4929 avibus,
1579 4865 1645 4919 de
1684 4865 1890 4930 bestiis,

314 4958 387 5012 de
416 4957 614 5026 quibus
639 4957 897 5027 quidquid
921 4956 1147 5027 ﬁgurate
1177 4955 1397 5021 dicitur,
1422 4956 1647 5011 nonnisi
1676 4968 1895 5025 propter

315 5054 642 5101 naturarum
658 5045 1067 5117 signiﬁcantiam
1082 5042 1377 5114 profertur;
1402 5046 1453 5098 in
1472 5045 1666 5113 quibus
1681 5044 1893 5098 etiamsi

317 5136 464 5192 nulla
492 5138 689 5209 pagina
714 5137 1000 5207 aliquoties
1027 5144 1335 5200 attestetur,
1371 5150 1466 5204 per
1489 5144 1693 5189 naturae
1720 5143 1894 5189 tamen

316 5229 714 5301 inspectionem
743 5228 966 5284 licenter
994 5227 1299 5298 conjicitur.

387 5321 683 5393 Gregorius
727 5319 1119 5385 Nazianzenus,
1150 5322 1232 5376 vir
1268 5315 1592 5376 mirabiliter
1630 5316 1892 5384 eruditus,

319 5409 374 5464 in
407 5410 640 5479 quodam
661 5422 759 5464 suo
780 5408 919 5463 libro
944 5416 1166 5463 testatur
1189 5426 1247 5466 se
1270 5410 1322 5465 id
1345 5406 1602 5463 habuisse
1616 5415 1898 5461 consuetu-

318 5499 485 5567 dinis,
515 5506 573 5557 at
609 5499 870 5571 quidquid
904 5499 1125 5562 videret,
1158 5502 1224 5555 ad
1272 5499 1688 5556 instructionem
1735 5497 1895 5553 animi

320 5593 671 5667 allegorizare
727 5593 986 5649 studeret.
1053 5593 1200 5660 Quod
1260 5594 1510 5650 acumine
1579 5588 1804 5643 rationis
1856 5592 1897 5645 si

323 5681 504 5747 facere
540 5696 821 5747 assuescat
857 5685 1067 5755 aliquis,
1111 5702 1215 5741 non
1257 5687 1414 5743 modo
1454 5686 1507 5739 in
1541 5679 1900 5736 voluminibus

2000 4497 2204 4551 refovet
2256 4504 2463 4549 mentes
2496 4494 2547 4547 in
2575 4492 2818 4547 adversis
2852 4492 3193 4554 constitutas,
3238 4487 3332 4543 sed
3364 4486 3433 4541 ibi
3472 4500 3573 4541 nec

1998 4605 2148 4654 vera,
2197 4602 2295 4642 nec
2338 4586 2471 4640 falsa
2512 4584 2636 4649 erit,
2667 4598 2786 4654 quae
2814 4598 2907 4638 eos
2933 4581 3201 4637 consolari
3238 4579 3425 4651 possit.
3460 4578 3567 4633 Sed

2000 4681 2275 4735 hominem
2329 4678 2649 4743 animalem,
2702 4676 2752 4730 id
2798 4684 2881 4731 est
2927 4675 3222 4731 bestialiter
3268 4674 3568 4734 viventem,

1997 4754 2153 4843 cujus
2181 4786 2374 4826 sensus
2406 4770 2458 4824 in
2487 4769 2571 4825 bis
2598 4784 2717 4839 quae
2746 4768 3103 4837 corporaliter
3145 4767 3291 4821 videt
3340 4764 3437 4817 toti
3483 4763 3567 4816 in-

2002 4867 2231 4929 limrcnt,
2268 4864 2392 4933 quia
2427 4879 2530 4917 non
2569 4863 2712 4931 capit
2742 4878 2861 4931 qua:
2902 4860 2993 4914 Dei
3036 4869 3183 4921 sunt,
3232 4859 3305 4910 ita
3341 4864 3572 4907 terrenae

1999 4957 2291 5027 voluptatis
2332 4955 2663 5011 consuetudo
2700 4963 2955 5016 exerceat,
2988 4962 3045 5006 ut
3077 4949 3211 5006 nihil
3248 4959 3393 5005 eum,
3426 4942 3569 5011 quod

1998 5051 2064 5105 de
2097 5047 2277 5103 futuro
2316 5048 2513 5102 saeculo
2541 5046 2642 5100 sibi
2670 5047 2903 5109 dicatur,
2931 5044 3205 5098 deterrere
3231 5041 3411 5105 queat,
3443 5041 3498 5087 et
3523 5034 3569 5088 si

1999 5139 2293 5209 aliquando
2323 5140 2619 5203 deterreat,
2663 5139 2788 5206 quia
2830 5135 2972 5204 quod
3011 5132 3211 5187 dicitur
3249 5123 3425 5179 adhuc
3465 5139 3572 5179 non

2000 5232 2183 5301 sentit,
2219 5230 2327 5285 cito
2356 5246 2384 5284 a
2413 5239 2591 5284 mente
2615 5229 2854 5283 excidat.

2073 5322 2385 5391 Objicienda
2435 5337 2566 5393 ergo
2616 5322 2663 5373 ci
2713 5326 2838 5374 sunt
2882 5329 3002 5383 qua:
3050 5314 3101 5367 in
3159 5303 3573 5380 praesentiarum

1990 5414 2144 5477 inter
2171 5410 2308 5465 male
2336 5409 2639 5465 faciendum
2664 5416 2719 5460 et
2746 5422 2843 5477 pro
2871 5402 3012 5457 male
3034 5398 3280 5456 faciendo
3305 5400 3578 5445 tormenta

2005 5502 2338 5556 anxietatum
2377 5515 2439 5553 ac
2462 5499 2734 5571 .timorum
2773 5495 2992 5565 patitur,
3026 5500 3080 5546 et
3109 5484 3254 5557 quod
3286 5477 3420 5533 nillil
3452 5479 3583 5531 inde

2009 5591 2113 5645 nisi
2159 5590 2397 5643 laborem
2425 5598 2480 5642 ct
2505 5586 2740 5640 dolorem
2779 5583 3153 5653 turpissimum
3184 5572 3581 5653 consetlllﬁl‘m

2015 5680 2175 5736 \‘crbi
2224 5677 2418 5744 gratia,
2476 5677 2618 5732 furto
2666 5678 2784 5738 quis
2835 5661 3084 5728 assuetus
3132 5671 3240 5724 est,
3289 5648 3589 5719 cupiditate
