4062 6354
486 362 543 423 Si
1343 367 1402 421 ν.
1431 362 1753 419 GUIBERTI
1781 360 2071 417 ABBATIS

2202 357 2436 415 MARUE
2465 359 2550 413 DE
2590 357 2981 415 NOVIGENTO

3674 359 3779 415 59.
3808 404 3815 411 .

489 485 674 553 itaque
712 475 997 552 cujuslibet
1036 479 1113 533 rei
1156 476 1349 540 victus,
1390 489 1494 528 non
1530 470 1652 528 uico
1679 488 1708 527 a
1742 472 1938 527 timore
1971 486 2062 525 no-
2094 478 2139 532 Α
2172 470 2367 525 mentis
2390 470 2457 523 ad
2487 468 2709 534 malum,
2742 483 2833 539 qui
2871 469 2915 523 si
2966 466 3300 524 tantumdem
3332 468 3599 524 bonorum
3627 480 3761 525 stu-

486 585 699 637 cturno,
741 572 883 627 unde
925 585 1025 641 ego
1075 567 1208 625 satis
1255 566 1718 629 exstimescercm,
1773 565 1867 620 sed
1918 578 1987 618 ue
2035 577 2065 616 a

2170 561 2304 617 diosi
2331 571 2533 628 essent,
2565 578 2771 634 magna:
2812 561 2986 618 laudis
3021 561 3180 617 titulo
3221 561 3363 630 digni
3393 560 3591 616 forent.
3625 560 3757 617 Ob—

494 664 861 718 membrorum
908 658 1121 730 quidem
1152 655 1463 723 amissione,
1493 654 1577 709 vel
1605 655 1674 709 ab
1696 654 1814 725 ipso
1838 652 2070 708 exterri-
2165 653 2384 723 jiciatur
2426 669 2553 725 ergo
2594 654 2791 709 talibus
2822 656 2921 710 sub
2952 654 3146 724 quibus
3173 652 3374 708 aculeis
3406 661 3463 708 et
3495 654 3765 708 tortioni-

497 765 585 810 tus
635 752 945 823 suspendio,
991 747 1133 818 quod
1178 761 1236 802 se
1280 762 1389 802 non
1435 759 1724 802 evasurum
1752 743 1875 808 scil,
1901 742 1946 797 si
1972 742 2067 796 de-

492 845 871 916 prehendatur,
916 840 1061 894 vadit
1105 838 1348 894 furatum
1390 856 1402 893 :
1439 839 1593 892 timet
1638 851 1786 901 sane,
1836 845 1890 889 et
1933 834 2067 889 truci

504 948 737 992 tremore
792 931 1131 997 concutitur,
1179 931 1272 986 sed
1322 930 1373 984 vi
1423 928 1732 999 cupiditatis
1780 926 2068 982 evincitur.

500 1027 789 1083 Convictus
825 1025 1008 1093 itaque
1042 1022 1165 1077 talis
1199 1021 1368 1077 furcis
1399 1020 1741 1092 appenditur.

569 1116 754 1169 Dicam
805 1123 862 1169 et
907 1114 975 1169 de
1027 1113 1269 1175 incestu,
1323 1113 1418 1167 sed
1474 1110 1639 1167 verbo
1684 1107 1882 1164 nobilis
1931 1107 2075 1163 illius

506 1203 676 1258 Boetii
711 1203 1052 1258 commodius
1082 1201 1296 1256 dicam:
1332 1201 1509 1267 (Quid
1562 1202 1659 1264 ait,
1694 1200 1760 1254 de
1791 1197 2077 1267 voluptati-

498 1294 601 1348 bus
625 1292 839 1361 loquar,
870 1306 1101 1360 quarum
1132 1290 1346 1360 quidem
1376 1289 1679 1359 appetentia
1705 1289 1861 1359 plena
1891 1287 2075 1341 anxie-

502 1384 631 1437 tatis
667 1392 770 1447 est,
810 1383 1035 1439 satietas
1065 1396 1193 1437 vero
1219 1381 1584 1451 paenitentiae?
1614 1379 1801 1451 (Bon.
1833 1379 1911 1433 De
1948 1392 2072 1431 con-

502 1472 600 1525 sol.
628 1469 855 1536 Philos.,
878 1470 967 1525 lib.
993 1486 1073 1533 ιιι,
1100 1485 1258 1540 prosa
1283 1470 1359 1538 7.)
1408 1468 1546 1534 Quid
1570 1469 1672 1524 hoc
1694 1467 1874 1522 verius
1899 1465 2076 1521 dicto?

504 1562 546 1615 Τ
551 1571 810 1631 orquetur
838 1562 891 1616 in
923 1560 1362 1631 concupiscentia
1396 1558 1583 1631 ﬂagitii
1618 1558 1845 1629 positus,
1880 1565 2077 1612 aestuat

506 1652 749 1721 cogitans
795 1650 1027 1720 qualiter
1071 1666 1298 1720 pravum
1350 1648 1601 1705 allectum
1644 1649 1711 1703 ad
1755 1648 2077 1716 nequiorem

506 1742 673 1797 ducat
714 1740 1010 1807 effectum;
1053 1752 1108 1797 et
1142 1742 1268 1797 dum
1307 1742 1560 1810 cognosci
1597 1740 1738 1810 quod
1768 1741 1878 1811 agit
1904 1740 2075 1801 timet,

2171 747 2280 801 bus
2301 747 2530 801 miseras
2563 747 2862 817 transigant
2888 746 3225 817 voluptates;
3254 745 3542 814 obiiciatur
3573 747 3766 816 turpis

2173 836 2559 907 epiniosqua
2589 837 2701 891 sola
2734 852 2827 891 seu
2858 837 3064 905 apertis
3091 836 3206 892 sive
3236 852 3343 891 non
3385 836 3589 906 apertis
3625 851 3759 891 rea-

2176 928 2319 983 tibus
2345 928 2641 983 infelicium
2674 928 2985 983 sordidatur
3007 927 3282 983 honestas.
3308 926 3364 982 Si
3393 928 3575 997 itaque
3608 927 3765 983 mala

2177 1016 2377 1079 futura,
2418 1017 2544 1087 quia
2593 1031 2696 1071 non
2725 1026 2851 1072 ante
2876 1017 3063 1075 oculos
3093 1025 3186 1070 aut
3214 1031 3243 1071 a
3274 1016 3538 1072 lateribus
3563 1032 3624 1071 ea
3648 1017 3762 1071 ha—

2176 1112 2323 1176 bent,
2376 1112 2551 1166 adhuc
2596 1113 2787 1166 tii'ncre
2815 1128 2920 1165 non
2958 1112 3270 1181 dignantur,
3304 1111 3533 1165 timeant
3556 1110 3763 1166 saltem

2178 1218 2273 1271 pro
2325 1203 2528 1257 tantilla
2572 1203 2847 1273 voluptate
2884 1212 2994 1257 tam
3038 1202 3244 1257 rabidis
3277 1203 3610 1258 cruciatibus
3641 1204 3767 1273 agi-

2181 1291 2301 1355 tari,
2342 1291 2408 1345 de
2437 1292 2631 1361 quibus
2675 1292 2805 1346 nihil
2848 1292 2949 1346 sibi
3000 1292 3278 1363 contingat
3311 1291 3413 1346 nisi
3451 1292 3785 1347 honestatis-

2179 1381 2968 1453 periculumperditionemque
3007 1382 3204 1437 lucrari
3252 1396 3267 1435 :
3318 1398 3461 1452 quae,
3507 1383 3760 1452 inquam,

2180 1471 2426 1541 voluptas
2455 1474 2521 1525 ad
2548 1474 2664 1541 apis
2694 1472 3133 1538 similitudinem,
3177 1480 3236 1526 ut
3268 1472 3528 1542 praefatus
3569 1482 3770 1527 auctor

2181 1562 2256 1616 ait
2285 1561 2476 1633 (Βοετ.
2511 1562 2599 1616 ubi
2625 1580 2763 1633 sup.,
2793 1574 2968 1618 metro
2995 1564 3075 1632 7),
3126 1562 3231 1619 mel
3273 1564 3327 1618 in
3358 1579 3475 1630 ore,
3509 1564 3561 1619 id
3596 1574 3677 1618 est
3703 1564 3766 1619 in

2183 1663 2436 1725 suggestu
2488 1653 2657 1724 ipsius
2709 1654 3219 1721 delectatiunculas,
3267 1655 3429 1726 gerit,
3480 1655 3575 1709 sed
3632 1669 3769 1709 acu-

2184 1747 2327 1801 leum
2357 1746 2409 1800 in
2447 1747 2638 1809 cauda,
2669 1747 2793 1815 quia
2826 1747 3169 1816 postmodum
3207 1746 3465 1818 quidquid
3512 1746 3761 1801 dulcedi-

508 1830 628 1885 diro
654 1838 710 1886 et
754 1830 1090 1889 intolerabili
1138 1830 1383 1885 cruciatu
1428 1829 1638 1894 uritur;
1671 1836 1728 1883 et
1756 1828 1883 1884 dum
1921 1836 2083 1883 aestus
2115 1811 2158 1871 Β
2186 1836 2271 1891 nis
2316 1835 2512 1892 inﬁma:
2556 1811 2755 1903 hausit,
2806 1811 2964 1893 sinvat
2992 1811 3315 1908 suspicio-nis
3343 1811 3641 1893 acerbitate
3667 1850 3769 1890 ex.-

509 1919 592 1973 διιί
637 1918 926 1988 impatiens
953 1919 1209 1989 expedire
1257 1934 1314 1974 se
1357 1919 1563 1982 nititur,
1604 1919 1757 1985 velit,
1791 1918 1946 1983 nolit,
1988 1934 2085 1972 usu

509 2009 729 2079 proprio
751 2020 1061 2080 superatur.
1100 2010 1233 2064 Dum
1275 2009 1447 2065 fervet
1487 2009 1798 2073 desideriis,
1840 2008 2091 2079 queritur

515 2100 798 2155 adversum
838 2115 898 2156 se
933 2102 1167 2171 graviter
1203 2102 1270 2156 de
1315 2101 1454 2156 bello
1494 2103 1634 2171 quod
1685 2101 1895 2165 tolerat,
1930 2109 1987 2156 et
2030 2112 2089 2155 se

513 2190 880 2246 miserrimum
930 2191 1166 2257 clamat,
1220 2193 1292 2246 ita
1346 2201 1405 2246 ut
1455 2193 1691 2264 seipsum
1739 2192 1980 2248 fastidiat
2033 2200 2090 2247 et

513 2282 695 2338 vivere
721 2283 931 2338 tazdeat.
962 2283 1025 2338 Et
1058 2284 1272 2354 expleto
1298 2285 1439 2354 quod
1469 2286 1665 2356 cupiit,
1695 2300 1812 2354 qua:
1844 2294 2086 2348 torturaa,

513 2371 604 2438 qui
636 2372 888 2440 gemitus,
931 2387 1090 2441 quam
1141 2389 1259 2428 sera
1300 2375 1620 2443 ptenitentia
1659 2383 1785 2428 tunc
1820 2374 2088 2429 infelicem

516 2462 786 2515 hominem
818 2464 1092 2531 sequitur!
1125 2481 1155 2515 s-

595 2550 667 2603 De
693 2563 800 2617 quo
823 2552 940 2605 sine
967 2551 1132 2605 dubio
1159 2552 1387 2606 dixerim
1411 2553 1539 2622 quia
1576 2554 1619 2607 si
1653 2562 1856 2607 tantum
1879 2554 2092 2611 veracis

523 2641 759 2694 tristitia:
783 2650 838 2695 et
863 2640 1153 2697 fructuosa:
1184 2643 1540 2712 paenitudinis
1577 2653 1697 2713 post
1730 2645 2099 2714 perpetratio-

518 2748 640 2787 .tem
678 2735 881 2804 peccati
913 2733 1157 2801 haberet,
1207 2744 1470 2805 quantum
1520 2744 1644 2806 post
1689 2734 1940 2791 effectum
1977 2736 2097 2792 libi-

522 2825 667 2878 dinis
713 2834 808 2879 aut
854 2825 1080 2895 alicujus
1128 2827 1392 2891 criminis,
1430 2838 1485 2882 et
1511 2828 1563 2882 in
1591 2828 1704 2898 ipsa
1738 2829 1903 2883 etiam
1939 2844 2098 2885 exco-

521 2913 814 2984 gitatione,
854 2925 1144 2986 antequam
1189 2926 1485 2988 perpetret,
1536 2918 1771 2987 prinmm
1816 2920 2096 2991 angustiae,

523 3009 795 3076 quomodo
836 3008 1046 3064 scilicet
1077 3008 1299 3075 elIiciat,
1346 3009 1540 3066 deliine
1580 3010 1831 3065 maeroris
1876 3027 1983 3081 quo
2033 3026 2097 3066 ex

2189 1929 2373 1984 solvit.

2273 2021 2417 2076 Dicit
2466 2028 2687 2075 sanctus
2721 2020 3013 2091 Gregorius
3049 2019 3266 2092 (Μαι-αι.
3298 2021 3351 2075 in
3378 2019 3503 2087 Job;
3540 2019 3634 2074 lib.
3667 2036 3767 2082 xu.

2189 2127 2309 2183 cap.
2340 2111 2455 2183 2|),
2482 2112 2609 2183 quia
2643 2111 2777 2167 nihil
2808 2111 3040 2183 simplici
3076 2120 3259 2166 mente
3294 2110 3525 2167 felicius.
3560 2110 3760 2166 Contra

2191 2204 2332 2273 quod
2378 2203 2596 2273 quidam
2640 2203 2716 2258 ait
2755 2203 2880 2274 quia
2928 2217 3083 2257 mens
3113 2201 3253 2258 male
3285 2202 3503 2257 conscia
3534 2202 3813 2273 propriis»

2192 2313 2408 2367 semper
2431 2298 2667 2368 agitatur
2688 2296 2941 2364 stimulis,
2971 2297 3095 2351 dum
3122 2294 3442 2351 malefacere
3463 2296 3771 2366 gestiendo,

2194 2398 2286 2443 aut
2326 2388 2609 2444 malefacta
2660 2388 2923 2454 timendo,
2975 2387 3248 2443 intestinis
3293 2386 3623 2442 creberrime
3642 2399 3767 2442 cre—

2198 2490 2375 2535 matur
2437 2480 2723 2536 incendiis.
2758 2479 2813 2534 Si
2846 2479 3011 2550 igitur
3060 2477 3295 2534 consulit
3337 2484 3552 2531 mternte
3579 2475 3765 2544 pcrdi-

2200 2574 2358 2638 tioni,
2385 2572 2467 2626 vel
2501 2571 2618 2644 [pro
2641 2569 2717 2643 et]
2749 2570 3001 2641 praesenti
3038 2568 3288 2625 consulat
3320 2565 3692 2630 verecundia;
3720 2574 3777 2620 et

2200 2679 2496 2721 conversus
2528 2663 2594 2717 ad
2623 2678 2718 2718 cor
2767 2662 2941 2717 discat
2984 2660 3241 2715 resistere
3288 2655 3777 2713 consuetudinibus

2200 2757 2398 2826 pravis,
2426 2754 2657 2811 sollicite
2684 2753 2939 2809 videlicet
2979 2751 3259 2822 inquirens
3290 2749 3419 2819 quid
3447 2747 3779 2802 distetinter

2200 2860 2421 2900 carnem
2452 2854 2508 2898 et
2536 2843 2809 2914 Spiritum,
2855 2843 2963 2897 imo
2997 2841 3125 2911 quid
3166 2840 3235 2896 sit
3278 2854 3404 2896 caro
3445 2848 3497 2894 et
3532 2837 3776 2907 spiritus.

2202 2934 2428 2989 Frustra
2471 2933 2615 2987 enim
2663 2933 2819 2988 miles
2861 2932 3028 2987 armis
3060 2930 3370 2997 instruitur,
3402 2928 3505 2983 nisi
3537 2927 3778 2982 animum

2203 3042 2388 3082 acrem
2450 3026 2652 3081 habeat
2699 3039 2808 3095 quo
2858 3025 3107 3080 hostibus
3157 3022 3479 3078 reluctetur.
3536 3019 3603 3074 Et
3651 3018 3797 3088 quid.

528 3102 779 3158 satietate
825 3103 1031 3172 peccati
1068 3104 1135 3158 ad
1176 3103 1392 3168 horam,
1445 3105 1617 3160 donec
1667 3104 1876 3159 scilicet
1910 3105 2092 3161 solitus

2205 3117 2423 3188 prodest
2459 3117 2683 3173 virtutes
2709 3115 3021 3172 carnalibus
3051 3114 3309 3169 adversas
3338 3110 3577 3167 lasciviis
3615 3124 3793 3181 agno-

524 3194 704 3251 fervor
746 3197 955 3262 redeat,
1001 3197 1280 3253 fastidium
1325 3198 1606 3252 consuevit
1633 3198 1763 3267 pati,
1807 3199 2099 3252 maximum

525 3295 580 3341 et
619 3288 768 3342 omni
820 3289 1134 3359 acceptione
1176 3290 1396 3360 dignum
1430 3288 1539 3343 Deo
1571 3288 1804 3343 fructmn
1836 3304 1945 3344 sua:
1967 3302 2102 3343 con-

526 3377 763 3435 tritionis
810 3378 1050 3436 offerret.
1106 3379 1212 3435 Sed
1257 3395 1444 3435 verum
1478 3390 1562 3435 est
1589 3395 1812 3450 prorsus
1852 3381 1976 3452 quia
2002 3379 2107 3450 ﬁlii

522 3468 704 3522 sicculi
741 3469 1101 3538 prudentiores
1128 3479 1201 3535 et,
1234 3478 1291 3523 ut
1323 3470 1402 3524 sic
1430 3470 1630 3535 dican‘,
1661 3469 1955 3526 vivaciores
1983 3480 2101 3524 sunt

527 3556 653 3624 ﬁliis
678 3556 808 3610 lucis
840 3558 897 3610 in
935 3560 1269 3627 generatione
1299 3576 1395 3612 sua
1441 3558 1593 3629 (Luc.
1651 3575 1760 3625 svi,
1787 3543 2106 3628 8).'Dicitur

528 3644 674 3697 enim
710 3645 987 3716 apostolis,
1024 3646 1100 3701 vel
1136 3646 1334 3700 Iudam
1370 3663 1474 3700 non
1501 3648 1680 3701 videtis
1714 3648 1973 3717 quomodo
2006 3665 2107 3701 non

528 3736 743 3802 dormit,
781 3754 888 3792 non
917 3738 1060 3807 quod
1102 3739 1292 3794 melior
1323 3739 1463 3795 foret
1499 3738 1650 3794 Juda:
1676 3739 1857 3809 vigilia
1894 3748 2111 3809 aposto—

535 3827 707 3881 lorum
760 3843 971 3892 somno,
1018 3830 1113 3885 sed
1159 3831 1300 3899 quod
1354 3830 1499 3886 illius
1551 3832 1604 3886 in
1657 3831 1800 3887 malo
1844 3831 2110 3902 sagacitas

537 3916 794 3988 apostolis
842 3920 1031 3977 adesse
1080 3924 1301 3978 deberet
1330 3923 1381 3977 in
1410 3924 1572 3978 bono.
1600 3924 1663 3978 Et
1695 3923 1892 3978 Paulus
1924 3925 2111 3977 huma-

2206 3227 2383 3277 scere,
2414 3212 2473 3267 si.
2498 3212 2639 3267 ratio
2676 3212 2823 3266 iners
2851 3218 2905 3265 et
2938 3208 3147 3279 torpida
3171 3208 3238 3262 ad
3267 3204 3661 3275 impugnandas
3686 3216 3784 3255 eas

2207 3323 2312 3363 non
2340 3304 2832 3374 velitassurgere?

2276 3399 2567 3455 Sumamus
2589 3398 2769 3469 itaque
2782 3396 3032 3469 quiddam
3051 3393 3258 3451 veracis
3279 3390 3519 3447 historia:
3534 3389 3588 3443 in
3600 3401 3783 3441 exem-

2207 3491 2374 3561 plum,
2401 3491 2556 3561 cujus
2586 3490 2713 3544 dum
2740 3497 2951 3544 secreta
2979 3486 3325 3550 discutimus,
3355 3481 3601 3553 plurimzr
3633 3476 3788 3533 instio

2211 3583 2435 3637 tutionis
2484 3581 2643 3635 nobis
2691 3574 3395 3648 instrumentaitaperimus.
3425 3571 3780 3627 Necnos-res

2212 3689 2377 3728 novas
2401 3671 2577 3727 moliri
2605 3672 2658 3725 in
2681 3672 2783 3727 hoe
2801 3671 3085 3741 quisquam
3109 3668 3399 3729 existimet,
3423 3663 3603 3721 sciens
3629 3660 3795 3731 quia,-

2211 3767 2255 3820 si
2283 3763 2579 3821 secundum
2609 3771 2849 3833 poetam,

2928 3850 3101 3906 Licuit
3126 3865 3423 3921 semperque
3446 3846 3614 3901 licebit

2215 3941 2500 4013 Signatum
2521 3950 2775 4011 pra’sente
2808 3947 2932 3992 nota
2959 3939 3245 4009 producere
3274 3951 3481 3999 nomen,

4010 1136 4013 1289 ι

4022 1764 4027 1940 1

537 4027 685 4103 num,
716 4011 902 4067 dicens
955 4012 1141 4084 (Rom.
1170 4030 1259 4081 γι,
1318 4015 1430 4085 l9),
1462 4024 1683 4085 propter
1740 4014 2111 4071 infirmitatem
2217 4011 2385 4088 "nmo
2413 4032 2587 4103 magis
2616 4030 2778 4086 liceat
2818 4028 3072 4085 omnibus
3106 4042 3277 4083 sacrm
3320 4023 3529 4096 paginm
3559 4018 3785 4076 scientia

537 4102 721 4156 carnis
775 4112 997 4170 nostrae,
1050 4104 1190 4159 sicut
1238 4115 1422 4160 nostra
1473 4106 1819 4161 exhibuimus
1869 4106 2111 4160 membra
2217 4124 2389 4179 dnctis
2414 4122 2561 4179 salva
2590 4122 2717 4185 “de,
2745 4129 2801 4177 ει
2821 4120 2977 4190 juxta
3005 4128 3246 4174 veterum
3275 4113 3487 4184 regulas
3520 4112 3809 4180 ίηιθι-ρι-ε-

540 4194 749 4251 servire
783 4195 1078 4267 iniquitati,
1111 4198 1154 4253 si
1197 4216 1302 4253 non
1343 4200 1597 4269 amplius,
1633 4200 1711 4255 sic
1742 4198 1933 4254 saltem
1962 4197 2115 4252 exhi-
2220 4229 2358 4283 mm,
2410 4215 2819 4287 scripturam“.
2879 4227 2977 4283 per
3025 4225 3216 4267 sensus
3260 4208 3443 4263 varios
3485 4204 3794 4264 disquirere

539 4286 669 4375 bere
698 4303 794 4342 nos
823 4290 932 4345 vult
965 4291 1032 4346 ad
1060 4292 1401 4346 serviendum
1432 4293 1727 4347 sanctitati.
2199 4285 2548 4365 ὐυθτωιεηις
2574 4307 2829 4362 Dicamus
2851 4304 3030 4375 igitur,
3118 4305 3129 4317 ·

611 4374 848 4434 Noverat
914 4380 1267 4436 acrimoniam
1330 4391 1387 4437 et
1449 4382 1800 4452 sagacitatem
1863 4382 2115 4436 humana:

1848 4531 2091 4570 EXPLICIT
2134 4524 2449 4569 ιιιιιιιιιξιιιωι.

956 4803 1532 4929 INCIPIT
1631 4798 2491 4930 MOBALIUM
2587 4783 3395 4922 GENESEOS

1648 5057 2005 5143 LIBER
2091 5050 2581 5143 PRIMUS.

2228 5378 2373 5429 inter
2420 5389 2498 5439 se,
2549 5383 2609 5427 ut
2663 5381 2793 5443 puto
2847 5369 3092 5438 reperiri,
3142 5372 3368 5438 possunt
3396 5364 3616 5419 habere.
3674 5360 3812 5417 Sunt

2233 5475 2411 5519 autem
2454 5479 2603 5527 caro,
2630 5472 2683 5519 et
2706 5461 2953 5531 spiritus.
2990 5458 3131 5513 Caro
3154 5464 3334 5511 autem
3371 5454 3471 5508 hoc
3507 5452 3559 5506 in
3588 5451 3727 5514 loco,
3755 5457 3811 5503 et

2230 5571 2373 5628 sarpe
2412 5555 2545 5610 alias
2584 5569 2705 5607 cum
2736 5566 2834 5621 pro
2878 5550 3026 5605 vitiis
3075 5546 3255 5603 carnis
3301 5545 3538 5616 ponitur,
3585 5543 3639 5596 in
3671 5537 3812 5594 malo

2230 5649 2511 5719 accipitur.
2546 5645 2715 5699 llomo
2757 5658 2988 5712 namque
3016 5656 3044 5694 a
3079 5640 3187 5694 Deo
3217 5640 3290 5693 ita
3319 5636 3568 5693 conditus
3605 5640 3688 5688 est
3715 5630 3812 5682 iin-

2233 5740 2407 5796 muuis
2434 5739 2499 5793 ab
2521 5733 2667 5791 omni
2697 5731 2959 5805 superfluo
3007 5740 3060 5787 et
3079 5730 3386 5786 iuordinato
3416 5724 3579 5785 animi
3609 5730 3665 5779 et
3690 5733 3815 5777 car-

1011 5384 1070 5455 9
1098 5382 1324 5439 CAPUT
1356 5380 1640 5438 PRIMUM.

616 5474 779 5529 Vsus.
815 5474 860 5527 Ι.
894 5473 960 5528 1η
979 5476 1234 5545 principio
1258 5474 1448 5529 creavit
1473 5472 1611 5527 Deus
1634 5469 1817 5525 caelum
1838 5478 1884 5523 et
1910 5479 2122 5521 terram.

551 5580 604 5621 tn
635 5567 901 5639 principio
941 5568 1311 5623 conversionis
1338 5576 1536 5623 nostra:
1577 5565 1717 5635 intra
1768 5562 2127 5630 nosmetipsos

551 5660 605 5716 in
632 5660 739 5716 duo
767 5661 1012 5730 quaedam
1042 5660 1144 5716 sibi
1171 5659 1325 5714 valde
1364 5660 1631 5713 contraria
1664 5656 1974 5719 dividimur,
2006 5668 2125 5723 quae

555 5770 607 5808 tu
649 5754 794 5812 nullo
846 5757 983 5813 bene
1043 5754 1253 5810 vivente
1311 5765 1499 5824 pacem
1553 5751 1635 5805 vel
1691 5756 2125 5805 momcntancam
