4062 6354
326 381 393 436 53
1495 377 1855 435 MORALIUM
1888 377 1955 432 IN
1993 370 2454 436 GENESIN'LIB.
2489 381 2519 433 ὗ.
3516 394 3583 449 δι

328 496 416 551 nls
442 509 552 549 suae
593 504 759 557 motu,
788 508 910 547 cum
956 500 1103 547 tanta
1148 494 1342 546 harum
1384 492 1611 547 duarum
1670 503 1903 562 partiam
1938 499 1982 554 Α
2016 500 2122 558 tur,
2174 508 2298 547 cum
2342 492 2568 550 duorum
2616 498 2836 552 istorum
2867 498 3216 571 intelligentia
3258 513 3312 561 ει
3336 510 3582 569 ordinata

328 587 619 641 concordia
650 594 868 640 creatus
895 592 998 647 est,
1031 591 1091 636 ut
1130 581 1205 636 nil
1232 582 1284 635 in
1308 597 1367 636 se
1397 597 1617 651 prorsus
1649 582 1905 638 molestia:

327 683 623 744 pateretur,
675 676 844 731 donec
893 673 1131 728 divinum
1179 673 1483 743 imperium,
1527 674 1761 743 serpenti
1809 674 1905 727 olz~

328 775 658 835 temperans,
686 765 1180 836 Iransgrcderetur:
1213 779 1319 833 quo
1353 774 1507 833 pacto
1529 765 1668 818 illico
1686 775 1905 819 contra-

328 858 465 911 riam
525 857 763 912 dominio
822 857 1023 911 mentis
1083 856 1253 910 sensit
1300 870 1540 910 carnem.
1590 856 1656 910 Et
1700 856 1905 925 justum

327 948 547 1018 quidem
586 947 706 1012 fuit,
739 957 795 1002 ut
825 947 1062 1016 quandiu
1093 946 1208 1016 ipse
1242 946 1352 1001 Deo
1400 947 1714 1001 obedienter
1743 946 1906 1013 subji-

328 1049 565 1102 ceretur,
596 1039 795 1093 nullam
835 1038 1241 1106 repugnantiam
1270 1038 1352 1092 sui
1385 1037 1644 1091 adversus
1670 1052 1728 1091 se
1757 1048 1906 1106 pate—

330 1140 501 1197 retur,
525 1146 624 1186 nec
670 1130 848 1185 minus
881 1129 1083 1199 justum
1131 1129 1230 1183 fuit
1254 1129 1395 1198 quod
1426 1143 1547 1183 cum
1576 1129 1686 1183 Deo
1715 1129 1903 1197 subjici

332 1223 520 1288 nollet,
548 1236 647 1277 nec
682 1222 918 1291 scipsnm
958 1221 1058 1277 sub
1093 1235 1191 1277 suo
1214 1219 1335 1290 jure
1378 1220 1620 1275 haberet.
1653 1221 1808 1276 Unde
1855 1230 1908 1275 et

329 1328 451 1367 cum
482 1314 548 1367 de
577 1313 741 1367 vetito
779 1312 1160 1377 comedissent,
1191 1311 1350 1366 ambo
1372 1311 1473 1366 sibi
1515 1311 1767 1365 dicuntur
1806 1325 1904 1380 pe-

331 1403 594 1459 rizomata
618 1401 877 1474 (Gemitu,
893 1402 970 1473 7),
990 1403 1041 1457 id
1063 1410 1146 1457 est
1161 1402 1627 1456 circumcinctoria
1648 1402 1904 1466 texuisse,

328 1494 455 1561 quia
501 1494 748 1548 vicelicet
786 1494 875 1556 hi,
914 1494 1008 1563 qui
1072 1492 1223 1563 prius
1281 1493 1415 1546 nihil
1475 1493 1907 1563 concupiscenlo

327 1580 591 1647 viderant,
633 1580 747 1651 jam
790 1599 944 1653 :cquo
997 1582 1199 1651 judicio
1253 1583 1483 1651 turpiter
1534 1583 1801 1637 stimulari
1855 1585 1904 1637 in

327 1671 648 1728 alterutrum
676 1676 1000 1729 sentiebant.

397 1763 474 1819 Ex
499 1773 627 1820 tunc
650 1780 779 1836 ergo
808 1767 860 1821 in
893 1766 1046 1821 nobis
1070 1766 1577 1837 concupiscentialis
1599 1766 1907 1822 inobedien-

328 1854 402 1908 tia
444 1866 650 1927 regnat,
676 1833 796 1927 quae
826 1858 988 1913 etiam
1032 1833 1275 1913 nolentes
1303 1859 1369 1913 ad
1397 1868 1574 1914 motus
1616 1872 1716 1913 nos
1757 1858 1907 1913 inde—
1943 1833 1979 1889 Β

328 1961 486 2002 coros
517 1949 727 2005 invitat.
756 1950 810 2004 In
842 1950 927 2005 his
968 1951 1132 2019 igitur
1162 1951 1251 2019 qtti
1280 1951 1444 2003 chaos
1468 1950 1722 2004 vitiorum
1756 1950 1907 2004 devi-

328 2044 530 2103 tantes,
556 2040 820 2110 principia
846 2042 1216 2096 conversionis
1243 2041 1613 2096 benevolendo
1643 2042 1905 2106 fecerunt,

330 2128 473 2182 Deus
507 2129 703 2182 caelum
730 2139 787 2184 et
829 2138 1030 2183 terram
1055 2139 1226 2193 creat,
1260 2130 1385 2198 quia
1417 2129 1713 2199 Spiritum,
1744 2131 1794 2183 id
1825 2138 1910 2183 est

331 2219 620 2283 rationem,
649 2227 703 2273 ct
732 2228 956 2285 terram,
997 2220 1049 2273 id
1075 2230 1158 2274 est
1185 2219 1457 2274 carnalem
1488 2219 1760 2283 ati‘ectum,
1791 2234 1909 2288 quae

328 2310 478 2378 prius
505 2310 731 2368 confuso
748 2311 808 2367 in
829 2311 993 2370 corde
1013 2311 1153 2368 fuLe'i
1163 2327 1257 2365 ψη
1268 2326 1441 2369 catur:
1452 2312 1549 2368 ista
1561 2310 1909 2385 fatebantur;

326 2402 519 2457 ordine
549 2405 806 2461 discernit
827 2414 881 2461 et
915 2407 1161 2470 suScitat,
1195 2415 1250 2460 et
1278 2407 1471 2461 coelum
1504 2409 1718 2477 quidem
1751 2426 1909 2479 supc-

328 2493 441 2549 rius
469 2504 738 2563 statuens,
787 2498 1064 2567 cujusdam
1101 2498 1149 2552 ei
1200 2497 1533 2568 principatus
1590 2499 1906 2569 dignitatem

328 2586 538 2653 tribuit,
568 2590 632 2644 de
659 2589 811 2659 cujus
836 2601 965 2645 nutu
998 2601 1139 2645 terra
1191 2606 1312 2645 cum
1345 2590 1457 2645 suis
1484 2590 1735 2646 omnibus
1787 2606 1908 2661 spec

327 2691 451 2731 rare
477 2679 689 2733 debeat.
722 2679 874 2737 Sicut
916 2680 1061 2735 enim
1107 2680 1172 2735 de
1211 2679 1349 2735 coelo
1396 2679 1574 2733 lumen
1606 2680 1907 2735 infunditur

325 2777 383 2822 et
404 2784 468 2823 ex
510 2769 755 2826 discurstt
800 2772 1020 2828 nubium
1065 2772 1265 2842 ubique
1307 2780 1568 2826 terrarum
1591 2772 1785 2841 pluviae
1808 2773 1907 2827 mi-

327 2862 647 2927 nistrantur,
677 2876 741 2918 ex
766 2874 997 2934 quatuor
1024 2881 1236 2935 quoque
1258 2865 1432 2920 ventis
1465 2864 1584 2921 εωιί
1615 2873 1757 2920 terra
1782 2882 1906 2935 per-

327 2951 510 3019 ﬂatur,
544 2955 614 3007 ita
656 2955 722 3009 de
750 2956 981 3022 ratione,
1025 2973 1142 3027 quae
1178 2973 1386 3012 summa
1434 2958 1600 3011 nostri
1643 2972 1769 3026 pars
1799 2965 1903 3021 est,

329 3044 716 3117 intelligentiae,
768 3060 927 3105 recta:
957 3049 1269 3105 intentionis
1314 3050 1764 3119 discretionisque
1794 3049 1905 3103 cla-

330 3137 463 3193 ritas
491 3140 759 3208 procedit,
809 3141 861 3196 in
906 3157 968 3196 ea
1019 3142 1235 3196 Patrum
1284 3142 1627 3211 antiquorum
1656 3141 1904 3197 caelestes
1932 3173 1975 3233 ε

327 3232 694 3301 enubilantur,
734 3245 1021 3291 servantur
1045 3245 1098 3291 et
1143 3237 1261 3290 aliis
1295 3237 1567 3291 tradenda:
1596 3237 1900 3301 sententias,

328 3336 394 3375 ex
423 3324 616 3392 quibus
643 3340 764 3379 cum
793 3328 1069 3394 compluti,
1110 3337 1162 3382 et
1200 3328 1288 3380 alii
1342 3328 1559 3391 fuerint,
1608 3329 1689 3382 sui
1742 3328 1905 3382 etiam

330 3414 573 3480 corporis
601 3424 820 3477 terram,
854 3417 903 3469 id
926 3427 1008 3469 est
1028 3432 1216 3470 omnes
1244 3431 1502 3470 sensuum
1535 3432 1755 3470 suorum
1787 3432 1908 3485 par-

334 3511 433 3566 tes,
489 3502 590 3557 hac
627 3504 919 3572 spiritualis
970 3505 1206 3560 scientia:
1261 3504 1592 3576 plenitudine
1638 3506 1702 3560 ad
1754 3506 1910 3561 bonis

327 3592 584 3660 operibus
609 3592 1038 3668 fructificandum
1067 3596 1275 3665 irrigat,
1306 3603 1362 3651 et
1396 3604 1629 3665 quatuor
1654 3596 1906 3665 spiritui-

327 3683 486 3747 libus,
518 3685 1009 3757 principalibusque
1024 3688 1331 3754 virtutibus,
1363 3688 1647 3758 prudentia
1674 3690 1902 3755 scilicet,

320 3772 556 3842 justitia,
587 3773 919 3841 fortitudine,
948 3779 1300 3847 temperantia
1331 3778 1590 3848 quidquid
1622 3779 1798 3833 vitiosi
1823 3792 1904 3834 est

326 3863 589 3933 humoris,
621 3867 773 3936 quasi
799 3868 1074 3938 cujusdam
1098 3886 1243 3925 aura:
1265 3873 1499 3941 potentis
1521 3872 1749 3941 impulsu
1776 3872 1900 3926 abs-

328 3955 487 4022 tergit
528 3965 582 4010 et
624 3957 811 4012 siccat.
842 3957 993 4014 Sicut
1015 3960 1178 4024 enim,
1203 3962 1247 4016 si
1277 3965 1415 4017 bene
1446 3962 1712 4026 attendas,
1758 3971 1901 4017 terra

324 4042 456 4097 nilnl
484 4058 619 4114 pene
649 4054 752 4112 est,
783 4047 885 4102 nisi
912 4048 980 4104 de
1006 4049 1143 4105 coelo
1169 4050 1425 4121 quidquid
1454 4051 1579 4107 boni
1613 4053 1783 4122 gignit
1809 4067 1901 4107 ac-

320 4133 507 4202 cipiat,
541 4135 613 4188 ita
655 4151 850 4206 corpus
894 4148 1138 4194 nostrum
1169 4141 1314 4195 omni
1344 4140 1629 4197 sterilitate
1677 4143 1803 4197 boni
1848 4152 1902 4197 et

324 4227 540 4282 miseria
568 4231 771 4299 peccati
820 4232 1122 4303 squalidum
1147 4244 1412 4301 remanet,
1435 4236 1538 4291 nisi
1563 4237 1773 4292 ratione
1811 4253 1899 4292 re-

323 4325 501 4386 gatur.
533 4318 691 4375 Ratio
718 4336 845 4376 vero
876 4321 1007 4377 nihil
1056 4322 1199 4379 aliud
1240 4334 1323 4380 est
1366 4339 1527 4397 quam
1573 4325 1897 4392 intellectus,

323 4420 388 4460 ex
425 4422 532 4478 quo
582 4408 676 4465 Dei
725 4420 779 4465 et
814 4413 1128 4483 angelorum
1156 4414 1362 4470 similes
1391 4415 1671 4481 efﬁcimur,
1701 4430 1809 4485 quo
1836 4430 1897 4470 ea

2007 584 2298 637 secundum
2357 583 2620 651 justitiam
2669 589 2972 645 differentia
3033 594 3087 647 in
3145 596 3327 653 animo
3393 601 3584 660 haberi

2007 673 2215 745 incipit.
2241 677 2346 732 Sed
2375 679 2542 747 ipsam
2575 689 2772 735 terram
2802 683 3031 752 qualiter
3049 686 3279 756 explicet
3301 697 3582 761 sequentia

2008 765 2313 820 videamus.

2080 854 2243 909 Vsus.
2273 856 2329 910 2.
2355 885 2424 895 ——
2451 855 2609 910 Terra
2638 868 2811 913 autem
2835 871 2945 916 erat
2976 865 3149 920 inanis
3175 878 3224 921 et
3247 885 3431 926 vacua.
3457 873 3587 928 Ter-

2010 960 2146 1010 ram,
2176 955 2233 1000 ut
2270 948 2403 1013 dixi,
2432 949 2516 1004 vel
2540 965 2737 1020 corpus
2757 962 3028 1021 nostrum,
3067 972 3163 1013 seu
3193 959 3447 1018 allectum
3480 965 3587 1036 ιο

2009 1036 2280 1092 carnalem
2342 1040 2600 1096 debemus
2654 1042 2775 1096 istic
2829 1044 3095 1113 accipere.
3152 1048 3399 1108 Carnalis
3461 1072 3589 1110 vero

2009 1126 2232 1185 allectus
2262 1129 2438 1186 inanis
2466 1147 2591 1187 vere
2624 1133 2843 1199 dicitur,
2868 1134 2993 1203 quia
3022 1136 3153 1190 nihfl
3184 1140 3437 1207 solidum,
3478 1156 3592 1199 sta-

2010 1218 2133 1283 bile,
2164 1220 2249 1274 vel
2285 1232 2565 1288 constans,
2597 1232 2857 1293 quantum
2889 1224 2954 1278 ad
3002 1240 3061 1281 se
3107 1229 3361 1297 pertinet,
3395 1234 3586 1300 habet;

2009 1309 2123 1372 sed,
2150 1310 2291 1364 sicut
2312 1327 2439 1367 caro
2469 1314 2762 1368 subtractis
2794 1314 3009 1369 ossibus
3038 1324 3143 1370 tota
3185 1322 3440 1385 concidit,
3491 1340 3589 1392 per

2009 1412 2066 1452 se
2087 1409 2230 1453 stare
2258 1414 2362 1455 non
2394 1402 2604 1466 valens,
2660 1402 2731 1456 ita
2759 1418 2885 1471 pars
2912 1404 3081 1459 nostri
3109 1406 3350 1471 inferior,
3383 1410 3591 1467 scilicet

2010 1488 2339 1553 animalitas,
2381 1490 2481 1544 nisi
2521 1493 2661 1545 adsit
2701 1494 2839 1547 ratio
2864 1509 2981 1561 qua:
3013 1504 3183 1564 regat,
3224 1495 3297 1551 nil
3327 1498 3594 1567 pondero-

2010 1596 2149 1641 sum,
2174 1580 2246 1633 nil
2273 1581 2423 1645 utile,
2454 1582 2547 1636 sed
2581 1590 2750 1637 totum
2783 1600 3003 1650 Vanum,
3031 1596 3185 1653 turpe
3209 1596 3263 1642 et
3294 1588 3594 1646 incommo-

2011 1673 2136 1725 dum
2164 1687 2323 1741 agere
2348 1676 2517 1727 novit.
2550 1673 2680 1740 Quae
2709 1675 2942 1731 inanitas
2972 1679 3239 1746 praecipue
3265 1681 3333 1733 ad
3370 1680 3595 1737 interio-

2012 1777 2124 1817 rem
2154 1765 2392 1832 pertinet
2424 1765 2718 1831 hominem,
2754 1768 2821 1822 ad
2854 1767 3143 1824 deterioris
3176 1769 3427 1826 videlicet
3455 1771 3592 1827 all‘e-

2010 1864 2129 1909 ctus
2161 1855 2327 1925 ipsius
2371 1866 2599 1925 partem,
2632 1872 2754 1912 cum
2784 1858 2939 1929 longe
2967 1874 2999 1913 a
3038 1861 3146 1916 Deo
3186 1862 3447 1933 cogitatio
3474 1867 3592 1934 ejus

2008 1955 2059 1999 ct
2080 1960 2220 2000 cura
2242 1956 2518 2011 versatur,
2550 1955 2605 2001 et
2653 1956 2747 2003 aut
2791 1949 3024 2005 otiosum
3071 1965 3297 2020 prorsus
3342 1963 3450 2019 est,
3498 1966 3591 2009 aut

2012 2037 2229 2091 noxium
2259 2039 2400 2105 quod
2431 2038 2743 2093 meditatur.
2772 2040 2905 2095 Cum
2934 2056 3063 2112 ergo
3095 2043 3169 2097 sit
3198 2043 3251 2097 in
3278 2045 3593 2116 vagabundo

2010 2127 2191 2181 cordis
2227 2129 2463 2196 appetitu
2491 2129 2745 2191 inanitas,
2774 2139 2828 2184 et
2866 2144 2896 2184 a
2929 2131 3133 2199 divino,
3163 2142 3223 2187 ιιι
3265 2134 3339 2188 ita
3390 2136 3589 2199 dicam,

2011 2217 2217 2270 semine
2244 2217 2551 2271 miseranda
2581 2220 2856 2281 sterilitas,
2889 2229 3058 2275 restat
3104 2230 3162 2275 ut
3208 2233 3464 2291 sequatur
3498 2241 3592 2280 ne-

2009 2306 2249 2367 cessario
2297 2306 2350 2367 in
2396 2321 2618 2382 operum
2662 2306 3587 2386 bwaa.tm...c&§bi1w.ctaca‘as,

2008 2406 2136 2473 quia
2165 2405 2323 2459 valde
2355 2405 2550 2460 mirum
2579 2415 2748 2473 esset,
2772 2409 2816 2461 si
2849 2410 3065 2464 vitalem
3107 2427 3324 2467 succum
3367 2414 3530 2467 arbor
3558 2430 3589 2467 a

2007 2497 2283 2553 radicibus
2327 2497 2673 2565 perdidisset,
2728 2508 2783 2554 et
2824 2499 3062 2555 arefacta
3119 2502 3411 2559 introrsum
3463 2505 3591 2560 fofia

2010 2585 2324 2657 fructusque
2352 2589 2692 2659 produceret.
2722 2590 2884 2646 Terra
2908 2606 3039 2663 ergo
3057 2593 3228 2663 primo
3253 2596 3424 2650 inanis
3452 2596 3562 2651 in'c
3579 2626 3591 2637 -

2011 2680 2151 2743 rius,
2201 2690 2248 2733 et
2297 2692 2464 2736 vacuo
2507 2682 2574 2736 ab
2619 2682 2851 2737 utilitate
2881 2684 3139 2739 exterius.
3184 2684 3283 2751 Qui
3331 2686 3398 2739 de
3443 2696 3589 2742 terra

2008 2781 2110 2837 est,
2144 2774 2239 2839 ait,
2269 2774 2336 2829 de
2367 2782 2506 2829 terra
2540 2774 2704 2831 habet
2734 2791 2874 2841 esse,
2905 2785 2959 2831 et
2996 2776 3117 2831 ideo
3156 2776 3315 2832 habet
3345 2778 3411 2833 de
3445 2786 3587 2834 terra

2009 2863 2155 2934 loqui
2184 2865 2364 2935 (Joan.
2392 2880 2476 2932 tn,
2500 2866 2616 2937 5|),
2641 2867 2767 2935 quia
2798 2866 2843 2922 si
2870 2867 3145 2922 'COnderel.
3195 2869 3356 2925 homo
3399 2871 3527 2940 quid
3558 2886 3588 2925 a

2010 2968 2068 3008 se
2092 2954 2308 3021 habeat,
2341 2953 2415 3009 nil
2445 2969 2669 3026 prorsus
2690 2956 2914 3021 invenit,
2946 2958 3046 3012 nisi
3073 2959 3213 3028 quod
3248 2959 3471 3015 absente
3495 2961 3590 3017 D.i

2008 3044 2180 3115 gratia
2211 3044 2422 3100 asinum
2464 3044 2638 3113 juvat.
2672 3045 2810 3113 Quid
2842 3047 2986 3101 enim
3015 3057 3095 3102 est
3124 3048 3301 3114 homo,
3335 3065 3440 3105 non
3469 3052 3590 3107 dico

2009 3138 2127 3191 sine
2157 3137 2389 3201 ratione,
2421 3138 2514 3193 sed
2562 3138 2679 3193 sine
2708 3138 2837 3200 Deo,
2872 3140 2962 3208 qui
2996 3139 3259 3194 clarificat
3302 3142 3589 3211 rationem,

2010 3226 2111 3280 nisi
2143 3227 2340 3295 pecus?
2370 3228 2529 3283 Ratio
2545 3245 2777 3299 namque
2794 3230 2893 3284 nisi
2912 3231 3088 3285 amori
3112 3231 3292 3286 divino
3308 3234 3585 3301 adjuncta,

2008 3321 2242 3371 versutia
2286 3319 2464 3387 potius
2512 3318 2786 3373 saecularis
2823 3330 2877 3373 et
2932 3320 3197 3375 diabal'ca
3247 3323 3471 3379 dicenda
3506 3337 3591 3381 est

2009 3419 2171 3472 quam
2200 3406 2265 3458 ad
2297 3406 2495 3474 aliquid
2545 3407 2671 3461 boni
2721 3407 2903 3462 valcns
2952 3410 3256 3477 prudentia.
3281 3411 3405 3466 llaec
3440 3428 3586 3481 cum,

2012 3496 2121 3550 Deo
2154 3498 2469 3567 inspirante,
2508 3499 2677 3569 legem
2715 3498 2870 3567 juxta
2906 3500 3222 3571 Apostolum
3254 3492 3589 3573 spirituale'tn

2009 3588 2109 3641 scit
2139 3596 2192 3642 ct
2219 3589 2581 3657 amplectitur,
2629 3591 2901 3645 carnalem
2946 3600 3124 3648 tamen
3165 3593 3416 3650 allectum
3448 3600 3587 3667 pati-

2008 3688 2113 3745 tur,
2148 3681 2372 3733 vanitati
2423 3681 2662 3751 subjecta
2701 3698 2807 3736 non
2845 3683 3031 3738 volens
3065 3684 3116 3753 (Ι
3149 3682 3271 3739 Cor.
3308 3702 3405 3752 vn,
3462 3689 3585 3758 l5);

2006 3771 2145 3823 unde
2167 3779 2218 3824 et
2244 3769 2386 3839 quod
2410 3780 2668 3840 operatur
2694 3787 2798 3826 non
2845 3772 3114 3844 intelligit,
3145 3775 3194 3829 id
3242 3785 3324 3831 εει
3352 3793 3458 3831 non
3488 3794 3586 3849 ap—

2005 3864 2215 3933 probat,
2267 3880 2371 3919 non
2412 3863 2603 3935 diligit.
2654 3864 2757 3919 Per
2786 3866 3035 3935 spiritum
3068 3868 3237 3934 enim,
3292 3869 3346 3924 id
3375 3879 3461 3925 est
3504 3887 3587 3926 ra-

2007 3953 2225 4018 tionem,
2279 3970 2399 4024 qua}
2428 3970 2549 4009 cum
2584 3955 2693 4011 Deo
2727 3957 2916 4021 sentit,
2964 3966 3017 4010 et
3064 3974 3132 4012 ex
3176 3958 3304 4025 Deo,
3351 3969 3407 4015 et
3461 3976 3583 4017 cum

2005 4045 2113 4100 Deo
2138 4046 2302 4111 videt,
2326 4049 2556 4102 attendit
2585 4048 2786 4103 bonum
2822 4050 2962 4119 quod
2994 4049 3110 4105 fieri
3140 4054 3413 4120 convenit,
3446 4056 3584 4110 desi-

2004 4136 2156 4191 derat
2192 4136 2385 4200 facere,
2424 4138 2516 4193 sed
2545 4154 2676 4194 caro
2708 4141 2985 4207 renititur,
3034 4152 3088 4196 et
3136 4144 3497 4212 venundatur,
3533 4146 3583 4203 id

2002 4238 2085 4281 est
2108 4228 2372 4284 alienatus
2420 4230 2581 4284 homo
2607 4245 2636 4283 a
2667 4239 2934 4300 potestate
2963 4234 3044 4287 sui
3092 4250 3188 4304 per
3233 4238 3578 4293 consuetudi-

2003 4336 2125 4375 nem
2188 4322 2469 4389 peccandi,
2514 4324 2791 4392 quodnon
2820 4324 2981 4380 vellet
3019 4341 3117 4395 per
3162 4328 3414 4397 spiritum
3458 4330 3578 4386 facit

2001 4427 2097 4481 per
2126 4410 2401 4477 allectum,
2454 4423 2602 4468 etcx
2646 4430 2712 4470 eo
2742 4416 2886 4485 quod
2918 4417 3118 4472 invitus
3165 4418 3314 4486 facit,
3362 4434 3430 4475 ex
3479 4418 3581 4476 hoc

326 4512 443 4564 qua:
471 4500 562 4554 Dei
596 4511 717 4556 sunt
746 4503 1003 4574 sapimus,
1036 4521 1143 4576 quo
1168 4507 1333 4561 etiam
1361 4508 1476 4563 solo
1503 4510 1555 4563 in
1581 4509 1689 4563 vita
1723 4508 1824 4563 hac
1865 4524 1893 4561 a
1928 4507 1969 4563 υ
2002 4503 2117 4573 ipso
2146 4502 2249 4573 legi
2280 4502 2372 4557 Dei
2403 4505 2657 4572 quoniam
2692 4506 2829 4559 bona
2861 4515 2973 4570 εει,
3006 4507 3297 4561 000680”!-

329 4588 515 4645 bestiis
541 4593 855 4663 differimus,
892 4599 992 4653 hoc
1020 4601 1410 4656 animalilatem
1453 4613 1713 4667 nostram,
1740 4604 1790 4657 id
1818 4614 1901 4658 est

326 4680 722 4749 carnalitalem,
751 4701 910 4755 quam
952 4705 1072 4744 cum
1121 4692 1311 4746 bestiis
1363 4692 1620 4750 habemus
1665 4708 1902 4749 commuo

325 4784 469 4834 nem,
506 4786 689 4841 regere
720 4785 773 4830 ει
796 4779 1046 4834 ordinare
1074 4782 1349 4837 debemus.

394 4862 666 4919 Habemus
694 4866 857 4937 igitur
880 4870 1073 4925 ccclum
1119 4874 1170 4928 in
1202 4876 1377 4941 nobis,
1422 4891 1528 4945 quo
1575 4877 1626 4930 in
1655 4878 1896 4934 caelestia

321 4956 685 5025 suspiremus;
739 4961 997 5018 habemus
1043 4968 1351 5021 econtrario
1403 4977 1622 5031 terram,
1664 4985 1770 5040 qua
1830 4972 1896 5025 ad

321 5048 617 5113 appetenda
652 5048 833 5104 inﬁma
879 5066 1133 5121 pecorum
1163 5069 1315 5111 more
1342 5056 1725 5129 demergimur.
1770 5059 1896 5115 llrcc

319 5135 441 5200 sibi,
472 5130 770 5195 secundum
815 5142 1128 5213 Apostolum
1164 5186 1179 5211 ,
1244 5146 1471 5202 invicem
1520 5148 1893 5213 adversantur,

318 5233 376 5277 ut
402 5241 521 5297 quae
554 5229 692 5285 bona
722 5234 966 5304 cupimus
994 5234 1200 5301 facere,
1240 5238 1436 5309 saepius
1477 5254 1585 5294 non
1630 5241 1897 5311 possimus

318 5314 460 5387 (Gal.
491 5333 543 5385 v,
571 5321 678 5392 l7).
709 5322 843 5379 Cum
876 5325 1057 5397 itaque
1086 5329 1150 5382 ad
1188 5330 1354 5385 Deum
1386 5332 1776 5396 convertimur,
1811 5348 1897 5386 ra-

319 5408 540 5476 tionem,
567 5426 685 5482 qua:
707 5416 807 5471 sub
828 5416 1024 5473 atlectu
1051 5421 1251 5475 carnali
1283 5423 1435 5491 quasi
1482 5422 1674 5477 ancilla
1705 5423 1895 5480 ordine

319 5509 664 5567 purpostcro,
699 5512 755 5559 et
780 5505 934 5562 valde
961 5523 1217 5577 perverso
1259 5511 1497 5581 jacebat,
1530 5511 1810 5581 erigimus,
1839 5525 1894 5569 et

320 5594 497 5642 contra
526 5604 674 5657 eum,
719 5594 808 5663 qui
854 5597 1037 5652 servili
1068 5599 1293 5655 audacia
1320 5599 1548 5655 domina:
1578 5615 1689 5655 suae
1718 5601 1895 5657 insur-

317 5689 549 5743 rexerat,
578 5694 898 5753 perpetuum
921 5699 1193 5746 certamen
1210 5698 1487 5748 “exercere
1514 5693 1888 5763 proponimus.

323 5766 465 5825 fune
494 5787 623 5845 ergo
657 5778 891 5847 primum
920 5781 975 5836 in
1023 5784 1179 5838 nobis
1208 5784 1404 5839 ccelum
1443 5800 1507 5840 ac
1552 5796 1695 5840 terra
1740 5801 1887 5842 crea-

2080 4593 2164 4659 Et,
2193 4604 2253 4647 ut
2289 4595 2548 4664 probetur
2592 4596 2760 4665 magis
2789 4597 2904 4649 haac
2950 4604 3108 4651 terra:
3137 4596 3394 4665 inanitas,
3431 4598 3578 4654 adiit

2003 4685 2202 4741 ibidem
2228 4686 2536 4757 Apostolus.
2568 4685 2700 4740 Nam
2743 4702 2865 4741 cum
2894 4688 3123 4743 dixisset
3151 4702 3165 4742 :
3203 4687 3360 4744 Nunc
3407 4701 3578 4745 autem

2003 4796 2106 4833 non
2138 4796 2322 4849 operor
2340 4796 2433 4850 ego
2456 4779 2609 4844 illud,
2637 4782 2726 4835 sed
2750 4780 2890 4852 quod
2912 4781 3113 4836 habitat
3129 4783 3183 4836 in
3211 4798 3291 4837 me
3310 4794 3579 4851 peccatum

2001 4873 2177 4941 (Rom.
2202 4888 2302 4939 vn,
2334 4874 2440 4943 l7),
2484 4874 2537 4929 id
2582 4882 2667 4929 est
2713 4891 2818 4931 non
2863 4890 2930 4931 ex
2957 4891 3075 4931 mea
3106 4876 3353 4931 rationali
3385 4875 3577 4930 volun-

2001 4974 2108 5019 tate
2135 4966 2397 5034 procedit,
2428 4974 2487 5020 ut
2531 4967 2730 5023 malum
2777 4967 2993 5033 faciam,
3025 4970 3118 5025 sed
3149 4982 3215 5023 ex
3250 4968 3576 5023 necessitate

1999 5071 2179 5126 pravas
2218 5058 2646 5122 consuetudinis,
2679 5058 2919 5129 adjecit:
2963 5059 3087 5115 Scio
3131 5076 3267 5114 enim
3320 5058 3443 5129 quia
3475 5074 3579 5111 non

1998 5149 2198 5203 habitat
2228 5151 2282 5204 in
2308 5165 2409 5215 me,
2426 5149 2523 5204 hoc
2552 5160 2627 5205 est
2651 5152 2704 5205 in
2726 5167 2885 5206 carne
2905 5169 3043 5219 mea,
3070 5152 3260 5206 bonum
3283 5149 3445 5221 (Ibid.
3463 5150 3573 5214 18).

1998 5239 2184 5295 Omnis
2218 5240 2360 5295 enim
2408 5248 2655 5295 creatura
2692 5242 2811 5296 sine
2854 5242 2981 5304 Deo,
3013 5241 3065 5295 in
3095 5249 3360 5311 quantum
3389 5241 3456 5296 ad
3485 5256 3575 5295 vc-

2000 5346 2117 5385 rum
2152 5345 2273 5387 esse
2302 5332 2556 5401 pertinet,
2589 5331 2724 5385 nihil
2754 5340 2855 5397 est,
2884 5339 2961 5397 et,
2989 5332 3034 5386 si
3060 5346 3260 5403 expers
3285 5331 3355 5388 sit
3379 5332 3576 5387 summi

1999 5422 2143 5487 boni,
2177 5438 2273 5491 per
2298 5437 2357 5479 se
2388 5438 2663 5492 nunquam
2714 5424 2853 5478 bona
2901 5434 3005 5480 est.
3042 5425 3233 5481 Omnis
3264 5434 3444 5479 autem
3477 5440 3576 5479 na-

1998 5523 2116 5573 tura
2143 5527 2268 5581 quia
2292 5528 2321 5566 a
2353 5512 2462 5566 Deo
2490 5512 2570 5577 fit,
2593 5512 2736 5567 bona
2769 5522 2881 5579 est;
2908 5514 3153 5571 diabolus
3181 5514 3351 5579 enim,
3378 5528 3571 5569 secun-

1995 5606 2121 5659 dum
2153 5607 2275 5671 hoc,
2301 5606 2473 5660 bonus
2497 5612 2602 5669 est,
2631 5606 2723 5661 sed
2754 5623 2820 5662 ex
2848 5623 2947 5663 suo
2983 5608 3249 5677 pessimus
3273 5615 3378 5660 εει.
3422 5603 3575 5660 Unde

1997 5709 2181 5750 verum
2212 5705 2294 5752 est
2329 5696 2455 5764 quia
2483 5706 2649 5765 terra,
2683 5708 2946 5768 quantum
2990 5714 3056 5754 ex
3083 5714 3141 5755 se
3170 5697 3353 5762 habet,
3395 5694 3575 5751 inanis

1995 5799 2099 5855 est,
2129 5789 2274 5844 nulla
2303 5790 2455 5845 utilia
2487 5791 2765 5861 cogitans;
2797 5806 2966 5846 vacua
3004 5800 3108 5856 est,
3140 5791 3274 5846 nihil
3322 5790 3571 5844 idoneum
