4108 6324
583 394 650 452 35
1447 393 1503 446 V.
1542 388 1865 447 GUIBERTI
1909 388 2205 445 ABBATIS
2236 388 2292 442 S.
2337 387 2572 443 MARIAS
2618 390 2703 444 DE
2739 391 3133 447 NOVIGENTO
3774 397 3855 456 56

584 510 705 565 usui
735 509 1090 568 fructiﬁcans.
1111 507 1287 564 Inanis
1308 519 1434 574 ergo
1462 504 1706 568 interius,
1731 511 1786 556 et
1818 517 1984 556 vacua
2010 508 2161 555 exte-
2188 505 2234 561 Λ
2264 498 2623 565 βιοωιιιὶιιίιιιτ,
2658 500 3011 568 incomposita
3042 500 3402 557 suuinfertur.
3449 502 3561 558 Nisi
3585 505 3734 562 enim
3759 508 3849 565 in-

588 618 725 658 l'lilS.
822 620 823 623 “

655 693 859 749 Dicunt
884 703 1130 748 auctores
1154 687 1319 742 nostri
1349 686 1491 756 quod
1516 685 1567 739 in
1596 686 1763 741 veteri
1798 685 2157 740 translatione

585 797 689 837 non
716 783 915 838 dicitur
942 780 1109 833 inanis
1140 786 1187 830 et
1222 792 1385 829 vacua
1415 774 1577 846 (Gen.
1606 792 1646 841 ι,
1665 776 1757 845 2),
1790 776 1882 829 sed
1922 772 2156 828 invisibi-

581 871 648 925 lis
692 882 738 925 et
769 868 1070 938 composita.
1103 865 1257 931 Quod
1288 865 1494 933 optimc
1542 864 1831 918 moraiitati
1868 869 2151 916 consonat.

582 958 733 1012 Mens
752 957 891 1012 enim
907 953 1142 1008 hominis
1166 954 1219 1007 in
1237 955 1444 1023 peccati
1469 951 1831 1021 profunditate
1852 948 2149 1013 constituti,

578 1062 699 1101 cum
730 1058 829 1114 per
850 1043 1305 1099 consuetudinem
1335 1043 1589 1112 peccandi
1620 1042 1687 1095 ad
1718 1041 2001 1110 reprobum
2025 1053 2152 1092 sen-

576 1152 696 1193 sum
726 1136 995 1205 pervenit,
1026 1136 1102 1191 ita
1141 1152 1326 1192 amore
1368 1137 1621 1191 vitiorum
1661 1136 1857 1205 quibus
1903 1141 2154 1189 assuetus

574 1235 679 1291 est,
734 1236 1146 1296 prtegravatur,
1205 1235 1263 1280 ut
1310 1228 1530 1280 omnino
1581 1226 1818 1295 seipsutn
1870 1225 2153 1280 attendere

578 1318 811 1383 nesciat,
830 1317 960 1372 etin
990 1332 1095 1387 qua
1118 1318 1364 1386 corporis
1392 1318 1839 1373 dehonestatione
1870 1328 1933 1373 et
1959 1319 2152 1372 anint

579 1409 887 1477 perditione
909 1408 1088 1478 jaceat
1111 1423 1335 1478 prorsus
1358 1422 1464 1462 non
1501 1408 1702 1463 videat.
1726 1409 1872 1464 Talis
1904 1421 1987 1464 est
2008 1411 2150 1464 enim

580 1501 842 1571 reprobus
869 1515 1081 1567 sensus,
1115 1509 1174 1555 ut
1213 1501 1265 1554 in
1298 1508 1506 1555 tantum
1546 1510 1758 1555 mentes
1788 1504 2152 1570 periturorum

580 1603 817 1645 excaecct
866 1598 950 1653 ut,
994 1603 1115 1643 cum
1153 1589 1268 1644 sint
1298 1590 1353 1645 in
1382 1589 1554 1645 fetore
1581 1590 1908 1658 miseriaqne
1924 1599 1988 1645 et
2032 1605 2151 1644 om-

579 1680 726 1732 nium
755 1696 812 1734 se
832 1678 1126 1733 videntium
1154 1679 1410 1750 despectu
1435 1696 1499 1735 ac
1523 1682 1749 1736 horrore
1769 1681 1951 1751 positi,
1968 1682 2154 1735 beatos

574 1785 633 1824 se
662 1769 803 1824 solos
827 1779 880 1825 et
908 1784 1034 1824 vere
1064 1769 1132 1824 ab
1153 1770 1275 1826 aliis
1302 1771 1649 1827 honorandos
1675 1787 1772 1841 pro
1802 1786 1896 1825 sua
1928 1786 2150 1841 prospe-

2262 587 2453 640 tuitum
2482 602 2594 640 suae
2622 588 2848 643 internae
2891 591 3337 648 considerationis
3368 594 3562 663 aliquis
3590 598 3838 667 amittat,

2258 692 2532 747 nunquam
2583 681 2652 733 ad
2714 682 2984 734 exteriora
3034 682 3197 749 mala,
3246 693 3301 739 et
3346 685 3729 758 incomposita,
3783 701 3848 747 et

2258 765 2560 820 inordinata
2590 781 2752 836 opera
2800 770 3059 837 procedit.
3117 770 3270 826 Sicut
3307 788 3540 844 namque
3570 792 3746 833 caecus
3772 790 3842 834 ea

2255 872 2375 925 qua:
2405 858 2619 927 corpori
2669 873 2769 913 suo
2813 858 3113 927 adltwrent,
3144 871 3324 916 vestes
3371 865 3578 920 scilicet
3626 881 3754 923 suas
3781 877 3841 923 et

2255 955 2448 999 caetera
2481 947 2767 1014 disponere
2799 948 2972 1003 nitide
3003 964 3067 1003 ac
3096 950 3365 1016 decenter,
3413 964 3470 1008 et
3518 958 3706 1011 sordes
3742 972 3843 1026 ap-

2257 1037 2460 1105 pOsitas
2506 1038 2711 1092 evitare
2747 1040 2943 1103 nescit,
2988 1041 3059 1094 ita
3096 1042 3141 1096 is
3186 1044 3278 1111 qui
3318 1045 3517 1101 mentis
3558 1060 3657 1115 per
3702 1048 3837 1103 vitia

2256 1126 2554 1181 caecitatem
2586 1128 2834 1193 incurrit,
2883 1140 3036 1184 actus
3070 1142 3261 1201 turpes
3307 1141 3362 1187 et
3391 1134 3664 1205 indignos,
3699 1149 3838 1205 quo-

2256 1231 2375 1269 rum
2416 1218 2598 1272 studio
2623 1216 2834 1288 ﬂagrat,
2883 1221 3112 1276 interius
3169 1224 3437 1278 moderari
3484 1225 3700 1293 penitus
3738 1241 3839 1282 ne-

2255 1307 2393 1374 quit.
2432 1307 2652 1378 Legitur
2677 1311 2816 1378 apud
2842 1310 3182 1366 Salomoncm
3217 1332 3229 1365 :
3265 1313 3437 1367 Homo
3465 1325 3728 1384 apostata,
3756 1318 3839 1371 vir

2256 1397 2456 1451 inutilis
2498 1401 2742 1467 graditur
2786 1418 2876 1455 ore
2923 1419 3162 1471 perverso
3203 1403 3390 1474 (Prov.
3425 1420 3500 1471 vt,
3554 1406 3665 1477 12).
3716 1407 3832 1464 Nisi

2254 1488 2400 1543 enim
2425 1490 2719 1546 introrsum
2754 1506 2784 1544 a
2830 1493 2939 1547 Deo
2964 1504 3342 1563 apostatasset,
3393 1498 3459 1551 ad
3502 1498 3831 1569 incongruos

2256 1591 2320 1631 ac
2357 1580 2619 1648 reprobos
2636 1590 2821 1651 gestus
2847 1584 3134 1638 exterioris
3161 1586 3395 1641 hominis
3430 1601 3536 1642 non
3565 1590 3828 1644 venisset.

2255 1667 2524 1725 Caveatur
2546 1670 2708 1741 igitur
2737 1673 2967 1742 primum
2993 1677 3252 1730 caecitatis
3292 1678 3535 1744 occasio,
3575 1693 3643 1734 ne
3690 1680 3829 1735 forte

2257 1761 2604 1829 superveniat
2622 1762 2978 1818 obscenorum
3014 1779 3239 1833 operum
3263 1764 3473 1821 eﬂusio.

574 1860 733 1914 ritate
762 1868 819 1914 et
847 1859 1002 1914 bonis
1026 1861 1401 1929 proventibus,
1434 1861 1629 1929 quibus
1658 1836 1821 1928 super
1858 1836 1993 1914 alios
2036 1836 2152 1915 fcli-
2190 1836 2229 1892 Β
2329 1850 2434 1905 Sed
2461 1853 2606 1907 unde
2637 1853 2750 1908 bmc
2777 1855 3058 1923 prodeant,
3095 1856 3386 1928 vigilanter;
3408 1872 3589 1912 sermo
3615 1858 3830 1913 divinus

572 1964 667 2004 ces
693 1948 807 2004 fore
828 1965 886 2004 se
912 1948 1237 2018 gloriantur,
1273 1951 1543 2005 aestimare
1564 1950 1817 2005 audeant.
1848 1949 1909 2003 lli
1936 1958 2060 2004 sunt
2084 1950 2151 2004 de

569 2040 765 2109 quibus
789 2039 1043 2095 Salomon
1076 2041 1150 2094 ait
1177 2058 1189 2093 :
1220 2040 1513 2107 La'tantur,
1542 2057 1657 2093 cum
1682 2040 1821 2094 male
1844 2041 2077 2109 fecerint,
2103 2051 2150 2094 ct

570 2131 835 2187 exsultant
860 2132 913 2184 in
954 2132 1107 2186 rebus
1133 2134 1369 2201 pessimis
1401 2132 1582 2198 (Prov.
1622 2147 1681 2197 ιι,
1710 2131 1819 2203 Li).
1851 2132 2002 2199 Quod
2038 2149 2149 2187 nta-

574 2224 718 2281 xime
744 2239 938 2280 sensus
961 2225 1176 2294 reprobi
1207 2226 1485 2295 preprium
1515 2236 1616 2281 est.

538 2354 541 2359 .
614 2313 946 2383 .Antequam
990 2314 1172 2383 itaque
1217 2314 1357 2370 Deus
1406 2314 1552 2371 inter
1596 2317 1818 2383 crelum,
1872 2326 1932 2371 ut
1982 2333 2147 2388 supra

570 2402 830 2469 diximus,
867 2403 1165 2474 distinguat
1193 2412 1248 2457 et
1278 2412 1503 2470 terram,
1534 2415 1673 2459 terra
1703 2418 1813 2460 erat
1853 2407 2147 2470 invisibilis,

568 2496 701 2563 quia
737 2504 1025 2564 antequam
1058 2495 1110 2550 in
1132 2495 1295 2550 corde
1318 2495 1618 2565 cujuspiam
1642 2496 1919 2553 criminosi
1947 2498 2150 2554 discre-

570 2585 737 2641 tionis
761 2587 992 2656 gratiam
1013 2585 1188 2651 daret,
1205 2584 1431 2641 aﬂectus
1452 2585 1686 2641 carnalis
1701 2602 1862 2656 quam
1875 2589 2145 2655 sordidus,

573 2688 736 2744 quam
774 2674 1126 2731 exsecrabilis
1154 2684 1319 2741 esset,
1366 2692 1473 2732 non
1507 2676 1633 2742 Deo,
1660 2692 1827 2745 quem
1875 2678 1950 2732 nil
1991 2679 2143 2745 latet,

534 2769 667 2825 sed
713 2769 816 2824 sibi
858 2768 990 2839 ipsi,
1030 2770 1120 2839 qui
1174 2769 1396 2839 patitur,
1441 2770 1656 2841 penitus
1695 2772 1980 2828 invisibilis
2033 2782 2145 2838 est;

568 2859 699 2930 quia
728 2859 1068 2915 sicutcbrius
1086 2860 1229 2929 quod
1255 2860 1457 2930 patitur
1483 2859 1675 2926 nescit,
1698 2861 1769 2914 ita
1782 2861 1927 2915 vitiis
1956 2862 2147 2931 plenus

573 2953 708 3025 quid
743 2954 816 3009 sit
841 2953 1152 3019 honestum,
1203 2952 1331 3023 quid
1363 2969 1467 3009 non
1520 2954 1806 3009 honestum
1838 2955 2148 3012 discernere

478 3092 483 3095 .
571 3044 777 3114 nequit.
794 3044 1211 3114 Sicut-namque
1237 3044 1393 3099 vivus
1418 3055 1472 3100 et
1502 3055 1764 3109 mortuus,
1811 3046 1854 3100 si
1887 3046 2067 3116 aliquo
2094 3049 2145 3103 in

568 3134 689 3190 loco
728 3133 836 3189 siut
862 3134 1045 3205 positi,
1074 3134 1230 3190 vivus
1270 3135 1489 3204 quidem
1538 3145 1809 3190 mortuum
1838 3136 2017 3193 videre
2046 3153 2143 3208 po-

568 3236 695 3291 test,
742 3227 836 3282 sed
883 3236 1128 3282 mortuus
1183 3228 1362 3281 vivum
1415 3244 1520 3282 non
1576 3238 1793 3297 potest;
1846 3231 1917 3284 ita
1983 3232 2145 3287 homo

563 3317 857 3388 quispiam,
912 3317 1067 3389 cujus
1123 3317 1467 3373 rationaliter
1529 3320 1743 3373 animus
1793 3320 1956 3390 viget,
2012 3321 2142 3375 vitia

566 3422 728 3474 quam
767 3406 1105 3463 detestabilia
1150 3406 1337 3463 videre
1388 3417 1595 3477 potest;
1639 3409 1730 3476 qui
1765 3424 1891 3463 vero
1936 3410 1986 3463 in
2019 3425 2143 3480 pro-

566 3497 791 3551 fundum
819 3496 1083 3551 malorum
1105 3497 1215 3567 jam
1239 3498 1409 3564 venit,
1436 3508 1490 3553 et
1521 3498 1635 3569 jam
1664 3500 1956 3554 contemnit
1984 3510 2145 3569 atque

566 3589 841 3658 desperat,
871 3588 1000 3658 quid
1034 3587 1105 3643 sit
1131 3588 1323 3653 virtus,
1356 3589 1486 3657 quid
1526 3590 1815 3655 modestia,
1843 3591 1972 3659 quid
2004 3590 2141 3645 bona

566 3689 764 3738 canem
794 3694 903 3733 nou
933 3679 1280 3743 considerat;
1317 3678 1469 3733 furor
1493 3680 1637 3735 enim
1666 3688 1749 3735 est
1781 3681 1904 3746 illis,
1940 3681 2145 3738 scilicet

568 3770 966 3840 peccatoribus,
994 3768 1279 3823 secundum
1304 3768 1700 3822 similitudinem
1724 3771 1995 3840 serpentis,
2010 3772 2141 3825 sicut

562 3864 761 3931 aspidis
781 3862 957 3916 surdw
979 3870 1024 3914 et
1044 3859 1336 3913 obturantis
1369 3876 1524 3913 aures
1550 3876 1673 3914 suas
1701 3858 1876 3931 (Psal.
1903 3878 2032 3926 Lvu,
2062 3862 2139 3931 5).

568 3952 743 4008 Furor
763 3962 844 4009 est
876 3952 1139 4025 reprobus
1167 3966 1382 4017 sensus,
1411 3952 1504 4021 qui
1548 3951 1600 4006 in
1633 3952 1924 4007 amentiam
1958 3969 2143 4009 versos

568 4044 1008 4099 irrationabiliter
1024 4052 1102 4108 et,
1130 4051 1189 4098 ut
1212 4042 1284 4096 ita
1306 4042 1506 4108 dicam,
1533 4043 1753 4112 porcine
1781 4044 1959 4099 vivere
1983 4046 2143 4100 mise-

568 4148 659 4190 ros
704 4135 863 4205 cogit.
896 4133 999 4200 Qui
1048 4139 1348 4189 secundum
1406 4133 1810 4190 similitudinem
1853 4137 2139 4206 serpentis,

570 4224 816 4278 videlicet
853 4223 1073 4293 aspidis,
1128 4233 1233 4289 est,
1284 4223 1410 4293 quia
1457 4222 1598 4279 sicut
1643 4226 1811 4295 aspis,
1839 4242 1960 4281 emn
2010 4244 2145 4296 pra:-

566 4314 795 4369 seuserit
822 4313 1242 4380 incautatorem,
1265 4313 1493 4370 alteram
1523 4317 1734 4371 aurium
1764 4330 1923 4373 terra:
1955 4319 2139 4388 attigit,

566 4407 797 4461 alteram
825 4418 951 4461 vero
978 4405 1148 4460 cauda
1172 4405 1434 4471 obdurat,
1473 4422 1542 4461 ne
1571 4408 1899 4465 incantantis
1923 4426 2142 4466 carmen

2257 1938 2492 1994 intimat.
2519 1937 2584 1993 Et
2610 1940 2830 1995 tenebra:
2852 1952 2998 1995 erant
3035 1960 3188 2012 super
3211 1944 3401 2013 facient
3426 1946 3619 2014 abyssi.
3644 1945 3831 2002 Potest

2256 2030 2323 2084 ad
2353 2030 2590 2085 litteram
2610 2031 2894 2102 dupliciter
2911 2032 2980 2086 ita
2998 2034 3132 2088 dici:
3162 2033 3228 2087 Et
3252 2036 3478 2091 tenebrw
3504 2047 3650 2090 erant
3677 2053 3831 2107 super

2255 2121 2441 2189 faciem
2476 2122 2670 2192 abyssi,
2714 2122 2765 2176 id
2796 2132 2879 2177 est
2904 2138 3067 2193 super
3106 2107 3524 2194 profunditatem
3569 2142 3828 2196 aquarum

2254 2228 2373 2282 qua:
2430 2215 2647 2284 proprie
2698 2225 2924 2270 vocatur
2978 2216 3238 2286 abyssus;
3299 2216 3382 2272 vel
3436 2235 3592 2287 super
3643 2218 3828 2287 faciem

2253 2306 2447 2375 abyssi,
2481 2305 2534 2359 id
2555 2317 2638 2361 est
2658 2305 2939 2375 plusquam
2964 2307 3015 2360 in
3042 2306 3253 2377 abysso.
3283 2307 3509 2377 Abyssus
3540 2307 3827 2378 allegorice

2255 2411 2407 2451 mens
2441 2396 2678 2450 humana
2732 2396 2947 2460 dicitur,
3011 2412 3130 2466 qua:
3167 2407 3381 2467 quanta:
3423 2399 3496 2452 sit
3558 2410 3825 2467 quamque

2253 2486 2815 2555 incomprehensibilis
2844 2485 3246 2556 profunditatis,
3270 2489 3448 2542 omnis
3466 2488 3626 2543 homo
3649 2488 3817 2551 novit,

2252 2575 2339 2630 cui
2357 2574 2764 2629 inscrutabilem
2787 2575 3145 2642 altitudinem,
3172 2577 3578 2631 instabilitatem
3608 2575 3822 2641 ﬂuctus,

2252 2668 2713 2737 perturbationem
2759 2668 2841 2723 sui
2870 2669 3046 2723 cordis
3075 2670 3307 2740 experiri
3338 2668 3587 2739 contigit.
3616 2670 3817 2724 Evenit

2253 2761 2396 2815 enim
2427 2759 2590 2815 etiam
2619 2759 2672 2813 in
2704 2760 2964 2815 bonorum
3006 2760 3281 2825 cordibus,
3313 2776 3436 2815 cum
3469 2776 3598 2816 caro
3634 2761 3821 2815 adver-

2250 2864 2344 2904 sus
2369 2850 2638 2917 spiritum,
2692 2857 2747 2903 et
2798 2849 3023 2919 spiritus
3053 2850 3311 2904 adversus
3336 2865 3557 2905 carnem
3585 2848 3823 2919 conﬂigit

2253 2941 2397 3015 (Gal.
2433 2958 2486 3008 v,
2530 2941 2642 3012 17),
2688 2949 2750 2995 ιιι
2788 2941 2841 2995 in
2875 2948 3022 2995 tanta
3074 2940 3342 2996 densitate
3384 2940 3727 3012 cogitationis
3754 2941 3823 2994 sit

2252 3035 2485 3101 animus,
2532 3044 2591 3088 ut
2620 3035 2733 3105 ipse
2760 3034 2851 3089 vix
2894 3035 2945 3088 in
2975 3034 3150 3105 seipso
3178 3034 3587 3104 deprehendere
3634 3035 3821 3104 possit,

2255 3127 2307 3181 in
2340 3143 2447 3197 quo
2478 3128 2548 3183 sit
2576 3136 2744 3192 statu,
2779 3135 2958 3181 utrum
3009 3136 3266 3197 sequatur
3312 3127 3570 3197 impetum
3622 3125 3817 3188 carnis,

2252 3234 2320 3273 an
2350 3220 2605 3287 impetum
2636 3217 2879 3287 spiritus.

2319 3309 2489 3379 chat
2514 3309 2604 3378 qui
2632 3309 2746 3363 vult
2783 3309 2991 3378 plenius
3036 3310 3090 3364 id
3139 3323 3300 3364 nosse
3342 3309 3486 3364 beati
3537 3308 3819 3379 Augustini

2251 3411 2542 3456 tractatum
2569 3416 2731 3470 super
2765 3400 3250 3471 abyssus_abyssum
3279 3400 3480 3454 invocat
3516 3399 3689 3471 (Psal.
3713 3414 3818 3459 xu,

2247 3495 2321 3563 8).
2348 3493 2416 3547 Et
2444 3492 2499 3547 in
2524 3492 2779 3548 cordibus
2809 3492 3119 3561 iniquorum
3146 3492 3290 3561 quod
3316 3500 3572 3560 putamus
3608 3500 3691 3545 est
3724 3489 3818 3543 ba-

2248 3585 2514 3651 rathrum,
2549 3599 2670 3654 quae
2701 3582 3045 3638 tenebrarum
3090 3583 3445 3647 immensitas,
3477 3584 3521 3637 si
3554 3582 3822 3636 tuentibus

2246 3678 2540 3734 electorum
2571 3686 2721 3732 tanta
2754 3678 2893 3732 inest
2931 3676 3266 3731 obscuritas?
3310 3677 3365 3731 Si
3413 3691 3565 3746 super
3603 3677 3821 3728 Itumunt

2243 3770 2421 3840 populi
2465 3770 2732 3841 Deijuxta
2761 3768 3084 3838 prephetam
3127 3770 3427 3825 ascendunt
3473 3769 3637 3839 spina:
3666 3782 3824 3823 cura-

2247 3878 2364 3915 rum
2390 3861 2753 3924 saecularium,
2785 3870 2831 3913 et
2858 3876 3033 3928 vepres
3070 3860 3459 3915 desideriorum
3499 3858 3816 3922 carnalium,

2243 3966 2438 4027 quanto
2466 3957 2631 4026 magis
2656 3972 2809 4024 super
2846 3956 3059 4009 domum
3089 3956 3271 4025 gaudii
3295 3956 3521 4009 civitatis
3551 3953 3820 4008 exsultan-

2244 4051 2349 4103 tis?
2380 4049 2537 4121 (Isai.
2570 4064 2725 4112 χχιιι,
2761 4048 2872 4118 15.)
2898 4047 3051 4114 Quod
3080 4058 3164 4103 est
3187 4049 3407 4105 dicere:
3438 4048 3482 4103 si
3510 4048 3587 4114 hi,
3618 4048 3709 4117 qui
3748 4046 3818 4099 nil

2244 4139 2387 4194 aliud
2438 4139 2492 4194 iu
2521 4139 2625 4194 hoc
2656 4139 2860 4194 mundo
2892 4138 3110 4194 charius
3152 4139 3351 4194 habent
3390 4154 3551 4209 quam
3604 4153 3756 4192 suam
3786 4153 3815 4189 a

2245 4230 2471 4286 Domino
2498 4230 2627 4286 ﬂere
2651 4230 3160 4301 peregrinationem,
3185 4229 3311 4285 ﬂere
3332 4229 3513 4285 saeculi
3539 4228 3820 4299 prtesentis

2244 4336 2564 4387 aerumnam,
2611 4320 2888 4376 molestias
2915 4330 2971 4376 et
3021 4321 3301 4388 tumultus,
3328 4320 3663 4391 nebulasque
3707 4319 3821 4374 ani-

2244 4431 2457 4471 morum
2514 4415 2829 4484 patiuntur,
2890 4425 3094 4484 quanto
3143 4414 3361 4486 gravius
3415 4413 3491 4469 illi
3546 4414 3637 4483 qui
3696 4414 3819 4468 totis

563 4496 845 4561 οὺειυιιὶαις
878 4496 957 4551 Sic
979 4496 1071 4551 ίειί
1093 4511 1214 4551 cum
1237 4498 1398 4553 verba
1425 4499 1565 4553 sacri
1594 4500 1816 4570 eloquii,
1842 4511 1932 4556 aut
1956 4502 2138 4572 cujus-
2165 4540 2218 4598 Β
2246 4508 2560 4579 praecordiis
2583 4507 2785 4578 ﬂagitia
2812 4508 3022 4573 sitiunt,
3056 4506 3286 4562 avaritia
3324 4504 3606 4570 anhelant,
3643 4504 3819 4558 libidi-

565 4590 697 4645 libet
725 4588 1089 4660 pmdicatoris
1129 4589 1376 4655 audiunt,
1409 4606 1526 4658 qua:
1553 4593 1617 4646 de
1646 4603 1957 4663 contemptu
1991 4594 2140 4649 volu-

565 4688 774 4749 ptatqu
805 4676 1104 4747 proferunt,
1153 4693 1276 4733 mox
1307 4681 1375 4734 ad
1421 4681 1735 4736 memoriam
1784 4684 2013 4751 pristina
2042 4698 2141 4739 sua

565 4772 955 4826 delectamenta
986 4769 1271 4837 reducunt,
1318 4771 1514 4841 quibus
1550 4772 1706 4841 quasi
1752 4774 1921 4827 cauda
1954 4788 2139 4828 aurem

568 4862 748 4916 cordis
774 4860 1069 4926 obducunt,
1094 4869 1146 4916 et
1185 4863 1474 4931 praesentia
1501 4862 1697 4932 quibus
1736 4862 1943 4918 fervent
1968 4872 2023 4917 et
2054 4864 2137 4917 in-

566 4953 717 5007 hiant
740 4951 944 5022 pariter
966 4952 1274 5017 attendunt,
1297 4955 1494 5022 quibus
1526 4963 1698 5007 letum
1740 4969 1896 5007 suum
1928 4954 2140 5008 intelle-

565 5056 712 5100 ctum
743 5045 797 5099 in
831 5054 1047 5099 terrena
1074 5044 1460 5115 deprimentes,
1492 5056 1684 5101 contra
1730 5047 1897 5102 Deum
1947 5064 2006 5103 se
2048 5065 2140 5103 vo-

566 5144 776 5190 cantem
802 5133 1113 5188 obstruunt.

639 5226 735 5295 ιι
780 5224 841 5278 Ili
876 5233 1017 5279 terra
1053 5224 1338 5280 invisibilis
1370 5235 1516 5292 sunt,
1542 5226 1669 5295 quia
1710 5227 1917 5295 seipsos
1949 5228 2000 5281 in
2031 5244 2135 5296 qua

565 5327 714 5390 peste
740 5325 865 5372 sunt
889 5332 1121 5385 pensare
1148 5333 1253 5372 non
1291 5326 1491 5371 norunt
1522 5336 1534 5369 :
1570 5318 1758 5386 repleti
1787 5333 2020 5386 namque
2040 5321 2137 5373 ini-

564 5410 828 5479 quitatum
851 5410 1127 5464 obscurati
1148 5418 1275 5463 sunt
1302 5419 1460 5463 terrae
1482 5409 1731 5463 domibus
1748 5406 1917 5477 (Psal.
1946 5425 2132 5475 uxr”,

560 5504 674 5573 20),
700 5504 749 5557 id
781 5514 863 5558 est
894 5502 1049 5569 proni
1082 5502 1149 5555 ad
1177 5501 1425 5569 preprias
1446 5500 1719 5565 libidines,
1757 5500 1834 5553 nil
1856 5502 1998 5555 scire
2030 5505 2131 5558 nisi

561 5596 701 5663 quod
726 5595 874 5649 ear-ni
906 5593 1060 5647 dulce
1082 5593 1153 5646 sit
1177 5603 1449 5657 qurerunt,
1494 5600 1548 5646 et
1592 5592 1657 5644 ad
1698 5592 1880 5645 divina
1906 5593 2131 5649 videnda

560 5682 746 5740 oeulos
797 5684 960 5737 animi
1013 5680 1382 5749 perdiderunt.
1446 5682 1511 5735 Et
1570 5681 1694 5748 quia
1746 5683 1979 5734 nondum
2034 5699 2133 5738 nec

558 5779 767 5853 seipsos
787 5776 1024 5850 aspicere
1047 5771 1361 5850 praevalent,
1386 5770 1510 5847 jure
1542 5782 1686 5837 terra
1714 5789 1831 5850 quae
1848 5774 2132 5838 invisibilis

2245 4601 2402 4655 nibus
2438 4601 2677 4665 sordent,
2710 4600 2910 4655 invidia
2946 4601 3247 4664 tabescunt,
3278 4597 3528 4667 superbia
3564 4597 3821 4668 turgent?

2243 4693 2323 4748 Ex
2362 4694 2446 4748 bis
2489 4694 2671 4764 itaque
2703 4694 2939 4749 tenebris
2987 4694 3098 4759 illa,
3143 4694 3210 4750 de
3236 4709 3342 4764 qua
3372 4709 3533 4764 supra
3565 4694 3819 4749 tractavi-

2244 4799 2386 4851 mus,
2414 4784 2755 4839 invisibilitas
2780 4793 2834 4838 ct
2862 4785 3243 4854 incompositio
3265 4785 3537 4841 oriuntur.
3559 4782 3667 4839 Sed
3695 4795 3821 4839 sunt

2243 4874 2485 4943 quidam,
2523 4877 2613 4945 qui
2667 4876 2791 4930 licet
2818 4875 3165 4946 Babyloniam
3218 4878 3379 4943 hanc,
3415 4877 3467 4931 id
3497 4885 3583 4931 est
3619 4877 3818 4932 mentis

2242 4964 2615 5020 confusionem
2659 4982 2755 5036 per
2807 4967 3011 5023 scelera
3062 4969 3228 5024 multa
3269 4968 3579 5034 inciderint,
3634 4978 3817 5022 tamen

2240 5057 2493 5126 quiddam
2537 5060 2762 5113 rationis
2797 5063 3096 5127 residuum,
3141 5062 3298 5131 quasi
3353 5077 3420 5117 ex
3469 5062 3660 5132 grandi
3696 5064 3819 5131 igne
3890 5092 3895 5093 ν

2240 5144 2528 5201 scintillam
2564 5149 2815 5215 retinent,
2846 5167 2911 5204 ex
2939 5167 3043 5220 qua
3088 5153 3320 5207 miseria:
3350 5153 3493 5207 illius
3518 5155 3817 5221 pavendatn

2240 5236 2467 5290 nimium
2496 5241 2828 5309 voraginem,
2878 5242 2929 5294 in
2960 5256 3063 5310 qua
3094 5244 3326 5297 demersi
3366 5254 3514 5307 Sunt,
3569 5244 3821 5299 conside-

2240 5342 2362 5381 rare
2383 5328 2583 5384 valent.
2602 5331 2663 5384 Et
2682 5346 2802 5385 cum
2832 5332 2941 5385 sint
2964 5333 3127 5399 aliqui
3158 5348 3381 5401 prorsus
3403 5334 3678 5394 exstincti,
3701 5336 3815 5403 qui,

2239 5427 2298 5471 ut.
2331 5419 2529 5475 dicitur
2563 5424 2615 5476 iu
2648 5422 2854 5491 psalmo
2881 5440 2893 5475 :
2926 5422 3201 5478 Dormiunt
3248 5427 3302 5478 in
3349 5424 3600 5495 sepulcris
3640 5425 3816 5496 (Psal.

2238 5522 2483 5572 Lxxxvn,
2509 5510 2584 5579 5),
2621 5511 2672 5564 id
2697 5519 2783 5563 est
2808 5524 2974 5578 prava
2996 5515 3387 5569 consuetudine
3409 5516 3816 5583 suntdepressi,

2237 5613 2467 5666 quorum
2540 5600 2681 5654 Deus
2749 5615 2853 5654 non
2919 5611 3002 5656 est
3058 5618 3269 5659 memor
3329 5607 3559 5675 amplius
3616 5604 3818 5677 (Psal.

2238 5701 2479 5747 Lxxxvn,
2528 5687 2602 5754 6),
2655 5702 2790 5754 quos
2830 5688 3069 5755 profecto
3116 5693 3183 5744 ad
3229 5695 3462 5762 propriae
3513 5694 3821 5752 revocando

2238 5778 2418 5836 lumen
2448 5779 2767 5847 cognitionis
2792 5795 3065 5848 nunquam
3099 5784 3314 5848 revisit;
3362 5798 3486 5840 sunt
3523 5798 3703 5843 tamen
3734 5786 3813 5852 hi,
