4108 6324
307 331 371 387 37
1514 306 1895 367 bIORALIUM
1936 299 2004 358 ΙΝ
2051 304 2350 368 GENESIN
2379 312 2504 367 LIB.
2541 309 2581 365 1.
3518 314 3588 368 58

316 455 449 513 quos
472 436 829 512 pmdinmus,
855 429 1019 487 oculo
1047 432 1153 487 etsi
1186 425 1409 485 multum
1470 424 1721 493 turbato,
1784 440 1891 480 non
1924 421 1967 477 A
1995 418 2086 513 lux
2111 424 2328 481 scilicet
2357 437 2459 482 est.
2486 402 2713 496 Sapiens
2739 424 2879 479 enim
2911 442 2924 478 :
2958 422 3239 496 Proposui,
3271 428 3469 500 inquit,
3494 448 3589 501 pro

332 543 509 590 tamen
533 528 741 602 penitus
780 532 1081 588 excascato,
1114 523 1209 593 qui
1234 522 1392 589 caput
1421 515 1492 573 de
1529 516 1737 589 abysso
1795 517 1905 573 ele-

326 633 512 680 vantes
551 621 801 683 clamare,
831 616 1081 672 soleant;
1111 616 1191 670 De
1240 609 1514 685 profundis
1572 609 1806 667 clamavi
1835 613 1902 666 ad

320 725 371 770 te
394 712 564 785 (Psal.
593 727 771 777 cxxix,
822 708 899 779 I),
941 715 1001 762 et
1046 716 1270 762 caetera.
1318 700 1411 758 llis
1458 702 1720 758 convenit
1757 702 1905 772 quod

322 802 583 871 sequitur.

396 889 466 945 Et
491 889 715 959 Spiritus
741 885 837 942 Dei
852 886 1123 957 ferebatur
1136 901 1290 956 super
1299 899 1480 955 aquas.
1498 886 1669 954 Aqua:
1682 898 1737 938 In
1753 897 1906 939 sacra

324 978 521 1050 pagina
544 977 827 1047 aliquoties
853 975 1162 1047 voluptates
1187 975 1365 1031 carnis
1391 974 1721 1046 signiﬁcant.
1757 973 1910 1029 Unde

324 1077 382 1123 et
403 1068 457 1123 in
487 1066 782 1139 Evangelio
817 1066 1043 1137 spiritus
1080 1067 1147 1121 de
1178 1065 1394 1121 homine
1429 1065 1620 1120 exiens
1662 1079 1761 1134 per
1790 1063 1908 1117 loca

327 1158 595 1229 inaquosa
623 1158 703 1214 ire
725 1157 924 1213 dicitur
954 1155 1110 1228 (Luc.
1140 1172 1220 1222 ιι,
1249 1156 1364 1228 24).
1396 1154 1464 1209 1η
1502 1155 1702 1211 diluvio
1747 1155 1911 1226 igitur

326 1265 587 1320 aquarum
637 1248 919 1303 multarum
954 1246 1141 1317 -(Psal.
1175 1263 1330 1311 xxxi,
1353 1245 1432 1317 ϐ),
1463 1247 1518 1301 id
1551 1255 1637 1301 est
1666 1246 1720 1301 in
1764 1245 1909 1299 ﬂuxu

328 1336 627 1392 multorum
652 1336 955 1393 carnalium
983 1334 1378 1392 desideriorum
1418 1334 1732 1391 constitutis
1754 1348 1908 1388 men-

331 1428 476 1483 tibus
502 1428 595 1483 Dei
640 1428 877 1499 Spiritus
922 1427 1285 1498 superfertur,
1315 1428 1443 1498 quia
1473 1428 1651 1483 adhuc
1677 1427 1911 1497 iguiculo

327 1517 674 1573 discretionis
695 1518 911 1573 vivente
936 1518 1247 1595 considerat
1282 1516 1470 1573 infelix
1515 1518 1728 1571 animus
1776 1531 1911 1585 quas

326 1608 533 1677 patitur
559 1608 839 1675 miserias;
870 1617 925 1665 et
950 1609 1092 1666 sicut
1117 1610 1184 1665 de
1213 1623 1340 1679 rege
1371 1608 1662 1681 Babylonis
1690 1608 1908 1679 legitur,

327 1699 456 1770 quia
494 1714 677 1757 coram
703 1700 968 1758 Sedechia
991 1716 1118 1773 rege
1146 1701 1285 1758 Juda
1316 1701 1458 1758 filios
1497 1701 1614 1769 ejus
1652 1701 1911 1757 occiderit

2004 511 2118 569 luce
2144 519 2336 570 habere
2363 516 2510 570 illam
2544 515 2693 586 (Sap.
2744 530 2839 582 vti,
2879 515 2989 584 10).
3025 515 3092 569 Et
3118 514 3258 571 alter
3289 534 3304 571 :
3336 518 3591 576 Miserere

2004 608 2189 672 nostri,
2222 608 2317 673 ait,
2351 608 2491 661 Deus
2517 608 2769 671 omnium,
2812 618 2858 662 et
2895 610 3086 678 respice
3127 626 3239 675 nos,
3283 622 3332 666 et
3375 614 3590 668 ostende

2006 699 2151 753 nobis
2171 699 2341 753 lucem
2374 700 2771 753 miserationum
2797 709 3012 753 tuarum
3052 698 3245 769 (Eccli.
3270 717 3462 768 xxxvr,
3508 705 3589 773 I).

2006 791 2070 845 Et
2090 805 2369 860 exponens
2399 806 2560 860 quam
2592 789 2769 845 lucem
2820 790 3056 860 adjecit:
3097 789 3196 856 Et,
3245 793 3299 848 id
3335 804 3437 860 est,
3482 796 3585 848 im-

2006 883 2151 935 mitte
2172 883 2410 936 timorem
2440 891 2588 935 tuum
2631 896 2788 951 super
2814 890 3010 951 gentes,
3050 899 3167 952 qua:
3197 900 3300 937 non
3334 888 3589 957 exquisie-

2007 985 2125 1028 runt
2153 984 2202 1028 te
2233 973 2425 1045 (Ibid.,
2454 973 2530 1045 2),
2560 973 2611 1028 id
2635 981 2717 1028 est
2732 986 2896 1042 super
2924 972 3052 1026 vitia
3090 984 3305 1042 nostra,
3335 993 3457 1047 ιιιιω
3480 994 3589 1035 non

2004 1066 2328 1137 permittunt
2347 1080 2378 1120 a
2400 1064 2555 1121 nobis
2578 1064 2790 1134 exquiri
2830 1071 2900 1118 te.
2932 1061 2999 1116 Ut
3028 1078 3340 1133 cognoscant
3375 1068 3591 1139 (lbid.),

2012 1156 2065 1212 id
2101 1165 2186 1212 est
2207 1165 2266 1212 ut
2304 1170 2631 1227 cognoscere
2661 1170 2759 1210 nos
2784 1154 3005 1217 faciant,
3042 1168 3164 1208 cum
3190 1155 3368 1209 evicta
3401 1171 3465 1213 ac
3494 1159 3590 1214 dc-

2011 1263 2220 1318 pressa,
2256 1256 2306 1304 te
2333 1247 2650 1319 opitulante,
2700 1245 2903 1300 fuerint
2927 1261 2957 1299 a
3004 1243 3176 1309 nobis,
3208 1247 3334 1314 quia
3370 1262 3474 1300 non
3515 1259 3593 1303 est

2010 1338 2174 1404 Deus,
2208 1340 2308 1392 nisi
2338 1348 2391 1391 tu
2412 1339 2436 1391 .’
2460 1337 2650 1409 (Ibid.)
2679 1336 2785 1392 Sed
2811 1336 3102 1392 videndum
3138 1345 3243 1401 est,
3273 1351 3398 1391 cum
3426 1352 3593 1407 supe-

2012 1429 2126 1484 rius
2138 1429 2459 1494 dixerimus,
2475 1443 2568 1484 eos
2593 1428 2684 1498 qui
2708 1427 2853 1483 vitiis
2873 1427 3465 1497 opprimuntur,tiiuore
3480 1443 3593 1483 sua:

2012 1520 2333 1590 perditionis
2362 1520 2568 1591 urgeri,
2591 1519 2731 1575 unde
2759 1518 2862 1575 iste
2900 1521 3060 1574 timor
3095 1520 3165 1573 sit
3207 1520 3399 1575 melior
3438 1521 3528 1590 qui
3560 1535 3593 1574 a

2012 1610 2168 1665 nobis
2194 1609 2495 1681 appellatur
2522 1609 2632 1664 lux.

2082 1700 2224 1757 Sunt
2253 1701 2346 1771 qui
2377 1701 2587 1766 timent,
2628 1716 2696 1755 ne
2732 1700 2789 1756 in
2819 1700 2933 1757 suis
2976 1700 3454 1771 deprehendantur
3497 1701 3595 1757 lla-

329 1764 469 1863 (da.
498 1809 592 1859 LII,
624 1794 737 1864 10),
788 1794 884 1861 ita,
917 1764 1308 1864 duquuisque
1340 1764 1574 1850 attendit
1620 1809 1650 1848 a
1692 1793 1910 1849 diabolo
1938 1764 1986 1823 Β
2014 1793 2182 1864 gitiis,
2212 1764 2306 1862 qui
2354 1794 2520 1848 timor
2550 1764 2725 1864 magis
2770 1792 2838 1847 ad
2888 1792 3030 1849 male
3047 1764 3333 1864 agendum
3382 1795 3593 1860 incitat,

329 1897 427 1952 per
467 1884 724 1940 vitiorum
757 1886 1148 1940 immissionem
1179 1899 1345 1955 opera
1385 1900 1483 1940 sua
1511 1883 1652 1939 bona
1685 1884 1915 1939 interfici

330 1966 642 2039 et'destrui,
666 1989 790 2030 cum
826 1983 1030 2044 quanto
1054 1976 1233 2045 rugitu
1276 1972 1391 2028 haec
1427 1976 1655 2043 aspiciat
1678 1973 1783 2028 dici
1811 1990 1918 2029 non

331 2076 536 2135 potest,
567 2069 695 2137 quia
718 2082 777 2124 se
800 2069 950 2122 videt
975 2068 1195 2123 omnino
1222 2068 1423 2135 perire,
1453 2066 1600 2120 dolet
1634 2066 1923 2133 malletque

340 2155 511 2222 mori,
532 2165 590 2211 et
621 2164 800 2212 tamen
833 2165 1022 2212 contra
1049 2156 1243 2212 insitas
1266 2155 1517 2211 medullis
1539 2155 1923 2223 concupiscen-

332 2246 446 2302 tias
473 2256 529 2302 et
567 2247 988 2303 consuetudines
1022 2262 1130 2303 non
1153 2247 1295 2303 valet
1323 2247 1430 2302 ullo
1458 2247 1622 2303 modo
1648 2250 1921 2303 resistere.

321 2334 453 2393 Sub
496 2349 732 2405 persona
765 2336 957 2391 horum
990 2336 1159 2391 multa
1201 2338 1254 2391 in
1300 2337 1414 2392 suis
1443 2336 1925 2393 lamentationibus

322 2427 607 2483 Jeremias
631 2426 894 2498 propheta
935 2427 1198 2498 deplorat.
1243 2429 1380 2484 Sunt
1406 2430 1498 2499 qui
1527 2429 1647 2485 ollis
1674 2431 1918 2485 carnium

326 2517 675 2572 delectantur
717 2518 771 2572 in
800 2515 1054 2589 Egypto,
1091 2527 1147 2574 et
1172 2520 1418 2575 exerceri
1445 2530 1640 2589 sponte
1670 2535 1766 2575 sua
1791 2535 1918 2592 Ope.

330 2611 487 2665 ribus
518 2610 616 2665 luti
656 2619 711 2666 et
739 2609 955 2682 lateris;
995 2612 1088 2668 sed
1119 2621 1246 2669 sunt
1277 2629 1463 2669 rursus
1495 2614 1586 2669 alii
1616 2614 1708 2683 qui
1741 2614 1918 2669 coacti

326 2714 404 2755 ac
435 2709 729 2757 maerentes
750 2702 818 2757 ab
843 2704 1188 2759 exactoribus
1228 2714 1490 2774 urgentur
1523 2706 1589 2760 ad
1619 2705 1834 2761 sordida
1864 2713 1918 2760 et

324 2787 550 2859 fragilia
578 2803 765 2860 opera,
794 2806 913 2861 qua:
943 2793 1226 2863 signantur
1263 2809 1359 2865 per
1388 2795 1559 2851 lutum
1590 2807 1646 2851 et
1674 2796 1917 2861 laterem,

321 2887 387 2934 et
414 2878 707 2946 Pharaoni,
739 2882 793 2937 id
827 2891 913 2939 est
954 2884 1191 2951 diabolo,
1221 2886 1555 2943 famulantur
1604 2888 1777 2954 inviti,
1830 2889 1920 2959 qui

319 2968 580 3024 clamant
603 2985 727 3026 cum
750 2970 1033 3029 Psalmista
1058 2974 1126 3030 ad
1156 2975 1326 3031 Deum
1350 2994 1363 3031 :
1390 2975 1641 3033 Miserere
1660 2980 1783 3044 mei,
1816 2978 1923 3032 Do-

2015 1900 2176 1954 quam
2206 1884 2455 1939 retrahit.
2483 1883 2635 1939 Sicut
2664 1883 2809 1939 enim
2831 1892 2990 1953 poeta
3017 1883 3084 1940 de
3110 1885 3308 1941 talibus
3336 1886 3411 1941 ait
3437 1904 3449 1942 :

2090 1977 2307 2043 Quoque
2336 1976 2504 2045 magis
2531 1976 2741 2044 legitur,
2775 1983 2938 2029 tectus
2968 1977 3133 2045 magis
3157 1986 3346 2030 wstuat
3367 1979 3526 2049 ignis.

2024 2063 2119 2119 Sic
2152 2072 2207 2118 et
2229 2078 2326 2117 nos
2350 2063 2645 2118 secundum
2670 2063 2925 2116 eumdem
2965 2077 3181 2116 sensum
3210 2079 3497 2133 possumus
3519 2066 3602 2120 di-

2026 2169 2175 2219 cere,
2206 2152 2335 2222 quia
2367 2166 2477 2221 quo
2508 2150 2778 2207 occultius
2822 2158 3105 2219 peccatum
3126 2153 3503 2215 committitur,
3537 2168 3606 2208 eo

2026 2242 2399 2300 vehementius
2426 2243 2480 2296 in
2509 2241 2694 2295 animo
2717 2240 3109 2296 committentis
3144 2241 3474 2297 desiderium
3511 2258 3608 2297 ex—

2025 2335 2244 2391 citatur.
2289 2333 2445 2398 Nam,
2477 2332 2621 2403 quod
2652 2331 2889 2386 latenter
2924 2330 2982 2384 fit
3020 2339 3077 2385 et
3101 2332 3242 2400 quod
3284 2333 3609 2402 prohibetur

2023 2439 2091 2479 ne
2119 2422 2233 2489 flat,
2255 2423 2510 2477 libentius
2538 2428 2902 2493 perpetratur.
2940 2418 3079 2474 Nam
3109 2422 3603 2491 concupiscentiam,

2023 2516 2098 2570 ait
2118 2514 2433 2585 Apostolus,
2465 2513 2777 2579 nesciebam,
2821 2512 2874 2568 id
2908 2524 2991 2569 est
3035 2526 3140 2568 non
3194 2512 3331 2567 adeo
3383 2525 3607 2582 gravem

2020 2615 2276 2677 expertus
2319 2619 2489 2669 eram,
2538 2604 2642 2659 nisi
2690 2603 2775 2658 lea:
2828 2603 3062 2658 diceret:
3117 2601 3607 2672 Non‘concupisccs

2023 2696 2201 2767 (Rom.
2231 2711 2327 2761 vn,
2354 2695 2429 2766 7).
2460 2696 2601 2751 Dicit
2646 2696 2809 2751 etiam
2857 2696 3077 2764 quidam
3124 2694 3391 2765 Sapiens:
3429 2693 3610 2748 Timor

2022 2787 2153 2841 nihil
2182 2797 2256 2841 est
2279 2787 2379 2841 nisi
2407 2786 2829 2856 prasamptionis
2843 2785 3165 2855 adjutorium
3182 2783 3333 2855 (Sap.
3351 2787 3607 2855 xvu,ll),

2022 2876 2370 2945 scilicetquia
2392 2890 2516 2930 cum
2542 2876 2595 2929 in
2625 2875 2808 2931 animo
2832 2876 3023 2930 timore
3049 2876 3171 2945 quis
3197 2884 3417 2942 aastuat,
3444 2886 3610 2933 aestus

2025 2966 2160 3038 ipse,
2208 2968 2302 3038 qui
2332 2968 2399 3022 de
2455 2966 2639 3023 servili
2693 2975 2839 3022 totus
2874 2967 3067 3023 timore
3111 2977 3342 3033 constat,
3392 2968 3514 3039 plus
3541 2971 3609 3025 ad

318 3060 499 3125 mine,
529 3062 779 3129 quoniam
806 3066 1085 3121 inveteravi
1120 3067 1256 3122 inter
1287 3085 1464 3124 omnes
1496 3070 1739 3124 inimicos
1781 3086 1920 3125 meos

2027 3055 2277 3110 eliectum
2313 3055 2537 3111 sceleris
2587 3065 2844 3126 provocat
2894 3071 3055 3127 quam
3108 3059 3375 3125 retardat;
3428 3067 3483 3114 et
3525 3070 3611 3115 cst

326 3147 530 3219 (Psal.
554 3165 629 3217 vr,
659 3150 735 3222 7).
773 3151 1015 3219 Quorum
1037 3155 1179 3213 Deus
1208 3157 1522 3214 interiorem
1546 3159 1801 3230 gemitum
1830 3175 1923 3214 au-

311 3237 496 3294 diens
526 3240 712 3296 educit
734 3243 947 3301 vinctos
972 3243 1147 3317 (Psal.
1182 3263 1354 3315 van,
1395 3250 1450 3319 7)
1496 3248 1716 3305 funibus
1745 3250 1927 3305 crimi-

303 3344 492 3395 num,
522 3331 593 3384 ad
618 3332 724 3388 hoc
757 3343 818 3389 ut
842 3336 955 3390 sint
983 3337 1040 3391 in
1074 3336 1391 3395 fortitudine
1420 3342 1603 3409 pravis
1633 3342 1744 3394 suis
1772 3341 1931 3394 moti-

298 3419 427 3475 bus
466 3419 808 3486 resistendi;
849 3424 1100 3481 similiter
1131 3442 1226 3482 eos
1253 3429 1345 3498 qui
1385 3429 1927 3500 exasperant(lbid.)

296 3510 381 3566 ad
416 3512 546 3565 hoc
567 3512 745 3583 erigit,
774 3522 834 3569 ut
880 3530 1002 3571 eum
1033 3516 1202 3574 David
1232 3519 1421 3575 audire
1449 3521 1709 3575 debeant:
1744 3520 1925 3575 Inveni

294 3603 473 3658 viros
505 3605 813 3660 secundum
847 3621 942 3661 cor
990 3623 1170 3664 meum
1212 3608 1351 3680 (Act.
1380 3626 1500 3676 xm,
1531 3610 1644 3681 22),
1695 3626 1925 3682 quorum

292 3692 514 3764 perire
544 3681 700 3747 facit'
723 3696 1039 3751 memoriam
1082 3697 1382 3767 iniquitatis
1420 3714 1545 3755 cum
1577 3681 1761 3755 sonitu
1811 3700 1929 3757 bla-

290 3783 735 3854 sphemiarum,
775 3787 971 3857 quibus
998 3789 1257 3845 adversus
1287 3790 1456 3846 Deum
1504 3790 1752 3848 solebant
1806 3808 1928 3862 per-

288 3887 604 3948 strepere,
641 3877 736 3946 qui
764 3879 928 3933 vertit
962 3878 1178 3950 impios,
1205 3890 1259 3935 et
1279 3882 1392 3952 jam
1436 3897 1547 3938 non
1592 3892 1722 3939 sunt
1752 3884 1924 3955 impii,

284 3976 348 4023 et
384 3965 802 4024 habitantibus
856 3968 912 4024 in
961 3971 1229 4040 sepulcris
1277 3972 1567 4030 oblivionis
1612 3974 1924 4031 exclamat:

283 4055 558 4124 Lazare,
596 4058 721 4112 ueni
747 4057 892 4126 foras
919 4059 1103 4131 (Joan.
1131 4077 1209 4128 xl,
1240 4062 1355 4131 42).
1383 4063 1439 4119 Id
1475 4073 1561 4120 est
1586 4065 1927 4134 pestilentem

278 4147 453 4203 illam
492 4146 735 4219 peccati
759 4149 1128 4206 temulentiam
1163 4152 1414 4223 digerens
1466 4156 1568 4225 12
1610 4165 1743 4211 testu
1776 4171 1931 4215 acer-

276 4238 443 4295 rimo
486 4236 1236 4311 pwnitentizenedormisce,
1262 4251 1319 4298 et
1346 4244 1439 4313 qui
1479 4246 1636 4315 quasi
1660 4254 1925 4313 mortuus,

274 4345 505 4389 excors
539 4338 606 4386 et
650 4328 893 4401 elinguis
929 4331 984 4386 in
1016 4332 1277 4390 barathro
1306 4336 1560 4391 vitiorum
1584 4337 1806 4407 jacebas
1832 4354 1927 4395 oc-

2029 3148 2263 3217 proditio
2285 3147 2629 3219 cogitationis
2652 3142 3001 3216 auxiliorum,
3026 3150 3077 3204 id
3092 3160 3173 3205 cst
3192 3152 3610 3222 ostendit,’quod

2031 3237 2163 3305 ipsis
2209 3238 2480 3307 perversis
2508 3238 2932 3308 cogitationibus
2958 3240 3026 3294 ad
3066 3240 3268 3294 malum
3300 3243 3613 3298 anhelanti-

2031 3329 2133 3381 bus
2151 3330 2311 3381 timor
2330 3328 2446 3397 ipse
2473 3330 2784 3394 auxilietur,
2816 3330 3025 3385 scilicet
3054 3332 3198 3387 vires
3232 3333 3490 3402 praebeat.
3521 3336 3613 3392 Ti-

2036 3426 2187 3470 ment
2217 3417 2399 3486 itaque
2452 3417 2808 3488 deprehendi,
2860 3420 3055 3476 timent
3104 3424 3397 3493 proditioni
3442 3428 3610 3485 etiam

2032 3522 2141 3585 sua:
2166 3506 2354 3577 aliqui,
2385 3509 2478 3564 sed
2508 3509 2635 3579 quia
2667 3525 2733 3566 ex
2764 3512 2940 3582 gratia
2976 3513 3070 3569 Dei
3106 3529 3213 3571 non
3246 3525 3353 3583 est,
3384 3521 3511 3589 quia
3541 3536 3611 3578 ex

2030 3613 2214 3653 amore
2244 3614 2351 3654 non
2382 3609 2615 3668 constat,
2642 3602 2899 3658 vitiorum
2934 3607 3184 3663 ardorem
3231 3626 3336 3666 non
3365 3624 3609 3683 superat.

2032 3688 2155 3743 Filii
2184 3689 2351 3745 Israel
2383 3706 2575 3761 pmnas
2600 3708 2736 3763 quas
2758 3693 2844 3751 lex
2875 3696 3185 3754 minabatur
3211 3700 3484 3773 timentes,
3509 3723 3614 3769 nec

2031 3791 2175 3835 metu
2198 3796 2498 3852 pcenarum,
2526 3799 2626 3840 nec
2651 3787 2948 3843 carnalium
2974 3792 3198 3860 praemio
3218 3797 3610 3865 promissarum

2033 3886 2063 3925 a
2112 3871 2249 3943 legis
2296 3876 2750 3944 praevaricatione
2778 3880 2951 3935 teneri
2982 3892 3254 3953 poterant,
3291 3890 3417 3959 quia
3463 3893 3614 3952 nullo

2032 3962 2128 4019 Dei
2176 3979 2361 4020 amore
2392 3966 2457 4021 ad
2504 3967 2645 4024 bene
2694 3970 2961 4039 agendum
2990 3974 3201 4031 animos
3245 3977 3614 4050 applicabant,

2032 4055 2127 4111 sed
2163 4064 2334 4111 totum
2379 4059 2553 4115 coacti
2602 4060 2875 4117 serviliter
2909 4078 3014 4119 non
3064 4067 3257 4136 spiritu
3310 4071 3615 4143 adoptionis

2033 4146 2283 4216 agebant.
2312 4147 2499 4204 Timor
2525 4162 2655 4222 ergo
2682 4150 2771 4205 ille
2796 4166 2956 4223 quem
2989 4153 3220 4211 dicimus
3255 4157 3345 4213 lux
3384 4169 3488 4227 est,
3518 4164 3613 4234 qui

2033 4248 2088 4294 et
2119 4240 2372 4296 tenebras
2392 4242 2642 4297 obscenae
2674 4244 3023 4314 cogitationis
3055 4246 3297 4315 discutit,
3326 4258 3378 4306 et
3405 4253 3615 4323 pariter

2034 4335 2102 4387 ad
2125 4347 2367 4387 amorem
2396 4334 2613 4389 virtutis
2640 4338 2908 4392 accendit.

272 4422 487 4480 clusus
511 4421 689 4488 veni,
713 4420 765 4476 id
793 4430 878 4478 est
907 4426 1105 4480 accede
1131 4426 1199 4481 ad
1228 4442 1352 4482 eum
1378 4429 1470 4499 qui
1502 4437 1555 4486 te
1588 4440 1747 4487 vocat
1787 4433 1921 4489 inte-

2107 4423 2207 4491 Qui
2237 4424 2400 4494 igitur
2423 4426 2598 4496 primo
2628 4426 2745 4481 sine
2777 4425 2953 4482 fructu
3000 4429 3067 4483 dc
3108 4445 3207 4485 suo
3253 4441 3469 4503 torpore
3510 4434 3611 4489 do-

268 4517 400 4573 rius
431 4529 551 4587 per
584 4512 827 4585 peccati
869 4514 1323 4584 deplorationem;
1378 4528 1439 4574 ut
1467 4520 1637 4590 foras,
1676 4520 1729 4577 id
1759 4531 1845 4579 est
1872 4522 1924 4578 in

196 4678 208 4685 .
264 4617 484 4680 aperto
518 4606 659 4678 jam
708 4604 938 4673 prodeas
958 4621 1056 4677 per
1093 4608 1357 4667 bonorum
1383 4627 1612 4683 operum
1641 4613 1933 4671 exhibitio-

262 4714 435 4756 nem.
475 4699 622 4769 Ipse
659 4709 908 4765 namque
935 4697 1082 4752 videt
1130 4698 1474 4758 amictiouem
1504 4704 1687 4775 populi
1725 4706 1831 4771 sui,
1877 4714 1933 4761 et

266 4789 635 4857 descendit,
672 4787 738 4844 id
765 4776 858 4842 est
880 4788 1209 4858 compatitur
1230 4793 1299 4847 ad
1331 4794 1697 4852 miserendum
1728 4798 1831 4865 eis,
1875 4807 1930 4854 et

265 4883 415 4939 dicit
443 4883 541 4938 eis
580 4898 597 4935 :

344 4974 540 5030 Vens.
574 4972 645 5028 5.
696 4998 778 5010 --
802 4966 929 5023 Fiat
950 4968 1064 5035 lux,
1099 4980 1146 5025 et
1190 4971 1331 5039 facta
1357 4982 1431 5027 est
1475 4976 1588 5029 lux.
1621 4977 1759 5044 Quid
1802 4995 1932 5048 ergo

261 5066 536 5124 dicimus
560 5061 803 5119 debere
828 5057 1054 5131 intelligi
1084 5075 1180 5129 per
1201 5060 1516 5129 lucem,nisi
1538 5065 1666 5120 illud
1697 5068 1929 5137 primum

259 5158 526 5220 bonum,
594 5148 775 5221 quod
808 5147 894 5202 bis
937 5149 1029 5218 qui
1059 5159 1449 5205 convertuntur
1504 5153 1573 5207 ad
1618 5169 1711 5209 cor
1756 5154 1931 5226 (Psal.

258 5265 521 5315 Lxxxtv,
562 5246 631 5317 9)
670 5243 871 5300 datur.
902 5241 1040 5307 Quid
1070 5253 1153 5298 est
1199 5252 1378 5299 autem
1428 5244 1660 5313 primum
1710 5248 1931 5315 bonum,

248 5342 376 5398 nisi
406 5342 607 5395 timor
643 5332 793 5397 Dei,
821 5332 914 5401 qui
950 5331 1147 5387 dicitur
1172 5334 1385 5387 initium
1415 5334 1730 5404 sapientiae?
1757 5332 1930 5405 (Psal.

255 5450 357 5502 cx,
394 5435 488 5506 9).
537 5424 926 5501 Sapientiam
951 5438 1079 5480 vero
1126 5425 1299 5485 lucem
1355 5427 1617 5498 appellari
1646 5441 1754 5483 non
1802 5444 1930 5495 uno,

255 5530 364 5584 sed
399 5525 628 5583 multis
669 5517 1107 5587 Scripturarum
1139 5520 1273 5577 locis
1301 5521 1660 5577 advertimus.
1708 5520 1861 5588 Quod
1891 5523 1936 5577 si

253 5619 388 5692 ipsa
443 5620 556 5679 lux
591 5623 723 5681 est,
785 5618 847 5665 et
896 5610 1109 5666 initium
1155 5612 1270 5682 ejus
1301 5614 1464 5672 timor
1496 5614 1592 5670 Dei
1621 5622 1724 5678 est,
1774 5612 1935 5668 timor

251 5712 569 5784 profecto,
606 5705 766 5787 quia
822 5715 947 5770 pars
976 5701 1090 5772 ejus
1118 5712 1218 5771 est,
1266 5705 1409 5773 idem
1453 5704 1595 5771 quod
1624 5713 1795 5762 totum
1823 5712 1921 5764 est.

2037 4516 2201 4581 lebat,
2230 4517 2297 4572 de
2326 4532 2434 4586 quo
2479 4532 2539 4572 se
2568 4529 2830 4573 excutere
2878 4533 2985 4574 non
3032 4530 3271 4590 poterat,
3320 4527 3450 4596 quia
3496 4528 3615 4586 sine

2036 4608 2155 4663 luce
2181 4609 2353 4679 gratia
2384 4608 2624 4665 caelestis
2654 4616 2788 4675 erat,
2823 4608 2936 4678 jam
2969 4612 3133 4679 dolet,
3180 4629 3279 4672 nec
3322 4617 3475 4675 dolor
3519 4636 3614 4675 va-

2035 4716 2171 4755 cuus
2200 4710 2303 4767 est,
2331 4701 2459 4771 quia
2498 4700 2680 4777 unctio
2707 4703 2885 4758 sancti
2924 4703 3177 4775 Spiritus,
3210 4723 3331 4779 quae
3355 4725 3481 4767 cum
3512 4712 3613 4767 do-

2036 4802 2123 4847 cet
2151 4793 2217 4848 de
2242 4792 2495 4848 omnibus
2539 4802 2594 4849 et
2642 4792 2884 4860 roborat,
2931 4796 3103 4852 adest.
3138 4798 3360 4870 Antiqui
3396 4804 3615 4873 quando

2038 4884 2440 4939 exercebantur
2487 4886 2554 4940 ad
2607 4884 2910 4955 palaestram
2942 4926 2955 4949 ,
3014 4888 3143 4959 ungi
3201 4900 3615 4959 consueverant,

2038 4977 2159 5032 ideo
2193 4977 2442 5033 videlicet
2463 4986 2520 5049 ut
2546 4993 2644 5049 per
2675 4981 2839 5043 nuda,
2872 4988 2927 5033 et
2947 4993 3013 5033 ex
3039 4981 3289 5035 unctione
3308 4981 3616 5042 madefacta

2037 5082 2267 5137 corpora
2300 5068 2606 5123 labentibus
2633 5069 2768 5138 ejus,
2795 5069 2887 5136 qui
2914 5069 3332 5136 colluctabatur,
3366 5070 3619 5131 manibus

2041 5160 2217 5213 minus
2264 5159 2439 5214 teneri
2470 5158 2704 5214 luctator
2730 5166 2931 5228 posset.
2968 5156 3104 5210 Nudi
3151 5165 3353 5223 autem,
3386 5158 3440 5213 id
3468 5169 3553 5215 est
3587 5178 3617 5218 a

2039 5251 2378 5306 saecularium
2435 5266 2618 5306 rerum
2670 5263 2855 5304 amore
2896 5247 3180 5317 praepediti
3232 5246 3323 5319 [[.,
3355 5251 3619 5323 expediti]

2039 5353 2092 5401 et
2124 5345 2297 5407 uncti,
2340 5344 2392 5397 id
2435 5353 2517 5399 est
2562 5344 2757 5398 divinae
2802 5339 3110 5395 dilectionis
3160 5339 3300 5393 dulci
3350 5340 3620 5394 suavitate

2048 5435 2296 5497 delibuti,
2323 5434 2538 5488 diabolo
2573 5432 2809 5488 duellum
2860 5428 3099 5485 indicere
3139 5426 3414 5493 iubemur,
3468 5423 3625 5489 cujus

2043 5534 2193 5579 tanto
2237 5525 2415 5578 minor
2444 5533 2527 5578 est
2577 5521 2927 5591 fragiliorque
2958 5519 3013 5572 in
3048 5513 3337 5588 pugnando
3366 5520 3623 5565 constan-

2044 5619 2137 5679 tia,
2166 5618 2377 5684 quanto
2408 5614 2666 5668 fervidior
2698 5614 2749 5666 in
2794 5609 2957 5665 corde
3002 5601 3315 5677 ραιῐιὶιϐῐιιίδ
3348 5596 3622 5651 iuvenum

2044 5704 2471 5765 comounctionis
2494 5705 2688 5761 gratia.
3590 5690 3591 5693 “
