4062 6354
545 384 614 439 ὀί)
1359 364 1418 418 ν.
1460 355 1782 416 GUIBERTI
1809 351 2103 409 ABBATIS
2130 351 2187 408 Β.
2219 350 2459 405 ΜΑιιιίΕ
2497 351 2583 405 DE
2617 350 3011 407 NOVIGENTO
3724 358 3801 416 ιο

606 494 767 548 Vnus.
806 489 860 544 ι.
894 520 957 527 ---
986 484 1153 539 Facta
1201 492 1378 533 autem
1409 476 1549 539 lucc,
1596 473 1732 526 Vidit
1783 471 1923 525 Deus
1975 468 2112 538 quod
2141 516 2146 528 ,

2253 471 2272 518 t
2304 474 2606 521 esurientes
2634 472 2790 522 bonis
2810 475 3063 530 exsatiat,
3087 473 3144 523 et
3173 467 3385 526 vincula
3411 452 3794 548 tentatibnum,

533 595 662 643 esset
688 586 843 638 bona.
869 578 1005 648 Quid
1034 584 1117 629 est
1137 572 1269 627 vidit
1283 568 1440 627 Deus,
1471 565 1572 620 nisi
1600 565 1725 634 quia
1750 561 1920 616 videri
1952 557 2113 612 fccit?

540 676 744 729 vivitur
788 678 844 726 et
891 668 955 722 dc
996 660 1319 719 Centurionc
1358 674 1370 710 :
1419 654 1654 710 Audiens
1687 652 1842 708 Jesus
1893 651 2115 703 miratus

537 778 611 820 est
639 762 792 835 (Luc.
821 774 916 819 vn,
942 755 1017 824 9).
1058 748 1206 804 Unde
1239 747 1469 802 miratus
1495 752 1600 809 est,
1638 757 1734 813 per
1761 755 1921 810 quem
1958 751 2117 791 omne

538 830 736 911 mirum
764 857 1002 905 creatum
1032 849 1139 904 est,
1185 849 1387 907 prxter
1411 850 1572 904 quem
1605 832 1736 887 nihil
1783 830 1980 885 mirum
2011 836 2113 890 est,
2160 834 2167 839 ’

539 948 639 1003 nisi
691 941 832 1013 quod
882 937 1080 991 mirum
1132 931 1303 986 voluit
1352 928 1507 984 nobis
1543 925 1850 987 ostendere,
1882 921 2025 992 quod
2052 920 2118 974 ad

540 1047 822 1094 commune
852 1026 1164 1097 exemplum
1215 1036 1245 1077 a
1300 1019 1441 1076 fideli
1497 1018 1717 1074 homine
1766 1015 1969 1070 dictum
2014 1021 2116 1067 est.

546 1127 685 1180 Vidit
712 1138 843 1195 ergo
869 1120 1038 1174 lucem
1067 1115 1205 1188 quod
1235 1121 1364 1168 esset
1390 1112 1549 1177 bona,
1580 1109 1633 1164 id
1656 1117 1739 1164 est
1770 1104 1937 1161 videri
1970 1102 2117 1168 fecit,

534 1232 701 1287 quam
746 1215 952 1269 bonum
982 1216 1145 1273 esset,
1186 1204 1365 1260 timori
1412 1212 1467 1259 et
1498 1200 1672 1256 amori
1703 1206 1939 1253 mentem
1970 1210 2122 1251 man-

542 1285 733 1375 ripare
777 1300 980 1356 divino.
1027 1297 1086 1352 ln
1134 1294 1342 1350 deliclis
1395 1302 1452 1348 et
1499 1288 1861 1360 voluptatibus
1910 1285 2120 1341 educati

538 1396 670 1467 quid
728 1394 799 1447 sit
855 1388 1075 1445 miseria
1136 1385 1408 1449 nesciunt,
1468 1390 1524 1436 et
1569 1382 1623 1435 in
1672 1375 2013 1448 squaloribus
2061 1389 2124 1428 ac

540 1465 804 1557 spurcitia
832 1478 1076 1542 enutriti,
1125 1474 1254 1546 quid
1300 1474 1409 1528 sint
1437 1470 1645 1525 delicia:
1674 1483 1737 1524 ac
1767 1465 1996 1521 felicitas
2032 1478 2125 1517 nc—

545 1553 746 1632 sciunt.
772 1570 910 1639 Quid
952 1568 1076 1625 boni
1123 1564 1320 1621 habeat
1345 1560 1578 1624 sanitas,
1618 1558 1845 1628 languor
1867 1553 2124 1617 ostendit,

544 1668 624 1721 ait
643 1664 893 1735 quidam;
933 1656 1313 1730 cognoscimus
1340 1654 1470 1724 quid
1498 1652 1809 1714 habuimus,
1838 1654 2125 1735 postquam

544 1733 745 1811 habere
776 1751 1097 1807 desinimus.
1131 1747 1267 1802 Cum
1296 1746 1463 1814 igitur
1509 1750 1630 1812 post
1666 1741 1951 1795 innumera
1980 1733 2131 1806 ﬂagi-

2216 572 2336 626 quae
2377 556 2488 613 Deo
2516 558 2583 612 ad
2616 558 2803 614 horam
2851 559 3137 615 secedente
3170 559 3424 631 ingruere
3466 566 3662 633 solent,
3711 574 3799 627 sui

2218 647 2455 718 Spiritus
2506 650 2781 705 redeuntis
2827 650 2951 722 igne
2990 651 3253 713 dissolvit.
3288 652 3428 721 Quid
3458 656 3617 723 illud,
3651 663 3801 729 quod
3900 664 3903 667 ’

2218 739 2401 794 anima
2434 749 2619 796 nostra
2645 756 2861 796 omnem
2885 756 3056 799 sacrae
3081 741 3335 800 lectionis
3362 759 3568 815 escam,
3593 750 3659 805 de
3686 767 3798 821 qua

2219 829 2364 884 vires
2391 831 2818 900 compunctionis
2843 831 3145 896 hauriebat,
3172 834 3243 888 ita
3275 834 3566 905 aliquando
3591 840 3804 895 abomi-

2221 931 2404 989 natur,
2427 932 2487 978 ut
2513 940 2675 994 usque
2726 924 2795 978 ad
2819 934 2996 993 portas
3026 926 3209 980 mortis
3248 924 3422 996 (Psal.
3458 944 3566 995 cvr,
3600 930 3708 999 18),
3747 932 3803 987 id

2220 1024 2302 1070 est
2332 1015 2464 1071 vitia
2508 1030 2606 1087 per
2650 1031 2769 1085 quae
2816 1015 2926 1071 itur
2972 1016 3041 1070 ad
3084 1027 3315 1072 mortem
3368 1022 3806 1091 appropinquare

2221 1105 2490 1160 videatur.
2542 1105 2652 1162 Sed
2710 1106 2798 1160 ille
2840 1106 2933 1175 qui
2979 1112 3154 1160 tentat
3201 1121 3320 1171 nos,
3351 1124 3459 1162 non
3496 1121 3550 1163 ut
3586 1109 3801 1179 perdat,

2223 1211 2402 1266 neque
2432 1204 2491 1251 ut
2529 1194 2686 1261 sciat,
2716 1195 2813 1250 sed
2840 1203 2901 1250 ut
2950 1185 3093 1252 scire
3134 1212 3233 1251 nos
3261 1198 3427 1253 faciat
3455 1200 3499 1253 si
3528 1200 3807 1271 diligimus

2222 1303 2369 1353 eum,
2401 1287 2567 1343 mittit
2594 1286 2845 1352 verbum,
2896 1286 2950 1342 id
2994 1297 3078 1342 est
3128 1303 3374 1357 saporem
3424 1289 3577 1344 verbi
3630 1291 3710 1345 sui
3748 1291 3807 1345 in

2226 1392 2352 1445 nos,
2384 1385 2439 1433 et
2463 1387 2647 1444 sanat,
2677 1377 2945 1447 eripitque
2998 1378 3066 1432 de
3105 1378 3325 1432 interitu
3352 1377 3526 1450 (Psal.
3556 1380 3805 1448 01,20).

2228 1468 2353 1524 lla:c
2396 1470 2540 1524 Deus
2567 1468 2622 1523 in
2652 1468 2811 1523 nobis
2838 1468 2975 1537 agit,
3021 1476 3082 1522 ut
3135 1468 3276 1524 bona
3308 1483 3377 1524 ex
3406 1470 3541 1540 ipso,
3576 1471 3711 1525 mala
3734 1487 3809 1525 ex

2228 1559 2384 1615 nobis
2435 1574 2535 1614 nos
2570 1558 2773 1613 habere
2803 1558 3134 1626 noverimus,
3166 1567 3223 1613 et
3266 1559 3347 1615 sic
3379 1559 3525 1615 inter
3552 1560 3723 1616 lucem
3752 1571 3815 1616 et

2231 1651 2487 1706 tenebras
2504 1649 2817 1704 dividimus.

2300 1741 2463 1796 Vens.
2500 1738 2555 1794 5.
2584 1768 2655 1780 —
2693 1739 3080 1810 Appellavitque
3114 1739 3280 1795 lucem
3319 1740 3456 1794 diem
3491 1756 3513 1795 :
3561 1749 3609 1794 et
3662 1751 3813 1795 tene-

547 1844 620 1898 tia
642 1842 729 1907 ad
776 1841 946 1896 Deum
1001 1810 1352 1900 revertimur,
1385 1841 1441 1889 et
1476 1810 1611 1886 vitia
1641 1831 1693 1884 in
1722 1829 1952 1883 virtutes
1980 1840 2124 1881 com-
2161 1810 2204 1865 Β
2230 1831 2352 1886 bras
2383 1840 2605 1886 noctem.
2636 1830 2733 1886 Est
2761 1831 3005 1900 qumdam
3052 1846 3264 1887 summa
3308 1831 3421 1896 ιιιχ,
3461 1846 3583 1902 qua;
3612 1831 3819 1887 ίιιυωί-

547 1942 839 1997 mutamus,
894 1940 1020 1985 tunc
1066 1926 1302 1999 primum
1355 1921 1861 1986 animadvertimus,
1916 1922 1969 1973 in
2022 1932 2129 1988 quo

546 2022 875 2094 pestilentia:
900 2020 1161 2075 barathro
1184 2016 1477 2088 jacuimus,
1524 2023 1579 2070 et
1604 2028 1712 2084 quo
1753 2010 2129 2067 vehementius

546 2113 615 2166 de’
639 2118 952 2181 perpetrato
984 2107 1223 2162 facinore
1249 2105 1640 2169 erubescimus,
1672 2111 1825 2157 tanto
1856 2101 2130 2169 copiosius

546 2204 614 2258 ad
639 2203 876 2273 priorem
904 2201 1070 2254 vitam
1110 2198 1234 2252 boni
1267 2197 1451 2266 operis
1472 2196 1712 2251 novitate
1739 2195 2129 2265 contegendum

543 2303 859 2349 metuamus.
891 2289 1087 2344 Etnon
1119 2287 1280 2343 modo
1307 2286 1472 2342 timor
1512 2294 1616 2350 est,
1664 2299 1731 2340 ne
1760 2281 2132 2354 deprehenda-

547 2402 670 2441 mur
694 2385 747 2440 in
773 2376 941 2450 vitiis,
975 2380 1071 2437 sed
1121 2380 1285 2434 etiam
1318 2379 1364 2433 si
1402 2378 1620 2446 impune
1652 2390 1878 2447 peccare
1919 2375 2130 2437 liceret,

550 2491 738 2531 amore
757 2472 983 2543 iustitia:
1008 2469 1176 2526 semel
1221 2478 1560 2540 praegustatas
1593 2468 1705 2538 jam
1734 2481 1959 2538 peccare
1988 2466 2138 2521 nolu-

551 2582 697 2633 mus,
739 2580 859 2635 qua:
895 2563 961 2617 ad
990 2576 1228 2633 prcesens
1267 2560 1318 2614 in
1353 2569 1558 2614 tantum
1596 2574 1693 2615 nos
1717 2566 2048 2622 remaneret,
2079 2565 2138 2611 ut

550 2658 717 2712 etiam
772 2662 917 2708 metu
968 2652 1082 2722 jam
1131 2649 1456 2720 perditionis
1521 2646 1734 2717 abjccto
1785 2646 2137 2702 securitatem

551 2747 737 2818 glorias
760 2741 1158 2812 conscquendae
1200 2740 1423 2794 tribuat.
1448 2738 1706 2808 Sequitur
1730 2752 1744 2791 :

630 2835 701 2891 Et
738 2835 912 2889 divisit
941 2832 1293 2896 interlucent,
1336 2842 1383 2885 et
1414 2830 1651 2885 tenebras
1696 2828 1818 2900 [al.,
1863 2826 1931 2882 Et
1961 2827 2139 2881 divisit

553 2928 720 2983 lucem
777 2944 811 2980 a
858 2922 1126 2995 tenebris].
1157 2921 1297 2988 Quid
1348 2930 1431 2976 est
1462 2921 1634 2973 divisit
1692 2921 1795 2975 nisi
1851 2918 2139 2973 discretio-

559 3036 683 3076 nem
710 3019 917 3074 babere
963 3018 1103 3070 inter
1134 3014 1260 3068 \itia
1290 3012 1629 3082 virtutesque
1657 3011 1873 3067 docuit?
1924 3010 2144 3076 Quanto

559 3115 703 3168 enim
729 3111 932 3167 arctius
959 3109 1010 3163 in
1033 3108 1290 3162 virtutum
1325 3105 1574 3161 custodia
1606 3104 1969 3175 persistiruus,
1995 3109 2145 3157 tanto

561 3208 927 3277 perspicacius
978 3206 1063 3259 his
1119 3207 1394 3256 contraria
1448 3198 1699 3269 qumlibet
1745 3195 2144 3267 cognoscimus,

563 3297 667 3368 13
695 3294 799 3350 Sed
845 3294 950 3348 alia
995 3302 1080 3347 est
1133 3290 1379 3360 quzcdam
1402 3288 1559 3344 valde
1604 3285 1840 3343 notanda
1864 3284 2148 3349 discretio,

562 3404 669 3460 qua
722 3386 934 3442 scilicet
970 3392 1129 3440 acute
1170 3391 1226 3439 et
1253 3381 1623 3437 indesinenter
1666 3378 1948 3434 attendere
1987 3375 2155 3432 debe-

564 3476 706 3545 mus,
729 3479 858 3547 quid
888 3491 953 3530 ex
991 3478 1169 3542 nobis,
1216 3474 1430 3543 etquid
1461 3487 1529 3527 ex
1576 3471 1687 3527 Deo
1733 3471 2031 3526 habeamus
2062 3467 2147 3540 (II

563 3569 690 3623 Cor.
744 3584 824 3633 ιιι,
859 3567 935 3638 5).
963 3566 1117 3634 Quod
1142 3565 1378 3620 mirabili
1433 3572 1549 3619 arte
1578 3563 1750 3634 pietas
1779 3563 1935 3617 nobis
1969 3562 2150 3618 divina

563 3674 709 3728 saepe
765 3659 1026 3714 insinuat.
1077 3657 1213 3712 Nam
1244 3656 1298 3711 in
1347 3667 1545 3711 nosam
1586 3655 1957 3710 conversionis
2000 3654 2153 3709 initio

568 3760 777 3807 tantam
831 3752 1193 3822 lacrymarum
1243 3748 1583 3813 ubertatem,
1632 3755 1837 3802 tantam
1892 3746 2157 3803 orationis

568 3844 728 3900 nobis
762 3842 905 3898 Deus
944 3842 1261 3911 plerumque
1292 3839 1519 3911 largitur
1548 3839 1887 3902 instantiam,
1938 3847 1999 3893 ut
2042 3836 2155 3906 jam

573 3939 869 3993 humanam
904 3934 1060 3989 nobis
1102 3933 1387 3989 videamur
1443 3932 1748 4003 transgredi
1796 3940 2069 3991 naturam.
2104 3940 2159 3985 et

571 4026 773 4082 imitari
800 4023 1217 4096 contemplando
1253 4023 1576 4096 angelicam.
1594 4022 1747 4091 Quod
1769 4038 1892 4078 cum
1917 4022 2160 4093 aliquan-

570 4119 666 4176 diu
716 4119 998 4175 nobiscum
1064 4117 1288 4189 agitur,
1344 4115 1413 4172 de
1469 4126 1657 4172 nostro
1701 4114 1945 4185 profectu
1996 4131 2158 4185 supra

572 4226 738 4281 quam
762 4210 974 4282 justum
1026 4218 1111 4264 est
1155 4210 1396 4281 gaudere
1442 4209 1584 4264 intra
1617 4222 1716 4263 nos
1761 4208 2159 4278 praesumimus.

575 4298 681 4354 Sed
698 4298 841 4355 Deus
867 4308 1107 4354 nostram
1144 4300 1282 4354 mira
1334 4296 1736 4368 dispensatione
1784 4297 2021 4351 retundit
2074 4313 2164 4352 su-

573 4392 844 4463 perbiam,
875 4399 932 4446 et
962 4405 1061 4446 nos
1103 4391 1194 4459 qui
1240 4401 1621 4446 erraveramus
1664 4389 1719 4442 in
1767 4388 2077 4454 solitudine,
2109 4389 2162 4444 id

2233 1931 2327 1978 nat
2345 1937 2561 1979 omnem
2585 1922 2861 1978 hominem
2885 1921 3067 1993 (Joan.
3106 1939 3144 1990 ι,
3176 1923 3253 1993 9),
3284 1926 3547 1979 rationem
3602 1924 3820 1979 scilicet

2233 2019 2433 2088 cuique
2477 2018 2675 2074 dando.
2705 2017 2955 2088 Appellat
3000 2018 3203 2086 itaque,
3229 2018 3282 2072 id
3320 2027 3405 2073 est
3429 2017 3581 2087 eligit
3611 2016 3817 2080 lucem,

2232 2110 2494 2181 cujusque
2519 2109 2727 2164 scilicet
2774 2107 3011 2163 hominis
3060 2108 3355 2174 rationem,
3394 2123 3512 2163 eam
3567 2108 3819 2162 faciendo

2233 2202 2398 2258 diem.
2423 2200 2703 2268 Quomodo
2728 2200 2871 2254 diem
2899 2200 2922 2254 ?
2973 2200 3121 2266 Dies,
3147 2208 3206 2254 ιιι
3233 2200 3310 2254 ait
3351 2200 3594 2270 quidam,
3622 2208 3705 2254 est
3732 2199 3821 2254 soi

2237 2309 2400 2365 super
2419 2303 2642 2357 terram,
2690 2292 2772 2346 sol
2799 2291 2899 2346 sub
2949 2301 3092 2345 terra
3124 2305 3229 2345 nox
3286 2299 3389 2345 est.
3442 2290 3602 2346 Ratio
3650 2291 3821 2361 igitur

2238 2393 2423 2440 nostra
2464 2384 2511 2439 si
2542 2383 2671 2438 velit
2700 2397 2822 2438 esse
2846 2381 2959 2447 lux,
2990 2380 3132 2437 sicut
3160 2395 3282 2436 esse
3311 2381 3487 2441 debet.
3513 2381 3683 2435 solem
3708 2380 3820 2435 sibi

2236 2485 2540 2547 praeponat,
2600 2475 2653 2530 id
2688 2482 2772 2530 est
2802 2482 3017 2528 terrena
3043 2471 3313 2527 desideria
3341 2484 3526 2525 amore
3549 2480 3607 2525 et
3629 2485 3820 2525 exem-

2238 2567 2328 2638 plo
2347 2566 2549 2621 Christi
2572 2565 2860 2635 deprimat,
2892 2571 2953 2618 ut
2984 2563 3101 2618 dies
3124 2562 3291 2618 etiam
3310 2562 3418 2617 dici
3448 2570 3653 2632 queat;
3707 2576 3822 2615 nox

2240 2660 2388 2714 enim
2416 2657 2586 2727 iniqui
2617 2672 2722 2712 non
2754 2665 2958 2723 essent,
3006 2656 3111 2711 nisi
3142 2655 3418 2711 Christum
3445 2663 3611 2725 atque
3649 2653 3823 2707 ratio-

2241 2763 2369 2805 nem
2395 2763 2548 2805 suam
2578 2746 2778 2803 infimis
2800 2746 3187 2817 cupiditatibus
3212 2753 3598 2815 supponerent.
3624 2744 3827 2815 Appel-

2243 2842 2359 2897 lare
2380 2842 2525 2897 sicut
2550 2855 2750 2897 vocare
2775 2838 2948 2909 accipi
2994 2839 3047 2894 in
3074 2836 3371 2906 Scripturis
3403 2837 3601 2893 bifarie
3622 2846 3823 2906 potest.

2245 2932 2303 2987 lu
2332 2932 2476 2987 bono
2503 2949 2517 2986 :
2557 2930 2745 2986 Vocavi
2767 2946 2833 2985 ea:
2860 2930 3067 2983 nomine
3106 2928 3329 2983 Beseleel
3356 2929 3554 2999 (Exod.
3579 2926 3828 2995 xxxtﬂ).

2243 3026 2303 3081 lu
2333 3024 2476 3081 malo
2507 3041 2521 3079 :
2580 3021 2791 3076 Vocavit
2838 3021 3030 3089 {amem
3060 3036 3217 3090 super
3268 3028 3463 3073 terram
3505 3019 3678 3090 (Psal.
3712 3033 3826 3082 etv,

2246 3118 2362 3190 21),
2386 3126 2442 3174 et
2473 3117 2678 3171 affatim
2710 3114 2864 3170 alias.
2902 3114 3071 3169 Vocat
3090 3113 3328 3168 tenebras
3356 3120 3583 3176 noctem,
3613 3112 3833 3181 quando

2254 3226 2371 3275 eos,
2393 3210 2486 3279 qui
2514 3214 2841 3279 praepostere
2865 3205 3077 3270 vivunt,
3127 3212 3185 3259 et
3218 3203 3524 3260 voluntarie
3574 3211 3831 3271 peccant.

2258 3302 2420 3358 tradit
2450 3302 2502 3357 in
2525 3306 2761 3363 noctem,
2791 3296 2843 3353 id
2880 3304 2966 3351 est
2993 3296 3045 3350 in
3081 3294 3370 3364 reprobum
3398 3309 3616 3349 sensum
3649 3291 3831 3362 (Rom.

2255 3410 2295 3461 t,
2328 3393 2442 3465 28).
2473 3392 2645 3447 Vocat
2661 3400 2841 3445 autem
2872 3390 2926 3444 in
2949 3397 3209 3457 quantum
3234 3387 3422 3442 venire
3456 3384 3740 3456 permittit,
3770 3393 3838 3436 ut

2255 3498 2377 3544 est:
2412 3486 2481 3541 Et
2502 3502 2565 3541 ne
2590 3501 2684 3541 nos
2740 3483 2962 3538 inducas
2991 3482 3045 3537 in
3075 3480 3432 3535 tentationem.
3477 3480 3677 3533 Rectus
3700 3490 3836 3530 vero

2255 3579 2379 3634 vitae
2401 3574 2593 3633 modus
2613 3586 2715 3641 est,
2746 3581 2806 3656 ut
2829 3572 3011 3629 carnis
3038 3580 3217 3626 motus
3238 3570 3594 3640 subjiciantur
3613 3568 3835 3632 rationi,

2221 3738 2225 3743 .
2257 3678 2314 3724 at
2344 3669 2459 3737 ipsa
2486 3666 2627 3721 ratio
2655 3665 2892 3735 primum
2921 3661 3182 3718 subdatur
3204 3662 3335 3716 Deo.

2329 3759 2397 3814 Et
2424 3760 2596 3829 factus
2628 3756 2747 3830 [al.,
2772 3756 2926 3827 juxta
2960 3753 3117 3825 Vulg.
3144 3750 3492 3823 Factumque]
3519 3761 3593 3806 est
3614 3764 3836 3819 vespere,

2259 3862 2307 3908 et
2338 3867 2493 3906 mune
2512 3850 2623 3904 dies
2645 3865 2800 3903 unus.
2823 3847 2963 3914 Quid
2991 3856 3076 3901 est
3100 3861 3303 3915 vespere
3359 3845 3463 3899 nisi
3515 3842 3841 3904 adversitas,

2260 3940 2390 4011 quid
2415 3954 2566 3993 mane
2596 3938 2699 3999 nisi
2722 3936 3055 4007 prosperitas
3078 3935 3100 3988 ‘l
3123 3933 3341 3999 Exitus,
3367 3933 3561 4002 inquit,
3595 3931 3845 3985 matutini

2262 4032 2318 4085 in
2339 4044 2626 4099 vesperam,
2664 4037 2712 4083 et
2740 4042 2945 4092 vespere
2974 4026 3030 4079 in
3078 4024 3393 4078 matutinum
3419 4022 3698 4075 delectabis
3719 4017 3842 4091 [al.,

2258 4124 2414 4194 juxta
2444 4122 2624 4194 Vulg.,
2674 4121 2867 4176 Exitus
2913 4118 3159 4172 matutini
3207 4126 3254 4170 et
3283 4131 3487 4181 vespere
3539 4111 3844 4183 delectabis]

2265 4216 2440 4288 (Psat.
2472 4230 2622 4281 utv,
2648 4214 2742 4284 8);
2788 4213 2843 4267 ld
2873 4220 2959 4268 est
2991 4210 3339 4267 delectabiles
3388 4208 3577 4273 facies,
3605 4206 3731 4277 quia
3764 4206 3849 4259 di-

2265 4309 2556 4380 ligentibus
2607 4307 2777 4362 Deum
2818 4305 3052 4375 Spiritus
3098 4303 3280 4360 omnia
3310 4310 3633 4373 cooperator
3660 4300 3711 4353 in
3744 4298 3846 4351 bo-

2269 4416 2422 4467 num,
2450 4402 2564 4456 sive
2585 4398 2791 4455 scilicet
2818 4398 2870 4452 in
2900 4396 3162 4460 adversis,
3187 4395 3302 4449 sive
3329 4395 3380 4448 in
3403 4394 3694 4465 prosrieris.
3736 4391 3849 4447 Vc-

572 4493 663 4540 est
684 4483 803 4540 sine
828 4484 941 4540 D80
988 4481 1458 4547 irrationabiliter,
1516 4489 1573 4536 ει
1613 4479 1917 4535 bestialiter
1948 4479 2163 4534 vixera—
2194 4508 2242 4567 υ
2277 4505 2439 4562 spera
2478 4490 2643 4561 igitur
2667 4496 2723 4543 ει
2747 4502 2904 4541 mane
2932 4484 2993 4539 ﬁt,
3033 4486 3147 4540 dies
3195 4499 3354 4549 unus,
3384 4484 3511 4554 quia
3539 4482 3707 4538 sancti
3732 4480 3854 4536 sive

575 4592 717 4641 mus,
748 4577 815 4631 ad
844 4578 988 4631 viam
1024 4576 1329 4646 qumrenda:
1379 4574 1647 4640 civitatis,
1675 4573 1832 4644 cujus
1854 4572 2051 4628 artifex
2080 4581 2166 4628 est

586 4666 734 4721 Deus
768 4665 960 4735 (Hebr.
994 4682 1074 4731 ιι,
1102 4666 1214 4735 10),
1267 4676 1553 4738 postquam
1607 4680 1706 4721 sua
1752 4664 1928 4736 gratia
1958 4664 2168 4720 reducit

577 4756 771 4812 dicens
799 4774 813 4810 :
863 4756 985 4810 Non
1012 4758 1210 4811 habetis
1240 4756 1363 4828 [al.,
1379 4757 1536 4827 juxta
1574 4758 1733 4829 Vulg.
1758 4756 2034 4828 habemus]
2062 4757 2167 4819 Vltic

584 4857 879 4919 manentem
908 4847 1190 4912 civitatem,
1238 4847 1475 4916 futuram
1526 4848 1773 4919 inquirite
1803 4846 2166 4919 [inquirimus]

584 4938 775 5012 (Hebr.
809 4954 932 5000 xm,
958 4937 1069 5008 14).
1108 4937 1177 4993 Ει
1192 4937 1395 5009 aliquid
1426 4954 1675 5008 superna:
1712 4939 2011 4996 dulcedinis
2038 4954 2172 5010 prte-

585 5038 807 5102 gustare
836 5028 989 5095 facit,
1021 5030 1344 5084 subtrahere
1369 5029 1509 5085 solet
1531 5029 1723 5102 gratias
1754 5029 2084 5095 ubertatem,
2117 5037 2173 5085 et

587 5123 823 5189 esurire,
848 5130 904 5177 et
956 5121 1109 5177 sitire
1139 5121 1389 5176 interiori
1428 5121 1518 5177 siti
1564 5136 1630 5177 ac
1656 5120 1823 5192 fame,
1846 5130 1901 5177 et
1931 5122 1986 5177 in
2015 5122 2172 5179 malis

592 5218 858 5286 permittit
883 5217 1187 5282 tabescere,
1219 5215 1317 5271 sed
1348 5224 1519 5271 totum
1546 5216 1842 5270 eruditioni
1866 5225 2085 5282 nostrae,
2112 5225 2173 5270 ut

590 5309 1013 5365 ostendatnobis
1040 5310 1183 5379 quod
1212 5309 1327 5381 ipse
1352 5309 1431 5363 ait
1462 5325 1475 5362 :
1512 5306 1653 5373 Quia
1674 5309 1791 5363 sine
1815 5324 1896 5362 me
1919 5307 2051 5363 nihil
2073 5324 2173 5377 po-

593 5401 734 5454 testis
760 5399 975 5470 [acere_?
1001 5401 1182 5470 (Joan.
1211 5418 1301 5469 xv,
1329 5401 1408 5469 5.)
1440 5400 1508 5458 Et
1539 5410 1715 5455 tamen
1745 5416 1851 5455 non
1882 5415 1982 5456 nos
2016 5400 2174 5456 dere-

594 5490 847 5560 linquens
890 5506 1283 5565 usquequaque
1320 5492 1494 5565 (Psal.
1537 5508 1729 5557 cxvut,
1759 5492 1838 5565 8),
1876 5508 1999 5548 cum
2026 5494 2094 5549 ad
2118 5508 2176 5549 se

596 5584 970 5654 quasrendum,
1025 5585 1166 5640 sicut
1213 5601 1409 5656 sponsa
1465 5587 1519 5642 in
1564 5585 1808 5643 Canticis
1848 5601 1944 5656 per
1992 5596 2177 5642 noctes

599 5675 855 5730 dilectum
903 5692 1149 5748 quazrere
1193 5678 1395 5735 dicitur
1439 5681 1492 5737 in
1548 5679 1746 5737 lectulo
1772 5679 1950 5751 (Cant.
1991 5680 2174 5753 111,1),

600 5767 836 5826 intentos
862 5780 918 5825 et
949 5770 1236 5843 vigilantes
1265 5772 1480 5840 viderit,
1506 5773 1716 5830 animas
1744 5774 1961 5830 tandem
1988 5772 2179 5830 inanes

2269 4584 2427 4639 malis
2456 4589 2794 4653 premantur,
2828 4583 2941 4633 sive
2970 4578 3269 4633 honoribus
3302 4576 3674 4639 cumulentur,
3702 4574 3851 4627 idem

2269 4683 2415 4739 sunt,
2480 4682 2535 4728 et
2567 4685 2781 4740 seraper
2826 4670 2879 4724 in
2934 4669 3015 4723 eis
3052 4675 3365 4737 perseverat
3414 4668 3552 4722 idem
3598 4662 3856 4735 splendor

2269 4763 2503 4819 divinus.

2341 4853 2532 4908 Potest
2563 4859 2618 4906 et
2657 4850 2817 4905 aliter
2841 4849 2966 4905 dici.
3016 4848 3241 4903 Factum
3279 4859 3354 4904 est
3388 4864 3592 4918 vespere
3624 4856 3672 4901 et
3703 4862 3862 4901 mane

2272 4945 2383 4999 dies
2438 4960 2593 4997 unus.
2635 4945 2928 5012 Vesperum
2968 4943 3226 4998 habemus
3278 4944 3329 4996 in
3381 4941 3655 5011 prazsenti,
3704 4938 3860 5007 quia,

2273 5033 2376 5088 etsi
2404 5033 2544 5088 bene
2578 5033 2756 5087 vivere
2791 5032 3195 5097 contendimus,
3227 5030 3363 5086 nihil
3404 5040 3580 5084 tamen
3604 5028 3866 5099 perfecta:

2275 5123 2544 5181 claritatis
2591 5124 2856 5179 habemus
2887 5141 2902 5177 :
2934 5139 2999 5177 ea:
3034 5132 3181 5192 parte
3226 5121 3372 5177 enim
3401 5120 3782 5191 cognoscimus,
3805 5126 3865 5169 et

2276 5231 2341 5271 ea:
2365 5223 2513 5285 parte
2540 5215 2910 5286 prophetamus
2935 5213 2982 5285 (l
3015 5212 3139 5268 Cor.
3172 5228 3291 5278 χιιι,
3322 5213 3410 5281 9);
3448 5213 3498 5266 in
3532 5208 3867 5281 quibusdam

2276 5308 2422 5364 enim
2446 5318 2501 5364 et
2523 5308 2760 5364 humana
2803 5306 3132 5377 ignorantia,
3165 5314 3221 5360 et
3260 5305 3624 5361 tentationum
3653 5300 3867 5357 violen-

2281 5403 2353 5458 tia
2382 5403 2700 5473 caligamus,
2724 5401 2779 5456 in
2800 5400 3068 5470 aliquibus
3096 5415 3225 5456 vero
3253 5400 3500 5477 etdivina
3532 5396 3865 5469 cognitione,

2278 5506 2334 5554 et
2357 5514 2458 5553 usu
2486 5496 2839 5568 experientiae
2893 5496 3047 5564 quasi
3101 5495 3336 5564 quodam
3369 5494 3572 5548 lumine
3602 5487 3872 5545 sull‘undi-

2279 5606 2422 5647 mur.
2481 5589 2701 5659 Vespere
2724 5602 2854 5659 ergo
2885 5601 3030 5642 nunc
3053 5587 3340 5652 habemus,
3373 5601 3529 5639 mane
3568 5584 3623 5638 in
3656 5580 3868 5644 futuro,

2280 5683 2424 5740 unde
2450 5683 2577 5739 licet
2606 5683 2903 5752 incongrue
2928 5678 2995 5734 ad
3036 5678 3295 5743 litteram,
3323 5679 3391 5733 ad
3432 5689 3653 5731 sensum
3684 5680 3870 5726 tamen
3905 5671 3915 5681 ’

2282 5775 2486 5845 optime
2537 5773 2714 5845 primo
2744 5786 2968 5842 vespere,
3010 5768 3209 5826 dehinc
3272 5783 3424 5823 mane
3455 5764 3693 5837 ponitur,
3736 5760 3870 5829 quia

4044 142 4047 307 ι

4055 3162 4062 3377 l
