4062 6354
360 321 366 330 ι

1053 345 1078 360 ,.
1115 343 1126 352 .
1171 343 1262 352 ...ν

266 339 328 397 M
1048 343 1122 397 Εἰ

1479 315 1845 422 uenantum
1884 329 1952 388 1N
1986 329 2285 388 GENESIN
2318 329 2450 388 LIB.
2479 329 2520 387 ι.
2713 341 2742 356 η
3450 344 3522 404 ts

266 472 362 528 per
390 454 712 513 exercitium
757 438 1056 529 corporis,~
1078 431 1224 528 quod
1255 432 1614 528 corruptibile
1656 471 1846 527 aggra-
1873 463 1922 521 Α
1951 465 2105 512 uesta
2137 457 2431 527 gerendum
2454 457 2855 526 subministrat,
2887 457 2946 514 et
2988 450 3046 515 in
3076 465 3264 517 nostra
3315 459 3524 522 faciens
3549 489 3577 502 ην

267 557 360 605 vat
385 549 623 606 animam
661 549 816 621 (Sap.
867 565 946 617 ix,
977 549 1088 620 15),
1119 552 1465 622 pervenimus
1512 552 1578 605 ad
1619 549 1842 606 matuti-
1866 549 1882 575 '

266 657 390 698 nam
416 657 662 714 supernae
684 642 1054 714 intelligentiae
1101 642 1428 698 claritatem.
1458 641 1664 696 Dicitur
1685 656 1843 695 nam-

264 748 367 804 que
391 735 536 790 Deo:
566 733 689 790 Dies
703 751 857 806 super
881 735 990 790 dies
1014 735 1147 805 regis
1180 736 1396 805 adjicies
1415 736 1440 789 ?
1461 732 1631 805 (Psal.
1655 749 1747 798 ιχ,
1765 731 1842 802 7.)

264 824 388 881 Dies
423 827 584 882 modo
613 828 770 883 nobis
821 828 874 882 in
923 826 1082 894 hujus
1127 828 1305 882 saeculi
1352 843 1571 899 vespere
1603 841 1751 897 sunt,
1787 833 1842 888 in

264 919 460 989 quibus
489 921 600 976 Deo
621 923 916 985 servimus,
953 921 1047 976 sed
1076 921 1162 976 bis
1210 920 1704 990 superadjiciuntur
1728 923 1843 990 alii,

263 1010 464 1080 quibus
504 1011 616 1082 jam
676 1010 1029 1066 indefectibili
1063 1011 1180 1066 luce
1233 1011 1471 1065 innovati
1525 1013 1626 1080 ipsi
1661 1024 1846 1070 nostro

263 1099 378 1170 regi
409 1100 517 1156 Deo
565 1100 910 1167 famulemur,
951 1109 1006 1157 et
1047 1101 1101 1155 bi
1145 1110 1322 1155 tamen
1366 1118 1500 1156 unus
1557 1103 1666 1157 dies
1697 1114 1843 1168 sunt,

263 1191 390 1262 quia
424 1207 590 1246 unum
641 1190 900 1258 eﬁiciunt,
955 1192 1045 1247 uni
1079 1191 1332 1248 videlicet
1361 1191 1690 1264 obsequium
1735 1192 1846 1249 Deo

264 1285 522 1340 reddunt.

336 1373 524 1429 Potest
554 1391 744 1432 rursus
779 1375 920 1432 idem
963 1377 1074 1431 dies
1108 1393 1244 1432 unus
1275 1377 1438 1433 timor
1481 1378 1729 1449 intelligi,
1754 1379 1846 1449 qui

265 1463 507 1534 quidem,
533 1477 590 1522 ut
621 1482 788 1538 supra
813 1468 1072 1534 diximus,
1097 1467 1310 1524 initium
1343 1469 1626 1540 sapientia:
1650 1470 1843 1542 (Eccli.

266 1570 306 1622 ι,
336 1556 424 1627 16)
453 1573 575 1614 cum
601 1561 693 1626 sit,
720 1569 774 1615 et
803 1577 871 1616 ex
910 1575 1098 1616 amore
1128 1571 1361 1628 constet,
1406 1563 1458 1617 in
1499 1563 1740 1618 adversis
1785 1578 1850 1618 ac

261 1651 540 1721 prosperis
571 1651 712 1707 idem
755 1667 856 1708 nos
903 1667 1121 1723 semper
1152 1654 1404 1717 illustrat,
1435 1663 1489 1709 et
1515 1655 1720 1724 primus
1743 1669 1849 1725 quo

265 1745 334 1800 ad
363 1745 689 1815 sapientiam
720 1745 1074 1817 perveniatur
1105 1746 1306 1818 gradus
1343 1762 1464 1803 esse
1489 1747 1846 1817 dignoscitur.

265 1835 415 1893 Unus
443 1845 624 1894 autem
656 1839 796 1894 idem
819 1839 1022 1895 dicitur
1056 1841 1182 1910 quia
1203 1841 1408 1910 primus
1429 1849 1530 1896 est.

333 1927 499 1984 Vens.
528 1929 582 1984 6.
613 1960 683 1970 —
709 1929 853 1984 Dixit
875 1948 1079 2002 quoque
1103 1931 1281 1986 Deus:
1308 1930 1432 1986 Fiat
1459 1932 1850 2000 ﬁrmamentum

270 2020 325 2076 in
356 2021 530 2075 medio
551 2037 834 2091 aquarum,
867 2031 914 2074 et
942 2022 1142 2076 dividat
1173 2039 1340 2090 aquas
1371 2021 1435 2075 ab
1475 2023 1645 2092 aquis.
1685 2021 1852 2090 Aqua:

266 2111 546 2167 multoties
595 2114 647 2165 in
692 2113 867 2166 sacris
899 2111 1097 2166 litteris
1123 2112 1382 2166 scientias
1419 2112 1744 2182 signiﬁcant,
1795 2123 1887 2177 ut_

266 2209 385 2256 est:
420 2199 688 2266 Sitientes,
721 2201 886 2256 venite
923 2202 992 2254 ad
1024 2218 1189 2272 aquas
1234 2200 1392 2271 (isai.
1421 2217 1510 2263 ιν.
1540 2203 1626 2273 l);
1672 2204 1772 2257 hoc
1801 2203 1853 2257 itt

262 2290 576 2362 ὺοιιυιςιειε
616 2292 782 2360 Aquw
828 2291 1037 2360 furtiva:
1082 2290 1342 2346 dulciores
1395 2301 1513 2344 sunt
1563 2290 1745 2363 (Prov.
1775 2308 1885 2355 ιιι,-

267 2383 400 2453 17);
453 2385 556 2438 Ιιοε
607 2384 660 2437 in
694 2382 855 2437 malo.
912 2382 1196 2437 Geminam
1227 2383 1372 2436 enim
1399 2397 1522 2438 esse
1569 2384 1852 2438 scientiam

263 2475 397 2528 satis
429 2473 618 2544 liquet,
665 2473 894 2528 alteram
933 2474 1196 2539 divinam,
1238 2474 1551 2530 smcularem
1601 2474 1881 2547 alteram.

266 2564 597 2622 Saecularem
627 2565 844 2635 quidem
888 2567 1076 2622 definit
1109 2566 1383 2636 apostolus
1430 2565 1855 2623 Jacobusterre-

265 2671 391 2710 nam
416 2655 558 2726 (Jac.
584 2672 669 2722 ιιι,
703 2656 818 2726 l5),
850 2657 1011 2712 idest
1039 2657 1270 2713 terrenis
1295 2658 1614 2724 inhiantem,
1649 2659 1856 2713 anima-

265 2744 395 2812 lem,
421 2745 473 2800 id
501 2755 583 2800 est
613 2763 674 2802 ea
705 2746 842 2812 sola,
877 2763 996 2817 qua:
1045 2747 1204 2802 bruta
1259 2747 1514 2802 animalia
1558 2747 1664 2822 14
1692 2764 1854 2820 appe-

266 2845 410 2904 tunt,
463 2839 864 2909 exquirentem.
897 2838 1231 2894 Diabolicam
1279 2839 1470 2909 (Ibid.)
1517 2854 1649 2895 vero
1699 2841 1883 2918 dicit,

265 2924 393 2996 quia
424 2926 492 2981 ad
519 2927 622 2983 hoc
648 2927 822 2984 solum
869 2938 1050 2994 vacat,
1103 2929 1208 2983 hoc
1253 2929 1610 3000 triumphum,
1646 2931 1856 3002 hecque

265 3021 492 3092 gloriam
517 3022 759 3092 deputat,
794 3032 852 3077 ut
882 3022 1018 3077 alios
1045 3023 1296 3093 decipere
1320 3023 1520 3089 valeat,
1541 3039 1610 3079 ex
1625 3023 1856 3080 aliorum

1948 548 2278 620 inﬁrmitate
2317 552 2596 618 virtutem,
2645 553 2902 624 quidquid
2949 553 3004 610 in
3035 555 3194 612 nobis
3239 554 3432 627 fragile
3460 574 3526 615 ac

1945 649 2101 695 vetus
2121 651 2223 705 est,
2240 641 2436 696 solidat
2463 653 2525 696 et-
2540 644 2847 700 conﬁrmat.
2863 645 3018 711 Huic,
3042 647 3284 717 inquam,
3309 663 3522 705 annexa

1948 748 2104 788 mens
2133 744 2316 801 nostra
2341 747 2556 806 sumpto
2578 752 2645 792 ex
2694 753 2757 792 ea
2805 737 2964 810 adipe
2989 739 3256 807 interiori,
3283 751 3338 796 et
3367 751 3524 798 exte-

1949 822 2077 876 riori
2110 825 2434 895 pinguedine
2485 825 2544 879 ﬁt
2588 828 2746 882 ratio.
2780 827 2938 884 Ratio
2963 840 3144 886 autem
3194 834 3262 888 ab
3291 849 3356 890 eo
3380 835 3527 906 quod

1947 923 2032 968 est
2059 924 2258 981 ratum,
2275 915 2326 970 id
2353 925 2457 983 est,
2477 916 2687 972 ﬁrmum
2707 919 2924 985 dicitur,
2949 921 3074 989 quia
3098 921 3172 977 nil
3202 938 3268 979 eo
3291 925 3520 991 ﬁrmius,

1947 1006 2091 1074 quod
2115 1020 2235 1059 eum
2271 1007 2480 1062 ratione
2536 1007 2618 1062 ﬁt.
2650 1007 2808 1063 Ratio
2833 1024 2982 1077 vero,
3018 1013 3122 1066 nisi
3170 1028 3419 1083 supernae
3449 1014 3526 1070 illi

1950 1097 2226 1165 sapientiae
2253 1098 2461 1164 innixa,
2491 1108 2602 1154 tota
2634 1100 2960 1170 versipellis,
2985 1105 3146 1157 noxia
3173 1121 3236 1159 ac
3263 1120 3524 1176 perversa

1949 1195 2052 1252 est,
2082 1203 2180 1242 nec
2204 1192 2368 1242 etiam
2405 1189 2545 1244 ratio
2574 1190 2685 1244 dici
2720 1198 2914 1258 potest.
2948 1188 3373 1248 Firmamentum
3417 1195 3525 1250 ita-
3570 1261 3572 1264 τ

1948 1295 2052 1348 que
2082 1279 2160 1345 tit,
2194 1281 2406 1350 quoties
2431 1281 2626 1336 divinae
2653 1282 2953 1352 prudentia:
2981 1298 3040 1338 se
3088 1285 3362 1355 adiungit,
3400 1288 3530 1356 quia

1949 1387 2016 1426 ex
2050 1373 2164 1444 ipsa
2213 1375 2359 1430 vires
2395 1377 2586 1442 sumit,
2637 1378 3182 1448 quibus-superiores
3243 1395 3415 1450 aquas
3460 1381 3536 1436 si-

1953 1464 2134 1520 tiendo
2166 1467 2454 1534 sustineat,
2484 1479 2536 1522 et
2565 1468 2855 1525 inferiores
2895 1473 2996 1526 sub
3026 1471 3268 1527 dominio
3301 1473 3532 1530 rationis

1952 1553 2209 1625 deponat.
2241 1555 2507 1627 Superius
2536 1574 2770 1628 namque
2799 1560 3117 1630 lspiritualis
3146 1563 3386 1618 scientia:
3417 1578 3538 1636 my-
3575 1631 3577 1638 Ι

1953 1648 2120 1701 steria
2148 1664 2252 1702 non
2281 1659 2388 1703 tam
2419 1649 2684 1717 localiter,
2723 1655 2912 1721 quam,
2942 1662 2998 1707 ut
3039 1654 3120 1710 sic
3153 1656 3352 1719 dicam,
3387 1670 3538 1712 men-

1955 1739 2138 1795 taliter
2167 1740 2455 1807 habemus,
2502 1745 2568 1798 ad
2627 1759 2746 1813 qua:
2796 1729 3052 1812 bibenda,
3099 1739 3207 1800 imo
3258 1749 3387 1803 totis
3437 1764 3535 1803 su-

1879 1813 1923 1874 Β
1953 1831 2124 1901 genda
2158 1831 2443 1886 desideriis
2470 1832 2684 1887 inhiare
2713 1833 2994 1902 debemus,
3039 1853 3159 1914 qtue
3182 1837 3394 1895 codesti
3439 1853 3540 1895 nos

1955 1923 2306 1979 institutione
2371 1925 2686 1992 iuformeut,
2731 1942 2909 1981 mores
2940 1929 3232 1995 aediﬁcent,
3274 1931 3402 1984 vitia
3454 1943 3541 1989 se-

1952 2015 2102 2078 dent,
2129 2027 2363 2087 augeant
2407 2019 2694 2083 exercitia,
2745 2013 2980 2075 fastidiis
3027 2022 3264 2090 obstent,
3307 2023 3542 2079 invitent

1951 2107 2212 2176 praemiis,
2265 2107 2527 2177 supplicia
2596 2119 2906 2177 suggerant,
2956 2119 3013 2165 et
3066 2097 3542 2182 contemplationis

1955 2198 2209 2252 acumine
2257 2215 2311 2252 in
2367 2200 2545 2253 (mntis
2588 2200 2836 2256 veritatis
2890 2187 3123 2256 educant
3175 2203 3537 2259 altitudinem.

1956 2288 2236 2358 Superius,
2262 2291 2508 2361 inquam,
2543 2309 2647 2346 non
2680 2307 2776 2360 per
2801 2292 3152 2368 localitatem,
3179 2296 3273 2350 sed
3320 2311 3417 2365 per
3459 2297 3543 2351 di-

1954 2385 2239 2452 gnitatem.
2285 2383 2435 2438 Unde
2458 2383 2747 2453 Apostolus
2776 2403 2790 2438 :
2821 2385 2953 2450 Qua!
2988 2385 3220 2440 sursum"
3249 2398 3370 2442 sunt
3395 2387 3542 2459 qttte-
3577 2451 3580 2454 _

1956 2473 2054 2526 rite
2081 2484 2127 2526 et
2149 2473 2316 2542 sapite
2379 2472 2607 2544 (Coloss.
2653 2487 2740 2540 ιιι,
2779 2472 2852 2546 1).
2912 2473 3380 2532 Subterhabemus
3419 2477 3545 2532 vita

1956 2563 2235 2618 saecularis
2280 2564 2560 2630 astutiam,
2594 2581 2716 2638 qua;
2743 2565 2886 2620 bona
2941 2566 3189 2635 corporis
3228 2567 3542 2637 exquirere,

1955 2653 2153 2709 animae
2185 2654 2480 2726 negligere,
2504 2654 2725 2711 fraudes
2760 2643 3049 2726 jurgiaqtte
3075 2671 3282 2724 amare,
3310 2669 3364 2713 et
3386 2657 3547 2728 quid-

1957 2745 2084 2813 quid
2115 2744 2274 2799 saluti
2296 2745 2632 2800 contrarium
2657 2729 2742 2800 est
2782 2755 3038 2816 appetere
3062 2748 3327 2817 praedicat
3367 2762 3432 2802 ac
3459 2758 3542 2802 te-

1956 2850 2110 2892 nere.
2146 2836 2348 2892 Horum
2380 2839 2542 2893 duum
2598 2837 2775 2893 media
2822 2839 2963 2892 ratio
2991 2839 3183 2904 currit,
3231 2855 3350 2909 qua:
3383 2855 3414 2895 a
3448 2854 3545 2896 su-

1958 2927 2164 2996 periori
2190 2938 2400 2983 armata
2443 2936 2635 2984 contra
2667 2927 2898 2983 inferius
2923 2937 3030 2982 tam
3063 2928 3298 2984 ﬁdeliter
3320 2930 3368 2984 ei
3400 2929 3548 3000 quod

1959 3020 2059 3076 sibi
2088 3030 2304 3090 praeest,
2359 3029 2414 3076 et
2443 3038 2474 3074 a
2502 3017 2623 3092 'quo
2671 3018 3048 3076 sufﬁcientiam
3081 3021 3402 3076 constantiae
3448 3036 3546 3076 ac-

267 3111 481 3168 damnis
522 3128 618 3168 sua
659 3114 812 3168 lucra
865 3112 1088 3180 efﬁciat,
1143 3129 1211 3168 ex
1259 3129 1559 3184 pauperum
1601 3101 1914 3188 lacrymis:
1962 3109 2436 3181 cipit,adhaerere
2485 3111 2788 3178 contendit,
2813 3120 3075 3182 quantum
3123 3111 3224 3166 sub
3271 3111 3355 3166 sui
3404 3111 3549 3183 juris

260 3221 398 3275 opes
426 3217 705 3278 congerat,
742 3207 811 3262 ad
847 3207 1107 3264 ultionem
1148 3208 1231 3262 sui
1275 3218 1437 3263 caute
1463 3207 1624 3264 alteri
1652 3186 1854 3264 malum
1882 3186 1929 3250 ο
1961 3203 2191 3260 arbitrio
2240 3203 2632 3258 animalitatem
2666 3244 2681 3268 ,
2733 3203 2785 3257 id
2843 3211 2927 3258 est
2982 3219 3184 3273 corpus
3237 3220 3395 3259 suum
3425 3244 3438 3270 ,
3487 3211 3547 3259 et

267 3294 494 3366 iuﬁigat,
539 3306 615 3362 et,
658 3298 802 3367 quod
847 3297 1003 3368 pejus
1039 3293 1146 3364 est,
1174 3299 1342 3368 gratis
1383 3299 1525 3353 mala
1553 3307 1854 3369 perpetrat,
1959 3311 2023 3350 ea
2078 3309 2198 3364 quae
2230 3295 2511 3364 pandentia
2558 3295 2753 3357 carnis,
2802 3310 2924 3365 qua:
2990 3297 3059 3350 ab
3105 3296 3370 3366 Apostolov
3409 3311 3550 3352 more

265 3393 323 3440 et
365 3401 426 3442 se
469 3389 725 3442 audacter
763 3397 1080 3457 perpetrare
1122 3387 1376 3443 exsultat.
1423 3387 1550 3442 Haec
1579 3384 1859 3457 sapientiie

269 3478 491 3534 nomine
514 3479 568 3534 in
595 3478 892 3549 Scripturis
923 3479 1080 3534 valde
1103 3480 1328 3535 abusive
1350 3479 1673 3550 appellatur,
1719 3482 1859 3537 sicut

269 3569 377 3634 lex,
415 3570 557 3626 sicut
579 3568 866 3638 judicium,
901 3586 1025 3641 quae
1062 3587 1185 3627 cum
1212 3572 1352 3627 bona
1376 3587 1592 3642 semper
1610 3588 1731 3629 esse
1759 3574 1856 3632 de-

267 3664 452 3732 beant,
478 3664 768 3735 aliquando
801 3675 977 3722 tamcn
1003 3665 1256 3721 dicuntur
1277 3665 1361 3720 lex
1397 3666 1562 3734 mala,
1591 3666 1858 3737 judicium

265 3769 517 3826 pravum.
569 3755 847 3828 Sapientia
903 3767 1079 3812 autem
1108 3774 1226 3828 qua:
1273 3757 1552 3813 desursum
1582 3769 1656 3812 est
1710 3757 1852 3830 (Jac.

266 3863 350 3925 ιιι,
381 3847 493 3919 l7),
530 3851 729 3921 primo,
764 3859 822 3906 ut
861 3850 1003 3907 idem
1035 3852 1132 3919 ait,
1155 3852 1348 3920 pudica
1378 3863 1453 3907 est
1483 3852 1696 3925 (Ibid.),
1728 3855 1855 3926 quia

261 3954 332 3998 ex
363 3955 459 3996 sua
491 3941 896 4013 pulchritudine
954 3944 1087 3999 nulli
1123 3957 1322 4016 praeter
1351 3944 1462 3999 Deo
1499 3946 1597 4003 soli
1636 3947 1856 4018 placere

269 4048 460 4090 amore
483 4034 791 4091 adulterino
813 4035 1110 4102 desiderat,
1137 4037 1222 4092 cui
1254 4037 1386 4092 vitio
1423 4046 1536 4092 tota
1563 4038 1852 4108 sapientia,

267 4125 378 4182 imo
396 4133 454 4180 ut
484 4127 685 4183 rectius
717 4129 980 4198 appellem
1005 4128 1228 4194 astutia,
1248 4127 1333 4184 vel
1356 4131 1594 4184 versutia
1615 4129 1854 4185 humana

269 4217 613 4273 commilitat.
650 4218 850 4274 Deinde
874 4220 1098 4290 paciﬁca
1133 4219 1346 4292 (Ibid.),
1370 4220 1496 4292 quia
1528 4239 1635 4278 non
1663 4217 1884 4279 verbo?

269 4324 390 4364 rum
439 4312 690 4382 strepitui
717 4313 799 4366 vel
827 4313 1012 4370 litibus
1061 4313 1273 4380 instat;
1323 4316 1453 4380 sed,
1481 4333 1538 4372 se
1571 4318 1856 4388 tranquille

271 4415 489 4474 regens,
533 4406 763 4462 aliorum
814 4407 914 4462 sibi
964 4407 1224 4464 benevole
1274 4411 1437 4464 corda
1493 4411 1851 4481 conglutinat.

274 4492 514 4596 fiodesta
545 4499 734 4572 (Ibid.)
767 4510 850 4556 est
872 4501 1062 4568 etiam,
1104 4518 1224 4572 qua:
1255 4503 1386 4557 nihil
1438 4520 1535 4559 nos
1563 4505 1854 4560 indiscrete
1883 4537 1932 4596 ο

274 4582 458 4642 facere
524 4590 686 4644 sinat.
720 4589 1011 4647 Suadibilis
1042 4592 1232 4664 (Ibid.)
1280 4609 1494 4665 quoque
1546 4597 1763 4661 dicitur,
1794 4613 1855 4651 ut

272 4679 698 4740 obstinationem
731 4684 946 4753 penitus
977 4684 1170 4757 fugiat,
1224 4697 1280 4740 et
1336 4687 1494 4742 facile
1529 4689 1722 4743 rationi
1753 4690 1854 4744 ob-

271 4787 587 4846 temperans
647 4767 794 4830 nuila
856 4776 1123 4832 credenda
1185 4778 1478 4845 discredat,
1515 4795 1633 4849 quae
1693 4790 1854 4837 tantae

269 4869 530 4941 potentite
553 4877 658 4937 est,
685 4881 744 4926 ut
780 4871 988 4942 absque
1019 4886 1081 4927 ca
1114 4889 1272 4928 nemo
1309 4873 1604 4942 quidquam
1637 4875 1853 4931 virtutis

269 4962 488 5020 eﬂiciat.

345 5057 571 5113 Duo'bus
598 5067 781 5114 autem
824 5057 1002 5115 modis
1029 5059 1327 5131 accipimus
1375 5059 1717 5131 sapientiam.
1748 5059 1852 5116 Sa-

268 5149 529 5221 pientiam
581 5151 674 5207 Dei
717 5152 950 5208 dicimus
976 5153 1255 5209 Christum
1290 5151 1341 5222 (I
1375 5150 1498 5207 Cor.
1533 5170 1573 5220 ι,
1615 5152 1730 5223 24),
1760 5154 1851 5224 qui

267 5257 372 5314 per
397 5244 687 5314 quemdam
722 5246 794 5299 ait
817 5246 1155 5317 sapientem:
1191 5243 1304 5316 Ego
1355 5264 1420 5302 ea:
1467 5263 1555 5324 ore
1603 5247 1852 5303 altissimi

266 5336 471 5408 proclivi
499 5336 688 5405 (Eccli.
715 5355 864 5404 xxrv,
902 5339 978 5411 5).
1026 5339 1362 5410 Sapientiam
1401 5341 1566 5394 etiam
1608 5341 1850 5395 rationa~

264 5431 539 5488 hilitatem
567 5446 630 5487 ac
679 5431 1203 5488 intellectualilatcm
1236 5449 1264 5488 a
1301 5432 1412 5488 Deo
1470 5434 1520 5487 in
1551 5433 1757 5503 angelis
1799 5443 1854 5491 et

265 5521 580 5580 hominibus
615 5536 880 5591 creatam,
939 5541 1060 5596 quae
1102 5527 1277 5580 dicit:
1323 5528 1398 5580 Ab
1450 5528 1598 5581 initio
1633 5539 1679 5580 et
1733 5537 1854 5582 ante

265 5617 461 5672 macula
489 5629 669 5672 creata
692 5635 804 5673 sum
834 5617 1024 5688 (lbid.,
1050 5619 1158 5691 Μ).
1185 5618 1334 5675 llanc
1363 5621 1414 5674 iu
1466 5621 1622 5675 nobis
1667 5619 1752 5674 illa
1786 5637 1853 5676 ex

267 5722 365 5765 ore
389 5709 484 5765 Dei
515 5712 773 5781 prodiens
804 5712 1068 5782 sapientia
1094 5723 1268 5776 creat,
1292 5730 1410 5784 quae
1441 5725 1625 5769 nostro
1657 5714 1819 5782 adjun
1848 5749 1853 5756 ι

259 5807 356 5875 _cla
379 5800 564 5857 animo
596 5804 740 5858 vires
763 5804 830 5858 ad
855 5804 1143 5860 veritatem
1187 5807 1635 5878 cognoscendum,
1662 5817 1713 5868 et
1744 5807 1844 5864 ho-

511 5918 786 5988 Parum.
821 5920 1020 5989 CLVI.

1961 3381 2140 3455 (Rom.
2183 3398 2304 3448 vm,
2338 3383 2392 3454 6)
2437 3383 2659 3450 dicitur,
2694 3398 2724 3437 a
2751 3398 2811 3439 se
2847 3383 3034 3453 exigit,
3096 3385 3300 3441 habere
3327 3384 3546 3442 subdita

1961 3475 2128 3546 cupit.

2001 3565 2134 3623 'Per
2162 3570 2264 3624 hoc
2295 3569 2477 3640 itaque
2505 3570 2896 3640 ﬁrmamentum
2923 3567 3076 3640 aquae
3109 3571 3551 3644 supercaalestes,

1959 3661 2012 3716 id
2041 3671 2142 3725 est,
2167 3671 2224 3717 ut
2245 3663 2320 3717 ita
2356 3663 2548 3729 dicam,
2577 3664 3036 3734 superrationales
3058 3675 3113 3721 et
3142 3665 3451 3739 inferiores,
3481 3669 3552 3725 ad

1961 3755 2145 3810 inﬁma
2202 3755 2456 3812 videlicet
2506 3773 2604 3813 nos
2641 3757 2987 3813 devolvcutcs
3041 3759 3374 3826 dividuntur,
3417 3763 3548 3832 quia

1958 3847 2024 3906 ex
2054 3850 2148 3905 Dei
2179 3866 2365 3906 amore
2396 3851 2672 3905 ﬁrmatum
2701 3861 2902 3906 nostrae
2935 3854 3134 3906 mentis
3161 3853 3460 3924 ingenium,
3491 3863 3550 3910 et

1947 3959 2197 4018 (superno
2227 3945 2518 4000 intellectui
2550 3960 2610 4000 sc
2632 3944 2972 4016 subjiciendo
3000 3948 3227 4017 aspirat,
3265 3957 3324 4002 ut
3366 3949 3546 4018 decet,

1959 4050 2014 4094 et
2034 4039 2268 4110 indignis
2289 4037 2567 4094 affectibus
2603 4053 2660 4094 sc
2685 4037 2924 4109 prtefert,
2964 4048 3021 4094 ut
3049 4039 3328 4096 dominum
3353 4053 3548 4098 aucto-

1959 4133 2120 4188 ritate
2147 4148 2252 4202 qua
2282 4133 2458 4187 debet.
2491 4131 2639 4187 Talis
2687 4131 2804 4200 ejus
2834 4147 2954 4188 esse
2991 4133 3150 4188 debet
3199 4134 3354 4206 vigor
3385 4145 3551 4207 atque

1960 4225 2267 4295 integritas,
2290 4233 2349 4279 ut
2375 4224 2638 4294 quidquid
2691 4225 2756 4279 ad
2801 4225 3033 4280 divinam
3067 4227 3386 4298 sapientiam
3416 4230 3550 4285 atti-

1959 4328 2053 4374 net
2075 4318 2126 4373 in
2149 4319 2338 4382 verbo,
2373 4327 2464 4371 aut
2491 4331 2656 4386 opere
2682 4331 2780 4387 pro
2827 4317 2970 4370 nulla
3005 4332 3100 4387 spe
3128 4320 3395 4373 commodi
3441 4319 3546 4375 ali-

1959 4409 2117 4479 cujus
2149 4409 2463 4480 temporalis
2497 4409 2565 4463 ab
2589 4425 2654 4464 eo
2700 4407 2811 4471 ﬁat,
2838 4417 2892 4463 et
2920 4407 2964 4463 si
3003 4409 3228 4480 aliquid,
3254 4411 3417 4466 etiam
3451 4427 3552 4482 pro

1959 4502 2204 4572 corporis
2235 4503 2346 4556 sola
2379 4502 2728 4565 necessitate,
2764 4509 2854 4554 aut
2880 4501 3044 4554 ctiam
3074 4516 3178 4555 non
3201 4501 3549 4578 necessitate,

1959 4597 2052 4651 sed
2103 4611 2268 4666 prava
2295 4594 2572 4648 voluntate
2624 4593 2704 4657 ﬁt,
2759 4591 2810 4646 id
2854 4608 2913 4648 se
2963 4593 3142 4664 inepte
3173 4608 3237 4648 ac
3283 4593 3552 4653 fallaciter

1958 4704 2058 4759 pro
2082 4687 2247 4742 divini
2301 4685 2544 4755 obsequii
2607 4685 2782 4740 studio
2817 4683 2998 4740 facere
3037 4701 3213 4741 cmcus
3249 4686 3330 4741 sui
3373 4672 3546 4754 ipsius

1957 4780 2161 4834 arbiter
2187 4793 2292 4833 non
2313 4778 2518 4832 credat.
2548 4776 2622 4830 lta
2645 4775 2776 4831 mihi
2803 4777 2944 4832 inter
2963 4792 3132 4848 aquas
3157 4777 3551 4847 [irritamentum

1958 4873 2261 4928 consistere
2293 4871 2492 4925 debere
2522 4884 2584 4924 ac
2608 4884 2768 4939 posse
2813 4871 3030 4924 videtur
3060 4886 3075 4935 ;
3133 4870 3225 4924 sed
3265 4870 3406 4926 idem
3448 4869 3549 4940 [ir-

1956 4976 2278 5020 mamentum
2321 4980 2348 5018 a
2377 4963 2485 5017 Deo
2512 4970 2741 5018 vocatur
2773 4961 2994 5018 caelum.
3024 4961 3081 5017 lu
3119 4962 3260 5018 cmlo
3286 4961 3550 5032 mysteria

1957 5059 2126 5114 multa
2159 5057 2509 5119 clauduntur,
2549 5055 2691 5125 quod
2716 5055 2880 5109 tuenti
2909 5070 3013 5109 non
3041 5055 3318 5108 immerito
3343 5062 3546 5108 nostra

1959 5151 2320 5216 assimilatur,
2371 5150 2460 5203 ubi
2512 5147 2773 5218 quidquid
2825 5147 3020 5202 anima:
3075 5145 3258 5210 saluti,
3309 5143 3553 5200 remedio

1957 5253 2118 5314 atque
2173 5242 2544 5306 consolationi
2593 5251 2776 5312 aptum
2823 5249 2926 5304 est,
2981 5237 3136 5308 quasi
3182 5237 3234 5292 in
3285 5239 3545 5293 thesauro

1957 5353 2130 5408 usque
2186 5337 2252 5391 ad
2308 5345 2518 5404 tempus
2563 5345 2950 5406 opportunmn,
3000 5347 3108 5402 quo
3155 5346 3242 5386 res
3300 5329 3551 5386 exhiberi

1958 5430 2086 5485 illud
2107 5429 2310 5497 exigat,
2346 5428 2672 5491 custoditur,
2705 5424 2846 5494 quod
2872 5423 3085 5494 plenius
3112 5419 3548 5493 supradiximus,

1956 5540 2078 5580 cum
2107 5524 2172 5578 de
2199 5523 2338 5578 caelo
2366 5538 2430 5577 ac
2461 5533 2606 5577 terra
2631 5535 2934 5590 ageremus.

2029 5615 2191 5670 Vsus.
2228 5618 2282 5670 8.
2305 5645 2375 5656 —
2409 5614 2630 5668 Factum
2665 5623 2738 5666 est
2771 5629 2898 5684 ergo
2922 5629 3142 5682 vespere,
3178 5622 3225 5666 et
3262 5627 3415 5665 tuane
3435 5609 3550 5667 dies

1955 5711 2236 5767 secundus.
2281 5709 2582 5764 Primordia
2610 5719 2796 5763 nostra
2836 5707 3131 5763 secundum
3163 5705 3382 5759 beatum
3402 5699 3545 5759 Gre-

1956 5805 2172 5879 gorium
2225 5803 2384 5862 mista
2442 5811 2568 5863 sunt
2604 5803 2799 5871 malis;
2853 5811 2906 5858 et
2943 5803 3070 5857 licet
3101 5814 3260 5856 mane
3285 5811 3386 5855 nos
3424 5796 3546 5855 illu-

2893 5918 2934 5983 2
