4062 6354
537 361 612 421 ιε
1365 347 1430 404 ν.
1472 338 1797 404 GUIBERTI
1835 336 2129 396 ABBATIS
2161 335 2222 396 S.
2265 335 2505 396 MANE
2551 337 2640 397 DE
2671 337 3068 400 NOVIGENTO

3755 337 3862 408 44

531 478 706 538 minet
732 474 834 547 piae
860 485 993 544 erga
1023 471 1194 526 Deum
1217 463 1538 527 devotionis,
1573 458 1910 516 creberrime
1939 463 2121 511 tamen
2152 457 2199 514 A
2225 455 2386 512 modo
2412 456 2618 523 videat,
2652 457 2704 512 id
2737 466 2822 514 est
2847 457 3020 514 videri
3053 455 3215 514 iaciat
3247 457 3389 514 Deus
3415 453 3642 526 bonum,
3671 444 3854 532 quod

535 571 772 629 involvit
801 565 1108 625 obscuritas
1135 559 1396 632 pristiam,
1422 557 1534 610 imo
1563 552 1859 617 naturalis,
1897 563 2126 606 consue-

536 666 768 724 tudinis.
801 655 1212 719 Obtenebrascit
1245 652 1464 708 animus
1486 665 1556 704 ex
1594 648 1728 703 vitio
1757 656 1987 702 terrente
2009 657 2126 698 mo-

536 759 631 826 iis,
667 775 734 814 ne
767 753 1139 827 superhiamus
1196 763 1262 802 ex
1294 745 1491 817 gratia,
1524 742 1634 796 Deo
1680 742 1731 795 id
1780 740 2129 810 dispensante

538 870 644 926 pro
672 853 846 915 nobis,
901 848 993 901 sed
1045 857 1236 898 rursus
1295 840 1590 895 irradiatur
1618 835 1813 889 ardore
1865 845 2128 900 compun-

544 925 761 1012 ctionis,
795 957 863 998 ne
893 939 1093 996 deﬂuat
1127 940 1181 993 in
1237 935 1560 991 barathrum
1609 925 2008 999 desperationis
2038 930 2131 979 aut.

541 1039 803 1100 criminis.
833 1036 1059 1104 Sicque,
1084 1032 1212 1086 dum
1245 1025 1554 1082 alternatim
1589 1021 1931 1080 ascendendo
1957 1031 2128 1088 usque

536 1137 606 1190 ad
633 1133 804 1189 caelos
833 1140 890 1186 et
932 1125 1315 1183 descendendo
1353 1134 1526 1190 usque
1569 1118 1635 1173 ad
1685 1118 1931 1188 ahyssos,
1963 1125 2127 1168 manu

537 1243 776 1299 superna
809 1221 1118 1292 remigante
1145 1215 1482 1280 deducimur,
1509 1213 1567 1266 ﬂt
1591 1219 1647 1264 ut
1677 1226 1772 1280 per
1801 1210 1918 1264 haec
1937 1205 2130 1262 discri-

537 1322 692 1378 mina
735 1315 958 1379 adhoc,
1005 1323 1065 1367 ut
1115 1311 1283 1365 simus
1331 1309 1448 1362 sine
1477 1305 1795 1361 discrimine
1835 1310 1890 1356 et
1938 1301 2132 1354 timore

541 1414 712 1468 etiam
742 1406 1098 1470 discriminis,
1125 1405 1190 1458 ad
1215 1403 1380 1456 vitam
1414 1399 1625 1455 scilicet
1649 1394 1892 1452 caelibem
1941 1391 2130 1446 venia-

541 1520 685 1562 mus.
714 1503 780 1558 Et
809 1503 854 1557 is
885 1501 994 1554 dies
1023 1496 1282 1553 secundus
1307 1503 1408 1559 est,
1442 1491 1568 1562 quia
1590 1506 1618 1544 a
1663 1489 1878 1551 timore,
1900 1485 1990 1555 qui
2017 1482 2129 1553 pri-

541 1617 664 1657 mus
691 1597 890 1672 gradus
937 1604 1042 1660 est,
1088 1594 1264 1664 pietas
1317 1588 1587 1645 secundus
1613 1591 1714 1640 est.
1744 1582 1924 1636 Pietas
1946 1586 2131 1672 autem

544 1698 609 1750 ad
642 1671 732 1749 Dei
761 1692 963 1747 cultum
992 1689 1250 1758 pertinet,
1280 1692 1338 1739 ut
1394 1691 1476 1737 est
1518 1678 1645 1734 illud
1679 1673 1922 1745 Apostoli
1965 1687 1978 1726 :
2026 1671 2131 1726 So-

555 1788 683 1850 brie,
717 1785 820 1856 15
853 1794 896 1838 et
920 1781 1082 1852 juste,
1133 1788 1180 1832 et
1225 1778 1308 1847 pie
1357 1775 1585 1829 riramus
1620 1769 1742 1841 (Tit.
1773 1783 1834 1832 tt,
1877 1766 1950 1835 i).
1978 1761 2130 1830 Quod

550 1881 634 1935 sle
664 1878 955 1948 exponitur
983 1892 995 1927 :
1030 1871 1213 1928 Sobria
1242 1871 1294 1924 in
1329 1867 1666 1935 nobis,juste
1695 1862 1760 1916 ad
1798 1859 2130 1930 proximum,

547 1975 632 2045 pie
657 1973 724 2026 ad
763 1973 951 2026 [icunL
990 1967 1143 2022 Unde
1170 1975 1224 2018 et
1256 1961 1404 2032 impii
1430 1957 1647 2030 proprie
1692 1955 1945 2010 dicuntur
1969 1948 2131 2045 alieni

543 2041 725 2122 aiidc.
777 2066 907 2131 Qliii‘.
965 2077 1095 2115 vero
1126 2055 1299 2126 major
1333 2056 1524 2127 pietas,
1580 2051 1702 2122 quis
1751 2065 1819 2105 ex
1869 2047 2025 2102 nobis
2066 2041 2134 2099 ad

538 2161 709 2214 Deum
745 2155 917 2224 major
945 2152 1172 2207 allectus
1196 2164 1315 2204 esse
1347 2153 1547 2218 potest,
1575 2158 1736 2214 quant
1777 2149 1946 2195 totam
1979 2151 2133 2193 meu-

539 2250 612 2303 tis
648 2248 1002 2302 intentionem
1036 2244 1086 2296 in
1107 2241 1301 2296 divina:
1334 2237 1614 2308 sapientiae
1631 2235 1808 2289 sinum
1841 2231 2129 2294 reclinare,

540 2347 596 2395 et
619 2355 716 2393 nos
747 2339 801 2390 in
827 2337 986 2406 hujus
1015 2332 1200 2386 mundi
1231 2330 1484 2400 negotiis,
1513 2328 1565 2381 in
1599 2327 1796 2395 quibus
1827 2338 1883 2378 se
1912 2321 2132 2392 quidam

540 2432 837 2502 plurimum
865 2429 1050 2483 valere
1078 2435 1132 2480 et
1155 2441 1346 2494 sapere
1378 2422 1701 2494 gloriantur,
1736 2415 2033 2472 imbecilles
2079 2422 2135 2469 et

537 2522 722 2576 fatuos
746 2519 972 2575 facere?
1001 2519 1050 2572 is
1080 2525 1200 2587 post
1227 2515 1319 2570 Dei
1369 2516 1622 2569 timorem
1653 2512 1877 2566 idoneus
1903 2520 1957 2566 et
1985 2523 2134 2564 corn-

537 2625 732 2686 petens
761 2614 916 2668 valde
947 2612 1146 2681 gradus
1168 2619 1271 2664 est.
1316 2653 1326 2668 .

612 2703 719 2762 Sed
765 2714 993 2776 quatslto
1044 2702 1225 2774 gravis
1265 2701 1353 2755 hic
1392 2699 1596 2765 oritur,
1654 2713 1752 2753 cur
1799 2712 1920 2751 eum
1964 2693 2138 2766 pridie

539 2807 596 2853 et
639 2798 861 2866 reliquis
889 2795 1247 2866 sequentibus
1287 2792 1475 2847 diebus
1524 2791 1778 2846 dicatur:
1824 2785 1960 2843 Vidit
1997 2785 2137 2843 Deus

537 2889 678 2960 quod
708 2901 839 2945 esset
872 2892 1082 2952 bonunt,
1113 2887 1271 2942 hodie
1300 2885 1764 2957 prietermittatur.
1801 2882 1905 2938 Sed
1939 2883 2140 2937 scimus

537 2987 682 3056 quod
715 2986 781 3040 de
821 2983 1034 3040 diabolo
1082 2981 1282 3036 dicitur
1312 2980 1435 3049 quia
1478 2979 1532 3033 in
1565 2978 1795 3032 veritate
1819 2993 1923 3031 non
1952 2975 2136 3042 stetit;

537 3080 632 3148 qui
683 3077 923 3149 quandiu
972 3090 1197 3131 summa:
1241 3071 1457 3127 veritati
1508 3069 1742 3129 inhtesit,
1781 3069 1832 3121 in
1876 3076 2140 3137 quantum

2231 551 2391 605 vitari
2435 560 2490 606 et
2535 552 2683 607 credi
2731 567 2763 607 a
2813 552 2970 608 nobis
3022 553 3137 608 vult
3187 553 3560 624 deceptorium
3597 554 3846 612 malum.

2230 645 2522 714 Apostolus
2547 645 2746 701 clamat
2777 664 2790 701 :
2819 646 2984 702 Miser
3001 663 3123 718 ergo
3148 647 3322 712 homo,
3346 649 3463 718 quis
3483 663 3563 702 me
3584 648 3850 704 liberabit

2231 741 2294 794 de
2320 757 2536 812 corpore
2580 743 2764 796 mortis
2811 742 3004 814 hujus?
3041 741 3222 811 (Rom.
3251 757 3349 808 vn,
3381 743 3474 814 Ἠ)
3501 751 3557 798 et
3583 758 3683 798 nos
3715 752 3848 799 tor-

2233 833 2408 890 tiones
2449 851 2586 905 quas
2625 834 2871 902 ferimus,
2905 851 3099 908 pugna:
3155 836 3339 891 carnis
3375 837 3428 892 in
3469 837 3743 907 spiritum,
3777 844 3846 892 et

2233 927 2458 998 spiritus
2500 929 2552 983 in
2597 943 2819 986 carnem
2849 927 2993 1000 (Gal.
3025 944 3080 998 v,
3119 931 3207 1002 i7)
3245 933 3443 987 bonum
3477 933 3846 1002 putaremus!

2233 1020 2302 1076 Et
2353 1023 2398 1078 si
2449 1024 2589 1079 bona
2643 1033 2917 1096 utcunque
2970 1023 3215 1098 agimus,
3271 1027 3396 1097 quia
3443 1026 3499 1082 in
3547 1025 3735 1094 ﬂuctu,
3777 1033 3846 1084 et

2232 1116 2442 1186 peccati
2467 1115 2711 1186 periculo
2736 1131 2953 1188 semper
2976 1133 3190 1186 sumus,
3214 1127 3274 1175 ut
3301 1118 3390 1175 illa
3419 1117 3530 1177 Noe
3553 1119 3841 1189 columba,

2233 1207 2361 1277 quia
2413 1205 2503 1262 hic
2551 1209 2793 1278 requiem
2846 1221 2952 1264 non
3005 1209 3300 1277 habemus,
3347 1211 3414 1266 ad
3468 1211 3608 1277 Noe,
3649 1209 3704 1267 id
3752 1221 3846 1270 est

2235 1299 2537 1366 Christum,
2569 1302 2662 1371 qui
2704 1301 3048 1372 requiescere
3091 1320 3191 1360 nos
3238 1305 3433 1372 iaciat,
3471 1307 3843 1377 suspiremus.

2235 1389 2302 1444 Et
2325 1400 2472 1446 recte
2517 1391 2604 1447 die
2643 1393 2883 1448 secundo
2922 1393 3050 1464 quia
3096 1394 3297 1452 bonum
3327 1395 3398 1451 sit
3426 1411 3532 1452 non
3566 1395 3839 1465 videmus,

2235 1484 2362 1554 quia
2413 1493 2701 1556 postquam
2756 1488 2917 1558 primi
2965 1489 3070 1544 diei
3131 1491 3186 1546 in
3249 1491 3504 1563 paradiso
3551 1493 3744 1558 habiti,
3781 1493 3842 1548 in

2236 1579 2574 1649 protoplasto
2605 1581 2800 1650 perditi
2835 1581 3063 1653 gloriam
3095 1583 3400 1652 amisimus,
3431 1587 3568 1642 istuc
3593 1586 3839 1642 devoluti

2239 1671 2475 1740 dolores,
2505 1689 2612 1728 non
2637 1674 2776 1729 bona
2804 1677 3126 1746 reperimus.
3152 1675 3305 1747 Quod
3337 1680 3471 1736 satis
3503 1690 3624 1752 apte
3657 1681 3842 1752 signat

2241 1764 2294 1818 in
2327 1765 2563 1821 Sahbato
2585 1769 2822 1838 paschali
2849 1779 2970 1840 post
2994 1770 3222 1826 Alleluia
3271 1780 3478 1830 tractus
3507 1775 3596 1844 qui
3621 1773 3835 1830 cantari

2245 1860 2402 1925 solet,
2435 1861 2524 1930 qui
2558 1861 2796 1916 laborem
2836 1863 3017 1918 Steculi
3057 1862 3218 1935 hujus
3249 1874 3369 1937 post
3399 1864 3642 1923 itetitlam
3673 1881 3840 1938 para-

2238 1951 2341 2007 disi
2369 1966 2468 2006 nos
2499 1951 2795 2009 incurrisse
2823 1951 3001 2010 docet.

2309 2040 2474 2098 Vens.
2515 2043 2550 2098 9
2577 2073 2645 2082 —
2670 2043 2819 2099 Dixit
2855 2061 2972 2100 vero
3011 2044 3197 2103 Deus:
3231 2045 3628 2120 Congregeutur
3687 2063 3840 2120 aqua!

2235 2153 2352 2209 qua:
2381 2137 2475 2191 sub
2499 2137 2625 2192 cwlo
2648 2147 2768 2193 sunt
2800 2139 2854 2193 in
2887 2138 3060 2195 locum
3089 2157 3272 2210 unum,
3295 2151 3345 2196 et
3375 2152 3625 2214 appareat
3653 2143 3833 2197 arida.

2235 2228 2421 2300 Aquae,
2453 2245 2571 2300 qua:
2611 2231 2705 2284 sub
2748 2230 2896 2298 coelo,
2936 2242 3064 2288 sunt
3106 2233 3384 2290 saecularis
3424 2234 3688 2300 versutia,
3721 2249 3841 2305 quae

2236 2335 2292 2375 in
2347 2319 2480 2375 solis
2548 2322 2781 2390 negotiis
2834 2321 3143 2380 forensibus
3209 2333 3266 2381 et
3324 2325 3392 2380 ad
3458 2325 3840 2396 decipiendum

2238 2412 2477 2468 maxime
2527 2414 2718 2481 callet,
2771 2424 2826 2471 et
2875 2417 2975 2474 sub
3037 2416 3165 2490 jugo
3227 2428 3407 2475 tamen
3464 2418 3840 2490 intelligentia:

2240 2515 2442 2562 nostra:
2497 2509 2864 2578 restringitur.
2933 2509 3028 2566 Ha:
3091 2521 3494 2584 congregantur
3541 2513 3596 2567 in
3665 2513 3836 2566 locum

2239 2615 2428 2667 unum,
2459 2601 2586 2672 quia
2627 2612 2750 2658 totm
2791 2603 2922 2671 Deo,
2954 2605 3045 2675 qui
3088 2603 3239 2662 locus
3284 2613 3474 2662 noster
3512 2613 3618 2673 est,
3645 2604 3699 2660 in
3739 2621 3838 2676 quo

2240 2695 2482 2761 vivimus,
2521 2713 2784 2752 moventur
2823 2707 2869 2752 et
2917 2714 3098 2754 sumus
3141 2699 3280 2772 (Act.
3321 2714 3468 2766 xvn,
3508 2699 3622 2769 9.8),
3669 2697 3841 2754 velint

2241 2787 2438 2856 nolint,
2470 2787 2862 2847 sollicitudines
2891 2799 3110 2858 nostrze,
3149 2808 3269 2864 qua:
3297 2807 3445 2863 vagae
3477 2799 3529 2847 et
3560 2790 3840 2848 instabiles

2243 2889 2403 2936 antea
2447 2881 2783 2949 diﬂiuebant,
2817 2883 3026 2940 servire
3068 2893 3357 2956 coguntur.
3388 2883 3532 2940 Loca
3571 2884 3689 2950 Dei,
3731 2883 3839 2940 imo

2245 2975 2395 3031 locus
2444 2975 2632 3058 fideles
2671 2976 2873 3048 quique
2925 2977 2978 3032 in
3023 2977 3322 3050 Scripturis
3365 2977 3472 3034 dici
3515 2975 3711 3044 solent,
3747 2979 3839 3035 sed

2246 3066 2417 3122 multo
2445 3068 2618 3139 magis
2644 3069 2862 3138 preprie
2891 3068 3054 3135 Deus,
3087 3078 3242 3124 extra
3275 3085 3437 3141 quem
3468 3085 3711 3138 neenos,
3739 3085 3838 3127 nec

499 3173 614 3229 ‘ilii
663 3171 984 3241 conjunctus
1033 3175 1147 3230 est,
1201 3165 1404 3220 veritas
1451 3173 1500 3218 et
1555 3162 1669 3232 ipse
1701 3159 1821 3214 fuit.
1857 3159 1960 3227 Qui
1997 3159 2140 3214 enim
2171 3192 2216 3250 ο
2247 3160 2450 3231 aliquid
2485 3169 2594 3227 est,
2643 3159 2795 3217 locus
2848 3171 3034 3218 noster
3081 3171 3329 3218 vocatur.
3375 3161 3476 3230 Qui
3528 3161 3652 3232 quia
3703 3176 3860 3234 quos

537 3265 769 3322 all/iteret
803 3263 1047 3330 Domino,
1075 3278 1211 3316 unus
1235 3270 1308 3314 est
1332 3259 1562 3329 Spiritus
1588 3255 1638 3327 (1
1663 3255 1784 3311 Cor.
1819 3272 1891 3323 vl,
1929 3255 2033 3327 i7).
2076 3255 2141 3310 Ει

542 3361 608 3415 de
637 3375 702 3414 eo
735 3359 788 3412 in
817 3356 918 3413 Joh
945 3355 1205 3412 scribitur
1234 3369 1248 3408 :
1279 3351 1530 3408 Habitent
1561 3353 1612 3406 in
1643 3351 1978 3406 tabernaculo
2004 3349 2138 3416 eius,

540 3449 753 3504 scilicet
796 3447 946 3517 impii
978 3447 1105 3500 socii
1135 3445 1272 3514 ejus,
1296 3444 1384 3514 qui
1413 3460 1514 3496 non
1553 3451 1627 3496 est
1658 3442 1800 3512 (Job.
1842 3457 1995 3506 xvttt,
2028 3440 2136 3512 15).

543 3542 678 3609 Quis
709 3549 793 3594 est
819 3540 908 3609 qui
943 3555 1043 3591 non
1074 3547 1152 3592 est
1177 3536 1276 3589 nisi
1310 3535 1574 3597 diabolus,
1608 3534 1699 3603 qui
1733 3534 1783 3586 in
1816 3543 2076 3603 quantum
2107 3549 2138 3586 a

541 3641 673 3688 vero
699 3647 818 3686 esse
849 3616 1070 3694 decidit,
1097 3627 1205 3697 jam
1247 3641 1364 3681 esse
1393 3626 1558 3680 etiam
1595 3624 1822 3679 destitit.
1858 3624 2139 3691 Quomodo

541 3725 686 3781 enim
725 3733 829 3790 est,
860 3723 950 3792 qui
986 3731 1093 3776 tam
1130 3717 1421 3774 infeliciter
1462 3728 1570 3785 est,
1603 3718 1711 3772 imo
1744 3717 1835 3786 qui
1867 3718 2139 3774 :L-ternali-

541 3811 629 3873 ter
656 3818 710 3872 in
741 3825 913 3870 morte
943 3814 1063 3869 sine
1091 3821 1262 3866 morte
1309 3820 1409 3866 est.
1447 3809 1597 3879 Quod
1629 3811 1769 3864 idem
1799 3813 1946 3866 etde
1984 3811 2138 3866 nobis

536 3910 832 3973 sentimus,
866 3906 993 3976 quia
1037 3921 1066 3959 a
1107 3901 1201 3958 Dei
1236 3903 1444 3958 visione
1491 3903 1544 3957 in
1590 3902 1780 3974 primis
1824 3905 2139 3974 parentibus

535 4003 678 4077 lapsi
727 4017 954 4067 sumus,
1001 4000 1068 4056 de
1111 3998 1339 4054 veritate
1379 3999 1430 4052 in
1465 3997 1760 4052 vanitatem
1802 3998 2136 4067 devenimus,

538 4107 597 4153 et
643 4095 916 4150 veraciter
953 4108 1072 4148 esse
1123 4091 1494 4162 perdidimus,
1549 4089 1653 4144 nisi
1709 4089 1852 4159 quod
1893 4090 1984 4144 Dei
2024 4090 2137 4146 sola

539 4192 716 4263 gratia
753 4200 941 4246 nostro
974 4199 1152 4244 tamen
1202 4189 1398 4243 sudore
1447 4185 1737 4241 durissimo
1777 4201 1838 4241 ae
1885 4185 2136 4242 conﬂictu

537 4286 756 4342 restitui
788 4285 1082 4340 credimus.
1117 4281 1253 4337 iiinc
1283 4282 1407 4336 dum
1451 4281 1518 4336 ad
1545 4278 1879 4350 glutiendam
1912 4281 2135 4336 salivam

539 4381 735 4454 capitis
767 4380 962 4442 nostri,
991 4377 1057 4432 ad
1085 4377 1517 4448 prtcgnstaudam
1544 4374 1792 4429 videlicet
1814 4375 2136 4444 sapientiam

539 4473 852 4528 Conditoris
885 4471 1052 4526 nostri
1084 4469 1290 4541 magnis
1318 4467 1568 4537 suspiriis
1607 4468 1973 4533 elaboramus,
2006 4484 2136 4524 nos—

2247 3254 2442 3323 cxcipit
2481 3254 2580 3308 sibi
2609 3254 2861 3320 viviﬁcat,
2895 3271 3034 3311 unus
3057 3264 3208 3311 recte
3235 3255 3454 3311 dicitur.
3487 3253 3622 3310 Tata
3653 3262 3836 3308 autem

2245 3354 2461 3412 nostra,
2510 3361 2673 3418 quam
2729 3346 2793 3401 de
2839 3346 3036 3402 saeculo
3089 3348 3465 3419 possidemus,
3517 3345 3834 3418 prudentia,

2245 3447 2373 3494 tunc
2422 3437 2578 3508 plene
2613 3438 2690 3502 ,ad
2741 3439 2910 3494 Deum
2959 3441 3320 3510 convertitur,
3348 3455 3474 3496 cum
3508 3441 3574 3495 ad
3603 3435 3836 3511 agendas

2243 3529 2602 3584 ecclesiarum
2661 3544 2888 3600 causas,
2947 3539 3003 3587 et
3056 3533 3396 3589 extrinsecas
3450 3548 3642 3600 curas,
3703 3547 3839 3602 quas

2243 3623 2468 3677 litterati
2525 3623 2626 3678 viri
2678 3623 2859 3682 minus
2903 3626 3046 3682 scire
3103 3625 3308 3694 solent,
3371 3626 3491 3684 zelo
3541 3636 3596 3683 et
3651 3633 3837 3681 amere

2245 3716 2584 3770 deservicndi
2623 3717 2709 3772 his
2738 3718 2830 3788 qui
2883 3719 3326 3791 contemplationi
3376 3719 3701 3787 inserviunt,
3731 3733 3836 3790 quo

2244 3806 2468 3863 liberius
2506 3807 2613 3864 Deo
2643 3819 2858 3878 vacent,
2885 3811 3174 3868 saeculares
3214 3812 3416 3885 quique
3456 3822 3834 3885 accmguntur.

2245 3902 2310 3956 iii
2358 3917 2463 3959 non
2511 3905 2577 3960 ad
2617 3903 2966 3977 decipiendos
3008 3923 3276 3978 pauperes
3320 3923 3417 3964 suo
3459 3905 3572 3978 jam
3612 3915 3837 3962 utuntur

2242 3999 2492 4070 ingenio,
2538 3999 2630 4055 sed
2672 4017 2864 4055 aurum
2918 4009 2973 4056 ct
3015 4013 3298 4074 argentum
3328 4001 3473 4074 quod
3503 4001 3570 4056 de
3598 3997 3837 4072 Egypto

2243 4091 2578 4158 extulerunt,
2605 4089 2673 4146 ad
2701 4093 3086 4149 exstruendum
3106 4093 3196 4148 Dei
3225 4092 3632 4149 tabernaculum
3665 4093 3718 4150 iu
3742 4106 3834 4146 so-

2242 4185 2490 4253 litudine,
2523 4187 2574 4241 id
2602 4195 2714 4254 est,
2747 4197 2900 4243 extra
2931 4189 3114 4245 turbas
3142 4189 3396 4246 vitiorum
3420 4189 3613 4244 devota
3653 4194 3838 4242 mente

2243 4281 2573 4351 expendunt.
2620 4278 2685 4334 iii
2723 4289 2849 4335 sunt
2888 4281 3064 4336 cilicia
3103 4281 3295 4337 domus
3340 4281 3461 4349 Dei,
3492 4281 3582 4352 qui
3613 4277 3838 4336 saecula-

2243 4373 2383 4427 rium
2422 4387 2677 4428 curarqu
2711 4372 2964 4444 pulveres
3013 4373 3263 4442 tolerant,
3306 4383 3366 4428 ut
3402 4373 3748 4445 hyacinthus,
3778 4379 3839 4426 et

2244 4480 2482 4536 purpura
2539 4475 2872 4520 sanctarum.
2906 4467 3166 4522 mentium
3221 4465 3358 4524 nihil
3414 4467 3702 4523 exterioris
3751 4465 3842 4519 in—

540 4570 803 4637 metipsos
836 4566 990 4620 nobis
1025 4563 1178 4620 valde
1214 4561 1518 4618 contrarios
1548 4562 1756 4632 positos
1796 4562 2135 4632 experimur,
2164 4563 2216 4625 D
2243 4557 2578 4627 quictudinis
2629 4557 2826 4624 ferant,
2866 4559 2961 4614 sed
3002 4575 3099 4617 suo
3145 4561 3516 4616 indesinenter
3557 4559 3841 4632 proposito

541 4669 598 4715 ct
626 4660 678 4712 in
705 4657 894 4712 salutis
917 4671 1080 4726 Opere
1108 4655 1378 4710 neminem
1405 4655 1746 4717 viciniorem,
1775 4653 2136 4710 infestiorem-

540 4765 646 4821 que
689 4753 900 4804 hostem
942 4763 1106 4818 quam
1160 4763 1257 4802 nos
1295 4747 1553 4818 patimur.
1597 4746 1962 4816 Conqueritur
2013 4747 2136 4802 inde

536 4839 828 4896 Psalmista
874 4857 886 4892 :
930 4837 1167 4904 Quantas
1223 4839 1493 4893 ostendisti
1553 4838 1679 4914 mihi
1745 4839 2132 4904 tribttlutioues,

535 4932 730 4988 multas
783 4942 829 4986 et
881 4929 1051 4984 malas
1098 4925 1269 4998 (Psal.
1310 4945 1434 4992 Lxx,
1466 4929 1580 4999 2‘2).
1623 4929 1689 4983 Et
1726 4928 1850 4982 alibi
1903 4929 2002 4982 sub
2039 4945 2136 4999 spe

534 5025 706 5082 futuri
756 5025 882 5081 boni
926 5026 1140 5078 laetatur
1171 5041 1182 5074 :
1213 5019 1320 5074 Pro
1361 5022 1564 5083 diebus,
1607 5022 1796 5091 quibus
1825 5019 2134 5073 humiliatus

537 5131 635 5184 est,
667 5120 818 5173 anuis
844 5119 1034 5189 quibus
1064 5115 1190 5170 vidit
1230 5111 1401 5184 (Psal.
1434 5130 1658 5178 Lxxxtx,
1690 5114 1798 5186 i7),
1836 5116 1887 5168 id
1929 5122 2011 5168 est
2040 5130 2133 5169 ex-

533 5222 724 5282 pertus
754 5223 837 5268 est
878 5211 1038 5267 mala.
1067 5210 1200 5266 Cum
1235 5224 1364 5279 ergo
1395 5208 1510 5262 dies
1543 5207 1666 5261 mali
1695 5209 1803 5262 sint
1831 5207 2048 5278 (Ep/tes.
2075 5226 2129 5276 v,

537 5301 656 5372 ‘16),
686 5314 740 5358 et
788 5303 1018 5357 mundus
1053 5303 1102 5356 in
1137 5301 1371 5371 maligno
1405 5300 1613 5371 positus
1644 5298 1692 5370 (I
1733 5298 1893 5352 Joau.
1933 5315 1984 5364 v,
2022 5301 2128 5369 i9),

538 5405 594 5450 et
630 5393 776 5449 hunc
817 5394 1126 5450 conﬂictum
1172 5395 1490 5449 inferiorum
1534 5406 1821 5460 aquarum,
1856 5390 1907 5444 in
1937 5390 2131 5459 quibus

538 5494 623 5540 est
672 5486 927 5555 superbia
982 5487 1241 5539 adversus
1283 5485 1622 5554 superiores,
1666 5483 1863 5552 quibus
1915 5490 2129 5536 constat

502 5578 816 5682 humilitas
845 5588 899 5632 et
929 5578 1189 5631 sanctitas
1218 5578 1271 5630 in
1303 5577 1440 5631 valle
1485 5575 1870 5646 laerymarum,
1915 5577 1966 5628 in
2007 5572 2125 5629 laeti

489 5667 801 5736 μθιυίδριὴω,
849 5670 1045 5724 δίυευιυ
1091 5669 1293 5724 scilicet
1339 5669 1586 5739 praesenti
1630 5667 1955 5730 toleremus,
1997 5682 2124 5737 pro-

533 5763 750 5834 phetica
815 5762 1218 5834 apostolicaquc
1269 5761 1452 5832 lingua
1533 5762 1636 5816 hoc
1685 5777 1790 5816 non
1846 5761 2010 5814 vitam
2063 5775 2126 5814 ac

531 5857 789 5932 patriam,
821 5858 918 5915 sed
967 5856 1217 5918 exsiliunt
1271 5850 1612 5927 mortemque
1638 5854 1959 5932 denuntiet,
1992 5867 2126 5924 quo-

2244 4653 2467 4708 instent.
2511 4651 2580 4705 Et
2606 4664 2855 4722 appareat
2895 4654 3072 4720 arida,
3102 4655 3306 4728 inquit;
3339 4672 3435 4728 per
3469 4657 3570 4711 hoc
3599 4668 3840 4725 namque

2243 4747 2384 4815 quod
2416 4747 2747 4800 conscientia
2789 4746 2998 4816 pridem
3036 4745 3198 4804 ﬂuida
3245 4750 3314 4804 ad
3355 4750 3521 4804 Deum
3559 4748 3840 4804 constrin-

2242 4838 2409 4908 gitur,
2449 4848 2595 4891 terra
2625 4837 2804 4892 cordis
2842 4840 3012 4894 nostri
3047 4857 3076 4894 a
3109 4841 3496 4914 cogitationum
3536 4837 3841 4912 superﬂua-

2242 4946 2361 4984 rum
2396 4930 2813 5001 ingurgitatione
2843 4933 3044 4989 siccata
3079 4933 3192 5005 jam
3229 4934 3468 4991 foreudis
3497 4933 3623 4991 boni
3649 4932 3842 5006 operis

2239 5020 2487 5091 frugibus
2509 5035 2731 5093 apparet
2753 5036 2894 5096 apta.

2313 5110 2474 5168 Vens.
2511 5115 2594 5168 i0.
2625 5145 2694 5155 —-
2721 5114 2787 5170 Et
2814 5118 3009 5172 vocavit
3045 5115 3188 5174 Deus
3231 5117 3436 5173 aridam
3459 5131 3675 5186 terram,
3701 5134 3838 5173 con-

2238 5207 2568 5278 gregationes
2604 5226 2860 5281 aquarum
2893 5228 3009 5266 vero
3040 5210 3318 5283 appellavit
3347 5213 3536 5266 maria.
3569 5212 3736 5267 Terra
3765 5209 3840 5278 ab

2237 5302 2466 5358 humore
2519 5305 2756 5360 carnalis
2807 5307 3120 5377 petulantiae
3170 5309 3520 5379 avaritiaeque
3573 5308 3836 5382 levigata,

2237 5403 2358 5464 apta
2403 5395 2620 5465 quidem
2665 5398 2832 5452 cultui
2873 5415 2937 5454 ac
2969 5399 3167 5458 fructui
3205 5411 3288 5459 est
3331 5403 3532 5472 divino,
3567 5405 3660 5460 sed
3706 5420 3840 5459 cou-

2236 5489 2561 5558 gregationcs
2591 5507 2850 5560 aquarum
2880 5495 2978 5550 sub
3001 5495 3124 5564 jure
3157 5498 3383 5554 rationis
3412 5515 3516 5556 non
3548 5515 3605 5556 se
3634 5497 3834 5554 volun-

2237 5581 2373 5635 tarie
2412 5581 2755 5649 cohibentes,
2805 5586 3178 5648 amarissimos
3227 5593 3589 5648 lentatiouum
3635 5589 3837 5646 ﬂuctus

2234 5670 2287 5724 in
2317 5672 2470 5726 nobis
2499 5677 2856 5730 exsuscitant.
2893 5677 3049 5736 Unde
3086 5692 3142 5736 et
3171 5684 3340 5737 maria
3383 5683 3642 5738 vocabulo
3671 5681 3835 5742 valde

2231 5778 2472 5835 congruo
2519 5767 2874 5836 appellantur.
2910 5769 3088 5827 Maria
3124 5776 3267 5830 enim
3315 5776 3621 5832 amaritudo
3658 5776 3836 5832 inter-

2229 5865 2494 5927 pretatur.
2517 5855 2645 5916 inde
2666 5864 2928 5923 atrocium
2956 5865 3180 5938 irarum,
3205 5865 3488 5928 libidinum
3513 5877 3567 5929 et
3594 5868 3832 5926 aliorum
