4062 6354
218 330 230 377 τ
297 376 360 444 is
874 330 877 333 ’
1467 362 2271 441 scaenamscenam
2296 361 2424 420 LIB.
2463 358 2505 418 ι.

3465 358 3564 425 ἰϐ

292 512 533 558 motuum
566 500 933 571 tempestates,
969 510 1089 571 quae
1119 497 1247 553 dum
1282 492 1445 550 animi
1477 492 1709 564 imperio
1732 504 1885 547 coer-
1913 492 1960 550 Α
1987 492 2100 552 est,
2149 483 2239 555 qui
2286 481 2652 553 intelligentiae
2697 480 2876 536 lumen
2923 478 3121 552 ubique
3159 480 3565 554 Scripturarum

295 604 504 659 centur,
535 594 689 665 quasi
723 592 844 646 freti
881 591 1161 660 cujusdam
1200 589 1380 645 fervor
1412 586 1744 644 subbulliens
1776 585 1883 657 16

295 689 545 761 prosilire
568 687 832 742 nituntur.
861 683 967 739 Sed
992 684 1086 739 Dei
1116 682 1291 754 pietas
1323 679 1480 751 hujus
1506 694 1696 751 pugna:
1726 692 1879 733 exer-

294 782 423 839 citia
464 799 571 838 non
614 781 1011 835 irremunerata
1052 778 1385 847 relinquens,
1417 776 1582 840 videt,
1611 774 1663 829 id
1692 782 1775 829 est
1802 772 1883 827 vi-

294 875 412 933 dcri
442 874 573 931 facit
600 889 630 928 a
662 873 838 938 nobis,
870 885 1034 942 quam
1064 870 1203 925 bona
1240 868 1581 937 salubriaque
1611 875 1735 921 sunt
1763 880 1883 934 qua:

299 968 528 1039 agimus,
557 976 612 1023 et
643 979 709 1020 ex
745 980 933 1021 eorum
982 962 1412 1019 consideratione
1439 960 1504 1015 ad
1534 959 1756 1015 meliora
1787 972 1881 1029 ge-

299 1064 547 1127 rendum,
579 1061 696 1131 ipso
736 1059 1042 1129 aSpirante,
1085 1055 1431 1112 excandescit
1469 1053 1701 1108 animus.
1734 1051 1886 1107 Unde

300 1170 400 1212 suo
436 1152 690 1208 invisibili
723 1159 855 1204 nutu
886 1149 1035 1215 dicit,
1067 1147 1121 1203 id
1155 1156 1238 1203 eSt
1273 1161 1591 1218 prosperum
1632 1143 1885 1200 effectum

300 1246 457 1301 bonis
489 1243 769 1300 affectibus
806 1241 1009 1297 tribuit.

376 1336 537 1390 Vens.
583 1333 668 1388 11.
710 1362 780 1374 ——
824 1330 1106 1397 Germinet,
1141 1329 1337 1399 inquit,
1375 1337 1514 1382 terra
1555 1325 1767 1381 herbam
1808 1324 1886 1379 ri-

304 1436 499 1481 rentem
537 1436 584 1480 et
626 1426 901 1497 facientem
938 1440 1132 1479 semen.
1166 1422 1327 1476 Terra
1355 1421 1621 1493 germinat
1652 1418 1888 1484 herbam,

303 1532 425 1575 cum
467 1532 562 1573 cor
604 1518 865 1589 cujusque
916 1516 1090 1572 fidelis
1133 1515 1199 1569 ab
1246 1514 1390 1570 omni
1441 1513 1661 1569 lascivia
1707 1511 1890 1566 mundi

302 1612 515 1675 sudum,
548 1610 696 1665 verbi
735 1609 828 1664 Dei
864 1608 1070 1663 semine
1102 1605 1528 1663 conversationis
1560 1604 1709 1658 initia
1737 1603 1893 1657 emit-

304 1705 389 1759 tit.
423 1704 554 1771 Quae
583 1704 749 1759 herba
792 1704 975 1758 virens
1025 1711 1129 1770 est,
1170 1701 1295 1772 quia
1326 1715 1487 1756 succo
1527 1699 1638 1769 spei
1677 1706 1893 1752 aeternae

302 1798 459 1853 vivit.
485 1796 751 1866 Quidquid
781 1796 925 1851 enim
959 1810 1055 1855 pro
1098 1795 1282 1851 favore
1313 1795 1550 1849 humano
1576 1792 1653 1858 lit,
1692 1787 1891 1845 marci-

306 1892 433 1947 dum
458 1907 519 1946 ac
541 1890 722 1946 sterile
743 1898 844 1946 est.

378 1983 447 2039 Et
472 1986 769 2055 facientem,
803 1985 998 2054 inquit,
1024 2000 1215 2039 semen.
1257 1980 1444 2039 Semen
1490 1980 1622 2036 facit
1648 1980 1897 2050 quisquis

308 2079 363 2134 id
388 2079 625 2147 religiosi
652 2077 939 2147 propositi,
970 2077 1112 2144 quod
1144 2075 1472 2146 aggreditur,
1505 2087 1666 2142 opere
1697 2072 1898 2126 cﬂicaci

313 2166 646 2234 exsequitur.
700 2164 807 2217 Aut
857 2171 1005 2217 certe
1058 2162 1223 2215 herba
1276 2161 1490 2225 virens,
1545 2176 1715 2213 semen
1771 2156 1901 2212 facit

314 2266 438 2305 cum
471 2251 701 2319 quisque
737 2249 787 2302 id
832 2248 957 2303 boni
995 2248 1139 2318 quod
1183 2262 1345 2317 agerc
1378 2248 1519 2316 apud
1562 2261 1620 2301 se
1661 2245 1901 2310 inchoat,

312 2342 437 2397 aliis
465 2342 629 2397 etiam
657 2356 723 2395 ex
756 2339 1128 2396 benevolentia
1168 2348 1227 2394 ut
1266 2354 1323 2394 se
1353 2338 1670 2393 mandentur
1704 2336 1902 2407 praedi-

313 2448 441 2490 care
468 2448 575 2489 non
603 2440 803 2489 cessat.

386 2528 458 2582 Et
494 2528 695 2599 lignum
724 2527 1042 2598 pomiferum
1070 2526 1266 2597 faciens
1300 2523 1531 2593 fructum
1553 2521 1711 2591 juxta
1743 2536 1904 2591 genus

316 2637 490 2678 suum.
518 2621 659 2689 Quid
689 2636 785 2691 per
812 2621 1009 2691 lignum
1038 2620 1374 2689 pomiferum,
1401 2616 1504 2670 nisi
1534 2616 1759 2670 arduum
1786 2616 1907 2669 vita:

318 2714 625 2769 institutum
664 2714 729 2768 de
771 2713 873 2782 piis
905 2713 1078 2768 initiis
1115 2712 1181 2766 ad
1226 2710 1498 2767 sanctiora
1533 2723 1904 2779 progressum.

322 2805 427 2861 Sed
470 2804 597 2875 quid
642 2804 752 2875 agit
803 2804 1101 2870 sanctitas,
1155 2803 1200 2857 si
1245 2803 1310 2858 de
1346 2818 1440 2857 sua
1488 2801 1609 2856 aliis
1645 2800 1790 2854 nulla
1826 2807 1912 2855 est

320 2896 590 2967 probitate
640 2895 879 2950 utilitas?
908 2895 1013 2950 Per
1052 2896 1155 2949 hoc
1189 2894 1333 2949 enim
1374 2893 1516 2963 quod
1550 2892 1604 2945 in
1646 2891 1909 2945 teneritu-

323 2989 449 3045 dine
501 2989 709 3044 exordii
763 2990 934 3044 nostri
979 2990 1144 3054 bona,
1191 3001 1313 3058 qua;
1354 2994 1573 3057 gustare
1613 2986 1909 3055 cmpimus,

324 3082 557 3139 libenter
604 3082 727 3139 aliis
776 3084 1157 3155 propinamus,
1196 3084 1255 3137 fit
1289 3082 1378 3153 pia
1424 3080 1518 3136 Dei
1555 3080 1820 3153 largitate,
1856 3086 1914 3133 ut

324 3176 553 3247 proinde
582 3178 649 3232 ad
696 3178 919 3233 meliora
960 3178 1184 3249 provehi
1223 3191 1565 3243 mereamur;
1601 3176 1744 3229 unde
1775 3172 1913 3229 dici-

329 3276 416 3323 tur
448 3286 461 3322 :
498 3266 754 3323 Fructum
794 3270 991 3339 faciens
1010 3269 1167 3339 juxta
1197 3285 1359 3339 genus
1396 3284 1572 3333 suum,
1614 3266 1667 3321 id
1698 3273 1781 3320 est
1806 3266 1915 3321 Deo

330 3360 680 3416 lucrifactens
721 3363 1046 3431 proximum.
1079 3361 1255 3415 Genus
1301 3370 1542 3416 nostrum
1586 3368 1780 3413 natura
1815 3359 1917 3411 hu-

332 3467 492 3506 mana
533 3460 635 3507 est.
678 3452 838 3507 Juxta
868 3469 1029 3523 genus
1069 3467 1200 3522 ergo
1229 3463 1471 3507 nostrum
1504 3449 1915 3516 fructiﬁcamus,

292 3576 295 3579 »
334 3558 460 3599 cum
496 3543 634 3613 ejus,
660 3559 781 3615 quae
824 3545 874 3598 in
918 3545 1072 3599 nobis
1108 3554 1190 3600 est
1223 3543 1552 3608 donationis,
1586 3542 1828 3598 docendo
1864 3550 1920 3596 et

333 3639 543 3693 orando
563 3638 854 3707 participes
877 3646 932 3692 et
958 3639 1236 3708 proximos
1264 3635 1513 3691 facimus.
1543 3635 1751 3689 Dicitur
1773 3632 1916 3689 enim

336 3728 388 3783 in
415 3727 515 3784 Job
541 3747 553 3781 :
582 3726 650 3782 Et
674 3729 885 3783 visitans
909 3730 1125 3799 speciem
1155 3738 1300 3783 tuam
1327 3744 1429 3782 non
1454 3726 1690 3798 peccabis
1717 3726 1839 3799 (.Iob
1862 3741 1919 3792 ν,

333 3818 457 3890 25);
487 3820 628 3891 quod
652 3822 790 3877 idem
819 3832 902 3876 est
930 3837 995 3876 ac
1017 3823 1063 3877 si
1086 3823 1232 3878 dicat
1255 3840 1268 3875 :
1293 3822 1484 3877 Facies
1507 3822 1738 3892 fructum
1758 3819 1921 3889 juxta

335 3932 495 3986 genus
527 3924 696 3968 tuum.
727 3914 985 3985 Sequitur
1014 3934 1027 3968 :

408 4010 574 4081 Cujus
611 4027 783 4065 semen
828 4012 881 4065 in
912 4010 1185 4081 semetipso
1211 4010 1277 4064 sit
1304 4025 1458 4086 super
1489 4017 1700 4063 terram.
1736 4004 1925 4065 50mm

339 4114 583 4158 nostrum
639 4118 801 4173 opera
860 4114 1074 4169 nostra,
1136 4118 1256 4172 quae
1309 4118 1407 4173 pro
1455 4100 1631 4156 fructu
1683 4099 1926 4155 caelestis

338 4196 512 4250 bravii
554 4197 641 4251 hic
666 4194 920 4265 iacimus,
955 4207 1097 4251 sunt.
1128 4195 1279 4263 Quod
1319 4212 1490 4250 semen
1538 4196 1590 4249 in
1630 4194 1929 4249 nobismet-

341 4290 473 4358 ipsis
510 4291 710 4346 habere
735 4288 1009 4358 jubemur,
1040 4305 1105 4344 ne
1136 4290 1274 4343 bona
1306 4288 1540 4359 gerendo
1582 4303 1705 4341 cum
1745 4285 1931 4341 adula-

344 4391 521 4436 torum
550 4381 741 4437 fabulis
771 4384 1045 4450 angimur,
1073 4383 1226 4453 quasi
1264 4382 1414 4452 palea
1444 4381 1683 4436 exterius
1710 4380 1934 4435 inventa

346 4472 549 4528 favoris
588 4483 751 4530 vento
804 4478 1102 4547 rapiamur.
1157 4475 1237 4531 Sit
1284 4477 1464 4545 itaque
1518 4476 1690 4530 virtus
1743 4482 1934 4530 nostra

1983 582 2187 638 habere
2207 587 2370 651 queat
2396 596 2408 632 :
2434 579 2636 634 habent
2664 589 2897 647 namque
2924 590 3079 633 sacra
3108 576 3320 649 eloquia
3344 595 3562 650 corpus,

1983 684 2038 731 et
2078 672 2236 745 quasi
2283 685 2567 743 veSperam
2608 671 2664 725 in
2715 671 3084 741 integumento
3121 671 3335 740 litterae,
3367 674 3570 730 habent

1985 768 2222 823 animam
2260 774 2316 822 et
2350 763 2505 835 quasi
2533 776 2694 819 mane
2734 764 2789 820 in
2825 763 3111 834 splendore
3153 768 3477 825 moralitatis
3506 784 3572 826 ac

1986 860 2276 932 allegoriae.

2060 954 2225 1009 Vens.
2257 951 2344 1007 M.
2367 977 2438 993 -ν
2460 950 2607 1005 Dixit
2644 964 2849 1022 quoque
2878 951 3060 1007 Deus:
3088 952 3252 1009 Fiant
3284 957 3572 1013 luminaria

1988 1048 2044 1102 in
2068 1047 2398 1116 ﬁrmamento
2427 1043 2559 1110 caeli,
2593 1052 2638 1098 cl
2672 1044 2903 1098 dividam
2938 1044 3074 1099 diem
3102 1064 3165 1101 ac
3194 1058 3414 1104 noctem.
3458 1052 3575 1105 Duo

1990 1138 2093 1193 ista
2139 1135 2426 1190 luminaria
2472 1134 2748 1190 Christum
2795 1144 2851 1191 et
2888 1133 3187 1190 Ecclesium
3229 1139 3577 1209 interpretari

1992 1228 2124 1284 satis
2155 1228 2406 1281 idoneum
2436 1234 2539 1292 est,
2570 1227 2865 1282 secundum
2891 1226 3015 1281 illud
3047 1243 3063 1283 :
3091 1226 3213 1282 Dies
3243 1229 3345 1283 diei
3374 1240 3577 1287 eructat

1990 1321 2199 1377 uerbum
2233 1320 2406 1391 (Psal.
2436 1337 2592 1387 xvm,
2620 1321 2703 1392 2),
2736 1329 2839 1377 etc.
2876 1320 3151 1376 Christum
3191 1323 3408 1393 quidem
3448 1342 3578 1394 pro-

1992 1415 2233 1485 positum
2298 1418 2545 1486 exemplo
2607 1426 2663 1473 et
2713 1418 3001 1474 imitationi
3051 1416 3271 1475 fortium
3319 1421 3578 1489 dicimus;

1994 1507 2291 1564 Ecclesiam
2322 1524 2454 1564 vero
2496 1511 2548 1564 in
2585 1511 2699 1567 suis
2727 1513 3092 1568 mediocribus
3121 1515 3379 1571 membris
3405 1515 3586 1585 junio-

1995 1614 2117 1654 rum
2170 1601 2458 1672 minusque
2503 1603 2806 1673 potentium
2856 1604 3135 1675 exemplar
3182 1607 3412 1677 positam
3475 1622 3586 1663 non

1996 1691 2227 1747 absurde
2262 1693 2545 1749 sentimus.
2580 1694 2939 1751 Tolerabilius
2978 1711 3108 1752 sane
3149 1698 3318 1754 oculis
3355 1699 3587 1754 infirmis

1993 1793 2079 1838 est
2130 1783 2409 1841 lucernam
2464 1786 2566 1841 sub
2612 1786 2821 1843 laterna
2876 1790 3191 1854 attendere,
3246 1805 3406 1861 quam
3460 1791 3591 1847 solis

1921 1866 1970 1928 B
1992 1875 2157 1947 jubar
2196 1876 2247 1930 in
2281 1892 2392 1932 sua:
2418 1878 2627 1948 spherae
2656 1879 2860 1935 virtute
2899 1880 3102 1936 videre.
3145 1876 3325 1937 Solem
3357 1897 3594 1957 namque

2000 1966 2056 2020 in
2086 1976 2357 2037 potestate
2400 1969 2504 2025 diei
2538 1971 2703 2025 tradit
2740 1970 2901 2039 Deus,
2933 1987 3056 2027 cum
3098 1972 3231 2029 viris
3260 1973 3605 2031 intellectua-‘

2003 2056 2158 2109 litate
2193 2057 2434 2126 praeditis
2478 2060 2950 2129 contemplationis
2979 2062 3118 2118 dona
3151 2063 3398 2134 largitur.
3433 2064 3597 2120 Vide-

2004 2160 2127 2199 mus
2157 2161 2286 2201 sane
2312 2149 2575 2216 quosdam
2604 2149 2657 2203 in
2688 2158 2920 2219 utroque
2957 2167 3089 2207 sexu
3133 2154 3443 2223 virginitate
3471 2172 3597 2223 proo

2007 2239 2172 2306 fessa,
2198 2241 2801 2315 mundanorumrerum
2826 2246 3257 2314 possessionibus
3287 2265 3599 2321 pauperiem

2009 2333 2213 2389 Christi
2254 2350 2601 2406 prmponere,
2633 2336 2744 2393 Deo
2782 2354 2993 2394 vacare.
3033 2340 3204 2396 Porro
3242 2351 3370 2398 sunt
3409 2344 3599 2415 aliqui,

2013 2428 2105 2498 qui
2146 2442 2248 2483 nec
2287 2430 2549 2484 mundum
2585 2430 2862 2498 deserere,
2894 2447 2995 2488 nec
3033 2433 3248 2490 cmlibes
3271 2439 3473 2503 vivere,
3509 2454 3604 2494 ne—

2011 2534 2117 2590 que
2148 2520 2213 2575 ad
2240 2520 2460 2591 plenum
2490 2524 2599 2579 Deo
2628 2537 2827 2580 vacare
2862 2535 3111 2595 possunt.
3153 2527 3306 2586 Unde
3337 2538 3391 2585 et
3416 2534 3604 2587 lunam

2012 2627 2077 2667 ac
2116 2612 2300 2668 stellas
2350 2614 2405 2668 in
2456 2625 2731 2684 potestate
2770 2617 2948 2673 noctis
2984 2614 3093 2673 dat.
3133 2618 3235 2675 Dat
3272 2622 3416 2677 enim
3450 2624 3608 2679 nobis

2013 2707 2106 2779 qui
2152 2722 2363 2761 summa
2402 2723 2734 2778 praesumere
2781 2725 2889 2765 non
2935 2711 3219 2777 audemus,
3255 2712 3518 2781 necNec,
3554 2715 3611 2771 id

2015 2812 2099 2856 est
2141 2810 2415 2867 rectores,
2472 2817 2575 2857 nec
2626 2802 2843 2869 Daniel,
2899 2804 2951 2859 id
3002 2814 3085 2861 est
3120 2794 3356 2876 caelibes,
3401 2812 3609 2866 imitari

2015 2905 2336 2961 possumus,
2385 2902 2446 2946 ut
2492 2892 2593 2948 Job
2638 2895 2778 2949 bene
2830 2906 3170 2965 operantem,
3218 2898 3611 2957 misericordia:

2019 2984 2326 3039 studentem
2370 2994 2667 3050 sectemur,
2702 2994 2756 3041 et
2807 2986 2898 3057 qui
2947 2988 3014 3042 ad
3063 2988 3467 3046 reclinatorium
3517 3007 3615 3048 au-

2022 3091 2205 3144 reum,
2262 3078 2315 3132 id
2368 3087 2452 3133 est
2497 3077 2565 3133 ad
2616 3080 2831 3135 beatam
2881 3082 3124 3151 requiem
3175 3098 3274 3153 per
3325 3100 3616 3143 ascensum

2021 3181 2381 3238 purpureum,
2411 3169 2619 3223 scilicet
2664 3186 2763 3241 per
2808 3174 3129 3244 martyrium
3172 3179 3460 3245 pervenire
3506 3194 3619 3235 non

2025 3277 2331 3331 speramus,
2363 3277 2461 3331 per
2490 3264 2667 3318 media
2716 3265 2905 3320 saltem
2939 3276 3161 3337 propter
3192 3270 3331 3325 ﬁlias
3362 3270 3618 3328 Hierusa-

2023 3351 2131 3406 lem
2182 3351 2451 3406 charitate
2504 3362 2784 3407 constrata
2841 3356 3109 3427 attingere
3161 3358 3459 3417 valeamus.
3515 3363 3620 3430 Qui

2025 3442 2195 3513 igitur
2256 3444 2466 3513 Agnum
2532 3444 2926 3502 illuminantem
2970 3466 3010 3504 η
3061 3451 3336 3508 montibus
3400 3457 3619 3511 aalcrnis

2026 3551 2350 3606 quocunque
2403 3536 2524 3592 ierit
2577 3543 2732 3609 sequi
2787 3540 2981 3610 (Apoc.
3020 3557 3134 3609 xw,
3180 3542 3235 3616 5)
3281 3561 3386 3602 non
3432 3549 3618 3616 audet,

2030 3638 2245 3684 montes
2288 3628 2358 3683 ab
2413 3645 2479 3685 eo
2531 3629 2862 3688 illuminatos
2903 3637 3170 3703 attendat,
3224 3647 3278 3693 et
3323 3641 3367 3694 si
3409 3656 3517 3695 non
3564 3643 3624 3698 in

2030 3724 2303 3789 omnibus,
2337 3723 2421 3778 vel
2474 3724 2527 3779 in
2578 3725 2758 3797 aliquo
2788 3743 2881 3783 eos
2928 3738 2986 3783 ut
3020 3731 3323 3787 membrum
3367 3732 3627 3792 Ecclesia:

2030 3816 2243 3872 censeri
2273 3817 2489 3885 debeat,
2516 3821 2768 3889 prosequi
2801 3823 3111 3877 contendat.
3145 3822 3274 3880 Post
3301 3826 3415 3883 haec
3442 3839 3624 3885 autem

2031 3924 2158 3965 cum
2196 3909 2354 3976 fiunt,
2388 3910 2638 3965 videlicet
2670 3928 2791 3968 cum
2832 3914 2886 3968 hi
2920 3915 3089 3970 ardua
3130 3916 3482 3990 perfectaque
3526 3921 3627 3976 eli-

2036 4011 2193 4077 sunt,
2226 4004 2300 4059 illi
2346 4003 2547 4060 leviora
2578 4015 2911 4076 proponunt,
2945 4008 3059 4064 dies
3101 4026 3315 4081 noxque
3347 4012 3626 4081 dividitur,

2036 4094 2169 4163 quia
2218 4095 2270 4148 in
2319 4095 2512 4151 studiis
2552 4111 2672 4166 quae
2717 4097 2945 4168 quisque
2989 4101 3218 4170 appetit,
3248 4104 3370 4158 vitm
3395 4104 3631 4174 qualitas

2039 4186 2365 4243 declaratur.
3228 4185 3235 4191 ’

2117 4276 2184 4333 Ut
2224 4281 2326 4333 sint
2353 4280 2408 4333 in
2435 4280 2607 4350 signa,
2637 4290 2682 4335 et
2728 4291 2982 4353 tempora,
3020 4292 3069 4338 et
3100 4285 3231 4352 dies,
3276 4296 3322 4341 et
3362 4303 3546 4353 annos,
3580 4294 3637 4344 et

2043 4370 2347 4427 illuminent
2385 4379 2605 4426 terram.
2644 4371 2809 4444 Signa
2856 4384 2903 4428 et
2944 4385 3178 4447 tempora
3222 4380 3367 4449 quod
3412 4380 3634 4448 dicitur,

2045 4465 2121 4520 nil
2158 4465 2389 4535 amplius
2420 4466 2563 4520 valet
2599 4482 2760 4536 quam
2807 4467 2851 4522 si
2903 4467 3129 4535 diceret,
3158 4479 3218 4525 ut
3249 4473 3356 4527 sint
3395 4472 3449 4527 in
3481 4475 3637 4547 signa

350 4580 573 4635 gramm
599 4609 613 4633 ἱ
650 4584 756 4623 non
801 4581 961 4626 exeat
1005 4554 1187 4627 cordis
1234 4571 1511 4627 ιιοη-ρυη),
1564 4572 1670 4627 δρα
1709 4587 1815 4625 non
1857 4570 1939 4625 ira
1970 4584 2019 4642 ι)
2044 4568 2373 4631 temporum,
2405 4569 2466 4614 ut
2509 4570 2592 4615 est
2619 4560 2749 4615 illud
2780 4580 2791 4615 :
2822 4559 3029 4617 Poteris
3053 4564 3251 4620 libabat
3274 4578 3321 4621 et
3350 4586 3503 4639 auro,
3535 4573 3639 4627 hoc

352 4657 582 4712 interius
618 4658 825 4715 fructus
856 4671 1042 4717 noster
1072 4671 1413 4734 contegatur,
1444 4672 1501 4717 ut
1531 4663 1596 4718 ad
1627 4664 1936 4734 exemplum

348 4748 583 4817 proximi
638 4764 744 4804 non
794 4752 1054 4819 prodatur
1095 4771 1109 4808 :
1146 4754 1231 4809 Sit
1281 4771 1437 4824 super
1480 4764 1705 4819 terram,
1732 4755 1784 4810 id
1828 4765 1941 4823 est,

348 4839 531 4894 veniat
570 4841 636 4894 ad
672 4841 972 4913 corporalis
997 4846 1177 4914 operis
1202 4845 1551 4900 evidentiam.
1583 4845 1767 4902 Potest
1793 4847 1939 4901 enim

349 4944 405 4989 et
424 4934 626 4989 bonum
651 4934 788 5001 fieri,
813 4945 867 4990 et
894 4936 1007 4992 laus
1035 4938 1214 4993 oblata
1243 4939 1534 4995 contemni.
1560 4938 1687 5007 Qum
1710 4954 1943 5010 sequun-

354 5034 443 5081 tur
471 5028 889 5097 praecedentium
917 5031 1167 5100 repetitio
1201 5039 1343 5086 sunt.

431 5117 592 5172 Vsus.
634 5118 725 5173 15.
751 5149 822 5159 -—-
846 5118 910 5173 Et
943 5121 1140 5189 factum
1181 5132 1255 5175 est
1298 5137 1521 5190 vespere,
1554 5130 1601 5174 et
1645 5137 1797 5175 mane
1832 5120 1945 5175 dies

356 5206 559 5265 tertius.
586 5211 725 5279 Quid
766 5215 949 5267 tertius
992 5215 1094 5271 iste
1121 5215 1233 5269 dies
1264 5214 1366 5269 nisi
1396 5213 1640 5279 scientia,
1670 5229 1790 5285 qua:
1819 5223 1949 5284 post

357 5304 608 5359 timorem
660 5306 1025 5376 pietatemque
1083 5309 1151 5362 ad
1214 5307 1533 5377 sapientiam
1603 5305 1951 5361 tendentibus

360 5396 554 5451 tertius
602 5398 800 5467 gradus
849 5400 971 5454 est?
1016 5398 1158 5453 Nihil
1206 5402 1349 5453 enim
1393 5397 1657 5469 spirituali
1706 5398 1948 5453 scientia:

358 5489 532 5559 magis
561 5491 818 5560 competit
844 5507 1009 5561 quam
1044 5494 1224 5548 saeculi
1258 5494 1511 5547 astutiam
1546 5492 1863 5561 reprimere,
1893 5500 1953 5547 et

358 5594 482 5636 cum
522 5582 657 5638 bene
699 5585 893 5656 egerit,
923 5586 1061 5641 alios
1101 5586 1167 5641 ad
1199 5586 1504 5641 sanctitatis
1544 5585 1779 5640 studium
1821 5599 1951 5655 pro-

360 5687 581 5731 vocare.
634 5674 877 5733 Scientia
925 5679 1099 5742 enim,
1138 5678 1292 5747 juxta
1346 5678 1561 5733 beatum
1601 5677 1955 5747 Gregorium,
1998 5676 2007 5742 ί
2063 5677 2401 5746 conﬂcntur,
2454 5688 2509 5735 et
2553 5681 2641 5737 ubi
2695 5684 2965 5754 pressuris
3014 5687 3443 5757 contunduntur,
3488 5698 3546 5743 ut
3596 5691 3655 5747 in

2005 5818 2011 5850 ξ
2064 5770 2324 5841 templum
2361 5772 2521 5845 Regis
2567 5774 2683 5830 sine
2739 5776 2916 5832 securi
2962 5783 3014 5831 ct
3063 5777 3257 5835 malleo
3300 5790 3653 5839 cxstruantur

2000 5860 2187 5955 La“
2226 5864 2355 5940 Ιῖ⁸9·
2385 5883 2461 5937 "li
2493 5867 2568 5941 ⁷)·
2617 5867 2854 5944 Tcmpus
2900 5886 3029 5929 vero
3082 5887 3485 5946 pen’crsorum,
3519 5875 3647 5937 dum

364 5764 598 5834 pertinet
623 5768 691 5823 ad
723 5768 1051 5837 doctrinam,
1081 5772 1345 5842 sapientia
1373 5786 1502 5827 vero
1538 5769 1603 5824 ad
1646 5769 1830 5836 vitam,
1863 5768 1953 5825 cui

338 5894 341 5905 ς
360 5857 499 5928 satis
530 5872 755 5933 vespere
795 5871 852 5919 et
886 5877 1050 5921 mane
1085 5865 1358 5935 convenit,
1387 5865 1515 5936 quia
1546 5879 1701 5922 rarus
1730 5863 1955 5924 omnino

2048 4662 2151 4717 est,
2172 4652 2349 4706 aureis
2372 4653 2591 4722 pateris.
2611 4652 2856 4710 Christus
2872 4664 2924 4711 et
2939 4655 3170 4713 Ecclesia
3190 4659 3342 4731 signa
3357 4672 3480 4717 sunt
3506 4672 3640 4718 tem-

2048 4763 2267 4820 porum,
2293 4747 2417 4817 quia
2441 4748 2704 4818 quidquid
2731 4765 2896 4821 cgcre
2922 4751 3005 4805 vel
3031 4754 3228 4824 agitur,
3257 4755 3401 4809 aliud
3427 4756 3645 4811 videtur

2049 4842 2105 4897 in
2139 4853 2215 4905 re,
2254 4838 2399 4894 aliud
2431 4842 2792 4911 portenditur.
2825 4842 3096 4911 Christus,
3131 4854 3187 4901 et
3220 4847 3311 4915 qui
3361 4857 3487 4902 sunt
3525 4847 3644 4916 ejus

2051 4936 2106 4991 in
2140 4936 2392 5006 prmsenti
2434 4936 2558 4989 dum
2594 4937 2803 5003 vivunt,
2835 4938 2937 5008 l7
2970 4940 3154 4994 mundi
3190 4939 3421 4993 tolerant
3447 4955 3645 5011 oppro-

2048 5028 2171 5085 bria
2202 5044 2266 5085 ac
2315 5044 2606 5096 aerumnas,
2637 5039 2691 5086 et
2730 5031 2773 5086 si
2804 5032 2872 5086 ab
2902 5032 2986 5087 bis
3014 5033 3103 5103 qui
3134 5032 3312 5087 sreculi
3349 5042 3648 5101 pascuntur

2054 5119 2225 5192 gloria
2277 5120 2609 5190 requiratur,
2648 5136 2746 5177 cur
2792 5121 2897 5177 ista
2940 5120 3137 5188 ferant,
3182 5124 3332 5192 quia,
3371 5124 3643 5196 inquiunt,

2055 5222 2256 5284 tempus
2289 5222 2534 5270 nostrum
2571 5214 2804 5269 nondum
2840 5213 3065 5279 advenit,
3112 5225 3310 5286 tempus
3342 5225 3515 5270 autem
3558 5233 3646 5271 re-

2056 5317 2223 5361 strum
2263 5320 2461 5380 semper
2510 5318 2585 5363 est
2632 5318 2872 5379 paratum
2924 5307 3105 5381 (.Ioan.
3154 5326 3249 5376 vn,
3285 5314 3361 5385 6).
3410 5312 3655 5381 Tempus

2058 5400 2468 5470 gloriﬁcationis
2504 5410 2819 5457 sanctorum
2860 5401 3346 5473 impraesentiarum
3386 5422 3495 5461 non
3541 5413 3650 5470 est,

2059 5497 2185 5565 quia
2213 5511 2316 5550 non
2340 5496 2541 5551 habent
2564 5496 2654 5550 hic
2686 5504 2992 5551 manentem
3023 5497 3297 5552 civitatem
3324 5500 3507 5570 (Hebr.
3528 5518 3652 5570 xm,

2063 5586 2175 5657 14),
2211 5588 2305 5642 sed
2341 5589 2544 5655 locum,
2576 5604 2683 5659 quo
2732 5590 2831 5660 ipsi
2880 5591 2970 5661 qui
3005 5606 3194 5646 aurum
3239 5608 3359 5648 esse
3402 5594 3655 5669 delegere
