4062 6354
511 366 601 448 δι’
1421 377 1485 431 v.
1511 373 1834 434 GUIBERTI
1862 369 2155 432 ABBATIS
2178 373 2237 430 s.
2262 357 2502 430 MARLE
2527 372 2619 430 nn
2658 366 3058 431 NOVlGENTO
3600 457 3603 459 ν
3696 353 3796 426 "ss

506 509 600 565 hic
642 514 832 579 agunt,
862 511 1075 572 semper
1115 496 1171 551 in
1211 499 1458 566 promptu
1504 499 1609 557 est,
1642 489 1769 561 quia
1807 504 1909 544 nec
1948 487 2098 544 deest
2124 495 2176 554 Α
2204 487 2498 579 instruunt.
2529 485 2643 543 Non
2675 487 2822 543 enim
2850 499 3040 579 sumus
3075 481 3257 579 noctis
3301 497 3479 579 neque
3535 485 3789 542 tenebra-

509 606 652 663 unde
685 597 1000 657 transitorie
1031 587 1284 648 honorari
1317 593 1569 658 possunt,
1598 583 1646 638 si
1690 584 1908 638 fortuna
1957 582 2094 637 arri-

509 698 664 762 serit,
699 707 801 749 nec
836 687 1126 746 honoribus
1157 680 1258 752 ipsi
1293 679 1508 734 desunt.
1544 677 1601 732 lu
1645 677 1786 732 malo
1826 683 2007 732 autem
2039 687 2095 732 et

508 793 564 848 in
605 791 750 845 bono
791 796 982 840 nomen
1015 775 1276 846 temporis
1303 773 1432 846 poni
1472 771 1630 837 solet,
1660 777 1716 824 et
1744 770 1905 841 vulgo
1928 770 2092 824 etiam

509 883 618 940 dici
661 880 959 952 quibusque
987 871 1186 941 quibus
1213 877 1341 922 sunt
1372 865 1514 920 mala
1548 871 1878 934 proventura
1917 861 2091 917 felici-

509 977 630 1030 bus.
687 973 790 1026 Vos
835 963 1142 1029 habebitis,
1203 961 1493 1032 inquiunt,
1543 967 1756 1028 tempus
1790 964 2088 1022 vestrum;

509 1065 649 1120 unde
695 1061 750 1116 in
790 1057 1002 1130 psalmo
1037 1074 1051 1110 :
1084 1054 1154 1109 Et
1187 1055 1284 1107 erit
1330 1062 1530 1122 tempus
1573 1059 1751 1105 eorum
1797 1049 1853 1103 in
1898 1047 2092 1102 sarcula

503 1154 676 1226 (Psal.
718 1169 896 1218 ωαχ,
941 1149 1066 1219 16).·
1103 1146 1203 1202 Hic
1253 1145 1471 1217 gloriae,
1519 1143 1627 1198 illic
1675 1141 1913 1197 habituri
1946 1149 2095 1218 .sunt

504 1259 718 1317 tempus
767 1241 1020 1298 miseriae.
1063 1237 1299 1308 Tempus
1345 1243 1526 1290 autem
1561 1241 1685 1305 post
1721 1233 1878 1288 finem
1913 1230 2092 1287 saeculi

501 1339 819 1408 ltujusvnon
856 1340 960 1398 est,
982 1331 1137 1402 juxta
1169 1328 1297 1383 illud
1340 1329 1390 1381 in
1417 1325 1744 1396 Apocalysi:
1778 1323 1844 1378 Et
1883 1331 2093 1394 tempus

503 1428 649 1482 ultra
682 1441 787 1480 non
818 1424 922 1479 erit
957 1422 1138 1494 (Apoc.
1177 1438 1267 1484 ωε,
1300 1419 1409 1489 l6).
1445 1417 1550 1474 Sed
1581 1428 1793 1486 tempus
1841 1424 1897 1472 et
1928 1430 2095 1472 saecu-

493 1520 620 1586 lum
666 1517 917 1572 unimode
960 1514 1096 1569 solet
1138 1512 1259 1582 poni
1283 1527 1380 1580 pro
1409 1526 1474 1566 eo
1501 1511 1644 1580 quod
1673 1509 1907 1564 estvita.
1942 1506 2096 1563 Unde

503 1609 782 1683 apostolus
816 1625 828 1659 :
862 1605 1180 1660 Ambulastis
1210 1603 1495 1672 aliquando
1521 1605 1807 1656 secundant
1841 1599 2093 1655 saeculum

504 1705 688 1760 mundi
711 1693 1111 1773 hujustEphes.
1145 1714 1204 1760 tt,
1230 1697 1306 1768 El).
1346 1697 1403 1750 lu
1434 1696 1641 1766 psalmo
1665 1695 1830 1748 etiam
1857 1693 2090 1748 dicitur:

501 1794 737 1850 Posuisti
771 1791 1022 1848 steculum
1051 1799 1289 1844 nostrum
1315 1791 1368 1842 iu
1405 1787 1791 1842 illuminatioue
1818 1784 1989 1840 vultus
2016 1784 2093 1838 tui

2199 595 2320 636 rum
2344 620 2359 644 ,
2389 578 2485 635 sed
2515 579 2622 634 diei
2651 595 2717 634 ac
2744 579 2966 635 luminis
2987 577 3038 651 (1
3069 574 3254 643 Thess.
3277 591 3331 642 v,
3359 576 3436 649 5).

2269 671 2438 727 Vens.
2494 673 2581 728 19.
2615 703 2685 712 -
2709 671 2778 726 Et
2802 671 3002 742 factum
3051 682 3126 727 est
3156 685 3361 739 vespere
3408 676 3456 723 et
3486 654 3788 726 maneaies

2198 774 2441 835 quartus.
2475 763 2534 818 ln
2565 779 2630 819 eo
2673 764 2815 833 quod
2864 764 3213 834 praemittitur
3259 771 3314 818 et
3346 775 3489 831 saepe
3532 760 3735 816 dicitur
3767 779 3782 817 :

2210 853 2346 910 Vidit
2370 855 2510 910 Deus
2539 856 2679 928 quod
2699 866 2828 910 esset
2863 857 3075 923 bonum,
3108 857 3237 912 licet
3265 857 3419 928 plura
3459 855 3786 922 dixerimus,

2197 947 2250 1002 id
2274 949 2549 1018 praecipue
2588 957 2782 1004 notare
2811 949 3090 1011 debemus,
3118 950 3262 1020 quod
3303 952 3429 1006 dum
3470 965 3692 1006 suorum
3713 949 3788 1004 .in

2197 1040 2355 1096 nobis
2405 1055 2690 1096 munerum
2743 1041 2884 1098 Deus
2939 1042 3275 1125 incrementa
3331 1043 3592 1114 largitur,
3640 1053 3695 1100 et
3750 1059 3786 1099 a

2197 1133 2354 1190 nobis
2381 1144 2602 1191 econtra
2651 1147 2885 1208 quantos
2932 1153 3031 1194 nos
3074 1139 3142 1194 de
3184 1155 3348 1210 quam
3393 1139 3554 1195 nullis
3589 1140 3788 1198 fecerit

2199 1226 2479 1296 aspicitur,
2525 1229 2763 1283 maxima
2803 1230 2856 1284 in
2904 1231 3179 1286 mentibus
3210 1234 3412 1287 nostris
3461 1231 3788 1290 humilitatis

2199 1332 2410 1371 summa
2463 1329 2778 1389 generatur.
2841 1319 2999 1378 Videt
3056 1323 3195 1378 Deus
3239 1325 3379 1394 quod
3433 1325 3625 1380 bonum
3669 1327 3788 1393 sit,

2197 1412 2415 1479 quando
2459 1411 2588 1480 quid
2633 1409 2836 1469 fuimus
2873 1422 2928 1468 et
2977 1415 3106 1486 quid
3148 1417 3340 1486 simus,
3371 1433 3472 1474 nos
3501 1419 3790 1476 humiliter

2198 1503 2478 1558 attendere
2499 1503 2648 1559 facit.
2676 1505 2742 1560 Et
2763 1522 2827 1562 ex
2858 1508 2971 1578 ipsa
2999 1502 3164 1580 empti
3193 1509 3320 1565 boni
3349 1511 3792 1568 consideratione

2199 1594 2440 1650 animum
2472 1606 2721 1653 nostrum
2755 1601 2822 1655 ad
2856 1601 3085 1656 meliora
3115 1603 3420 1658 succendit.
3474 1604 3630 1660 Unde
3659 1621 3788 1661 cum

2207 1686 2471 1757 Apostolo
2494 1705 2594 1744 nos
2625 1693 2772 1763 cogit
2797 1692 2978 1749 dicere
3012 1713 3025 1749 :
3061 1693 3248 1750 Gratia
3282 1695 3381 1750 Dei
3405 1695 3522 1751 sum
3557 1697 3614 1750 id
3641 1698 3789 1769 quod

2197 1794 2312 1832 sum
2369 1779 2422 1850 (Ι
2461 1779 2584 1836 Cor.
2641 1799 2749 1848 xv,
2804 1785 2916 1857 10).
2979 1787 3104 1842 Dies
3153 1795 3416 1857 quartus,
3483 1788 3790 1860 gratiarum

487 1865 678 1959 (Ρεαι,
725 1899 952 1946 una.
985 1881 1063 1950 3),
1111 1881 1162 1935 id
1198 1889 1282 1935 εει
1315 1880 1480 1934 vitam
1513 1885 1777 1933 nostram,
1822 1874 2094 1932 Usualiler
2121 1858 2168 1918 B
2200 1867 2566 1938 spiritualium
2615 1872 2822 1929 scilicet
2868 1876 3130 1932 fortitudo
3178 1877 3378 1948 gradus
3418 1858 3507 1933 est
3531 1888 3786 1948 quartus.

485 1983 666 2044 etiam
689 1979 756 2034 de
785 1977 968 2046 aliquo
992 1975 1223 2029 dicimus
1255 1991 1268 2026 :
1301 1972 1500 2027 Malum
1527 1970 1784 2026 saeculum
1814 1968 1962 2024 ducit
1984 1966 2094 2024 ille.

499 2071 608 2127 Per
649 2071 750 2124 hoc
786 2067 953 2139 igitur
983 2065 1124 2135 quod
1160 2064 1410 2120 Christus
1454 2064 1507 2116 in
1549 2061 1738 2117 diebus
1777 2061 1955 2116 carnis
1987 2074 2096 2114 suae

497 2163 698 2234 probra
752 2159 932 2230 potius
979 2157 1202 2226 appetiit
1256 2171 1417 2226 quam
1457 2154 1720 2218 honores,
1761 2162 1815 2208 et
1856 2151 2094 2207 Ecclesia

501 2256 680 2312 adhuc
701 2261 893 2324 sponte
922 2258 1298 2323 paupertatem
1328 2247 1519 2303 tolerat
1545 2255 1598 2301 et
1621 2243 1852 2307 labores,
1882 2245 2093 2315 signum

499 2358 584 2404 est
624 2349 770 2418 quod
813 2348 868 2402 in
911 2345 999 2400 his
1045 2342 1435 2414 temporalibus
1471 2340 1627 2395 bonis
1658 2338 1830 2393 noluit
1861 2337 2096 2406 defigere

481 2449 743 2508 mentes,
796 2438 893 2493 sed
943 2437 1013 2490 ad
1061 2435 1241 2489 futura
1292 2449 1350 2488 se
1401 2432 1727 2496 extendunt,
1781 2445 1900 2500 qua:
1949 2439 2096 2483 retro

503 2543 632 2590 sunt
671 2530 1056 2588 obliviscentes
1103 2525 1326 2597 (Philip.
1368 2541 1450 2592 Ill,
1487 2525 1594 2595 l3),
1638 2537 1867 2594 quorum
1895 2531 1949 2577 et
1979 2521 2095 2576 fieri

501 2633 692 2698 utpote
751 2633 1084 2680 aeternorum
1150 2620 1492 2677 delectantur
1545 2626 1602 2672 et
1655 2623 1919 2672 conantur
1981 2614 2095 2670 hae-

501 2721 684 2777 redes.

350 2825 395 2846 ‘-
488 2849 491 2853 -
576 2812 645 2868 Et
691 2812 834 2878 dies,
877 2820 926 2865 et
961 2824 1162 2879 annos.
1231 2806 1358 2862 Dies
1413 2812 1541 2861 sunt
1593 2801 1819 2874 singulae
1867 2813 2096 2872 quaeque

499 2907 735 2962 virtutes
779 2919 901 2976 qua:
929 2918 1025 2975 per
1069 2899 1569 2958 manifestationem
1623 2897 1852 2967 spiritus
1894 2894 2096 2960 dantur

502 2997 571 3053 ad
618 2997 944 3062 utilitatem,
990 3009 1096 3050 non
1148 2993 1311 3048 modo
1357 3005 1557 3062 genera
1612 2989 1952 3061 linguarum,
2006 2983 2093 3041 vel

500 3087 886 3158 interpretatio
937 3099 1274 3148 sermonum,
1305 3083 1421 3148 sed,
1480 3081 1626 3153 quod
1657 3078 1930 3136 salubrius
1980 3085 2088 3143 est,

496 3183 800 3254 patientia,
852 3179 1195 3250 benignitas,
1249 3175 1656 3240 misericordia,
1715 3172 1986 3235 charitas,
2038 3176 2092 3225 et

498 3274 742 3330 castitas.
774 3271 876 3340 Qui
915 3273 1108 3327 harum
1137 3267 1440 3340 quamlibet
1478 3266 1680 3336 attigit,
1713 3265 1857 3320 diem
1891 3261 2084 3327 habet;

496 3367 589 3436 qui
635 3379 766 3422 vero
797 3363 1038 3420 omnium
1091 3362 1476 3434 perfectionem
1526 3356 1796 3423 habuerit,
1840 3353 1985 3426 quod
2033 3353 2090 3409 in

499 3456 820 3528 apostolicis
856 3455 990 3510 viris
1038 3454 1206 3510 fuisse
1255 3469 1365 3508 non
1407 3451 1800 3514 discredimus,
1848 3445 2092 3519 quandiu

505 3550 671 3606 etiam
715 3561 958 3617 praesens
984 3547 1202 3602 durabit
1247 3545 1526 3609 sreculum,
1562 3543 1667 3598 etsi
1703 3557 1858 3597 raros
1901 3541 2092 3594 admo-

499 3641 628 3697 dum
659 3637 829 3700 tales;
863 3647 1044 3692 tamen
1076 3636 1290 3706 aliquos
1322 3650 1429 3690 non
1453 3633 1738 3690 defuturos
1769 3645 2086 3703 speramus:

470 3742 596 3800 _aut
616 3732 736 3804 ipse
765 3739 851 3788 est
895 3746 1096 3795 annus,
1128 3729 1214 3783 vel
1260 3728 1442 3798 potius
1475 3727 1644 3782 habet
1673 3739 1898 3780 annum.
1935 3722 2090 3778 Sicut

499 3837 743 3896 namque
772 3839 842 3880 ex
884 3821 1071 3876 multis
1099 3819 1294 3876 diebus
1332 3834 1529 3885 anuus,
1563 3818 1640 3873 ita
1679 3833 1749 3873 ex
1799 3812 2088 3885 multiplici

473 3917 1011 3992 {virtutumilumine
1054 3915 1136 3970 vir
1179 3913 1406 3985 quilibet
1453 3911 1794 3986 dignoscitur
1833 3915 2089 3965 constare

495 4012 795 4086 perfectus.
829 4009 1084 4066 Concinit
1114 4009 1244 4064 huic
1295 4006 1478 4062 sensui
1529 4005 1672 4076 quod
1706 4003 1816 4059 lilia
1840 4001 1942 4056 Job
1972 4001 2088 4056 dies

470 4114 747 4171 vocatur,
794 4112 846 4160 et
885 4098 988 4156 Job
1038 4102 1156 4172 ipse
1193 4098 1387 4171 plenus
1416 4097 1628 4155 dierum
1674 4095 1856 4151 obisse
1903 4091 2088 4163 perhi-

493 4200 678 4256 betur.
1026 4191 1028 4194 ’

471 4335 476 4340 .
568 4289 738 4345 Vens.
769 4288 856 4344 16.
877 4317 948 4330 -
973 4283 1219 4358 Fecitque
1244 4283 1383 4339 Deus
1402 4280 1822 4358 duoluminaria
1847 4294 2040 4349 magna
2063 4289 2083 4328 :

496 4384 758 4440 luminare
791 4379 990 4452 majus,
1031 4389 1086 4434 ut
1116 4386 1360 4450 prazesset
1392 4376 1520 4442 diei,
1546 4383 1594 4428 et
1622 4373 1882 4428 luminare
1908 4371 2083 4426 minus

498 4489 554 4534 ut
606 4484 850 4549 praesset
915 4474 1075 4539 nocti,
1136 4483 1184 4528 et
1241 4470 1442 4528 stellas.
1502 4467 1658 4524 Facit
1702 4467 1886 4537 itaque
1938 4465 2082 4520 Deus

2201 1960 2342 2028 Quid
2387 1963 2532 2017 enim
2578 1966 2752 2036 magis
2780 1968 3021 2024 animum
3069 1969 3314 2034 roborat,
3363 1971 3504 2026 unde
3552 1971 3791 2040 amplius

2199 2052 2462 2110 fortitudo
2494 2058 2733 2113 nutritur
2765 2076 2930 2130 quam
2963 2076 3084 2118 cum
3117 2062 3293 2133 ipsum
3337 2063 3506 2118 Deum
3555 2063 3792 2120 electos-

2199 2165 2304 2219 que
2357 2151 2476 2222 ejus
2533 2153 2868 2209 attendimus
2931 2170 3193 2226 prospera
3249 2157 3553 2226 despicere,
3599 2155 3791 2214 mundi

2199 2241 2423 2298 adversa
2467 2260 2732 2314 nusquam
2762 2245 3097 2303 formidare?
3128 2248 3281 2316 Quod
3319 2250 3363 2303 si
3415 2257 3571 2304 extra
3619 2249 3787 2306 disci-

2197 2335 2400 2403 plinam
2431 2353 2639 2403 sumus,
2661 2347 2863 2394 etcum
2889 2340 3200 2396 hominibus
3221 2341 3481 2412 ﬂagellari
3506 2341 3783 2406 nolumus,

2200 2427 2433 2483 adulteri
2525 2439 2580 2485 et
2646 2447 2753 2487 non
2846 2433 2944 2488 fllii
2999 2451 3208 2491 sumus.
3271 2435 3555 2492 Fortitudo
3621 2439 3790 2510 igitur

2199 2536 2404 2590 vespere
2451 2531 2502 2574 et
2569 2539 2721 2578 mane
2773 2527 2828 2580 in
2893 2511 3166 2583 adversis.
3201 2535 3257 2583 et
3311 2527 3565 2598 jocundis
3619 2528 3788 2588 tantis

2197 2612 2422 2684 pullulet
2451 2615 2516 2670 de
2547 2617 2834 2687 exetnplis,
2883 2629 2938 2674 et
2978 2621 3242 2676 mentium
3273 2632 3582 2678 nostrarum
3609 2623 3785 2696 vigori

2195 2721 2295 2775 per
2362 2708 2478 2762 hazc
2544 2706 2760 2765 fortiter
2818 2713 3058 2769 excitato
3125 2713 3328 2770 fastidii
3385 2715 3564 2773 omnis
3625 2716 3791 2774 cedat

2198 2803 2526 2858 obscuritas.

2268 2891 2454 2949 Potest
2491 2903 2547 2949 et
2577 2911 2674 2966 per
2701 2896 2964 2954 luminare
2997 2899 3170 2970 majus
3198 2901 3356 2968 ratio,
3391 2916 3490 2971 per
3519 2901 3786 2959 luminare

2197 2985 2370 3040 minus
2399 2987 2674 3054 voluntas,
2721 3007 2821 3061 per
2858 3001 3061 3048 terram
3087 2994 3324 3050 carnalis
3372 2993 3598 3052 allectus
3624 2995 3788 3053 intel-

2177 3075 2311 3148 _ligi.
2344 3077 2500 3134 Sicut
2547 3081 2689 3134 enim
2718 3099 2746 3137 a
2790 3083 2906 3139 sole
2951 3084 3080 3140 luna
3129 3085 3456 3154 illustratur,
3508 3097 3566 3144 et
3593 3105 3624 3145 a
3652 3088 3783 3145 luna

2200 3177 2388 3235 terra,
2445 3173 2525 3228 sic
2578 3175 2828 3232 voluntas
2879 3187 3065 3232 nostra
3117 3193 3345 3249 prorsus
3401 3181 3782 3252 comparabilis

2199 3261 2358 3328 lunae,
2409 3267 2534 3335 quia
2569 3283 2846 3338 nunquam
2884 3271 2938 3326 in
2970 3273 3164 3327 eodem
3201 3283 3347 3328 statu
3390 3284 3692 3345 permanet,
3723 3286 3782 3334 et

2193 3372 2336 3428 saepe
2385 3357 2609 3426 deficit,
2665 3362 2771 3417 nisi
2833 3379 2864 3418 a
2940 3364 3151 3420 ratione
3210 3364 3340 3421 forti
3405 3368 3774 3425 moderamine

2194 3459 2452 3522 regatur,
2511 3455 2580 3510 ad
2629 3471 2958 3512 consensum
2991 3457 3255 3514 carnalis
3312 3461 3629 3532 appetitus,
3682 3459 3778 3532 qui

2193 3562 2412 3618 semper
2445 3549 2703 3606 sordibus
2733 3553 2929 3618 inhiat,
2967 3554 3304 3610 creberrime
3329 3553 3636 3612 deducitur.
3670 3556 3779 3614 Sed

2191 3639 2319 3709 quia
2366 3640 2508 3696 sicut
2559 3657 2586 3696 a
2630 3651 2788 3712 patre
2837 3644 2982 3700 filius
3021 3661 3052 3700 a
3097 3647 3466 3717 parasitarum
3516 3649 3779 3705 societate

2177 3731 2566 3804 _restringitur,
2601 3735 2677 3790 ita
2710 3737 2800 3790 illa
2831 3738 3044 3808 spiritui
3081 3755 3275 3810 parere
3313 3741 3682 3812 compellitur,
3719 3742 3780 3796 fit

2196 3822 2323 3878 inde
2389 3835 2450 3880 ut
2511 3826 2687 3897 ipsum
2734 3830 2920 3886 carnis
2967 3838 3176 3886 motum
3231 3841 3286 3888 et
3331 3833 3445 3905 ipsa
3490 3833 3780 3904 compellat

2193 3923 2462 3984 quatenus
2487 3917 2590 3972 sibi
2627 3918 2943 3976 famuletur.
2974 3921 3104 3978 llzec
3128 3923 3312 3993 itaque
3342 3925 3590 3979 ordinata
3619 3924 3778 3980 modo

2192 4023 2301 4079 quo
2357 4008 2626 4076 diximus,
2673 4013 2883 4068 scilicet
2938 4015 3217 4072 voluntate
3269 4016 3414 4072 facta
3482 4017 3779 4088 appendice

2189 4100 2442 4168 rationis,
2476 4111 2528 4157 et
2559 4105 2763 4160 carnali
2807 4105 3002 4161 affectu
3032 4109 3208 4178 posito
3239 4109 3340 4163 sub
3371 4109 3598 4180 imperio
3615 4109 3778 4180 justas

2189 4193 2512 4262 voluntatis,
2558 4213 2782 4254 necesse
2829 4208 2998 4254 estut
3042 4201 3156 4255 lucc
3204 4216 3327 4257 cum
3377 4202 3573 4267 stellis,
3609 4201 3662 4257 id
3691 4209 3779 4256 est

2190 4300 2313 4341 cum
2381 4289 2622 4342 omnium
2681 4301 2988 4345 nostrarum
3058 4292 3306 4348 claritate
3359 4293 3464 4365 18
3514 4294 3775 4349 virtutum

2192 4375 2480 4448 alligantur
2535 4378 2886 4436 firmamento
2943 4382 3110 4448 cceli,
3166 4383 3214 4438 ei
3263 4383 3562 4449 videlicet,
3623 4381 3776 4452 cujus

2196 4471 2398 4538 Verbo,
2431 4473 2540 4528 into
2586 4489 2684 4543 per
2713 4490 2877 4544 quem
2905 4476 3144 4531 Verbum
3175 4477 3278 4546 ipsi
3316 4476 3444 4532 facti
3482 4485 3536 4531 et
3572 4476 3778 4532 ﬁrmati

496 4570 758 4624 luminare
823 4567 1000 4638 majus
1033 4608 1047 4632 ,
1119 4566 1262 4637 quod
1329 4563 1601 4619 illuminat
1668 4559 1879 4626 minus,
1954 4557 2082 4628 quia
2109 4597 2164 4660 Β
2193 4551 2321 4616 sunt
2365 4563 2512 4628 coeli,
2547 4573 2602 4620 et
2646 4581 2877 4636 quorum
2928 4567 3102 4623 virtus
3146 4577 3230 4624 est
3267 4567 3472 4639 Spiritu
3515 4567 3633 4637 ejus
3664 4568 3777 4625 oris

496 4661 738 4718 Verbum
779 4676 908 4717 caro
957 4659 1160 4714 factum
1212 4658 1294 4714 sui
1347 4655 1656 4728 cognitione
1693 4652 1933 4709 illustrat
1973 4648 2081 4706 Ec-

497 4754 741 4818 clesiam,
771 4761 826 4807 et
851 4752 1096 4807 Ecclesia
1121 4750 1205 4806 sui
1236 4750 1486 4820 exemplo
1519 4758 1576 4804 et
1606 4747 1856 4804 doctrina
1883 4745 2086 4802 illumi-

496 4854 593 4902 nat
641 4850 860 4911 terr‘am,
905 4843 957 4899 id
1000 4842 1114 4912 est,
1167 4851 1506 4898 terrenorqu
1530 4848 1731 4896 terram
1779 4839 2083 4894 amantium

495 4937 914 4996 conscientiam.
956 4919 1024 4988 Et
1061 4933 1262 4991 stellas.
1333 4980 1335 4982 .

568 5031 734 5088 Vens.
782 5031 850 5086 i7
899 5036 954 5084 et
1003 5027 1091 5084 18.
1122 5024 1281 5081 -Ει
1308 5027 1479 5098 posuit
1523 5043 1612 5081 eas
1649 5027 1707 5080 in
1748 5027 2081 5094 fmuameuto

495 5125 632 5191 cteli,
659 5137 715 5179 ut
741 5131 1019 5197 praesseut
1045 5121 1151 5176 diei
1193 5136 1256 5175 ac
1287 5120 1444 5174 nocti.
1469 5117 1832 5174 Firmamento
1859 5115 1997 5181 caeli,
2028 5114 2082 5170 id

495 5226 584 5274 est
611 5217 803 5272 virtuti
851 5216 1017 5272 animi
1048 5213 1248 5269 debent
1276 5212 1538 5282 impressa
1572 5225 1680 5264 non
1719 5206 1888 5263 solum
1918 5205 2074 5261 Chri-

458 5319 654 5376 .slus,
717 5309 812 5364 sed
859 5317 913 5363 et
965 5307 1221 5364 ECclc-sicc
1265 5303 1586 5360 universalis
1647 5299 1938 5358 concordia
1966 5342 1980 5366 ,
2029 5299 2083 5354 in

497 5418 606 5475 qua
661 5411 793 5458 sunt
849 5403 1007 5458 alteri
1063 5401 1359 5458 alterorum
1420 5397 1700 5462 membra;
1759 5410 1858 5450 nec
1908 5392 2082 5449 solum

498 5495 834 5550 attendenda
857 5493 1288 5549 universalitatis
1317 5491 1605 5555 sanctitas,
1635 5487 1730 5544 sed
1759 5496 1813 5541 et
1842 5485 2082 5557 singulo-

455 5651 460 5654 _
497 5601 644 5654 rum,
677 5587 768 5657 qui
796 5601 896 5658 per
918 5585 1104 5642 stellas
1131 5586 1433 5657 figurantur
1456 5581 1787 5656 pervidenda
1817 5577 2082 5649 simplici-

499 5688 601 5732 tas.
631 5675 762 5743 Quae
799 5685 1039 5748 praesunt
1063 5675 1165 5730 diei
1189 5691 1250 5729 ac
1285 5677 1444 5743 nocti,
1476 5675 1604 5745 quia
1639 5682 1694 5729 et
1725 5673 1793 5728 ad
1816 5670 2081 5726 virtutum

499 5767 742 5822 custodia
794 5783 894 5824 nos
950 5768 1240 5833 muniunt,
1288 5777 1344 5823 et
1411 5767 1480 5823 de
1525 5767 1736 5824 cautela
1797 5765 2080 5829 vitiorum,

500 5859 760 5917 doctrina:
785 5876 850 5917 ac
876 5861 1212 5934 operationis
1241 5861 1483 5934 ipsorum
1513 5859 1951 5919 consideratione
1983 5871 2084 5913 nos

2191 4651 2364 4725 (Psal.
2395 4671 2568 4720 xxx",
2599 4656 2676 4727 6).

2264 4745 2428 4802 Vens.
2457 4747 2547 4803 20.
2565 4747 2794 4803 —Dixit
2819 4765 3022 4822 quoque
3053 4749 3198 4806 Deus
3227 4765 3244 4802 :
3271 4749 3579 4806 Producant
3621 4764 3774 4820 aqua

2189 4836 2372 4906 reptile
2404 4838 2595 4892 auium:
2640 4839 2852 4893 viventis
2890 4850 2936 4894 et
2986 4840 3197 4896 volatile
3227 4858 3381 4912 super
3425 4851 3641 4906 terram,
3677 4839 3774 4896 sub

2187 4929 2524 4998 ﬁrmamento
2580 4930 2716 4986 caeli.
2774 4933 2912 5000 Quid
2973 4949 3071 5004 per
3125 4935 3348 5006 reptile,
3399 4935 3504 4992 nisi
3559 4934 3776 4992 subtilis

2190 5023 2449 5078 alacritas
2479 5024 2787 5080 animorum
2819 5026 2884 5082 ad
2913 5027 3296 5099 intelligendas
3324 5036 3381 5083 et
3407 5027 3774 5099 penetrandas

2189 5115 2552 5171 obscuritates
2616 5116 2923 5174 divinorum
2995 5117 3307 5175 librorum?
3366 5119 3522 5190 Aqua
3589 5128 3775 5175 autem

2188 5207 2384 5264 divinae
2441 5211 2680 5284 scientiae
2735 5213 2890 5282 copia
2952 5220 3038 5268 est
3095 5230 3109 5267 :
3159 5212 3502 5280 Extendens,
3557 5212 3770 5282 inquit,

2190 5302 2370 5358 caelum
2411 5314 2463 5358 ut
2505 5304 2710 5376 pellent,
2758 5307 2848 5376 qui
2899 5307 3028 5377 legis
3069 5307 3219 5376 aquis
3251 5304 3426 5376 (Psal.
3457 5321 3574 5372 cm,
3607 5305 3688 5376 3),
3715 5313 3773 5361 et

2189 5406 2422 5464 caetera;
2462 5408 2517 5454 et
2569 5400 2698 5455 illud
2749 5400 2802 5454 in
2857 5401 2999 5455 bono
3046 5399 3274 5473 intelligi
3328 5409 3548 5472 potest:
3587 5397 3771 5454 Pisces

2189 5491 2349 5545 maris
2380 5491 2470 5561 qui
2507 5492 2874 5562 perambulaut
2899 5495 3110 5548 semitas
3138 5495 3302 5549 maris
3335 5493 3510 5566 (Psal.
3544 5508 3664 5560 VIII,
3691 5491 3770 5564 9).

2188 5582 2503 5640 Producunt
2529 5601 2684 5652 aqum
2725 5587 2965 5654 reptilia,
2992 5603 3114 5643 cum
3142 5604 3311 5645 sacra:
3343 5587 3649 5659 Scripturae
3671 5601 3773 5642 usu

2187 5692 2288 5732 suo
2324 5677 2488 5733 corda
2540 5687 2727 5733 nostra
2777 5681 3007 5736 reddunt
3037 5681 3102 5736 ad
3155 5678 3533 5754 reperiendum
3571 5679 3774 5735 acutis-

2188 5771 2346 5838 sima,
2373 5779 2432 5827 et
2459 5770 2526 5826 ad
2561 5771 2922 5828 exolvendum
2951 5774 3264 5842 celerrima,
3296 5776 3349 5830 in
3393 5776 3591 5845 quibus
3607 5772 3774 5844 quasi

2187 5881 2563 5937 procreamur,
2606 5874 2664 5923 et
2709 5865 2764 5923 in
2799 5881 2986 5925 earum
3031 5879 3285 5928 naturam
3312 5870 3687 5940 convertimur
3713 5867 3773 5928 in
