4062 6354
482 421 546 478 51
1015 377 1026 382 -
1416 414 1479 473 ν.
1520 412 1846 474 GUIBERTI
1872 411 2164 472 ABBATIS
2195 413 2251 472 S.
2283 414 2526 473 MARIIE
2563 416 2652 475 DE
2689 415 3084 486 NOVIGENTO
3609 465 3613 468 .
3691 420 3768 476 52

493 505 637 594 trem
678 533 870 607 (Apoc.
907 549 964 601 x,
999 531 1110 605 10),
1141 535 1196 588 et
1225 526 1473 586 accendit
1521 543 1588 584 eo
1628 529 1802 602 magis
1842 527 2081 586 bibentis
2108 533 2156 594 Α
2185 531 2362 605 (Rom.
2391 550 2488 599 xu.
2515 535 2592 606 6),
2625 535 2764 592 alius
2793 536 2894 603 sic,
2933 535 3070 590 alius
3103 548 3236 592 vero
3265 534 3364 607 sic,
3399 550 3537 610 quas
3565 537 3769 596 multo-

486 632 658 698 sitim,
687 647 797 702 quo
824 628 1053 702 amplius
1075 625 1308 690 bibitur;
1339 623 1482 679 unde
1503 632 1558 679 et
1587 623 1898 680 sitientibus
1923 632 1982 678 ut
2006 624 2073 680 ad

489 744 661 799 aquas
686 728 906 789 veniant
935 724 1000 780 ab
1022 720 1156 778 lsaia
1192 718 1462 774 clamatur
1495 718 1653 789 (lsai.
1678 735 1765 784 ιν,
1799 718 1868 792 1).
1920 718 2075 775 Videt

417 879 421 884 ,
491 822 657 878 etiam
709 823 848 880 Deus
875 817 1014 888 quod
1067 815 1138 870 sit
1178 814 1407 878 bonum,
1447 813 1574 886 quia
1613 828 1681 870 ex
1716 811 2074 870 delectatione

491 927 831 988 acceptorum
858 926 1144 968 munerum
1173 909 1427 964 intuitum
1457 917 1702 964 nostrum
1729 917 1987 980 provocat
2005 908 2075 966 ad

423 1011 428 1076 ξ
494 1009 788 1078 appetitum
830 1003 1139 1062 meliorum.

563 1101 721 1156 Vens.
755 1098 848 1156 9.5.
882 1129 954 1140 ——
990 1096 1060 1151 Et
1095 1095 1299 1166 factum
1339 1103 1412 1150 est
1449 1111 1652 1166 uespere
1697 1105 1745 1152 et
1782 1113 1932 1154 mane
1959 1097 2072 1154 dies

483 1192 720 1264 quintus.
777 1190 846 1246 Et
900 1189 1100 1246 divina:
1126 1189 1313 1256 gratiae
1355 1189 1553 1259 gradus
1605 1187 1847 1257 quintus,
1897 1189 2074 1244 consi-

481 1287 639 1340 lium.
683 1284 752 1338 Et
796 1282 884 1340 cui
933 1282 1155 1352 negotio
1179 1283 1351 1352 magis
1389 1293 1472 1338 est
1515 1283 1845 1338 conveniens
1895 1281 2076 1338 consi-

481 1379 642 1442 lium,
667 1391 830 1446 quam
855 1390 1025 1431 sacrae
1041 1375 1250 1445 paginae
1269 1373 1658 1444 quzestionibus
1681 1374 2075 1444 disquirendis?

485 1469 768 1538 Nusquam
798 1466 942 1522 enim
983 1466 1343 1535 periculosius
1375 1475 1612 1533 erratur,
1650 1481 1814 1535 quam
1849 1469 1894 1522 si
1925 1483 1955 1522 a
1987 1482 2073 1522 re-

489 1562 631 1632 gulis
679 1568 735 1615 et
769 1559 1018 1616 sensibus
1048 1561 1268 1614 Patrum
1304 1569 1550 1615 veterum
1605 1560 1914 1616 recedatur.
1964 1559 2072 1616 Te-

485 1664 684 1710 neatur
722 1668 852 1724 ergo
883 1667 1073 1708 eorum
1106 1667 1500 1724 usquequaque
1537 1653 1828 1721 sententia,
1870 1652 1964 1724 qui
2003 1653 2073 1711 de

487 1750 627 1804 sacri
675 1749 878 1818 eloquii
927 1749 1182 1804 obscuris
1230 1747 1464 1817 qualiter
1512 1757 1698 1804 essent
1749 1748 2071 1818 inquirenda

484 1841 844 1912 scripserunt,
891 1849 948 1896 et
987 1839 1057 1895 ab
1087 1839 1168 1894 eis
1211 1855 1243 1894 a
1275 1840 1474 1910 quibus
1532 1839 1814 1910 qumritur,
1877 1840 2071 1896 eodem

487 1935 725 2007 Spiritus
759 1935 979 1990 fervore
1028 1944 1330 2004 quaeratur,
1374 1949 1484 2004 quo
1530 1934 1600 1989 ab
1653 1933 1760 1988 illis
1807 1933 1899 2003 qui
1953 1949 2075 1989 eam

490 2043 747 2098 reperere
773 2028 1004 2098 quaesita
1031 2027 1407 2097 cognoscitur.
1440 2026 1496 2080 lu
1528 2027 1674 2082 omni
1702 2036 1888 2082 nostra
1913 2041 2075 2084 causa

485 2117 640 2186 quasi
694 2115 947 2172 latcrales
999 2116 1318 2181 habeamus,
1365 2115 1458 2185 qui
1509 2130 1608 2172 nos
1657 2116 1772 2174 suis
1824 2124 2078 2174 tueantur

485 2210 753 2276 consiliis,
781 2224 848 2264 ne
871 2219 1077 2266 certam
1106 2208 1419 2278 jacuiemur
1449 2210 1776 2266 sententiam
1815 2210 1871 2268 in
1913 2210 2076 2268 rebus

487 2303 694 2368 dubiis,
729 2319 828 2369 ne,
854 2318 974 2358 cum
1011 2303 1370 2372 intelligentia
1397 2318 1502 2358 non
1531 2303 1794 2373 suppetit.
1825 2311 2078 2358 auctores

487 2409 719 2464 arguere
747 2395 978 2450 velimus
1003 2397 1157 2464 quasi
1202 2396 1384 2450 nimiae
1413 2395 1767 2451 obscuritatis
1790 2405 1882 2450 aut
1912 2395 2080 2450 rusti-

490 2489 696 2554 citatis,
717 2489 860 2557 quod
889 2487 1147 2542 horrendi
1170 2496 1255 2543 est
1276 2488 1536 2544 criminis.
1565 2487 1623 2542 in
1647 2487 1847 2557 quibus
1869 2487 2081 2544 scilicet

489 2580 816 2634 tractatibus
858 2584 963 2634 etsi
996 2595 1190 2650 vesper
1218 2580 1512 2651 aliquando
1541 2580 1786 2651 patimur
1811 2581 2076 2638 delectio-

490 2673 600 2740 nis,
627 2684 722 2730 aut
777 2674 1049 2745 caliginis,
1097 2675 1290 2730 crebra
1343 2676 1598 2731 instantia
1651 2676 1972 2744 meditandi,
2024 2688 2081 2735 et

493 2779 630 2827 aestu
661 2771 865 2824 amoris
889 2769 1062 2825 divini
1093 2769 1408 2836 comitante,
1433 2785 1592 2825 mane
1622 2771 1929 2841 poterimus
1965 2773 2080 2828 adi-

491 2864 625 2934 pisci
661 2862 1016 2935 iuteiligibiiis
1048 2861 1204 2918 lucis.
1258 2862 1359 2918 Vix
1413 2862 1560 2918 enim
1595 2864 1648 2918 in
1679 2864 1878 2935 vapido
1909 2864 2080 2921 animi

493 2964 642 3012 statu
673 2971 944 3012 summum
991 2953 1197 3025 aliquid
1229 2953 1352 3024 quis
1379 2954 1620 3024 attingit,
1653 2965 1746 3010 aut
1786 2971 2078 3026 nusquam,

493 3053 637 3123 quod
684 3060 941 3121 expertus
967 3064 1086 3104 sum
1131 3063 1198 3102 ex
1249 3049 1476 3118 meipso,
1509 3049 1624 3120 qui,
1671 3050 1812 3118 quod
1869 3050 2082 3120 tepidus

493 3162 602 3203 non
632 3161 793 3217 posse
826 3143 894 3199 ab
933 3143 1116 3214 aliquo
1148 3141 1376 3211 credidi,
1407 3143 1700 3199 animatior
1729 3142 1892 3200 solito
1920 3142 2082 3205 facile

490 3239 684 3310 irrupi.

562 3331 728 3388 Vsus.
763 3331 853 3400 94.
888 3362 958 3372 -
986 3330 1134 3387 Dixit
1173 3347 1378 3403 quoque
1420 3329 1564 3384 Deus
1591 3344 1612 3384 :
1645 3327 1912 3386 ProJucat
1943 3338 2083 3384 terra

488 3431 720 3486 animam
739 3432 986 3486 viventem
1006 3430 1060 3484 in
1083 3445 1268 3501 genere
1294 3444 1412 3494 suo,
1429 3427 1695 3497 jumenta,
1719 3435 1767 3480 et
1789 3426 2017 3496 reptilia,
2034 3435 2083 3480 et

493 3524 685 3577 bestias
711 3533 864 3578 terrtc
900 3526 1184 3578 secundant
1210 3525 1404 3594 species
1436 3540 1580 3577 suas.
1619 3521 1782 3576 Terra
1812 3521 1998 3576 multis
2027 3520 2082 3575 in

491 3615 651 3682 locis,
693 3624 747 3670 et
775 3616 1088 3687 specialiter
1119 3631 1275 3671 mens
1313 3613 1578 3686 cujusque
1607 3614 1804 3679 ﬁdelis,
1833 3623 1888 3668 et
1920 3627 2084 3685 gene-

491 3707 686 3763 raliter
731 3708 912 3764 oumis
946 3707 1193 3774 Ecclesia
1238 3707 1458 3772 dicitur,
1492 3707 1560 3760 ob
1598 3705 1938 3760 fertilitatem
1972 3704 2084 3760 sci-

493 3800 644 3867 licet,
673 3801 1211 3870 cultibilitatemque,
1259 3800 1389 3870 quia
1434 3798 1604 3854 divini
1651 3798 1908 3870 praecepti
1949 3797 2087 3869 ligo-

497 3893 659 3948 nibus
683 3892 905 3958 colitur,
929 3901 984 3948 et
1009 3892 1277 3948 bonorum
1300 3901 1518 3947 actuum
1546 3890 1698 3946 ferax
1723 3891 2082 3963 dignoscitur.

456 3984 738 4042 'Ecclesia
797 3985 1015 4056 quidem
1061 3986 1292 4038 animam
1339 3984 1621 4052 viventem,
1681 3985 1790 4040 Deo
1833 3983 2084 4053 jubente,

494 4080 768 4150 producit,
797 4078 923 4148 quia
947 4077 1205 4133 Salomon
1235 4077 1326 4133 ille
1353 4092 1514 4132 verus
1543 4077 1647 4133 etsi
1675 4077 1954 4148 sexaginta
1979 4078 2088 4133 sint

498 4173 721 4243 regium,
757 4180 935 4227 tamen
967 4172 1245 4242 octoginta
1282 4171 1450 4226 habet
1476 4171 1829 4238 concubinas,
1864 4181 1920 4226 et
1955 4171 2086 4228 ado-

494 4261 918 4318 lescentuiarum
987 4279 1093 4319 non
1135 4271 1222 4318 est
1269 4277 1530 4318 numerus
1572 4263 1752 4332 (Cant.
1782 4278 1860 4328 Vl,
1887 4263 1966 4332 7).
2028 4263 2087 4319 ln

495 4355 696 4425 pepulo
719 4356 864 4410 enim
895 4353 1014 4420 Del,
1048 4354 1149 4410 etsi
1180 4370 1289 4410 non
1318 4369 1506 4409 omnes
1554 4369 1650 4409 sua
1693 4355 1999 4421 dimittunt,
2038 4355 2087 4409 si

495 4450 736 4521 virgines
757 4464 879 4505 esse
925 4463 1028 4503 non
1059 4454 1305 4518 possunt,
1347 4446 1678 4502 mediocrem
1717 4455 1901 4503 tamen
1942 4449 2086 4504 Deus

497 4542 609 4597 suis
639 4541 830 4596 Statuit
866 4540 1074 4607 locum,
1121 4555 1187 4594 ex
1223 4553 1331 4609 quo
1364 4539 1409 4594 si
1463 4547 1610 4594 recte
1638 4539 1879 4607 vivatur,
1941 4540 2088 4598 salus

2109 1904 2153 1960 Β

2180 625 2284 681 ties
2311 635 2366 681 et
2387 626 2538 681 vario
2580 627 2741 684 modo
2767 626 2901 683 locis
2931 624 3179 698 pluribus
3212 626 3409 686 retexit
3446 627 3766 700 Apostolus.

2181 717 2332 774 Unde
2352 729 2407 773 et
2437 720 2566 774 dicit
2599 721 2745 790 quia,
2773 719 2875 775 etsi
2908 720 3152 774 membra
3184 728 3368 774 nostra
3404 711 3679 773 diversum
3707 720 3769 773 in

2179 825 2406 881 corpore
2446 809 2677 866 cilicium
2702 810 2904 866 habent
2928 809 3116 883 (IbitL,
3149 807 3221 882 4),
3259 819 3436 864 tamen
3467 809 3782 878 ciliciorum~

2177 904 2466 958 concordia
2525 913 2581 959 et
2626 903 2832 958 vicario
2892 903 3151 975 suifragio
3199 903 3465 958 unitatem
3524 915 3769 962 servant.

2178 993 2331 1061 Quod
2362 995 2434 1052 ibi
2459 995 2590 1050 dicit
2617 997 2881 1062 membra,
2911 996 2998 1052 hic
3021 996 3220 1052 dicitur
3242 1011 3410 1068 genus
3431 996 3515 1051 vel
3543 1013 3770 1066 genera.

2179 1088 2498 1146 Ministeriis
2544 1097 2726 1146 autem
2757 1100 2879 1162 apta
2911 1089 3164 1145 animalia
3201 1087 3447 1158 jumenta
3481 1098 3769 1156 vocantur,

2178 1197 2298 1254 qua:
2344 1197 2450 1238 non
2486 1183 2780 1254 incongrue
2825 1181 3187 1252 quorumdam
3229 1179 3572 1236 saecularium
3599 1181 3770 1236 vitam

2177 1277 2414 1348 signant,
2447 1278 2560 1346 qui,
2579 1276 2678 1334 etsi
2709 1275 2762 1332 iu
2791 1275 3112 1346 quibusdam
3141 1275 3373 1331 terrenis
3399 1274 3637 1332 acclines
3661 1275 3770 1330 sint

2177 1369 2436 1438 negotiis,
2467 1384 2495 1422 a
2521 1369 2738 1439 propria
2769 1376 2948 1422 tamen
2978 1366 3136 1423 valde
3179 1367 3434 1425 libertate.
3463 1367 3771 1438 frenantur,

2178 1471 2442 1536 quantum
2472 1462 2701 1518 aliorum
2735 1462 3131 1520 miscricordiis
3175 1463 3445 1520 inservire
3474 1473 3770 1520 conantur.

2177 1553 2349 1624 Quem
2398 1569 2618 1610 sensum
2665 1555 2840 1630 juvat,
2873 1556 3016 1628 quod
3061 1554 3188 1612 talia
3220 1570 3252 1612 a
3283 1563 3425 1612 terra
3475 1555 3773 1628 plurimum

2175 1647 2597 1718 suspenduntur.

2247 1739 2420 1797 liabet
2444 1742 2609 1796 etiam
2639 1739 2884 1799 Ecclesia
2914 1742 3143 1814 reptilia,
3166 1741 3291 1814 quia
3323 1741 3587 1812 quosdam
3625 1743 3678 1799 in
3706 1757 3772 1802 se

2179 1833 2423 1890 continet
2482 1833 2574 1906 qui
2621 1834 2696 1889 ita
2767 1834 3054 1892 mundanis
3093 1835 3242 1892 curis
3289 1851 3354 1892 ac
3393 1835 3776 1910 voluptatibus

2181 1925 2442 1995 injacent,
2474 1934 2535 1981 ut
2563 1926 2713 1983 nullo
2745 1927 2965 1984 virtutis
2998 1929 3289 1984 intervallo
3325 1944 3356 1984 a
3386 1929 3779 1999 temporalibus

2181 2021 2402 2078 distent.
2434 2020 2688 2076 Attamen
2717 2021 2929 2090 vivunt,
2969 2030 3025 2076 et
3069 2023 3175 2079 hoc
3215 2023 3330 2078 sola
3365 2023 3489 2088 lidc,
3527 2039 3632 2096 qua
3658 2023 3778 2094 opi-

2181 2115 2389 2172 tulante
2416 2132 2538 2172 cum
2566 2118 2756 2189 pedem
2789 2118 2898 2190 2ο
2938 2132 3046 2172 neu
3079 2118 3318 2174 habeant
3346 2117 3547 2188 operis,
3575 2116 3779 2172 labun-

2181 2219 2272 2268 tur
2300 2225 2462 2281 super
2493 2219 2696 2268 terram
2760 2210 3032 2267 industria
3095 2209 3468 2280 intelligentiae
3523 2210 3774 2276 vivacis;

2179 2305 2364 2360 sciunt
2390 2320 2449 2361 se
2484 2319 2652 2374 prava
2681 2319 2863 2376 agere,
2917 2303 3250 2359 trausitoriis
3296 2302 3528 2367 inhiare,
3566 2318 3662 2372 spe
3694 2309 3780 2356 la-

2184 2411 2312 2452 men
2362 2397 2414 2451 in
2469 2396 2665 2466 scipsis
2731 2394 3122 2450 misericordiae
3181 2393 3576 2463 consequentiae
3629 2393 3782 2466 inge-

2182 2489 2502 2553 miscentes,
2537 2487 2709 2544 saltus
2731 2501 2892 2555 super
2913 2500 2977 2542 ea
3008 2486 3207 2555 quibus
3253 2485 3522 2540 inhaerent
3545 2499 3781 2540 consue-

2185 2584 2382 2634 verunt
2411 2577 2563 2634 dare.
2607 2575 2854 2632 Tradunt
2902 2582 3153 2630 auctores
3201 2575 3344 2646 quod
3377 2573 3602 2643 reptilia,
3655 2588 3778 2642 quae

2185 2671 2239 2728 in
2273 2671 2377 2726 hoc
2407 2670 2526 2725 loco
2557 2675 2841 2740 serpentes
2869 2667 3244 2740 intelligimus,
3291 2667 3510 2722 vitalem
3537 2666 3779 2721 animam

2184 2762 2558 2833 principaliter
2589 2761 2644 2816 in
2671 2761 2850 2831 capite
2881 2759 3152 2826 habeant,
3194 2759 3268 2814 ita
3304 2768 3362 2814 ut
3393 2759 3460 2826 si,
3497 2767 3610 2813 toto
3642 2757 3778 2814 rcli.

2184 2871 2292 2928 quo
2350 2855 2592 2912 abscisso
2647 2869 2897 2924 corpore,
2959 2852 3283 2924 quibusdam
3348 2851 3541 2906 saltem
3599 2851 3766 2922 palmi

2187 2964 2443 3006 mensura
2471 2947 2627 3018 juxta
2665 2955 2829 3018 caput
2871 2946 2937 3000 de
2967 2961 3193 3015 corpore
3238 2945 3355 3014 ipso
3387 2942 3674 3008 resederit,
3708 2958 3776 2997 ex

2185 3043 2304 3114 ipsa
2335 3057 2455 3111 qua:
2485 3039 2650 3110 capiti
2694 3046 2878 3094 manet
2908 3037 3199 3092 vivacitate
3240 3035 3380 3092 tueri
3405 3050 3512 3090 non
3541 3033 3774 3108 possint.

2184 3135 2285 3194 Cui
2330 3135 2486 3192 valde
2515 3133 2851 3190 simillimum
2897 3141 2982 3188 est
3029 3131 3172 3202 quod
3216 3138 3418 3186 nostrae
3451 3129 3574 3184 lidci
3614 3129 3778 3191 docu-

2112 3263 2158 3327 ο
2191 3237 2375 3284 menta
2424 3235 2636 3292 tenent,
2667 3228 2794 3297 quia
2831 3234 3088 3298 peccator
3114 3225 3424 3296 cuicunque
3460 3225 3630 3281 errori
3680 3225 3781 3286 im-

2187 3323 2426 3395 plicitus,
2451 3321 2662 3376 etiamsi
2691 3319 2742 3376 in
2769 3321 2884 3390 ipso
2908 3319 3099 3376 mortis
3119 3326 3393 3374 momento
3416 3317 3778 3389 ingemiscens

2186 3416 2525 3488 pmnituerit,
2550 3413 2933 3470 salvandorum
2955 3411 3070 3481 jam
3101 3412 3342 3468 moriens
3363 3411 3505 3488 parti
3537 3408 3769 3482 pertine-

2185 3510 2297 3578 bit;
2349 3510 2424 3566 sic
2451 3508 2596 3564 enim
2637 3507 2897 3562 scribitur
2932 3525 2944 3561 :
2992 3505 3250 3561 Peccator
3277 3520 3604 3576 quacunque
3644 3504 3776 3560 hora

2187 3603 2536 3674 ingemuerit,
2563 3601 2744 3660 salvus
2766 3601 2870 3658 erit
2898 3598 3114 3671 (Ezeclt.
3135 3615 3331 3662 xxxiii,
3360 3598 3480 3669 i2);
3508 3598 3610 3654 [ide
3631 3599 3776 3653 enim

2187 3693 2323 3749 salvi
2354 3693 2509 3758 liunt,
2542 3693 2682 3748 sicut
2709 3691 2998 3761 Apostolus
3019 3692 3095 3746 ait
3125 3707 3138 3746 :
3165 3691 3231 3746 Ei
3259 3709 3379 3746 vero
3401 3693 3490 3763 qui
3521 3708 3624 3746 non
3655 3707 3777 3761 ope-

2189 3791 2360 3848 ratur,
2391 3783 2622 3838 credenti
2661 3792 2835 3838 autent
2862 3783 2917 3838 in
2953 3801 3091 3849 eum,
3127 3785 3216 3855 qui
3238 3785 3504 3855 justi/ient
3533 3784 3774 3853 impium,

2191 3883 2464 3946 reputatur
2487 3875 2618 3944 ﬁdes
2649 3876 2764 3946 ejus
2784 3875 2853 3930 ad
2867 3875 3136 3945 justitiam
3175 3875 3350 3946 (Rom.
3401 3892 3476 3943 tv,
3503 3876 3629 3948 45).
3671 3875 3775 3946 Ipsi

2190 3983 2405 4040 corpus,
2447 3968 2499 4023 id
2526 3976 2609 4026 est
2637 3984 2802 4038 opera
2839 3983 2944 4024 non
2975 3969 3198 4035 habent,
3229 3979 3285 4023 at
3323 3984 3452 4026 vero
3480 3971 3682 4040 capite,
3717 3968 3772 4024 id

2189 4070 2274 4118 est
2305 4061 2408 4118 [ide
2429 4063 2690 4127 viventes,
2713 4077 2778 4118 ex
2803 4059 2916 4131 ipsa
2945 4062 3123 4127 unica,
3154 4063 3295 4120 unde
3322 4078 3538 4132 semper
3555 4062 3774 4129 .vivaut,

2186 4165 2486 4227 operantur
2515 4155 2641 4211 sibi.
2685 4153 2784 4211 Cui
2827 4155 3152 4226 astipulatur
3181 4155 3323 4226 quod
3356 4163 3638 4225 serpentes
3677 4170 3776 4224 pro

2191 4249 2392 4304 tuendo
2416 4248 2533 4306 seio
2579 4248 2760 4318 capite
2797 4257 2966 4310 totum
3001 4263 3196 4319 corpus
3246 4247 3502 4319 periculis
3537 4245 3778 4316 objicere

2167 4342 2384 4400 solent.
2419 4343 2510 4399 Sic
2537 4342 2630 4399 isti
2661 4343 2990 4412 contemptis
3023 4341 3411 4413 temporalibus
3446 4357 3568 4411 quae
3601 4339 3777 4408 possi-

2191 4437 2319 4492 dent
2375 4437 2693 4509 plerutnque
2743 4435 2937 4493 timore
2990 4435 3111 4501 Dei,
3167 4433 3462 4504 aliquando
3516 4433 3774 4488 mortium

2191 4544 2413 4586 uarum
2449 4527 2710 4591 articulis,
2739 4542 2834 4582 seu
2863 4525 3195 4597 quibuslibet
3221 4525 3478 4595 periculis
3503 4533 3688 4596 caput,
3721 4523 3777 4578 id

446 4655 448 4658 ν
496 4641 687 4702 optata
711 4633 1044 4688 obtineatur.
1094 4631 1220 4686 ideo
1265 4630 1321 4684 in
1359 4629 1514 4684 domo
1564 4627 1740 4684 Patris
1784 4635 2084 4689 mansiones
2115 4645 2167 4706 ι)
2193 4632 2278 4680 est
2305 4621 2598 4684 Christum,
2631 4620 2713 4678 vel
2743 4620 2944 4677 Christi
2981 4619 3138 4676 ﬁdem
3171 4619 3270 4675 sibi
3319 4618 3548 4686 salvam,
3593 4631 3780 4674 mona-

497 4726 678 4779 muluc
700 4735 818 4780 sunt
843 4723 1029 4796 (Jama.
1064 4739 1177 4788 xiv,
1203 4724 1282 4793 2),
1331 4723 1451 4779 ideo
1473 4723 1624 4779 stella
1651 4741 1684 4779 a
1721 4724 1874 4780 stella
1905 4727 2086 4798 ili/fert

497 4818 552 4870 in
578 4816 819 4871 claritate
858 4817 907 4887 (I
935 4815 1059 4870 Cor.
1097 4831 1188 4881 xv,
1223 4814 1338 4886 Η),
1370 4816 1497 4886 quia
1531 4816 1585 4870 itt
1630 4817 1734 4872 hac
1777 4820 2089 4891 peregrina-

505 4908 670 4962 tionis
721 4905 861 4962 valle
911 4907 1111 4962 diversi
1163 4905 1318 4962 vaide
1359 4907 1502 4962 inter
1545 4923 1648 4964 nos
1695 4917 1821 4962 sunt
1869 4911 2089 4968 ordines

509 5001 654 5057 vitae.
686 4999 822 5056 Sunt
843 4999 986 5056 enim
1015 5000 1209 5054 anima:
1236 5000 1506 5069 quaedam,
1549 5000 1840 5056 scintillam
1868 5001 2087 5072 quidem

498 5098 601 5154 ctsi
657 5113 760 5152 non
794 5095 1006 5152 ardoris
1035 5097 1102 5149 ad
1141 5093 1352 5164 agiliter
1394 5095 1750 5164 operandum,
1798 5095 1988 5151 saltem
2021 5097 2089 5152 ad

497 5191 638 5246 bene
670 5191 956 5244 voleuduut
999 5187 1264 5243 habentes
1304 5187 1676 5259 eleemosynas
1727 5187 1956 5244 libenter
1989 5190 2086 5244 im-

506 5283 768 5353 pendunt,
806 5281 1194 5337 ecclesiasticis
1221 5280 1411 5337 ciliciis
1451 5283 1538 5352 pic
1576 5283 1867 5348 intersunt,
1899 5292 1951 5338 et
1982 5283 2088 5339 alia

502 5377 800 5434 mediocria
850 5377 990 5432 bona
1045 5377 1236 5432 devote
1286 5377 1569 5442 facientes,
1601 5393 1631 5431 a
1669 5377 1982 5447 capitalium
2029 5392 2088 5434 se

503 5469 773 5525 malorum
820 5467 978 5523 sorde
1000 5469 1152 5539 juxta
1183 5481 1342 5537 posse
1367 5468 1670 5524 continent.
1723 5467 1924 5522 Vivunt
1959 5482 2088 5539 ergo

502 5571 767 5638 quantum
795 5555 862 5618 ad
891 5562 981 5618 Dei
1015 5578 1252 5617 amorem
1283 5561 1368 5616 vel
1402 5561 1560 5616 iidem
1588 5561 1802 5616 attinet.
1837 5560 2088 5616 Iumenta

503 5639 687 5714 autem
732 5665 856 5714 sunt
880 5657 932 5712 in
959 5667 1218 5727 quantum
1255 5653 1410 5710 bonae
1445 5653 1837 5711 consolationis
1867 5664 1958 5712 aut
1986 5654 2089 5709 hu-

503 5753 785 5808 manitatis
813 5750 1033 5808 cuilibet
1061 5765 1217 5821 opem
1247 5747 1446 5802 ferunt.

575 5845 683 5900 Sed
731 5844 1026 5900 notandum
1071 5841 1212 5913 quod
1259 5841 1458 5896 dicitur
1499 5842 1555 5895 in
1593 5856 1777 5911 genere
1809 5858 1928 5907 suo,
1959 5841 2087 5912 quia

502 5941 770 5997 habemus
812 5938 1122 5994 donationes
1177 5934 1462 5991 secundum
1505 5936 1729 6004 gratiam
1784 5935 2085 6003 diﬁ'ercntes

2193 4717 2354 4772 chum
2384 4715 2652 4780 iaciendo,
2679 4728 2775 4768 seu
2800 4713 2930 4767 alias
2956 4711 3093 4772 bene
3115 4712 3364 4770 vivendo.

2263 4805 2369 4862 Per
2389 4806 2580 4860 bestias
2603 4815 2754 4858 terra:
2776 4803 2996 4872 quidam
3024 4804 3166 4860 intra
3199 4802 3506 4862 Ecclesium
3539 4802 3778 4874 ﬁguran-

2193 4908 2281 4956 tur
2309 4897 2462 4956 ferali
2490 4897 2674 4954 anitno
2697 4906 2752 4954 et
2773 4896 3089 4952 crudelitate
3112 4897 3372 4968 insignes,
3393 4897 3507 4967 qui,
3527 4896 3654 4952 licet
3681 4911 3778 4967 per

2191 4998 2528 5062 potentatutn
2590 4988 2904 5045 saecularem
2951 5003 3108 5060 quem
3149 4996 3345 5060 gerunt
3409 4989 3577 5044 multa
3633 4988 3777 5044 mala

2191 5091 2530 5154 perpetrant,
2576 5090 2756 5136 tamen
2780 5081 2848 5138 ad
2895 5097 2989 5138 cur
3025 5080 3314 5138 redeuntes
3353 5082 3551 5152 saepius
3583 5082 3646 5135 de
3679 5081 3778 5135 Dei

2184 5174 2393 5246 judicio
2420 5177 2574 5233 valde
2601 5176 2989 5242 extimescunt,
3021 5183 3075 5231 et
3103 5175 3331 5245 plurima
3362 5174 3628 5231 beneﬁcia
3658 5189 3780 5244 ιιι-ος

2193 5271 2318 5326 inde
2368 5271 2704 5340 impendunt.
2743 5269 2873 5336 Quae
2916 5269 2959 5324 si
3001 5267 3278 5322 humiliter
3306 5277 3494 5339 agunt,
3552 5282 3654 5322 nec
3707 5269 3775 5323 de

2190 5365 2332 5424 bono
2363 5379 2525 5434 opere
2568 5363 2919 5420 securitatem
2947 5361 3206 5430 peccandi
3258 5361 3556 5430 accipiunt,
3607 5363 3709 5416 ctsi
3745 5378 3776 5416 a

2193 5458 2452 5518 mundiali
2497 5474 2628 5514 cura
2681 5471 2907 5527 prorsus
2943 5454 3190 5525 expediri
3236 5469 3341 5510 non
3397 5464 3643 5525 possunt,
3683 5466 3774 5511 aut

2193 5559 2462 5616 metuunt,
2495 5550 2680 5606 dicere
2728 5563 2836 5604 non
2861 5549 3035 5604 audeo
3063 5547 3210 5618 quod
3246 5545 3560 5616 huiusmodi
3587 5547 3777 5618 despc-

2193 5645 2350 5702 randi
2402 5647 2528 5700 sint.
2579 5644 2712 5711 Quis
2757 5642 3256 5700 Nabuchodonosor
3307 5644 3555 5716 nequior,
3610 5642 3697 5700 cui
3746 5658 3776 5696 a

2189 5742 2454 5813 propheta
2500 5738 2700 5796 dicitur
2743 5756 2758 5794 :
2813 5737 3032 5793 Redime
3065 5737 3436 5792 miuricordiis
3483 5751 3776 5808 pauperum

2190 5844 2404 5908 peccata
2440 5845 2530 5888 tua
2549 5832 2576 5887 2
2609 5831 2772 5904 (Dan.
2801 5848 2875 5899 tv,
2902 5831 3020 5902 24.)
3060 5830 3128 5890 Et
3153 5830 3200 5890 si
3227 5829 3524 5888 idololatrac
3553 5838 3608 5886 et
3639 5843 3774 5900 gen-

2193 5929 2271 5985 tili
2304 5927 2598 6000 praedicare
2636 5925 3008 5998 pamitentiam
3053 5921 3240 5979 Daniel
3267 5937 3373 5980 non
3414 5919 3673 5993 neglexit,
3718 5927 3775 5974 et
