4062 6354
331 381 402 441 55
1045 385 1050 390 ·
1519 352 1896 438 ’Μοωιιωι

2048 378 2342 438 GENESIN
2367 379 2498 437 LIB.
2528 380 2568 442 Ι.
3530 385 3600 443 54

333 495 553 554 Ninives
582 494 778 568 populo
800 509 906 552 non
931 493 1103 554 solum
1129 495 1357 556 infinitis
1379 494 1676 556 sceleribus
1696 496 1912 560 obruto,
1946 499 1994 557 Α
2022 493 2276 560 rationis,
2309 504 2532 566 propter
2578 511 2700 567 qua:
2743 496 3046 562 innumera,
3080 513 3200 570 quze
3251 501 3423 572 magis
3471 515 3600 556 sen-

334 590 426 646 sed
455 599 507 644 et
531 589 641 644 veri
671 589 760 644 Dei
795 604 1018 659 prorsus
1058 591 1248 661 ignaro
1290 591 1430 646 idem
1471 589 1610 644 alius
1655 591 1914 660 propheta

333 683 624 756 prmdicat;
677 682 763 738 ubi
816 684 950 738 satis
999 684 1308 744 mirandum
1353 694 1457 748 est,
1511 683 1652 752 quod
1691 684 1773 741 his
1826 682 1918 753 qui

334 778 456 832 fidei
483 776 766 834 scientiam
793 791 906 830 non
931 777 1205 832 habebant
1240 776 1558 846 poenitentia
1589 775 1870 830 nuntiatur
1901 789 1916 828 :

332 881 386 926 ct
421 871 490 938 si,
525 871 770 941 inquam,
807 870 914 936 his,
945 879 1150 940 quanto
1194 871 1366 940 magis
1397 871 1635 941 proderit
1657 869 1919 925 Christia-

331 961 449 1018 nis?
497 961 562 1016 Et
600 961 723 1032 quis
764 960 1017 1028 desperet
1068 961 1134 1018 dc
1191 961 1459 1026 fidelibus,
1500 961 1544 1016 si
1593 977 1718 1032 spes
1770 968 1917 1016 tanta

332 1051 494 1108 datur
521 1061 575 1106 et
617 1050 832 1121 impiis?
863 1049 975 1106 llos
1003 1050 1056 1108 in
1090 1051 1328 1110 Ecclesia
1371 1052 1514 1108 Deus
1538 1067 1808 1122 quemque
1837 1066 1920 1108 se-

332 1146 573 1202 cundum
627 1145 860 1216 pmpria:
911 1145 1034 1202 vita:
1078 1147 1306 1217 gradum
1353 1147 1609 1211 instituit,
1659 1155 1720 1201 ut
1766 1145 1920 1200 nobis

332 1239 573 1298 insinuet
605 1241 752 1310 quia,
796 1241 840 1296 si
873 1240 940 1295 ad
975 1255 1248 1296 summum
1279 1240 1397 1309 ejus
1426 1241 1836 1312 diseipulatum,
1863 1240 1917 1295 id

332 1341 417 1388 est
445 1332 828 1399 imitationem,
871 1331 1104 1390 facultas
1141 1333 1240 1390 niti
1265 1350 1373 1389 non
1401 1344 1504 1399 est,
1539 1335 1774 1390 sciamus
1818 1334 1922 1388 sal-

335 1435 441 1488 tem
465 1426 586 1496 quia
633 1426 814 1484 minus
852 1427 1174 1496 potentibus
1213 1428 1424 1484 medius
1468 1428 1618 1483 locus
1659 1428 1750 1482 sit.
1803 1428 1920 1498 ipse

330 1518 474 1574 enim
504 1519 592 1589 qui
627 1519 786 1584 dixit,
833 1535 956 1576 com
1005 1521 1376 1591 virginitatem
1410 1522 1510 1576 sub
1545 1523 1919 1576 cunuchorum

329 1610 549 1664 nomine
586 1609 876 1666 laudaret:
906 1611 1011 1678 Qui
1047 1622 1214 1682 potest
1255 1630 1440 1684 capere
1491 1613 1662 1682 capiat
1696 1613 1915 1684 (Matth.

329 1715 445 1766 xu,
478 1700 596 1772 i2),
647 1701 790 1758 idem
840 1703 978 1758 dixit
1026 1721 1039 1758 :
1083 1701 1142 1760 Si
1174 1704 1247 1760 eis
1292 1703 1553 1773 perfectus
1596 1721 1726 1770 esse,
1767 1705 1916 1769 vade,

332 1791 489 1846 vetule
521 1809 636 1864 qua:
668 1793 826 1848 habes
866 1793 1032 1861 (Ibid.
1064 1795 1181 1864 21),
1213 1804 1269 1850 et
1311 1804 1539 1861 caetera;
1588 1812 1693 1850 non
1736 1796 1913 1852 dixit:

2023 589 2150 654 tiri,
2187 605 2348 660 quam
2401 591 2468 644 ab
2499 591 2681 661 aliquo
2721 593 2826 647 dici
2866 605 3119 664 possunt,
3163 597 3434 652 exclamat
3487 605 3612 664 tota,

2021 683 2320 751 spiritualis
2373 683 2628 738 Ecclesia:
2679 687 2966 741 multitudo
3016 704 3035 740 :
3083 689 3248 743 Miser
3284 709 3374 761 ego
3420 693 3598 759 homo,

2018 777 2134 845 quis
2162 794 2241 829 me
2272 777 2506 831 liberabit
2531 781 2593 832 tle
2617 797 2832 849 corpore
2855 785 3035 836 mortis
3063 785 3218 854 lmjtts
3243 787 3265 838 ?
3301 785 3473 855 (Rom.
3502 803 3598 850 vn,

2015 869 2134 938 94.)
2156 869 2339 924 Insunt
2358 879 2413 924 et
2441 872 2663 940 reptilia,
2694 873 2892 927 infimtr
2914 885 2964 928 ct
2993 893 3212 944 prorsus
3232 881 3474 934 carnales
3495 882 3599 952 21

2020 975 2141 1030 quae
2174 976 2272 1016 nos
2306 960 2567 1016 inclinare
2606 963 2781 1016 solent
2811 965 3151 1034 cupiditates,
3193 969 3385 1038 quibus
3417 980 3605 1026 ventre

2023 1053 2293 1122 repimus,
2347 1053 2398 1107 id
2431 1063 2513 1107 est
2550 1054 2741 1110 affectu
2777 1056 3100 1112 iuhmremus
3137 1061 3365 1115 terrenis
3417 1064 3606 1133 volup-

2019 1144 2246 1209 tatibus,
2275 1154 2332 1199 et
2361 1145 2726 1200 titillationum
2759 1147 3062 1218 frequentia
3092 1150 3283 1206 lubrici
3321 1170 3384 1208 ac
3411 1155 3600 1210 molles

2021 1235 2198 1294 instar
2248 1237 2455 1293 colubri
2513 1246 2793 1294 attenuato
2845 1240 3012 1294 animi
3083 1241 3266 1311 rigore
3321 1244 3602 1300 cflicimur.

2025 1330 2160 1386 Dum
2193 1329 2338 1385 enim
2374 1331 2635 1386 virtutum
2663 1332 2878 1402 fastigia
2903 1333 3147 1404 attigisse
3177 1348 3275 1389 nos
3308 1337 3606 1404 credimus,

2024 1440 2092 1478 ne
2143 1439 2241 1479 nos
2264 1426 2454 1496 gratiae
2498 1429 2720 1482 ubertas
2756 1426 2952 1489 elevet,
3002 1427 3238 1498 propitio
3265 1427 3359 1483 Dei
3406 1428 3609 1499 judici'o

2023 1517 2278 1572 stimulus
2319 1520 2501 1573 carnis
2550 1521 2620 1574 ab
2663 1520 2864 1588 angelo
2905 1519 3121 1574 Satanre
3170 1519 3325 1574 nobis
3373 1521 3462 1590 qui
3509 1536 3610 1576 nos

2017 1605 2320 1675 colaphizet
2344 1606 2651 1660 immittitur
2683 1605 2770 1677 (II
2799 1604 2920 1660 Cor.
2946 1622 3043 1669 xu,
3077 1605 3156 1677 7),
3187 1615 3240 1660 et
3269 1605 3348 1660 sic
3383 1605 3510 1659 dum
3541 1606 3608 1660 de

2021 1701 2398 1771 superco-lesti
2449 1702 2778 1771 cogitatione
2819 1701 2884 1756 ad
2931 1701 3220 1772 plusquam
3267 1709 3511 1765 terrena,
3548 1711 3612 1755 ut

2023 1791 2104 1846 sic
2135 1793 2332 1857 dicam,
2368 1794 2676 1848 meditando
2705 1793 3029 1856 delabimur,
3063 1792 3192 1861 quid
3221 1792 3286 1844 de
3313 1791 3470 1845 nobis
3495 1790 3612 1846 sine

330 1879 440 1937 Nisi
471 1884 798 1950 vendidcris,
845 1901 951 1940 non
1002 1886 1234 1942 intrabis
1271 1887 1322 1942 itt
1369 1903 1596 1959 regnum
1633 1888 1914 1944 caelorum.
1950 1874 1998 1935 Β
2023 1905 2186 1960 opere
2212 1889 2303 1944 Dei
2332 1890 2502 1943 simus
2533 1889 2585 1943 in
2622 1889 2777 1943 nobis
2807 1887 2940 1958 ipsis
2969 1887 3324 1940 advertimus.

331 1972 479 2040 Quod
510 1989 742 2046 [tantique
765 1975 902 2030 dixit
928 1994 941 2032 :
975 1977 1077 2043 Qui
1103 1994 1204 2032 uou
1233 1980 1498 2034 renuntiat
1529 1981 1772 2036 omnibus
1797 1997 1918 2050 qua:

339 2066 589 2134 possidet,
623 2083 723 2119 non
757 2077 919 2134 potest
957 2084 1102 2122 meus
1137 2084 1247 2124 esse
1286 2068 1575 2138 discipulus
1611 2069 1765 2142 (Luc.
1807 2086 1916 2134 Juv,

332 2153 455 2220 33);
494 2155 635 2208 idem
666 2164 749 2210 est
775 2170 839 2210 ac
869 2157 913 2212 si
938 2155 1160 2213 deceret
1191 2174 1203 2212 ε
1236 2155 1349 2214 Non
1375 2167 1654 2229 potesttne
1679 2159 1920 2230 perfecte

335 2242 564 2310 imitari,
601 2261 628 2299 a
655 2260 762 2316 quo
789 2247 1104 2304 constiterit
1129 2256 1378 2304 terrenas
1399 2250 1620 2306 divitias
1647 2250 1915 2308 affectari.

332 2335 432 2404 Qui
461 2336 610 2392 enim
646 2353 706 2392 sc
737 2337 1062 2408 discipulum
1097 2338 1398 2411 cujnspiam
1433 2341 1678 2410 profiteri
1712 2345 1918 2400 consti-

333 2430 456 2495 tuit,
493 2446 556 2486 eo
590 2429 721 2486 facit
762 2431 982 2498 intuitu,
1009 2434 1154 2502 quod
1206 2434 1258 2490 in
1308 2451 1374 2490 eo
1419 2437 1561 2491 unde
1597 2439 1917 2507 magistrum

331 2523 536 2586 habere
578 2523 712 2590 vult,
745 2525 895 2596 cupit
935 2527 1111 2582 eidem
1144 2527 1512 2595 conformari;
1546 2539 1600 2586 et
1632 2548 1755 2587 cum
1805 2549 1919 2588 ma-

331 2620 500 2692 gister
546 2618 742 2691 aliquis
790 2621 879 2685 sit,
920 2629 972 2676 et
1020 2621 1220 2678 multos
1271 2621 1696 2694 circumquaque
1741 2628 1918 2682 eundo

331 2711 543 2777 doceat,
583 2727 690 2768 non
742 2721 922 2769 tamen
973 2714 1159 2774 vocari
1203 2725 1602 2772 consueverunt
1646 2718 1915 2789 discipuli,

333 2804 435 2860 nisi
472 2805 562 2876 qui
595 2804 711 2876 ejus
745 2807 900 2864 lateri
927 2807 1238 2880 specialiter
1269 2809 1644 2878 obambulant,
1674 2813 1918 2894 discendi

334 2898 678 2955 solummodo
705 2915 891 2960 causa.

405 2992 578 3050 liabet
599 3009 728 3064 ergo
759 3011 899 3065 aqua
922 3012 1044 3067 quae
1067 2999 1321 3068 producit
1345 3015 1412 3056 ex
1437 3001 1720 3072 sapientia:
1743 3004 1920 3060 scien-

335 3084 528 3156 tiaeque
559 3087 814 3143 salutaris
856 3089 1191 3160 plenitudine
1221 3092 1486 3160 volatilia,
1525 3096 1626 3150 hoc
1658 3106 1740 3150 est
1772 3098 1919 3154 viros

332 3177 643 3234 eminentes
691 3181 1082 3250 speculationis
1129 3184 1247 3252 ala,
1301 3186 1464 3242 habet
1511 3195 1690 3253 terra,
1737 3190 1789 3244 id
1839 3197 1921 3246 est

333 3266 533 3326 Christi
558 3271 868 3330 humanitas
890 3276 1222 3347 simplicium
1247 3279 1462 3333 animos
1482 3280 1634 3349 quasi
1651 3281 1917 3350 jumenta,

335 3361 565 3429 reptilia,
603 3375 648 3420 et
677 3365 890 3432 bestias,
923 3369 1105 3436 qui,si
1155 3370 1208 3423 in
1257 3369 1460 3426 lumine
1508 3371 1656 3424 verbi
1703 3374 1919 3426 oculum

339 3451 506 3522 ﬁgere
544 3467 842 3525 nequeunt,
881 3459 1156 3515 Christum
1196 3472 1375 3518 tamen
1415 3477 1513 3532 pro
1544 3464 1922 3533 peccatoribus

340 3541 682 3602 incarnatum
706 3547 1068 3618 redimendis,
1108 3551 1228 3607 fidei
1257 3569 1322 3607 ac
1353 3554 1468 3624 spei
1507 3556 1752 3609 contuitu
1784 3571 1920 3611 eon-

336 3643 552 3690 stanter
588 3638 897 3694 attendunt.
930 3641 1063 3696 Cum
1101 3644 1244 3698 enim
1277 3645 1380 3700 diei
1417 3646 1641 3702 verbum
1672 3657 1921 3704 eructare

335 3730 627 3798 pertineat,
664 3747 769 3787 nox
796 3734 941 3789 nocti
972 3737 1258 3793 scientiam
1285 3749 1688 3810 consequenter
1717 3742 1922 3798 indicat

337 3818 510 3892 (l’sal.
544 3840 699 3889 svnt,
728 3825 806 3896 Ξ),
835 3827 999 3884 habet
1029 3829 1265 3886 Ecclesia
1307 3833 1405 3888 hos
1435 3834 1486 3888 in
1523 3850 1580 3891 se
1621 3835 1919 3892 viventium

333 3921 536 3978 status,
568 3916 659 3986 qui
702 3934 904 3988 pecora
928 3920 1054 3992 jure
1096 3924 1163 3977 ad
1197 3939 1386 3979 eorum
1427 3929 1918 3998 comparationem,

332 4006 428 4075 qui
458 4009 804 4066 rationaliter
836 4028 895 4068 se
917 4025 1104 4085 agunt,
1131 4017 1234 4072 dici
1269 4031 1614 4087 meruerunt;
1644 4023 1725 4077 vel
1753 4025 1918 4077 ctiam

343 4111 588 4169 respectu
614 4102 836 4170 pietatis
863 4106 935 4161 ita
965 4108 1244 4176 dicuntur,
1276 4112 1402 4181 quia
1435 4113 1714 4169 hominum
1752 4116 1804 4171 id
1839 4127 1922 4171 est

335 4203 481 4248 recte
502 4195 882 4268 sapienterque
906 4201 1198 4258 viventium
1226 4207 1412 4261 usibus
1433 4209 1586 4277 quasi
1611 4209 1914 4267 domestica

335 4287 591 4343 animalia
641 4288 992 4350 famulantur.
1046 4295 1130 4350 Nil
1183 4298 1330 4353 enim
1369 4308 1455 4355 est
1499 4303 1644 4371 quod
1695 4319 1802 4359 non
1864 4305 1918 4360 in

328 4379 724 4449 animantibus,
775 4394 830 4440 et
875 4387 1037 4444 rebus
1084 4391 1248 4445 etiam
1297 4392 1610 4452 iuauimatis
1649 4397 1700 4452 iu
1739 4399 1918 4470 aliquo

340 4470 650 4530 hominilms
701 4478 832 4534 utile
881 4481 972 4535 sit.
1011 4480 1124 4538 Sub
1169 4499 1273 4554 qua
1325 4489 1506 4556 specie
1549 4490 1674 4545 dtuu
1709 4503 1920 4550 montes

2093 1980 2203 2034 Nec
2235 1982 2432 2034 desunt
2459 1980 2664 2044 bestire,
2697 1978 2952 2036 hestialcs
2993 1977 3246 2032 videlicet
3293 1991 3494 2038 mores,
3521 1975 3608 2029 in-

2023 2071 2281 2136 SOlCilliLP,
2309 2072 2401 2126 ira:
2436 2082 2491 2125 et
2531 2087 2821 2130 rancores,
2877 2086 3015 2142 quae,
3060 2072 3159 2125 etsi
3211 2078 3429 2124 sanctos
3468 2069 3613 2124 viros

2022 2178 2194 2231 usque
2243 2164 2308 2215 ad
2358 2171 2632 2232 perpetem
2687 2164 2960 2231 impellere
2993 2178 3096 2216 non
3146 2171 3365 2230 possunt
3402 2161 3611 2216 discor—

2022 2255 2190 2320 diam,
2224 2271 2449 2326 magnas
2489 2264 2668 2310 tamen
2707 2256 2773 2309 ad
2815 2264 3023 2326 tempus
3054 2256 3106 2309 in
3144 2271 3328 2308 eorum
3359 2255 3615 2309 cordibus

2023 2359 2279 2420 generant
2310 2350 2530 2416 turbas,
2567 2358 2640 2412 et,
2677 2349 2802 2402 dum
2845 2357 3026 2402 vetant
3057 2347 3328 2402 interioris
3359 2347 3614 2401 ferociam

2021 2444 2319 2502 murmuris
2344 2443 2562 2512 prodire
2589 2442 2640 2496 in
2667 2441 2914 2505 verbum,
2945 2440 3356 2495 ardentissimos
3383 2441 3524 2494 intra
3553 2455 3613 2495 se

2021 2549 2184 2592 testes
2213 2536 2598 2607 cogitationum
2624 2535 2723 2589 sibi
2756 2534 2983 2590 invicem
3005 2533 3398 2603 obijeicntium,
3417 2542 3612 2587 etcum

2021 2630 2210 2701 grandi
2243 2628 2469 2698 strepitu
2496 2627 2738 2682 convicia
2767 2625 3117 2680 refcrentium
3144 2625 3444 2694 patiuntur.
3472 2625 3616 2680 Vitia

2024 2730 2204 2778 autem
2229 2723 2436 2792 pariter
2461 2721 2548 2774 vix
2578 2727 2671 2774 aut
2711 2734 2982 2789 nunquam
3023 2718 3330 2788 quempiam
3381 2723 3614 2780 tentant,

2023 2813 2116 2868 sed
2163 2812 2401 2866 vicissim
2441 2827 2539 2866 nos
2583 2810 2836 2881 pulsant:
2863 2809 3038 2880 sopito
3085 2809 3293 2864 scilicet
3323 2805 3615 2878 voluptatis

2024 2903 2297 2978 incentivo
2355 2901 2554 2956 defurit
2609 2902 2732 2966 ira;
2785 2901 2862 2955 ira
2909 2900 2974 2954 ad
3035 2908 3245 2970 tempus
3299 2899 3615 2968 quiescente

2023 2981 2250 3054 effervet
2280 2997 2492 3051 luxuria
2521 3013 2534 3061 ;
2566 2996 2650 3051 his
2679 3011 2868 3050 rursus
2898 2994 3051 3065 quasi
3082 2993 3333 3049 edomitis
3373 2989 3617 3048 subrepit

2025 3088 2204 3144 inanis
2232 3088 2420 3159 gloria,
2453 3089 2565 3142 sive
2595 3085 2868 3158 superbia.

2100 3182 2223 3237 Haec
2254 3191 2432 3237 autem
2459 3181 2580 3245 tria,
2611 3197 2730 3252 qua:
2771 3181 3132 3252 prtemtsimus
3178 3177 3276 3238 sub
3314 3181 3495 3252 specie
3517 3179 3608 3248 jn-

2027 3287 2352 3343 mentorum,
2391 3275 2682 3346 reptilium,
2717 3292 2778 3331 ac
2830 3271 3244 3342 bestiarutn,'et
3298 3277 3350 3330 in
3403 3277 3614 3344 psalmo

2024 3369 2158 3422 satis
2180 3384 2415 3437 congrue
2435 3368 2532 3420 sub
2557 3367 2723 3436 figura
2756 3368 2859 3421 alia
2886 3370 3240 3422 denotamur:
3269 3366 3613 3431 fiolocausta,

2028 3461 2228 3530 inquit,
2273 3460 2562 3514 medullata
2599 3459 2877 3515 offerimus
2918 3462 3013 3515 tibi
3059 3478 3176 3514 cum
3218 3462 3425 3515 incenso
3477 3463 3616 3515 arie-

2026 3561 2157 3615 tum,
2183 3551 2402 3621 o/ferum
2427 3552 2519 3604 tibi
2552 3551 2699 3606 boves
2733 3569 2853 3606 cum
2893 3553 3053 3605 hircis
3092 3549 3268 3620 (Prol.
3313 3568 3435 3617 va,
3473 3551 3603 3622 13):

2027 3643 2349 3699 Holocausta
2373 3642 2666 3708 offerimus,
2697 3659 2818 3698 cum
2843 3625 3102 3714 quidquid
3133 3659 3199 3699 ex
3227 3645 3382 3700 nobis
3406 3659 3614 3710 sumus,

2026 3737 2080 3791 in
2114 3735 2204 3790 Dei
2236 3751 2421 3790 amore
2461 3736 2860 3801 consumimus;
2898 3735 3183 3792 medullata
3235 3739 3421 3792 eadem
3464 3747 3614 3802 sunt,

2025 3844 2148 3883 cum
2197 3827 2315 3884 sine
2359 3829 2639 3884 eharltatis
2688 3829 2931 3885 interiori
2986 3831 3308 3901 pinguedine
3350 3830 3615 3883 virtutum

2025 3929 2334 3976 nostrarum
2380 3935 2501 3978 ossa
2557 3938 2664 3976 nou
2703 3934 2828 3976 sunt
2864 3936 2878 3975 :
2938 3922 3120 3976 aridus
3147 3932 3225 3976 cst
3259 3923 3398 3976 cuitu
3428 3937 3615 3975 ramus

2025 4014 2182 4069 bonae
2212 4013 2467 4079 actionis,
2512 4014 2556 4068 si
2601 4030 2706 4069 non
2743 4015 2904 4068 habet
2930 4029 3148 4068 succum
3181 4015 3373 4068 divinae
3408 4029 3471 4069 ac
3495 3995 3612 4066 uni-

2027 4113 2132 4159 tum
2181 4105 2500 4169 charitatis;
2555 4121 2677 4159 cum
2736 4105 2980 4172 incenso,
3031 4106 3083 4159 id
3135 4111 3219 4159 est
3272 4105 3606 4166 incensioue,

2025 4197 2442 4269 consumptione
2489 4198 2740 4253 videlicet
2791 4199 2952 4253 totius
3002 4198 3430 4264 cervicositatis,
3489 4203 3610 4268 quas

2024 4305 2187 4360 supra
2247 4307 2344 4362 per
2404 4291 2639 4354 bestias,
2683 4289 2768 4344 hic
2835 4305 2934 4361 per
2986 4291 3210 4345 arietem
3272 4292 3607 4362 designatam

2026 4385 2256 4450 scimus;
2284 4384 2592 4439 holocausta
2620 4382 2816 4437 offerre
2845 4383 3342 4452 debemus,quia,si
3369 4383 3618 4439 diabolus

2026 4493 2119 4532 rex
2144 4487 2229 4532 est
2260 4493 2422 4546 super
2444 4491 2632 4531 omnes
2653 4475 2791 4529 filios
2819 4477 3086 4546 superbiae
3112 4475 3251 4546 (Job.
3279 4491 3385 4539 xu,
3411 4473 3524 4540 25),
3559 4485 3616 4530 et

343 4559 483 4616 Deus
504 4564 569 4618 de
592 4567 702 4621 Stlis
725 4572 1099 4642 superioribus
1130 4575 1338 4647 irrigat,
1368 4593 1466 4648 per
1486 4582 1703 4636 eosdem
1731 4593 1916 4654 ροιιηη
1952 4598 1997 4654 D
2026 4569 2170 4626 ﬁlius
2202 4570 2332 4623 tanti
2382 4571 2630 4632 monstri,
2661 4582 2958 4636 servusque
2994 4567 3192 4620 diaboli
3247 4566 3358 4621 Deo
3384 4581 3609 4622 munera
3646 4626 3659 4639 _

337 4652 529 4709 bestiis
557 4667 612 4713 et
640 4665 858 4733 onagris
891 4667 1258 4734 administrat,
1291 4679 1348 4725 et
1377 4687 1441 4727 ex
1494 4674 1696 4730 eisdem
1731 4652 1914 4730 fenum

337 4767 531 4807 rursus
597 4755 928 4830 berbamque
991 4764 1270 4820 hominum
1327 4768 1573 4823 servituti
1633 4777 1917 4825 convectat

332 4843 508 4916 (Prol.
544 4861 724 4915 CXLVI,
776 4851 852 4923 8).
899 4853 999 4922 Qui
1051 4858 1194 4913 enim
1245 4869 1455 4915 montes
1492 4862 1543 4915 in
1574 4860 1766 4931 quibus
1797 4861 1916 4916 fcua

331 4947 595 4994 creantur
617 4940 688 4995 ob
715 4940 912 4999 fastum
937 4949 1113 5003 vocati
1141 4959 1286 5016 sunt,
1318 4949 1477 5006 iidem
1504 4950 1700 5008 ibidem
1733 4951 1918 5006 bestia:

330 5029 400 5084 ob
430 5029 772 5090 ferocitatem
804 5037 932 5093 dicti
964 5051 1110 5097 sunt.

407 5123 576 5181 liabet
601 5144 820 5200 quoque
851 5132 1023 5189 fidelis
1048 5134 1226 5189 anima
1253 5134 1415 5189 etiam
1446 5151 1565 5206 qua:
1591 5137 1657 5190 ad
1679 5153 1918 5194 summos

335 5214 460 5271 vita:
487 5223 778 5277 emerserit
809 5226 1033 5295 gradus,
1069 5227 1176 5282 itno
1205 5228 1410 5298 patitur
1454 5228 1506 5282 in
1535 5243 1594 5283 se
1625 5229 1723 5284 hos
1762 5245 1917 5286 acer-

333 5307 555 5368 bissime
595 5327 794 5372 motus.
827 5319 1014 5376 lnsuut
1043 5337 1278 5392 namque
1305 5338 1409 5377 non
1441 5323 1597 5378 tnodo
1623 5325 1797 5390 uobis,
1827 5326 1918 5396 qui

332 5402 418 5456 vix
458 5405 607 5461 initia
640 5413 1018 5469 conversionis
1053 5415 1338 5482 habemus,
1376 5416 1468 5471 sed
1501 5418 1704 5473 sanctis
1733 5433 1796 5474 ac
1827 5420 1912 5474 in-

335 5492 819 5570 telligentissimis,
866 5505 1033 5559 Paulo
1093 5507 1303 5563 scilicet
1364 5508 1656 5580 apostolo,
1726 5510 1920 5580 suique

332 5585 604 5646 similibus
645 5594 911 5664 jumeuta,
959 5599 1010 5652 id
1056 5608 1141 5654 est
1177 5601 1463 5656 ouerifcrze
1508 5601 1666 5670 hujus
1719 5613 1918 5658 nostra:

333 5680 684 5738 mortalitatis
715 5687 1096 5757 hcbetudincs,
1137 5693 1332 5762 quibus
1365 5693 1641 5748 interioris
1683 5693 1917 5750 hominis

334 5770 672 5843 obtenditur,
702 5790 755 5835 et
785 5784 976 5840 crebro
1007 5796 1266 5855 gravatur
1298 5787 1579 5853 alacritas,
1606 5788 1730 5841 dum
1772 5787 1919 5843 videt

325 5863 496 5924 aliam
555 5869 726 5942 legem
783 5877 832 5931 in
890 5879 1150 5936 membris
1211 5881 1324 5938 suis
1378 5892 1766 5955 repugnantem
1815 5881 1914 5955 legi

2023 4664 2219 4728 defert,
2250 4663 2376 4732 quid
2411 4661 2508 4730 ipsi
2559 4660 2665 4714 Deo
2693 4659 2862 4713 videri
2909 4660 3106 4731 poterit
3151 4659 3450 4730 ingratius,
3492 4669 3608 4714 lur-

2019 4763 2164 4834 pius,
2223 4757 2529 4828 indignius?
2578 4756 2670 4811 Sic
2723 4767 2903 4811 taurea
2953 4756 3105 4821 dico,
3161 4756 3336 4811 donec
3389 4755 3440 4809 in
3497 4756 3612 4824 ipsa

2022 4853 2216 4910 mortis
2236 4849 2605 4923 profunditate
2621 4849 2802 4919 jacere
2824 4849 3101 4905 deliberat.
3120 4847 3408 4905 Otferimus
3435 4850 3609 4915 boves,

2025 4967 2148 5010 cum
2195 4965 2355 5006 omne
2406 4948 2640 5018 pondus,
2672 4955 2726 5002 et
2751 4946 3109 5001 circumstans
3158 4961 3256 5000 nos
3302 4953 3609 5015 peccatum,

2023 5045 2167 5116 quod
2197 5059 2294 5098 nos
2325 5049 2580 5113 aggravat
2609 5081 2623 5105 ,
2669 5047 2722 5094 et
2755 5040 3013 5095 animales
3047 5040 3370 5106 hebetesque
3424 5051 3522 5092 nos
3559 5038 3613 5092 in

2006 5136 2109 5192 'his
2139 5150 2259 5208 quae
2293 5135 2382 5189 Dei
2415 5142 2565 5198 sunt,
2593 5134 2789 5196 reddit,
2816 5133 3048 5196 fervore,
3081 5131 3330 5185 acumine
3359 5130 3610 5198 rationis,

2028 5239 2082 5287 et
2107 5229 2372 5301 spirituali
2417 5229 2702 5282 vivacitate
2747 5235 3038 5288 mutamus,
3071 5229 3124 5278 ct
3154 5222 3413 5278 mutando
3437 5238 3612 5294 quan-

2026 5332 2140 5380 tum
2168 5323 2371 5393 patitur
2402 5331 2593 5375 natura
2623 5319 3010 5373 consumimus.
3043 5317 3104 5371 ili
3143 5333 3238 5387 per
3253 5318 3498 5387 jumenta
3523 5318 3615 5374 de-

2027 5420 2313 5488 signantur
2339 5418 2605 5488 superius.
2659 5415 2849 5469 iiircos
2890 5415 2942 5469 in
2972 5415 3062 5470 Dei
3098 5416 3402 5486 placatione
3427 5417 3613 5470 incen-

2027 5509 2225 5573 dimus,
2253 5523 2372 5561 cum
2407 5508 2460 5561 in
2492 5521 2655 5561 carne
2693 5513 2875 5561 nostra
2918 5515 2970 5562 et
3005 5508 3208 5563 intimis
3255 5507 3450 5561 animm
3480 5506 3610 5562 affe-

2023 5601 2200 5656 ctibus
2225 5599 2534 5668 petulantite
2572 5599 2713 5652 fluxa
2743 5598 3122 5670 dispergimus,
3152 5615 3292 5669 qum,
3322 5598 3404 5652 vel
3434 5601 3614 5668 potius

2021 5694 2112 5763 qui
2144 5692 2300 5756 hirci,
2339 5691 2540 5746 Scilicet
2580 5702 2703 5746 sunt
2754 5691 2978 5763 figurate
3030 5693 3232 5760 reptilia
3264 5707 3381 5761 quae
3426 5707 3615 5761 prout—

2022 5787 2349 5878 limus‘qua:
2385 5793 2493 5840 tota
2542 5788 2838 5842 secundum
2876 5786 3135 5856 cujusque
3166 5785 3414 5839 animalis
3446 5795 3605 5838 uatu-

2021 5897 2139 5937 ram
2171 5879 2315 5938 dicta
2347 5889 2494 5950 sunt,
2527 5881 2652 5952 quia
2682 5881 2822 5936 aries
2857 5878 3148 5950 superbum
3198 5895 3260 5934 ac
3298 5878 3611 5934 bellicosum
