4062 6354
466 238 543 301 55
1397 238 1457 294 ν.
1501 239 1821 295 GUIBERTI
1861 236 2150 296 ABBATIS
2173 237 2230 294 S.
2273 236 2515 295 MARIAE
2546 235 2634 294 DE
2667 232 3065 295 NOVIGENTO

468 368 551 414 est
585 355 817 422 animal;
865 355 965 413 bos
1014 372 1145 413 vero
1190 357 1542 427 ponderosum
1572 365 1622 410 et
1672 357 1865 423 hebes;
1909 357 2051 412 unde
2078 360 2129 419 Α
2157 357 2406 412 machina
2457 357 2597 413 miro
2664 371 2729 411 ac
2770 353 3299 425 incomprehensibili
3330 354 3788 417 administratur

2155 450 2365 515 ordine,
2394 449 2484 503 tibi
2521 449 2653 504 nihil
2681 449 3171 505 extraordinarium
3196 446 3274 515 ﬁt,
3304 449 3381 505 nil
3411 451 3528 507 sine
3551 468 3737 509 causa
3757 499 3778 521 ,

2156 541 2230 595 nil
2263 541 2645 598 inconveniens
2682 552 2827 598 recte
2875 542 3241 599 sentientibus
3270 543 3545 599 videatur.
3587 546 3779 613 Quod

2156 634 2345 689 itidem
2370 646 2423 689 et
2455 636 2657 690 homini
2682 645 2896 690 constat
2924 636 3137 699 datum,
3167 636 3295 691 dum
3318 652 3474 692 suum
3505 640 3779 696 exterio-

2157 739 2268 780 rem
2284 738 2379 794 per
2392 726 2662 780 interioris
2675 726 2910 781 hominis
2924 726 3441 782 intellectualitatem
3455 728 3779 797 disponere

464 453 670 509 dicitur
708 453 774 508 de
797 451 964 508 stulto
986 453 1126 522 apud
1159 450 1538 505 Salomonem:
1582 448 1889 519 Sequuntur
1933 466 2048 503 eam

466 545 624 615 quasi
648 545 738 598 bos
765 545 951 597 duclus
983 544 1054 596 ad
1075 543 1333 596 victimam
1366 540 1551 609 (Prov.
1578 556 1674 605 vn,
1698 540 1790 610 2‘2)
1818 557 1832 605 ;
1867 541 2051 595 hircus

472 647 656 693 autem
701 636 971 708 petulcum
1006 643 1058 688 et
1090 634 1379 698 lascivum;
1436 634 1578 687 unde
1607 632 1832 689 Ovidius
1861 633 1925 687 de
1948 631 2055 687 Ga-

468 728 614 787 latea
644 748 656 761 ·
688 729 881 784 Tenere
907 726 1149 781 lascivior
1168 726 1320 779 Ita'do
1347 718 1501 797 (Met.
1535 742 1656 791 xui,
1683 725 1828 795 790).

543 821 670 876 Haec
701 821 876 889 itaque
907 817 1100 887 bisque
1131 816 1330 872 similia
1378 832 1499 871 cum
1542 817 1609 871 ab
1636 817 1715 870 eis
1770 816 1859 886 qui
1891 833 2053 887 supra

470 912 743 980 expositos
766 908 1027 961 virtutum
1073 906 1191 961 dies
1240 906 1462 971 habent,
1515 922 1721 976 magna:
1748 907 2055 962 autoritatis

471 1002 615 1057 calce
634 1007 976 1069 premuntur,
1002 1000 1126 1052 dum
1178 997 1290 1052 sive
1344 997 1398 1051 in
1449 998 1725 1052 dexteram
1783 997 2056 1054 declinare

463 1092 736 1154 nesciunt.
769 1100 863 1144 aut
892 1090 1192 1155 sinistram,
1237 1090 1288 1144 id
1311 1099 1418 1157 est,
1446 1090 1570 1145 dum
1601 1105 1774 1161 neque
1796 1092 2053 1146 virtutum

463 1184 822 1256 proventibus
849 1182 1055 1247 extolli,
1103 1184 1243 1251 quod
1271 1192 1356 1238 est
1384 1183 1630 1248 dextera,
1663 1199 1763 1238 nec
1802 1183 2057 1239 vitiorum

465 1275 793 1348 impulsibus
827 1276 1042 1331 destitui
1076 1286 1289 1337 norunt.
1345 1279 1487 1346 quod
1523 1286 1605 1333 est
1649 1276 1893 1332 sinistra.
1920 1279 2057 1333 Deus

467 1370 564 1439 qui
589 1369 796 1425 nostris
824 1368 1195 1439 aggratulatur
1217 1368 1568 1439 profectibus,
1601 1380 1888 1442 augmenta
1912 1386 2057 1425 sem-

468 1477 571 1534 per
590 1470 881 1533 exaggerat
912 1462 1229 1532 gratiarum,
1264 1470 1319 1518 et
1377 1462 1506 1518 illud
1558 1465 1772 1519 tandem
1810 1464 1863 1519 in
1904 1465 2060 1520 nobis

470 1554 705 1626 perﬁcit,
732 1556 795 1608 ad
822 1556 963 1623 quod
1003 1556 1179 1610 omnis
1225 1565 1410 1611 noster
1436 1572 1573 1627 agon
1623 1565 1678 1612 et
1729 1558 2058 1614 desiderium

469 1649 664 1705 tendit.
696 1648 967 1718 Quidquid
1002 1650 1145 1704 enim
1168 1650 1293 1704 boni
1318 1648 1642 1718 arripimus,
1672 1665 1777 1704 non
1807 1650 1877 1706 ob
1913 1650 2057 1705 aliud

2156 818 2348 888 possit,
2382 827 2437 872 ut
2467 819 2540 872 nil
2562 819 2615 873 in
2646 818 2727 874 sui
2760 819 2941 888 operis
2991 818 3326 875 exhibitione
3372 821 3610 890 ineptum
3658 832 3775 877 aut

2159 920 2318 981 turpe
2352 911 2525 965 valeat
2555 912 2808 967 inveniri.
2856 911 3004 966 Vivit
3048 912 3209 976 Deus,
3244 922 3300 967 et
3328 913 3488 985 sapit,
3525 913 3765 969 vitalem

2158 1016 2257 1069 per
2275 1015 2333 1057 se
2362 1010 2417 1056 et
2437 1000 2706 1055 viviﬁcam
2737 1001 2789 1055 in
2815 1001 3021 1056 carnali
3054 1016 3231 1056 massa
3262 1001 3455 1057 indidit
3482 1004 3759 1070 animam,

2159 1108 2280 1163 quae
2310 1084 2522 1162 pondus
2558 1108 2713 1147 suum
2745 1091 2878 1147 foris
2904 1092 3086 1147 reddit
3112 1100 3379 1162 vegetum,
3424 1104 3596 1149 semet
3617 1109 3765 1150 vero

2159 1197 2223 1239 ex
2257 1183 2543 1255 participio
2595 1183 2831 1239 caelestis
2861 1183 3093 1251 luminis
3134 1183 3277 1238 intro
3305 1185 3583 1254 providam
3624 1201 3763 1256 pos-

2159 1276 2321 1332 sidet.
2350 1278 2530 1347 Imago
2574 1291 2703 1348 ergo
2751 1276 2846 1332 Dei
2894 1292 3101 1343 sumus,
3136 1277 3307 1348 ipsius
3354 1278 3537 1348 gloria:
3565 1282 3761 1337 etho-

2163 1374 2310 1429 noris
2344 1372 2473 1429 l‘acti
2514 1389 2720 1439 sumus,
2775 1388 2880 1427 non
2927 1372 3096 1427 nostri
3141 1372 3319 1428 meriti
3356 1384 3450 1429 aut
3495 1375 3766 1431 utilitatis

2163 1482 2346 1531 causa,
2383 1476 2567 1536 utpote
2594 1467 2685 1537 qui
2727 1481 2832 1521 non
2872 1465 3027 1520 nobis
3056 1465 3278 1536 egebat,
3330 1466 3425 1521 sed
3472 1483 3570 1523 nos
3597 1467 3760 1535 fecit,

2162 1568 2225 1615 ut
2248 1559 2365 1630 ipso
2390 1560 2546 1615 beate
2574 1561 2899 1615 frueremur.
2946 1556 3121 1613 Causa
3170 1567 3456 1624 nostrum,
3510 1560 3653 1615 sicut
3701 1570 3763 1616 et

2166 1656 2409 1712 omnium
2439 1665 2748 1712 creatorum
2774 1653 2897 1720 fuit,
2922 1662 2983 1708 ut
3012 1653 3221 1709 scilicet
3252 1654 3651 1724 gloriﬁcaretur
3685 1670 3763 1711 ex

469 1741 629 1813 plane
659 1741 890 1813 agimus,
924 1742 1034 1797 imo
1076 1757 1239 1813 agere
1292 1742 1572 1806 debemus,
1606 1741 1711 1797 nisi
1766 1750 1825 1796 ut
1869 1742 2063 1796 divinae

2173 1752 2347 1816 nobis,
2374 1766 2483 1805 non
2514 1765 2621 1821 quo
2666 1757 2851 1804 nostra
2895 1746 3286 1819 gloriﬁcatione
3320 1748 3628 1817 proﬁceret,
3657 1747 3766 1804 sed

466 1833 721 1905 imaginis
753 1850 916 1906 quam
961 1834 1245 1891 amisimus
1291 1833 1660 1890 conlormitati
1718 1848 2053 1904 reparenmr.

465 1926 609 1983 Deus
633 1927 797 1997 igitur
818 1943 955 1999 quos
983 1937 1042 1982 ut
1071 1929 1208 1983 bene
1259 1943 1422 1997 agere
1452 1927 1652 1983 vellent
1694 1928 1885 1999 gratia:
1921 1930 2061 1985 dono

467 2020 751 2091 praevenit,
779 2028 833 2075 et
854 2021 1084 2092 gratiam
1137 2021 1249 2076 suis
1295 2020 1398 2091 piis
1443 2021 1636 2077 studiis
1671 2022 2061 2091 subsequentes

467 2112 537 2187 ad
573 2112 901 2183 perﬁcienda
939 2130 1060 2185 qua:
1094 2114 1374 2170 voluerant
1398 2156 1411 2180 ,
1434 2113 1596 2183 juvit,
1621 2114 1687 2170 ad
1717 2131 1924 2171 summa
1946 2114 2059 2185 jam

467 2221 583 2264 sua:
632 2206 1002 2265 similitudinis
1048 2208 1323 2265 consortia
1379 2208 1585 2274 evehit,
1632 2208 1839 2276 dicens,
1887 2219 1947 2263 ut
1986 2209 2058 2264 ita

466 2298 645 2356 dicam
686 2316 702 2354 :

544 2392 712 2448 Vens.
743 2393 833 2448 26.
864 2422 932 2434 —
957 2390 1247 2448 Faciamus
1275 2394 1535 2448 hominem
1572 2393 1641 2446 ad
1689 2393 1967 2463 imaginem
2015 2403 2065 2448 et

469 2485 870 2541 similitudinem
898 2497 1151 2540 nostram.
1183 2484 1366 2557 Imago
1414 2496 1467 2540 et
1490 2484 1811 2551 similitudo,
1842 2499 1963 2538 cum
1996 2484 2065 2538 ab

471 2578 746 2649 aliquibus
785 2579 924 2635 idem
954 2594 1078 2634 esse
1114 2579 1403 2643 credatur,
1455 2578 1745 2650 plurimum
1775 2577 2066 2648 aliquando

470 2674 620 2729 inter
648 2690 705 2728 se
732 2673 955 2729 distant.
989 2674 1173 2746 lmago
1205 2675 1423 2745 proprie
1454 2674 1653 2730 dicitur
1702 2674 1843 2744 quod
1892 2672 2067 2744 pingi-

473 2773 567 2820 tur
600 2764 686 2819 vel
732 2765 997 2834 sculpitur
1038 2781 1203 2821 causa
1248 2766 1476 2836 alicujus
1525 2765 1842 2819 memoriam
1874 2778 2068 2832 reprae-

474 2859 748 2924 sentandi,
794 2858 897 2914 etsi
949 2873 1055 2913 non
1104 2858 1281 2914 simile
1328 2858 1401 2912 illi
1456 2873 1555 2928 pro
1594 2874 1700 2927 quo
1729 2857 1949 2927 ﬁngitur
1971 2855 2063 2908 sit.

471 2951 789 3007 Similitudo
810 2958 989 3006 autem
1039 2948 1410 3005 indill‘ercnter
1459 2950 1510 3003 in
1546 2949 1755 3003 cunctis
1802 2963 1922 3016 (pne
1962 2946 2065 3001 sibi

474 3044 675 3102 similia
708 3046 901 3115 quovis
937 3044 1096 3100 modo
1126 3043 1258 3104 sint.
1285 3042 1505 3105 dicitttr,
1530 3042 1632 3097 etsi
1666 3042 1832 3095 altera
1864 3040 2064 3094 altero-

469 3155 593 3196 rum
620 3154 783 3195 causa
808 3138 950 3195 laeta
974 3153 1081 3194 non
1119 3138 1247 3193 sint.
1285 3135 1507 3192 Possem
1535 3136 1640 3190 dici
1678 3134 1855 3204 imago
1897 3133 2069 3203 patris
2096 3107 2142 3168 (ἶ

470 3233 603 3299 mei,
656 3233 758 3289 etsi
810 3232 913 3290 sibi
960 3232 1140 3303 specie
1174 3247 1280 3286 non
1317 3227 1686 3289 convenirem,
1735 3226 1861 3295 quia
1915 3233 2070 3295 pater

468 3342 630 3385 meus
656 3342 818 3383 causa
869 3335 927 3382 ut
955 3342 1133 3383 essem
1179 3326 1310 3381 mihi
1358 3324 1477 3379 fuit.
1513 3321 1666 3378 Unde
1694 3320 1878 3376 ethoc
1910 3320 2069 3374 modo

471 3419 653 3492 imago
676 3419 885 3489 pariter
926 3429 983 3474 et
1035 3420 1333 3475 similitudo
1370 3419 1436 3473 de
1470 3431 1526 3470 re
1557 3430 1661 3469 una
1694 3413 1800 3468 dici
1835 3422 2066 3481 queunt,

475 3512 520 3567 si
573 3520 791 3580 propter
849 3511 1095 3579 eamdem
1146 3518 1201 3565 et
1244 3509 1384 3564 facta
1434 3508 1542 3561 sint
1591 3505 1896 3573 similiaque
1938 3505 2067 3559 sint.

475 3600 739 3672 Virgilius
767 3611 951 3657 tamen
997 3602 1255 3671 inducens
1281 3597 1718 3654 Andromacham
1745 3596 1810 3649 de
1838 3596 2072 3649 Ascanio

473 3694 787 3766 loquentem
816 3695 889 3749 ait
917 3691 1155 3765 ((Eneid.
1195 3707 1275 3757 ιιι,
1301 3690 1458 3761 489),;

626 3788 670 3843 Ο
699 3788 826 3842 mihi
856 3786 969 3841 sola
990 3788 1091 3841 mei
1115 3802 1271 3854 super
1298 3781 1633 3853 Astyanactis
1654 3779 1857 3851 imago!

480 3880 654 3951 Quem
708 3894 898 3935 revera
930 3893 1030 3948 pro
1075 3876 1428 3932 similitudine
1493 3872 1782 3944 imaginem
1828 3869 1983 3935 dixit,
2021 3878 2077 3925 et

480 3975 775 4047 imaginem
832 3973 1010 4027 adhuc
1058 3970 1178 4025 ideo
1230 3968 1443 4031 forsan,
1474 3967 1599 4037 quia
1650 3965 1900 4032 formam,
1946 3964 2076 4019 licet

478 4064 627 4123 illius
655 4064 797 4119 ﬁlius
821 4078 926 4118 non
958 4071 1122 4124 esset,
1155 4075 1222 4115 ex
1259 4059 1376 4127 ejus
1403 4055 2077 4127 consanguinitatetrabe-

477 4158 597 4214 bat.
639 4156 933 4226 Imaginem
985 4153 1077 4207 Dei
1120 4152 1290 4207 Adam
1345 4150 1532 4205 habuit
1578 4149 1632 4202 in
1674 4148 1873 4211 anima,
1913 4161 1981 4201 ex
2010 4160 2074 4200 ea

478 4255 640 4323 parte
665 4262 773 4317 qua
804 4257 1008 4300 aeterna
1044 4251 1146 4307 est,
1197 4242 1320 4311 quia
1365 4239 1455 4295 ille
1487 4236 1809 4293 naturaliter
1840 4244 2076 4291 aeternus

479 4348 589 4407 est,
638 4340 741 4395 ista
773 4338 1044 4393 collativo.
1103 4334 1396 4403 Imaginem
1447 4346 1678 4400 namque
1714 4328 2079 4384 determinant

481 4435 543 4492 in
570 4434 877 4491 atternitate
917 4428 1322 4487 similitudinem
1376 4429 1428 4482 in
1480 4424 1739 4481 moribus.
1781 4424 2074 4495 Imaginem

464 4537 670 4583 'autem
696 4527 790 4583 Dei
819 4539 917 4581 nos
965 4525 1017 4579 in
1059 4538 1124 4577 eo
1156 4520 1437 4591 perspicue
1483 4518 1685 4573 habere
1727 4515 1907 4569 dicere
1948 4529 2074 4584 pos-

482 4633 696 4683 sumus,
719 4618 859 4686 quod
884 4616 1020 4671 sicut
1055 4614 1195 4667 Deus
1217 4627 1432 4666 omnem
1458 4608 1686 4678 impletis
1715 4605 1973 4661 mundum
1998 4604 2078 4660 sic
2116 4600 2119 4603 ⁴

487 4708 745 4769 omnibus
776 4706 1104 4778 generaliter
1126 4706 1298 4767 adest,
1326 4714 1382 4757 ut
1412 4701 1762 4773 singulariter
1793 4709 1973 4754 tamen
1996 4698 2076 4754 rei

490 4803 691 4874 cuique
742 4809 886 4855 totus
942 4798 1156 4868 preprie
1193 4798 1372 4851 inesse
1430 4795 1730 4857 sentiatur,
1782 4793 1853 4847 ita
1896 4794 2075 4847 anima

486 4906 677 4955 nostra
711 4895 1052 4963 incnrporata
1076 4890 1183 4959 22
1213 4890 1385 4960 ipsum
1409 4903 1604 4957 corpus
1627 4887 1841 4957 quidem
1869 4886 2075 4955 implet,

490 4989 699 5047 moveri
750 4998 806 5043 et
838 4986 1022 5041 vivere
1053 4982 1205 5046 facit,
1246 4981 1650 5036 ordinatissime
1678 4977 1837 5049 regit,
1867 4988 1919 5034 et
1943 4979 2083 5033 sicut

494 5083 563 5140 de
589 5083 702 5139 Deo
731 5078 969 5153 dignosci
996 5092 1102 5133 non
1133 5083 1314 5146 potest
1342 5074 1484 5128 unde
1525 5071 1662 5127 caelo
1706 5086 1867 5142 quam
1924 5079 2083 5126 terra:

489 5175 814 5249 pra-sentior
842 5173 1159 5233 mstimetur,
1191 5168 1269 5224 sic
1318 5167 1432 5238 ipsa
1482 5165 1790 5220 nullatenus
1817 5163 1989 5234 magis
2027 5163 2081 5217 in

490 5268 672 5340 capite
698 5265 929 5322 sentitur
948 5278 1111 5333 quam
1142 5263 1195 5317 in
1229 5260 1455 5315 minimo
1499 5258 1654 5330 pedis
1678 5256 1866 5327 digito.
1898 5255 2084 5311 Laesus

492 5361 762 5433 quispiam
803 5359 855 5413 in
886 5356 1143 5411 utrolibet
1180 5369 1289 5409 non
1324 5352 1663 5408 dissimiiiter
1691 5350 1936 5419 angitur;
1972 5357 2082 5404 tota

490 5455 641 5512 enim
662 5453 717 5509 in
740 5449 966 5523 singulis
988 5449 1290 5520 quibusque
1310 5446 1568 5502 membris
1588 5444 1766 5498 anima
1793 5444 2080 5512 reperitur,

493 5562 661 5620 quam
710 5545 948 5617 graviter
1000 5542 1160 5597 laesus
1190 5542 1245 5595 in
1275 5554 1454 5611 ungue
1484 5538 1666 5595 doleas
1707 5536 1877 5602 nosti;
1924 5535 2086 5591 habet

495 5655 697 5712 corpus
723 5640 921 5709 ubique
951 5637 1239 5707 spiritum,
1285 5635 1359 5688 uti
1397 5634 1628 5687 mundus
1679 5629 1844 5686 habet
1887 5630 2084 5700 ubique

494 5734 864 5799 Βθιιιη.ιι)ειιε
912 5740 1089 5793 autem
1130 5729 1273 5791 ratio
1322 5726 1644 5787 universalis
1690 5735 1797 5794 est,
1836 5739 1942 5835 qga
1976 5732 2085 5779 tota

2166 1858 2277 1913 quo
2306 1857 2428 1897 eum
2451 1850 2506 1897 et
2526 1858 2593 1898 ex
2614 1841 2696 1898 sui
2719 1838 3172 1904 consideratione,
3202 1848 3254 1893 et
3281 1854 3348 1894 ex
3373 1841 3556 1896 mundi
3588 1840 3766 1895 totius

2170 1935 2403 1990 mirabili
2433 1945 2653 2006 propter
2677 1948 2775 1989 nos
2804 1932 3145 1988 institutione
3179 1931 3527 2003 gloriﬁcando
3557 1933 3768 2003 glorio-

2168 2028 2282 2084 sior
2310 2028 2471 2082 homo
2494 2028 2667 2082 ﬁeret.
2696 2025 2805 2082 Nos
2829 2026 3008 2094 itaque
3038 2022 3111 2077 illi
3145 2039 3253 2094 quo
3286 2040 3385 2079 nos
3413 2037 3467 2081 et
3498 2024 3767 2080 mundum

2171 2122 2309 2192 regit
2336 2122 2512 2177 ordini
2561 2118 3023 2184 conﬁrmando,...
3053 2115 3259 2172 scilicet
3295 2118 3465 2174 nostri
3515 2119 3765 2189 ipsorum

2169 2211 2489 2276 existentes,
2520 2212 2668 2266 vitiis
2696 2208 3072 2281 principando,
3103 2215 3158 2262 et
3196 2223 3319 2263 cum
3347 2210 3548 2265 virtute
3576 2209 3767 2265 omnia

2172 2310 2358 2356 nostra
2382 2304 2617 2372 gerendo
2644 2317 2891 2373 supernae
2920 2300 3139 2371 imagini
3168 2315 3569 2370 comparemur.
3596 2301 3762 2359 Sinti.

2175 2394 2458 2450 litudinem
2509 2412 2668 2466 supra
2702 2394 2939 2450 diximus
2965 2396 3019 2447 in
3061 2394 3302 2449 moribus
3330 2395 3525 2451 debere
3557 2395 3766 2466 putari.

2173 2488 2302 2557 quia
2325 2488 2468 2543 sicut
2496 2488 2639 2544 Deus
2666 2497 2750 2543 est
2779 2502 2949 2552 amor,
2973 2484 3208 2553 iustitia,
3236 2486 3439 2555 pietas,
3472 2488 3763 2553 munditia,

2174 2589 2231 2635 et
2259 2580 2521 2651 quidquid
2553 2581 2677 2636 boni
2710 2579 2816 2636 dici
2859 2589 2952 2633 aut
2994 2567 3220 2647 cogitari
3247 2589 3444 2649 potest,
3481 2583 3552 2636 ita
3582 2580 3766 2636 omnis

2174 2673 2365 2743 gratiae
2395 2680 2449 2727 et
2495 2671 2804 2727 sanctitatis
2860 2685 3115 2741 capacem
3157 2670 3393 2724 hominis
3423 2673 3658 2726 animam
3685 2669 3766 2724 l‘e-

2176 2766 2272 2821 cit.
2319 2764 2475 2820 Unde
2502 2774 2556 2819 et
2584 2780 2798 2819 summa
2838 2771 3046 2828 nostro,
3095 2761 3237 2830 quod
3266 2776 3363 2816 nos
3384 2762 3634 2817 videlicet
3658 2761 3761 2815 ha-

2176 2858 2305 2913 bere
2333 2857 2641 2923 conveniat,
2686 2857 2825 2911 bono
2850 2855 2917 2909 ab
2948 2853 3154 2909 Joanne
3178 2852 3414 2908 dicitur:
3454 2853 3601 2909 Sicut
3639 2851 3763 2919 ille,

2150 2990 2153 2993 -
2181 2951 2373 3020 inquit,
2399 2960 2497 3014 est,
2524 2958 2569 3003 et
2599 2966 2691 3001 nos
2717 2962 2897 3001 sumus
2928 2946 2982 2998 in
3006 2945 3099 2996 hoc
3119 2944 3313 2998 mundo
3337 2942 3519 3014 (Joan.
3545 2959 3621 3010 tv,
3646 2943 3760 3014 17).

2154 3042 2323 3097 Deus
2346 3039 2666 3095 naturaliter
2697 3038 2818 3109 pius
2846 3037 2927 3091 sic
2956 3034 3175 3089 deitatis
3214 3034 3549 3103 plenitudine
3580 3034 3763 3089 nobis-

2178 3150 2302 3191 cum
2330 3149 2573 3197 versans,
2610 3127 2994 3186 misericordia:
3044 3128 3251 3181 viscera
3307 3126 3438 3180 nulli
3479 3134 3661 3198 negat,
3704 3130 3763 3179 ut

2178 3220 2348 3285 solem
2382 3242 2538 3281 suum
2562 3240 2726 3287 super
2750 3226 2921 3278 bonos
2941 3228 2996 3276 et
3028 3220 3198 3273 malos
3222 3218 3432 3287 aperiat
3460 3216 3676 3287 (Matth.
3705 3230 3757 3280 v,

2176 3324 2291 3396 45),
2332 3332 2385 3376 et
2435 3337 2541 3376 non
2595 3318 2796 3382 minus,
2836 3316 2943 3370 imo
3001 3312 3170 3368 multo
3220 3311 3391 3365 satius
3434 3310 3615 3381 impiis
3661 3322 3755 3362 sua

2177 3430 2421 3477 munera,
2455 3413 2579 3468 licet
2605 3423 2885 3480 corporea,
2921 3406 3143 3471 tribuat,
3175 3418 3336 3473 quam
3363 3403 3447 3459 his
3471 3418 3607 3473 quos
3619 3399 3760 3470 juste

2175 3508 2363 3563 vivere
2393 3512 2626 3561 constat.
2654 3501 2807 3558 Sicut
2857 3498 3019 3569 igitur
3061 3497 3204 3551 Deus
3233 3504 3336 3561 est,
3369 3503 3425 3551 et
3454 3510 3549 3550 nos
3577 3508 3763 3549 sumus

2180 3601 2235 3655 in
2260 3601 2362 3653 hoc
2392 3596 2608 3655 inundo,
2642 3595 2765 3663 quia
2799 3592 2939 3647 sicut
2972 3588 3174 3643 nemini
3206 3586 3307 3642 sibi
3334 3587 3496 3643 etiam
3541 3600 3763 3657 prorsus

2180 3688 2396 3744 infenso
2436 3684 2683 3741 beneﬁcii
2733 3683 2816 3738 sui
2867 3680 3137 3737 subtrahit
3192 3679 3522 3751 largitatem,
3560 3678 3640 3735 sic
3668 3691 3763 3732 nos

2181 3794 2311 3849 erga
2341 3791 2436 3832 eos
2482 3776 2573 3846 qui
2606 3791 2704 3830 nos
2742 3774 2974 3830 oderunt
3004 3772 3210 3827 habere
3240 3786 3461 3826 necesse
3483 3781 3567 3826 est
3591 3768 3766 3825 chari-

2162 3879 2369 3939 ‘tatem.
2418 3868 2556 3923 Sunt
2607 3867 2771 3921 multa
2828 3874 3089 3935 praeterea
3134 3863 3266 3920 satis
3310 3864 3501 3927 ardua,
3545 3878 3664 3933 qua!
3699 3861 3765 3916 de

2184 3964 2287 4018 hac
2315 3963 2406 4017 Dei
2436 3960 2671 4031 imagine
2703 3958 2895 4014 disseri
2932 3967 3169 4028 possent,
3212 3959 3305 4013 sed
3333 3957 3400 4011 ad
3437 3957 3543 4010 alia
3569 3969 3761 4027 prope-

2160 4068 2369 4121 rantes
2406 4054 2652 4112 sutlicere
2681 4053 3043 4109 mediocribus
3072 4052 3169 4107 ista
3194 4061 3470 4122 putamus.

2254 4147 2321 4201 Et
2350 4147 2549 4219 pra‘sit,
2576 4147 2768 4215 inquit,
2795 4145 3022 4215 piscibus
3051 4145 3293 4210 maris,“
3318 4141 3615 4196 volatilibus
3630 4139 3761 4204 caeli,

2182 4251 2230 4297 et
2253 4241 2447 4307 bestiis,
2474 4241 2841 4309 universa'que,
2882 4247 3035 4291 terrae
3061 4276 3075 4302 ,
3128 4244 3175 4291 et
3222 4236 3363 4289 omni
3414 4234 3583 4304 reptili
3626 4234 3761 4304 quod

2182 4347 2420 4392 movetur
2452 4336 2505 4388 in
2557 4343 2747 4388 terrra.
2790 4331 2925 4385 Cum
2956 4331 3095 4385 bene
3126 4329 3192 4384 de
3218 4342 3277 4384 se
3316 4336 3592 4395 merentes
3622 4327 3761 4382 Deus

2184 4429 2251 4483 ad
2283 4429 2386 4493 sui,
2420 4426 2511 4498 qui
2542 4425 2675 4480 nihil
2714 4423 2858 4477 aliud
2882 4438 3044 4491 quam
3080 4419 3253 4474 virtus
3281 4429 3384 4485 est,
3418 4419 3764 4474 conformila-

2186 4531 2294 4577 tem
2317 4518 2595 4583 elevat,ad
2612 4517 2710 4570 hoc
2736 4516 2922 4585 utique
2946 4513 3096 4576 ﬁt,ut
3123 4511 3482 4566 illustratione
3507 4525 3759 4581 superna,

2186 4629 2291 4683 qua
2324 4610 2552 4681 quisque
2575 4607 2785 4675 accepit
2813 4604 3166 4658 subtilitatem
3197 4601 3417 4671 ingenii,
3447 4601 3499 4655 in
3523 4600 3762 4670 Scriptu-

2186 4704 2264 4760 ris
2303 4699 2570 4757 moderari
2607 4699 2804 4759 discat,
2834 4694 2974 4764 quod
3006 4695 3180 4765 pisces
3207 4692 3372 4747 maris
3420 4690 3757 4762 signiﬁcant;

2187 4803 2243 4850 et
2275 4790 2569 4849 volatilibus
2592 4788 2704 4843 caeli
2728 4800 2963 4857 praeesse
2987 4784 3217 4849 noverit,
3244 4784 3295 4839 id
3324 4796 3406 4840 est
3433 4782 3762 4853 contempla-

2189 4885 2353 4941 tionis
2383 4895 2608 4937 acumcn
2664 4877 2979 4935 cautissime
3018 4877 3216 4933 librare
3246 4876 3300 4931 in
3346 4876 3529 4932 divina
3569 4876 3760 4941 sciens,

2193 4975 2326 5031 nihil
2354 4970 2752 5042 imaginarium,
2789 4969 2862 5024 nil
2904 4969 3154 5024 sensuale
3184 4968 3250 5023 de
3276 4966 3385 5022 Deo
3432 4966 3688 5031 senserit,
3711 4974 3762 5021 et

2191 5083 2314 5123 cum
2344 5075 2461 5136 post
2486 5063 2910 5135 magnitudinem
2952 5060 3364 5123 revelationum,
3413 5058 3760 5113 tentationum

2191 5159 2483 5224 acerbitas,
2534 5158 2674 5228 quod
2718 5173 2856 5229 pene
2914 5170 3130 5224 semper
3179 5152 3460 5209 consuevit
3501 5152 3758 5217 accidere,

2191 5255 2479 5311 subsecuta
2505 5252 2688 5316 fuerit,
2723 5251 2907 5306 bestia:
2939 5250 3168 5312 irarum,
3217 5244 3615 5315 superbiarum,
3658 5253 3759 5300 ter-

2190 5361 2554 5417 renorumque
2585 5353 2849 5407 motuum,
2891 5341 2944 5394 id
2993 5350 3075 5394 est
3119 5338 3494 5407 cupiditatum,
3526 5337 3759 5407 reptilia-

2189 5456 2295 5511 que
2324 5439 2626 5499 libidinum,
2652 5431 2937 5489 rationalis
2970 5446 3175 5485 memor
3226 5430 3436 5498 imperii
3486 5432 3759 5486 servitium

2190 5548 2315 5589 mox
2347 5531 2586 5602 imponat
2617 5525 2851 5595 corpori,
2877 5534 2931 5578 et
2956 5538 3067 5579 suae
3095 5522 3375 5577 vindicans
3396 5522 3663 5579 libertatis
3691 5526 3761 5578 ίῖί-

2190 5628 2448 5697 gnitatem
2474 5637 2637 5691 super
2665 5620 2783 5674 haec
2804 5626 3056 5672 exerceat
3089 5615 3392 5686 potestatis.
3444 5614 3592 5670 Mare
3627 5614 3761 5672 Scri-

2190 5728 2405 5791 pturam
2442 5713 2707 5784 intelligo,
2750 5725 2869 5783 qua:
2907 5708 3183 5782 sapientia:
3215 5707 3328 5764 sale
3360 5708 3500 5767 salsa
3533 5710 3598 5765 ad
3628 5708 3760 5765 sitim

3681 238 3791 297 56
