4062 6354
2935 267 3017 280 ,νεα

224 346 293 407 5-;
1435 339 1798 399 MORALIUM
1835 339 1906 398 1N
1945 341 2244 400 GENESiN
2283 341 2412 400 LIB.
2451 342 2492 398 Ι.
3375 411 3380 422 ,
3425 358 3493 418 58

224 465 558 538 spiritualem
598 478 698 520 nos
734 466 1014 534 provocat,
1072 467 1127 516 et
1167 459 1549 515 contmotionis
1597 474 1807 528 magna:
1834 458 2100 516 Acrebro
2144 460 2360 530 ponitur
2405 461 2458 517 in
2509 459 2679 516 veteri
2743 463 2936 533 pagina
2991 477 3090 535 pro
3132 465 3217 532 in,
3265 479 3326 526 ut
3369 484 3490 534 est:

226 561 508 632 strepitum
543 558 592 613 in
621 556 876 612 cordibus
921 553 1298 624 ptenitentium
1353 554 1625 616 concitat,
1657 565 1806 605 men-

226 658 417 718 tesque
456 645 739 709 amaricat,
779 641 871 696 ubi
903 641 1048 696 inter
1092 641 1366 696 minarum
1397 640 1565 696 moles
1589 639 1808 694 timidus

223 746 477 810 peccator
517 751 581 791 ac
620 735 664 790 si
707 735 851 788 inter
893 731 1054 788 ﬂetus
1099 739 1382 786 exaestuat.
1422 730 1590 786 Piscis
1629 737 1807 784 autem

226 827 388 900 hujus
415 828 580 883 maris
625 825 904 898 ingenium
953 823 1224 890 naturale,
1275 820 1418 893 quod
1465 822 1582 892 ejus
1627 819 1808 875 abdita

227 920 532 993 investigat.

300 1011 464 1069 Vens.
510 1012 602 1067 27.
630 1007 934 1064 —Creavit
1005 1024 1137 1080 ergo
1186 1008 1326 1064 Deus
1397 1009 1694 1064 hominem:
1739 1008 1810 1062 ad

225 1105 506 1176 imaginem
534 1103 632 1158 Dei
676 1103 868 1158 creavit
910 1099 1079 1168 illum,
1119 1102 1435 1158 masculum
1461 1112 1510 1157 et
1558 1103 1810 1174 feminam

225 1199 418 1253 creavit
449 1213 554 1253 eos.
584 1197 752 1255 Recte
794 1197 970 1269 primo
1025 1199 1224 1254 dicitur
1274 1198 1436 1253 homo
1463 1195 1812 1265 singulariter

225 1299 462 1354 creatus,
490 1288 829 1358 postmodum
857 1286 1126 1344 masculus
1167 1297 1224 1342 et
1246 1285 1445 1342 femina
1473 1285 1662 1351 creati,
1684 1285 1810 1355 quia

226 1396 355 1440 ante
376 1385 874 1456 praevaricationem
908 1383 1049 1439 idem
1103 1383 1157 1438 in
1199 1397 1279 1448 se,
1327 1392 1382 1436 et
1426 1396 1690 1452 nusquam
1725 1379 1808 1435 di-

225 1490 416 1531 versus
441 1476 599 1531 homo
624 1485 764 1540 erat,
796 1475 887 1530 uni
923 1490 1022 1531 suo
1043 1473 1323 1530 Conditori
1365 1473 1619 1537 vacabat,
1663 1471 1738 1527 nil
1781 1486 1812 1526 a

224 1584 307 1636 se,
333 1569 406 1624 nil
441 1585 470 1624 a
499 1568 942 1624 Deoextraneum
965 1568 1270 1640 cogitabat;
1297 1576 1582 1638 postquam
1603 1574 1805 1630 autem,

219 1670 531 1734 contempto
553 1662 792 1717 auctoris
817 1663 970 1732 jugo,
996 1662 1077 1716 sui
1098 1660 1242 1732 juris
1272 1676 1392 1717 esse
1423 1659 1614 1724 voluit,
1643 1666 1694 1714 et
1716 1657 1810 1713 Dei

217 1756 449 1822 visione,
482 1770 588 1826 qua
624 1756 820 1818 crebro
849 1755 1215 1819 reficiebatur,
1241 1755 1439 1822 caruit,
1472 1763 1527 1810 et
1571 1753 1806 1823 seipsum

1911 548 1972 602 Si
2003 550 2297 612 memorfui
2324 551 2399 604 tui
2419 569 2574 622 super
2593 562 2816 606 stratum
2838 571 3008 610 meum
3041 556 3214 628 (Psal.
3248 577 3378 628 un,
3413 565 3491 636 7),

1909 639 2013 694 hoc
2043 649 2126 695 est
2158 640 2209 694 itt
2235 650 2406 696 stratn
2436 658 2573 696 meo.
2602 643 2887 700 Moventur
2915 647 3212 705 animantia
3243 652 3294 706 in
3324 663 3495 722 terra,

1907 733 2124 802 quando
2155 734 2221 787 ad
2248 733 2466 788 illicitos
2497 744 2675 790 motus
2701 737 2865 793 fatuae
2889 740 3241 810 cogitationes
3265 743 3496 802 illiciunt

1908 841 2135 898 corpora
2165 835 2373 882 nostra.
2393 826 2562 894 Super
2581 838 2797 898 terram,
2821 832 2873 886 id
2897 842 3002 901 est,
3018 849 3236 890 carnem
3252 849 3494 896 nostram

1907 918 2215 990 praecedere
2261 933 2392 974 sane
2445 927 2692 988 possunt,
2736 930 2791 974 et
2839 922 2892 975 in
2923 923 3006 978 his
3061 940 3183 995 qum
3229 927 3330 982 sibi
3367 938 3496 986 sunt

1909 1010 2184 1082 contigua,
2217 1010 2370 1081 quasi
2410 1012 2624 1080 quidam
2659 1011 2898 1067 latrones
2948 1018 3160 1083 praedas
3191 1033 3372 1089 agere,
3401 1020 3496 1076 sed

1911 1119 2093 1174 regem
2145 1103 2528 1173 imperiosum,
2590 1105 2855 1160 rationem
2897 1105 3185 1177 videlicet,
3249 1112 3392 1169 absit.
3436 1123 3500 1168 ut

1910 1198 2178 1252 ullatenus
2207 1207 2410 1268 queant
2433 1196 2701 1268 subigere.

1983 1291 2147 1347 Vens.
2183 1292 2272 1346 29.
2305 1322 2374 1332 —
2410 1290 2546 1346 Ecce
2573 1292 2694 1346 dedi
2715 1291 2856 1346 vobis
2884 1309 3094 1348 omnem
3115 1295 3331 1350 herbam
3356 1298 3489 1368 affe-

1911 1396 2108 1440 renlem
2157 1401 2329 1441 semen
2368 1401 2525 1454 super
2572 1393 2789 1447 (errant,
2845 1393 2892 1438 et
2925 1385 3169 1440 universa
3210 1385 3351 1457 ligna
3375 1404 3494 1458 qua:

1911 1480 2099 1534 habent
2151 1479 2206 1534 in
2254 1478 2542 1549 semetipsis
2589 1487 2866 1532 sementem
2919 1479 3122 1548 generis
3153 1480 3258 1545 sui,
3305 1488 3363 1533 ut
3394 1480 3501 1535 sint

1910 1571 2056 1627 vobis
2084 1570 2138 1624 in
2159 1586 2355 1634 eseam,
2381 1579 2429 1624 et
2460 1568 2659 1623 cunctis
2682 1567 3039 1622 animantibus
3061 1577 3233 1635 terrm,
3261 1571 3504 1642 omnique

1912 1663 2110 1718 volucri
2140 1661 2276 1728 caeli,
2327 1671 2374 1716 et
2427 1661 2682 1716 universis
2711 1677 2828 1731 qua:
2859 1671 3132 1715 moventur
3167 1663 3220 1716 in
3247 1671 3412 1730 terra,
3445 1662 3503 1718 in

1911 1757 2100 1824 quibus
2147 1765 2221 1811 est
2271 1757 2449 1809 anima
2485 1755 2678 1820 vivens,
2727 1764 2783 1808 ut
2814 1756 3038 1810 habeant
3077 1757 3145 1810 ad
3171 1756 3502 1812 vescendum.

217 1866 326 1906 non
355 1849 561 1914 habuit,
589 1851 714 1922 quia
739 1867 1013 1922 nunquam
1045 1859 1232 1921 postea
1261 1850 1418 1921 plene
1444 1850 1557 1905 suis
1574 1848 1810 1904 motibus
1843 1833 1887 1888 Β
1915 1847 2096 1903 Primo
2125 1847 2190 1901 ad
2218 1846 2456 1901 litteram
2485 1843 2937 1914 interjaciendum
2965 1846 3108 1917 quod
3131 1846 3354 1902 omnino
3378 1855 3506 1902 ante

216 1945 514 2009 dominari,
560 1945 661 2000 etsi
719 1945 910 2011 voluit,
968 1944 1173 2016 potuit;
1199 1955 1202 1958 ·
1227 1944 1350 2014 quia
1381 1943 1482 1998 etsi
1535 1943 1807 2012 Spiritum,
1915 1939 2173 1996 diluvium
2201 1939 2274 1993 illi
2304 1939 2478 2008 primo
2503 1939 2732 2009 tempori
2761 1955 2888 1995 esus
2908 1941 3155 1995 carnium
3185 1941 3240 1996 in
3268 1955 3368 1995 usu
3397 1953 3506 1994 non

217 2037 366 2106 quod
386 2046 472 2092 est
493 2037 790 2103 masculus,
818 2038 884 2091 ad
909 2036 1125 2092 fortiter
1157 2035 1498 2092 sentiendum
1530 2044 1623 2090 aut
1651 2049 1812 2106 agen—
1883 2023 1888 2030 ’
1916 2031 2040 2086 fuit.
2077 2031 2450 2102 Signiﬁcative
2491 2041 2672 2087 autem
2698 2031 2847 2098 licet,
2870 2033 3168 2087 secundum
3200 2033 3345 2104 quod
3366 2031 3509 2088 dixi-

221 2127 352 2181 dum
401 2127 616 2195 penitus
644 2143 751 2180 non
782 2127 1048 2198 perdidit;
1108 2128 1218 2181 Eva
1271 2136 1472 2190 tamen,
1523 2127 1722 2182 rebello
1759 2133 1814 2181 et
1884 2121 2040 2179 'mus
2086 2125 2141 2178 in
2177 2133 2411 2179 tractatu
2464 2123 2569 2178 diei
2606 2125 2770 2189 tertii,
2798 2125 3003 2194 possint
3026 2125 3140 2178 haec
3168 2124 3418 2194 intelligi,
3449 2133 3506 2178 et

225 2215 555 2272 indomitum
581 2217 802 2284 animal,
837 2231 1112 2289 nunquam
1159 2217 1419 2273 voluntati
1463 2218 1686 2288 spiritus
1716 2233 1813 2273 vo-

222 2309 460 2367 luntarie
485 2312 803 2382 acquiescit,
833 2315 925 2369 sed
961 2328 1176 2384 semper
1201 2314 1420 2369 virtutis
1456 2314 1637 2368 studio
1682 2314 1812 2368 dura

224 2405 454 2460 resistit.
485 2405 595 2460 Eva
621 2415 801 2462 autem
825 2415 910 2463 est
933 2422 1064 2462 caro
1093 2418 1303 2474 nostra,
1345 2425 1465 2480 quae
1491 2416 1816 2480 suggerente

222 2496 439 2553 diabolo
457 2497 798 2554 lenocinatur
821 2499 1042 2564 rationi,
1060 2507 1114 2554 et
1143 2499 1373 2554 inﬂectit
1401 2499 1467 2554 ad
1491 2514 1812 2554 consensum

224 2588 497 2659 appetitus
548 2589 836 2644 inhonesti.
868 2589 1036 2644 Adam
1077 2591 1236 2657 enim,
1291 2598 1349 2644 ut
1375 2590 1451 2644 ait
1501 2590 1812 2660 Apostolus,

223 2683 472 2738 seductus
523 2700 628 2738 non
673 2694 782 2750 est,
836 2685 928 2739 sed
967 2683 1100 2750 Eva,
1133 2685 1272 2740 unde
1312 2696 1357 2738 et
1399 2686 1566 2740 virum
1611 2685 1815 2739 seduxit

227 2771 278 2844 (Ι
308 2772 442 2827 Tim.
470 2789 531 2840 ιι,
557 2773 664 2847 ll).
698 2775 882 2831 Primo
908 2776 960 2830 in
985 2777 1204 2832 homine
1225 2777 1472 2847 quardam
1516 2775 1616 2831 fuit
1660 2777 1814 2832 iden-

230 2863 378 2930 titas,
405 2867 498 2921 sed
521 2882 587 2922 ex
611 2868 814 2938 peccati
845 2883 1006 2939 poena
1034 2869 1232 2924 accidit
1261 2869 1478 2924 demum
1508 2869 1816 2936 diversitas,

228 2965 289 3012 ut
314 2957 367 3013 in
408 2958 512 3014 duo
541 2959 871 3017 divideretur
896 2960 1224 3016 humanitas.

301 3051 468 3106 Vens.
497 3050 588 3106 28.
613 3051 771 3105 -Ει
815 3051 1078 3107 benedixit
1130 3054 1205 3107 eis
1227 3068 1246 3107 :
1305 3051 1534 3107 Crescite
1559 3095 1573 3120 ,
1631 3052 1730 3118 ait,
1772 3063 1820 3108 et

1911 2214 2067 2284 juxta
2121 2231 2184 2270 ea
2221 2231 2340 2286 quae
2372 2215 2424 2269 in
2479 2215 2600 2270 aliis
2628 2217 2875 2286 exposita
2906 2225 3032 2271 sunt
3055 2215 3261 2281 diebus,
3290 2231 3410 2286 quae
3440 2215 3510 2270 ad

1917 2308 2242 2365 vescendum
2293 2308 2368 2362 illi
2441 2309 2534 2379 qui
2573 2307 2686 2377 jam
2738 2323 2878 2363 nova
2931 2317 3185 2364 creatura
3233 2317 3318 2364 est
3379 2307 3508 2363 data

1891 2402 2198 2466 ‘dicuntur,
2256 2400 2310 2454 id
2361 2409 2445 2455 est
2506 2399 2574 2454 ad
2631 2399 2955 2455 imitandum
2991 2400 3378 2456 intellectualia
3418 2400 3510 2454 illa

1917 2509 2038 2565 qua:
2086 2493 2159 2548 ibi
2207 2491 2612 2559 describuntur,
2673 2507 2903 2564 quorum
2950 2492 3212 2563 exemplis
3254 2500 3508 2562 tanquant

1887 2579 2114 2662 'pabulo
2157 2587 2350 2644 debeat
2384 2589 2698 2656 sustentari,
2735 2595 2916 2644 tamen
2964 2595 3020 2643 et
3050 2587 3214 2642 aliter
3257 2585 3508 2653 forsitan,

1893 2682 1964 2738 'si
2017 2681 2378 2746 elaboremus,
2410 2696 2682 2752 exponere
2737 2682 3056 2750 poterimus.
3117 2678 3331 2744 Herba,
3385 2677 3512 2748 quia

1918 2772 2100 2828 brevis
2155 2781 2209 2828 et
2240 2773 2307 2826 ad
2338 2787 2555 2842 manum
2614 2770 2868 2840 contigua
2897 2779 2999 2835 est,
3044 2769 3514 2841 quaelibetcorpo-

1919 2865 2055 2922 ralia
2093 2867 2234 2921 bona
2259 2881 2551 2936 possumus
2597 2864 2870 2934 accipere,
2915 2871 2974 2918 ut
3003 2872 3087 2918 est
3105 2861 3382 2934 jejunare,
3411 2863 3511 2918 bo-

1922 2959 2083 3031 spitio
2114 2958 2389 3025 inducere,
2425 2958 2810 3014 eleemosinam
2839 2957 2990 3024 dare,
3025 2957 3240 3011 nescios
3269 2955 3512 3020 erudire,

1925 3059 1980 3106 et
2011 3060 2205 3107 caetera
2230 3067 2349 3122 quae
2375 3053 2690 3109 humanitas
2719 3055 2881 3108 habet
2910 3049 3200 3120 egentibus
3224 3047 3511 3119 exhibere;

229 3142 656 3214 multiplicamini
684 3184 700 3210 ,
752 3154 799 3197 et
837 3143 1024 3215 replete
1073 3154 1290 3199 terram.
1331 3144 1484 3200 Tunc
1527 3145 1821 3202 crescimus
1850 3189 1892 3247 Ο
1925 3160 2045 3216 qua:
2072 3145 2292 3214 quidem
2324 3145 2460 3200 satis
2485 3146 2625 3201 bona
2674 3155 2821 3211 sunt,
2855 3143 2949 3199 sed
2983 3151 3162 3197 tamen
3189 3141 3310 3198 sine
3345 3141 3515 3196 admi-

231 3243 288 3291 et
317 3235 894 3305 multiplicamur.cum
921 3237 1192 3308 replemus
1225 3246 1451 3305 terram,
1481 3238 1533 3292 id
1561 3250 1666 3307 est,
1699 3255 1821 3295 cum

232 3328 363 3383 boni
391 3329 571 3398 operis
598 3329 934 3384 exhibitione
983 3330 1312 3394 exteriorem
1356 3341 1602 3384 nostrum
1651 3332 1824 3385 homi-

236 3434 362 3474 nem
395 3435 658 3488 nusquam
692 3435 886 3474 vacare
907 3420 1294 3489 permittimus.
1320 3420 1428 3474 Aut
1453 3431 1602 3476 certe
1627 3421 1826 3475 cresci-

148 3548 157 3553 -
238 3525 384 3572 mus,
406 3524 527 3563 cmn
554 3523 619 3564 ex
648 3511 980 3565 incremento
1003 3519 1204 3565 sanctae
1227 3511 1457 3566 actionis
1479 3525 1576 3580 spe
1604 3510 1826 3566 meliore

237 3601 305 3656 ad
329 3615 562 3672 superna
599 3601 946 3672 porrigimnr.
1000 3601 1426 3671 Multiplicamur
1466 3611 1669 3667 autem,
1701 3618 1823 3657 cum

234 3693 500 3749 virtutum
550 3693 942 3748 numerositate
991 3693 1269 3749 fulcimur.
1327 3694 1395 3748 Et
1453 3694 1526 3748 ita
1586 3693 1825 3764 repletur

236 3795 409 3852 terra,
447 3801 568 3842 cum
598 3801 855 3842 sensuum
901 3795 1216 3842 nostrorum
1265 3787 1590 3842 universitas
1625 3803 1822 3842 secun-

234 3879 363 3936 dttm
387 3881 528 3950 quod
559 3881 756 3952 cuique
786 3881 1046 3952 competit
1072 3881 1138 3936 ad
1163 3881 1246 3952 pia
1289 3890 1585 3952 occupatur
1612 3882 1824 3938 exerci-

235 3973 332 4030 tia.
365 3974 470 4045 23
495 3972 564 4028 Et
593 3975 835 4046 subjicite
883 3993 1021 4030 eam.
1067 3975 1396 4045 Subjicimus
1444 3986 1665 4046 terram,
1698 3995 1823 4033 cum

234 4077 436 4124 nostra:
464 4069 653 4124 ditioni
681 4069 1063 4138 obtemperare
1119 4069 1494 4140 compellimus
1534 4070 1724 4135 Evam,
1766 4081 1825 4126 nt

235 4176 346 4218 non
376 4161 566 4216 ordine
593 4171 922 4233 praepostero
951 4162 1169 4228 ancilla,
1199 4163 1250 4218 id
1276 4172 1379 4229 est,
1403 4179 1530 4220 caro
1557 4163 1824 4220 rationem

237 4255 511 4325 praecedat
543 4256 840 4312 dominam.
899 4255 965 4312 Et
1000 4257 1345 4311 dominamini
1393 4258 1620 4327 piscibus
1663 4259 1826 4314 maris

240 4355 289 4400 et
332 4345 632 4401 volatilibus
679 4347 830 4414 caeli,
892 4357 940 4402 et
982 4348 1236 4402 universis
1299 4349 1658 4410 animantibus
1709 4367 1827 4422 qua:

241 4448 514 4494 moventur
549 4457 704 4510 super
744 4451 959 4496 terram.
1022 4439 1207 4497 Pisces
1260 4441 1366 4498 dici
1417 4443 1544 4499 item
1603 4456 1828 4516 possunt

1927 3237 2108 3293 niculo
2135 3237 2437 3308 aliquarum
2463 3238 2828 3310 spiritualium
2873 3237 3138 3292 virtutum
3175 3234 3342 3290 nulla.
3373 3233 3512 3289 Pos-

1925 3338 2054 3386 sunt
2107 3331 2248 3384 enim
2285 3339 2338 3384 et
2363 3331 2506 3386 bono
2564 3340 2619 3387 et
2661 3331 2803 3406 malo
2831 3331 3014 3386 animo
3043 3325 3270 3394 ﬁeri,et
3293 3329 3436 3394 ideo,
3470 3327 3515 3386 si

1925 3421 2085 3485 bene,
2137 3421 2188 3474 id
2219 3432 2304 3476 est
2365 3437 2472 3476 non
2507 3438 2692 3479 amore
2740 3423 2939 3489 laudis,
2971 3429 3064 3476 aut
3095 3434 3192 3492 per
3231 3419 3514 3484 invidiam,

1929 3524 1988 3569 ιιι
2009 3512 2216 3569 scilicet
2240 3514 2464 3569 alterius
2485 3514 2836 3570 obnubiletur
2857 3514 3079 3579 bonum,
3109 3513 3212 3569 ista
3237 3529 3300 3568 ac
3316 3513 3515 3568 similia

1928 3608 2080 3673 ﬁant,
2127 3607 2283 3662 valde
2338 3607 2489 3661 utilia
2527 3616 2671 3663 sunt.
2707 3607 2815 3662 Sed
2872 3615 3053 3663 tamen
3100 3621 3284 3664 semen
3323 3605 3518 3662 all‘erre

1926 3704 2146 3768 debent,
2180 3718 2299 3772 qua:
2320 3701 2520 3756 victmn
2553 3701 2677 3757 boni
2703 3701 2935 3772 exempli
2961 3701 3229 3773 spirituali
3253 3710 3519 3758 creatura:

1926 3795 2187 3867 prtcbent.
2239 3794 2437 3850 Semen
2469 3783 2665 3848 'herba
2716 3793 2880 3849 etiam
2934 3795 3202 3850 moriente
3234 3794 3370 3848 solet
3396 3807 3518 3848 esse

1925 3889 2226 3952 residuum,
2254 3887 2398 3942 unde
2459 3895 2743 3957 reparetur
2784 3901 2976 3958 genus.
3015 3885 3155 3955 Quid
3187 3886 3377 3949 herba,
3406 3883 3514 3938 nisi

1927 3981 2126 4037 bonum
2177 3997 2351 4052 Opus;
2382 3981 2509 4052 quid
2553 3981 2733 4037 herbm
2779 3997 2988 4048 semen,
3023 3981 3128 4036 nisi
3161 3981 3293 4035 boui
3327 3981 3515 4050 operis

1926 4075 2236 4145 prmmium,
2296 4074 2452 4145 cujus
2502 4075 2698 4130 intuitu
2741 4085 2797 4129 et
2826 4074 2914 4129 alii
2939 4077 3006 4130 ad
3036 4075 3174 4130 bene
3212 4061 3518 4145 gerendum

1927 4169 2198 4242 praecipue
2221 4177 2602 4238 provocantur.
2634 4169 2814 4224 Potest
2837 4170 3035 4226 bonum
3061 4184 3198 4241 opus
3227 4169 3518 4239 aliquando

1927 4259 2121 4328 videri,
2155 4260 2248 4315 sed
2279 4261 2331 4315 in
2364 4261 2458 4316 Dei
2485 4261 2656 4316 oculis
2684 4263 2914 4332 praemio
2935 4270 3108 4327 caret,
3138 4261 3263 4331 quia
3302 4261 3518 4331 agentis

1931 4351 2168 4408 intentio
2221 4352 2323 4408 etsi
2371 4368 2474 4408 non
2515 4368 2612 4424 pro
2657 4351 2837 4418 laude,
2886 4368 2979 4409 seu
3029 4345 3129 4424 per
3152 4341 3429 4416 invidiam,
3461 4360 3520 4424 ιιι

1933 4445 2188 4510 diximus,
2240 4453 2345 4512 est,
2401 4454 2578 4499 tamen
2629 4446 2766 4500 bona
2817 4461 2936 4514 qua":
2972 4435 3087 4515 agit
3115 4459 3218 4498 non
3247 4441 3518 4497 desiderio

247 4534 459 4588 astutia:
487 4535 792 4600 smculares,
822 4536 1019 4605 quibus
1064 4536 1346 4592 hominum
1392 4538 1604 4608 ingenia
1628 4539 1826 4596 callent
1859 4557 1907 4615 ι)
1933 4536 2120 4590 aeterni
2147 4536 2387 4592 muneris
2417 4542 2654 4596 exercet,
2695 4535 2786 4588 sed
2815 4542 2872 4587 ut
2899 4549 2928 4587 a
2957 4533 3065 4588 Deo
3105 4532 3206 4588 sibi
3233 4533 3519 4602 praesentis

249 4623 319 4679 ad
345 4625 691 4696 vestigandas
712 4629 932 4684 semitas
957 4629 1146 4695 maris,
1193 4630 1243 4685 id
1272 4639 1356 4686 est
1382 4632 1599 4702 negotia
1625 4632 1828 4688 saeculi.

249 4716 514 4774 Volucres
535 4717 696 4771 etiam
724 4720 891 4789 accipi
917 4731 1126 4790 queunt
1159 4722 1314 4779 elatae
1356 4723 1713 4800 superborum
1742 4739 1832 4780 co-

245 4811 562 4884 gitationes,
591 4810 790 4880 quibus
821 4820 971 4867 tanto
1016 4815 1246 4884 quisque
1298 4816 1581 4872 sublimius
1617 4817 1830 4884 evolat,

246 4910 452 4972 quanto
478 4901 631 4956 vanis
659 4900 874 4958 inﬂatus
898 4907 1181 4962 eventibus
1205 4909 1270 4962 de
1292 4923 1351 4963 se
1389 4908 1705 4979 gloriosiora
1737 4925 1826 4967 co-

248 4995 404 5065 gitat.
437 4995 746 5052 Animantia
771 5012 900 5053 vero
932 4999 1062 5069 quid
1105 5008 1232 5054 sunt
1283 5001 1387 5056 nisi
1435 5003 1829 5069 animositates,

248 5103 477 5162 quarum
532 5089 697 5144 millia
760 5091 967 5148 inlinita
1029 5093 1285 5149 cordibus
1343 5095 1520 5151 solent
1583 5098 1836 5156 humanis

249 5181 546 5250 obrepere?
582 5181 679 5237 Cui
709 5197 975 5240 consonat
1003 5186 1145 5258 quod
1187 5187 1424 5257 animus,
1452 5191 1593 5246 unde
1623 5192 1835 5248 animo-

191 5289 196 5294 ·
250 5275 384 5332 sitas
426 5284 510 5331 est
536 5316 551 5341 ,
578 5274 822 5333 Graecam
849 5279 1056 5337 habens
1105 5281 1504 5353 etymologiam,
1533 5299 1563 5338 a
1613 5285 1838 5341 nomine

251 5370 394 5441 quod
421 5378 505 5424 est
543 5379 723 5425 ventus
787 5372 1086 5428 derivatur.
1150 5373 1215 5428 Et
1255 5375 1386 5445 quid
1439 5375 1835 5444 animositates,

255 5476 388 5531 quas
445 5469 521 5516 tot
570 5470 788 5533 tamque
835 5466 1017 5521 varias
1067 5467 1384 5538 iueptasque
1439 5468 1699 5538 patimur,
1730 5469 1834 5524 nisi

251 5554 610 5610 ventositates
635 5559 1124 5628 congruentissime
1170 5561 1276 5615 dici
1321 5561 1540 5626 debent,
1567 5576 1686 5631 quae
1714 5561 1836 5632 qui-

253 5642 374 5699 dem
397 5644 577 5700 inania
607 5663 705 5702 nos
728 5658 988 5720 appetere
1011 5649 1256 5706 faciendo
1281 5667 1452 5723 usque
1479 5654 1544 5707 ad
1568 5653 1837 5724 crepitum

253 5750 356 5790 nos
385 5735 594 5801 inﬂant,
621 5747 672 5792 et
703 5740 839 5795 nihil
888 5740 994 5795 nisi
1046 5751 1329 5812 peccatum
1361 5743 1671 5816 explicant?
1716 5743 1841 5800 llrcc

254 5841 530 5890 moventur
549 5850 708 5908 super
729 5844 953 5908 terram,
980 5836 1084 5896 hoc
1113 5837 1167 5895 in
1196 5845 1281 5896 est
1310 5849 1481 5908 terra;
1513 5857 1669 5910 super
1691 5842 1835 5896 enim

1935 4631 2116 4686 saeculi
2171 4631 2506 4702 prosperitas
2559 4629 2780 4683 uberius
2827 4627 3155 4684 cumuletur.
3201 4625 3351 4684 Unde
3387 4627 3520 4684 dici-

1935 4735 2024 4781 tur
2054 4743 2066 4779 :
2103 4723 2288 4779 Oratio
2320 4726 2434 4793 ejus
2461 4723 2554 4793 ﬁat
2585 4722 2637 4777 in
2659 4732 2926 4792 peccatum
2968 4721 3141 4795 (Psal.
3171 4738 3323 4790 crttt,
3349 4723 3402 4788 6)
3422 4765 3435 4786 ,
3465 4723 3516 4776 id

1935 4829 2019 4876 est
2050 4833 2149 4888 pro
2177 4815 2308 4872 solis
2351 4814 2736 4882 temporalibus
2766 4823 2903 4870 oret.
2937 4814 3003 4868 Et
3025 4815 3098 4870 ibi
3127 4834 3139 4870 :
3173 4814 3522 4884 Conﬁtebitur

1937 4913 2050 4977 tibi,
2079 4927 2198 4966 eum
2230 4908 2543 4979 benefeceris
2574 4909 2618 4963 ei
2658 4907 2833 4981 (Psal.
2866 4924 3050 4974 vattt,
3095 4908 3204 4978 19).
3230 4908 3296 4962 Ει
3320 4904 3522 4960 Iudaeis

1937 5004 2246 5063 carnalibus
2277 5002 2411 5058 nihil
2438 5003 2490 5056 in
2533 5002 2648 5075 lege
2690 5003 2792 5058 nisi
2827 5001 3122 5072 temporale
3161 4999 3517 5070 promittitur.

1937 5097 2062 5154 Haec
2089 5097 2253 5153 herba
2285 5105 2343 5151 ut
2369 5111 2554 5151 semen
2584 5096 2804 5160 habeat,
2839 5105 3079 5151 mutetur
3110 5093 3361 5156 intentio,
3387 5105 3494 5160 qua
3530 5144 3533 5146 _

1941 5201 2094 5246 tenus
2116 5205 2182 5244 ex
2209 5204 2274 5244 eo
2307 5188 2397 5243 alii
2424 5188 2788 5252 suscitentur;
2815 5187 2992 5242 solent
3019 5185 3163 5240 enim
3194 5183 3526 5240 intentiones

1939 5283 2240 5355 aliquorum
2267 5281 2474 5350 judicio
2502 5281 2595 5336 Dei
2628 5281 2775 5348 justo
2802 5289 2894 5334 aut
2923 5281 3128 5349 apertis
3157 5276 3398 5348 ﬂagitiis,
3425 5286 3522 5333 attt

1938 5374 2208 5444 apostasia
2248 5373 2488 5443 qualibet
2537 5381 2820 5443 patescere
2870 5371 3032 5425 etiam
3083 5370 3134 5425 in
3163 5369 3442 5442 praesenti,
3475 5380 3530 5426 et

1941 5468 2063 5524 ideo
2101 5467 2312 5522 fructus
2355 5466 2478 5520 inde
2529 5464 2706 5519 nullus
2743 5473 2846 5519 est.
2892 5465 3023 5520 Nam
3057 5465 3148 5521 vix
3195 5466 3530 5521 adhibentur

1939 5559 2212 5630 exemplo,
2237 5571 2465 5628 quorum
2497 5555 2619 5609 linis
2645 5556 2908 5626 reprobus
2933 5562 3044 5610 'est.

2011 5652 2117 5708 Per
2143 5652 2285 5724 ligna
2310 5649 2594 5723 pomifera
2627 5651 2959 5721 spirituales,
2985 5667 3103 5722 quze
3129 5668 3234 5707 non
3261 5653 3360 5707 nisi
3386 5652 3529 5708 bona

1941 5747 2124 5803 animo
2159 5746 2314 5812 fiunt,
2347 5747 2632 5817 signantur
2670 5747 2928 5814 virtutes;
2965 5763 3062 5802 nec
3097 5745 3256 5802 malis
3279 5761 3528 5802 commu-

1940 5854 2038 5896 nes
2085 5853 2206 5896 esse
2259 5847 2485 5912 queunt,
2537 5849 2595 5896 ut
2648 5848 2777 5899 sunt
2803 5839 3064 5909 Charitas,
3101 5836 3401 5903 humilitas,
3429 5851 3527 5908 pa-
