4108 6324
607 377 674 434 ες,
1498 371 1562 430 γ.
1587 370 1914 430 GUlBERTl
1948 369 2242 429 ABBATIS
2270 367 2327 428 S.
2371 367 2612 426 MARUE
2655 370 2740 427 DE
2759 366 3158 428 NOVIGENTO

3811 375 3887 433 60

609 501 824 570 tientia,
853 506 908 558 et
937 497 1076 565 aliae,
1105 510 1223 569 quae
1256 499 1310 550 et
1339 507 1594 565 magnum
1629 491 1682 547 in
1710 506 1768 546 se
1795 491 1959 548 robur
1989 490 2189 546 habent
2218 494 2264 553 Α
2295 485 2451 541 nobis
2499 485 2835 557 supervenit,
2881 486 3013 558 quid
3061 485 3284 558 spiritus
3314 487 3582 560 malignus
3613 494 3882 562 suggerit,

609 592 950 660 constantia),
1006 597 1060 646 et
1107 587 1330 660 gloriam
1382 584 1736 652 excellentia},
1794 592 1846 640 et
1898 583 2186 638 utilitatem

611 688 825 744 fructus
875 686 939 737 de
985 678 1307 736 inuitatione.
1366 677 1431 732 Et
1483 691 1710 748 qtiteque
1754 685 1931 732 tamen
1996 675 2185 730 hat'um

609 788 886 833 sementem
909 756 990 828 inf
992 787 1048 825 ra
1079 785 1136 826 se
1164 770 1386 835 habeat,
1414 777 1470 824 ut
1497 784 1600 824 non
1631 783 1727 841 pro
1753 767 2183 833 externisrebus,

609 871 703 926 sed
735 873 828 940 pro
845 865 1019 920 salute
1049 864 1134 920 sui
1164 874 1394 929 interna,
1425 863 1622 918 bonum
1644 861 1816 934 ipsum
1843 860 1986 932 qttod
2008 860 2186 930 agitur

607 961 720 1018 ﬂat.
753 957 1076 1014 Volucrlbus
1111 971 1263 1025 ergo,
1323 954 1372 1008 id
1413 963 1497 1008 est
1544 953 1842 1008 eminentia
1876 951 2186 1006 sanctitatis

602 1051 868 1126 praeditis,
909 1062 962 1107 et
989 1047 1350 1106 animantibus
1389 1047 1714 1120 quibusque,
1742 1045 1947 1100 scilicet
1977 1060 2044 1100 ex
2082 1045 2186 1100 fide

603 1146 930 1209 viventibus,
952 1143 1043 1213 qui
1069 1151 1246 1197 motus
1267 1139 1635 1195 habentbonae
1657 1136 1905 1202 actionis,
1934 1136 1986 1190 in
2015 1145 2180 1202 terra,

601 1237 656 1293 id
683 1245 785 1300 est,
815 1235 870 1290 in
897 1234 1230 1290 exhibitione
1249 1243 1506 1301 corporea
1531 1228 1728 1284 dantur
1754 1225 2183 1291 advescendum,

603 1330 672 1385 ad
703 1343 884 1385 mores
910 1325 1183 1396 videlicet,
1231 1322 1579 1392 animmnqne
1600 1335 1754 1375 suum
1787 1319 1891 1392 piis
1927 1318 2188 1392 exemplis

605 1421 795 1477 talium
830 1418 1214 1476 roborandum.

676 1516 860 1572 Potest
895 1524 947 1570 et
976 1529 1073 1584 per
1119 1511 1354 1578 herbam,
1391 1526 1511 1584 quae
1541 1525 1630 1567 res
1685 1509 1821 1566 levis
1858 1517 1962 1574 est,
2010 1505 2188 1564 activa

606 1611 714 1665 vita
745 1605 972 1682 signari,
1003 1623 1122 1678 quae
1150 1606 1297 1662 omni
1343 1605 1437 1660 Dei
1477 1605 1674 1678 populo
1704 1613 1883 1676 patet;
1914 1618 2011 1675 per
2045 1602 2189 1674 ligna

603 1717 732 1757 vero
758 1715 970 1756 summa
1002 1699 1126 1755 vitae
1155 1697 1614 1768 contemplativze,
1644 1698 1696 1751 in
1728 1713 1831 1770 qua
1863 1695 2016 1767 pauci
2043 1695 2188 1750 litte-

606 1806 872 1872 ratorum,
915 1792 1296 1848 illiteratorum
1347 1807 1476 1847 vero
1527 1791 1714 1846 nescio
1744 1805 1810 1846 an
1843 1789 1963 1858 quis
1995 1786 2190 1842 mentis

2293 577 2422 648 quid
2443 578 2626 634 carnis
2654 577 2951 648 petulantia
2981 594 3046 636 ex
3079 592 3137 634 se
3167 579 3493 634 naturaliter
3520 582 3680 650 parit.
3709 582 3882 654 Operi

2290 669 2472 742 itaque
2503 671 2606 726 diei
2637 671 2796 740 lmjus
2817 672 2892 728 ttil
2913 672 3134 728 omnino
3158 673 3337 742 aptius
3357 657 3640 744 competit,
3658 677 3880 746 quando

2289 762 2451 816 homo
2501 763 2797 835 praeﬁcitur
2841 764 3194 835 disponendis
3225 766 3511 830 creaturis,
3543 781 3706 836 quant
3731 769 3878 846 quod

2286 850 2468 907 lumen
2499 854 2708 924 pariter
2732 855 2888 909 adest
2916 854 3280 909 clarissimum
3311 856 3676 916 discretionis.

2357 944 2486 1004 Car.
2517 945 2579 1012 ll,
2603 963 2756 1004 VERS.
2785 949 2910 1006 1.-
2933 947 3111 1022 Igitur
3137 948 3353 1020 perfecti
3372 959 3491 1006 sunt
3507 952 3618 1006 cwli
3639 962 3684 1014 et
3708 963 3877 1022 terra,

2291 1049 2339 1092 et
2371 1040 2540 1094 omnis
2592 1052 2812 1098 ornatus
2867 1057 3070 1098 eorum.
3100 1040 3232 1098 Casii
3259 1041 3634 1114 perficiuntur,
3659 1047 3878 1116 quando

2288 1142 2496 1188 mentes
2532 1132 2770 1190 fidelium
2805 1133 2930 1190 totis
2957 1133 3183 1190 rationis
3217 1134 3422 1192 viribus
3447 1136 3642 1194 divinae
3662 1139 3880 1209 sapien-

2289 1224 2377 1280 tiae
2402 1226 2762 1296 applicantur.
2809 1225 2978 1282 Terra
3004 1227 3311 1300 perficitur,
3333 1243 3484 1294 cum,
3523 1231 3651 1288 totis
3684 1233 3878 1302 sopitis

2287 1320 2558 1392 perversis
2587 1319 2842 1386 motibus,
2861 1321 3090 1378 rationis
3115 1320 3378 1378 voluntati
3409 1339 3539 1380 caro
3569 1324 3873 1396 subjicitur.

2290 1410 2395 1466 Sed
2419 1411 2541 1482 quis
2571 1412 2623 1468 in
2649 1427 2815 1468 carne
2839 1411 3054 1468 mortali
3097 1413 3307 1484 positus
3336 1414 3451 1470 hinc
3486 1415 3552 1476 ad
3575 1415 3873 1485 perfectum

2289 1501 2554 1574 expleat?
2580 1502 2747 1558 Nemo
2778 1502 2945 1560 Paulo
2983 1503 3198 1571 melior,
3223 1505 3315 1576 qui
3351 1506 3494 1562 videt
3515 1506 3674 1561 aliam
3700 1505 3872 1578 legem

2291 1593 2346 1650 in
2373 1593 2633 1650 membris
2653 1594 2765 1650 suis
2794 1605 3185 1666 repugnantem
3219 1596 3320 1668 legi
3351 1599 3549 1654 mentis
3579 1596 3753 1668 (Rom.
3778 1615 3872 1666 vti,

2288 1686 2403 1758 23),
2454 1688 2546 1758 qui
2601 1688 2849 1758 sequitur
2896 1688 2941 1744 si
2985 1690 3433 1762 comprehendat,
3487 1692 3580 1766 qui
3627 1707 3658 1746 a
3686 1708 3743 1748 se
3771 1709 3875 1752 non

2292 1781 2596 1837 arbitratur
2654 1784 3132 1854 comprehendisse
3187 1784 3354 1858 (Phil.
3404 1802 3484 1853 tu,
3521 1789 3630 1857 li).
3658 1790 3725 1846 Et
3756 1792 3875 1860 quis

603 1869 793 1962 pedem
829 1886 1048 1960 alligere
1085 1887 1276 1958 possit.
1317 1883 1431 1941 lloe
1471 1886 1521 1940 in
1557 1882 1974 1940 Deuteronomio
1996 1879 2193 1936 intelli-
2226 1869 2268 1924 Β
2295 1874 2430 1929 adeo
2487 1890 2673 1932 socors
2723 1875 2873 1955 Pauli
2928 1876 3248 1948 perfeCIioni
3279 1880 3501 1950 deroget
3532 1882 3555 1936 Τ
3583 1882 3700 1952 Ipse
3734 1885 3874 1940 enim

602 1983 750 2055 gitur”
769 1997 864 2053 per
892 1981 944 2036 id
972 1982 1114 2053 quod
1139 1980 1484 2054 prohibetur,
1527 1995 1594 2035 ne
1621 1979 1764 2050 quis,
1803 1977 1886 2033 vel
1911 1977 1964 2031 in
1994 1977 2190 2032 arbore

604 2076 719 2133 sive
765 2084 908 2134 terra
954 2076 1126 2146 posita
1187 2090 1287 2129 ova
1335 2091 1430 2130 seu
1485 2073 1657 2145 pullos
1687 2073 1929 2144 capiens,
1977 2073 2030 2128 iit
2064 2071 2190 2128 nido

603 2177 836 2225 matrem
855 2167 938 2224 his
961 2166 1309 2224 incubantem
1325 2166 1530 2240 pariter
1555 2166 1731 2236 rapiat
1757 2165 1938 2237 (Deut.
1954 2180 2092 2230 xxii,
2111 2162 2187 2236 6),

603 2270 666 2315 ut
692 2259 851 2331 longo
883 2268 1199 2315 mereantur
1233 2259 1416 2315 vivere
1469 2269 1731 2330 tempore.
1763 2259 1833 2314 Et
1867 2267 1950 2312 est
1975 2266 2192 2313 sentcn-

606 2353 680 2411 tia
713 2375 726 2411 :
766 2353 960 2410 Nostra
985 2370 1138 2412 mens
1164 2371 1285 2410 cum
1321 2365 1414 2412 aut
1441 2371 1541 2410 ova
1566 2357 1721 2412 bonae
1766 2356 2114 2427 cogitationis
2135 2361 2191 2408 et

604 2449 866 2524 propositi
899 2449 1065 2514 fovet,
1097 2459 1191 2504 aut
1236 2451 1392 2506 bona:
1435 2451 1528 2506 sed
1561 2460 1761 2507 tenera:
1789 2451 1965 2508 adhuc
1999 2463 2191 2520 apera-

607 2536 770 2593 tionis
817 2538 994 2610 pullos
1017 2555 1186 2613 usque
1214 2541 1280 2595 ad
1329 2557 1628 2614 congruunt
1653 2541 2001 2613 perfeCtio-nis
2026 2541 2190 2596 robur

605 2632 821 2699 nutrit;
869 2632 914 2688 si
964 2634 1086 2704 quis
1134 2631 1243 2708 24
1270 2635 1599 2705 experiendo
1639 2637 1938 2707 pervident,
1969 2646 2020 2690 et
2045 2635 2188 2710 piam

605 2723 960 2792 voluntatem,
995 2736 1052 2781 et
1081 2741 1216 2800 opus
1244 2729 1553 2798 religiosum
1588 2737 1772 2786 tenere
1813 2731 2070 2786 imitando
2097 2746 2190 2801 po-

606 2826 734 2885 test,
783 2820 878 2875 sed
926 2830 1179 2888 matrem,
1231 2822 1283 2878 id
1327 2831 1410 2880 est
1441 2823 1831 2880 conscientiam
1860 2825 2190 2895 operantisa

607 2910 752 2967 bono
803 2921 984 2985 empto
1028 2913 1326 2983 dimovere,
1379 2925 1470 2974 aut
1499 2917 1770 2973 dehortari
1806 2935 1910 2974 non
1934 2917 2111 2983 debet,
2145 2917 2190 2972 si

608 3013 873 3061 aeternum
927 3003 1163 3062 feliciter
1205 3009 1390 3064 vivere
1427 3008 1586 3068 volet.
1638 3008 1744 3066 Per
1786 3019 1982 3064 terram
2009 3017 2188 3066 autem

609 3095 864 3167 actualis,
921 3113 1020 3170 per
1069 3101 1321 3158 arborem
1377 3117 1506 3158 vero
1551 3102 1663 3158 vita
1699 3101 2189 3172 contemplationis,

609 3192 753 3264 quod
777 3193 896 3252 istic
915 3210 1012 3265 per
1035 3195 1255 3252 herbam
1279 3207 1332 3254 et
1356 3197 1604 3254 arborem
1630 3199 1862 3254 diximus
1879 3197 2118 3270 figurari.

680 3281 846 3341 Vens.
879 3283 968 3343 51.
995 3318 1063 3328 -
1091 3281 1158 3343 Et
1186 3290 1311 3345 vidit
1357 3289 1498 3348 Deus
1523 3303 1709 3348 cuncta
1759 3309 1874 3364 qua:
1897 3291 2112 3362 fecerat,
2142 3302 2190 3348 et

608 3387 759 3432 erant
797 3377 946 3438 valde
979 3381 1135 3438 bona.
1162 3381 1344 3448 Videt,
1375 3393 1432 3440 ut
1454 3383 1688 3442 diximus
1709 3401 1895 3454 supra,
1919 3395 1971 3440 et
1994 3384 2190 3454 swpius

609 3479 718 3538 eat,
749 3471 936 3526 videre
990 3489 1090 3528 nos
1120 3471 1267 3529 facit.
1318 3473 1514 3531 Videre
1559 3486 1739 3532 autem
1781 3492 2022 3532 nosu'um
2052 3475 2192 3531 sicut

610 3561 783 3632 ipsius
807 3561 902 3617 Dei
933 3564 1233 3634 approbare
1261 3574 1364 3632 est,
1389 3567 1513 3637 quia
1537 3568 1660 3623 dum
1680 3583 1947 3624 summam
1975 3566 2191 3620 virtutis

613 3653 953 3727 attingimus,
985 3655 1060 3710 ita
1084 3655 1137 3710 in
1159 3665 1406 3712 naturam
1435 3659 1664 3714 vertitur
1689 3659 1813 3714 boni
1838 3673 2009 3722 amor,
2040 3667 2116 3723 ut,
2145 3656 2190 3712 si

612 3746 778 3802 etiam
835 3749 1052 3820 impune
1092 3766 1322 3822 peccare
1376 3751 1584 3820 liceret,
1616 3769 1888 3824 nunquam
1919 3751 2133 3806 animus
2159 3765 2190 3804 a

611 3837 748 3892 recti
775 3847 961 3896 tenore
977 3841 1207 3912 gradum
1239 3842 1564 3900 deflecteret.
1615 3845 1871 3900 Videmus
1892 3861 2021 3916 ergo
2049 3845 2189 3906 bona

613 3942 734 3999 quae
763 3929 903 3986 Deus
940 3930 1132 3988 indidit
1159 3935 1336 4002 nobis,
1367 3935 1419 3990 id
1451 3944 1534 3991 est
1557 3919 1924 4007 intelligimus.
1964 3937 2113 3994 Unde
2136 3950 2192 3996 et

612 4029 799 4077 sextus
820 4023 937 4078 dies
965 4026 1225 4093 occurrit,
1251 4036 1303 4081 et
1329 4028 1532 4098 pariter
1551 4043 1580 4083 e
1605 4027 1822 4098 regione
1840 4039 1988 4084 sexta
2013 4031 2189 4101 gratia

613 4113 852 4187 Spiritus
883 4117 1186 4175 intellectus
1214 4121 1408 4178 illuxit.
1450 4122 1584 4178 Cum
1620 4123 1761 4179 Deus
1784 4139 1892 4178 sua:
1916 4125 2189 4182 hominem

612 4207 835 4280 imagini
873 4210 1293 4283 conflguratum,
1347 4224 1404 4270 ut
1431 4217 1573 4272 inter
1621 4217 1798 4286 pisces
1833 4226 1888 4272 et
1925 4217 2187 4285 volatilia,

611 4312 936 4370 rursumque
964 4303 1177 4373 reptilia
1199 4301 1532 4361 discreturos
1563 4306 1979 4365 intellectualem
2001 4326 2189 4380 quam-

612 4389 736 4447 dam
765 4395 1080 4452 cathedram
1129 4397 1370 4458 haberet.
1409 4396 1530 4469 jura
1557 4399 1743 4468 judicii
1771 4403 2044 4472 possidere
2067 4405 2189 4476 jus-

610 4483 794 4548 sisset,
841 4495 1108 4557 quatenus
1161 4491 1360 4562 quibus
1404 4492 1719 4548 transitorie
1776 4493 1878 4559 uti,
1925 4496 2190 4568 quibusve

609 4577 941 4636 teternaliter
964 4579 1068 4635 frui
1099 4582 1342 4650 deberet,
1367 4583 1560 4648 sciret;
1590 4593 1644 4639 et
1675 4601 1794 4654 qua:
1821 4587 1872 4642 in
1899 4603 1954 4643 se
1975 4605 2186 4660 rapere,

610 4671 808 4742 quibus
843 4689 901 4729 se
934 4674 1248 4744 informare,
1306 4693 1426 4748 quae
1476 4679 1578 4734 sibi
1639 4681 1887 4752 subigere
1925 4685 2187 4754 quibusve

610 4763 877 4822 dominari
933 4777 1232 4842 oporteret,
1291 4781 1628 4842 agnosceret.
1685 4773 1823 4840 Quid
1861 4778 2186 4838 eminentius

607 4863 731 4927 post
781 4859 1098 4929 dignitatem
1135 4863 1472 4932 spiritualem
1526 4867 1654 4922 dare
1689 4868 1737 4923 ci
1771 4871 1962 4940 potuit,
1995 4873 2098 4926 nisi
2128 4875 2184 4928 ut

607 4949 924 5020 angelorum
956 4955 1357 5022 quodammodo
1389 4973 1648 5028 suppares
1675 4959 1872 5018 faceret
1902 4963 1923 5016 ἶ)
1951 4962 2006 5018 Si
2039 4964 2183 5020 enim

608 5041 840 5100 dicimus
865 5045 1007 5114 quod
1038 5045 1090 5100 in
1117 5045 1216 5101 hoc
1244 5047 1431 5103 bestiis
1452 5052 1860 5120 prmcminemus
1881 5055 2022 5124 quod
2039 5054 2183 5126 loqui

605 5147 916 5204 possumus,
951 5136 1254 5206 respondeo
1303 5139 1520 5208 quidem
1548 5157 1612 5196 ex
1651 5152 1804 5212 parte
1830 5159 2016 5198 verum
2047 5145 2185 5212 fore,

607 5223 702 5278 sed
729 5226 774 5280 si
801 5225 1156 5294 advertimus,
1174 5227 1416 5299 profecto
1440 5231 1742 5288 iuveninms
1769 5235 1892 5304 quia
1921 5235 2006 5290 vix
2035 5237 2188 5294 nobis

608 5315 815 5389 aliquid
837 5316 1066 5373 invicem
1093 5319 1345 5377 disertius
1372 5322 1636 5395 loquendo
1664 5327 1904 5381 intimam
1917 5345 1998 5394 us,
2024 5345 2186 5402 quam

609 5407 714 5465 illae
741 5412 1037 5466 secundum
1069 5426 1224 5468 suum
1277 5416 1491 5472 modum
1526 5426 1679 5488 gestu
1707 5433 1770 5473 ac
1797 5420 2034 5475 vocibus.
2071 5421 2186 5478 Non

608 5518 738 5574 ergo
787 5503 904 5558 hac
953 5501 1252 5561 differentia
1308 5524 1500 5581 magne
1549 5509 1811 5566 laodamia
1843 5521 1945 5578 est,
1980 5514 2071 5570 sed
2101 5513 2188 5568 illa

610 5608 980 5665 summopere,
1005 5611 1110 5664 qua
1142 5614 1239 5669 per
1283 5601 1692 5675 intelligentiam
1723 5606 1814 5660 Dei
1839 5617 1894 5662 et
1922 5607 2185 5662 bonorum

611 5688 819 5757 angelis
844 5692 1258 5750 concordamus.
1297 5695 1420 5752 llaec
1453 5707 1540 5754 est
1567 5715 1684 5771 quae
1716 5701 1782 5754 ab
1814 5701 2067 5771 Apostolo
2098 5718 2190 5772 ap-

608 5783 843 5855 pellatur
889 5782 1150 5844 dizcretio
1205 5790 1514 5862 spirituum,
1545 5811 1649 5866 qua
1680 5796 1932 5852 videlicet
1975 5797 2186 5853 intelle-

604 5874 772 5938 ctuali
820 5876 1009 5950 palato
1062 5883 1302 5954 sapimus
1356 5885 1410 5956 (l
1459 5884 1580 5944 Cor.
1620 5888 1833 5960 xu,10)
1864 5888 1991 5960 quid
2021 5905 2050 5944 a
2079 5889 2190 5948 Deo

2295 1969 2432 2024 nihil
2487 1969 2589 2026 sibi
2639 1971 2893 2027 conscius
2947 1981 3051 2038 est,
3085 1973 3178 2028 sed
3210 1989 3315 2028 non
3347 1974 3400 2029 in
3428 1976 3876 2047 liocjustiticatus

2295 2070 2378 2118 est
2403 2062 2452 2131 (1
2485 2062 2608 2119 Cor.
2663 2081 2733 2128 tv,
2773 2065 2850 2136 4).
2883 2065 3161 2122 Perfectus
3191 2077 3370 2124 autem
3403 2069 3636 2127 dicimus
3664 2082 3877 2130 sanctos

2292 2156 2460 2222 viros,
2487 2158 2539 2212 in
2569 2169 2829 2229 quantum
2881 2160 3086 2230 patitur
3139 2163 3439 2230 corporalis
3479 2163 3796 2230 infirmitas,
3827 2166 3874 2222 in

2293 2263 2398 2317 qua
2427 2250 2664 2319 quandiu
2696 2261 2843 2314 sunt,
2887 2249 3002 2306 fieri
3029 2267 3133 2308 non
3158 2262 3335 2322 potest
3363 2262 3418 2310 ιιι
3441 2254 3507 2310 ad
3535 2269 3654 2312 eam
3687 2258 3875 2320 animi.

2295 2341 2585 2412 carnisque
2608 2343 2819 2414 possint
2843 2346 3108 2413 attingere
3131 2359 3345 2416 pacem,
3375 2362 3539 2418 quam
3563 2357 3657 2404 aut
3684 2348 3878 2406 habent

2295 2433 2496 2506 angeli,
2523 2445 2614 2489 aut
2648 2436 2880 2490 habituri
2904 2445 3031 2492 sunt
3059 2447 3178 2510 post
3207 2441 3662 2498 resurrectionem
3686 2443 3876 2500 sancti.

2295 2526 2530 2582 Ornatus
2576 2539 2754 2584 autem
2805 2544 2993 2586 eorum
3059 2540 3141 2588 est
3190 2533 3450 2605 quidquid
3500 2537 3566 2590 ad
3625 2539 3877 2596 virtutem

2293 2622 2459 2684 animi
2517 2631 2610 2677 aut
2663 2623 3004 2680 honestatem
3057 2631 3325 2698 corporis,
3386 2638 3477 2684 aut
3529 2647 3627 2702 per
3681 2633 3873 2690 borum

2299 2729 2464 2784 epera
2514 2714 2721 2772 dierum
2779 2716 3057 2794 innititur,
3115 2728 3210 2784 aut
3261 2719 3396 2778 alias
3447 2721 3676 2797 legendo
3725 2740 3875 2798 repe-

2297 2806 2453 2860 ritur.

2369 2896 2530 2954 Vens.
2559 2898 2612 2952 2.
2639 2931 2709 2940 ——
2736 2899 3124 2980 Compfevitque
3175 2905 3314 2962 Deus
3361 2908 3447 2964 die
3500 2911 3723 2977 septimo
3751 2928 3877 2982 opus

2295 3007 2446 3046 suum
2498 2993 2638 3063 quod
2668 2994 2886 3064 fecerat,
2937 3008 2984 3054 et
3017 3000 3262 3070 requievit
3291 3000 3375 3056 die
3403 3004 3624 3071 septimo
3651 3005 3716 3060 ab
3740 3007 3878 3059 enini

2297 3100 2450 3156 apere
2501 3087 2641 3156 quod
2691 3097 2951 3158 μαίνηται.
2986 3089 3214 3158 Quando
3251 3108 3348 3149 nos
3381 3095 3658 3166 quidpiam
3685 3112 3878 3168 opera-

2298 3191 2439 3239 mur,
2468 3176 2582 3248 ipsa
2609 3179 2693 3233 die
2743 3197 2846 3252 qua
2883 3183 3213 3254 perlicimus,
3248 3185 3362 3256 ipsa
3389 3188 3568 3257 potius
3598 3205 3759 3260 quam
3791 3206 3877 3247 se-

2222 3263 2266 3327 C
2298 3272 2482 3340 quenti
2502 3287 2599 3327 nos
2616 3273 2917 3345 complesse
2931 3292 3067 3348 opus
3088 3277 3340 3336 dicimus.
3371 3281 3438 3336 Et
3460 3282 3587 3353 quid
3607 3284 3877 3354 significat

2298 3362 2440 3431 quod
2469 3362 2606 3420 Deus
2627 3381 2732 3422 non
2755 3378 2928 3434 sexta,
2956 3370 3049 3425 sed
3067 3373 3294 3442 septima
3325 3373 3410 3428 die
3430 3389 3593 3445 opera
3617 3376 3872 3446 explicat,

2298 3454 2400 3509 nisi
2433 3458 2574 3528 quod
2612 3459 2736 3513 vitae
2781 3464 3066 3536 praesentis
3115 3474 3302 3519 sancta
3329 3481 3449 3536 quae
3478 3483 3574 3537 per
3599 3484 3696 3524 nos
3718 3467 3880 3524 etlicit

2298 3549 2584 3615 exercitia,
2637 3567 2743 3606 non
2791 3554 2843 3606 in
2895 3554 2998 3610 hoc
3047 3563 3308 3626 tempore,
3353 3574 3473 3628 qua:
3499 3569 3653 3615 sexta
3681 3561 3879 3616 dicitur

2296 3647 2452 3705 :etas,
2481 3643 2574 3696 sed
2601 3643 2651 3698 in
2683 3645 2938 3720 septima,
2972 3647 3024 3703 in
3050 3664 3154 3719 qua
3180 3651 3542 3707 sabbatismus
3570 3653 3875 3709 animarum

2297 3733 2494 3804 populo
2531 3736 2622 3791 Dei
2681 3746 2870 3801 restat,
2907 3757 3029 3796 eum
3061 3744 3340 3812 pranuium
3386 3743 3704 3812 reddiderit,
3751 3757 3876 3802 tunc

2299 3826 2598 3883 terminat?
2628 3829 2760 3886 Nam
2818 3833 3056 3902 quandiu
3103 3835 3156 3890 in
3197 3835 3298 3891 hoc
3327 3835 3574 3907 degiuius
3598 3838 3816 3903 saeculo,
3844 3855 3873 3894 a

2299 3919 2437 3974 bene
2492 3923 2700 3992 agendo
2746 3926 2988 3996 requiem
3054 3942 3158 3982 non
3195 3943 3483 3998 possumus
3530 3931 3750 3997 habere,
3779 3949 3874 3989 nec

2299 4011 2575 4068 debemus.
2622 4014 2677 4070 lu
2712 4018 2941 4088 septima
2999 4028 3179 4074 autem
3232 4023 3414 4076 mundi
3446 4030 3607 4079 aetate
3633 4038 3662 4076 a
3695 4023 3876 4080 labore

2297 4101 2704 4176 laxamur,quia
2730 4105 2884 4175 juxta
2915 4109 3042 4164 illud
3066 4109 3206 4167 Job:
3236 4111 3304 4168 In
3327 4114 3549 4186 septima
3577 4131 3679 4170 non
3704 4125 3875 4186 tanget

2298 4212 2391 4254 nos
2429 4195 2627 4252 malum
2671 4199 2815 4270 (Job.
2845 4218 2898 4270 v,
2939 4202 3064 4274 i9);
3101 4205 3191 4260 ubi
3229 4208 3452 4273 mensis,
3493 4209 3544 4264 id
3595 4218 3680 4266 est
3703 4209 3876 4279 perfu-

2297 4292 2405 4347 clio
2433 4294 2802 4364 beatitudinis,
2820 4299 2924 4353 erit
2951 4299 3175 4380 perfecti
3204 4301 3631 4370 laborismense,
3659 4313 3713 4360 et
3737 4303 3873 4360 Sab-

2297 4387 2479 4444 batum
2517 4401 2732 4447 :cternre
2755 4395 2963 4465 requiei
2990 4397 3162 4465 nobis,
3191 4398 3278 4467 qui
3307 4399 3674 4468 requievin'tus
3702 4417 3730 4456 a
3758 4417 3878 4471 per-

2297 4496 2454 4537 verso
2485 4498 2668 4552 opere.
2702 4485 2756 4540 ln
2789 4487 2890 4544 hac
2912 4503 3041 4560 ergo
3063 4491 3167 4546 vita
3195 4499 3406 4560 tempus
3425 4500 3509 4546 est
3530 4493 3874 4562 agonizandi,

2297 4573 2406 4628 illic
2461 4576 2618 4632 nobis
2644 4582 3104 4636 restatzeternitas
3145 4585 3460 4639 coronandi.
3489 4585 3698 4641 Vanum
3732 4586 3876 4641 enim

2220 4657 2263 4715 υ
2296 4664 2452 4719 nobis
2477 4667 2634 4722 debet
2656 4669 2822 4724 videri
2859 4682 2985 4728 ante
3008 4673 3136 4730 illud
3159 4691 3318 4732 mane
3345 4677 3613 4744 ultimum,
3645 4693 3753 4748 quo
3785 4679 3876 4735 Dei

2296 4758 2730 4816 tnisericordiam
2787 4779 2907 4818 cum
2945 4764 3233 4823 Psaltnista
3264 4785 3451 4826 sunms
3479 4773 3738 4840 audituri,
3772 4789 3878 4846 quo

2298 4849 2436 4904 Deus
2464 4850 2786 4921 illuminjtbit
2808 4856 3124 4914 abscondita
3145 4861 3388 4918 cordium
3409 4861 3582 4934 (Paul.
3612 4867 3875 4939 cxr.tt,5),

2296 4943 2347 4996 in
2381 4944 2729 4999 securitatem
2767 4947 3000 5018 aliquam
3033 4952 3098 5008 de
3127 4952 3266 5008 bona
3297 4965 3482 5014 nostra
3509 4957 3721 5014 actione
3759 4975 3879 5014 sur-

2295 5051 2441 5108 gere,
2499 5036 2550 5091 id
2599 5047 2701 5106 est,
2751 5042 2918 5113 erigi;
2953 5045 3045 5100 sed
3080 5056 3365 5117 postquam
3405 5049 3456 5104 in
3490 5049 3592 5104 hac
3629 5051 3878 5106 convalle

2295 5131 2680 5203 lacrymarum,
2711 5152 2831 5208 qua:
2862 5137 3014 5194 locus
3043 5149 3126 5195 est
3155 5156 3291 5195 auro
3318 5142 3556 5207 Arabiae,
3594 5144 3644 5198 id
3669 5154 3754 5200 est
3776 5145 3878 5199 liu-

2295 5224 2514 5279 tnilibus
2551 5225 2763 5294 electis,
2813 5230 2866 5284 in
2909 5245 3014 5300 quo
3045 5229 3368 5298 conﬂentur,
3417 5243 3474 5288 et
3497 5233 3650 5303 juxta
3683 5235 3876 5292 Danie-

2295 5325 2399 5382 lem
2431 5327 2746 5383 dealbentur
2768 5323 2930 5394 (Dan.
2963 5340 3039 5390 in,
3069 5324 3186 5394 '55),
3212 5326 3536 5393 sedet-imus,
3576 5328 3627 5384 itt
3661 5327 3877 5384 humili-

2300 5429 2408 5476 tate
2439 5423 2648 5478 scilicet
2672 5436 2769 5476 nos
2815 5419 3265 5489 depresserimus,
3294 5432 3420 5478 tunc
3442 5426 3793 5494 surgendum,
3825 5423 3878 5480 id

2300 5525 2384 5573 est
2431 5515 2495 5572 ad
2529 5515 2752 5587 gloriam
2779 5511 3126 5581 aSpiraudum
3153 5511 3307 5568 nobis
3327 5518 3536 5584 est,qui
3561 5518 3612 5572 in
3640 5519 3724 5574 his
3747 5535 3877 5589 qua-

2303 5609 2549 5680 draginta
2601 5607 2757 5660 annis
2811 5606 3082 5659 desertum
3135 5605 3366 5664 ldumeae
3408 5610 3781 5678 inhabitaudo,
3815 5612 3882 5668 de

2300 5716 2407 5772 quo
2453 5699 2650 5755 clamat
2677 5697 2840 5750 David
2875 5714 2886 5748 :
2923 5694 3083 5759 Deus,
3129 5695 3269 5749 Deus
3297 5715 3462 5764 meus,
3511 5703 3579 5756 ad
3607 5714 3656 5757 te
3679 5704 3742 5758 de
3769 5704 3880 5758 luce

2299 5793 2454 5865 vigilo
2487 5789 2659 5860 (Psnl.
2684 5806 2818 5856 LXII,
2843 5790 2930 5860 '2);
2961 5789 3074 5844 solo
3100 5788 3398 5857 spiritualis
3423 5810 3633 5852 manna:
3659 5799 3875 5865 pabulo,

2301 5885 2597 5954 Seripturis
2611 5885 2814 5940 scilicet
2833 5881 3004 5939 sacris
3017 5879 3370 5951 delectamur,
3401 5895 3455 5940 et
3479 5904 3670 5956 panem
3701 5900 3879 5947 tamen
