4062 6354
115 285 128 302 “
215 347 290 404 ut
949 318 954 324 ’
1449 340 1814 402 διοιιΑιιιιιι

1939 337 2234 399 GENESIN
2274 329 2386 398 Lte'
2421 339 2487 398 ιι.
3218 311 3222 316 ’
3449 335 3520 392 se

225 459 452 519 doloris
505 439 900 516 manduca-mus"
956 456 1131 532 (Psal.
1173 439 1356 526 exivi,
1411 459 1493 533 2),
1527 460 1650 530 quia
1686 468 1830 516 totus
1859 460 1908 520 Α
1933 457 2282 532 prolongatus
2303 467 2388 513 est
2414 455 2588 531 (Psal.
2615 465 2763 524 "cxtx,
2792 455 2910 530 '20),
2937 453 3231 528 phrenesin
3257 454 3513 528 gaudium

220 564 434 611 noster
457 553 707 610 lectusin
731 559 916 608 nostra
941 551 1256 608 infirmitate
1281 557 1646 618 versatur;ct
1673 552 1829 622 panis
1933 549 2192 605 szeculare
2246 557 2522 620 putantes,
2570 559 2623 605 et
2671 566 2883 606 coronae
2948 566 3169 607 causam
3225 565 3513 622 pressurus

222 646 328 702 ille
349 663 449 719 pro
469 663 575 718 quo
594 643 1003 718 reprobi,juxta
1020 644 1333 711 Jeremiam,
1356 645 1594 700 Pretiosa
1615 661 1829 717 qumque
1932 653 2096 714 atque
2153 645 2386 701 dolores.
2420 645 2500 699 Ad
2525 646 2663 701 hanc
2697 646 2860 718 igitur
2895 645 3002 718 25
3032 645 3319 718 septimam
3347 645 3512 711 diem,

221 741 498 795 dederunt
547 738 766 810 (Thren.
796 755 836 804 ι,
876 737 989 810 ii),
1021 753 1120 808 pro
1159 738 1438 810 temporali
1471 739 1718 794 videlicet
1739 754 1830 795 vo-
1934 739 1984 794 id
2009 746 2113 807 est,
2141 738 2595 808 perfectissimam
2639 739 2811 794 lucem
2838 755 2962 794 cum
2997 738 3426 808 pervenerimus,
3459 737 3514 793 in

221 829 450 901 luptate
493 829 813 886 insumenda
853 845 1009 885 suam
1036 831 1278 902 ipsorum
1310 831 1536 886 salutem
1584 830 1667 886 vel
1710 831 1828 888 ani-
1932 845 2186 900 supremo
2213 831 2404 902 gradu,
2446 830 2538 900 qui
2582 839 2662 885 est
2699 830 2997 900 sapientiae,
3024 831 3215 902 pedem
3249 830 3413 884 animi
3445 829 3519 884 lo-

226 937 363 978 mas
394 924 772 989 vendiderunt,
834 924 889 978 in
922 924 1032 979 vita
1063 932 1247 979 nostra
1274 924 1334 979 fit
1365 924 1522 980 nobis
1546 923 1826 980 abomina-
1929 921 2196 986 cabimus,
2229 922 2354 992 quia
2381 920 2631 976 irradiati
2659 921 2774 976 sine
2797 919 2922 986 fine,
2946 930 2998 976 et
3027 921 3188 976 ullius
3215 919 3514 992 interpola-

228 1012 384 1081 bilis,
410 1015 516 1070 heu
554 1014 712 1072 nobis
741 1015 1168 1086 conclamantes,
1197 1017 1323 1090 quia
1346 1017 1613 1074 incolatus
1641 1026 1828 1074 uoster
1931 1014 2081 1069 tione
2101 1012 2398 1085 spiritualis
2433 1011 2647 1084 vesperi
2686 1011 2857 1068 Deum
2881 1011 3175 1084 sapiemus.
3207 1013 3383 1068 Amen

1415 1129 1648 1204 Explicit
1681 1131 1812 1190 liber
1831 1133 2035 1207 primus
2062 1131 2372 1194 Moralium.

233 1273 3510 1314 mm

943 1421 1494 1514 INCIPIT
1597 1409 2055 1514 LIBERI
2126 1423 2854 1516 SECUNDUS

1043 1637 1797 1760 MORALIUM
1859 1642 2008 1758 IN
2097 1639 2761 1764 GENESIN.

1741 1842 2060 1862 ἢ

311 1995 586 2068 Superiori
617 2003 925 2051 commento
959 2002 1246 2065 postquam
1293 1994 1436 2050 Deus
1467 1994 1662 2051 ccelum
1719 2005 1828 2052 ter-
1853 1982 1904 2043 Β
1937 1997 2202 2054 solvatur.
2230 2000 2388 2056 initia
2413 1999 2559 2056 enim
2592 1967 2974 2055 nostra-mista
3001 2006 3129 2056 sunt
3155 1998 3331 2060 malis.
3365 1999 3522 2060 Unde

226 2103 470 2159 ramque
497 2089 864 2156 discreverat,
892 2087 1022 2157 quid
1074 2087 1267 2142 diebus
1295 2087 1597 2157 quibusque
1621 2085 1830 2154 fecerit,

232 2181 384 2236 cmio
445 2189 700 2250 terraque
745 2180 1043 2250 procedere
1095 2185 1384 2233 tractatum
1430 2186 1535 2234 est.
1576 2177 1835 2250 Sequitur

234 2287 373 2343 ergo
405 2273 631 2344 mystica
666 2272 909 2326 narratio
935 2271 1122 2327 dicens
1147 2289 1160 2324 :

317 2364 476 2418 Vens.
518 2362 574 2416 4.
612 2361 740 2418 Ista:
777 2364 1142 2426 generationes
1167 2362 1283 2418 caeli
1328 2371 1376 2418 et
1423 2371 1594 2429 terrae,
1623 2363 1833 2434 quando

237 2467 431 2512 creata:
458 2464 578 2510 sunt
606 2456 660 2510 in
704 2456 787 2510 die
837 2472 941 2526 quo
975 2455 1098 2526 fecit
1125 2457 1267 2510 Deus
1315 2459 1498 2510 calum
1543 2465 1592 2511 et
1616 2466 1830 2509 terram.

237 2550 298 2604 In
345 2549 452 2617 die,
478 2550 671 2619 inquit,
703 2549 756 2604 id
803 2559 888 2605 est
945 2549 1000 2604 in
1065 2549 1154 2603 illa
1198 2549 1396 2605 mentis
1436 2549 1830 2615 illustratione,

239 2660 340 2715 per
361 2659 522 2714 quam
547 2643 614 2698 de
633 2643 966 2698 obscuritate
985 2641 1322 2698 confusionis
1338 2643 1588 2698 vitiorum
1611 2641 1829 2708 omium,

244 2738 388 2810 quod
418 2746 501 2792 est
531 2737 693 2804 ratio,
722 2751 752 2790 a
799 2747 969 2804 terra,
1016 2736 1221 2793 carnali
1271 2736 1480 2792 scilicet
1535 2736 1834 2792 suscitatur

245 2831 460 2900 adiectu,
531 2833 630 2887 ista
666 2847 786 2902 quze
837 2841 1045 2904 septem
1105 2832 1318 2900 diebus,
1375 2840 1581 2904 septem
1645 2833 1834 2904 utique

245 2926 416 2980 Sancti
472 2923 705 2994 Spiritus
781 2924 1205 2982 eharismatibus
1282 2926 1368 2996 agi
1442 2933 1718 2995 possunt,
1773 2925 1829 2980 in

243 3016 490 3072 interiori
523 3015 739 3072 homine
772 3017 1020 3089 generari
1048 3017 1333 3087 incipiunt.
1369 3016 1595 3084 Quando
1626 3025 1828 3073 creata:

244 3118 392 3173 sunt,
425 3109 476 3164 id
529 3119 614 3166 est
665 3111 882 3180 quando
913 3110 1105 3164 horum
1152 3110 1418 3166 benorum
1472 3111 1680 3165 semina
1731 3123 1832 3179 per

244 3209 563 3276 conceptum
595 3203 748 3257 bonae
769 3201 1060 3257 voluntatis
1088 3201 1254 3257 menti
1280 3203 1604 3257 renovandae
1626 3200 1829 3272 injecta

244 3302 391 3348 sunt.
1548 3363 1551 3365 _

314 3386 479 3441 Vsus.
503 3384 554 3438 5.
587 3416 658 3424 —
680 3383 746 3439 Et
780 3401 928 3439 omne
955 3383 1234 3454 virgultum
1275 3385 1390 3453 agri
1416 3393 1694 3450 antequam
1724 3383 1836 3436 ori-

247 3481 469 3536 returin
511 3489 672 3541 terra,
701 3487 746 3532 et
776 3493 974 3531 onmem
1013 3477 1225 3530 herbam
1282 3476 1508 3546 regionis
1554 3484 1836 3541 antequam

243 3571 578 3648 germinarer’.
610 3569 760 3625 Facit
793 3569 928 3624 Deus
949 3567 1260 3640 virgultum,
1283 3569 1334 3622 id
1364 3577 1446 3622 est
1478 3567 1636 3622 fortia
1664 3567 1836 3622 virtu-

249 3673 364 3724 tum
418 3681 607 3738 opera,
661 3671 951 3734 antequam
994 3663 1246 3717 oriantur
1299 3663 1354 3716 iu
1416 3672 1584 3726 terra,
1647 3662 1698 3717 id
1730 3672 1833 3731 est,

243 3770 536 3830 antequam
566 3758 927 3812 cxhibcantur
957 3771 1052 3828 per
1081 3755 1368 3812 manifesta
1403 3757 1650 3828 corporis
1679 3773 1837 3813 exer-

243 3853 396 3918 citia,
433 3853 650 3924 quando
674 3850 742 3904 ad
772 3850 910 3904 bene
937 3849 1204 3920 agendum
1233 3850 1284 3904 in
1339 3860 1481 3904 terra
1535 3850 1836 3920 inspiratur

245 3944 420 4000 ﬁdelis
445 3944 646 4007 anima,
676 3941 771 3997 sed
806 3951 1010 4008 tamen,
1041 3940 1404 4011 praepediente
1428 3942 1605 3996 adlme
1633 3944 1835 3998 veteris

243 4037 480 4094 hominis
514 4034 708 4091 affectu
760 4033 844 4090 vel
889 4049 1014 4099 usu,
1061 4049 1168 4088 non
1221 4033 1474 4104 prmvalct
1532 4034 1746 4089 animus
1767 4036 1834 4088 ad

246 4149 432 4205 opera.
483 4131 648 4186 Fiunt
685 4144 814 4201 ergo
847 4128 998 4199 prius
1049 4128 1102 4182 in
1151 4129 1454 4200 proposito.
1517 4127 1646 4184 inde
1704 4129 1836 4184 dicit

246 4222 573 4294 Apostolus:
607 4220 750 4276 Velle
774 4221 900 4274 mihi
923 4220 1155 4291 adjacet,
1199 4219 1448 4290 perﬁcere
1477 4237 1580 4275 non
1629 4221 1835 4278 invenio

247 4315 422 4387 (Rom.
448 4315 678 4386 vu,18).
721 4313 876 4369 Facit
929 4323 982 4368 et
1031 4329 1246 4369 omnem
1301 4315 1536 4387 regionis
1587 4315 1834 4382 herbam,

249 4417 538 4476 antequam
583 4409 876 4482 germinet,
911 4406 1128 4482 quando
1165 4407 1375 4463 minora
1429 4417 1483 4463 et
1534 4409 1834 4465 infirmiora

249 4500 388 4556 bona
412 4499 524 4555 Deo
555 4502 829 4556 animante
856 4501 1213 4571 concipimus,
1245 4518 1364 4572 quae
1388 4511 1564 4556 tamen
1598 4511 1654 4556 ut
1683 4503 1834 4574 cupi-

251 4607 374 4648 mus
417 4600 635 4662 patrare
662 4593 967 4662 nequimus.
995 4591 1182 4648 Potest
1225 4603 1280 4648 et
1310 4611 1406 4663 per
1432 4594 1654 4648 herbam
1683 4595 1834 4652 viror

249 4682 505 4740 desiderii
534 4683 751 4754 superni
795 4685 987 4755 accipi,
1015 4685 1066 4738 in
1106 4700 1215 4755 quo
1241 4701 1338 4755 per
1370 4687 1486 4754 pios
1516 4696 1670 4741 actus
1695 4687 1832 4741 vivi-
1861 4726 1910 4786 D

249 4787 337 4834 tur
367 4777 456 4832 hic
480 4792 594 4848 spe,
627 4776 798 4833 donec
825 4776 875 4831 in
905 4778 1123 4850 regione
1156 4779 1402 4833 vivorum
1427 4780 1668 4849 germina
1695 4795 1826 4851 pro-

249 4870 387 4926 ferat
423 4871 647 4942 integra:
674 4871 898 4928 visionis
955 4873 1006 4926 in
1063 4889 1139 4928 re.
1194 4873 1299 4928 Per
1325 4873 1616 4944 virgultum
1661 4874 1824 4929 etiam

249 4963 670 5037 contemplativa
714 4963 798 5019 vel
830 4965 1134 5036 spiritualia
1168 4966 1343 5021 studia
1393 4968 1596 5023 sentire
1646 4983 1837 5042 possu-

247 5075 385 5124 mus,
419 5059 488 5118 ob
512 5059 679 5114 robur
713 5058 922 5115 scilicet
949 5060 1032 5115 sui
1057 5076 1120 5114 ac
1157 5059 1519 5125 altitudinem,
1545 5077 1662 5132 qtuc
1691 5077 1834 5116 nunc

245 5171 273 5210 a
327 5155 484 5210 nobis
515 5153 705 5224 grandi
736 5152 920 5208 labore
972 5153 1244 5220 coluntur,
1295 5162 1585 5223 antequam
1633 5155 1683 5208 iu
1740 5154 1830 5210 illa

246 5266 404 5319 quam
433 5249 594 5302 mites
638 5249 991 5319 possidebunt
1023 5257 1188 5313 terra,
1245 5255 1447 5301 acterna
1495 5248 1748 5302 videlicet
1777 5259 1831 5304 et

247 5341 644 5414 incorruptibili
675 5340 972 5398 stabilitate
1022 5349 1214 5411 sponte
1265 5356 1543 5410 nunquam
1591 5341 1835 5397 desitum

246 5434 519 5492 oriantur.
547 5433 667 5489 Non
699 5437 836 5489 enim
867 5433 1073 5505 pluerat
1105 5434 1358 5490 Dominus
1386 5435 1523 5490 Deus
1555 5453 1710 5506 super
1731 5446 1832 5489 ter-

246 5545 379 5582 ram.
427 5527 564 5590 Cum
599 5529 832 5598 primttm
862 5530 1018 5585 nobis
1061 5529 1150 5600 pia
1198 5529 1448 5584 voluntas
1494 5527 1821 5590 immittitur,

248 5637 353 5676 non
408 5631 556 5680 tanta
608 5633 808 5680 nostrae
861 5623 1087 5679 rationis
1142 5624 1354 5696 gratize,
1406 5623 1457 5680 id
1505 5633 1588 5678 est
1635 5622 1830 5693 pluvia:

149 5751 166 5768 .
245 5715 544 5786 spiritualis
601 5714 824 5778 ubertas
874 5715 1198 5782 infunditur,
1248 5725 1309 5771 ut
1353 5717 1550 5773 terreni
1608 5713 1834 5773 affectus

248 5807 444 5863 duritia
490 5810 542 5866 in
579 5810 736 5867 nobis
791 5810 861 5866 ad
909 5811 1037 5868 boni
1097 5807 1391 5869 efficaciam
1444 5822 1834 5883 usquequaque

1940 2099 2091 2146 recte
2126 2093 2380 2147 subditur
2409 2109 2422 2145 :
2451 2091 2518 2146 Et
2548 2093 2701 2148 homo
2754 2108 2858 2146 non
2905 2102 3018 2146 erat
3069 2095 3161 2164 qui
3217 2103 3526 2161 operaretur

1940 2199 2076 2239 eam.
2093 2184 2228 2246 Quia
2252 2186 2397 2240 enim
2421 2179 2600 2242 diﬂ'ert
2629 2186 2769 2240 Deus
2791 2184 3074 2242 infusionis
3104 2185 3519 2254 plenitudinem,

1939 2279 2203 2360 fragilitas
2241 2295 2467 2351 operum
2491 2279 2740 2350 designat
2769 2293 2876 2334 non
2907 2291 3028 2335 esse
3077 2279 3376 2346 hominem,
3424 2281 3519 2354 qui

1940 2388 2140 2443 corpus
2166 2387 2272 2428 non
2305 2372 2559 2442 subjugat
2582 2380 2638 2426 et
2659 2371 2856 2426 excolit
2886 2387 2986 2442 per
3021 2372 3249 2427 rationis
3277 2374 3515 2428 auctori-

1940 2473 2126 2520 tatem.
2166 2463 2283 2518 Non
2315 2472 2398 2519 est
2427 2463 2572 2518 enim
2617 2463 2809 2534 dignus
2861 2464 3098 2520 hominis
3145 2465 3388 2534 nomine,
3434 2466 3530 2537 qui

1937 2559 2120 2612 vivere
2152 2571 2258 2612 non
2290 2556 2478 2612 didicit
2503 2558 2708 2629 integra
2739 2557 2968 2613 ratione.

2007 2647 2173 2702 Vens.
2201 2646 2252 2702 6.
2274 2677 2347 2688 -—
2370 2646 2476 2702 Sed
2500 2647 2621 2720 fons
2644 2647 3010 2718 egrediebatur
3027 2647 3092 2702 de
3115 2656 3277 2715 terra,
3301 2647 3530 2720 irrigans

1936 2741 2234 2796 universam
2257 2739 2586 2811 superﬁciem
2617 2750 2792 2796 terra.
2825 2738 2958 2796 Mira
2992 2739 3292 2795 subtilitate
3329 2741 3528 2811 cuique

1934 2835 2269 2905 pensandum
2297 2843 2378 2889 est
2403 2849 2472 2888 an
2514 2849 2643 2890 vere
2687 2834 2828 2888 bona
2854 2843 2980 2889 sunt
3009 2849 3130 2905 quae
3161 2834 3300 2890 bona
3326 2834 3533 2892 habere

1935 2941 1995 2984 se
2014 2927 2266 2982 mslimat.
2295 2925 2430 2981 Nam
2467 2925 2512 2982 si
2541 2941 2640 3000 pro
2667 2926 2850 2982 saeculi
2883 2927 3170 2982 honestate
3224 2926 3352 2997 quid
3409 2927 3523 2993 fiat,

1935 3017 2078 3089 quod
2111 3017 2204 3072 Dei
2237 3027 2487 3088 respectu
2521 3033 2626 3074 non
2660 3019 2721 3072 fit
2751 3018 2952 3074 bonum
2979 3018 3101 3090 quis
3127 3018 3308 3073 dicat?
3341 3017 3534 3073 Merito

1936 3111 2081 3166 Deus
2113 3126 2218 3166 non
2247 3111 2485 3182 pluerat,
2519 3121 2572 3166 et
2617 3112 2782 3167 homo
2811 3111 2902 3182 qui
2957 3119 3161 3168 terram
3207 3119 3530 3183 Operaretur

1935 3216 2043 3256 non
2075 3208 2211 3266 erat,
2239 3201 2366 3272 quia
2399 3199 2520 3256 fons
2559 3201 2809 3257 humana:
2835 3201 3152 3256 caliiditatis
3181 3217 3250 3257 ex
3292 3201 3400 3256 ima
3445 3199 3531 3256 in-

1939 3291 2182 3346 tentione
2213 3301 2450 3356 scatens,
2501 3292 2790 3346 exterioris
2820 3292 3052 3346 hominis
3105 3291 3372 3357 habitum,
3405 3291 3530 3345 uni-

1863 3358 1908 3418 C
1941 3396 2153 3434 versam
2193 3382 2402 3438 scilicet
2424 3383 2765 3452 superficiem
2799 3394 2958 3436 terrm
2989 3383 3220 3454 rigabat.
3255 3383 3380 3438 llaec
3435 3391 3523 3438 ct

1942 3473 2218 3530 saecularis
2244 3477 2518 3542 honestas,
2543 3491 2648 3546 qua
2667 3477 2791 3530 dum
2814 3475 3015 3546 quique
3045 3477 3198 3546 quasi
3227 3478 3524 3547 prudenter

1942 3580 2000 3622 se
2031 3575 2326 3636 contegunt
2373 3567 2476 3623 sub
2538 3567 2722 3624 colore
2766 3583 2978 3638 magnae
3033 3567 3334 3638 religionis,
3389 3569 3530 3624 nihil

1943 3669 2126 3730 agunt.
2163 3658 2314 3715 Unde
2344 3661 2580 3717 dicitur:
2612 3659 2744 3716 Filii
2773 3661 2919 3733 Agar
2943 3663 3034 3734 qui
3061 3662 3340 3731 exquirunt
3369 3661 3536 3715 scien-

1939 3752 2064 3806 tiam
2093 3768 2210 3821 quw
2231 3752 2294 3806 de
2319 3762 2458 3807 terra
2487 3763 2561 3808 est
2605 3752 2862 3826 (Barueft.
2891 3769 2973 3821 ιιι,
3004 3753 3118 3825 93).
3155 3753 3290 3810 Huic
3342 3755 3525 3810 sensui
3591 3758 3600 3764 ”

1937 3844 2141 3914 optime
2165 3844 2458 3914 capitulum
2506 3846 2876 3918 evangelicum
2905 3847 3086 3918 (Joan.
3114 3863 3176 3913 ιι,
3211 3847 3267 3917 6)
3317 3847 3384 3902 de
3430 3863 3526 3902 sex

1939 3935 2146 4009 hydriis
2173 3937 2452 3992 moraliter
2476 3946 2783 4009 coaptatur.
2818 3937 2952 4007 Quia
2989 3955 3230 4011 namque
3266 3940 3333 3995 de
3379 3949 3524 3996 terra

1937 4029 2058 4086 fons
2087 4040 2225 4097 erat,
2258 4046 2363 4086 non
2389 4030 2637 4099 interius,
2661 4033 2756 4088 sed
2784 4033 3125 4103 superficiem
3178 4043 3336 4090 teri-re
3383 4037 3530 4107 riga-

1939 4123 2050 4180 bat.
2083 4123 2221 4180 Sunt
2245 4140 2376 4180 sanc
2403 4124 2542 4180 bona
2565 4124 2793 4196 plurima
2825 4143 2944 4198 quae
2974 4127 3376 4193 discernuntur,
3406 4128 3532 4198 quia

1940 4213 2036 4271 Dei
2067 4227 2193 4270 sunt
2223 4217 2523 4272 intentione
2571 4221 2704 4285 sola,
2761 4227 2995 4287 utsunt
3037 4219 3234 4290 pietas,
3277 4220 3522 4294 largitas,

1941 4308 2165 4363 castitas
2191 4319 2243 4362 et
2272 4318 2467 4365 cmlera
2491 4310 2682 4366 multa.

2014 4398 2172 4456 Visus.
2210 4401 2259 4454 7.
2299 4433 2360 4441 —
2397 4399 2666 4458 Formarit
2696 4404 2858 4475 igitur
2885 4403 3140 4460 Dominus
3175 4405 3318 4459 Deus
3349 4405 3522 4459 homi-

1940 4509 2056 4547 nem
2079 4501 2142 4548 de
2169 4493 2293 4548 limo
2317 4503 2493 4560 terrai,
2519 4503 2566 4549 et
2603 4497 2877 4564 inspiravit
2901 4497 2954 4549 in
2983 4497 3172 4566 facient
3207 4499 3322 4570 ejus
3351 4499 3526 4569 spira-

1940 4586 2116 4640 culum
2147 4587 2280 4641 vitm.
2315 4587 2448 4642 Cum
2473 4601 2604 4658 ergo
2634 4588 2866 4642 humana
2905 4587 3132 4644 scicntia
3175 4591 3418 4646 exterius
3469 4607 3530 4648 se

1941 4676 2098 4731 bonis
2135 4679 2506 4748 componendo
2537 4679 2778 4734 moribus
2806 4680 2923 4737 sine
2949 4679 3043 4735 Dei
3098 4682 3345 4738 contuitu
3396 4683 3530 4739 nihil

1941 4771 2158 4838 efficiat,
2192 4774 2312 4842 pius
2336 4772 2538 4828 Auctor
2564 4775 2800 4846 gratuito
2825 4773 3158 4832 formaturus
3205 4786 3375 4832 totum
3430 4779 3527 4834 ho-

1939 4864 2173 4931 minem,
2215 4873 2414 4920 terram
2444 4868 2612 4922 nostri
2646 4868 2755 4942 26
2785 4871 3018 4940 pectoris
3041 4877 3180 4927 unda
3211 4872 3398 4941 gratia:
3439 4886 3532 4925 nc-

1940 4975 2091 5016 cesse
2108 4968 2192 5015 est
2216 4967 2273 5014 ut
2299 4960 2476 5017 infusa
2507 4964 2776 5030 emolliat;
2801 4964 2892 5021 tali
2916 4966 3060 5022 enim
3085 4965 3213 5021 limo
3235 4982 3339 5022 nec
3367 4965 3528 5019 aliter

1939 5060 2122 5124 homo,
2156 5058 2248 5129 qui
2306 5058 2398 5114 Dei
2455 5059 2559 5117 fert
2600 5063 2914 5134 imaginem,
2974 5080 3101 5119 vere
3151 5070 3368 5119 constat
3401 5059 3533 5116 :sed

1941 5151 2069 5208 huic
2113 5153 2202 5208 illa
2241 5153 2417 5209 inesse
2471 5154 2636 5212 facies
2666 5156 2848 5226 debet,
2895 5173 3058 5228 quam
3112 5157 3212 5213 sibi
3263 5156 3530 5212 Dominus

1941 5251 2252 5304 contueudo
2283 5251 2467 5306 lavare
2517 5251 2784 5322 praecipit,
2831 5261 2884 5306 et
2929 5267 3088 5321 quam
3132 5251 3232 5306 sibi
3285 5251 3531 5322 Sponsus

1939 5344 2146 5398 ostendi
2175 5335 2432 5417 postulat.
2463 5343 2711 5411 Ostende,
2753 5345 2921 5410 aiens,
2975 5345 3161 5416 facient
3207 5356 3378 5412 tuam,
3408 5345 3531 5412 quia

1941 5435 2103 5505 facies
2143 5448 2234 5492 tua
2280 5439 2469 5493 decora
2522 5438 2700 5510 (Cant.
2759 5455 2828 5505 tt,
2889 5439 2994 5510 Η).
3047 5439 3145 5496 Cui
3197 5439 3529 5514 spiraculum

1943 5529 2065 5582 vitae
2101 5529 2419 5595 adhibetur,
2483 5540 2542 5584 ut
2587 5531 2780 5606 spiritu
2824 5549 2920 5589 suo
2965 5533 3214 5599 deficiat,
3254 5549 3358 5603 qua
3406 5547 3533 5604 pau-

1940 5631 2153 5694 pertate
2182 5622 2375 5678 beatus
2405 5623 2517 5690 fiat,
2565 5632 2620 5682 et
2657 5641 2722 5680 eo
2750 5627 3040 5700 repleatur,
3070 5617 3186 5703 qui
3237 5641 3295 5682 se
3323 5627 3375 5680 in
3429 5635 3533 5682 ter-

1944 5730 2059 5770 ram
2120 5725 2327 5772 rectam
2381 5717 2650 5788 deducat,
2707 5736 2768 5778 es
2838 5721 3192 5778 emundandze
3249 5738 3344 5792 per
3401 5737 3531 5776 con-

1950 5809 2246 5870 fessionem
2283 5813 2636 5873 cons'cisntias
2683 5815 2914 5888 aperiat,
2967 5825 3027 5872 ut
3062 5815 3312 5885 spiritum
3363 5815 3526 5872 disci-
