4062 6354
560 317 630 376 ϐὖ
1456 319 1516 375 V.
1541 319 1868 377 GUIBERTI
1898 319 2192 376 ABBATIS
2219 319 2278 376 S.
2321 317 2562 375 MARle
2598 319 2686 374 DE
2720 317 3117 377 NOVIGENTO
3771 329 3803 388 G
3825 337 3864 388 ι

560 441 743 512 prium,
773 437 864 509 qui
917 437 1102 496 ﬁctum
1134 434 1348 508 refugit,
1389 435 1645 504 excipiat,
1689 450 1752 492 os
1789 435 2022 506 denique
2076 437 2142 492 ad
2170 439 2218 495 Α
2243 435 2502 501 creatrix,
2531 451 2650 506 qua:
2694 445 2776 490 est
2807 434 2898 489 Dei
2931 434 3118 490 Filius.
3147 433 3273 492 Haec
3300 436 3406 494 duo
3433 435 3676 498 breviter
3706 459 3862 514 pcr-

559 533 700 591 bona
758 533 1057 589 docendum
1116 531 1342 585 dilatare
1389 529 1626 594 studeat,
1689 538 1748 583 ut
1798 529 1850 583 id
1905 527 2142 582 caelestis

565 629 838 684 anhelitus
919 627 1114 696 placite
1170 623 1390 693 illapsus
1440 623 1754 692 adi’mpleat.
1817 621 2141 692 lnspirando

561 734 795 788 namque
825 717 1087 772 trahimus
1117 721 1173 769 et
1198 714 1499 768 emittimus
1539 714 1808 784 spiritum.
1865 711 2016 768 Unde
2055 713 2142 768 tli-

561 815 742 870 citur:
777 812 847 866 Os
877 827 1046 863 areum
1098 809 1303 879 aperui,
1335 817 1382 862 et
1424 808 1623 862 attraxi
1660 809 1906 875 spiritum
1964 807 2138 878 (Psal.

566 921 754 967 cxvm,
791 903 898 972 l5).
935 899 998 954 Et
1027 902 1199 972 [actus
1225 910 1298 955 est
1334 901 1488 953 homo
1514 901 1569 954 in
1602 901 1832 954 animam
1868 903 2135 955 viventem.

566 995 936 1072 Sicntcorpus
963 994 1081 1048 sine
1111 993 1291 1046 anima
1328 993 1510 1047 vivere
1566 1008 1671 1048 non
1728 992 2000 1063 praevalet,
2051 994 2132 1050 sic

555 1087 756 1152 anima,
789 1087 834 1142 si
876 1088 987 1141 Deo
1011 1085 1321 1140 inhabitare
1366 1093 1568 1148 careat,
1597 1085 1858 1141 deteriori
1893 1101 2139 1155 pessum-

554 1176 681 1232 data
703 1176 1078 1242 mortejacet;
1132 1176 1276 1230 facto
1306 1175 1471 1245 igitur
1499 1175 1650 1242 limo,
1686 1186 1739 1230 et
1767 1177 1891 1230 dato
1919 1177 1972 1232 in
2003 1176 2140 1231 facie

555 1269 676 1339 ejus
702 1266 978 1337 spiracula
1009 1275 1151 1321 totus
1174 1267 1285 1336 jam
1327 1267 1544 1321 vividus
1570 1251 1784 1322 constat
1807 1268 1987 1324 homo.
2014 1267 2138 1322 Sin-

557 1358 760 1413 ceritas
784 1357 927 1412 enim
957 1355 1113 1412 faciei
1152 1357 1316 1422 illius,
1364 1373 1468 1427 qua
1521 1357 1692 1412 Deum
1735 1360 2136 1430 cognoscimus,

560 1463 778 1518 quaque
800 1463 828 1502 a
856 1449 966 1504 Deo
997 1451 1398 1520 cognoscimur,
1428 1465 1536 1520 quo
1559 1460 1747 1506 contra
1801 1452 1979 1507 minus
2030 1453 2140 1508 sin-

559 1543 700 1598 ceris
726 1542 1042 1612 quibusdam
1057 1543 1438 1608 clamantibus,
1460 1543 1705 1608 Domine,
1730 1545 1896 1613 aperi,
1913 1543 2135 1611 dicitur,

558 1636 732 1690 nescio
763 1653 849 1690 vos
871 1635 1237 1705 (Matth.xxv,
1267 1635 1390 1706 12);
1424 1635 1514 1690 ubi
1539 1636 1798 1706 pallorem
1821 1635 2140 1693 defectionis

559 1725 756 1782 habeat
780 1742 901 1796 quae
925 1741 1090 1797 penes
1115 1742 1174 1783 se
1202 1727 1380 1782 vitalis
1401 1727 1627 1797 spiritus
1649 1728 1841 1784 arrhas
1870 1737 2068 1798 portat.

2244 528 2459 599 stringit
2488 527 2798 598 Apostolus.
2835 529 2958 583 Non
2983 530 3141 597 enim,
3174 531 3273 596 ait,
3303 535 3542 602 cognovit
3594 537 3860 591 mundus

2242 619 2296 673 in
2324 622 2578 690 sapientia
2605 621 2698 676 Dei
2724 621 2776 691 (1
2801 622 2922 677 Cor.
2951 638 2992 688 ι,
3022 621 3136 693 21);
3159 639 3258 694 per
3283 627 3602 697 sapientiam
3627 633 3860 685 subau-

2243 713 2326 767 dis
2355 714 2536 767 mundi
2568 713 2758 770 Deum.
2791 713 3070 782 Sapientia
3103 732 3292 771 rursus
3319 728 3548 774 vocatur
3574 720 3629 774 in
3659 736 3854 793 ange-

2243 805 2310 858 lis
2339 819 2404 858 ac
2430 806 2634 860 sanctis
2682 805 2994 862 hominibus
3039 807 3300 864 divinitus
3343 811 3615 866 illustrata
3662 799 3850 868 raiio-

2244 892 2370 948 Haec
2395 904 2477 949 est
2519 909 2640 964 qua:
2683 895 2960 965 loquitur:
2997 895 3067 952 In
3109 897 3407 977 Jerusalem
3453 913 3683 971 potestas
3713 921 3856 958 mea

2244 985 2436 1058 (Eccli.
2466 1002 2612 1054 xxrv,
2645 988 2753 1059 15),
2807 999 2860 1044 et
2909 999 3127 1046 caetera.
3159 992 3283 1048 Hmc
3314 993 3529 1060 robore,
3561 995 3744 1052 fructu
3783 1008 3854 1053 ct.

2242 1082 2436 1135 umbra
2472 1081 2584 1136 suis
2623 1081 2748 1136 vitm
2779 1082 3057 1139 ministrat
3087 1085 3427 1154 alimentum,
3461 1088 3506 1143 si
3557 1099 3742 1144 tamen
3783 1091 3846 1144 in

2243 1171 2421 1242 medio
2454 1173 2719 1228 consistat
2755 1175 3014 1244 paradisi,
3061 1185 3122 1231 ut
3145 1191 3251 1232 non
3283 1193 3402 1232 eam
3433 1195 3461 1233 a
3493 1181 3640 1251 regia
3675 1182 3842 1247 sede,

2241 1277 2346 1331 qua
2417 1263 2858 1318 circumstantem
2921 1265 3159 1336 disponit
3218 1269 3541 1337 exercitum,
3587 1272 3847 1327 carnalis

2243 1355 2523 1425 tyrannica
2546 1356 2804 1413 extrudat
2831 1357 3076 1423 affectus,
3101 1359 3196 1414 sed
3231 1361 3406 1416 media
3436 1362 3669 1419 internis
3695 1380 3842 1418 cur-

2241 1461 2368 1503 rens
2391 1447 2467 1502 uti
2493 1448 2723 1503 medulla
2751 1451 2965 1506 ossibus
2992 1466 3185 1507 succos
3205 1453 3401 1509 vitales
3431 1455 3716 1510 attribuat.

2316 1537 2536 1609 Lignum
2573 1557 2778 1613 quoque
2824 1541 3054 1598 scientia:
3101 1543 3220 1597 boni
3267 1553 3317 1598 et
3360 1544 3506 1598 mali.
3561 1543 3690 1600 Haec
3743 1557 3845 1603 est.

2241 1630 2494 1686 voluntas
2528 1641 2736 1686 nostra.
2771 1630 3031 1688 Voluntas
3082 1641 3264 1688 autem
3315 1643 3401 1690 est
3452 1643 3630 1690 motus
3657 1639 3844 1691 am.ni

2243 1731 2468 1794 cogente
2490 1722 2636 1778 nullo
2651 1724 2718 1779 ad
2743 1724 2945 1795 aliquid
2969 1723 3304 1781 efﬁciendum
3332 1725 3414 1782 vel
3441 1729 3840 1797 appetendum.

631 1819 790 1875 νεκς,
827 1821 881 1877 8,
1007 1819 1348 1875 Ριαηιαυεηιι
1374 1796 1550 1875 amem
1590 1821 1848 1876 Dominus
1871 1796 2018 1874 iDeus
2046 1837 2140 1890 pa-
2170 1796 2216 1855 Β
2246 1813 2302 1868 Si
2329 1814 2472 1868 enim
2502 1815 2711 1885 cogitur
2740 1815 2881 1886 quis,
2905 1815 3184 1873 voluntate
3213 1833 3321 1872 non
3351 1796 3604 1886 (Ιιιοὶιιπς
3640 1818 3846 1876 diabo~

556 1912 796 1967 radicum
825 1913 1106 1984 voluptatis
1141 1914 1205 1968 ab
1238 1914 1412 1980 initio,
1454 1914 1506 1968 in
1550 1931 1651 1984 quo
1682 1915 1854 1984 posuit
1882 1915 2142 1967 hominem

555 2013 708 2075 quem
763 2005 1100 2074 formaverat.
1157 2004 1454 2062 Paradisus
1509 2007 1825 2078 voluptatis,
1877 2007 2144 2062 serenitas

555 2105 644 2151 est
670 2105 872 2150 sanctae
898 2098 1344 2162 conversationis,
1379 2097 1431 2152 in
1463 2114 1567 2168 qua
1599 2114 1721 2154 cum
1756 2088 2016 2153 virtutum
2046 2115 2143 2153 un-

557 2185 720 2257 dique
750 2187 950 2242 surculi
985 2189 1379 2259 provehuntur,
1420 2199 1476 2243 et
1519 2191 1635 2260 spei
1683 2190 2143 2248 immarcessibilis

553 2278 802 2348 gramina
827 2288 1076 2346 vernant,
1128 2281 1301 2352 surgit
1351 2281 1476 2337 inde
1521 2282 1704 2353 aquilo
1749 2292 1804 2336 et
1853 2283 2142 2352 temperies

553 2371 769 2426 accedit
804 2373 1084 2428 australis.
1132 2373 1424 2429 Paradisus
1469 2376 1614 2429 enim
1679 2375 1887 2439 Graece,
1949 2375 2144 2430 Latine

553 2463 990 2520 diciturhortus.
1027 2464 1084 2520 Si
1135 2474 1314 2520 autem
1341 2481 1533 2521 secura
1583 2481 1735 2522 mens
1771 2483 1930 2536 quam
1973 2467 2144 2536 turpis

555 2554 712 2625 culpa
734 2571 843 2611 non
872 2557 1106 2624 mordet,
1128 2559 1284 2628 juxta
1307 2557 1653 2615 Salomonem
1681 2557 1864 2630 (Prov.
1908 2577 1998 2625 xv,
2031 2562 2142 2632 15),

555 2651 710 2720 quasi
735 2651 864 2722 juge
906 2652 1212 2707 convivium
1255 2662 1360 2719 est,
1413 2668 1539 2708 nam
1599 2653 1739 2707 male
1775 2654 1991 2709 conscia
2042 2654 2142 2708 sibi

555 2738 794 2808 propriis
839 2753 1056 2810 semper
1107 2740 1347 2810 agitatur
1400 2740 1636 2795 stimulis
1670 2758 1682 2794 :
1716 2742 1845 2810 quid
1882 2741 2142 2812 simplicis

555 2826 724 2882 animi
753 2828 1062 2886 testimonio
1099 2830 1408 2902 gloriosius,
1433 2830 1728 2886 amoenius?
1759 2830 1867 2886 Sed
1905 2832 1950 2886 is
1978 2847 2137 2902 para-

556 2917 708 2974 disus
734 2919 966 2975 habetur
985 2933 1016 2974 a
1039 2919 1325 2990 principio.
1343 2923 1384 2974 A
1404 2936 1511 2991 quo
1532 2960 1550 2986 ,
1580 2920 1682 2976 nisi
1713 2921 1780 2986 ab
1812 2909 1930 2991 ipso
1957 2921 2144 2992 prima:

559 3019 760 3066 nostra:
792 3012 1124 3068 conditionis
1162 3012 1452 3083 exemplo?
1503 3013 1799 3069 Pensemus
1853 3015 1906 3068 in
1939 3024 2142 3084 quanta

557 3103 756 3156 mentis
778 3104 996 3172 requie,
1037 3111 1330 3174 antequam
1362 3113 1615 3174 peccaret
1641 3105 1821 3171 homo,
1856 3106 2137 3170 constitit;

557 3202 615 3250 et
640 3194 878 3251 sciamus
900 3197 1044 3253 hunc
1065 3211 1186 3254 esse
1213 3198 1525 3268 paradisum
1553 3198 1998 3264 intellectualem,
2025 3208 2135 3254 ter-

555 3306 689 3349 reno
741 3291 1042 3359 meliorem,
1091 3309 1201 3364 quo
1241 3309 1341 3350 nos
1397 3293 1539 3348 Deus
1594 3293 1745 3362 poni,
1789 3293 1834 3347 si
1896 3292 2138 3358 velimus,

551 3383 720 3454 cupit.

626 3477 790 3532 Vsus.
821 3479 873 3542 9.
905 3509 974 3520 -
1001 3478 1364 3550 Produxitque
1412 3477 1550 3532 Deus
1583 3477 1647 3532 de
1675 3477 1832 3532 humo
1875 3494 2024 3532 omne
2063 3479 2132 3532 ιι-

554 3585 714 3640 gnum
739 3569 1016 3638 pulchrum
1038 3572 1171 3634 visu,
1201 3579 1248 3624 et
1275 3569 1344 3622 ad
1376 3571 1682 3624 vescendum
1717 3586 1893 3623 suave.
1921 3569 1979 3623 In
2009 3570 2142 3625 soli-

557 3657 726 3712 ditate
751 3658 932 3728 itaque
962 3658 1050 3712 illa
1072 3659 1276 3714 homini
1303 3659 1599 3712 constituto
1627 3659 1944 3726 producitur
1983 3674 2144 3715 omne

556 3747 782 3820 lignum,
810 3747 1072 3804 fortitudo
1100 3758 1154 3805 et
1184 3749 1476 3804 eminentia
1507 3763 1846 3820 quorumque
1873 3761 2143 3805 rectorum

554 3854 803 3910 operum.
838 3839 1130 3895 Pulchrum
1156 3831 1435 3906 v'isu,dum
1464 3839 1552 3894 lux
1578 3839 1720 3894 lucet
1747 3850 1930 3895 nostra
1959 3857 2143 3896 coram

556 3931 891 3999 hominibus,
915 3941 975 3986 ut
1004 3932 1222 3987 videant
1249 3929 1463 4004 (Matth.
1484 3949 1534 3999 v,
1552 3931 1663 4002 l6),
1681 3933 1730 3987 id
1763 3944 1846 3989 est
1871 3934 2142 3988 instruan-

555 4030 648 4078 tur
668 4022 734 4076 ad
764 4023 1087 4078 vescendum
1114 4038 1298 4086 suave,
1330 4024 1454 4077 dum
1487 4039 1583 4094 per
1629 4039 1855 4094 cperunt
1884 4025 2144 4081 imitatio-

555 4128 680 4170 nem
735 4112 828 4168 Dei
859 4113 1252 4184 glorificatione
1277 4127 1612 4185 pascuntur;
1646 4116 1826 4172 fructu
1857 4118 2000 4172 enim
2053 4126 2143 4173 tuo

553 4209 794 4264 vescitur
813 4209 1059 4279 quisquis
1081 4209 1146 4262 ad
1164 4210 1300 4264 bene
1325 4211 1589 4280 agendum
1615 4210 1689 4264 lui
1710 4210 2144 4267 consideratione

555 4300 913 4359 cenfortatur.
943 4291 1048 4357 Sed
1077 4294 1243 4357 suave
1275 4303 1549 4373 quomodo
1575 4311 1678 4370 est,
1704 4319 1828 4358 cum
1877 4312 2028 4359 arcta
2073 4305 2144 4359 sit

557 4397 644 4451 via
692 4410 814 4466 quae
841 4395 989 4451 ducit
1016 4395 1083 4450 ad
1121 4395 1286 4450 vitam
1317 4394 1536 4466 (Matth.
1566 4411 1661 4460 vn,
1697 4395 1806 4467 H),
1863 4406 1918 4452 et
1966 4396 2142 4452 omnis

2245 1905 2328 1960 lus
2375 1920 2504 1960 vero
2543 1907 2813 1960 neminem
2841 1907 3184 1978 suggestione
3200 1907 3496 1980 compellit,
3525 1911 3618 1964 sed
3649 1911 3845 1980 potius

2246 1999 2390 2068 quod
2422 1997 2763 2054 desideretur
2787 1999 3062 2063 obtendit,
3107 2007 3164 2054 et
3193 1998 3313 2054 sine
3343 1999 3592 2056 molestia
3645 2010 3744 2056 aut
3779 2003 3839 2056 vi

2244 2099 2600 2162 spontaneam
2633 2100 2870 2148 mentem
2919 2091 3107 2146 trahit.
3166 2090 3294 2147 Sola
3345 2107 3475 2164 ergo
3526 2094 3840 2149 secundum

2245 2185 2387 2240 hunc
2411 2185 2628 2239 modum
2657 2183 2964 2250 voluntate,
2999 2199 3105 2239 non
3139 2185 3464 2240 necessitate
3508 2201 3837 2256 peccamus,

2244 2287 2300 2332 et
2321 2278 2522 2333 liberos
2552 2292 2654 2332 nos
2680 2277 2928 2332 servituti
2959 2277 3284 2334 addicimus.
3339 2266 3605 2333 Voluntas
3643 2279 3840 2349 itaque

2244 2389 2367 2429 cum
2400 2374 2468 2428 ad
2503 2375 2705 2430 bonum
2741 2382 2796 2429 et
2823 2373 2890 2428 ad
2913 2372 3114 2428 malum
3142 2371 3486 2429 circumferri
3510 2373 3709 2438 valeat,
3742 2374 3838 2428 hic

2245 2465 2376 2521 etin
2400 2464 2758 2533 sequentibus
2783 2463 2834 2518 in
2874 2464 3017 2520 malo
3047 2463 3313 2534 accipitur
3350 2481 3364 2518 :
3399 2463 3626 2519 scientia
3656 2464 3834 2531 enim,

2245 2557 2299 2612 id
2329 2563 2412 2612 est
2440 2556 2772 2626 experientia
2795 2554 2922 2611 boni
2951 2564 3006 2610 et
3033 2554 3183 2621 mali,
3218 2553 3555 2625 permaxima
3582 2554 3634 2608 in
3683 2553 3835 2610 malo

2244 2655 2484 2719 praestat.
2516 2645 2672 2700 Aliud
2699 2657 2784 2701 est
2813 2659 3048 2716 namque
3069 2645 3210 2700 scire
3235 2643 3364 2715 quia
3385 2643 3672 2698 fornicatio
3701 2657 3837 2714 pec-

2244 2749 2426 2796 catum
2451 2747 2560 2803 est,
2595 2741 2739 2795 aliud
2761 2738 2996 2809 experiri
3024 2753 3119 2810 per
3145 2752 3312 2808 opera
3343 2737 3658 2808 qualitatem
3685 2737 3830 2807 ejus.

2244 2831 2416 2888 Porro
2441 2831 2496 2885 in
2534 2831 2866 2901 experientia
2894 2828 3018 2884 mali
3043 2827 3211 2883 multo
3240 2826 3412 2897 magis
3437 2827 3637 2882 bonum
3662 2842 3833 2897 quam

2245 2926 2317 2981 sit
2356 2924 2557 2979 bonum
2602 2922 2748 2994 quod
2797 2923 3119 2986 habebatur,
3169 2919 3506 2992 agnoscitur,
3550 2933 3712 2990 quam
3777 2921 3838 2974 in

2245 3017 2372 3072 boni
2424 3016 2769 3072 observantia
2819 3015 2926 3069 ulla
2982 3014 3182 3069 malum
3239 3012 3566 3084 cogitatione
3600 3011 3834 3067 sciatur.

2246 3108 2386 3176 Quid
2417 3124 2650 3178 namque
2673 3108 2798 3163 boni
2832 3107 2904 3163 sit
2928 3107 3184 3176 sospitas,
3231 3105 3424 3160 melius
3453 3104 3681 3159 discitur
3705 3103 3833 3159 lan-

2243 3215 2413 3272 guore
2444 3199 2723 3270 magistro.
2752 3199 2979 3271 Lignum
3027 3207 3111 3254 est
3152 3197 3306 3269 cujus
3336 3197 3504 3253 robur
3537 3197 3836 3263 stoliditas,

2243 3293 2456 3350 fructus
2519 3290 2782 3359 infcctio,
2850 3301 2904 3347 et
2963 3292 3155 3346 umbra
3236 3290 3476 3346 ctecitas.
3536 3289 3841 3346 Voluntate

2242 3387 2420 3458 igitur,
2453 3384 2623 3449 abuti,
2659 3392 2879 3456 tangere
2930 3391 3015 3439 est
3060 3382 3298 3439 scientiae
3342 3381 3549 3453 lignum
3584 3379 3709 3436 boni
3766 3390 3836 3436 et

2242 3479 2480 3624 maVl’isns.
2515 3569 2600 3623 10.
2634 3598 2702 3608 -
2735 3565 2801 3619 Et
2831 3566 3023 3636 ﬂuvius
3062 3565 3426 3636 egrediebatur
3452 3564 3651 3620 deloco
3679 3563 3835 3620 volu-

2242 3662 2401 3732 ptatis
2433 3662 2501 3714 ad
2552 3660 2884 3728 irrigantlum
2928 3657 3261 3727 paradisum.
3291 3655 3513 3712 Fluvius
3551 3657 3654 3712 istc
3683 3658 3836 3711 sacri

2245 3754 2444 3823 eloquii
2469 3752 2687 3823 copiosa
2722 3749 2971 3818 scientia,
3029 3765 3320 3820 rerumque
3369 3749 3656 3804 moralium
3718 3749 3838 3802 alta

2244 3845 2480 3918 cognitio
2516 3845 2623 3916 27
2654 3853 2736 3900 est
2765 3861 2779 3900 :
2809 3845 2899 3913 qui
2932 3843 3244 3914 paradisum
3296 3830 3510 3912 irrigat,
3557 3842 3682 3911 quia
3732 3855 3840 3910 per

2215 3939 2589 4012 lquotidianas
2619 3936 3023 3992 institutionum
3073 3934 3354 3990 doctrinas
3396 3934 3542 3990 vires
3569 3933 3635 3988 ad
3690 3932 3838 3988 bene

2245 4033 2509 4104 agendum
2535 4033 2638 4103 piis
2661 4031 2856 4086 animis
2879 4029 3283 4095 subministrat;
3309 4027 3354 4082 si
3383 4027 3528 4082 enim
3547 4025 3838 4096 sapientia:

2245 4127 2424 4183 studio
2452 4127 2646 4183 attinet
2672 4126 2739 4180 de
2763 4125 2874 4180 Deo
2905 4132 2960 4180 et
2983 4123 3302 4180 coelestibus
3329 4135 3510 4190 agere,
3541 4131 3596 4176 et
3624 4127 3834 4175 statum

2244 4218 2369 4274 vita:
2400 4217 2789 4288 praetervolare
2821 4229 3109 4272 commune
3159 4222 3424 4285 quantum
3455 4212 3692 4267 hominis
3721 4221 3834 4274 est,

2245 4313 2486 4370 scientiae
2511 4311 2786 4383 proprium
2816 4317 2899 4364 est
2927 4324 2992 4363 ea
3041 4322 3162 4377 quae
3193 4307 3336 4362 inter
3391 4320 3491 4360 nos
3531 4305 3837 4359 actitantur

2240 4406 2385 4476 justa
2467 4403 2840 4460 moderatione
2911 4401 3235 4472 disponere;
3297 4398 3426 4452 vitia
3494 4397 3838 4464 virtutesque

554 4489 837 4561 disciplina
891 4491 944 4544 in
973 4491 1223 4560 pia-senti
1275 4490 1346 4545 sit
1377 4490 1651 4546 mmroris?
1678 4489 1866 4562 (Hebr.
1897 4507 1996 4556 xu,
2030 4491 2141 4564 ll.)
2177 4511 2220 4566 ι)
2247 4497 2582 4562 discernere,
2615 4495 2952 4563 fideliterque
2982 4491 3170 4547 eadem
3195 4489 3503 4560 quibusque
3530 4487 3835 4542 disserere.

553 4578 762 4634 Revera
798 4579 1128 4650 imperfectis
1157 4596 1219 4636 ac
1275 4581 1500 4636 rudibus
1553 4589 1726 4646 arcta,
1768 4582 1862 4636 sed
1908 4581 2142 4636 fructum

555 4671 964 4740 pacatissimum
989 4671 1216 4740 leSlllilE
1254 4681 1440 4740 postea
1489 4671 1678 4726 reddet
1723 4673 2038 4728 exercitatis
2089 4671 2142 4728 in

559 4777 645 4819 ea.
676 4761 874 4834 Iugum
896 4765 1034 4818 enim
1063 4781 1412 4818 meumsuare
1449 4776 1521 4818 est
1566 4762 1782 4834 (Matth.
1819 4781 1895 4830 χι,
1935 4765 2048 4834 50),
2089 4773 2144 4820 et

560 4863 778 4912 ωηιξη.
822 4855 892 4909 At
925 4857 991 4909 de
1014 4871 1120 4925 qua
1153 4857 1317 4910 inuno
1349 4858 1462 4911 hanc
1485 4855 1751 4925 prodeant
1777 4856 2141 4912 intendamus.

559 4951 643 5008 Ab
689 4951 854 5006 humo
899 4949 1100 5004 dicitur
1149 4949 1390 5004 humilis.
1431 4948 1721 5003 llumilitas
1769 4955 1896 5018 ergo
1945 4949 2145 5004 humus

558 5044 846 5109 habeatur,
861 5053 913 5100 et
932 5044 1066 5098 satis
1088 5051 1302 5098 constat
1324 5043 1468 5113 quod
1488 5042 1624 5108 haec,
1642 5057 1762 5111 quae
1786 5043 2143 5113 pra:tulimus,

562 5137 678 5192 sine
701 5138 800 5192 hac
830 5137 1029 5192 virtute
1059 5135 1176 5192 fieri
1207 5152 1310 5190 non
1345 5150 1503 5205 posse
1541 5137 1854 5190 credantur.
1889 5133 2144 5201 Superbia

561 5245 754 5298 nempe
783 5229 922 5284 Deus
952 5230 1166 5296 resistit,
1188 5228 1472 5282 humilibus
1493 5229 1584 5282 dat
1635 5227 1862 5298 gratiam
1891 5225 2030 5298 (Jac.
2063 5242 2142 5293 tv,

557 5320 637 5392 6).
667 5320 984 5391 lo'eojustus
1009 5333 1066 5378 ut
1095 5323 1295 5395 lignum
1328 5322 1468 5392 quod
1517 5319 1793 5390 plantalur
1836 5334 1993 5374 secus
2046 5319 2144 5376 de-

562 5427 754 5469 cursus
782 5430 1066 5484 aqnarum;
1095 5416 1244 5486 impii
1275 5425 1336 5470 ut
1367 5414 1563 5488 pulvis,
1585 5427 1748 5485 quem
1770 5410 1986 5483 projicit
2016 5426 2144 5468 ven-
2197 5412 2202 5416 ⁷

563 5515 648 5562 tus
678 5522 708 5561 a
733 5506 871 5562 facie
898 5515 1054 5561 terrae
1079 5506 1230 5578 (l’sal
1254 5524 1292 5575 ι,
1317 5509 1368 5573 5,
1386 5510 1464 5579 4).

634 5597 860 5670 Lignum
892 5599 1051 5652 etiam
1075 5599 1190 5654 vila'
1215 5600 1270 5653 in
1293 5599 1460 5654 medio
1482 5599 1738 5670 paradisi.
1763 5597 1993 5668 Lignum
2021 5597 2144 5653 vitae

565 5691 835 5762 sapientia
866 5702 970 5757 est,
998 5692 1262 5761 sapientia
1296 5703 1497 5776 .autem
1556 5693 1841 5766 triplieiter
1892 5671 2090 5748 dicitur
2126 5709 2140 5747 :

565 5788 830 5862 sapientia
862 5785 1022 5863 hujus
1050 5787 1393 5862 mundi,qu'.e
1424 5798 1478 5845 et
1501 5791 1700 5846 astutia
1729 5799 1814 5848 est
1837 5808 1852 5860 ;
1877 5791 2140 5864 sapientia

2252 4590 2404 4646 Unde
2434 4589 2682 4643 subditur
2709 4606 2720 4640 :
2750 4586 2840 4655 qui
2869 4583 3123 4638 dividitur
3147 4581 3266 4634 inde
3303 4581 3356 4633 in
3387 4590 3615 4649 quatuor
3634 4578 3834 4647 capita.

2253 4682 2552 4752 Voluptatis
2579 4690 2776 4736 nostrae
2793 4678 3013 4746 quidam
3039 4676 3188 4731 locus
3216 4689 3320 4728 non
3349 4673 3540 4729 localis
3565 4673 3706 4728 Deus
3723 4679 3834 4738 est,

2249 4790 2411 4845 quem
2435 4773 2651 4843 quidem
2693 4767 3021 4839 generaliter
3043 4767 3246 4832 omnia,
3277 4765 3373 4821 sed
3403 4764 3478 4820 illi
3505 4775 3654 4820 tanto
3701 4780 3836 4835 spe-

2248 4868 2459 4931 cialius,
2493 4873 2697 4935 quanto
2723 4861 3058 4932 spiritualius
3092 4859 3354 4926 incolunt,
3402 4859 3494 4928 qui
3543 4859 3716 4930 solum
3773 4859 3835 4914 in

2206 5025 2212 5030 _
2249 4960 2369 5031 ipso
2392 4957 2836 5017 deleclantur,cx
2874 4955 2978 5009 hoc
3009 4953 3125 5023 ipso
3151 4951 3386 5006 fluminis
3410 4951 3644 5022 impetus
3677 4966 3838 5022 egre-

2248 5045 2524 5116 ditur,qui
2557 5045 2825 5116 nequitias
2855 5043 3164 5116 spirituales
3193 5043 3516 5114 prmcipitat,
3547 5050 3602 5098 et
3634 5042 3836 5098 dividi-

2251 5148 2338 5194 tur
2366 5137 2418 5191 in
2447 5143 2681 5206 quatuor
2729 5136 2930 5206 capita,
2993 5150 3114 5205 qua:
3148 5141 3274 5189 sunt
3318 5133 3644 5204 principales
3697 5149 3838 5202 qua-

2247 5239 2371 5286 tuor
2403 5231 2650 5297 virtutes,
2680 5244 2710 5285 e
2735 5229 2931 5300 quibus
2956 5236 3168 5284 caetera:
3195 5242 3386 5282 omnes
3423 5235 3644 5282 sumunt
3672 5241 3838 5281 exor-

2246 5326 2352 5382 dia.

2319 5419 2478 5476 Vsus.
2514 5420 2600 5475 ll.
2632 5448 2703 5458 ——
2742 5415 2949 5470 Nomen
2975 5415 3068 5469 uni
3096 5414 3293 5469 Phison
3324 5431 3342 5471 :
3374 5416 3482 5486 ipse
3511 5424 3585 5470 est
3611 5403 3700 5486 qui
3725 5415 3833 5468 cir-

2245 5515 2352 5570 cuit
2393 5529 2597 5568 onmem
2629 5521 2822 5565 lerram
2856 5507 3087 5562 Evilath.
3124 5506 3322 5562 Phison
3351 5507 3746 5585 interpretatui'
3773 5522 3831 5560 os

2245 5607 2478 5680 pupillw.
2518 5604 2624 5660 Ore
2667 5613 2845 5658 autem
2875 5601 3170 5672 loquimur,
3199 5601 3395 5673 pupilla
3428 5601 3690 5683 vid‘emus.
3728 5599 3858 5658 Pek

2247 5701 2390 5772 quod
2421 5697 2738 5766 intelligitur
2765 5693 3072 5765 prudentia,
3096 5709 3216 5764 quae
3244 5703 3296 5748 et
3321 5695 3431 5764 ipsa
3463 5695 3661 5750 dicitur
3685 5690 3828 5762 quod

2249 5809 2412 5869 porro
2443 5791 2644 5848 videat.
2681 5791 2816 5848 Vera
2846 5797 3026 5846 autem
3059 5788 3345 5872 prudentia
3374 5796 3486 5855 est,
3519 5803 3623 5860 qua
3658 5783 3830 5842 sului~
3887 5793 3908 5812 ⁵
