4062 6354
207 359 276 428 65
919 336 955 376 τ’
1031 338 1038 344 ’
1327 323 1713 415 liensum
1747 347 1816 408 IN
1853 337 2149 408 GENESlN
2172 345 2301 404 LIB.
2337 343 2402 404 ll.
2569 311 2580 322 ’
3409 335 3479 396 66

209 487 336 542 liter
369 495 593 555 quaeque
621 476 939 550 conjicimus
961 519 976 545 ,
1002 449 1093 532 ‘ad
1123 489 1258 546 quos
1284 473 1500 546 possint
1537 469 1790 527 devenire
1817 491 1865 552 Α
1895 465 2038 530 rint,
2065 472 2119 519 et
2147 463 2274 518 vitia
2307 462 2673 531 mortiﬁcant,
2701 461 2998 534 vitamque,
3041 459 3086 517 si
3118 468 3368 533 suppetat
3392 475 3483 518 oc-

208 585 534 650 proventus,
562 574 704 629 unde
756 586 924 627 nasus
972 567 1230 656 Ecclesia:
1259 565 1394 621 turri
1448 570 1793 634 comparatur

209 667 390 740 (Cant.
415 683 512 730 vn,
537 666 616 734 4),
643 665 770 719 dum
798 661 1089 718 imminens
1110 651 1312 714 malum
1347 653 1680 728 providendo
1702 651 1795 706 de-

211 761 468 827 clinatur,
503 768 556 815 et
605 759 821 814 virtutis
877 756 1115 812 studium
1147 754 1228 809 sui
1280 752 1474 806 merito
1509 759 1793 804 successus

214 861 450 907 amatur.
491 850 657 921 Cujus
710 847 963 904 fertilitas
995 856 1122 900 tunc
1172 843 1388 914 penitus
1439 839 1793 910 approbatur,

212 959 339 1000 cum
375 944 518 1013 quod
555 947 693 996 bene
725 938 1114 1010 prospicimus,
1147 944 1202 991 et
1253 933 1372 988 aliis
1401 932 1678 987 insinuare
1706 945 1795 986 sa-

207 1037 463 1105 tagimus,
484 1043 545 1088 ut
566 1032 783 1104 pupillae
811 1029 1138 1092 ollicium,et
1169 1030 1283 1082 oris
1309 1039 1552 1096 agamus.
1582 1020 1791 1076 Evilat/1

204 1130 604 1200 interpretatur
631 1125 822 1182 dolens
873 1123 958 1179 vel
991 1121 1321 1192 parturiens.
1363 1117 1521 1173 Dolet
1545 1115 1635 1186 qui
1661 1129 1794 1184 prte-

206 1223 379 1279 sentis
431 1220 611 1277 saeculi
653 1227 922 1274 aerumnas
971 1224 1027 1272 et
1059 1214 1308 1271 exsilium
1356 1225 1495 1284 aegre
1543 1209 1668 1275 fert,
1701 1207 1792 1277 qui

208 1331 335 1372 cum
364 1329 570 1386 pauper
595 1313 789 1377 fuerit,
829 1319 883 1366 et
913 1325 1095 1366 coram
1131 1311 1241 1364 [leo
1269 1305 1522 1362 effuderit
1552 1318 1792 1374 precem,

209 1408 382 1465 dicit:
434 1407 720 1460 Percussus
754 1422 871 1459 sum
901 1413 957 1457 ut
993 1404 1171 1473 fenum
1201 1398 1374 1473 (Psal.
1407 1413 1482 1464 Cl,
1505 1397 1585 1468 5),
1617 1405 1670 1451 et
1704 1410 1794 1450 se-

207 1499 454 1569 quentia.
494 1496 734 1551 Parturit
763 1496 876 1566 qni,
921 1494 1049 1549 licet
1074 1493 1246 1549 stellis
1273 1500 1564 1546 coronetur
1593 1487 1797 1544 duode-

208 1590 336 1654 cim,
385 1589 677 1659 lunamque
700 1588 802 1643 sub
831 1586 1058 1658 pedibus
1096 1585 1326 1648 haheat,
1349 1595 1414 1637 ac
1439 1581 1552 1636 sole
1579 1571 1796 1634 amicia-

205 1692 298 1737 tur
323 1683 508 1754 (Apoc.
534 1697 632 1747 xtl,
665 1681 743 1753 1),
775 1680 1053 1735 cruciatus
1081 1686 1260 1732 tamen
1287 1677 1362 1730 ait
1394 1674 1584 1741 :Quod
1607 1689 1793 1744 operor

206 1790 313 1828 non
357 1773 589 1844 intelligo
630 1771 810 1843 (Rom.
842 1787 938 1835 vn,
967 1770 1073 1841 l5),
1129 1769 1180 1824 id
1234 1778 1319 1823 est
1371 1782 1477 1822 non
1529 1764 1789 1837 approbo.

1895 559 2066 619 casio,
2097 558 2376 628 sanguinis
2406 557 2667 615 effusione
2695 567 3074 615 consummant
3102 577 3116 613 :
3147 557 3299 614 fusus
3329 574 3484 613 nam-

1896 665 2001 722 que
2027 649 2336 719 nigrescere
2366 650 2504 705 solet
2543 652 2781 723 sanguis.
3137 725 3139 728 ι

1973 744 2132 798 VERS.
2164 743 2254 797 15.
2287 773 2352 784 --
2394 741 2461 796 Et
2498 761 2681 798 nomen
2711 746 2938 800 secundo
2966 746 3125 816 ﬂuvio
3166 743 3288 818 [al.,
3335 744 3484 815 ﬂuvii

1895 837 2134 912 secundi]
2171 837 2350 892 Geltou
2375 852 2394 890 :
2439 840 2546 908 ipse
2590 848 2665 892 est
2705 840 2793 908 qui
2835 841 3016 893 circuit
3044 857 3248 893 onmem
3285 849 3482 893 terram

1896 931 2209 1001 lEthiopim.
2244 929 2434 985 Gehon
2490 930 2880 1000 interpretatur
2908 940 3113 999 pectus,
3145 931 3227 985 vel
3280 947 3485 1000 prteru-

1895 1033 2072 1092 ptum;
2115 1038 2212 1092 per
2238 1031 2425 1092 pectus
2447 1031 2625 1093 potest
2652 1022 2822 1091 accipi
2867 1021 3148 1088 fortitudo,
3172 1037 3290 1092 qua:
3321 1019 3483 1077 nullis

1898 1117 2353 1187 quaproviderit
2396 1117 2683 1188 prudentia
2718 1125 2974 1182 terretur,
3005 1125 3098 1171 aut
3123 1117 3265 1172 cedit
3289 1116 3482 1172 adver-

1897 1205 1990 1260 sis.
2021 1203 2173 1273 Quod
2205 1209 2349 1280 enim
2386 1208 2626 1263 brachiis
2655 1224 2759 1262 non
2814 1223 3125 1278 possumus,
3173 1205 3484 1277 pectoribus

1899 1311 1995 1355 aut
2024 1301 2348 1372 impingere,
2383 1310 2475 1356 aut
2516 1302 2734 1357 trahere
2775 1301 3032 1357 solemus.
3077 1299 3231 1356 Unde
3279 1309 3334 1355 et
3368 1303 3490 1370 qui-

1896 1395 2123 1452 busdam
2149 1397 2477 1452 animalibus
2509 1397 2682 1467 major
2715 1397 2846 1452 inibi
2879 1397 2961 1452 vis
2996 1405 3106 1461 est;
3137 1403 3192 1451 et
3219 1395 3490 1464 archiepi-

1898 1489 2077 1558 scopis
2105 1490 2207 1546 sub
2237 1490 2366 1546 hoc,
2399 1498 2524 1561 typo
2553 1489 2775 1558 pallium
2829 1489 2994 1545 isthic
3025 1489 3248 1555 insidet,
3269 1495 3330 1542 ut
3352 1486 3488 1544 alios

1899 1581 2259 1653 praecedendo
2288 1582 2504 1636 fortiter
2533 1583 2776 1639 trahant.
2801 1581 3140 1652 Praeruptum
3173 1590 3356 1636 autem
3380 1594 3488 1635 non

1897 1672 1996 1727 abs
2025 1685 2085 1725 re
2111 1671 2329 1737 dicitur,
2361 1671 2488 1742 quia
2529 1671 2573 1726 si
2624 1670 2779 1726 fortis
2823 1672 2876 1726 in
2925 1673 3152 1726 adversa
3203 1671 3318 1725 fore
3347 1669 3491 1725 desi-

1899 1763 2076 1824 deras,
2102 1763 2254 1832 prius
2279 1777 2416 1832 opus
2441 1771 2524 1817 est
2560 1771 2618 1817 ut
2644 1777 2765 1832 quae
2795 1762 2892 1818 tibi
2937 1778 3048 1834 prae
3077 1762 3251 1818 oculis
3279 1769 3490 1832 tempo-

216 1861 381 1917 Video
405 1863 542 1916 enim
573 1861 736 1916 alium
757 1860 920 1933 legem
947 1862 1000 1915 in
1032 1859 1276 1914 membris
1296 1859 1424 1913 meis
1452 1856 1642 1930 (Ibid.,
1663 1853 1756 1924 33)
1775 1895 1790 1922 ,
1827 1850 1869 1909 B
1902 1857 2092 1912 raliter
2119 1855 2474 1912 blandiuntur
2503 1857 2814 1928 abrumpas.
2839 1857 2942 1912 Per
2967 1855 3303 1927 Ethiopian]
3335 1872 3488 1923 vero,

205 1965 262 2012 et
289 1969 505 2012 caetera.
559 1955 624 2010 Et
652 1955 777 2010 alibi
815 1973 828 2008 :
862 1953 1045 2008 Omnis
1094 1962 1339 2007 creatura
1382 1950 1708 2020 ingemiscit,
1744 1955 1794 2002 et

143 2035 148 2040 ’
207 2049 436 2118 parturit
486 2063 648 2116 usque
681 2047 855 2099 adhuc
880 2045 1060 2115 (Rom.
1104 2060 1226 2106 vm,
1259 2043 1383 2111 2‘2),
1421 2042 1628 2096 scilicet
1657 2041 1792 2093 bona

209 2152 378 2206 opera
417 2153 538 2191 cum
570 2137 758 2190 dolore
799 2143 1077 2204 operatur.
1124 2133 1334 2187 Circuit
1363 2140 1540 2186 autem
1571 2131 1794 2196 Phison,

214 2230 270 2286 id
301 2236 383 2284 est
412 2229 606 2294 munit,
642 2243 748 2283 non
783 2225 1082 2296 pulverem,
1106 2241 1265 2296 quem
1293 2223 1508 2294 projicit
1531 2224 1800 2294 superbiae

209 2327 406 2374 ventus
447 2333 479 2372 a
525 2317 664 2373 facie
717 2328 898 2382 terrae,
930 2316 980 2371 id
1031 2326 1114 2371 est
1141 2315 1364 2380 Christi,
1422 2315 1516 2370 sed
1571 2324 1794 2382 terram,

207 2410 438 2466 stabiles
459 2408 668 2465 scilicet
694 2425 758 2464 ac
779 2408 1006 2474 solidos,
1037 2406 1129 2478 qui
1164 2405 1351 2461 dolent
1374 2421 1432 2461 se
1457 2420 1564 2460 non
1591 2405 1796 2460 habere

208 2503 301 2558 hic
335 2511 644 2557 manentem
690 2500 1001 2564 civitatem,
1033 2507 1088 2554 et
1135 2497 1377 2553 clamant
1424 2497 1796 2567 parturientes

208 2609 437 2667 puerum
467 2595 562 2666 qui
593 2595 841 2666 rapiatur
879 2595 946 2648 ad
972 2593 1142 2649 Deum
1193 2603 1248 2648 et
1277 2592 1343 2647 ad
1371 2591 1488 2662 ejus
1518 2592 1791 2646 thronum.

209 2687 268 2742 ln
293 2688 394 2744 hac
417 2699 587 2754 terra,
609 2687 713 2743 hoc
742 2686 931 2742 clausa
947 2684 1269 2750 munimine,
1303 2684 1551 2740 nascitur
1575 2695 1796 2739 sancta-

211 2797 331 2836 rum
355 2781 658 2837 animarum
683 2796 898 2846 aurum,
921 2786 978 2834 et
995 2779 1098 2834 hoc
1117 2779 1416 2848 optimum;
1438 2777 1566 2847 quia
1585 2776 1630 2831 si
1653 2776 1794 2831 bona

210 2884 294 2930 est
322 2884 510 2931 sancta
539 2873 837 2940 rusticitas,
863 2888 1025 2944 quam
1051 2872 1263 2944 dignior
1285 2881 1371 2926 est
1400 2871 1556 2926 docta
1592 2869 1797 2926 sancti-

210 2969 332 3024 tas?
362 2967 454 3025 Sic
493 2969 638 3024 enim
668 2967 908 3024 dicitur:
943 2965 1031 3020 ubi
1058 2967 1298 3020 nascitur
1323 2979 1508 3018 aurum
1542 2964 1696 3035 (Gen.
1731 2978 1794 3028 tt,

211 3059 324 3130 ll).

288 3151 449 3208 Vsus.
485 3151 572 3206 l2.
605 3181 676 3193 ——
713 3151 782 3206 Et
816 3169 1006 3207 aurum
1039 3161 1194 3208 terra:
1221 3149 1369 3205 illius
1408 3149 1661 3219 optimum
1697 3155 1794 3203 est.

213 3245 504 3301 Maximum
537 3254 620 3301 est
651 3245 795 3300 enim
823 3261 930 3301 non
973 3245 1073 3302 sibi
1103 3244 1228 3310 soli,
1268 3243 1361 3298 sed
1410 3242 1663 3297 omnibus
1683 3249 1797 3294 stu-
1827 3239 1870 3261 “

215 3338 344 3391 dere
367 3335 644 3406 prodesse.
670 3336 728 3390 In
755 3351 889 3390 auro
917 3335 1062 3390 enim
1089 3343 1147 3390 et
1176 3333 1432 3403 Splendor
1459 3341 1568 3396 est,
1593 3339 1647 3384 et
1675 3343 1798 3400 pre—

219 3429 386 3494 tium;
412 3428 645 3496 pretium
668 3443 796 3498 ergo
819 3444 886 3484 ex
911 3429 1195 3498 religione,
1223 3425 1566 3496 splendorem
1597 3425 1801 3479 habent

217 3519 270 3575 in
302 3519 626 3575 eruditione.
675 3517 762 3573 Ibi
809 3519 1072 3575 invenitur
1107 3517 1386 3582 bdellium,
1416 3525 1464 3571 et
1492 3516 1624 3588 lapis
1671 3533 1800 3586 ong-

214 3611 418 3666 cltinus.
453 3609 714 3666 Bdellium
760 3611 1056 3666 secundum
1086 3609 1347 3680 quosdam
1379 3610 1541 3664 arbor
1560 3618 1642 3664 est
1670 3623 1796 3664 aro-

213 3703 437 3767 matica,
460 3702 645 3758 colore
671 3703 851 3772 nigro,
881 3703 1254 3772 magnitudine
1283 3701 1461 3766 olivae,
1493 3698 1624 3756 folio
1651 3702 1794 3768 rubi,

210 3798 390 3854 fructu
423 3797 664 3868 capriﬁci
720 3796 936 3853 similis.
989 3798 1130 3853 Sunt
1156 3797 1319 3869 aliqui
1365 3798 1601 3870 Physon,
1631 3799 1683 3853 id
1715 3804 1800 3854 est

209 3889 446 3962 providi,
485 3899 612 3946 sunt
660 3890 875 3945 Evilath
907 3889 1050 3947 inter
1081 3889 1363 3947 obstacula
1405 3891 1546 3946 bene
1587 3889 1794 3961 agendo

211 3981 397 4047 validi,
447 3989 574 4036 sunt
628 3989 774 4036 terra
820 3989 1240 4051 perseveranter
1283 3982 1518 4047 immoti,
1563 3995 1793 4052 quorum

211 4084 457 4132 aromata
495 4075 597 4145 piae
646 4074 819 4130 ﬂuunt
870 4075 1170 4148 opinionis,
1212 4086 1266 4132 et
1303 4075 1431 4131 licet
1478 4076 1588 4130 sint
1639 4075 1795 4132 elata:

209 4169 542 4240 palmarum,
598 4170 768 4239 nigrae
807 4179 985 4226 tamen
1043 4169 1197 4242 quasi
1250 4185 1469 4235 corvus,
1499 4170 1586 4225 vel
1614 4170 1794 4225 studio

214 4258 558 4323 humilitatis,
586 4259 671 4315 vel
701 4261 964 4316 memoria
997 4261 1199 4316 veteris
1225 4259 1675 4326 conversationis,
1699 4275 1795 4317 eos

213 4351 500 4420 exquirere
521 4351 794 4418 nituntur,
823 4352 916 4422 qui
954 4351 1240 4408 charitatis
1271 4366 1335 4407 ac
1380 4351 1791 4417 misericordiae,

214 4443 356 4510 quod
386 4444 630 4514 signatur
662 4445 826 4511 oliva,
856 4445 1068 4501 actibus
1096 4445 1363 4512 eminent,
1396 4453 1452 4501 et
1479 4461 1600 4501 cum
1625 4445 1792 4501 Paulo

1903 1965 2023 2020 quae
2074 1948 2262 2019 nigros
2308 1949 2472 2005 habet
2515 1950 2777 2020 pnpulos,
2821 1950 3103 2005 contraria
3134 1949 3490 2021 figurantur,

1901 2041 1978 2094 uti
2015 2056 2275 2110 prospera
2318 2041 2564 2097 candidis
2597 2052 2652 2096 et
2704 2059 2848 2097 nunc
2878 2051 2931 2097 et
2979 2043 3119 2113 apud
3159 2053 3372 2099 veteres
3419 2043 3492 2098 si-

1902 2133 2226 2202 gnabantur.
2253 2132 2460 2188 Circuit
2480 2149 2612 2204 ergo
2650 2133 2840 2189 Gehon
2870 2135 3038 2201 illam,
3066 2137 3191 2206 quia
3243 2137 3411 2192 ambit
3435 2143 3492 2192 et

1903 2220 2080 2290 ampla
2109 2222 2210 2276 sub
2226 2223 2491 2276 sementis
2517 2223 2844 2279 auctoritate
2861 2225 3206 2294 constringit,
3229 2226 3492 2297 quidquid

1902 2319 2146 2374 exterius
2173 2319 2433 2375 molestia:
2459 2319 2680 2388 ingruit,
2723 2317 2983 2390 quidq‘uid
3009 2320 3331 2393 zEthinpica:
3379 2332 3492 2378 ter-

1903 2409 2158 2464 renitatis
2189 2410 2444 2476 incurrit,
2488 2409 2694 2479 copiosi
2727 2408 2930 2466 fluento
2952 2410 3161 2466 consilii
3188 2411 3494 2484 circumgy-

1900 2513 1989 2557 rat
2016 2510 2071 2557 et
2101 2501 2290 2558 abluit.
2893 2519 2896 2522 ‘

1981 2593 2138 2651 Vsus.
2175 2595 2262 2650 14.
2303 2595 2376 2650 Et
2419 2611 2607 2651 nomen
2633 2598 2878 2667 ﬂuminis
2926 2598 3069 2653 tertii
3121 2597 3306 2671 Tygris
3334 2613 3353 2652 :
3384 2598 3495 2670 ipse

1902 2688 2046 2743 vadit
2077 2698 2263 2742 contra
2311 2688 2578 2760 Assyrios.
2611 2688 2804 2761 Tygris
2856 2690 3248 2762 interpretatur
3273 2693 3490 2763 sagitta.

1900 2778 2006 2836 Per
2029 2780 2140 2851 28
2169 2780 2418 2852 sagittam
2455 2783 2815 2852 temperantia
2872 2797 2979 2838 non
3033 2784 3355 2858 inconcinna
3405 2799 3493 2840 ra-

1903 2871 2050 2927 tione
2077 2871 2363 2941 accipitur,
2385 2871 2743 2942 temperantia
2771 2878 2951 2928 aute’m
2975 2881 3162 2928 contra
3189 2873 3494 2945 voluptates

1903 2965 2086 3020 carnis
2107 2963 2391 3020 emittitur.
2426 2965 2602 3021 Arcus
2644 2981 2898 3035 namque,
2937 2966 3081 3036 quod
3109 2975 3191 3023 est
3223 2966 3494 3023 stoliditas

1905 3056 2180 3127 corporis,
2207 3055 2454 3111 interiori
2501 3056 2703 3112 virtute
2732 3067 3020 3124 curvatus,
3049 3069 3236 3114 contra
3270 3059 3495 3115 nebulas

1904 3146 2359 3216 concupiscentiae
2409 3147 2661 3218 sagittam
2719 3148 3090 3217 temperantia:
3135 3140 3208 3204 si'
3258 3148 3491 3220 dirigat,

1903 3249 2171 3310 quatenus
2193 3239 2375 3294 videat
2396 3239 2538 3310 quod
2563 3238 2742 3305 feriat,
2769 3254 2950 3309 penna
2978 3241 3238 3294 virtutum
3265 3257 3371 3296 non
3398 3256 3491 3296 ca-

1904 3341 2038 3393 reat,
2069 3331 2301 3387 interius
2323 3329 2647 3387 intentionis
2675 3331 2977 3386 directione
3003 3331 3339 3400 prtemineat,
3368 3332 3494 3387 sub-

1905 3423 2015 3479 tilis
2072 3423 2274 3491 ingenii
2323 3423 2572 3478 acumine
2617 3422 2774 3492 quasi
2819 3421 3052 3492 quodam
3105 3420 3251 3477 ferro
3289 3431 3496 3494 tempe-

1902 3517 2070 3574 randa
2111 3514 2354 3582 dividat,
2407 3531 2497 3583 ne,
2527 3516 2655 3572 dum
2712 3528 2843 3570 sane
2874 3514 3149 3585 providet,
3201 3515 3495 3586 saniusque

1904 3609 2132 3674 tolerat,
2161 3607 2344 3662 minus
2371 3622 2505 3662 sane
2536 3609 2667 3663 lisus
2707 3606 2775 3661 de
2817 3621 2875 3661 se
2913 3605 3142 3662 nimium
3183 3617 3337 3664 actus
3365 3624 3492 3666 suos

1903 3699 2263 3755 discernenda
2291 3705 2602 3768 componat.
2653 3696 2788 3752 Nam
2820 3707 2906 3753 est
2933 3697 3112 3768 inepta
3158 3697 3490 3754 abscidenda

1900 3791 2168 3862 voluptas,
2203 3806 2310 3846 non
2353 3790 2572 3860 penitus
2621 3791 2989 3847 subtrahenda
3022 3793 3356 3859 necessitas,
3389 3808 3492 3849 nec

1901 3886 2024 3958 quis
2054 3887 2182 3941 dum
2223 3901 2284 3942 se
2312 3886 2500 3942 valere
2537 3885 2840 3954 existimat,
2873 3885 3102 3942 aliorum
3134 3897 3343 3943 mentes
3361 3903 3495 3943 con-

1902 3987 2112 4034 temnat
2163 3978 2451 4035 invalidas.
2498 3978 2626 4035 Haec
2661 3995 2760 4035 nos
2809 3981 3206 4050 temperantia,
3263 3997 3384 4052 quae
3435 3991 3494 4039 et

1899 4071 2156 4128 discretio
2182 4073 2338 4143 quasi
2383 4089 2572 4128 arcum
2609 4073 2805 4143 sagitta
2843 4073 3143 4144 praevelare
3187 4076 3378 4143 debet,
3419 4090 3492 4131 ne

1899 4167 2029 4236 quid
2077 4166 2426 4237 superveniat
2479 4166 2622 4236 quod
2682 4181 2782 4221 nos
2845 4165 3178 4224 incon3ultos
3227 4167 3486 4224 oﬂendat.

1897 4256 2042 4313 lstud
2058 4251 2366 4313 Deillumen
2390 4255 2656 4326 repletum
2684 4257 2840 4327 aquis
2862 4273 2967 4313 non
2995 4258 3488 4331 circuitAssyrios,

1899 4351 1992 4406 sed
2021 4360 2082 4405 ut
2124 4352 2308 4406 hostes
2357 4350 2506 4404 vadit
2559 4350 2614 4405 in
2647 4351 2814 4421 ipsos.
2856 4349 3027 4408 Recte
3076 4352 3220 4406 enim
3270 4353 3487 4424 Pltyson

1900 4446 2135 4527 Evilath,
2179 4447 2368 4504 Gehon
2400 4445 2736 4517 Ethiopiam
2780 4445 3072 4501 circumire
3116 4445 3333 4510 dicitur,
3364 4463 3487 4503 cum

219 4537 464 4605 apostolo
499 4540 566 4594 ad
593 4555 714 4595 eam
743 4555 906 4610 quam
939 4540 1217 4596 consecuti
1241 4547 1368 4594 sunt
1387 4539 1638 4609 gratiam,
1664 4538 1792 4594 folio
1826 4554 1872 4608 ι)
1899 4541 1988 4599 ille
2037 4543 2267 4608 muniat,
2307 4540 2444 4596 alter
2482 4539 2593 4612 juri
2635 4537 2890 4608 subjiciat
2930 4552 3138 4605 nostro,
3179 4548 3233 4594 et
3254 4541 3490 4596 circum-

220 4629 373 4694 rubi,
418 4629 472 4683 id
525 4639 606 4685 est
638 4633 804 4687 verbo
853 4631 1148 4687 Dominicae
1175 4631 1478 4703 passionis,
1525 4644 1646 4700 qua:
1697 4645 1797 4700 pro

216 4723 594 4791 peccatoribus
648 4725 792 4780 facta
844 4734 948 4791 est,
997 4735 1050 4782 et
1101 4725 1236 4781 alios
1279 4731 1596 4796 provocant.
1633 4723 1798 4794 Lapis

217 4819 395 4866 autem
426 4803 571 4884 onyx
613 4815 681 4870 ab
712 4815 908 4886 unguis
947 4817 1300 4872 similitudine
1326 4817 1406 4872 sic
1435 4815 1664 4882 dicitur;
1697 4832 1799 4871 un-

216 4916 373 4973 gnem
419 4915 598 4960 autem
653 4921 834 4962 meum
880 4908 1136 4974 attendo,
1169 4922 1233 4962 ea
1286 4916 1442 4978 parte
1465 4922 1570 4979 qua
1601 4907 1794 4977 surgit,

218 4989 438 5054 arenato
467 4999 702 5068 qttodam
733 4999 973 5070 primum
1009 5000 1196 5056 albore
1227 5000 1490 5066 sull'undi,
1524 5003 1582 5058 in
1619 5002 1798 5057 medio

155 5123 160 5127 -
217 5105 443 5147 cernens
463 5093 679 5147 mistum
711 5096 950 5150 candore
973 5092 1248 5154 ruborem.
1279 5094 1526 5164 superius
1555 5095 1644 5150 ubi
1675 5111 1800 5151 car-

217 5196 340 5237 nem
361 5182 575 5236 excedit
597 5181 883 5239 sinceriter
903 5182 1139 5240 elucere.
1157 5182 1372 5238 Primns
1387 5185 1588 5240 candor
1611 5195 1796 5242 noster

218 5287 286 5328 ex
325 5274 594 5343 baptismo
622 5285 728 5340 est,
769 5275 859 5344 qui
890 5284 1072 5330 tamen
1104 5290 1233 5330 arcu
1271 5276 1466 5330 divinae
1501 5276 1795 5349 Scriptura:

219 5365 490 5436 divinique
526 5365 712 5435 judicii
761 5366 913 5436 quasi
952 5361 1084 5438 iugo
1115 5367 1494 5439 restringitur,
1525 5370 1618 5424 sed
1646 5379 1796 5441 post-

219 5457 432 5512 modum
487 5459 685 5514 rubore
716 5459 1006 5526 miscetur,
1034 5461 1346 5532 passionum
1392 5460 1603 5518 scilicet
1645 5465 1797 5520 evin-

220 5549 511 5604 cendarum
531 5549 838 5605 incursione
869 5550 1144 5618 turbatur,
1178 5553 1349 5609 donec
1367 5553 1550 5608 carnis
1572 5569 1796 5611 carcere

221 5653 500 5714 exemptus
529 5644 699 5699 libera
747 5644 869 5700 caeli
915 5645 1036 5700 luce
1087 5646 1312 5708 fruatur,
1344 5646 1520 5701 fructu
1551 5661 1679 5702 vero
1704 5663 1796 5702 ca-

221 5735 394 5806 priﬂci
448 5745 530 5791 est
563 5736 786 5801 similis,
823 5737 916 5807 qui
970 5738 1059 5792 ubi
1111 5739 1473 5807 permaturuit
1524 5748 1642 5796 ater
1677 5749 1792 5809 est,

223 5828 346 5902 quia
377 5844 500 5885 cum
531 5830 705 5887 sancti
733 5829 834 5887 viri
863 5829 932 5886 ad
956 5830 1260 5902 perfectum
1289 5831 1579 5892 charitatis
1598 5835 1796 5910 attige-

1902 4633 2085 4688 cludat
2127 4635 2376 4700 adversa,
2409 4640 2465 4690 et
2500 4631 2812 4703 specialiter
2859 4629 3109 4702 voluptas
3155 4631 3220 4688 ad
3252 4648 3486 4704 unguem

1901 4739 2240 4797 oppugnetur
2277 4726 2519 4782 exclusa.
2553 4725 2761 4782 Dicitur
2791 4724 2936 4780 enim
2968 4743 2980 4780 :
3019 4723 3216 4797 Fugite
3250 4727 3489 4798 fornica-

1901 4815 2092 4868 tionem
2118 4814 2173 4885 (I
2210 4814 2331 4869 Cor.
2365 4829 2442 4881 vr,
2471 4815 2582 4888 18),
2611 4815 2768 4886 'qnod
2807 4823 2890 4870 est
2943 4814 3160 4882 dicere,
3192 4815 3382 4888 Fugite
3411 4817 3492 4873 la-

1900 4922 2031 4978 psus
2061 4909 2548 4979 opportunitatem;
2581 4909 2893 4966 medullitus
2931 4911 3076 4967 enim
3102 4910 3303 4981 injacet
3331 4911 3488 4968 nobis

1900 5001 2006 5058 hoc
2029 5001 2241 5068 vitium,
2273 5002 2394 5058 ideo
2411 5003 2624 5058 cautius
2645 5003 3069 5072 insequendum;
3097 5005 3201 5059 hoc
3225 5013 3312 5059 est
3333 5019 3490 5058 nam-

1899 5110 2005 5166 que
2028 5096 2220 5164 Assur,
2271 5097 2414 5167 quod
2446 5098 2568 5152 aula
2606 5099 3014 5168 interpretatur.
3058 5098 3212 5161 Aula,
3245 5093 3370 5167 quia
3405 5113 3491 5154 re-

1900 5205 2026 5260 gum
2065 5200 2158 5244 aut
2185 5199 2464 5261 potentum
2497 5190 2688 5246 domus
2726 5200 2832 5259 est,
2875 5189 3121 5259 voluptas
3175 5188 3358 5245 saeculi
3404 5189 3490 5246 in-

1901 5282 2180 5354 telligitur,
2209 5299 2309 5339 nec
2333 5283 2636 5351 immerito;
2671 5285 2723 5338 in
2751 5287 2890 5341 aulis
2916 5287 3059 5340 enim
3099 5288 3263 5343 totius
3287 5288 3487 5345 obsce-

1897 5376 2086 5432 nitatis
2120 5377 2361 5432 videmus
2382 5393 2504 5434 esse
2542 5378 2838 5448 gurgustia.
2875 5377 3028 5433 Unde
3055 5387 3137 5435 est
3166 5396 3180 5434 :
3217 5379 3321 5447 Qui
3347 5381 3486 5436 mol-

1899 5467 2036 5522 libus
2085 5469 2404 5536 vestiuntur,
2451 5470 2505 5524 in
2532 5468 2771 5523 domibus
2802 5485 2976 5540 regum
3024 5483 3146 5527 sunt
3187 5471 3370 5544 (Matt.
3399 5491 3484 5540 ιι.

1899 5558 1974 5630 8),
2002 5560 2053 5614 id
2084 5569 2169 5616 est
2204 5563 2294 5631 qui
2326 5561 2468 5615 fluxa
2515 5560 2934 5631 amplectuntur,
2968 5563 3249 5621 domestici
3281 5566 3486 5622 datmo-

1901 5667 2028 5706 num
2063 5663 2206 5707 sunt.
2258 5653 2320 5709 lli
2361 5664 2488 5709 sunt
2519 5655 2761 5728 Assyrii,
2797 5656 2849 5711 id
2895 5664 2981 5712 est
3013 5658 3204 5724 aulici,
3253 5673 3484 5728 quorum

1898 5760 2008 5801 non
2044 5746 2222 5801 minus
2246 5751 2616 5817 persequenda
2650 5762 2776 5805 sunt
2806 5750 3050 5821 exempla
3079 5766 3239 5822 quam
3277 5751 3392 5821 ipsa
3425 5753 3484 5807 in

1898 5839 2056 5898 nobis
2078 5840 2228 5896 vitia.
2264 5841 2406 5898 Vitia
2433 5843 2654 5912 etenim,
2680 5857 2802 5914 quae
2824 5843 3000 5915 pudor
3024 5858 3167 5914 saepe
3209 5845 3483 5918 reprimit,
