4062 6354
539 243 614 308 ετ
1213 251 1222 264 ·
1434 241 1500 300 v.
1537 241 1865 303 GUIBERTI
1885 241 2182 304 ABBATIS
2209 241 2270 304 s.
2308 241 2556 306 unum
2592 244 2682 310 ne
2706 231 3120 310 NOVIGENTO'

3797 250 3906 307 6‘?

541 344 852 434 exemplum
881 349 1118 435 nequa'm'
1145 349 1324 418 acrius
1343 345 1647 418 'exsuscitat
1677 371 1732 420 et
1779 365 1968 420 nutrit.
2001 355 2132 418 Μαι
2157 369 2206 426 Α
2235 351 2518 424 sentimus.
2545 360 2676 424 Inde
2715 384 2878 442 super
2904 370 3197 448 psalmum,
3225 351 3496 430 canticum
3525 370 3728 446 Moysi
3762 373 3882 431 bo—

542 455 657 512 rius
683 471 803 510 vero
827 464 1048 528 quartus
1070 451 1178 524 ipse
1201 461 1276 506 est
1309 451 1628 523 Euphrates.
1660 454 1760 522 Qui
1791 465 1845 512 et
1869 457 2134 528 interpre-

549 556 700 604 tatur
730 588 744 602 .
774 545 830 602 ιη
859 546 1079 618 [rugiter
1100 560 1207 614 quo
1237 543 1556 617 intelligitur
1587 545 1824 616 iustitia,
1857 565 1962 620 qua
1993 549 2132 606 Deus

547 656 712 714 super
737 654 898 696 mune
943 638 1214 710 diligitur,
1261 648 1316 695 ct
1365 641 1617 710 proximo
1646 657 1741 697 sua
1790 642 1973 714 regula
2024 659 2132 701 non

547 743 794 805 negatur.
832 732 954 787 llaec
980 740 1062 786 est
1095 729 1285 798 fomes,
1318 733 1434 789 lucc
1460 743 1541 790 est
1587 733 1726 808 frugi
1762 736 1933 792 tribus
1957 736 2136 808 praeli-

547 826 708 891 batis,
733 825 958 896 aliisque
988 825 1297 897 quibusque
1313 825 1628 894 virtutibus,
1661 839 1712 884 et
1740 829 2132 901 spiritualibus,

543 919 619 975 uti
669 934 860 973 succus
904 927 960 974 et
1009 919 1245 975 medulla
1273 920 1582 982 arboribus.
1624 922 1890 980 Definitur
1925 933 2132 991 autem,

543 1009 665 1080 quia
715 1009 935 1066 habitus
983 1022 1067 1071 est
1101 1012 1268 1067 animi
1315 1014 1589 1069 communi
1638 1015 1873 1071 utilitate
1919 1026 2132 1074 servata

543 1119 698 1160 suam
754 1106 951 1176 cuique
1001 1104 1248 1170 tribuens
1296 1107 1636 1180 dignitatem.
1687 1111 1786 1167 Ubi
1836 1111 2134 1181 perfectum

543 1198 802 1267 quiddam
836 1197 1088 1267 insonat,
1123 1200 1200 1256 sic
1228 1216 1353 1272 erga
1385 1216 1654 1273 quemque
1686 1217 1746 1260 se
1779 1204 1979 1260 habere
2022 1203 2135 1261 fru-

545 1289 776 1360 galiter,
820 1299 878 1343 ut
918 1291 1186 1366 generalis
1227 1310 1333 1349 non
1380 1295 1663 1352 deseratur
1713 1297 1938 1353 utilitas.
1979 1299 2134 1367 Quod

551 1398 658 1438 non
690 1381 833 1438 aliud
868 1394 971 1450 est,
1005 1385 1107 1440 nisi
1142 1395 1200 1442 ut
1225 1385 1456 1458 quisque
1493 1389 1572 1444 sic
1603 1390 1918 1458 honoretur,
1943 1401 2000 1447 ut
2028 1402 2132 1459 est,

549 1484 716 1546 utque
745 1487 1000 1544 meretur,
1032 1496 1098 1534 ne
1128 1480 1285 1536 unius
1317 1482 1398 1536 vel
1429 1497 1725 1552 paucorum
1751 1485 2135 1555 aspernatione

549 1582 644 1623 seu
671 1568 813 1624 cultu
841 1571 1094 1628 omnibus
1141 1573 1453 1630 scandalum
1493 1587 1804 1647 generetur.
1828 1577 2134 1650 Euphrates

547 1663 713 1736 igitur
751 1665 961 1737 frugem
992 1665 1117 1722 vitm
1147 1667 1286 1734 fert,
1316 1669 1442 1742 quia
1467 1667 1648 1738 justus
1674 1670 1728 1725 in
1768 1668 1980 1739 justitia
2010 1688 2132 1740 sua,

549 1772 708 1827 quam
738 1767 994 1829 Operatus
1029 1767 1136 1826 est,
1169 1759 1334 1814 vivet.

617 1849 779 1907 Vnus.
819 1851 906 1906 15.
940 1883 1010 1894 --
1051 1851 1192 1908 Tulit
1223 1871 1344 1926 ergo
1388 1854 1644 1912 Dominus
1682 1854 1824 1912 Deus
1853 1857 2137 1927 hominem,

546 1953 594 1998 et
633 1943 806 2013 posuit
835 1961 954 1998 eum
1005 1945 1056 1999 in
1086 1945 1335 2015 paradiso
1382 1945 1656 2015 voluptatis
1677 1987 1692 2013 ,
1724 1956 1779 2004 ut
1810 1958 2135 2018 operaretur,

547 2046 595 2090 et
627 2036 908 2092 custodiret
955 2035 1127 2092 illum.
1163 2036 1322 2092 Tollit
1370 2036 1510 2094 Deus
1541 2039 1838 2106 hominem,
1867 2056 1989 2096 cum
2014 2055 2136 2097 eum

548 2143 660 2185 sure
691 2130 920 2200 propriae
953 2129 1140 2187 adimit
1160 2131 1444 2194 voluntati.
1487 2130 1646 2189 Ponit
1681 2134 1736 2190 in
1767 2135 2018 2206 paradiso
2044 2150 2141 2192 vo-

550 2217 804 2294 luptatis,
834 2240 956 2279 cum
981 2239 1133 2282 suam
1170 2224 1448 2296 inspirans
1473 2224 1654 2282 facere
1680 2226 2013 2284 voluntatem
2050 2227 2136 2282 in-

547 2316 762 2382 sinuat,
801 2317 926 2386 quia
965 2333 1023 2373 se
1053 2333 1216 2374 nosse
1253 2319 1472 2386 vivere,
1520 2320 1621 2374 sibi
1654 2321 1861 2376 servire
1908 2336 2139 2393 regnare

549 2415 641 2470 sit.
695 2415 997 2485 Operamur
1027 2431 1157 2471 vero
1183 2416 1494 2486 paradisum
1517 2457 1530 2482 ,
1563 2432 1685 2472 cum
1727 2418 1992 2473 bonorum
2025 2426 2142 2474 stu-

555 2508 658 2564 diis
694 2523 918 2578 operum
941 2524 1108 2582 regno
1137 2509 1398 2566 caelorum
1424 2510 1532 2566 vim
1563 2509 1814 2577 facimus,
1843 2526 1970 2566 cum
1997 2525 2140 2582 quae-

556 2599 728 2654 rimus
761 2599 934 2668 ipsmn
961 2639 975 2666 ,
1034 2608 1089 2658 et
1123 2598 1393 2669 justitiam
1442 2601 1560 2672 ejus
1598 2602 1963 2670 custodimus,
2017 2619 2140 2660 cum

551 2683 701 2749 inani
760 2692 945 2764 gloria:
987 2692 1130 2748 inter
1175 2694 1314 2750 bene
1353 2695 1618 2770 agendum
1651 2696 1856 2753 aditum
1897 2697 2138 2754 obstrui-

550 2801 692 2842 mus.

622 2878 788 2934 Vsus.
827 2877 916 2933 16.
960 2907 1031 2919 -—
1068 2874 1433 2950 Prwcepitque
1481 2879 1528 2934 ei
1574 2878 1719 2934 Deus
1769 2880 1947 2936 dicens
1992 2895 2011 2934 :
2057 2879 2141 2935 Ea:

551 2973 692 3028 omni
717 2972 858 3043 ligno
885 2971 1124 3038 paradisi
1147 2972 1356 3026 comede
1381 2986 1398 3024 :
1422 2971 1485 3026 de
1518 2971 1661 3043 ligno
1699 2983 1871 3026 autem
1907 2974 2141 3028 scientia:

551 3060 670 3117 boni
728 3071 774 3116 et
830 3059 956 3116 mali
1001 3077 1064 3116 ne
1113 3061 1376 3116 comedas.
1407 3061 1488 3115 Ex
1535 3061 1684 3116 onmi
1724 3061 1870 3131 ligno
1901 3063 2138 3134 paradisi
2165 3091 2210 3153 ρ

548 3155 917 3222 comedimus,
972 3154 1190 3227 quando
1243 3155 1411 3209 vitam
1458 3155 1606 3210 omni
1654 3155 1910 3210 refertam
1938 3156 2139 3211 virtute

549 3247 922 3318 transigimus.
949 3245 1123 3318 Ligno
1157 3246 1404 3302 scientiae
1441 3247 1566 3302 boni
1592 3254 1647 3303 et
1677 3248 1804 3303 mali
1831 3263 1938 3304 non
1972 3247 2140 3304 vesci-

549 3356 695 3406 mur,
723 3357 847 3398 cum
877 3340 1160 3397 voluntate
1190 3349 1375 3398 nostra
1401 3340 1457 3396 in
1487 3339 1880 3412 experientiam
1905 3341 2140 3413 peccati,

549 3448 656 3504 qua
707 3433 912 3488 bonum
971 3433 1118 3504 quod
1153 3431 1492 3490 habebamus
1545 3433 1756 3508 plenius
1806 3437 2142 3504 agnoscitur,

550 3541 657 3598 non
685 3526 979 3584 abutimur.
1010 3526 1118 3584 Sed
1159 3527 1226 3582 dc
1259 3527 1344 3584 his
1378 3529 1631 3599 superius
1660 3544 1728 3586 ac
1762 3529 1896 3584 satis
1933 3529 2140 3585 dictum

551 3627 656 3674 est.

619 3709 788 3766 Vens.
823 3709 912 3764 l7.
944 3739 1014 3748 —
1051 3706 1117 3762 In
1144 3709 1472 3780 quacumque
1497 3710 1636 3764 enim
1671 3711 1756 3765 die
1785 3727 1850 3766 ex
1879 3727 1938 3766 eo
1973 3727 2144 3766 conte-

552 3807 714 3872 deris,
745 3815 908 3861 morte
933 3805 1192 3861 morieris.
1233 3804 1606 3872 Comedimus,
1632 3821 1755 3860 cum
1783 3820 1965 3875 praue
1994 3803 2141 3860 dele-

551 3899 809 3957 ctationis
844 3898 1008 3954 etiam
1036 3897 1155 3954 sine
1197 3906 1326 3954 actu
1358 3898 1671 3954 extrinseco
1713 3913 1961 3968 saporem
2002 3898 2146 3954 exci-

549 4004 684 4060 pere
709 3989 1112 4055 conscntimus;
1144 3989 1238 4046 sed
1281 3989 1409 4062 quia
1433 3990 1607 4046 virtus
1649 3989 1854 4062 peccati
1893 4005 2061 4056 mors,
2089 3991 2146 4046 id

464 4141 468 4146 _
551 4091 636 4138 est
657 4081 943 4140 delectatio
963 4097 1084 4138 esse
1111 4082 1474 4154 dignoscitur,
1509 4092 1683 4138 morte
1709 4083 1994 4149 morimur,
2018 4098 2146 4139 cum

551 4193 582 4232 a
615 4186 755 4233 statu
811 4177 916 4250 piae
945 4176 1263 4234 intentionis
1315 4176 1486 4232 divini
1534 4176 1788 4232 desiderii
1829 4176 2144 4232 exclusione

552 4269 858 4342 dejicimur.
897 4269 1010 4326 Sed
1039 4284 1210 4340 quare
1255 4267 1307 4323 in
1335 4268 1422 4324 die
1447 4284 1568 4324 cum
1598 4285 1703 4324 nox
1730 4277 2016 4340 peccatum
2049 4269 2140 4336 sit,

547 4363 662 4420 dies
690 4361 979 4434 aliquoties
1023 4376 1124 4434 pro
1161 4359 1403 4432 qualibet
1435 4362 1798 4432 prosperitate
1820 4362 2138 4430 assumitur,

549 4465 611 4511 ut
643 4464 727 4512 est
755 4473 767 4511 :
799 4454 865 4510 In
894 4455 993 4510 hac
1017 4454 1102 4510 die
1127 4470 1244 4526 quis
1272 4453 1342 4509 ad
1370 4469 1551 4526 pacem
1579 4453 1672 4510 tibi
1695 4451 1850 4526 (Luc.
1877 4469 1992 4520 xu,
2022 4453 2135 4525 42).
2165 4468 2218 4530 ι)

550 4547 620 4602 Et
647 4563 877 4618 peccare
929 4549 1167 4617 volenti,
1197 4565 1321 4605 cum
1353 4563 1613 4620 prospere
1654 4546 1885 4604 facultas
1913 4548 2136 4616 arridet,

552 4640 672 4696 dies
699 4641 926 4712 quidam
958 4643 1012 4698 in
1041 4643 1332 4700 obscurum
1359 4643 1636 4700 rediturus
1663 4642 1863 4698 elucet.
1896 4641 2046 4698 Solet
2083 4651 2140 4700 et

551 4747 649 4804 per
672 4733 815 4790 diem
847 4733 1226 4806 intelligentia,
1259 4735 1401 4790 sicut
1432 4744 1488 4790 et
1509 4750 1608 4805 per
1641 4745 1855 4790 noctem
1880 4736 2135 4806 ignoran-

552 4827 649 4892 tia,
682 4827 875 4900 accipi.
923 4827 1152 4896 Quidam
1183 4844 1314 4885 vero
1340 4831 1698 4900 quantitatem
1727 4828 1989 4900 cujusque
2025 4830 2137 4886 cri-

550 4921 716 4978 minis
771 4921 839 4978 ad
887 4920 1105 4992 plenum
1145 4921 1508 4994 intelligentes
1533 4930 1790 4993 peccant,
1830 4923 1898 4978 de
1945 4923 2142 4993 quibus

551 5021 640 5070 est
687 5032 702 5068 :
743 5013 1078 5069 Descendunt
1124 5013 1181 5068 in
1230 5012 1497 5083 infernum
1531 5013 1750 5068 uiuentes
1784 5011 1959 5086 (Psal.
1983 5030 2140 5082 cxm,

552 5106 664 5177 i7).
695 5106 874 5178 Aliqui
913 5106 968 5162 id
1015 5105 1200 5164 metiri
1247 5104 1534 5172 nesciunt,
1581 5105 1816 5175 cmcique
1851 5114 2043 5172 ruunt,
2071 5105 2144 5162 de

553 5201 750 5272 quibus
791 5203 989 5258 dicitur
1032 5220 1046 5257 :
1109 5199 1263 5258 Sicut
1315 5218 1432 5258 ores
1469 5201 1525 5256 in
1565 5201 1770 5272 inferno
1820 5202 1977 5272 positi
2019 5210 2139 5256 sunt

554 5292 730 5366 (Psal.
763 5310 955 5362 suun,
989 5294 1102 5367 l5).
1138 5293 1500 5351 Tantumdem
1533 5293 1714 5364 itaque
1742 5294 1864 5364 quis
1889 5293 2139 5364 moritur,

555 5395 814 5460 quantum
842 5388 988 5458 quod
1017 5387 1256 5444 admittit
1286 5387 1619 5444 intellexisse
1645 5386 1926 5458 probatur.

626 5473 790 5530 Vnus.
825 5473 910 5530 l8.
952 5504 1009 5514 —-
1034 5472 1180 5528 Dixit
1205 5491 1408 5546 quoque
1437 5474 1695 5529 Dominus
1721 5473 1862 5529 Deus
1885 5487 1904 5526 :
1932 5491 2034 5530 non
2067 5484 2142 5530 est

555 5567 748 5623 bonum
787 5583 896 5622 esse
922 5566 1182 5621 hominem
1207 5565 1377 5620 solum
1401 5583 1420 5631 ;
1453 5567 1712 5635 faciamus
1737 5568 1788 5622 ei
1815 5566 2141 5638 arljutorium

556 5660 729 5717 simile
754 5661 858 5715 sui.
892 5658 1311 5729 Hominem,qui
1347 5674 1457 5714 suae
1487 5661 1724 5716 motibus
1763 5660 1944 5718 carnis
1971 5660 2138 5718 ratio-

552 5752 641 5844 nis
689 5752 918 5828 imperio
972 5751 1189 5827 prasit,
1228 5768 1333 5812 nec
1379 5752 1675 5825 pecualiter
1705 5763 1996 5828 evagatur,
2045 5755 2136 5814 hic
2183 5811 2201 5834 _,

2235 456 2399 512 minis
2432 458 2547 514 Dei.
2578 460 2714 516 Cum
2759 461 3017 532 spiritus,
3050 471 3104 518 et
3137 463 3384 524 homines
3423 464 3579 532 boni,
3615 474 3683 521 et
3726 466 3884 521 mali

2236 545 2334 605 Dei
2360 551 2489 606 sint.
2522 551 2692 610 Homo
2723 553 2810 608 hic
2840 555 2910 610 ob
2947 554 3029 610 sui
3061 556 3423 627 integritatem
3474 558 3754 629 ponitur,
3793 557 3890 614 ob

2239 642 2381 712 quod
2408 652 2462 698 et
2489 643 2584 700 Dei
2617 663 2736 702 esse
2761 647 2979 704 dicitur.
3009 648 3124 704 Illic
3146 649 3310 707 etiam
3343 665 3357 704 :
3387 649 3455 704 In
3479 652 3569 706 die
3612 651 3728 705 illa
3763 670 3890 708 Ill-

2243 736 2362 791 triet
2405 737 2560 794 homo
2608 756 2817 794 vaccam
2849 739 3004 794 boum
3043 740 3202 813 (Isai.
3247 757 3346 808 vn,
3395 744 3534 814 2i):
3590 744 3718 800 Sed
3757 747 3870 802 ista

2237 824 2475 882 hominis
2506 828 2716 898 puritas
2742 829 2786 885 si
2829 825 3050 900 jugiter,
3081 839 3177 886 aut
3223 833 3388 892 etiam
3435 833 3786 904 aliquandiu
3817 837 3880 892 ei

2238 919 2396 988 insit,
2435 937 2707 978 summum
2743 922 2863 996 ejus
2915 925 3216 996 periculum
3268 941 3390 984 esse
3428 938 3652 997 petest,
3713 938 3880 987 teste

2238 1012 2441 1081 Paulo,
2480 1017 2565 1072 cui
2603 1017 2764 1074 datur
2813 1019 3064 1078 stimulus
3092 1019 3154 1091 (ι
3187 1021 3308 1080 Cor.
3350 1039 3450 1091 xu,
3477 1023 3551 1090 7),
3583 1039 3662 1082 ne
3694 1041 3882 1083 reve-

2238 1107 2531 1166 lationibus
2560 1111 2868 1166 extollatur.
2887 1112 3003 1169 Etsi
3035 1115 3181 1170 enim
3207 1116 3406 1172 caelum
3433 1119 3615 1174 sancti
3647 1135 3874 1175 vocan-

2241 1207 2350 1266 tur,
2377 1199 2653 1258 silentium
2681 1211 2861 1259 tamen
2894 1204 2948 1260 in
2980 1205 3120 1262 crelo
3145 1207 3236 1262 vix
3268 1207 3443 1263 media
3467 1209 3607 1264 hora
3641 1225 3870 1267 conce-

2239 1291 2400 1366 ditur.
2420 1290 2579 1348 Solus
2603 1309 2731 1366 ergo
2755 1295 2918 1352 homo
2949 1295 3108 1364 foret,
3133 1298 3176 1356 si
3203 1299 3344 1354 hanc
3365 1300 3566 1357 silentii
3591 1303 3866 1373 quietem

2239 1383 2482 1440 haberet.
2513 1385 2633 1444 Non
2662 1397 2744 1444 est
2769 1400 2950 1446 autem
2989 1391 3212 1457 bonum,
3245 1408 3314 1448 ne
3350 1395 3526 1465 pariat
3547 1397 3660 1452 sibi
3687 1414 3868 1454 arro-

2239 1477 2436 1548 gantire
2489 1489 2694 1550 typum.
2743 1481 2988 1554 Denique
3021 1485 3080 1540 fit
3123 1502 3153 1541 a
3204 1487 3314 1542 Deo
3347 1487 3448 1543 sibi
3497 1489 3942 1558 adjutorium-
4031 1477 4033 1542 ε

2239 1565 2432 1628 similis
2461 1569 2598 1635 sibi,
2639 1569 2764 1626 dum
2813 1572 3022 1644 fragilis
3056 1575 3393 1644 originaliter
3423 1579 3560 1650 ipse,
3596 1597 3716 1636 non
3757 1599 3867 1638 na-

2243 1659 2498 1716 turalium
2522 1662 2685 1718 etiam
2709 1662 3066 1734 fragilitatem
3090 1668 3438 1726 immersione
3459 1673 3758 1740 continua,
3789 1691 3865 1731 ex

2241 1753 2452 1834 peccati
2504 1769 2664 1825 poena
2701 1757 2770 1811 ad
2809 1758 2896 1814 sui
2942 1759 3190 1816 notitiam
3237 1772 3550 1822 revocatur.
3589 1765 3740 1822 Cum
3787 1771 3865 1825 sit

2243 1845 2390 1904 enim
2416 1848 2654 1919 possibili
2689 1865 2918 1923 corpore
2945 1868 3014 1910 ne
3043 1855 3156 1926 29
3176 1856 3240 1911 de
3271 1858 3471 1912 mentis
3493 1859 3690 1928 aliquo
3723 1870 3858 1918 sta-

2244 1951 2302 1996 tu
2332 1939 2630 2011 superbiat,
2663 1944 2867 2012 patitur
2913 1945 3192 2003 molestias
3223 1949 3494 2018 passionis
3531 1950 3586 2005 in
3617 1963 3858 2022 mente;

2243 2033 2386 2088 unde
2413 2035 2887 2094 commonitorium
2928 2039 3073 2094 circa
3119 2055 3177 2095 se
3207 2041 3392 2108 habet,
3423 2041 3566 2112 quod
3599 2060 3664 2100 se
3693 2047 3861 2116 adju»

2242 2137 2335 2184 vet
2356 2127 2458 2184 sibi
2488 2144 2588 2199 per
2616 2130 2968 2202 fragilitatem
2994 2132 3194 2188 simile.
3220 2131 3394 2191 Porro
3419 2134 3566 2192 Deus
3593 2137 3651 2194 id
3688 2138 3856 2208 facit,

2243 2239 2366 2280 cum
2404 2222 2524 2279 fieri
2557 2223 2704 2294 justo
2725 2221 2934 2293 judicio
2965 2226 3253 2297 permittit.

2255 2313 2258 2316 ’
2315 2314 2478 2371 Vens.
2513 2316 2599 2371 19.
2634 2346 2704 2358 ——
2734 2314 3000 2374 Formatis
3050 2319 3214 2389 igitur
3259 2319 3518 2377 Dominus
3557 2322 3626 2378 de
3678 2325 3854 2382 humo

2244 2409 2446 2468 cunctis
2511 2409 2868 2466 animantibus
2914 2423 3068 2466 terra:
3133 2422 3182 2468 et
3234 2414 3487 2471 universis
3534 2416 3856 2476 solantibus

2245 2503 2381 2569 ccli,
2427 2502 2649 2557 adduxit
2699 2519 2761 2558 ea
2799 2504 2868 2558 ad
2915 2505 3107 2573 Adam,
3137 2515 3193 2560 ut
3226 2506 3417 2562 uideret
3457 2510 3586 2579 quid
3629 2524 3853 2569 uocaret

2245 2613 2326 2658 ea.
2375 2593 2454 2648 De
2497 2594 2658 2648 humo
2691 2593 2952 2650 Dominus
2985 2596 3226 2652 volatilia
3275 2598 3397 2654 caeli
3429 2614 3493 2654 ac
3535 2601 3850 2658 animantia

2247 2695 2407 2742 terra:
2432 2685 2657 2750 format,
2691 2687 2818 2741 dunt
2847 2687 3342 2758 contemplationis,
3375 2698 3430 2746 et
3454 2689 3692 2746 actualis
3727 2693 3852 2748 vitae

2245 2781 2385 2840 bona
2429 2796 2528 2852 per
2575 2780 2943 2837 humilitatem
2993 2783 3384 2851 tentationum,
3422 2783 3720 2856 nostrique
3752 2801 3850 2842 co-

2247 2875 2544 2948 gnitionem
2615 2873 2684 2928 ad
2737 2874 3123 2944 supercmleste
3183 2875 3462 2947 exemplar
3517 2880 3851 2948 expressius

2246 2969 2404 3024 nobis
2448 2969 2741 3032 instaurat,
2791 2967 2982 3036 suique
3019 2975 3074 3022 ct
3117 2968 3347 3036 angelici
3389 2969 3606 3024 habitus
3643 2971 3852 3042 imagi-

2247 3075 2371 3115 nem
2412 3059 2634 3114 format.
2667 3057 2903 3114 Adducit
2950 3068 3134 3116 autem
3183 3059 3252 3114 ad
3299 3059 3493 3127 Adam,
3549 3076 3672 3117 cum
3727 3064 3852 3118 lucc

2250 3151 2592 3221 disponenda
2637 3161 2693 3207 et
2753 3152 2995 3207 curanda
3053 3160 3252 3208 nostrae
3303 3154 3534 3224 imperio
3601 3157 3846 3213 rationis

2247 3242 2468 3300 addicit.
2504 3240 2572 3296 Ut
2599 3243 2814 3310 videret,
2836 3243 3006 3298 Adam
3031 3244 3240 3300 scilicet
3267 3244 3401 3316 ipse,
3433 3245 3486 3300 id
3511 3255 3593 3302 est
3623 3247 3850 3303 discer-

2246 3341 2426 3400 neret,
2449 3334 2577 3405 quid
2602 3343 2808 3389 vocaret
2837 3351 2922 3400 ea,
2955 3335 3010 3390 id
3039 3344 3125 3391 est
3150 3337 3348 3408 quibus
3386 3353 3632 3409 quasque
3656 3336 3841 3394 virtu-

2243 3436 2327 3490 tes
2385 3427 2709 3496 qualitatum
2763 3426 3243 3484 distributionibus
3293 3427 3602 3499 iusiguiret.
3668 3427 3846 3487 0am

2245 3522 2382 3584 enim
2425 3520 2564 3592 quod
2609 3520 2804 3574 vocavit
2835 3519 3029 3588 Adam,
3061 3521 3255 3576 anima:
3299 3521 3534 3589 viventis,
3564 3523 3738 3592 ipsum
3768 3535 3842 3579 est

2248 3607 2438 3668 nomen
2476 3613 2612 3682 ejus.
2653 3611 2884 3668 Nomina
2931 3614 3234 3686 quibusque
3282 3615 3602 3672 substantiis
3635 3632 3703 3672 ex
3745 3635 3840 3673 ea-

2246 3705 2493 3762 rumdem
2524 3705 2804 3776 qualitate,
2847 3714 2902 3761 et
2948 3707 3112 3762 etiam
3154 3707 3275 3762 aliis
3317 3723 3425 3763 non
3455 3709 3846 3766 substantialis

2247 3799 2410 3852 rebus
2439 3796 2640 3867 imponi
2673 3796 2869 3854 solent.
2904 3796 3112 3853 Nomen
3142 3815 3272 3854 vero
3303 3815 3405 3870 pro
3460 3801 3714 3871 Opinione
3755 3803 3842 3856 vel

2245 3887 2606 3944 mstimatione
2654 3903 2797 3959 smpe
2841 3890 3079 3958 ponitur,
3117 3900 3178 3944 ut
3215 3899 3338 3946 est:
3393 3889 3603 3947 Nomen
3644 3892 3842 3948 bonum

2245 3978 2430 4034 melius
2453 3989 2528 4034 est
2563 3997 2720 4051 quam
2766 3980 2962 4036 divitiae
2999 3979 3181 4036 multa:
3208 3980 3392 4053 (Prov.
3438 3999 3576 4050 xm,
3611 3984 3685 4054 1).
3735 3985 3838 4040 V'o-

2246 4085 2335 4134 cat
2362 4076 2542 4150 itaque
2589 4076 2762 4130 Adam
2819 4076 3029 4132 animas
3079 4077 3357 4142 viventes,
3409 4079 3461 4134 id
3517 4086 3604 4135 cst
3649 4079 3838 4134 vitalia

2243 4167 2506 4225 virtutum
2555 4166 2735 4223 studia
2789 4167 2974 4222 subtili
3033 4167 3100 4224 ad
3154 4168 3560 4242 intelligendum
3611 4169 3838 4242 indaga-

2245 4261 2392 4317 tionc
2441 4261 2806 4317 disterminat.
2861 4261 3002 4316 Sunt
3073 4271 3253 4318 autem
3307 4265 3500 4320 animae
3557 4279 3677 4334 qua:
3725 4280 3837 4319 non

2243 4351 2456 4416 vivunt,
2491 4351 2618 4422 quia
2671 4358 2798 4407 sunt
2828 4368 2995 4424 opera
3043 4354 3288 4409 exterius
3317 4354 3443 4410 vita:
3492 4369 3686 4412 nomen
3735 4355 3811 4411 ha

2243 4440 2447 4506 bentia,
2482 4442 2578 4498 sed
2627 4441 2920 4499 introrsum
2963 4459 3060 4514 per
3094 4446 3452 4501 ceuodoxiam
3487 4456 3722 4502 mortua.
3752 4446 3838 4502 Ita

2246 4553 2480 4608 namque
2511 4551 2609 4593 nos
2653 4536 2898 4592 moderni
2945 4538 3011 4593 de
3049 4541 3312 4594 virtutum
3359 4541 3588 4596 scientia
3627 4541 3832 4612 cogita-

2243 4646 2386 4696 mus,
2418 4629 2494 4684 uti
2527 4627 2596 4682 ab
2626 4629 2712 4686 his
2743 4629 2835 4698 qui
2878 4630 2992 4686 veri
3023 4631 3172 4688 fuere
3200 4632 3376 4688 Adam
3405 4635 3652 4703 patribus
3680 4649 3837 4690 acce-

2242 4723 2441 4794 pimus.
2476 4721 2582 4777 Sed
2623 4737 2784 4792 quam
2824 4723 3096 4781 subtiliter
3125 4726 3324 4798 ipsum,
3355 4728 3500 4798 quod
3547 4735 3631 4784 est
3657 4729 3834 4786 Adam

2244 4832 2451 4881 nomen,
2481 4814 2570 4870 hic
2593 4814 2879 4870 inducatur
2901 4819 3311 4876 attendendum.
3334 4821 3506 4877 Adam
3531 4822 3834 4878 secundum

2243 4908 2386 4982 quod
2427 4906 2484 4962 in
2515 4909 2870 4978 sequentibus
2912 4910 3127 4983 legitur,
3181 4913 3266 4969 vir
3309 4923 3366 4970 et
3407 4916 3604 4972 mulier
3638 4932 3668 4972 a
3693 4916 3840 4976 'Deo

2243 5001 2424 5058 vocati
2473 5011 2624 5068 sunt,
2667 5011 2720 5058 ct
2765 5004 3161 5075 interpretatur
3202 5008 3384 5065 homo.
3444 5009 3549 5078 Qui
3593 5011 3834 5068 adissem

2242 5095 2494 5164 Domino,
2531 5095 2686 5165 juxta
2713 5097 3054 5170 Apostolum,
3085 5119 3220 5158 unus
3249 5105 3466 5170 spiritus
3496 5115 3571 5160 est
3619 5106 3672 5178 (1
3701 5106 3828 5163 Cor.

2243 5202 2320 5254 vt,
2351 5187 2470 5260 l7),
2517 5197 2572 5244 et
2611 5189 2922 5246 animalitas
2961 5204 3145 5250 nostra
3195 5197 3354 5266 plene
3402 5199 3635 5256 subnixa
3669 5199 3834 5256 intel-

2242 5279 2427 5346 lectui,
2458 5296 2651 5337 revera
2675 5281 2789 5352 jam
2818 5295 3044 5343 excocta
3077 5287 3386 5362 fragilitatis
3415 5293 3642 5350 mollitie
3665 5294 3832 5351 homo

2243 5384 2344 5432 est.
2377 5375 2546 5432 Recte
2592 5377 2777 5447 igitur,
2808 5388 3094 5450 postquam
3142 5384 3196 5440 in
3240 5395 3425 5443 nostra
3455 5387 3636 5444 facere
3683 5388 3830 5445 Deus

2245 5469 2433 5541 incipit
2455 5470 2770 5528 infirmitate
2799 5473 3075 5544 virtutem,
3107 5489 3392 5548 postquam
3418 5483 3654 5538 volatilia
3677 5485 3822 5553 cmli,

2243 5564 2299 5622 id
2323 5572 2407 5620 est
2445 5563 2752 5634 spirituales
2773 5568 2997 5638 gratias,
3024 5587 3090 5628 ac
3145 5574 3438 5631 animantia
3474 5587 3655 5644 terrm;
3681 5581 3828 5636 scili-

2244 5666 2331 5714 cet
2355 5671 2471 5725 eas,
2506 5656 2702 5727 quibus
2741 5657 2977 5717 humana
3011 5663 3316 5722 illustratur
3355 5670 3496 5726 actio
3525 5672 3826 5728 honestatis

2219 5757 2468 5844 sanetae,
2517 5750 2778 5850 scientias
2810 5763 2991 5850 atque
3033 5759 3238 5820 bestias
3289 5771 3448 5822 terrae
3493 5765 3608 5849 suis
3639 5765 3822 5844 -Adam

4031 5951 4034 6088 ‘
