4062 6354
280 254 301 271 ἶ
306 253 340 271 *Ἴ

154 308 157 309 κ
233 253 340 329 es“
721 314 738 330 .
792 267 797 273 '
927 270 931 274 ‘
989 234 1005 245 ’⁷
1359 268 1728 329 nomnen
1765 268 1835 325 lN
1873 264 2171 326 ceuesnv
2200 261 2339 325 1.113;
2361 267 2425 327 11.

3431 250 3461 275 ΓΤ

3458 268 3528 331 70

232 363 601 460 appellaverit
634 386 970 456 nominibus,
996 367 1048 445 id
1074 395 1159 446 est
1188 387 1537 455 calliditates,
1565 388 1648 444 vel
1683 388 1828 443 t'ero-
1856 389 1908 448 Α
1934 399 2185 455 operum,
2234 385 2516 456 cujusdam
2565 356 2709 441 foede
2753 381 3129 443 teneritudinis
3176 385 3439 451 fabricam
3470 389 3524 447 in

236 483 364 539 cias
392 484 721 550 daemonum,
751 498 846 540 seu
880 483 1135 539 vitiorum
1169 483 1337 545 variis
1373 483 1645 555 conjicere
1678 497 1839 537 nove-

235 576 320 633 rit
371 576 875 646 disquisitionihus;
930 586 1087 641 tunc,
1152 579 1416 648 inquatn,
1466 589 1613 633 recte
1667 578 1842 648 primo

237 666 531 725 inducitur
558 668 759 735 Adam,
793 670 1025 725 scicntia
1055 670 1308 725 videlicet
1356 686 1418 725 ac
1456 685 1620 740 opere
1658 680 1842 724 noster

236 758 350 817 iste
386 759 679 830 perfectus.
728 760 835 817 Sed
877 762 930 816 in
972 761 1060 816 his
1113 762 1414 832 gratiarum
1461 761 1841 818 collationibus

236 867 353 907 non
373 852 707 924 estadjutor,
726 854 814 923 qui
844 869 955 911 suae
982 854 1083 911 sibi
1104 854 1456 909 hmnanitatis
1481 853 1838 908 humilitatem

235 959 357 1014 prae
399 945 571 1002 oculis
615 953 842 1012 statuat,
889 945 983 1001 sed
1028 946 1290 1001 virtutum
1339 944 1467 1000 hinc
1511 953 1567 999 et
1609 944 1734 999 inde
1772 944 1839 999 ad

239 1048 430 1094 votum
475 1040 814 1096 exuberante
850 1040 1005 1111 copia
1037 1055 1191 1096 mens
1218 1039 1332 1109 ,sibi
1369 1054 1510 1110 pene
1554 1039 1839 1109 plusquam

239 1127 484 1186 humana
518 1131 755 1187 videtur.
803 1130 881 1186 Ne
922 1133 1106 1202 itaque
1149 1133 1265 1187 bare
1313 1146 1371 1187 se
1411 1132 1576 1186 statio
1607 1131 1841 1202 depellat

241 1221 300 1276 in
333 1222 570 1292 lapsum,
602 1226 694 1278 dat
726 1225 775 1279 ei
800 1224 1138 1295 providentia
1171 1224 1354 1280 divina
1392 1224 1652 1288 similem,
1685 1223 1838 1293 cujus

243 1315 565 1371 titillatione
593 1316 862 1385 frequenti
889 1334 1041 1374 suam
1074 1326 1533 1375 commemoretur
1557 1320 1839 1375 attendere

242 1410 630 1466 conditionem.
671 1410 801 1467 Inde
841 1412 1083 1467 dicitur:
1123 1412 1253 1468 Adae
1293 1429 1410 1468 uero
1450 1430 1555 1468 non
1606 1413 1837 1468 invenie-

241 1500 401 1555 batur
426 1501 643 1571 adjutor
665 1501 854 1557 similis
883 1502 1022 1574 ejus.
1055 1503 1121 1558 Et
1158 1504 1442 1575 deinceps:

313 1596 478 1651 Vnus.
510 1596 604 1662 21,
634 1595 724 1650 22.
762 1627 834 1639 -—-
869 1597 1099 1654 Immisit
1141 1616 1263 1670 ergo
1299 1599 1557 1654 Dominus
1597 1614 1836 1669 soporem

238 1688 295 1743 in
335 1688 530 1753 Adam,
561 1699 609 1745 et
638 1689 759 1744 tulit
790 1707 952 1747 unum
989 1692 1055 1746 de
1092 1694 1250 1749 costis
1296 1693 1433 1763 ejus,
1479 1702 1527 1747 et
1557 1692 1835 1762 wdi/icavit

239 1792 439 1837 costam
470 1785 526 1840 in
551 1785 845 1841 mulierem.
881 1786 1060 1858 Sopor
1099 1787 1229 1843 Adae
1255 1788 1589 1851 immittitur,
1619 1787 1835 1855 quando

240 1875 455 1947 ingens,
496 1877 608 1933 Deo
659 1879 973 1948 ordinante,
1025 1880 1176 1935 calor
1214 1879 1611 1942 defervescere,
1649 1895 1713 1935 ac
1758 1889 1836 1935 te-

240 1984 372 2039 pere
396 1970 789 2042 aliquantisper
815 1974 1172 2041 pcrmittitur.
1219 1974 1321 2029 Ubi
1355 1983 1504 2029 costa
1530 1974 1688 2029 lateri
1721 1971 1839 2041 ejus

245 2059 525 2125 adimitur,
586 2076 710 2116 cum
763 2064 1140 2132 dispettsativte
1175 2064 1489 2118 tentationis
1557 2065 1834 2135 ingruens,

245 2152 408 2225 quasi
444 2154 667 2223 quidam
713 2155 1045 2225 improvisus
1070 2154 1228 2221 latro,
1267 2155 1524 2210 virtutem
1576 2156 1838 2226 aliquam,

244 2241 312 2296 de
331 2241 488 2311 cujus
519 2242 779 2298 ﬁrmitate
806 2244 1028 2309 ﬁdebat,
1067 2243 1274 2300 evellit.
1316 2245 1461 2300 Deus
1488 2253 1670 2300 autem
1709 2245 1841 2302 facit

242 2349 309 2389 eo
341 2335 483 2400 visu,
521 2350 629 2404 quo
679 2334 794 2390 ﬁeri
844 2336 1003 2402 sinit;
1034 2350 1065 2390 a
1116 2336 1288 2391 latere
1333 2336 1513 2392 minus
1560 2352 1837 2402 cavemus,

243 2426 369 2496 quia
417 2426 596 2483 minus
624 2426 697 2481 ibi
736 2428 1000 2490 videmus,
1034 2436 1092 2483 et
1121 2427 1242 2483 ideo
1279 2435 1489 2483 costam
1534 2426 1664 2482 illud
1712 2427 1838 2483 boni

244 2516 310 2571 de
341 2515 542 2573 damno
567 2514 726 2587 cujus
754 2518 936 2573 minus
974 2517 1075 2574 sibi
1120 2518 1301 2582 timet,
1337 2517 1655 2587 accipimus.
1690 2517 1841 2575 Sole-

243 2624 364 2666 mus
410 2610 576 2666 etiam
614 2620 669 2666 et
698 2610 869 2666 latera
927 2626 1024 2668 eos
1070 2611 1163 2682 qui
1191 2626 1293 2667 nos
1322 2610 1583 2680 adjuvant
1609 2611 1691 2666 vel
1721 2628 1840 2666 mu-

244 2700 401 2756 niunt
452 2702 749 2774 appellare,
804 2711 866 2758 ut
909 2712 1047 2760 est:
1096 2703 1292 2759 Latera
1337 2703 1611 2775 Aquilonis
1660 2701 1834 2776 (Psal.

245 2808 409 2857 XLVII,
452 2794 539 2865 5);
592 2805 687 2852 et:
719 2794 926 2852 Sedebo
956 2797 1011 2851 in
1062 2797 1316 2854 lateribus
1364 2797 1636 2869 Aquilonis
1679 2797 1835 2870 (Isai.

244 2901 360 2954 XIV,
409 2888 521 2959 15),
573 2889 627 2944 in
682 2891 892 2960 psalmo
944 2891 1174 2959 scilicet,
1228 2907 1293 2949 ac
1329 2892 1487 2949 lsaia.
1530 2893 1661 2948 illud
1708 2910 1838 2966 ergo

245 2979 417 3049 magis
446 2980 617 3037 hostis
648 2980 881 3052 impetit,
910 2998 1021 3052 quo
1065 2983 1239 3055 magis
1266 2998 1366 3039 nos
1389 2984 1589 3039 muniri
1621 2984 1840 3053 conspi-

245 3072 341 3137 cit,
381 3081 435 3131 et
478 3073 533 3130 in
576 3090 684 3144 quo
730 3076 913 3131 minus
958 3089 1059 3132 nos
1106 3078 1533 3146 circumspectos
1583 3076 1832 3131 attendit.

247 3167 401 3224 Unde
423 3169 525 3225 sub
549 3170 759 3239 optimo
785 3170 1105 3241 improvida:
1134 3170 1336 3226 mentis
1384 3179 1510 3241 typo
1536 3171 1840 3240 percutitur

249 3263 303 3317 in
331 3278 555 3319 carcere
588 3262 733 3318 Petri
766 3263 909 3318 latus
935 3264 1004 3320 ab
1033 3263 1247 3334 angelo.
1277 3263 1670 3319 Obdormiente
1711 3278 1841 3331 ergo

250 3356 441 3420 Adam,
489 3357 543 3411 id
574 3366 659 3412 est
707 3358 761 3410 in
810 3358 977 3412 nimia
1006 3358 1307 3413 securitate
1353 3358 1651 3411 constituto
1693 3368 1840 3412 costa

252 3445 495 3515 eripitur,
523 3446 649 3515 quia
675 3446 925 3503 incautus
966 3462 996 3502 a
1034 3447 1239 3501 virtute
1267 3446 1558 3501 deseritur.
1604 3447 1709 3502 Sed
1740 3464 1842 3502 no-

254 3539 470 3595 tandum
499 3540 643 3610 quod
675 3540 934 3595 additur:
976 3539 1205 3611 Repleeit
1242 3555 1452 3595 carnem
1495 3556 1592 3609 pro
1622 3557 1703 3593 ea.
1740 3540 1843 3595 Per

249 3648 476 3695 carnem,
502 3647 622 3701 qum
658 3632 839 3687 mollis
877 3642 981 3700 est,
1027 3631 1365 3702 intelligatur
1393 3632 1674 3697 remissio;
1702 3632 1841 3688 solet

246 3724 671 3792 namque'hostis
705 3731 913 3790 noster,
942 3737 1067 3779 cum
1098 3723 1379 3793 quidpiam
1403 3722 1632 3777 arduum
1664 3738 1841 3792 crepe-

247 3815 434 3882 rimus,
459 3818 618 3888 quasi
648 3818 1031 3875 ratiocinando
1080 3832 1371 3890 suggerere
1396 3836 1409 3873 :
1439 3819 1484 3874 si
1515 3819 1662 3885 huic,
1692 3820 1837 3889 quod

247 3922 533 3981 aggressus
581 3926 682 3977 es,
735 3911 1014 3982 proposito
1065 3918 1176 3965 tam
1229 3911 1445 3967 intense
1504 3911 1834 3984 incubueris,

248 4007 402 4062 taedio
429 4023 588 4075 sane,
611 4008 697 4063 vel
722 4008 1095 4065 imbecillitate
1117 4010 1293 4064 victus
1321 4013 1387 4065 ad
1416 4009 1521 4065 hoc
1543 4010 1839 4067 subsistere

246 4114 348 4155 non
364 4101 590 4170 poteris.
612 4101 705 4157 Sic
729 4102 1125 4171 igiturmodum
1139 4102 1291 4171 operi
1310 4111 1401 4157 tuo
1415 4112 1671 4171 pone,ut,
1693 4102 1833 4176 [per]

248 4190 526 4248 intervalla
558 4194 648 4264 pio
689 4193 816 4249 ludo
861 4211 926 4251 ac
954 4195 1268 4251 remissioni
1309 4195 1615 4267 indulgens,
1671 4197 1739 4251 ad
1784 4197 1838 4253 id

246 4296 366 4353 post
392 4295 606 4357 tempus
632 4286 891 4343 libentius
937 4288 1284 4358 alacriusque
1309 4288 1488 4344 valeas
1513 4289 1707 4345 redire.
1737 4289 1835 4344 Cui

251 4378 430 4432 sensui
482 4379 724 4435 concinit
756 4381 917 4450 quod
966 4380 1187 4446 dicitur,
1223 4397 1319 4450 pro
1354 4397 1436 4435 ea.
1480 4380 1644 4448 Quasi
1690 4382 1835 4438 enim

1955 479 2136 534 animo
2166 478 2476 535 ﬂuctuantis
2516 478 2714 548 erigit:
2766 476 2904 531 Deus
2942 478 3031 548 qui
3061 495 3163 533 non
3203 481 3405 548 patitur
3434 500 3517 541 nor

1944 571 2137 625 tentari
2186 587 2347 641 supra
2405 571 2459 624 id
2530 574 2668 642 quod
2714 587 2989 640 possumus
3041 570 3093 641 (I
3136 570 3260 627 Cor.
3311 591 3365 642 κ,
3414 574 3524 649 13),

1944 664 2085 719 hanc
2128 664 2194 719 ad
2238 679 2337 719 nos
2368 665 2605 731 adducit,
2636 666 2764 734 quia
2811 666 2910 722 suh
2952 665 3071 734 jure
3102 677 3288 724 nostro
3316 686 3412 741 per
3452 686 3530 729 rc-

1944 758 2179 814 divivam
2231 759 2457 814 rationis
2502 759 2844 828 potentiam,
2900 759 3009 831 30
3063 776 3278 817 onmem
3334 766 3529 823 mentis

1942 848 2145 904 ﬂuxum
2183 850 2340 918 quasi
2389 864 2608 904 servum
2642 848 2885 919 refugam
2936 851 3150 923 redigit.
3190 853 3261 907 At
3301 854 3368 909 de
3415 856 3529 926 ipsa

1944 950 2195 997 revocata
2221 938 2572 1011 jamcautior
2601 940 2775 999 Adam
2806 949 2995 999 noster
3024 944 3154 1014 quid
3192 945 3413 1018 sentiat,
3438 962 3531 1011 au-

1943 1037 2174 1094 diamus.
3564 1108 3565 1111 η

2014 1131 2148 1189 Vsa.
2177 1133 2267 1188 9.5.
2292 1164 2363 1174 —
2386 1133 2504 1190 Hoc
2534 1150 2673 1189 nunc
2713 1150 2792 1200 os,
2821 1133 3023 1205 inquit,
3053 1152 3117 1192 ex
3146 1138 3350 1196 ossibus
3376 1142 3529 1209 meis,

1940 1238 1988 1283 et
2033 1246 2155 1284 caro
2205 1230 2268 1286 de
2307 1238 2480 1293 carne}
2512 1248 2630 1286 utea
2674 1245 2694 1283 .‘
2742 1231 2855 1286 here
2890 1229 3164 1285 vocabitur
3194 1232 3531 1305 virugo,qutv

1943 1320 2086 1393 jal.,
2132 1321 2292 1392 juxta
2345 1324 2837 1398 Vulg.,quoniam]
2884 1325 2950 1379 de
3023 1326 3131 1380 viro
3179 1336 3387 1395 sumpta
3434 1337 3529 1389 est.

1940 1411 2092 1479 Quod
2117 1422 2198 1469 est
2227 1414 2431 1481 dicere,
2464 1416 2570 1469 hoc
2608 1415 2750 1485 quod
2781 1416 2846 1469 de
2887 1414 3138 1469 muliebri
3164 1415 3532 1473 inconstantia

1939 1504 2007 1559 ad
2061 1504 2303 1574 regulam
2357 1520 2690 1575 regressum.
2745 1504 2906 1561 Nunc
2954 1522 3032 1573 os,
3061 1504 3113 1559 id
3161 1515 3264 1573 est,
3306 1506 3535 1565 virtutis

1940 1597 2107 1652 robur
2142 1614 2207 1652 ex
2256 1598 2458 1653 ossibus
2504 1599 2647 1669 quod
2693 1608 2780 1655 est
2835 1614 2901 1655 ex
2953 1599 3214 1654 virtutum
3273 1600 3534 1659 societate

1940 1690 2176 1760 recepit;
2223 1699 2299 1757 et,
2347 1691 2399 1745 id
2448 1699 2533 1747 est
2585 1691 2751 1748 etiam
2798 1708 2920 1746 caro
2967 1691 3031 1744 de
3076 1708 3235 1747 carne
3274 1710 3388 1747 mea
3428 1700 3531 1760 est,

1940 1780 2089 1849 quia,
2127 1780 2585 1851 concupiscentia:
2632 1781 2778 1837 ﬂuxu
2833 1781 3000 1837 animi
3056 1781 3427 1838 fortitudinem
3477 1782 3533 1839 in

1941 1871 2216 1928 carnalem
2261 1873 2507 1928 habitum
2561 1873 2960 1939 transferente,
3011 1873 3074 1928 de
3115 1888 3279 1929 carne
3324 1874 3533 1944 peccati

1944 1980 2065 2034 quae
2098 1974 2359 2036 aggravat
2407 1966 2648 2023 animam
2702 1966 2856 2038 (Sap.
2900 1983 2976 2033 1x,
3015 1967 3126 2038 15),
3165 1983 3314 2034 caro,
3354 1968 3407 2022 id
3451 1976 3532 2025 cst

1942 2056 2214 2122 debilitas,
2241 2073 2306 2113 ac
2327 2060 2584 2115 mollities
2608 2062 2762 2130 pravi
2787 2062 3187 2132 appetitusgqui
3212 2078 3311 2116 nos
3338 2070 3531 2131 tentat,

1944 2158 2132 2204 exorta
2181 2159 2285 2216 est,
2324 2159 2380 2205 et
2419 2152 2564 2222 quod
2600 2152 2701 2207 fuit
2730 2153 2938 2223 pridem
2982 2154 3121 2208 ossis
3150 2152 3536 2219 ﬂrmitas,‘pim-

1942 2243 2159 2312 proviso
2194 2244 2378 2299 cordis
2418 2253 2564 2300 motu
2595 2245 2655 2299 fit
2684 2245 2921 2300 carnalis
2948 2244 3175 2300 allectus
3220 2245 3531 2309 infirmitas.

1940 2335 2070 2391 Inde
2106 2338 2229 2407 jure
2270 2347 2355 2393 est
2396 2339 2638 2394 vocanda
2686 2340 2885 2410 virago,
2926 2339 3055 2411 quia
3096 2341 3160 2393 de
3194 2336 3327 2406 viro,
3361 2340 3535 2397 idest

1941 2428 2218 2484 intellectu
2267 2430 2443 2497 vires,
2502 2432 2646 2487 unde
2693 2441 3010 2487 constanter
3057 2442 3219 2503 agat,
3266 2432 3539 2504 fragilitas

1941 2535 2129 2580 nostra
2179 2525 2396 2596 accipit,
2440 2535 2495 2582 et
2541 2534 2721 2582 tamen
2773 2526 3033 2581 feminina
3064 2526 3295 2597 segnitie
3330 2535 3533 2583 statum

1942 2616 2183 2681 virilem,
2238 2617 2346 2673 nisi
2393 2614 2894 2687 circumspiciatur,
2959 2618 3175 2673 evertit.
3225 2618 3271 2672 Α
3322 2618 3555 2674 meliori»

1942 2721 2074 2777 ergo
2113 2716 2268 2778 parte
2316 2710 2497 2780 virago
2529 2719 2774 2774 vocetur,
2811 2719 3005 2766 utnon
3056 2711 3282 2766 rationis
3328 2711 3537 2769 viribus

1944 2800 2175 2857 feminee
2217 2802 2496 2868 abutatur,
2540 2802 2638 2857 sed
2686 2802 2815 2857 licet
2862 2801 3149 2872 aliquoties
3199 2815 3267 2857 ex
3316 2802 3537 2858 virtutis

1943 2894 2235 2949 occasione
2264 2902 2544 2959 nascatur,
2575 2910 2681 2949 non
2712 2894 2795 2948 vir
2825 2902 3155 2965 prtepostere
3203 2893 3394 2963 ipsam,
3439 2893 3536 2951 sed

1945 2984 2058 3055 ipsa
2090 3001 2212 3040 cum
2249 2984 2702 3056 irrcfragabiliter
2733 2982 2975 3053 subjecta
3005 2992 3287 3054 sequatur.

2018 3080 2180 3135 Vens.
2212 3078 2641 3148 ‘24.——Propter
2684 3079 2781 3133 hoc
2836 3078 3086 3148 relinquet
3131 3081 3284 3131 homo
3329 3085 3534 3145 patrem

1944 3190 2097 3227 suum
2133 3184 2180 3227 et
2217 3185 2435 3227 matrem
2473 3189 2656 3238 suam,
2688 3182 2734 3226 et
2782 3172 3067 3226 adhaerebit
3122 3172 3275 3226 uxori
3312 3186 3446 3233 suaz,
3482 3178 3532 3225 et

1944 3274 2094 3319 erunt
2117 3265 2222 3318 duo
2248 3266 2301 3317 in
2328 3280 2484 3318 carne
2505 3281 2631 3317 una.
2662 3260 2889 3331 Propter
2909 3263 3027 3329 Itoc,
3058 3262 3255 3329 inquit,
3281 3260 3531 3331 relinquet

1946 3358 2009 3420 is,
2042 3357 2135 3425 qui
2166 3373 2196 3411 a
2230 3356 2439 3411 hcstiali
2477 3365 2721 3415 semotus
2754 3365 2838 3411 est
2869 3356 2976 3409 vita
3002 3366 3203 3425 patrem
3235 3353 3558 3420 diabolum,

1944 3457 2273 3518 matremque
2313 3446 2827 3519 concupiscentiam,
2871 3455 2921 3501 et
2955 3444 3240 3500 adurerebit
3268 3444 3446 3511 uxori,
3481 3444 3534 3500 id

1894 3538 1897 3539 ⁷
1943 3549 2047 3606 est,
2096 3540 2362 3595 voluntati
2405 3556 2516 3596 sua:
2554 3540 2953 3597 rationabiliter
2991 3538 3258 3610 regendae.
3294 3548 3342 3593 et
3379 3546 3532 3592 erunt

1943 3634 2069 3699 (tuo,
2103 3633 2414 3690 intellectus
2434 3632 2686 3688 videlicet
2728 3648 2790 3689 ac
2816 3631 3083 3697 voluntas,
3114 3631 3170 3685 in
3201 3646 3358 3684 carne
3400 3646 3531 3696 una,

1942 3728 2103 3784 idest
2140 3727 2197 3782 in
2234 3726 2429 3784 affectu
2475 3742 2585 3783 uno
2634 3744 2649 3782 :
2691 3724 2918 3783 allectus
2947 3724 3149 3781 etenim
3181 3733 3369 3779 noster
3404 3723 3533 3792 quia

1942 3820 1997 3876 in
2023 3821 2211 3877 eodem
2235 3830 2382 3877 statu
2409 3837 2685 3892 nunquam
2710 3818 3063 3876 smcularibus
3087 3817 3303 3874 inhians
3331 3818 3529 3888 (igitur,

1942 3927 2068 3968 mox
2119 3922 2177 3967 ut
2230 3912 2341 3969 Deo
2391 3927 2589 3968 vacare
2640 3911 2849 3982 incipit,
2897 3909 3201 3965 velituelit
3246 3908 3315 3964 ad
3365 3922 3532 3965 unum

1940 4008 2180 4064 sistitur.
2210 4007 2352 4062 Sunt
2383 4008 2565 4078 itaque
2594 4007 2700 4064 due
2730 4006 2785 4059 in
2812 4019 2972 4060 carne
2994 4019 3125 4068 una,
3147 4016 3272 4065 cum
3302 3998 3532 4070 praefata

1943 4101 2051 4156 duo
2098 4100 2257 4170 quasi
2310 4100 2464 4171 regni
2520 4099 2703 4154 sedem
2749 4096 2852 4153 sibi
2892 4102 3102 4167 ponunt
3139 4094 3195 4151 in
3244 4092 3421 4156 tertio,
3476 4095 3535 4144 et

1941 4190 2011 4245 ad
2080 4189 2225 4246 idem
2291 4190 2399 4247 duo
2453 4188 2780 4260 gradiuntur
2837 4184 3192 4241 concorditer
3242 4180 3533 4238 affectione

1940 4283 2143 4340 locata.

2010 4376 2176 4432 Vnus.
2213 4374 2567 4431 ﬂii—Erat
2616 4384 2793 4429 autem
2840 4380 3057 4441 uterque
3106 4369 3303 4433 nudus,
3357 4365 3528 4420 Adam
3578 4450 3585 4455 ἢ

251 4482 345 4537 pro
389 4473 620 4541 quodam
668 4473 1061 4529 conservandae
1106 4472 1382 4544 religionis
1414 4472 1672 4544 suffragio
1718 4474 1835 4530 haec
1861 4470 2132 4552 Dscilicet
2165 4478 2213 4524 et
2256 4485 2392 4523 uxor
2428 4467 2566 4539 ejus,
2618 4476 2667 4522 et
2709 4482 2814 4521 non
2850 4461 3235 4520 erubescebant.
3266 4458 3529 4552 Voluntas

252 4560 431 4616 dicere
462 4577 521 4617 se
548 4562 786 4639 simulat.
820 4564 955 4620 Dum
982 4564 1164 4633 itaque
1196 4572 1349 4633 grate
1374 4572 1638 4618 venenata
1666 4566 1836 4620 susci-

245 4656 390 4729 pitur
418 4657 582 4722 ratio,
612 4658 765 4727 quasi
794 4674 894 4728 pro
921 4658 1162 4715 remedio
1188 4656 1393 4713 fastidii
1426 4672 1532 4712 non
1562 4658 1835 4728 respuitur

247 4750 417 4805 ruina:
460 4765 627 4807 causa
670 4753 942 4810 remissio.
974 4752 1067 4808 Sic
1096 4752 1313 4808 virtutis
1360 4751 1540 4807 locum
1580 4752 1835 4822 supplere

247 4845 583 4917 dignoscitur
630 4862 782 4904 caro.
825 4848 1069 4919 Denique
1115 4848 1413 4917 a‘diﬁcatur
1456 4855 1622 4912 costa,
1674 4862 1833 4917 quam

242 4937 431 4994 tulerat
462 4939 719 4996 Dominus
747 4942 812 4995 de
840 4941 1034 5007 Adam,
1069 4941 1122 4995 in
1159 4939 1453 5006 mulierem,
1487 4940 1615 5011 quia
1650 4954 1716 4995 ex
1746 4954 1835 4995 oc-

241 5033 462 5089 casione
489 5034 708 5091 virtutis
755 5035 824 5090 ad
865 5044 1079 5104 tempus
1108 5033 1325 5088 amissae
1356 5033 1598 5088 nascitur
1624 5033 1679 5087 in
1722 5033 1829 5087 ani-

240 5141 334 5182 mo
377 5126 547 5183 moles
592 5128 915 5184 tentationis
945 5128 1252 5193 immensae;
1285 5140 1587 5196 parumque
1616 5132 1835 5195 putatur

242 5221 507 5293 quidquid
534 5222 788 5278 utilitatis
812 5223 1022 5293 pridem
1048 5222 1114 5277 de
1142 5220 1334 5276 habitu
1364 5218 1583 5273 virtutis
1611 5233 1830 5274 sensum

244 5316 349 5375 est,
396 5309 523 5377 quia
571 5306 804 5363 interna:
854 5306 1148 5364 debilitatis
1193 5305 1480 5377 impulsus,
1529 5304 1641 5372 jam
1693 5303 1833 5360 ultra

244 5404 389 5460 vires
440 5403 609 5460 totius
657 5403 892 5460 rationis
932 5413 1057 5461 est:
1105 5401 1343 5459 aediﬁcat
1386 5402 1603 5469 itaque,
1652 5398 1705 5455 id
1749 5406 1834 5455 est

245 5498 502 5555 aedificari
548 5499 813 5569 permitiit
858 5516 925 5555 ev
975 5506 1123 5555 costa
1167 5497 1312 5553 Deus
1353 5494 1659 5561 mulierem;
1703 5494 1833 5563 quia

244 5606 313 5647 ex
332 5592 476 5647 bono
502 5602 693 5649 nostro
724 5592 971 5648 diabolus
1000 5591 1244 5647 tentandi
1270 5588 1633 5645 nanciscendo
1670 5596 1833 5641 Imite-

244 5687 409 5753 riam,
435 5688 592 5757 quasi
619 5704 687 5744 ex
711 5686 1081 5744 fundamentis
1113 5684 1559 5759 imaginationum
1594 5681 1833 5738 edocens

246 5778 317 5842 ad
338 5781 629 5855 teneriora
668 5784 968 5861 verborum
988 5823 1007 5856 ,
1063 5781 1390 5852 demumque
1440 5778 1513 5841 ad
1557 5789 1829 5837 summam

1940 4576 2066 4617 cum
2097 4560 2150 4613 in
2182 4556 2389 4614 sanctis
2429 4557 2563 4611 viris
2609 4553 2824 4625 spiritui
2851 4561 2936 4608 est
2972 4564 3224 4617 concors,
3253 4564 3375 4604 eum
3409 4547 3531 4618 ipso

1937 4651 2131 4722 spiritu
2178 4665 2209 4705 a
2241 4650 2405 4706 rebus
2454 4647 2745 4705 forinsecis
2793 4661 2911 4703 sese
2955 4643 3225 4714 exspoliat
3263 4658 3293 4697 a
3331 4641 3530 4697 tunicis

1937 4744 2320 4813 cupiditatum,
2351 4742 2695 4812 maximeque
2738 4740 2809 4797 ab
2847 4740 2965 4810 ipsa
3016 4737 3317 4795 intentione
3354 4734 3528 4791 laudis

1936 4846 2222 4894 exonerat.
2269 4835 2377 4892 Sed
2423 4851 2548 4892 cum
2596 4834 2711 4890 haec
2755 4841 3133 4898 contemnunt,
3190 4838 3245 4886 et
3286 4828 3421 4885 nihil
3470 4826 3525 4882 in

1936 4931 2138 4989 mundo
2195 4928 2367 4984 videri
2409 4927 2671 4998 gestiunt,
2723 4940 2864 4997 saepe
2895 4940 2990 4981 eos
3040 4922 3289 4978 vilissimi
3326 4920 3527 4990 quique

1938 5023 2265 5094 despiciunt.
2315 5022 2385 5076 At
2433 5037 2564 5077 vero
2613 5036 2721 5077 non
2770 5017 3121 5080 erubescunt,
3156 5014 3281 5084 quia
3324 5019 3529 5081 quanto

1936 5115 2120 5172 verius
2151 5131 2210 5171 se
2241 5129 2509 5186 pauperes
2544 5113 2720 5170 factos
2750 5110 3011 5184 gaudent.
3047 5116 3199 5162 tanto
3226 5104 3271 5161 si
3299 5101 3527 5176 proinde

1935 5206 2339 5277 vilipendantur
2364 5206 2527 5263 etiam
2560 5203 2658 5262 abs
2681 5203 2927 5275 quolibet
2961 5199 3210 5270 improbo
3250 5195 3527 5268 acceptius

1935 5302 2154 5358 habent.

2549 5389 2775 5449 CAPUT
2814 5388 2902 5447 Ill.

2006 5492 2169 5547 Vens.
2215 5489 2362 5545 1.-
2391 5485 2493 5543 Sed
2526 5496 2575 5541 et
2615 5501 2824 5558 serpens
2875 5493 2989 5541 erat
3034 5480 3279 5538 callidior
3323 5475 3524 5533 eunetis

1936 5585 2301 5641 animantibus
2361 5592 2550 5651 terrm,
2582 5599 2699 5653 qua:
2775 5582 2966 5653 fecerat
3023 5578 3180 5641 Deus.
3240 5573 3390 5643 Quod
3448 5571 3523 5626 ita

1935 5677 2363 5734 continuandum
2412 5684 2528 5743 est;
2564 5676 2794 5747 abrupte
2839 5675 2983 5729 enim
3033 5669 3266 5741 positum
3312 5665 3523 5719 videtur

1933 5770 2088 5842 illud,
2120 5770 2216 5830 sed
2240 5770 2373 5833 nudi
2393 5778 2572 5843 erant,
2604 5780 2662 5831 et
2686 5768 2997 5847 nuasolum
3028 5780 3126 5839 pro
3154 5778 3250 5825 sua
3277 5759 3549 5825 nuditate,
