4062 6354
527 318 590 375 71

526 433 925 506 spernebantur
952 431 1213 498 exterius,
1236 430 1326 486 sed
1350 431 1509 486 etiam
1540 446 1770 497 serpens,
1794 429 1886 500 qui
1914 428 2108 499 spiritu
2138 430 2189 488 Α

527 544 591 583 ac
636 528 913 582 voluntate
958 526 1012 581 in
1053 526 1195 581 bono
1234 522 1705 579 eommanentibus
1753 536 1851 592 per
1902 530 2120 575 terrena

525 620 969 691 fugavfclabitur,
994 616 1227 673 carnalis
1256 615 1463 671 scilicet
1486 612 1715 670 allectus
1745 613 1992 669 callidius
2017 614 2121 666 duo

529 711 621 766 illa
659 710 1049 767 circumvenire
1097 709 1404 773 consuevit,
1455 724 1620 777 quam
1672 707 1789 761 alia:
1839 706 2122 776 passiones

527 813 768 857 motum
819 813 1184 864 terrenarum,
1226 816 1345 870 quae
1378 816 1474 870 per
1516 800 1816 854 animantia
1850 807 2009 852 terra:
2043 798 2119 853 si-

528 908 781 965 gnantur,
796 894 976 948 facere
991 908 1087 963 per
1104 908 1163 948 se
1178 893 1623 962 queanl.Quanto
1640 907 1873 960 namque
1889 891 2123 945 vicinior

530 992 688 1055 atque
737 985 991 1051 interior,
1040 994 1195 1039 tanto
1225 986 1290 1039 ad
1336 987 1682 1055 irrependum
1716 984 2122 1054 fallendumque

523 1077 810 1132 ellicacior.
835 1077 943 1132 lste
962 1079 1158 1147 estqui
1182 1079 1349 1149 serpit
1372 1079 1423 1133 in
1447 1079 1707 1134 membris
1737 1089 1794 1133 ut
1822 1086 2121 1149 repugnent

518 1170 626 1242 legi
657 1177 880 1235 mentis,
917 1188 1042 1227 ctnn
1074 1172 1211 1227 velle
1248 1172 1495 1245 adjaceat
1539 1173 1613 1228 illi
1645 1171 1823 1245 (Rom.
1865 1189 1965 1239 vn,
2005 1170 2119 1237 l8),

523 1270 578 1317 et
637 1263 1048 1320 eondelectetur
1111 1264 1212 1333 legi
1283 1266 1373 1320 Dci
1438 1266 1735 1320 secundum
1804 1265 2119 1319 interiorem

526 1356 809 1412 hominem
855 1356 1043 1427 (Ibid.,
1087 1358 1201 1428 2‘2),
1252 1360 1343 1414 sed
1397 1360 1502 1415 isto
1532 1360 1809 1415 obnitente
1855 1357 2121 1428 perﬁcere

528 1462 634 1500 non
696 1447 967 1513 inveniat;
1021 1449 1116 1503 sed
1174 1450 1326 1503 multi
1377 1451 1710 1506 voluntatem
1761 1459 1815 1505 et
1864 1448 2116 1505 allectum

528 1538 824 1607 quidquam
878 1540 1187 1611 discrepare
1252 1556 1357 1597 non
1419 1550 1649 1612 putant;
1711 1543 1934 1597 audiant
1988 1558 2119 1615 ergo

527 1628 797 1698 psalmum
821 1648 832 1683 :
863 1629 1164 1701 Ccncupivit
1193 1634 1369 1687 anima
1394 1651 1506 1687 mea
1535 1634 1833 1688 desiderare
1852 1635 2120 1703 justi/ica.

530 1721 694 1775 tiones
744 1733 862 1776 tuas
895 1722 1068 1793 (Psal.
1102 1740 1289 1787 cxvm,
1316 1726 1438 1795 20);
1480 1727 1620 1794 quod
1650 1735 1734 1781 est
1762 1742 1825 1781 ac
1857 1727 1901 1780 si
1935 1726 2115 1781 dicat:

526 1816 702 1872 Vellet
751 1819 932 1872 anima
994 1834 1113 1875 mea
1170 1820 1427 1875 affectare
1474 1819 1898 1888 justiﬁcationes
1962 1829 2111 1887 tuas;
2150 1805 2192 1864 Β

524 1924 645 1964 cum
675 1910 799 1964 enin
833 1910 1126 1981 Apostolus
1159 1913 1402 1968 diceret:
1442 1912 1697 1966 Voiuntas
1732 1913 1860 1967 mihi
1884 1912 2116 1981 adjacet,

519 2007 575 2054 et
626 2000 891 2066 adderet,
942 2002 1189 2071 perﬁcere
1234 2020 1335 2058 non
1382 2004 1586 2057 invenio
1625 2003 1804 2063 (Rom.
1852 2020 1946 2069 vn,
2000 2006 2113 2075 18),

524 2092 665 2169 idem
694 2102 777 2148 est
807 2109 872 2148 ac
902 2095 945 2149 si
982 2105 1224 2165 poneret,
1254 2096 1506 2152 affectum
1532 2114 1638 2152 non
1668 2098 1906 2162 invenio,
1937 2098 2116 2169 serpit

517 2166 662 2238 enim
708 2185 809 2241 bac
852 2185 998 2241 illac.
1038 2186 1160 2241 \‘nlt
1209 2187 1457 2245 inﬁrmus
1502 2190 1811 2255 comedere,
1860 2190 1956 2245 sed
2003 2206 2112 2245 non

520 2274 789 2343 afﬁcitur;
824 2276 1051 2332 afficitur
1082 2280 1297 2335 sobrius
1326 2282 1491 2335 nimis
1527 2284 1845 2345 comedere,
1881 2282 1973 2335 sed
2005 2298 2115 2338 non

517 2367 679 2422 vult:
721 2369 862 2424 idem
910 2371 963 2423 in
1010 2371 1192 2426 multis
1239 2374 1475 2441 probare
1522 2373 1681 2427 facile
1714 2386 1819 2429 est.
1855 2372 2116 2429 Voluntas

520 2457 731 2526 itaque,
758 2460 911 2527 quasi
947 2460 1055 2513 ﬁlia
1089 2462 1274 2528 matri,
1308 2472 1511 2532 quanto
1554 2464 1751 2518 rationi
1792 2473 1877 2519 est
1900 2466 2120 2535 propin-

522 2547 704 2615 quior,
732 2557 882 2603 tanto
905 2551 1254 2621 pedissequa,
1296 2551 1347 2607 id
1377 2563 1460 2608 est
1497 2551 1691 2609 affectu
1725 2555 1956 2626 dignior.
1989 2556 2117 2612 Hac

519 2636 648 2691 licet
686 2638 894 2694 lubrica
948 2651 1003 2696 et
1051 2642 1228 2711 magis
1259 2642 1437 2699 labilis
1468 2655 1716 2701 materno
1747 2655 1963 2701 tenetur
2009 2648 2115 2703 im-

516 2730 708 2800 perio,
782 2730 871 2785 illa
931 2733 1163 2803 publica
1214 2736 1569 2794 obscenitatis
1620 2741 1840 2794 victima
1906 2743 2116 2799 crebris

520 2819 679 2893 [forte
737 2825 986 2879 crebrius
1040 2826 1180 2884 hanc
1227 2845 1389 2899 quam
1428 2831 1703 2901 jumorem
1747 2836 2115 2891 seductibilio—

518 2930 635 2971 rem
662 2919 950 2989 comperit,
974 2929 1029 2975 et
1062 2921 1184 2977 ideo
1212 2923 1427 2996 matris]
1458 2926 1597 2981 hanc
1624 2942 1787 2996 quam
1816 2926 2110 2998 juniorem,

520 3017 578 3064 et
609 3009 732 3065 ideo
766 3012 1228 3070 seductibiliorcm
1253 3018 1542 3087 comperit,
1565 3020 1759 3073 matris
1781 3022 2114 3077 ratiocinan-

517 3099 591 3156 tis
628 3101 887 3160 divellere
914 3116 1145 3161 conatur
1189 3123 1219 3161 a
1266 3118 1435 3179 tergo.
1479 3110 1546 3165 Et
1579 3112 1703 3167 ideo
1745 3114 1979 3183 primum
2026 3115 2112 3170 hic

516 3192 831 3263 aggreditur
861 3196 1169 3262 mulierem,
1204 3198 1377 3268 ipsam
1412 3201 1621 3257 scilicet
1648 3203 2000 3260 voluntatem.

588 3286 753 3342 Vsus.
803 3287 1107 3358 2.—-Cur,
1146 3291 1344 3362 inquit,
1390 3296 1635 3365 prwcepit
1683 3296 1824 3350 vobis
1862 3297 2003 3351 Deus
2049 3314 2112 3352 ne

518 3372 860 3437 comederelis
925 3385 989 3439 de
1056 3388 1197 3441 omni
1249 3386 1390 3458 ligno
1444 3391 1720 3460 paradisi?
1766 3391 2111 3450 Consuetudo

515 3480 599 3526 est
637 3487 991 3540 personarum
1033 3478 1250 3545 penitus
1292 3482 1650 3537 obscurarum
1715 3492 1773 3537 ut
1807 3486 2113 3553 procaciter

517 3568 573 3615 et
624 3563 832 3618 tumide
887 3566 1147 3634 quaelibet
1209 3570 1419 3625 summa
1478 3573 1789 3629 discutiant.
1853 3576 2007 3631 Unde
2057 3587 2113 3633 et

519 3650 691 3707 Deum
722 3656 935 3724 primus
964 3659 1206 3715 omnium
1247 3672 1556 3719 creatorum
1587 3681 1812 3735 serpens
1860 3668 1962 3723 iste
2010 3684 2110 3724 no-

522 3743 719 3812 minat,
752 3756 809 3801 et
857 3747 970 3803 Deo
1009 3753 1152 3821 quod
1184 3769 1458 3824 nunquam
1507 3757 1663 3822 dixit,
1712 3758 1960 3828 imputat.
1995 3760 2111 3817 Non

519 3836 664 3891 enim
697 3838 1016 3897 hominibus
1044 3860 1205 3899 omne
1238 3848 1476 3917 paradisi
1505 3849 1711 3922 lignum
1744 3853 1915 3906 vetuit
1945 3855 2109 3921 Deus,

519 3928 615 3983 sed
647 3944 813 3985 unum
847 3937 1253 4005 tantummodo,
1287 3941 1429 4009 quod
1469 3951 1643 3997 totum
1683 3944 1819 3997 mira
1852 3946 2002 4002 rabie
2031 3948 2113 4003 di-

521 4027 669 4075 ctttm
698 4032 771 4078 tta
791 4027 1286 4096 exprimitur:Cur,
1313 4032 1509 4102 inquit,
1531 4035 1690 4103 Deus,
1715 4051 1837 4091 cum
1862 4038 2107 4107 sitDeus,

518 4120 574 4167 et
602 4112 904 4171 divinitatis
935 4116 1199 4185 dignitate
1229 4136 1331 4176 nec
1360 4123 1489 4178 velit
1512 4140 1744 4194 peccare
1794 4142 1892 4183 nec
1918 4132 2107 4199 possit,

517 4205 676 4259 nobis
710 4209 963 4275 terrenis,
997 4220 1051 4265 et
1078 4227 1306 4283 corpore
1338 4225 1393 4271 et
1419 4218 1601 4273 animo
1630 4221 1998 4292 passibilibus,
2034 4234 2113 4279 tot

514 4307 787 4368 praecepta
826 4302 1041 4357 mortali
1070 4304 1433 4373 importabilia
1462 4318 1669 4366 natura:
1702 4313 1942 4368 invexit?
1976 4316 2109 4371 Dum

516 4388 659 4444 enim
691 4393 1078 4461 experientiam
1107 4397 1263 4452 nobis
1294 4400 1419 4454 mali
1458 4402 1691 4469 ademit,
1727 4405 1887 4459 simul
1928 4409 2109 4463 omnia

515 4481 639 4536 vita:
661 4482 824 4554 ligna,
843 4486 1071 4543 virtutes
1094 4489 1324 4559 scilicet,
1338 4492 1535 4561 quibus
1551 4503 1849 4564 uteremur,
1865 4499 2106 4554 abstulit.

518 4571 576 4626 Si
604 4575 748 4628 enim
777 4578 906 4646 quid
940 4580 1010 4634 sit
1041 4581 1240 4635 malum
1274 4586 1542 4648 nesciero,
1573 4588 1774 4642 bonum
1804 4590 1949 4659 quod
1981 4590 2110 4648 huic

519 4664 839 4721 adversatur
869 4673 1137 4738 quomodo
1177 4675 1280 4745 31
1311 4677 1541 4734 amabo?
1570 4678 1672 4734 Per
1714 4682 2105 4751 experientiam

518 4771 653 4812 sane
684 4760 856 4814 morbi
910 4766 1215 4821 custoditur
1257 4769 1466 4826 avidius
1502 4772 1787 4842 integritas
1833 4777 2104 4832 sanitatis.

516 4847 718 4905 Malunt
779 4850 907 4924 ergo
962 4854 1156 4923 jubere
1215 4862 1465 4928 nescire,
1527 4864 1839 4935 bonumque
1870 4866 2102 4937 -facere,

517 4943 663 5000 idem
711 4955 796 5001 est
839 4964 901 5003 ac
932 4948 977 5004 si
1026 4951 1149 5020 quis
1176 4952 1367 5010 videns
1414 4971 1478 5011 ac
1508 4957 1577 5021 in
1628 4967 1741 5013 tuto
1777 4961 2107 5019 constitutus

519 5052 721 5093 caecum
753 5039 943 5109 jubeat
974 5058 1002 5096 a
1050 5044 1264 5114 sagittis
1304 5063 1518 5104 cavere.
1546 5049 1718 5105 rHanc
1749 5053 1985 5107 carnalis
2013 5070 2103 5113 ra-

520 5127 927 5189 tiocinationem
965 5134 1196 5191 allectus
1227 5138 1472 5207 sequitur
1511 5142 1641 5197 satis
1673 5143 1850 5212 tepida
1880 5161 2106 5216 reSpon-

518 5220 599 5276 sio
624 5223 932 5294 voluntatis,
957 5244 1063 5299 qua
1094 5230 1199 5285 sibi
1222 5231 1391 5286 solam
1427 5234 1556 5290 mali
1584 5236 2020 5304 consensionem,
2050 5241 2102 5297 id

517 5325 599 5370 est
628 5325 852 5386 tactum,
889 5325 1301 5391 comestionem,
1337 5326 1389 5381 id
1436 5337 1518 5383 est
1552 5340 1754 5397 actum,
1783 5330 1909 5399 quia
1939 5347 2100 5403 sapo-

516 5424 630 5463 rem
663 5410 857 5481 ingerit
890 5413 964 5467 rei
995 5410 1193 5484 sensae,
1222 5420 1470 5488 perbibet
1501 5422 1867 5479 interdictam.

592 5502 746 5572 Vens.
782 5505 837 5559 5.
865 5536 936 5545 —-
966 5505 1243 5581 Prwcepit,
1295 5513 1491 5584 inquit,
1530 5516 1676 5571 nobis
1732 5517 1987 5574 Dominus
2037 5536 2101 5575 ne

513 5598 899 5654 comederemus
948 5610 998 5654 et
1067 5619 1129 5656 ne
1168 5615 1500 5677 tangeremus
1551 5610 1702 5665 illud.
1756 5611 1899 5669 Sane
1940 5614 2029 5669 ubi
2067 5633 2096 5671 a

514 5693 660 5742 tactu
688 5701 742 5747 et
765 5696 833 5749 ab
851 5712 945 5752 esu
971 5699 1379 5758 morticinorum
1409 5704 1491 5760 lex
1522 5709 1790 5777 prohibet,
1811 5726 1841 5764 a
1858 5722 2098 5768 mortuo-

511 5794 632 5840 tum
679 5789 923 5849 profecto
956 5807 1182 5853 onerum
1214 5794 1400 5856 favore
1450 5815 1516 5858 ac
1555 5799 1751 5859 effectu
1783 5818 1884 5861 nos
1912 5814 2091 5862 arcer

2141 3174 2183 3232 C

2134 4539 2188 4598 Ι)

1389 316 1454 373 ν.
1482 310 1809 375 GUIBERTI
1847 308 2143 369 ABBATIS
2182 309 2243 366 S.
2285 307 2526 367 MARUE
2559 308 2647 367 DE
2678 302 3084 367 NOVIGENTO

3777 296 3883 363 72

2216 425 2308 479 sed
2349 425 2491 481 banc
2525 426 2717 497 typica:
2742 425 3126 483 muliebritatis
3168 424 3449 483 mollitiem
3482 424 3576 484 ille
3608 428 3873 485 subre-

2222 527 2345 588 ptor
2375 518 2615 576 inferens
2642 522 2785 575 unda
2817 521 2993 576 adhuc
3022 520 3252 578 fortiore
3284 520 3535 578 mollivit.
3848 598 3868 608 Ὁ

2295 612 2460 668 Vens.
2502 613 2557 678 4,
2609 613 2663 668 5.
2711 644 2784 655 --
2832 612 3205 685 Nequaquam,
3255 615 3448 685 inquit,
3489 617 3860 673 moriemini.

2224 701 2336 757 Scit
2371 704 2506 758 enim
2538 704 2680 758 Deus
2735 706 2859 775 quia
2889 707 2944 759 in
2992 722 3301 777 quacunque
3343 707 3427 762 die
3465 708 3865 774 comederit“,

2223 796 2523 864 aperientur
2546 795 2686 849 oculi
2707 797 2883 861 vestri,
2917 806 2965 850 et
2995 797 3140 851 eritis
3166 799 3300 851 sicut
3340 798 3437 865 dii,
3483 802 3708 853 scientes
3738 800 3863 853 bo—

2224 903 2348 941 num
2372 898 2420 942 et
2457 888 2675 942 malum.
2728 888 2885 952 Cum,
2915 888 3113 959 inquit,
3142 888 3515 962 cujuscunque
3536 891 3865 961 experien-

2223 979 2311 1035 tia:
2373 996 2571 1048 causa,
2627 996 2745 1050 qua:
2796 981 3063 1037 duntaxat
3105 984 3376 1047 cautelae,
3416 992 3473 1039 et
3533 982 3856 1039 industriae

2224 1073 2574 1143 capessendae
2600 1073 2691 1139 sit,
2720 1073 2897 1128 labem
2931 1074 3102 1144 culpae
3133 1074 3496 1139 admiseritis;
3535 1074 3639 1130 hoc
3672 1076 3854 1130 enim

2224 1180 2551 1235 quacunque
2598 1166 2687 1221 die
2736 1166 3033 1237 signiﬁcat,
3088 1168 3215 1237 quia
3264 1168 3554 1237 plurimum
3598 1181 3852 1238 quoquo

2223 1259 2386 1312 modo
2434 1259 3012 1330 indeptae-prudentia:
3057 1277 3155 1316 nos
3191 1261 3372 1317 lumen
3428 1261 3714 1332 insigniat,
3747 1261 3851 1317 di-

2222 1350 2558 1405 scretionum
2601 1361 2907 1407 vestrarum
2949 1354 3265 1422 aperientur
3306 1346 3530 1409 ubtntus
3560 1355 3629 1409 ad
3669 1355 3852 1410 dein-

2222 1457 2349 1511 ceps
2374 1444 2810 1513 praecavendum,
2855 1455 2913 1499 ut
2940 1446 3015 1500 dii
3056 1447 3268 1501 demum
3305 1461 3371 1501 ex
3402 1448 3527 1503 boni
3559 1462 3655 1518 per
3686 1463 3846 1504 con-

2222 1535 2549 1590 tractionem
2580 1536 2845 1591 malorum
2879 1537 3088 1609 integra
3118 1538 3348 1593 scientia
3372 1539 3696 1603 existentes,
3736 1555 3844 1595 ne-
3916 1572 3933 1595 ι

2224 1642 2496 1696 quaquam
2548 1636 2725 1683 morte
2766 1638 2993 1693 alterna,
3037 1645 3157 1698 qua:
3206 1634 3640 1686 antonomastice
3669 1646 3840 1688 mors

2222 1716 2443 1784 dicitur,
2483 1718 2576 1772 Dei
2618 1719 2911 1774 amissione
2939 1720 3271 1786 moriamini,
3307 1737 3431 1776 cum
3463 1736 3741 1777 memores
3771 1724 3835 1777 in

2222 1810 2500 1880 peccando
2560 1810 2917 1882 malignitatis
2985 1823 3223 1884 experta:
3276 1815 3507 1871 ulterius
3542 1814 3655 1884 jam
3710 1832 3832 1872 non

2220 1917 2451 1972 peccare
2484 1903 2681 1969 velitis,
2711 1912 2888 1960 etnec
2914 1906 3077 1961 etiam
3104 1908 3339 1976 quadam
3370 1907 3551 1964 divina
3578 1910 3632 1964 in
3662 1910 3835 1967 vobis

2222 1996 2493 2052 transfusa
2518 2005 2789 2064 potestate
2817 1998 3057 2067 possitis.

2294 2088 2457 2144 Vsus.
2486 2090 2537 2153 6,
2571 2088 2621 2143 7.
2642 2120 2712 2129 —
2741 2088 2882 2143 Vidit
2910 2093 3074 2162 igitur
3096 2092 3285 2147 mulier
3304 2093 3444 2164 quod
3470 2094 3659 2148 bonum
3682 2104 3826 2153 esset

2220 2179 2414 2252 lignum
2445 2183 2514 2236 ad
2543 2183 2869 2247 vescendum,
2904 2194 2949 2237 et
2974 2183 3250 2253 pulchrum
3292 2185 3460 2239 oculis
3499 2199 3829 2259 aspectuque

2222 2272 2548 2337 delectabile,
2570 2273 2791 2343 tulitque
2814 2275 2878 2328 de
2906 2275 3083 2343 fructu
3106 2276 3271 2342 illius,
3296 2288 3343 2330 et
3368 2278 3611 2342 comedit,
3645 2280 3827 2333 dedit-

2218 2381 2317 2435 que
2346 2367 2455 2418 viro
2481 2381 2599 2432 suo,
2627 2366 2716 2435 qui
2741 2367 2983 2421 comedit.
3013 2368 3082 2421 Et
3112 2371 3277 2439 aperti
3305 2382 3428 2423 sunt
3460 2371 3599 2424 oculi
3626 2374 3824 2427 ambo-

2220 2472 2360 2510 rum.
2396 2457 2501 2511 Sed
2538 2472 2606 2512 ne
2641 2458 2951 2527 praeterisse
2974 2459 3184 2526 videar,
3216 2462 3338 2524 scit,
3374 2464 3618 2531 inquam,
3646 2464 3818 2531 Deus,

2221 2546 2275 2601 id
2302 2555 2406 2614 est,
2455 2549 2739 2618 approbat,
2770 2550 2895 2619 quia
2944 2552 2999 2604 in
3043 2568 3351 2622 quacunque
3392 2553 3496 2620 die,
3546 2554 3599 2607 id
3621 2564 3728 2622 est,
3766 2557 3822 2610 in

2220 2641 2591 2711 cujuscunque
2635 2641 3006 2713 intelligentia:
3054 2645 3453 2712 naneiscendae,
3501 2661 3610 2701 non
3644 2648 3823 2705 solius

2219 2734 2333 2788 vitii
2361 2735 2535 2805 gratia
2575 2735 2767 2789 vitium
2802 2736 3104 2804 subieritis,
3135 2754 3233 2793 vos
3269 2738 3406 2793 nihil
3437 2739 3664 2795 mortale
3701 2757 3823 2797 me-

2218 2826 2442 2893 riturus,
2490 2826 2584 2881 sed
2637 2827 3069 2898 perspicaciores
3128 2832 3197 2885 ad
3250 2831 3523 2887 cautelam
3574 2833 3817 2889 futuros.

2216 2918 2456 2975 Allectus
2504 2922 2905 2992 suggestionem
2967 2922 3112 2978 lente
3165 2935 3470 2995 susceptam
3524 2926 3818 2986 delectatio

2219 3013 2483 3082 approbat
2513 3012 2826 3080 voluntatis,
2859 3014 2985 3083 quia
3026 3016 3177 3081 vidit,
3217 3017 3269 3071 id
3317 3028 3402 3072 est
3448 3018 3812 3089 desideravit,

2219 3104 2329 3159 imo
2372 3106 2687 3176 conenpivit
2723 3107 2932 3174 mulier,
2980 3108 3189 3164 stolida:
3219 3110 3532 3181 voluptatis,
3571 3114 3712 3182 quod
3737 3130 3812 3171 ex

2216 3213 2482 3254 consensu
2520 3199 2809 3269 cogitando
2864 3201 3183 3258 induruerat
3231 3204 3453 3276 lignum,
3489 3208 3696 3274 bonum,
3747 3210 3809 3265 id

2218 3298 2324 3355 est,
2370 3289 2482 3359 jam
2531 3290 2745 3345 misera:
2787 3291 2970 3360 palato
3017 3292 3217 3350 mentis
3240 3309 3495 3365 saporum
3524 3299 3587 3352 ad
3613 3313 3810 3368 perpe-

2220 3384 2505 3451 trandum,
2544 3385 2911 3441 enerioribus
2956 3387 3123 3442 oculis
3163 3388 3461 3459 pulchrum,
3507 3389 3801 3445 delectabile

2207 3474 2363 3545 juxta
2396 3476 2802 3548 imaginationis
2830 3488 3135 3550 aspectum,
3167 3482 3412 3551 tulitque,
3443 3483 3496 3538 id
3523 3493 3606 3538 est
3633 3485 3804 3537 auda-

2215 3569 2353 3623 ciam
2401 3571 2675 3637 sumpsit,
2728 3572 2998 3628 diuturnis
3053 3574 3477 3631 delectationum
3529 3575 3805 3633 caloribus

2215 3665 2513 3718 enutritnm
2586 3665 2823 3719 fructum
2885 3670 3254 3724 exsecutionis
3317 3671 3567 3727 faucibus
3624 3672 3805 3742 operis

2215 3757 2523 3828 degustare.
2568 3757 2697 3812 Post
2742 3761 2951 3829 peccati
2997 3762 3142 3817 enim
3190 3770 3374 3829 actum
3425 3766 3566 3834 sapit
3614 3765 3701 3819 diu
3747 3767 3801 3820 in

2214 3853 2477 3906 memoria
2508 3852 2651 3921 quod
2678 3851 2844 3907 fuerit
2876 3854 3194 3922 delibatum,
3221 3866 3277 3913 et
3317 3858 3571 3913 dentibus
3597 3858 3805 3913 extrin-

2215 3958 2351 3999 secae
2390 3944 2883 4001 administrationis
2913 3948 3130 4016 teritur,
3161 3950 3303 4005 unde
3331 3951 3579 4020 pereunti
3610 3952 3802 4006 anima:

2212 4038 2524 4108 pudibunda
2563 4040 2825 4095 saturitas
2866 4041 3173 4097 invehatur.
3208 4043 3406 4098 Mulier
3451 4046 3603 4115 prior
3632 4061 3800 4098 come-

2213 4131 2313 4198 dit,
2346 4132 2472 4201 quia
2504 4133 2677 4203 prima
2703 4135 2955 4192 voluntas
2984 4139 3293 4208 suggerenti
3325 4139 3543 4195 atiectui
3577 4142 3644 4196 ad
3673 4157 3797 4196 con-

2216 4236 2439 4277 sensum
2502 4226 2757 4296 nequitia:
2805 4243 2863 4282 se
2904 4227 3148 4297 inﬂectit,
3186 4241 3350 4301 atque
3392 4235 3501 4288 viro
3548 4235 3797 4305 propinat

2214 4315 2379 4383 idem,
2424 4316 2549 4372 dum
2592 4317 2834 4387 ejusdem
2874 4336 3161 4379 venenosae
3207 4324 3507 4382 dulcedinis
3546 4327 3677 4383 facit
3707 4344 3792 4383 se-

2215 4408 2336 4463 dula
2385 4410 2734 4481 instigatione
2764 4415 3087 4485 participem
3130 4418 3418 4473 rationem.
3466 4421 3793 4491 Aperiantur

2214 4504 2485 4557 amborum
2536 4505 2695 4571 oculi,
2727 4508 2853 4561 dum
2896 4520 3230 4578 cognoscunt
3285 4512 3428 4567 unde
3474 4513 3608 4584 lapsi
3663 4515 3787 4581 sint,

2214 4608 2429 4665 quoquc
2469 4596 2819 4664 devenerint;
2877 4600 3196 4669 aperiuntur
3253 4604 3435 4667 etiam,
3488 4606 3613 4661 dum
3666 4607 3790 4663 illud

2211 4686 2363 4756 cujus
2392 4691 2637 4744 notitiam
2681 4691 2792 4756 vix,
2825 4701 2883 4746 ut
2921 4694 3001 4749 sic
3026 4696 3226 4762 dicam,
3257 4699 3578 4755 somniando
3607 4703 3790 4771 attige-
3848 4766 3851 4771 ι

2211 4788 2355 4847 rant,
2389 4781 2556 4835 velint
2582 4780 2694 4850 jam
2726 4783 2901 4839 uelint
2932 4788 3075 4856 quod
3106 4790 3276 4844 semel
3307 4803 3590 4861 gratanter
3618 4796 3788 4849 ebibe-

2211 4875 2342 4940 rint,
2371 4891 2481 4944 pm
2516 4877 2689 4931 oculis
2714 4880 2974 4949 scriptum
3004 4892 3168 4954 atque
3203 4901 3518 4956 expressum
3551 4900 3783 4959 portant,

2210 4978 2264 5023 et
2295 4968 2463 5038 pejori
2493 4968 2663 5024 multo
2689 4986 2851 5042 quam
2880 4976 3050 5045 prius,
3091 4987 3147 5034 et
3184 4979 3338 5034 inviti
3386 4982 3680 5052 aliquoties
3708 4998 3786 5038 ru-

2210 5059 2513 5117 minatione
2540 5071 2857 5131 retractant,
2889 5080 2943 5123 et
2971 5068 3340 5142 justojudicio
3372 5073 3431 5128 ﬁt
3490 5084 3548 5129 ut
3577 5091 3636 5131 se
3665 5076 3784 5129 hinc

2210 5150 2451 5207 volentes
2482 5155 2739 5225 expedire
2767 5173 2872 5214 non
2902 5170 3126 5231 queant,
3155 5164 3244 5232 qui
3292 5175 3482 5236 sponte
3521 5166 3799 5231 cecidere,

2207 5259 2328 5299 cum
2375 5255 2520 5303 stare
2559 5248 2717 5307 facile
2761 5262 3033 5322 poterant.
3068 5256 3297 5323 Cumque
3335 5262 3689 5329 cognovissent
3730 5278 3781 5314 se

2205 5354 2313 5393 esse
2357 5344 2521 5397 nudos
2547 5382 2563 5410 ,
2614 5357 2928 5400 consuerunt
2963 5346 3089 5417 folia
3130 5350 3285 5419 ﬁcus,
3326 5364 3374 5404 et
3414 5351 3647 5420 fecerunt
3688 5353 3779 5406 sibi

2202 5434 2543 5503 perizomata.
2594 5437 2665 5492 Se
2698 5438 2808 5506 jam
2859 5439 3034 5496 nudos
3086 5457 3205 5498 esse
3250 5446 3610 5514 comperiunt,
3660 5446 3777 5516 quia

2197 5526 2421 5597 justitiee
2444 5532 2698 5601 operibus
2730 5547 2788 5587 se
2819 5533 3096 5592 fraudatus
3124 5546 3178 5592 et
3206 5539 3412 5594 coalesti
3445 5541 3778 5607 protectione

2203 5633 2557 5695 cognoscunt,
2592 5634 2645 5677 et
2673 5626 2948 5695 expositos
2994 5644 3051 5684 se
3093 5631 3309 5701 maligni
3358 5633 3583 5703 spiritus
3624 5642 3776 5688 vento

2201 5719 2564 5789 conspiciunt.
2622 5717 2779 5774 Folia
2818 5722 2949 5790 ﬁcus
2986 5735 3272 5787 consuunt,
3306 5728 3431 5798 quia
3480 5729 3548 5783 ad
3597 5736 3776 5783 conte-

2114 5836 2157 5877 ;
2199 5809 2432 5866 etionem
2487 5811 2741 5872 nequitiae
2784 5814 2950 5871 verba
3001 5816 3257 5906 religiosa
3288 5826 3635 5899 ‘prtctexunt,
3683 5816 3777 5879 sed
