4062 6354
221 375 296 432 73
1010 398 1016 403 -
1334 375 1699 437 MORAIJUM
1738 379 1806 436 IN
1836 380 2134 440 GENESIN
2172 384 2298 440 LIB.
2340 384 2403 441 Il.
3436 403 3504 460 ῃ

222 492 350 562 quia
395 469 530 546 licus
571 490 697 546 folia
726 504 834 545 non
866 498 993 546 sunt
1020 491 1095 546 ttti
1126 491 1508 563 plerarumque
1554 494 1811 560 rotunda,
1844 496 1895 557 Α
1922 494 2018 559 ait,
2058 494 2305 562 Domine,
2338 497 2517 553 audiui
2542 500 2594 554 in
2624 502 2893 569 paradiso.
2936 504 3110 561 Audio
3134 508 3262 579 quid
3288 508 3505 583 jubeas,

218 586 317 640 sed
342 583 613 654 aperturis
637 584 914 640 hiantibus
938 585 1306 653 anfractuosa,
1331 596 1386 641 et
1409 588 1562 657 quasi
1603 588 1815 659 linguas
1919 587 2007 658 pia
2046 587 2257 644 scilicet
2286 592 2461 646 studia
2495 604 2759 664 repetere,
2792 600 3028 666 paradisi
3068 602 3327 659 virtutum
3358 611 3501 664 anti-

218 680 500 746 habentia,
532 688 587 736 et
613 695 825 749 aspera,
860 695 1152 752 possumus
1178 696 1276 751 per
1304 682 1655 752 asperitatem
1682 697 1812 736 con-
1921 692 2149 746 quarum
2179 680 2375 735 damn“
2402 682 2624 752 deﬂere.
2656 688 2749 742 Sed
2774 703 2967 745 "creo"
2996 696 3369 751 a'lSlel‘iiﬂle'"
3394 715 3509 769 βοθο

218 773 503 829 tinentiam
552 774 815 840 veterem,
845 789 982 844 quas
1031 775 1210 844 specie
1242 783 1398 829 tenus
1444 783 1567 845 post
1602 775 1811 845 lapsum
1919 770 2188 837 nitentiae,
2216 780 2269 827 et
2312 773 2450 829 hanc
2497 779 2756 835 nuditatis
2789 783 3070 851 penuriam
3100 788 3253 843 novis
3282 805 3506 860 operum

219 874 432 932 servat,
486 866 768 935 accipere;
827 880 925 935 per
978 864 1091 920 ποιεί
1140 866 1457 922 ιεηυῖιοιριη
1508 869 1813 938 hypocrisis
1918 860 2163 915 vestibus
2186 863 2421 933 operire,
2466 866 2665 923 ctidco
2696 869 2914 925 interim
2945 889 3039 943 per
3066 879 3353 934 exterioris
3379 882 3508 936 sub-

219 955 616 1021 subtilitatem,
666 971 788 1026 quae
853 964 1036 1010 tamen
1088 956 1272 1027 gravia
1340 966 1631 1029 contegere
1678 960 1812 1015 vitia
1919 956 2262 1013 ornationem
2288 958 2506 1016 habitus
2542 962 2803 1032 pudorem
2828 981 3005 1021 meum
3037 970 3247 1026 decrevi
3278 973 3511 1029 abscon-

219 1060 610 1117 usquequaque
645 1055 945 1117 nequeunt,
976 1048 1103 1118 quia
1151 1048 1270 1119 ipsa
1323 1048 1536 1122 linguas
1588 1051 1808 1117 habent,
1919 1048 2070 1103 dere.

217 1153 347 1194 "nm
1990 1139 2155 1196 Vsus.
2192 1142 2277 1196 ll.
2308 1174 2379 1183 —
2412 1144 2543 1210 Quis
2586 1146 2725 1202 enim
2771 1148 3020 1203 indicavit
3047 1152 3140 1205 tibi
3168 1154 3308 1223 quod
3337 1156 3510 1211 nudus

353 1232 482 1286 Arte
508 1232 879 1302 superductum
905 1232 1063 1289 violat
1084 1234 1397 1306 quandoque
1421 1237 1676 1307 pudorem
1919 1249 2076 1301 esses,
2108 1235 2209 1289 nisi
2241 1237 2380 1307 quod
2428 1238 2491 1291 de
2527 1238 2688 1309 ligno,
2716 1241 2780 1294 de
2809 1258 2910 1313 quo
2940 1242 3032 1295 tibi
3057 1258 3403 1313 prwceperam
3448 1266 3511 1303 ne

353 1324 608 1392 Impietas
630 1336 861 1381 contecta
891 1328 1003 1391 ditt,
1034 1345 1127 1383 nec
1157 1346 1314 1399 passa
1345 1331 1588 1397 recondi;
1918 1328 2235 1395 comederes,
2264 1330 2537 1385 comedisti
2561 1333 2585 1385 ἱ)
2632 1332 2786 1400 Quod
2826 1342 2909 1387 est
2954 1335 3119 1389 Deum
3170 1335 3376 1392 homini
3423 1340 3508 1394 di-

415 1416 483 1471 Ut
510 1417 606 1474 lux-
635 1418 780 1473 clara
806 1420 1017 1487 vitrum,
1047 1422 1121 1477 sic
1143 1431 1378 1492 penetrat
1406 1423 1615 1493 faciem.
1917 1435 2041 1475 cere
2073 1439 2085 1475 :
2112 1421 2394 1489 Quomodo
2425 1424 2533 1480 scis
2577 1433 2629 1480 te
2675 1442 2794 1481 mea
2841 1430 3176 1495 protectionc
3206 1436 3508 1537 desertitlm,

415 1524 430 1537 ιι
484 1510 515 1537 ο
663 1511 894 1537 ρ-.-.ι..-.-
928 1513 1283 1537 Δ-----Ι.-,Ι-..Α.
1321 1516 1521 1537 n__-_fa_,
1560 1536 1563 1537 ,
1625 1520 1635 1531 ι
1915 1515 2018 1537 _!-3
2064 1532 2157 1537 ,ηΑ
2188 1518 2201 1537 1
2242 1526 2287 1537 ι-
2330 1518 2469 1537 ..--4‘
2519 1534 2577 1537 .__
2606 1536 2611 1537 ,
2665 1530 2695 1537 ,κ
2726 1521 2737 1533 ο
3260 1523 3299 1537 nn
3384 1526 3396 1537 ι

289 1509 452 1565 Vens.
483 1510 629 1566 8.—
661 1511 895 1584 Cumque
923 1513 1283 1570 deambularet
1309 1516 1570 1572 Dominus
1616 1520 1671 1573 in
1717 1539 1812 1591 pa-
1915 1515 2019 1571 nisi
2058 1518 2202 1586 quod
2242 1526 2292 1571 te
2330 1518 2472 1573 nosti
2519 1534 2617 1588 per
2664 1521 2739 1575 tui
2790 1536 2876 1577 me
2921 1538 3177 1579 excessus
3220 1509 3511 1582 offendisse

214 1599 393 1654 radiso
428 1600 497 1654 ad
539 1618 729 1656 auram
766 1614 880 1672 post
914 1606 1188 1659 meridiem
1220 1607 1491 1662 abscondit
1532 1626 1586 1664 se
1614 1610 1806 1679 Adam,
1918 1609 2171 1663 reatum?
2223 1609 2370 1665 Reus
2417 1612 2559 1665 enim
2609 1613 2771 1667 etiam
2805 1614 3109 1681 absentem,
3152 1625 3205 1671 et
3254 1618 3507 1687 ignarum

208 1699 259 1743 et
290 1706 428 1744 uxor
449 1691 563 1761 ejus
598 1710 631 1746 a
661 1692 799 1762 facie
825 1693 1041 1750 Domini
1069 1695 1169 1751 Dei
1196 1696 1249 1751 in
1286 1699 1456 1753 medio
1498 1699 1628 1771 ligni
1654 1720 1811 1772 para-
1915 1695 2204 1754 Dominum
2243 1701 2434 1756 timere
2487 1702 2661 1768 solet;
2715 1705 2809 1758 sed
2838 1706 3053 1775 spiritui
3087 1723 3210 1762 cum
3244 1708 3352 1763 Deo
3385 1725 3511 1766 seu-

210 1781 338 1848 disi,
365 1799 484 1837 cum
515 1786 785 1841 audissent
826 1804 997 1842 vocem
1034 1789 1170 1859 ejus.
1213 1790 1329 1846 Vox
1374 1791 1586 1847 Domini
1630 1795 1807 1849 deam~
1916 1791 2070 1847 tienti
2104 1794 2233 1864 quid
2264 1794 2498 1849 humana
2540 1797 2842 1865 pertinacia
2884 1799 3104 1864 referat,
3153 1802 3509 1857 audiendum.

207 1873 443 1930 balantis
500 1876 554 1931 in
588 1880 839 1948 paradiso
886 1890 970 1936 est
1022 1882 1344 1953 increpatio,
1405 1884 1492 1940 vel
1543 1890 1805 1943 memoria
1839 1878 1882 1937 Β
1984 1887 2267 1943 “2115.12.
2308 1919 2379 1929 ——
2410 1887 2626 1953 Mulier,
2674 1907 2833 1962 quam
2874 1892 3065 1947 dedisti
3116 1895 3243 1948 mihi
3289 1896 3510 1959 sociam.

204 1969 502 2039 praeteritae
540 1969 767 2041 justitite
792 1973 903 2043 jam
943 1991 1050 2030 non
1084 1978 1310 2044 stantis;
1352 1979 1428 2032 nil
1466 1980 1610 2035 enim
1661 1982 1807 2039 aliud
1847 2012 1852 2018 -
1912 1982 2056 2036 dedit
2081 1982 2210 2035 mihi
2249 1984 2313 2037 de
2344 1982 2506 2054 ligno,
2539 1994 2585 2037 et
2620 1986 2838 2039 comedi.
2872 1985 3127 2057 Fragilis,
3167 1987 3364 2056 inquit,
3406 2005 3511 2042 nu-

198 2058 415 2129 justitia
482 2063 537 2117 in
586 2065 745 2119 nobis
792 2080 953 2134 quam
983 2068 1126 2122 Deus
1153 2078 1259 2135 est,
1291 2079 1413 2139 post
1442 2074 1808 2141 perpetratio-
1913 2072 2204 2142 tabilisque
2231 2074 2505 2141 voluntas,
2546 2091 2707 2145 quam
2739 2078 2935 2132 rationi
2972 2078 3217 2133 iudidisti
3258 2081 3513 2136 humanas

207 2167 338 2206 nem
362 2154 576 2221 peccati
604 2155 660 2208 in
685 2164 891 2221 mente,
921 2159 1047 2227 quia
1076 2159 1193 2229 ipsa
1216 2161 1282 2214 de
1313 2176 1372 2216 se
1397 2164 1645 2231 queritur
1670 2166 1809 2221 ratio
1914 2164 2032 2219 haec
2068 2166 2299 2229 monuit,
2337 2165 2454 2221 hrce
2508 2167 2711 2222 intulit.
2760 2168 2839 2221 Tu
2892 2171 2985 2238 qui
3040 2179 3119 2225 tot
3167 2171 3511 2229 intoleranda

209 2243 386 2313 lapsa,
415 2246 486 2298 ad
515 2262 707 2302 auram
736 2247 944 2303 scilicet
969 2257 1085 2320 post
1121 2251 1584 2318 meridiem,'aestu
1635 2263 1809 2310 tenta-
1913 2252 2124 2308 homini
2171 2255 2501 2326 pratcepisti,
2555 2256 2843 2326 providere
2883 2258 3171 2328 debueras,
3203 2271 3264 2317 ut
3308 2272 3510 2320 statum

208 2335 375 2390 tionis
432 2350 532 2405 per
587 2335 839 2393 effectum
888 2329 1044 2394 suum
1090 2339 1205 2409 jam
1250 2342 1692 2414 defer-vescente,
1754 2357 1810 2404 et
1914 2348 2211 2403 voluntatis
2251 2349 2600 2407 inflexibilem
2651 2351 2877 2408 haberet
2926 2353 2995 2409 ad
3049 2355 3356 2425 passiones,
3388 2371 3511 2428 qua:

205 2427 402 2498 spiritu
444 2429 681 2485 hominis
735 2433 1032 2486 secundum
1061 2433 1154 2488 Dei
1184 2450 1404 2498 sensum
1455 2451 1556 2506 pro
1602 2439 1685 2493 sui
1716 2439 1807 2495 de-
1910 2440 2079 2495 menti
2112 2440 2447 2509 ingruerent,
2472 2444 2826 2513 respuendas.

207 2518 357 2574 fectu
391 2519 602 2592 singula
633 2523 816 2579 cordis
842 2523 958 2580 loca
991 2525 1279 2592 lustrante,
1311 2528 1405 2583 sed
1437 2544 1542 2585 non
1575 2540 1659 2587 est
1685 2547 1809 2588 creo
1981 2530 2145 2586 Vens.
2183 2531 2280 2598 1'5.
2335 2532 2422 2587 14-
2455 2562 2523 2573 -
2566 2532 2635 2588 El
2689 2536 2818 2590 dixit
2872 2536 3009 2593 Deus
3058 2540 3129 2592 ad
3192 2556 3512 2600 numerem:

203 2612 356 2669 ditus
394 2629 518 2669 cum
551 2616 663 2673 Deo
704 2618 947 2674 sentiens
977 2621 1200 2691 spiritus
1235 2621 1354 2692 ejus
1386 2622 1560 2695 (Psal.
1594 2644 1801 2695 Lxxm,
1911 2623 2092 2691 Quare
2120 2625 2218 2679 hoc
2245 2625 2453 2695 fecisti?
2483 2626 2818 2684 Convenitur
2848 2631 3036 2687 eodem
3072 2641 3294 2689 auctore
3319 2635 3511 2691 volun—

203 2703 283 2771 8).
325 2704 630 2772 Abscondit,
657 2708 827 2776 enim,
854 2727 908 2765 se
937 2711 1131 2779 Adam,
1156 2724 1203 2768 et
1241 2731 1375 2770 uxor
1402 2717 1517 2787 ejus
1550 2718 1604 2772 in
1630 2720 1803 2774 medio
1910 2724 2011 2791 tas,
2043 2717 2137 2772 sed
2164 2717 2479 2772 humanitus
2506 2718 2559 2773 in
2586 2718 2839 2776 affectum
2875 2724 3086 2779 derivat
3116 2725 3369 2783 offensas.
3404 2728 3508 2797 Tu,

203 2794 337 2867 ligni
365 2798 628 2867 paradisi.
676 2799 909 2872 Lignum
939 2806 1177 2875 paradisi
1227 2806 1453 2864 allectus
1495 2817 1579 2864 est
1610 2810 1801 2877 animi,
1909 2809 2107 2879 inquit,
2156 2825 2189 2864 ο
2220 2810 2386 2877 Deus,
2432 2827 2529 2866 cur
2576 2821 2685 2868 tam
2738 2814 2959 2870 labilem
2994 2817 3193 2873 dedisti
3239 2794 3509 2878 voluntati

206 2888 368 2959 cujus
416 2892 599 2949 medio
643 2894 1019 2965 absconditur,
1075 2900 1322 2970 quisquis
1374 2901 1430 2956 in
1487 2901 1604 2972 ejus
1635 2919 1803 2973 prava
1908 2902 2185 2970 affectum,
2218 2905 2445 2973 quinon
2474 2905 2650 2960 solum
2679 2922 2786 2963 non
2815 2908 3036 2977 adjuvat
3068 2926 3097 2966 a
3129 2912 3272 2969 bono
3294 2914 3504 2983 devios,

207 2984 630 3052 consuetudine,
660 3001 729 3041 ne
759 2989 827 3044 ad
857 2989 950 3044 Dei
985 2994 1217 3062 respiret
1242 2993 1513 3059 notitiam,
1550 2994 1804 3053 libertate
1908 2994 2005 3049 sed
2034 2994 2199 3049 etiam
2240 2995 2393 3050 illicit
2420 3012 2433 3062 ;
2481 3007 2537 3052 et
2563 3001 2878 3058 exorbitare
2910 3002 3042 3058 facit
3070 3005 3251 3061 divina
3277 3023 3507 3064 convcr-

204 3075 447 3147 undique
474 3079 787 3150 egrediendi
819 3094 1012 3154 negata
1044 3087 1333 3157 sepelitur;
1361 3089 1505 3144 hunc
1532 3089 1678 3159 enim
1706 3105 1802 3145 vo-
1907 3085 2118 3140 satione
2156 3086 2469 3156 perfectos?
2516 3087 2799 3155 Quomodo
2827 3091 3079 3149 frenatur
3119 3096 3185 3151 ab
3231 3098 3503 3168 improbo,

202 3177 297 3222 cat
329 3171 642 3241 Apostolus,
685 3186 958 3244 peccatum
997 3178 1202 3248 (Ilom.,
1233 3196 1333 3246 vn,
1365 3182 1476 3251 l7),
1526 3182 1653 3253 quia
1694 3198 1801 3239 non
1833 3235 1874 3259 η
1908 3177 1998 3246 qui
2032 3192 2136 3232 non
2170 3176 2327 3246 plene
2371 3180 2613 3235 cohiberi
2657 3184 2917 3252 praevalet
2957 3187 3123 3243 etiam
3178 3190 3245 3245 ab
3294 3192 3506 3259 integre

202 3260 418 3317 invenit
449 3264 502 3318 in
544 3281 712 3323 carne
744 3282 840 3324 sua
874 3271 1095 3327 bonum.
1138 3273 1244 3328 Sed
1286 3289 1391 3330 non
1438 3276 1611 3331 Adam
1658 3286 1803 3334 iouis
1830 3235 1876 3297 ρ
1906 3268 2119 3339 probo?
2146 3270 2300 3337 Quod
2334 3279 2506 3327 totum
2537 3284 2657 3329 est:
2684 3275 2912 3345 Serpens
2942 3279 3145 3351 decepit
3176 3299 3275 3336 me.
3301 3282 3501 3339 Verum

203 3353 370 3411 homo
415 3357 506 3412 me
544 3361 638 3428 qui
676 3364 982 3431 quondam,
1019 3366 1114 3419 sed
1141 3366 1316 3421 Adam
1348 3369 1491 3436 quod
1524 3370 1797 3440 ίηιθιιριιε-
1908 3361 2282 3429 querimonias
2316 3363 2370 3416 in
2414 3380 2473 3419 se
2503 3366 2686 3435 inepte
2723 3366 2873 3423 fusas
2898 3370 3040 3425 Deus
3073 3373 3350 3431 intellectu
3381 3392 3506 3431 eorm

206 3452 356 3500 tatur
380 3458 640 3516 terrenus,
671 3454 755 3507 vel
795 3463 938 3509 terra
971 3455 1136 3510 rubra
1166 3461 1678 3524 terrena,videlicet
1708 3479 1799 3518 sa-

1910 3458 2064 3505 recto
2110 3453 2177 3506 ad
2226 3464 2534 3523 respectum
2567 3458 3048 3532 causationemque
3099 3481 3205 3520 non
3252 3469 3355 3536 sui,
3408 3471 3500 3528 sed

200 3538 382 3609 piens,
410 3549 464 3594 ει
486 3544 732 3614 corporis
756 3545 1008 3603 addictus
1035 3550 1399 3619 pugionibus,
1425 3561 1477 3607 ει
1502 3569 1638 3608 "xm.
1660 3554 1797 3623 eius,
1903 3555 2089 3611 pravae
2119 3541 2422 3600 allectionis
2453 3547 2750 3618 intorquet.
2778 3550 2919 3607 Dicit
2942 3570 3070 3625 ergo
3098 3558 3240 3615 Deus
3272 3563 3502 3620 rationis

201 3627 352 3683 idest
376 3629 629 3685 voluntas
649 3633 782 3704 32,
800 3650 921 3705 quae
936 3638 1063 3691 olim
1079 3639 1179 3694 sibi
1201 3640 1387 3710 juncta
1403 3643 1679 3699 individuo
1702 3646 1796 3701 Dei

1905 3633 2167 3688 instinctu
2207 3650 2308 3705 per
2336 3644 2553 3693 terrena
2581 3644 2844 3712 serpenti.
2881 3645 3019 3711 Quia
3058 3649 3230 3719 fecisti
3259 3653 3357 3707 ltoc
3392 3672 3501 3710 ma-

201 3719 378 3789 ει-εηίει
407 3720 779 3793 θεειηιίηθηιρ
807 3726 1111 3797 complexu,
1151 3746 1295 3786 nunc
1330 3732 1466 3788 adeo
1520 3734 1795 3805 disparata
1901 3725 2126 3784 (edictus
2170 3748 2225 3785 es
2268 3735 2403 3788 inter
2432 3748 2620 3793 cuncta
2659 3742 2975 3812 animantia,
3005 3756 3052 3800 et
3096 3749 3285 3806 bestias
3322 3764 3497 3811 terrae.

201 3819 353 3867 tanto
382 3813 550 3868 animi
582 3814 800 3873 diabolo
833 3820 1107 3877 mediante
1132 3823 1398 3893 discessu,
1432 3836 1639 3896 quanto
1675 3830 1794 3885 viro

1900 3816 2061 3887 Quia,
2104 3821 2300 3893 inquit,
2333 3824 2569 3883 fidelium
2602 3831 2905 3889 seductioni
2948 3838 3196 3907 incubes,
3245 3859 3497 3904 exsecra-

198 3920 296 3962 suo
326 3923 433 3963 non
472 3907 589 3977 jam
645 3926 899 3984 superna:
934 3915 1152 3981 rationi,
1183 3918 1278 3973 sed
1315 3927 1545 3974 terrena:
1582 3920 1795 3976 astutiae

1901 3910 2033 3965 tioui
2065 3928 2187 3969 esse
2231 3915 2395 3973 debes
2429 3920 2575 3975 inter
2616 3922 2798 3980 vitalia
2845 3928 3106 3986 virtutum
3147 3937 3348 4004 studia,
3377 3954 3497 4007 quae

200 3999 254 4053 in
300 4004 685 4073 temporalium
734 4021 922 4063 amore
964 4008 1230 4066 bonorum
1274 4014 1501 4069 arctiori
1542 4014 1794 4084 copulata

1898 4004 2184 4075 signantur
2229 4025 2326 4079 per
2375 4014 2669 4071 animantia
2713 4029 2760 4072 et
2800 4020 2991 4077 bestias
3019 4034 3194 4093 terrm,
3242 4029 3497 4088 ferocitas

199 4106 490 4162 consensu,
521 4096 716 4152 divina:
736 4098 854 4153 voci
878 4108 999 4169 post
1022 4108 1172 4173 terga
1197 4105 1441 4159 monenti
1463 4106 1790 4172 obaudiunt,
1899 4098 2102 4165 carnis:
2150 4100 2361 4156 εείιῖεθι
2414 4105 2564 4160 νίιίθ-
2626 4107 2705 4163 Tu
2743 4110 2883 4167 bona
2944 4115 3088 4171 enim
3142 4119 3401 4191 diSSiPRS.
3439 4134 3497 4179 ιιι

201 4184 292 4239 sed
323 4186 683 4244 obduratioue
708 4205 815 4260 qua
841 4190 1077 4249 diximus
1107 4209 1167 4249 se
1197 4196 1398 4252 mentis
1428 4197 1790 4253 abscondunt.
1898 4191 2129 4247 crimina
2174 4194 2423 4267 insligas-
2473 4198 2646 4269 Super
2690 4214 2869 4273 pectus
2913 4217 3059 4263 tuum
3096 4214 3377 4281 gradieris.
3434 4218 3493 4273 In

201 4279 357 4347 Quod
383 4284 428 4338 si
456 4285 754 4356 accipimus
784 4286 913 4357 ligni
945 4291 1179 4358 positum
1211 4306 1311 4361 pro
1334 4292 1620 4363 lignorum,
1652 4295 1793 4351 sicut
1896 4289 2117 4350 pectore
2143 4298 2238 4338 cor
2270 4285 2549 4354 habemus,
2580 4299 2633 4344 et
2662 4291 2716 4346 in
2747 4295 2909 4351 corde
2936 4279 3220 4356 rationem.
3252 4303 3493 4364 Allectus

203 4390 526 4447 cmnamyam
566 4387 623 4434 et
674 4396 861 4434 mnam
894 4396 992 4451 pro
1022 4385 1186 4450 ram-3,
1237 4394 1292 4441 et
1315 4388 1592 4458 mnamyis
1623 4403 1792 4444 sacrm
1898 4372 2081 4442 itaque
2110 4389 2275 4446 super
2297 4387 2488 4447 pectus
2517 4382 2781 4449 ambulat,
2814 4388 3032 4455 quando
3061 4391 3165 4445 sibi
3200 4394 3489 4464 imperium

202 4465 397 4525 “nam
443 4481 654 4540 ponunt
697 4471 872 4544 (θεαί,
912 4492 1117 4543 un",
1160 4478 1279 4550 45),
1320 4479 1567 4550 profecto
1597 4484 1651 4537 δη
1684 4499 1793 4536 me,
1897 4464 2126 4557 rationis
2155 4478 2397 4540 usurpat.
2438 4470 2591 4529 Unde
2628 4477 2759 4545 quid
2791 4477 2959 4535 faciat
3008 4483 3221 4553 dextra,
3264 4487 3491 4557 jubetur

201 4556 291 4610 άεο
320 4557 578 4629 lignorum
603 4566 842 4634 param-85
870 4567 1049 4623 nudus
1083 4584 1143 4624 se
1170 4570 1332 4635 celat,
1366 4573 1617 4643 quisquis
1645 4574 1787 4629 male
1812 4587 1868 4648 Β
1895 4556 2106 4610 nescire
2141 4558 2363 4614 sinistra
2394 4562 2612 4630 (Matth.
2649 4582 2725 4633 vr,
2756 4567 2835 4639 5).
2889 4569 3061 4641 Super
3097 4556 3275 4645 pectus
3320 4584 3484 4641 etiam

201 4662 371 4719 agens
400 4661 711 4709 sanctorum
739 4658 982 4714 virorum
1005 4662 1267 4718 societate
1292 4678 1351 4719 se
1380 4665 1587 4735 palliat.
1630 4665 1785 4722 Unde

1894 4649 2062 4714 vadit,
2097 4651 2224 4705 dum
2263 4655 2559 4723 appetitum
2590 4660 2745 4728 quasi
2775 4665 3098 4722 naturaliter
3126 4672 3193 4726 ad
3235 4675 3343 4730 ima
3393 4679 3490 4734 de-

196 4737 332 4808 ipsis
353 4754 383 4794 a
413 4742 736 4811 quibusdam
763 4748 961 4805 dicitur
994 4769 1006 4806 :
1032 4752 1169 4807 Date
1198 4753 1344 4810 nobis
1368 4756 1433 4811 de
1458 4754 1571 4809 oleo
1594 4766 1781 4822 vestro,
1890 4737 2305 4841 Pri?'?‘:_Alifer
2334 4745 2641 4841 benedictio
2671 4751 2724 4806 i"
2759 4768 2916 4812 sacro
2944 4757 3181 4831 θ¹⁰Ψ¹ί⁰ι
3212 4767 3357 4825 Sicut
3385 4787 3485 4841 pro

195 4832 318 4903 quia
357 4832 629 4907 lampade,
660 4850 852 4898 "cum
889 4845 1261 4917 “mgnum
1299 4847 1517 4918 (Mam
1547 4864 1676 4917 ην,
1702 4849 1780 4920 8),
1889 4828 2344 4926 multiplicatione
2369 4838 2611 4908 ponitur,
2646 4841 2721 4899 ita
2744 4828 3063 4908 maledictio
3088 4828 3191 4926 pro
3222 4828 3486 4919 defeclio-

195 4925 245 4980 id
270 4938 356 4981 est
385 4930 512 4999 quia
541 4945 609 4987 ex
638 4943 825 4991 nostro
847 4952 1014 5008 opere
1043 4940 1561 5007 obtenebrascimus,
1588 4952 1783 4998 vestrae

1888 4938 1977 4979 ne.
2004 4924 2156 4980 Inter
2184 4930 2361 4985 omnia
2387 4932 2553 5004 igitur
2576 4938 2895 5009 animantia,
2920 4945 3053 5002 vitia
3080 4924 3268 5022 utique
3298 4957 3484 5012 carnis

194 5017 351 5073 nobis
379 5018 769 5081 familiaritatis
798 5028 1094 5098 impendite
1125 5032 1377 5102 gratiam,
1410 5042 1469 5089 ut
1494 5035 1541 5088 si
1574 5050 1681 5091 non
1714 5050 1780 5091 ex
1888 5020 2278 5088 mansuetiora,
2328 5033 2389 5079 υι
2432 5036 2559 5083 sum
2597 5030 2651 5085 ίτι
2699 5034 2842 5103 Cibo:
2872 5020 3022 5108 Ροίυν
3056 5058 3356 5117 somnoque
3383 5064 3480 5105 CX’

193 5118 402 5177 nostra,
429 5112 621 5170 sane",
650 5132 718 5171 ex
748 5128 932 5175 vestra
956 5121 1076 5177 luce
1107 5122 1433 5194 ίυιεθηπηυε,
1885 5115 2127 5211 cessus,'
2153 5123 2200 5169 et
2243 5116 2462 5187 bestias,
2518 5125 2756 5182 crudelia
2806 5131 3033 5199 scilicet,
3083 5146 3140 5190 et
3177 5139 3473 5211 horrenda,

262 5202 428 5259 vms.
459 5205 515 5270 9,
550 5207 639 5261 ιο,
664 5239 733 5249 _
773 5208 1087 5286 vocum-mue
1122 5215 1380 5271 Dominus
1410 5217 1551 5273 De“8
1583 5220 1777 5288 Adam,
1864 5201 2110 5273 affectus
2139 5205 2263 5276 iste,
2299 5212 2393 5281 qui
2440 5214 2593 5287 origo
2621 5232 2806 5274 eorum
2854 5232 2961 5289 est,
3012 5225 3209 5283 habeat
3254 5201 3474 5292 aeternae

191 5304 237 5348 ει
277 5296 411 5350 dixit
445 5300 495 5352 εί
531 5314 551 5351 _.
588 5301 785 5369 Adam,
839 5306 928 5359 ubi
956 5309 1048 5362 es?
1081 5308 1184 5375 Qu,-
1214 5309 1288 5363 αεε
1319 5324 1338 5362 ε
1375 5309 1562 5365 vocem
1609 5322 1776 5379 mam,
1883 5296 2207 5357 defectionis
2238 5304 2487 5361 exitium.
2540 5308 2752 5368 Terram
2784 5317 3019 5372 comedes
3048 5326 3250 5378 cunctis
3285 5329 3471 5386 diebus

193 5385 430 5451 Domine,
465 5391 645 5447 audivi
678 5396 734 5449 in
774 5399 1049 5467 paradiso,
1075 5412 1122 5456 et
1151 5403 1305 5457 timui
1339 5418 1400 5459 eo
1428 5404 1569 5475 quod
1606 5406 1778 5461 nudus

1881 5391 1999 5446 vita:
2021 5402 2129 5448 tute
2150 5408 2168 5447 .°
2193 5395 2247 5451 id
2274 5407 2359 5453 est
2386 5400 2439 5455 in
2468 5404 2615 5457 omni
2635 5407 3031 5479 prosperitatis,
3057 5428 3178 5484 quas
3206 5432 3306 5488 per
3328 5421 3470 5479 diem

190 5493 373 5545 essent,
411 5492 458 5536 et
497 5484 750 5541 abscondi
781 5506 880 5543 me.
912 5491 1082 5548 Vocat
1125 5494 1385 5551 Dominus
1425 5495 1619 5564 Adam,
1652 5514 1776 5555 cum

1879 5484 2151 5555 signatur,
2204 5491 2385 5560 specie
2436 5496 2670 5550 terrenis
2713 5502 2990 5570 pasceris,
3039 5520 3144 5574 qua
3197 5484 3471 5583 prcecipue

190 5572 459 5629 ηιίοηρηι
488 5577 791 5650 cuiuspiam
821 5591 943 5652 ροει
966 5599 1150 5641 casum
1184 5587 1412 5643 interius
1449 5590 1778 5646 conveniens
1882 5588 2069 5635 contra
2098 5581 2264 5636 vitam
2297 5584 2534 5640 fidelium
2565 5588 2718 5645 vivis.
2763 5590 2863 5659 Qui
2913 5605 3114 5652 terram
3149 5604 3465 5672 manducat,

190 5677 447 5735 provoca;
500 5672 569 5726 ad
623 5675 1024 5743 ρωηίιρηιίριη,
1073 5678 1175 5733 Ub,-
1205 5682 1303 5735 εεςθ
1351 5682 1548 5752 inquit,
1598 5682 1774 5739 ιοειηη
1879 5682 2362 5747 quantumcunque
2409 5682 2725 5750 comederit,
2756 5685 2875 5756 plus
2924 5689 3025 5745 sibi
3070 5695 3463 5752 comedendum

191 5775 297 5831 quo
334 5761 520 5831 jaceas
550 5771 789 5836 attende,
840 5773 932 5844 qui
980 5789 1084 5830 non
1127 5776 1265 5833 alius
1310 5793 1471 5848 quam
1522 5782 1774 5852 superbia

1880 5782 2042 5836 quam
2070 5771 2304 5838 potuerit
2353 5775 2638 5833 comedere
2667 5788 2854 5843 restat.
2887 5782 2967 5838 sic
2995 5783 3079 5839 his
3119 5786 3210 5856 qui
3239 5788 3464 5858 cupiunt

191 5866 294 5924 est,
326 5858 433 5944 qui.
449 5859 576 5915 olim
604 5861 827 5921 humilis
856 5878 1005 5925 stare
1030 5870 1341 5930 didiceras?
1386 5874 1567 5932 Vocem
1600 5888 1765 5945 tuam,

1697 5897 1765 5945 ,π’
1879 5870 2359 5935 quantumcunque
2389 5866 2671 5928 obtineant
2701 5874 2964 5945 cupienda
2997 5879 3300 5936 restabant.

435 5950 712 6018 PATROL.
745 5956 787 6018 C
803 5959 844 6019 L
858 5960 933 6021 Vl
946 6008 960 6026 .
2985 5994 3022 6057 3
