  <div class='ocr_page' id='page_1' title='image "/cluster/home/n/w/nwhite01/storage/ocr_20150623/156/hvd.32044010683712/043.png"; bbox 0 0 4108 6324; ppageno 0'>
   <div class='ocr_carea' id='block_1_1' title="bbox 566 343 3639 437">
    <p class='ocr_par' dir='ltr' id='par_1_1' title="bbox 566 343 3639 437">
     <span class='ocr_line' id='line_1_1' title="bbox 566 343 3639 437; baseline 0.006 -41"><span class='ocrx_word' id='word_1_1' title='bbox 566 357 639 419; x_wconf 75' lang='lat'><strong>75</strong></span> <span class='ocrx_word' id='word_1_2' title='bbox 1390 351 1455 408; x_wconf 67' lang='grc' dir='ltr'><strong>Ὺ.</strong></span> <span class='ocrx_word' id='word_1_3' title='bbox 1496 346 1824 409; x_wconf 81' lang='lat' dir='ltr'><strong>GUlBERTl</strong></span> <span class='ocrx_word' id='word_1_4' title='bbox 1849 347 2148 406; x_wconf 76' lang='lat' dir='ltr'><strong>ABBATIS</strong></span> <span class='ocrx_word' id='word_1_5' title='bbox 2185 348 2247 407; x_wconf 82' lang='lat' dir='ltr'><strong>S.</strong></span> <span class='ocrx_word' id='word_1_6' title='bbox 2288 345 2530 405; x_wconf 67' lang='lat' dir='ltr'><strong>MANE</strong></span> <span class='ocrx_word' id='word_1_7' title='bbox 2571 345 2661 402; x_wconf 89' lang='lat' dir='ltr'><strong>DE</strong></span> <span class='ocrx_word' id='word_1_8' title='bbox 2686 343 3095 437; x_wconf 39' lang='lat' dir='ltr'><strong>NOVIGENTO,</strong></span> <span class='ocrx_word' id='word_1_9' title='bbox 3466 423 3479 431; x_wconf 85' lang='lat'>_</span> <span class='ocrx_word' id='word_1_10' title='bbox 3560 426 3571 434; x_wconf 30' lang='grc' dir='ltr'><strong>η</strong></span> <span class='ocrx_word' id='word_1_11' title='bbox 3631 430 3639 436; x_wconf 91' lang='lat'>_</span> 
     </span>
    </p>
   </div>
   <div class='ocr_carea' id='block_1_2' title="bbox 636 460 3869 539">
    <p class='ocr_par' dir='ltr' id='par_1_2' title="bbox 636 460 3869 539">
     <span class='ocr_line' id='line_1_2' title="bbox 636 460 3869 539; baseline -0.003 -11"><span class='ocrx_word' id='word_1_12' title='bbox 636 471 800 529; x_wconf 72' lang='lat' dir='ltr'><strong>Vsus.</strong></span> <span class='ocrx_word' id='word_1_13' title='bbox 835 470 925 528; x_wconf 81' lang='lat' dir='ltr'><strong>i5.</strong></span> <span class='ocrx_word' id='word_1_14' title='bbox 951 500 1023 512; x_wconf 92' lang='lat'><strong><em>—</em></strong></span> <span class='ocrx_word' id='word_1_15' title='bbox 1046 467 1363 525; x_wconf 75' lang='lat' dir='ltr'><strong>Inimicitias</strong></span> <span class='ocrx_word' id='word_1_16' title='bbox 1391 481 1585 539; x_wconf 87' lang='lat' dir='ltr'><strong>ponam</strong></span> <span class='ocrx_word' id='word_1_17' title='bbox 1623 464 1761 520; x_wconf 87' lang='lat' dir='ltr'><strong>inter</strong></span> <span class='ocrx_word' id='word_1_18' title='bbox 1800 473 1849 520; x_wconf 90' lang='lat' dir='ltr'><strong>te</strong></span> <span class='ocrx_word' id='word_1_19' title='bbox 1890 473 1940 519; x_wconf 87' lang='lat' dir='ltr'><strong>et</strong></span> <span class='ocrx_word' id='word_1_20' title='bbox 1966 463 2159 519; x_wconf 86' lang='lat' dir='ltr'><strong>mulie-</strong></span> <span class='ocrx_word' id='word_1_21' title='bbox 2187 466 2242 529; x_wconf 73' lang='grc' dir='ltr'><strong>Α</strong></span> <span class='ocrx_word' id='word_1_22' title='bbox 2267 462 2494 527; x_wconf 90' lang='lat' dir='ltr'><strong>stricto,</strong></span> <span class='ocrx_word' id='word_1_23' title='bbox 2525 461 2622 516; x_wconf 86' lang='lat' dir='ltr'><strong>Dei</strong></span> <span class='ocrx_word' id='word_1_24' title='bbox 2654 460 2989 532; x_wconf 87' lang='lat' dir='ltr'><strong>aliquantula</strong></span> <span class='ocrx_word' id='word_1_25' title='bbox 3026 460 3382 533; x_wconf 74' lang='lat' dir='ltr'><strong>inspiratione</strong></span> <span class='ocrx_word' id='word_1_26' title='bbox 3426 463 3494 520; x_wconf 91' lang='lat' dir='ltr'><strong>ad</strong></span> <span class='ocrx_word' id='word_1_27' title='bbox 3524 463 3730 535; x_wconf 90' lang='lat' dir='ltr'><strong>aliquid</strong></span> <span class='ocrx_word' id='word_1_28' title='bbox 3777 464 3869 520; x_wconf 87' lang='lat' dir='ltr'><strong>lu-</strong></span> 
     </span>
    </p>
   </div>
   <div class='ocr_carea' id='block_1_3' title="bbox 562 559 2161 635">
    <p class='ocr_par' dir='ltr' id='par_1_3' title="bbox 562 559 2161 635">
     <span class='ocr_line' id='line_1_3' title="bbox 562 559 2161 635; baseline -0.006 -9"><span class='ocrx_word' id='word_1_29' title='bbox 562 586 697 635; x_wconf 89' lang='lat' dir='ltr'><strong>rem,</strong></span> <span class='ocrx_word' id='word_1_30' title='bbox 729 577 777 624; x_wconf 88' lang='lat' dir='ltr'><strong>et</strong></span> <span class='ocrx_word' id='word_1_31' title='bbox 799 583 972 623; x_wconf 80' lang='lat' dir='ltr'><strong><em>semen</em></strong></span> <span class='ocrx_word' id='word_1_32' title='bbox 1003 574 1151 619; x_wconf 86' lang='lat' dir='ltr'><strong>tuum</strong></span> <span class='ocrx_word' id='word_1_33' title='bbox 1179 572 1227 618; x_wconf 92' lang='lat' dir='ltr'><strong>et</strong></span> <span class='ocrx_word' id='word_1_34' title='bbox 1252 576 1425 617; x_wconf 81' lang='lat' dir='ltr'><strong>semen</strong></span> <span class='ocrx_word' id='word_1_35' title='bbox 1469 560 1635 616; x_wconf 85' lang='lat' dir='ltr'><strong>illius.</strong></span> <span class='ocrx_word' id='word_1_36' title='bbox 1668 559 1783 616; x_wconf 82' lang='lat' dir='ltr'><strong>Hoc</strong></span> <span class='ocrx_word' id='word_1_37' title='bbox 1832 559 1891 615; x_wconf 82' lang='lat' dir='ltr'><strong>tit</strong></span> <span class='ocrx_word' id='word_1_38' title='bbox 1947 559 2161 631; x_wconf 88' lang='lat' dir='ltr'><strong>quoties</strong></span> 
     </span>
    </p>
   </div>
   <div class='ocr_carea' id='block_1_4' title="bbox 560 654 2161 722">
    <p class='ocr_par' dir='ltr' id='par_1_4' title="bbox 560 654 2161 722">
     <span class='ocr_line' id='line_1_4' title="bbox 560 654 2161 722; baseline -0.005 -5"><span class='ocrx_word' id='word_1_39' title='bbox 560 662 815 720; x_wconf 72' lang='lat' dir='ltr'><strong>voluntas</strong></span> <span class='ocrx_word' id='word_1_40' title='bbox 867 668 1052 715; x_wconf 90' lang='lat' dir='ltr'><strong>nostra</strong></span> <span class='ocrx_word' id='word_1_41' title='bbox 1095 655 1289 712; x_wconf 77' lang='lat' dir='ltr'><strong>divinae</strong></span> <span class='ocrx_word' id='word_1_42' title='bbox 1340 654 1596 710; x_wconf 73' lang='lat' dir='ltr'><strong>innititur</strong></span> <span class='ocrx_word' id='word_1_43' title='bbox 1646 655 1876 722; x_wconf 92' lang='lat' dir='ltr'><strong>rationi,</strong></span> <span class='ocrx_word' id='word_1_44' title='bbox 1927 663 1983 710; x_wconf 90' lang='lat' dir='ltr'><strong>et</strong></span> <span class='ocrx_word' id='word_1_45' title='bbox 2036 662 2161 710; x_wconf 92' lang='lat' dir='ltr'><strong>tunc</strong></span> 
     </span>
    </p>
   </div>
   <div class='ocr_carea' id='block_1_5' title="bbox 565 746 2155 829">
    <p class='ocr_par' dir='ltr' id='par_1_5' title="bbox 565 746 2155 829">
     <span class='ocr_line' id='line_1_5' title="bbox 565 746 2155 829; baseline -0.006 -18"><span class='ocrx_word' id='word_1_46' title='bbox 565 756 841 829; x_wconf 89' lang='lat' dir='ltr'><strong>appetitus</strong></span> <span class='ocrx_word' id='word_1_47' title='bbox 863 752 1041 809; x_wconf 87' lang='lat' dir='ltr'><strong>carnis</strong></span> <span class='ocrx_word' id='word_1_48' title='bbox 1068 750 1214 822; x_wconf 90' lang='lat' dir='ltr'><strong>apud</strong></span> <span class='ocrx_word' id='word_1_49' title='bbox 1238 751 1412 822; x_wconf 84' lang='lat' dir='ltr'><strong>ipsam</strong></span> <span class='ocrx_word' id='word_1_50' title='bbox 1434 759 1747 821; x_wconf 90' lang='lat' dir='ltr'><strong>respectum</strong></span> <span class='ocrx_word' id='word_1_51' title='bbox 1778 766 1885 806; x_wconf 90' lang='lat' dir='ltr'><strong>non</strong></span> <span class='ocrx_word' id='word_1_52' title='bbox 1929 746 2155 812; x_wconf 87' lang='lat' dir='ltr'><strong>invenit,</strong></span> 
     </span>
    </p>
   </div>
   <div class='ocr_carea' id='block_1_6' title="bbox 562 840 2156 922">
    <p class='ocr_par' dir='ltr' id='par_1_6' title="bbox 562 840 2156 922">
     <span class='ocr_line' id='line_1_6' title="bbox 562 840 2156 922; baseline -0.006 -16"><span class='ocrx_word' id='word_1_53' title='bbox 562 850 691 922; x_wconf 85' lang='lat' dir='ltr'><strong>quia</strong></span> <span class='ocrx_word' id='word_1_54' title='bbox 728 861 908 904; x_wconf 89' lang='lat' dir='ltr'><strong>semen</strong></span> <span class='ocrx_word' id='word_1_55' title='bbox 958 844 1134 899; x_wconf 83' lang='lat' dir='ltr'><strong>sancti</strong></span> <span class='ocrx_word' id='word_1_56' title='bbox 1174 858 1283 914; x_wconf 92' lang='lat' dir='ltr'><strong>quo</strong></span> <span class='ocrx_word' id='word_1_57' title='bbox 1320 841 1648 898; x_wconf 83' lang='lat' dir='ltr'><strong>fecundatur</strong></span> <span class='ocrx_word' id='word_1_58' title='bbox 1678 842 1935 913; x_wconf 84' lang='lat' dir='ltr'><strong>Spiritus,</strong></span> <span class='ocrx_word' id='word_1_59' title='bbox 1965 840 2156 897; x_wconf 87' lang='lat' dir='ltr'><strong>diabo-</strong></span> 
     </span>
    </p>
   </div>
   <div class='ocr_carea' id='block_1_7' title="bbox 558 935 2160 1011">
    <p class='ocr_par' dir='ltr' id='par_1_7' title="bbox 558 935 2160 1011">
     <span class='ocr_line' id='line_1_7' title="bbox 558 935 2160 1011; baseline -0.004 -14"><span class='ocrx_word' id='word_1_60' title='bbox 558 940 676 998; x_wconf 79' lang='lat' dir='ltr'><strong>licae</strong></span> <span class='ocrx_word' id='word_1_61' title='bbox 717 937 1053 1011; x_wconf 89' lang='lat' dir='ltr'><strong>suggestioni</strong></span> <span class='ocrx_word' id='word_1_62' title='bbox 1102 952 1330 1009; x_wconf 86' lang='lat' dir='ltr'><strong>prorsus</strong></span> <span class='ocrx_word' id='word_1_63' title='bbox 1374 937 1668 1004; x_wconf 85' lang='lat' dir='ltr'><strong>infensum,</strong></span> <span class='ocrx_word' id='word_1_64' title='bbox 1715 936 1982 992; x_wconf 85' lang='lat' dir='ltr'><strong>inﬁnitam</strong></span> <span class='ocrx_word' id='word_1_65' title='bbox 2014 935 2160 992; x_wconf 89' lang='lat' dir='ltr'><strong>inter</strong></span> 
     </span>
    </p>
   </div>
   <div class='ocr_carea' id='block_1_8' title="bbox 555 1026 2158 1103">
    <p class='ocr_par' dir='ltr' id='par_1_8' title="bbox 555 1026 2158 1103">
     <span class='ocr_line' id='line_1_8' title="bbox 555 1026 2158 1103; baseline -0.005 -15"><span class='ocrx_word' id='word_1_66' title='bbox 555 1026 1336 1103; x_wconf 58' lang='lat' dir='ltr'><strong>utrumque&#39;discrepantiam</strong></span> <span class='ocrx_word' id='word_1_67' title='bbox 1381 1028 1530 1085; x_wconf 79' lang='lat' dir='ltr'><strong>facit.</strong></span> <span class='ocrx_word' id='word_1_68' title='bbox 1568 1029 1696 1100; x_wconf 88' lang='lat' dir='ltr'><strong>Ipsa</strong></span> <span class='ocrx_word' id='word_1_69' title='bbox 1741 1038 1969 1083; x_wconf 86' lang='lat' dir='ltr'><strong>conteret</strong></span> <span class='ocrx_word' id='word_1_70' title='bbox 2001 1035 2158 1097; x_wconf 82' lang='lat' dir='ltr'><strong>caput</strong></span> 
     </span>
    </p>
   </div>
   <div class='ocr_carea' id='block_1_9' title="bbox 558 1120 2155 1196">
    <p class='ocr_par' dir='ltr' id='par_1_9' title="bbox 558 1120 2155 1196">
     <span class='ocr_line' id='line_1_9' title="bbox 558 1120 2155 1196; baseline -0.003 -17"><span class='ocrx_word' id='word_1_71' title='bbox 558 1135 730 1180; x_wconf 84' lang='lat' dir='ltr'><strong>tuum.</strong></span> <span class='ocrx_word' id='word_1_72' title='bbox 773 1122 981 1196; x_wconf 84' lang='lat' dir='ltr'><strong>Caput,</strong></span> <span class='ocrx_word' id='word_1_73' title='bbox 1014 1123 1070 1179; x_wconf 89' lang='lat' dir='ltr'><strong>id</strong></span> <span class='ocrx_word' id='word_1_74' title='bbox 1110 1131 1197 1179; x_wconf 88' lang='lat' dir='ltr'><strong>est</strong></span> <span class='ocrx_word' id='word_1_75' title='bbox 1238 1122 1454 1177; x_wconf 91' lang='lat' dir='ltr'><strong>initium</strong></span> <span class='ocrx_word' id='word_1_76' title='bbox 1502 1120 1655 1193; x_wconf 91' lang='lat' dir='ltr'><strong>pravi</strong></span> <span class='ocrx_word' id='word_1_77' title='bbox 1707 1121 1980 1191; x_wconf 84' lang='lat' dir='ltr'><strong>appetitus</strong></span> <span class='ocrx_word' id='word_1_78' title='bbox 2031 1120 2155 1184; x_wconf 81' lang='lat' dir='ltr'><strong>fuit.</strong></span> 
     </span>
    </p>
   </div>
   <div class='ocr_carea' id='block_1_10' title="bbox 558 1209 2154 1282">
    <p class='ocr_par' dir='ltr' id='par_1_10' title="bbox 558 1209 2154 1282">
     <span class='ocr_line' id='line_1_10' title="bbox 558 1209 2154 1282; baseline -0.003 -10"><span class='ocrx_word' id='word_1_79' title='bbox 558 1213 838 1272; x_wconf 88' lang='lat' dir='ltr'><strong>communi</strong></span> <span class='ocrx_word' id='word_1_80' title='bbox 888 1212 1127 1270; x_wconf 86' lang='lat' dir='ltr'><strong>utilitate</strong></span> <span class='ocrx_word' id='word_1_81' title='bbox 1172 1211 1385 1278; x_wconf 86' lang='lat' dir='ltr'><strong>relicta,</strong></span> <span class='ocrx_word' id='word_1_82' title='bbox 1417 1211 1675 1267; x_wconf 82' lang='lat' dir='ltr'><strong>videlicet</strong></span> <span class='ocrx_word' id='word_1_83' title='bbox 1725 1209 1860 1279; x_wconf 90' lang='lat' dir='ltr'><strong>Deo,</strong></span> <span class='ocrx_word' id='word_1_84' title='bbox 1909 1212 2154 1282; x_wconf 70' lang='lat' dir='ltr'><strong>quaedam</strong></span> 
     </span>
    </p>
   </div>
   <div class='ocr_carea' id='block_1_11' title="bbox 555 1302 2157 1379">
    <p class='ocr_par' dir='ltr' id='par_1_11' title="bbox 555 1302 2157 1379">
     <span class='ocr_line' id='line_1_11' title="bbox 555 1302 2157 1379; baseline -0.002 -16"><span class='ocrx_word' id='word_1_85' title='bbox 555 1307 661 1364; x_wconf 83' lang='lat' dir='ltr'><strong>sibi</strong></span> <span class='ocrx_word' id='word_1_86' title='bbox 692 1305 917 1379; x_wconf 87' lang='lat' dir='ltr'><strong>propria</strong></span> <span class='ocrx_word' id='word_1_87' title='bbox 945 1304 1099 1360; x_wconf 83' lang='lat' dir='ltr'><strong>velle.</strong></span> <span class='ocrx_word' id='word_1_88' title='bbox 1151 1303 1309 1361; x_wconf 82' lang='lat' dir='ltr'><strong>Unde</strong></span> <span class='ocrx_word' id='word_1_89' title='bbox 1341 1302 1601 1358; x_wconf 87' lang='lat' dir='ltr'><strong>Dominus</strong></span> <span class='ocrx_word' id='word_1_90' title='bbox 1632 1317 1780 1370; x_wconf 89' lang='lat' dir='ltr'><strong>eum,</strong></span> <span class='ocrx_word' id='word_1_91' title='bbox 1835 1302 1928 1373; x_wconf 89' lang='lat' dir='ltr'><strong>qui</strong></span> <span class='ocrx_word' id='word_1_92' title='bbox 1978 1303 2045 1359; x_wconf 87' lang='lat' dir='ltr'><strong>ad</strong></span> <span class='ocrx_word' id='word_1_93' title='bbox 2096 1319 2157 1360; x_wconf 89' lang='lat' dir='ltr'><strong>se</strong></span> 
     </span>
    </p>
   </div>
   <div class='ocr_carea' id='block_1_12' title="bbox 557 1396 2153 1474">
    <p class='ocr_par' dir='ltr' id='par_1_12' title="bbox 557 1396 2153 1474">
     <span class='ocr_line' id='line_1_12' title="bbox 557 1396 2153 1474; baseline -0.004 -15"><span class='ocrx_word' id='word_1_94' title='bbox 557 1396 731 1468; x_wconf 63' lang='lat' dir='ltr'><strong>veiiil,</strong></span> <span class='ocrx_word' id='word_1_95' title='bbox 757 1417 862 1457; x_wconf 91' lang='lat' dir='ltr'><strong>non</strong></span> <span class='ocrx_word' id='word_1_96' title='bbox 894 1398 1200 1469; x_wconf 76' lang='lat' dir='ltr'><strong>eiecturum</strong></span> <span class='ocrx_word' id='word_1_97' title='bbox 1238 1397 1390 1474; x_wconf 81' lang='lat' dir='ltr'><strong>foras</strong></span> <span class='ocrx_word' id='word_1_98' title='bbox 1417 1396 1732 1468; x_wconf 88' lang='lat' dir='ltr'><strong>perhibens,</strong></span> <span class='ocrx_word' id='word_1_99' title='bbox 1759 1411 1955 1453; x_wconf 83' lang='lat' dir='ltr'><strong>causas</strong></span> <span class='ocrx_word' id='word_1_100' title='bbox 1984 1396 2153 1465; x_wconf 89' lang='lat' dir='ltr'><strong>addit,</strong></span> 
     </span>
    </p>
   </div>
   <div class='ocr_carea' id='block_1_13' title="bbox 558 1489 2152 1568">
    <p class='ocr_par' dir='ltr' id='par_1_13' title="bbox 558 1489 2152 1568">
     <span class='ocr_line' id='line_1_13' title="bbox 558 1489 2152 1568; baseline -0.003 -17"><span class='ocrx_word' id='word_1_101' title='bbox 558 1497 685 1568; x_wconf 87' lang='lat' dir='ltr'><strong>quia</strong></span> <span class='ocrx_word' id='word_1_102' title='bbox 715 1511 822 1551; x_wconf 92' lang='lat' dir='ltr'><strong>non</strong></span> <span class='ocrx_word' id='word_1_103' title='bbox 846 1493 1054 1549; x_wconf 87' lang='lat' dir='ltr'><strong>venerit</strong></span> <span class='ocrx_word' id='word_1_104' title='bbox 1081 1490 1268 1547; x_wconf 80' lang='lat' dir='ltr'><strong>facere</strong></span> <span class='ocrx_word' id='word_1_105' title='bbox 1299 1490 1637 1549; x_wconf 83' lang='lat' dir='ltr'><strong>voluntatem</strong></span> <span class='ocrx_word' id='word_1_106' title='bbox 1670 1506 1823 1546; x_wconf 89' lang='lat' dir='ltr'><strong>suam</strong></span> <span class='ocrx_word' id='word_1_107' title='bbox 1864 1489 2046 1563; x_wconf 83' lang='lat' dir='ltr'><strong>(Joan.</strong></span> <span class='ocrx_word' id='word_1_108' title='bbox 2076 1506 2152 1558; x_wconf 86' lang='lat' dir='ltr'><strong>vt,</strong></span> 
     </span>
    </p>
   </div>
   <div class='ocr_carea' id='block_1_14' title="bbox 553 1584 2153 1661">
    <p class='ocr_par' dir='ltr' id='par_1_14' title="bbox 553 1584 2153 1661">
     <span class='ocr_line' id='line_1_14' title="bbox 553 1584 2153 1661; baseline -0.003 -16"><span class='ocrx_word' id='word_1_109' title='bbox 553 1589 646 1658; x_wconf 77' lang='grc'><strong>57,</strong></span> <span class='ocrx_word' id='word_1_110' title='bbox 685 1587 797 1661; x_wconf 78' lang='lat'><strong>38).</strong></span> <span class='ocrx_word' id='word_1_111' title='bbox 844 1587 1013 1644; x_wconf 83' lang='lat' dir='ltr'><strong>Recta</strong></span> <span class='ocrx_word' id='word_1_112' title='bbox 1040 1585 1296 1642; x_wconf 79' lang='lat' dir='ltr'><strong>voluntas</strong></span> <span class='ocrx_word' id='word_1_113' title='bbox 1335 1586 1441 1642; x_wconf 88' lang='lat' dir='ltr'><strong>hoc</strong></span> <span class='ocrx_word' id='word_1_114' title='bbox 1467 1595 1630 1655; x_wconf 89' lang='lat' dir='ltr'><strong>caput</strong></span> <span class='ocrx_word' id='word_1_115' title='bbox 1661 1584 1872 1651; x_wconf 88' lang='lat' dir='ltr'><strong>atterit,</strong></span> <span class='ocrx_word' id='word_1_116' title='bbox 1913 1585 2153 1656; x_wconf 86' lang='lat' dir='ltr'><strong>quando,</strong></span> 
     </span>
    </p>
   </div>
   <div class='ocr_carea' id='block_1_15' title="bbox 552 1677 2154 1754">
    <p class='ocr_par' dir='ltr' id='par_1_15' title="bbox 552 1677 2154 1754">
     <span class='ocr_line' id='line_1_15' title="bbox 552 1677 2154 1754; baseline -0.002 -18"><span class='ocrx_word' id='word_1_117' title='bbox 552 1682 612 1737; x_wconf 89' lang='lat' dir='ltr'><strong>in</strong></span> <span class='ocrx_word' id='word_1_118' title='bbox 645 1690 910 1754; x_wconf 89' lang='lat' dir='ltr'><strong>quantum</strong></span> <span class='ocrx_word' id='word_1_119' title='bbox 963 1679 1257 1752; x_wconf 75' lang='lat' dir='ltr'><strong>prtevalet,</strong></span> <span class='ocrx_word' id='word_1_120' title='bbox 1307 1678 1383 1733; x_wconf 90' lang='lat' dir='ltr'><strong>nil</strong></span> <span class='ocrx_word' id='word_1_121' title='bbox 1436 1677 1541 1734; x_wconf 89' lang='lat' dir='ltr'><strong>sibi</strong></span> <span class='ocrx_word' id='word_1_122' title='bbox 1586 1677 1823 1748; x_wconf 89' lang='lat' dir='ltr'><strong>turpiter</strong></span> <span class='ocrx_word' id='word_1_123' title='bbox 1872 1677 2154 1749; x_wconf 87' lang='lat' dir='ltr'><strong>proprium</strong></span> 
     </span>
    </p>
   </div>
   <div class='ocr_carea' id='block_1_16' title="bbox 551 1768 2155 1845">
    <p class='ocr_par' dir='ltr' id='par_1_16' title="bbox 551 1768 2155 1845">
     <span class='ocr_line' id='line_1_16' title="bbox 551 1768 2155 1845; baseline -0.002 -16"><span class='ocrx_word' id='word_1_124' title='bbox 551 1772 842 1845; x_wconf 90' lang='lat' dir='ltr'><strong>relinquit;</strong></span> <span class='ocrx_word' id='word_1_125' title='bbox 889 1771 1019 1827; x_wconf 90' lang='lat' dir='ltr'><strong>dum</strong></span> <span class='ocrx_word' id='word_1_126' title='bbox 1076 1773 1223 1828; x_wconf 90' lang='lat' dir='ltr'><strong>enim</strong></span> <span class='ocrx_word' id='word_1_127' title='bbox 1276 1786 1307 1826; x_wconf 90' lang='lat' dir='ltr'><strong>a</strong></span> <span class='ocrx_word' id='word_1_128' title='bbox 1355 1771 1537 1843; x_wconf 90' lang='lat' dir='ltr'><strong>primo</strong></span> <span class='ocrx_word' id='word_1_129' title='bbox 1608 1768 1831 1826; x_wconf 86' lang='lat' dir='ltr'><strong>homine</strong></span> <span class='ocrx_word' id='word_1_130' title='bbox 1882 1770 2155 1842; x_wconf 89' lang='lat' dir='ltr'><strong>privatum</strong></span> 
     </span>
    </p>
   </div>
   <div class='ocr_carea' id='block_1_17' title="bbox 3773 350 3869 442">
    <p class='ocr_par' dir='ltr' id='par_1_17' title="bbox 3773 350 3869 442">
     <span class='ocr_line' id='line_1_17' title="bbox 3773 350 3869 442; baseline 0 -33"><span class='ocrx_word' id='word_1_131' title='bbox 3773 350 3869 442; x_wconf 58' lang='grc' dir='ltr'><strong>με</strong></span> 
     </span>
    </p>
   </div>
   <div class='ocr_carea' id='block_1_18' title="bbox 2266 554 3864 615">
    <p class='ocr_par' dir='ltr' id='par_1_18' title="bbox 2266 554 3864 615">
     <span class='ocr_line' id='line_1_18' title="bbox 2266 554 3864 615; baseline 0.003 -4"><span class='ocrx_word' id='word_1_132' title='bbox 2266 555 2432 611; x_wconf 90' lang='lat' dir='ltr'><strong>minis</strong></span> <span class='ocrx_word' id='word_1_133' title='bbox 2475 554 2818 611; x_wconf 89' lang='lat' dir='ltr'><strong>sentiendum</strong></span> <span class='ocrx_word' id='word_1_134' title='bbox 2867 555 3184 612; x_wconf 89' lang='lat' dir='ltr'><strong>solidamur.</strong></span> <span class='ocrx_word' id='word_1_135' title='bbox 3233 556 3369 613; x_wconf 86' lang='lat' dir='ltr'><strong>Nam</strong></span> <span class='ocrx_word' id='word_1_136' title='bbox 3417 559 3560 615; x_wconf 82' lang='lat' dir='ltr'><strong>sicut</strong></span> <span class='ocrx_word' id='word_1_137' title='bbox 3603 573 3673 615; x_wconf 86' lang='lat' dir='ltr'><strong>eo</strong></span> <span class='ocrx_word' id='word_1_138' title='bbox 3715 568 3864 615; x_wconf 88' lang='lat' dir='ltr'><strong>statu</strong></span> 
     </span>
    </p>
   </div>
   <div class='ocr_carea' id='block_1_19' title="bbox 2264 648 3865 725">
    <p class='ocr_par' dir='ltr' id='par_1_19' title="bbox 2264 648 3865 725">
     <span class='ocr_line' id='line_1_19' title="bbox 2264 648 3865 725; baseline 0.004 -22"><span class='ocrx_word' id='word_1_139' title='bbox 2264 648 2562 719; x_wconf 87' lang='lat' dir='ltr'><strong>pascimur,</strong></span> <span class='ocrx_word' id='word_1_140' title='bbox 2594 648 2674 704; x_wconf 91' lang='lat' dir='ltr'><strong>sic</strong></span> <span class='ocrx_word' id='word_1_141' title='bbox 2716 650 3131 720; x_wconf 79' lang='lat' dir='ltr'><strong>peregrinantes</strong></span> <span class='ocrx_word' id='word_1_142' title='bbox 3155 662 3225 706; x_wconf 77' lang='lat' dir='ltr'><strong>ex</strong></span> <span class='ocrx_word' id='word_1_143' title='bbox 3256 650 3362 707; x_wconf 90' lang='lat' dir='ltr'><strong>hoc</strong></span> <span class='ocrx_word' id='word_1_144' title='bbox 3398 650 3700 720; x_wconf 79' lang='lat' dir='ltr'><strong>deﬁcimus,</strong></span> <span class='ocrx_word' id='word_1_145' title='bbox 3735 657 3865 725; x_wconf 84' lang='lat' dir='ltr'><strong>quia</strong></span> 
     </span>
    </p>
   </div>
   <div class='ocr_carea' id='block_1_20' title="bbox 2264 740 3865 822">
    <p class='ocr_par' dir='ltr' id='par_1_20' title="bbox 2264 740 3865 822">
     <span class='ocr_line' id='line_1_20' title="bbox 2264 740 3865 822; baseline 0.009 -26"><span class='ocrx_word' id='word_1_146' title='bbox 2264 740 2477 812; x_wconf 87' lang='lat' dir='ltr'><strong>siliquis</strong></span> <span class='ocrx_word' id='word_1_147' title='bbox 2501 742 2724 809; x_wconf 91' lang='lat' dir='ltr'><strong>utendo,</strong></span> <span class='ocrx_word' id='word_1_148' title='bbox 2749 743 2908 798; x_wconf 88' lang='lat' dir='ltr'><strong>nobis</strong></span> <span class='ocrx_word' id='word_1_149' title='bbox 2931 758 3039 800; x_wconf 90' lang='lat' dir='ltr'><strong>non</strong></span> <span class='ocrx_word' id='word_1_150' title='bbox 3061 745 3165 801; x_wconf 84' lang='lat' dir='ltr'><strong>nisi</strong></span> <span class='ocrx_word' id='word_1_151' title='bbox 3189 748 3399 818; x_wconf 86' lang='lat' dir='ltr'><strong>pondus</strong></span> <span class='ocrx_word' id='word_1_152' title='bbox 3419 749 3740 822; x_wconf 88' lang='lat' dir='ltr'><strong>ingerimus,</strong></span> <span class='ocrx_word' id='word_1_153' title='bbox 3769 753 3865 809; x_wconf 88' lang='lat' dir='ltr'><strong>sed</strong></span> 
     </span>
    </p>
   </div>
   <div class='ocr_carea' id='block_1_21' title="bbox 2265 830 3855 918">
    <p class='ocr_par' dir='ltr' id='par_1_21' title="bbox 2265 830 3855 918">
     <span class='ocr_line' id='line_1_21' title="bbox 2265 830 3855 918; baseline 0.008 -30"><span class='ocrx_word' id='word_1_154' title='bbox 2265 847 2388 888; x_wconf 88' lang='lat' dir='ltr'><strong>cum</strong></span> <span class='ocrx_word' id='word_1_155' title='bbox 2418 832 2607 889; x_wconf 86' lang='lat' dir='ltr'><strong>labore</strong></span> <span class='ocrx_word' id='word_1_156' title='bbox 2636 834 2689 889; x_wconf 89' lang='lat' dir='ltr'><strong>id</strong></span> <span class='ocrx_word' id='word_1_157' title='bbox 2718 835 2953 906; x_wconf 78' lang='lat' dir='ltr'><strong>agimus,</strong></span> <span class='ocrx_word' id='word_1_158' title='bbox 2992 837 3120 907; x_wconf 86' lang='lat' dir='ltr'><strong>quia</strong></span> <span class='ocrx_word' id='word_1_159' title='bbox 3152 830 3281 894; x_wconf 74' lang='lat' dir='ltr'><strong>cum</strong></span> <span class='ocrx_word' id='word_1_160' title='bbox 3309 839 3411 897; x_wconf 78' lang='lat' dir='ltr'><strong>Joh</strong></span> <span class='ocrx_word' id='word_1_161' title='bbox 3441 838 3585 914; x_wconf 66' lang='lat' dir='ltr'><strong>(capi</strong></span> <span class='ocrx_word' id='word_1_162' title='bbox 3617 860 3703 913; x_wconf 83' lang='lat' dir='ltr'><strong>tu,</strong></span> <span class='ocrx_word' id='word_1_163' title='bbox 3730 846 3855 918; x_wconf 70' lang='grc'><strong>24),</strong></span> 
     </span>
    </p>
   </div>
   <div class='ocr_carea' id='block_1_22' title="bbox 2264 925 3863 999">
    <p class='ocr_par' dir='ltr' id='par_1_22' title="bbox 2264 925 3863 999">
     <span class='ocr_line' id='line_1_22' title="bbox 2264 925 3863 999; baseline 0.01 -21"><span class='ocrx_word' id='word_1_164' title='bbox 2264 934 2558 994; x_wconf 84' lang='lat' dir='ltr'><strong>antequam</strong></span> <span class='ocrx_word' id='word_1_165' title='bbox 2598 925 2980 993; x_wconf 84' lang='lat' dir='ltr'><strong>comedamus,</strong></span> <span class='ocrx_word' id='word_1_166' title='bbox 3012 928 3384 999; x_wconf 84' lang='lat' dir='ltr'><strong>suspiramus,</strong></span> <span class='ocrx_word' id='word_1_167' title='bbox 3430 943 3485 988; x_wconf 92' lang='lat' dir='ltr'><strong>et</strong></span> <span class='ocrx_word' id='word_1_168' title='bbox 3512 933 3617 991; x_wconf 93' lang='lat' dir='ltr'><strong>hoc</strong></span> <span class='ocrx_word' id='word_1_169' title='bbox 3642 939 3863 994; x_wconf 87' lang='lat' dir='ltr'><strong>cunctis</strong></span> 
     </span>
    </p>
   </div>
   <div class='ocr_carea' id='block_1_23' title="bbox 2262 1015 3861 1094">
    <p class='ocr_par' dir='ltr' id='par_1_23' title="bbox 2262 1015 3861 1094">
     <span class='ocr_line' id='line_1_23' title="bbox 2262 1015 3861 1094; baseline 0.009 -24"><span class='ocrx_word' id='word_1_170' title='bbox 2262 1015 2388 1072; x_wconf 67' lang='lat' dir='ltr'><strong>vitae</strong></span> <span class='ocrx_word' id='word_1_171' title='bbox 2429 1026 2634 1074; x_wconf 68' lang='lat' dir='ltr'><strong>nostra:</strong></span> <span class='ocrx_word' id='word_1_172' title='bbox 2675 1018 2890 1087; x_wconf 87' lang='lat' dir='ltr'><strong>diebus,</strong></span> <span class='ocrx_word' id='word_1_173' title='bbox 2937 1020 2991 1076; x_wconf 92' lang='lat' dir='ltr'><strong>id</strong></span> <span class='ocrx_word' id='word_1_174' title='bbox 3033 1032 3117 1077; x_wconf 90' lang='lat' dir='ltr'><strong>est</strong></span> <span class='ocrx_word' id='word_1_175' title='bbox 3155 1023 3368 1094; x_wconf 89' lang='lat' dir='ltr'><strong>quoties</strong></span> <span class='ocrx_word' id='word_1_176' title='bbox 3398 1025 3570 1081; x_wconf 86' lang='lat' dir='ltr'><strong>vitam</strong></span> <span class='ocrx_word' id='word_1_177' title='bbox 3617 1038 3861 1086; x_wconf 87' lang='lat' dir='ltr'><strong>nostram</strong></span> 
     </span>
    </p>
   </div>
   <div class='ocr_carea' id='block_1_24' title="bbox 2261 1110 3867 1188">
    <p class='ocr_par' dir='ltr' id='par_1_24' title="bbox 2261 1110 3867 1188">
     <span class='ocr_line' id='line_1_24' title="bbox 2261 1110 3867 1188; baseline 0.007 -22"><span class='ocrx_word' id='word_1_178' title='bbox 2261 1113 2479 1168; x_wconf 85' lang='lat' dir='ltr'><strong>unicam</strong></span> <span class='ocrx_word' id='word_1_179' title='bbox 2506 1111 2781 1169; x_wconf 89' lang='lat' dir='ltr'><strong>Christum</strong></span> <span class='ocrx_word' id='word_1_180' title='bbox 2807 1115 3190 1187; x_wconf 79' lang='lat' dir='ltr'><strong>intelligimus;</strong></span> <span class='ocrx_word' id='word_1_181' title='bbox 3220 1132 3317 1188; x_wconf 89' lang='lat' dir='ltr'><strong>per</strong></span> <span class='ocrx_word' id='word_1_182' title='bbox 3344 1119 3461 1176; x_wconf 86' lang='lat' dir='ltr'><strong>dies</strong></span> <span class='ocrx_word' id='word_1_183' title='bbox 3486 1120 3631 1176; x_wconf 91' lang='lat' dir='ltr'><strong>enim</strong></span> <span class='ocrx_word' id='word_1_184' title='bbox 3662 1110 3867 1178; x_wconf 72' lang='lat' dir='ltr'><strong>intelliJ</strong></span> 
     </span>
    </p>
   </div>
   <div class='ocr_carea' id='block_1_25' title="bbox 2263 1206 3861 1279">
    <p class='ocr_par' dir='ltr' id='par_1_25' title="bbox 2263 1206 3861 1279">
     <span class='ocr_line' id='line_1_25' title="bbox 2263 1206 3861 1279; baseline 0.006 -17"><span class='ocrx_word' id='word_1_185' title='bbox 2263 1206 2502 1279; x_wconf 85' lang='lat' dir='ltr'><strong>gentiam</strong></span> <span class='ocrx_word' id='word_1_186' title='bbox 2534 1206 2737 1279; x_wconf 88' lang='lat' dir='ltr'><strong>signari</strong></span> <span class='ocrx_word' id='word_1_187' title='bbox 2771 1223 2934 1279; x_wconf 81' lang='lat' dir='ltr'><strong>supra</strong></span> <span class='ocrx_word' id='word_1_188' title='bbox 2974 1208 3227 1266; x_wconf 78' lang='lat' dir='ltr'><strong>diximus.</strong></span> <span class='ocrx_word' id='word_1_189' title='bbox 3270 1210 3423 1269; x_wconf 86' lang='lat' dir='ltr'><strong>Illum</strong></span> <span class='ocrx_word' id='word_1_190' title='bbox 3451 1220 3629 1269; x_wconf 92' lang='lat' dir='ltr'><strong>autem</strong></span> <span class='ocrx_word' id='word_1_191' title='bbox 3663 1215 3861 1273; x_wconf 44' lang='lat' dir='ltr'><strong>intelli‘</strong></span> 
     </span>
    </p>
   </div>
   <div class='ocr_carea' id='block_1_26' title="bbox 2263 1301 3857 1379">
    <p class='ocr_par' dir='ltr' id='par_1_26' title="bbox 2263 1301 3857 1379">
     <span class='ocr_line' id='line_1_26' title="bbox 2263 1301 3857 1379; baseline 0.009 -24"><span class='ocrx_word' id='word_1_192' title='bbox 2263 1301 2464 1374; x_wconf 88' lang='lat' dir='ltr'><strong>gimus,</strong></span> <span class='ocrx_word' id='word_1_193' title='bbox 2484 1316 2610 1357; x_wconf 86' lang='lat' dir='ltr'><strong>eum</strong></span> <span class='ocrx_word' id='word_1_194' title='bbox 2638 1301 2712 1358; x_wconf 89' lang='lat' dir='ltr'><strong>illi</strong></span> <span class='ocrx_word' id='word_1_195' title='bbox 2735 1302 3086 1375; x_wconf 84' lang='lat' dir='ltr'><strong>singulariter</strong></span> <span class='ocrx_word' id='word_1_196' title='bbox 3114 1304 3328 1361; x_wconf 86' lang='lat' dir='ltr'><strong>interno</strong></span> <span class='ocrx_word' id='word_1_197' title='bbox 3347 1321 3543 1379; x_wconf 87' lang='lat' dir='ltr'><strong>sapore</strong></span> <span class='ocrx_word' id='word_1_198' title='bbox 3558 1309 3857 1369; x_wconf 84' lang='lat' dir='ltr'><strong>inhiamus.</strong></span> 
     </span>
    </p>
   </div>
   <div class='ocr_carea' id='block_1_27' title="bbox 2262 1394 3855 1468">
    <p class='ocr_par' dir='ltr' id='par_1_27' title="bbox 2262 1394 3855 1468">
     <span class='ocr_line' id='line_1_27' title="bbox 2262 1394 3855 1468; baseline 0.007 -17"><span class='ocrx_word' id='word_1_199' title='bbox 2262 1394 2398 1451; x_wconf 87' lang='lat' dir='ltr'><strong>Cum</strong></span> <span class='ocrx_word' id='word_1_200' title='bbox 2423 1394 2640 1463; x_wconf 87' lang='lat' dir='ltr'><strong>labore,</strong></span> <span class='ocrx_word' id='word_1_201' title='bbox 2673 1397 2915 1468; x_wconf 90' lang='lat' dir='ltr'><strong>inquam,</strong></span> <span class='ocrx_word' id='word_1_202' title='bbox 2943 1398 3227 1467; x_wconf 83' lang='lat' dir='ltr'><strong>comedes;</strong></span> <span class='ocrx_word' id='word_1_203' title='bbox 3264 1399 3339 1454; x_wconf 89' lang='lat' dir='ltr'><strong>nil</strong></span> <span class='ocrx_word' id='word_1_204' title='bbox 3362 1401 3509 1456; x_wconf 90' lang='lat' dir='ltr'><strong>enim</strong></span> <span class='ocrx_word' id='word_1_205' title='bbox 3525 1400 3645 1459; x_wconf 89' lang='lat' dir='ltr'><strong>sine</strong></span> <span class='ocrx_word' id='word_1_206' title='bbox 3670 1402 3855 1462; x_wconf 86' lang='lat' dir='ltr'><strong>labore</strong></span> 
     </span>
    </p>
   </div>
   <div class='ocr_carea' id='block_1_28' title="bbox 2262 1489 3859 1568">
    <p class='ocr_par' dir='ltr' id='par_1_28' title="bbox 2262 1489 3859 1568">
     <span class='ocr_line' id='line_1_28' title="bbox 2262 1489 3859 1568; baseline 0.006 -25"><span class='ocrx_word' id='word_1_207' title='bbox 2262 1496 2435 1544; x_wconf 85' lang='lat' dir='ltr'><strong>restat</strong></span> <span class='ocrx_word' id='word_1_208' title='bbox 2463 1489 2789 1546; x_wconf 85' lang='lat' dir='ltr'><strong>mortalibus</strong></span> <span class='ocrx_word' id='word_1_209' title='bbox 2826 1490 2992 1547; x_wconf 87' lang='lat' dir='ltr'><strong>etiam</strong></span> <span class='ocrx_word' id='word_1_210' title='bbox 3044 1492 3099 1546; x_wconf 91' lang='lat' dir='ltr'><strong>in</strong></span> <span class='ocrx_word' id='word_1_211' title='bbox 3131 1493 3398 1563; x_wconf 87' lang='lat' dir='ltr'><strong>terrenis;</strong></span> <span class='ocrx_word' id='word_1_212' title='bbox 3432 1495 3557 1565; x_wconf 84' lang='lat' dir='ltr'><strong>quia</strong></span> <span class='ocrx_word' id='word_1_213' title='bbox 3603 1498 3782 1568; x_wconf 73' lang='lat' dir='ltr'><strong>spinas</strong></span> <span class='ocrx_word' id='word_1_214' title='bbox 3810 1508 3859 1554; x_wconf 87' lang='lat' dir='ltr'><strong>et</strong></span> 
     </span>
    </p>
   </div>
   <div class='ocr_carea' id='block_1_29' title="bbox 2265 1577 3858 1658">
    <p class='ocr_par' dir='ltr' id='par_1_29' title="bbox 2265 1577 3858 1658">
     <span class='ocr_line' id='line_1_29' title="bbox 2265 1577 3858 1658; baseline 0.008 -26"><span class='ocrx_word' id='word_1_215' title='bbox 2265 1577 2487 1635; x_wconf 79' lang='lat' dir='ltr'><strong>tribulos</strong></span> <span class='ocrx_word' id='word_1_216' title='bbox 2533 1580 2845 1651; x_wconf 79' lang='lat' dir='ltr'><strong>geminabit</strong></span> <span class='ocrx_word' id='word_1_217' title='bbox 2888 1581 3000 1637; x_wconf 84' lang='lat' dir='ltr'><strong>tibi.</strong></span> <span class='ocrx_word' id='word_1_218' title='bbox 3030 1582 3110 1637; x_wconf 89' lang='lat' dir='ltr'><strong>Tu</strong></span> <span class='ocrx_word' id='word_1_219' title='bbox 3158 1585 3327 1640; x_wconf 86' lang='lat' dir='ltr'><strong>menti</strong></span> <span class='ocrx_word' id='word_1_220' title='bbox 3372 1586 3607 1658; x_wconf 71' lang='lat' dir='ltr'><strong>propriae</strong></span> <span class='ocrx_word' id='word_1_221' title='bbox 3652 1588 3858 1646; x_wconf 85' lang='lat' dir='ltr'><strong>cultum</strong></span> 
     </span>
    </p>
   </div>
   <div class='ocr_carea' id='block_1_30' title="bbox 2261 1664 3860 1752">
    <p class='ocr_par' dir='ltr' id='par_1_30' title="bbox 2261 1664 3860 1752">
     <span class='ocr_line' id='line_1_30' title="bbox 2261 1664 3860 1752; baseline 0.008 -26"><span class='ocrx_word' id='word_1_222' title='bbox 2261 1670 2575 1743; x_wconf 87' lang='lat' dir='ltr'><strong>impendes,</strong></span> <span class='ocrx_word' id='word_1_223' title='bbox 2625 1673 2720 1730; x_wconf 86' lang='lat' dir='ltr'><strong>sed</strong></span> <span class='ocrx_word' id='word_1_224' title='bbox 2785 1673 2874 1729; x_wconf 91' lang='lat' dir='ltr'><strong>illa</strong></span> <span class='ocrx_word' id='word_1_225' title='bbox 2932 1675 3073 1731; x_wconf 89' lang='lat' dir='ltr'><strong>inter</strong></span> <span class='ocrx_word' id='word_1_226' title='bbox 3108 1664 3406 1732; x_wconf 73' lang='lat' dir='ltr'><strong>colendum</strong></span> <span class='ocrx_word' id='word_1_227' title='bbox 3465 1679 3761 1752; x_wconf 88' lang='lat' dir='ltr'><strong>origiuario</strong></span> <span class='ocrx_word' id='word_1_228' title='bbox 3804 1689 3860 1738; x_wconf 88' lang='lat' dir='ltr'><strong>et</strong></span> 
     </span>
    </p>
   </div>
   <div class='ocr_carea' id='block_1_31' title="bbox 2263 1765 3856 1847">
    <p class='ocr_par' dir='ltr' id='par_1_31' title="bbox 2263 1765 3856 1847">
     <span class='ocr_line' id='line_1_31' title="bbox 2263 1765 3856 1847; baseline 0.008 -27"><span class='ocrx_word' id='word_1_229' title='bbox 2263 1765 2462 1821; x_wconf 88' lang='lat' dir='ltr'><strong>actuali</strong></span> <span class='ocrx_word' id='word_1_230' title='bbox 2506 1776 2763 1837; x_wconf 88' lang='lat' dir='ltr'><strong>corrupta</strong></span> <span class='ocrx_word' id='word_1_231' title='bbox 2810 1769 2936 1823; x_wconf 89' lang='lat' dir='ltr'><strong>tabo</strong></span> <span class='ocrx_word' id='word_1_232' title='bbox 2989 1770 3175 1840; x_wconf 87' lang='lat' dir='ltr'><strong>spinas</strong></span> <span class='ocrx_word' id='word_1_233' title='bbox 3222 1771 3468 1829; x_wconf 79' lang='lat' dir='ltr'><strong>avaritiae</strong></span> <span class='ocrx_word' id='word_1_234' title='bbox 3522 1774 3856 1847; x_wconf 87' lang='lat' dir='ltr'><strong>tribulosque</strong></span> 
     </span>
    </p>
   </div>
   <div class='ocr_carea' id='block_1_32' title="bbox 484 1828 3858 1937">
    <p class='ocr_par' dir='ltr' id='par_1_32' title="bbox 484 1828 3858 1937">
     <span class='ocr_line' id='line_1_32' title="bbox 484 1828 3858 1937; baseline 0.002 -17"><span class='ocrx_word' id='word_1_235' title='bbox 484 1914 491 1921; x_wconf 94' lang='lat'><strong>.</strong></span> <span class='ocrx_word' id='word_1_236' title='bbox 551 1828 1042 1937; x_wconf 47' lang='lat' dir='ltr'><strong>quiddam&#39;petitur</strong></span> <span class='ocrx_word' id='word_1_237' title='bbox 1085 1883 1099 1920; x_wconf 89' lang='lat'><strong>:</strong></span> <span class='ocrx_word' id='word_1_238' title='bbox 1136 1880 1167 1920; x_wconf 92' lang='lat' dir='ltr'><strong>a</strong></span> <span class='ocrx_word' id='word_1_239' title='bbox 1197 1828 1437 1935; x_wconf 74' lang='lat' dir='ltr'><strong>paradisi</strong></span> <span class='ocrx_word' id='word_1_240' title='bbox 1475 1879 1671 1922; x_wconf 90' lang='lat' dir='ltr'><strong>sereno</strong></span> <span class='ocrx_word' id='word_1_241' title='bbox 1707 1828 2030 1931; x_wconf 66' lang='lat' dir='ltr'><strong>demitlitur,</strong></span> <span class='ocrx_word' id='word_1_242' title='bbox 2067 1880 2157 1921; x_wconf 81' lang='lat' dir='ltr'><strong>se-</strong></span> <span class='ocrx_word' id='word_1_243' title='bbox 2184 1828 2235 1890; x_wconf 77' lang='grc' dir='ltr'><strong>Β</strong></span> <span class='ocrx_word' id='word_1_244' title='bbox 2261 1854 2544 1912; x_wconf 87' lang='lat' dir='ltr'><strong>libidinum</strong></span> <span class='ocrx_word' id='word_1_245' title='bbox 2568 1854 2806 1914; x_wconf 79' lang='lat' dir='ltr'><strong>feracius</strong></span> <span class='ocrx_word' id='word_1_246' title='bbox 2831 1861 3176 1931; x_wconf 82' lang='lat' dir='ltr'><strong>germinabit.</strong></span> <span class='ocrx_word' id='word_1_247' title='bbox 3204 1862 3357 1919; x_wconf 90' lang='lat' dir='ltr'><strong>Sicut</strong></span> <span class='ocrx_word' id='word_1_248' title='bbox 3378 1880 3614 1936; x_wconf 87' lang='lat' dir='ltr'><strong>namque</strong></span> <span class='ocrx_word' id='word_1_249' title='bbox 3644 1828 3858 1926; x_wconf 60' lang='lat' dir='ltr'><strong>densioc</strong></span> 
     </span>
    </p>
   </div>
   <div class='ocr_carea' id='block_1_33' title="bbox 551 1956 2156 2041">
    <p class='ocr_par' dir='ltr' id='par_1_33' title="bbox 551 1956 2156 2041">
     <span class='ocr_line' id='line_1_33' title="bbox 551 1956 2156 2041; baseline -0.001 -27"><span class='ocrx_word' id='word_1_250' title='bbox 551 1974 756 2033; x_wconf 88' lang='lat' dir='ltr'><strong>quaces</strong></span> <span class='ocrx_word' id='word_1_251' title='bbox 788 1959 1013 2016; x_wconf 89' lang='lat' dir='ltr'><strong>secundi</strong></span> <span class='ocrx_word' id='word_1_252' title='bbox 1042 1958 1173 2014; x_wconf 80' lang='lat' dir='ltr'><strong>Adae</strong></span> <span class='ocrx_word' id='word_1_253' title='bbox 1199 1968 1340 2041; x_wconf 80' lang='lat' dir='ltr'><strong>totos</strong></span> <span class='ocrx_word' id='word_1_254' title='bbox 1368 1972 1427 2015; x_wconf 91' lang='lat' dir='ltr'><strong>se</strong></span> <span class='ocrx_word' id='word_1_255' title='bbox 1466 1958 1562 2014; x_wconf 90' lang='lat' dir='ltr'><strong>Dei</strong></span> <span class='ocrx_word' id='word_1_256' title='bbox 1593 1958 1794 2029; x_wconf 87' lang='lat' dir='ltr'><strong>placito</strong></span> <span class='ocrx_word' id='word_1_257' title='bbox 1825 1956 2156 2013; x_wconf 88' lang='lat' dir='ltr'><strong>contraden-</strong></span> 
     </span>
    </p>
   </div>
   <div class='ocr_carea' id='block_1_34' title="bbox 552 2049 2154 2108">
    <p class='ocr_par' dir='ltr' id='par_1_34' title="bbox 552 2049 2154 2108">
     <span class='ocr_line' id='line_1_34' title="bbox 552 2049 2154 2108; baseline -0.003 0"><span class='ocrx_word' id='word_1_258' title='bbox 552 2060 638 2108; x_wconf 86' lang='lat' dir='ltr'><strong>tes</strong></span> <span class='ocrx_word' id='word_1_259' title='bbox 666 2053 718 2106; x_wconf 91' lang='lat' dir='ltr'><strong>in</strong></span> <span class='ocrx_word' id='word_1_260' title='bbox 749 2050 907 2107; x_wconf 63' lang='lat' dir='ltr'><strong>caelis</strong></span> <span class='ocrx_word' id='word_1_261' title='bbox 935 2051 1319 2107; x_wconf 87' lang='lat' dir='ltr'><strong>admittuntur.</strong></span> <span class='ocrx_word' id='word_1_262' title='bbox 1347 2050 1418 2107; x_wconf 86' lang='lat' dir='ltr'><strong>Et</strong></span> <span class='ocrx_word' id='word_1_263' title='bbox 1456 2060 1515 2105; x_wconf 83' lang='lat' dir='ltr'><strong>tu</strong></span> <span class='ocrx_word' id='word_1_264' title='bbox 1542 2050 1879 2105; x_wconf 81' lang='lat' dir='ltr'><strong>insidiaberis</strong></span> <span class='ocrx_word' id='word_1_265' title='bbox 1909 2049 2154 2105; x_wconf 83' lang='lat' dir='ltr'><strong>calcaneo</strong></span> 
     </span>
    </p>
   </div>
   <div class='ocr_carea' id='block_1_35' title="bbox 559 2141 2157 2214">
    <p class='ocr_par' dir='ltr' id='par_1_35' title="bbox 559 2141 2157 2214">
     <span class='ocr_line' id='line_1_35' title="bbox 559 2141 2157 2214; baseline 0 -16"><span class='ocrx_word' id='word_1_266' title='bbox 559 2143 698 2214; x_wconf 86' lang='lat' dir='ltr'><strong>ejus.</strong></span> <span class='ocrx_word' id='word_1_267' title='bbox 731 2141 1082 2208; x_wconf 86' lang='lat' dir='ltr'><strong>Calcaneum,</strong></span> <span class='ocrx_word' id='word_1_268' title='bbox 1123 2158 1246 2214; x_wconf 75' lang='lat' dir='ltr'><strong>quae</strong></span> <span class='ocrx_word' id='word_1_269' title='bbox 1288 2149 1375 2199; x_wconf 92' lang='lat' dir='ltr'><strong>est</strong></span> <span class='ocrx_word' id='word_1_270' title='bbox 1400 2141 1580 2199; x_wconf 87' lang='lat' dir='ltr'><strong>ﬁnalis</strong></span> <span class='ocrx_word' id='word_1_271' title='bbox 1608 2157 1737 2213; x_wconf 87' lang='lat' dir='ltr'><strong>pars</strong></span> <span class='ocrx_word' id='word_1_272' title='bbox 1776 2143 2042 2213; x_wconf 88' lang='lat' dir='ltr'><strong>corporis,</strong></span> <span class='ocrx_word' id='word_1_273' title='bbox 2075 2142 2157 2198; x_wconf 92' lang='lat' dir='ltr'><strong>in-</strong></span> 
     </span>
    </p>
   </div>
   <div class='ocr_carea' id='block_1_36' title="bbox 552 2232 2157 2305">
    <p class='ocr_par' dir='ltr' id='par_1_36' title="bbox 552 2232 2157 2305">
     <span class='ocr_line' id='line_1_36' title="bbox 552 2232 2157 2305; baseline 0.001 -17"><span class='ocrx_word' id='word_1_274' title='bbox 552 2234 855 2290; x_wconf 90' lang='lat' dir='ltr'><strong>tentionem</strong></span> <span class='ocrx_word' id='word_1_275' title='bbox 902 2232 1236 2304; x_wconf 77' lang='lat' dir='ltr'><strong>accipimus,</strong></span> <span class='ocrx_word' id='word_1_276' title='bbox 1298 2247 1419 2305; x_wconf 70' lang='lat' dir='ltr'><strong>quae</strong></span> <span class='ocrx_word' id='word_1_277' title='bbox 1467 2232 1711 2290; x_wconf 91' lang='lat' dir='ltr'><strong>omnium</strong></span> <span class='ocrx_word' id='word_1_278' title='bbox 1749 2234 2026 2289; x_wconf 89' lang='lat' dir='ltr'><strong>actionum</strong></span> <span class='ocrx_word' id='word_1_279' title='bbox 2072 2241 2157 2290; x_wconf 86' lang='lat' dir='ltr'><strong>est</strong></span> 
     </span>
    </p>
   </div>
   <div class='ocr_carea' id='block_1_37' title="bbox 556 2323 2158 2399">
    <p class='ocr_par' dir='ltr' id='par_1_37' title="bbox 556 2323 2158 2399">
     <span class='ocr_line' id='line_1_37' title="bbox 556 2323 2158 2399; baseline 0.002 -18"><span class='ocrx_word' id='word_1_280' title='bbox 556 2323 705 2382; x_wconf 84' lang='lat' dir='ltr'><strong>ﬁnis.</strong></span> <span class='ocrx_word' id='word_1_281' title='bbox 763 2324 899 2381; x_wconf 87' lang='lat' dir='ltr'><strong>Dum</strong></span> <span class='ocrx_word' id='word_1_282' title='bbox 932 2325 1101 2398; x_wconf 86' lang='lat' dir='ltr'><strong>igitur</strong></span> <span class='ocrx_word' id='word_1_283' title='bbox 1147 2327 1245 2384; x_wconf 87' lang='lat' dir='ltr'><strong>Dei</strong></span> <span class='ocrx_word' id='word_1_284' title='bbox 1282 2325 1550 2383; x_wconf 89' lang='lat' dir='ltr'><strong>voluntati</strong></span> <span class='ocrx_word' id='word_1_285' title='bbox 1598 2334 1841 2383; x_wconf 91' lang='lat' dir='ltr'><strong>nostram</strong></span> <span class='ocrx_word' id='word_1_286' title='bbox 1877 2329 2158 2399; x_wconf 88' lang='lat' dir='ltr'><strong>postponi-</strong></span> 
     </span>
    </p>
   </div>
   <div class='ocr_carea' id='block_1_38' title="bbox 552 2418 2154 2493">
    <p class='ocr_par' dir='ltr' id='par_1_38' title="bbox 552 2418 2154 2493">
     <span class='ocr_line' id='line_1_38' title="bbox 552 2418 2154 2493; baseline 0.002 -19"><span class='ocrx_word' id='word_1_287' title='bbox 552 2434 700 2485; x_wconf 89' lang='lat' dir='ltr'><strong>mus,</strong></span> <span class='ocrx_word' id='word_1_288' title='bbox 729 2418 858 2474; x_wconf 91' lang='lat' dir='ltr'><strong>dum</strong></span> <span class='ocrx_word' id='word_1_289' title='bbox 882 2418 1221 2475; x_wconf 87' lang='lat' dir='ltr'><strong>clandestina</strong></span> <span class='ocrx_word' id='word_1_290' title='bbox 1238 2418 1345 2493; x_wconf 79' lang='lat'><strong>33</strong></span> <span class='ocrx_word' id='word_1_291' title='bbox 1374 2429 1430 2477; x_wconf 90' lang='lat' dir='ltr'><strong>et</strong></span> <span class='ocrx_word' id='word_1_292' title='bbox 1456 2431 1644 2492; x_wconf 88' lang='lat' dir='ltr'><strong>aperta</strong></span> <span class='ocrx_word' id='word_1_293' title='bbox 1662 2421 1793 2477; x_wconf 88' lang='lat' dir='ltr'><strong>vitia</strong></span> <span class='ocrx_word' id='word_1_294' title='bbox 1818 2420 2154 2491; x_wconf 89' lang='lat' dir='ltr'><strong>abdicamus,</strong></span> 
     </span>
    </p>
   </div>
   <div class='ocr_carea' id='block_1_39' title="bbox 554 2512 2157 2588">
    <p class='ocr_par' dir='ltr' id='par_1_39' title="bbox 554 2512 2157 2588">
     <span class='ocr_line' id='line_1_39' title="bbox 554 2512 2157 2588; baseline 0.003 -19"><span class='ocrx_word' id='word_1_295' title='bbox 554 2512 613 2569; x_wconf 82' lang='lat' dir='ltr'><strong>in</strong></span> <span class='ocrx_word' id='word_1_296' title='bbox 652 2514 917 2570; x_wconf 90' lang='lat' dir='ltr'><strong>bonorum</strong></span> <span class='ocrx_word' id='word_1_297' title='bbox 952 2521 1268 2570; x_wconf 89' lang='lat' dir='ltr'><strong>nostrorum</strong></span> <span class='ocrx_word' id='word_1_298' title='bbox 1300 2515 1607 2572; x_wconf 87' lang='lat' dir='ltr'><strong>intentione</strong></span> <span class='ocrx_word' id='word_1_299' title='bbox 1639 2515 1938 2572; x_wconf 88' lang='lat' dir='ltr'><strong>teudiculas</strong></span> <span class='ocrx_word' id='word_1_300' title='bbox 1967 2517 2157 2588; x_wconf 82' lang='lat' dir='ltr'><strong>praeci-</strong></span> 
     </span>
    </p>
   </div>
   <div class='ocr_carea' id='block_1_40' title="bbox 554 2605 2155 2680">
    <p class='ocr_par' dir='ltr' id='par_1_40' title="bbox 554 2605 2155 2680">
     <span class='ocr_line' id='line_1_40' title="bbox 554 2605 2155 2680; baseline 0.005 -21"><span class='ocrx_word' id='word_1_301' title='bbox 554 2618 665 2676; x_wconf 88' lang='lat' dir='ltr'><strong>pue</strong></span> <span class='ocrx_word' id='word_1_302' title='bbox 690 2605 845 2676; x_wconf 89' lang='lat' dir='ltr'><strong>ponit</strong></span> <span class='ocrx_word' id='word_1_303' title='bbox 874 2620 996 2677; x_wconf 64' lang='lat' dir='ltr'><strong>quae</strong></span> <span class='ocrx_word' id='word_1_304' title='bbox 1025 2606 1290 2678; x_wconf 86' lang='lat' dir='ltr'><strong>gerimus,</strong></span> <span class='ocrx_word' id='word_1_305' title='bbox 1325 2616 1383 2662; x_wconf 92' lang='lat' dir='ltr'><strong>ut</strong></span> <span class='ocrx_word' id='word_1_306' title='bbox 1410 2623 1549 2679; x_wconf 90' lang='lat' dir='ltr'><strong>quos</strong></span> <span class='ocrx_word' id='word_1_307' title='bbox 1577 2606 1780 2680; x_wconf 82' lang='lat' dir='ltr'><strong>ﬂagitio</strong></span> <span class='ocrx_word' id='word_1_308' title='bbox 1811 2608 2013 2665; x_wconf 89' lang='lat' dir='ltr'><strong>irretiri</strong></span> <span class='ocrx_word' id='word_1_309' title='bbox 2045 2625 2155 2667; x_wconf 89' lang='lat' dir='ltr'><strong>non</strong></span> 
     </span>
    </p>
   </div>
   <div class='ocr_carea' id='block_1_41' title="bbox 557 2697 2156 2775">
    <p class='ocr_par' dir='ltr' id='par_1_41' title="bbox 557 2697 2156 2775">
     <span class='ocr_line' id='line_1_41' title="bbox 557 2697 2156 2775; baseline 0.006 -21"><span class='ocrx_word' id='word_1_310' title='bbox 557 2697 731 2765; x_wconf 88' lang='lat' dir='ltr'><strong>valet,</strong></span> <span class='ocrx_word' id='word_1_311' title='bbox 759 2697 953 2755; x_wconf 86' lang='lat' dir='ltr'><strong>saltem</strong></span> <span class='ocrx_word' id='word_1_312' title='bbox 983 2697 1286 2757; x_wconf 79' lang='lat' dir='ltr'><strong>aﬂ‘ectualis</strong></span> <span class='ocrx_word' id='word_1_313' title='bbox 1311 2701 1631 2773; x_wconf 85' lang='lat' dir='ltr'><strong>improbitas</strong></span> <span class='ocrx_word' id='word_1_314' title='bbox 1658 2703 1933 2775; x_wconf 86' lang='lat' dir='ltr'><strong>popularis</strong></span> <span class='ocrx_word' id='word_1_315' title='bbox 1956 2704 2156 2763; x_wconf 83' lang='lat' dir='ltr'><strong>favoris</strong></span> 
     </span>
    </p>
   </div>
   <div class='ocr_carea' id='block_1_42' title="bbox 561 2789 2153 2867">
    <p class='ocr_par' dir='ltr' id='par_1_42' title="bbox 561 2789 2153 2867">
     <span class='ocr_line' id='line_1_42' title="bbox 561 2789 2153 2867; baseline 0.006 -22"><span class='ocrx_word' id='word_1_316' title='bbox 561 2789 747 2863; x_wconf 85' lang='lat' dir='ltr'><strong>aliqua</strong></span> <span class='ocrx_word' id='word_1_317' title='bbox 772 2793 1117 2864; x_wconf 89' lang='lat' dir='ltr'><strong>respectione</strong></span> <span class='ocrx_word' id='word_1_318' title='bbox 1148 2794 1534 2853; x_wconf 89' lang='lat' dir='ltr'><strong>commaculet.</strong></span> <span class='ocrx_word' id='word_1_319' title='bbox 1569 2794 1773 2860; x_wconf 86' lang='lat' dir='ltr'><strong>Atjam</strong></span> <span class='ocrx_word' id='word_1_320' title='bbox 1808 2796 1923 2867; x_wconf 86' lang='lat' dir='ltr'><strong>ipsa</strong></span> <span class='ocrx_word' id='word_1_321' title='bbox 1963 2798 2153 2854; x_wconf 91' lang='lat' dir='ltr'><strong>volun-</strong></span> 
     </span>
    </p>
   </div>
   <div class='ocr_carea' id='block_1_43' title="bbox 555 2874 2157 2955">
    <p class='ocr_par' dir='ltr' id='par_1_43' title="bbox 555 2874 2157 2955">
     <span class='ocr_line' id='line_1_43' title="bbox 555 2874 2157 2955; baseline 0.006 -17"><span class='ocrx_word' id='word_1_322' title='bbox 555 2888 644 2938; x_wconf 88' lang='lat' dir='ltr'><strong>tas</strong></span> <span class='ocrx_word' id='word_1_323' title='bbox 668 2882 801 2954; x_wconf 88' lang='lat' dir='ltr'><strong>quid</strong></span> <span class='ocrx_word' id='word_1_324' title='bbox 822 2883 890 2939; x_wconf 91' lang='lat' dir='ltr'><strong>de</strong></span> <span class='ocrx_word' id='word_1_325' title='bbox 915 2898 975 2939; x_wconf 91' lang='lat' dir='ltr'><strong>se</strong></span> <span class='ocrx_word' id='word_1_326' title='bbox 1000 2884 1164 2940; x_wconf 89' lang='lat' dir='ltr'><strong>etiam</strong></span> <span class='ocrx_word' id='word_1_327' title='bbox 1191 2885 1396 2941; x_wconf 90' lang='lat' dir='ltr'><strong>sentire</strong></span> <span class='ocrx_word' id='word_1_328' title='bbox 1418 2886 1633 2955; x_wconf 90' lang='lat' dir='ltr'><strong>debeat,</strong></span> <span class='ocrx_word' id='word_1_329' title='bbox 1659 2886 1917 2944; x_wconf 88' lang='lat' dir='ltr'><strong>divinitus</strong></span> <span class='ocrx_word' id='word_1_330' title='bbox 1945 2874 2157 2947; x_wconf 79' lang='lat' dir='ltr'><strong>ratione</strong></span> 
     </span>
    </p>
   </div>
   <div class='ocr_carea' id='block_1_44' title="bbox 553 2972 1878 3046">
    <p class='ocr_par' dir='ltr' id='par_1_44' title="bbox 553 2972 1878 3046">
     <span class='ocr_line' id='line_1_44' title="bbox 553 2972 1878 3046; baseline 0.005 -16"><span class='ocrx_word' id='word_1_331' title='bbox 553 2975 818 3046; x_wconf 88' lang='lat' dir='ltr'><strong>magistra</strong></span> <span class='ocrx_word' id='word_1_332' title='bbox 851 2977 1135 3046; x_wconf 84' lang='lat' dir='ltr'><strong>exaudiat;</strong></span> <span class='ocrx_word' id='word_1_333' title='bbox 1181 2977 1381 3034; x_wconf 89' lang='lat' dir='ltr'><strong>dicitur</strong></span> <span class='ocrx_word' id='word_1_334' title='bbox 1410 2977 1485 3034; x_wconf 92' lang='lat' dir='ltr'><strong>illi</strong></span> <span class='ocrx_word' id='word_1_335' title='bbox 1518 2995 1533 3034; x_wconf 92' lang='lat'><strong>:</strong></span> <span class='ocrx_word' id='word_1_336' title='bbox 1874 2972 1878 2976; x_wconf 64' lang='grc'><em>’</em></span> 
     </span>
    </p>
   </div>
   <div class='ocr_carea' id='block_1_45' title="bbox 630 3065 2156 3146">
    <p class='ocr_par' dir='ltr' id='par_1_45' title="bbox 630 3065 2156 3146">
     <span class='ocr_line' id='line_1_45' title="bbox 630 3065 2156 3146; baseline 0.006 -25"><span class='ocrx_word' id='word_1_337' title='bbox 630 3065 800 3124; x_wconf 70' lang='lat' dir='ltr'><strong>Vens.</strong></span> <span class='ocrx_word' id='word_1_338' title='bbox 818 3067 1349 3140; x_wconf 80' lang='lat' dir='ltr'><strong>l6.—-Multiplicabo</strong></span> <span class='ocrx_word' id='word_1_339' title='bbox 1372 3087 1638 3129; x_wconf 68' lang='lat' dir='ltr'><strong>aerumnas</strong></span> <span class='ocrx_word' id='word_1_340' title='bbox 1660 3081 1800 3140; x_wconf 88' lang='lat' dir='ltr'><strong>tuas,</strong></span> <span class='ocrx_word' id='word_1_341' title='bbox 1818 3082 1865 3128; x_wconf 88' lang='lat' dir='ltr'><strong>et</strong></span> <span class='ocrx_word' id='word_1_342' title='bbox 1880 3085 2156 3146; x_wconf 86' lang='lat' dir='ltr'><strong>conceptus</strong></span> 
     </span>
    </p>
   </div>
   <div class='ocr_carea' id='block_1_46' title="bbox 2261 1948 3855 2029">
    <p class='ocr_par' dir='ltr' id='par_1_46' title="bbox 2261 1948 3855 2029">
     <span class='ocr_line' id='line_1_46' title="bbox 2261 1948 3855 2029; baseline 0.009 -25"><span class='ocrx_word' id='word_1_343' title='bbox 2261 1948 2413 2005; x_wconf 87' lang='lat' dir='ltr'><strong>ribus</strong></span> <span class='ocrx_word' id='word_1_344' title='bbox 2439 1950 2666 2005; x_wconf 88' lang='lat' dir='ltr'><strong>horrent</strong></span> <span class='ocrx_word' id='word_1_345' title='bbox 2696 1951 2903 2007; x_wconf 87' lang='lat' dir='ltr'><strong>aculeis</strong></span> <span class='ocrx_word' id='word_1_346' title='bbox 2943 1952 3127 2009; x_wconf 88' lang='lat' dir='ltr'><strong>tribuli</strong></span> <span class='ocrx_word' id='word_1_347' title='bbox 3152 1966 3313 2025; x_wconf 90' lang='lat' dir='ltr'><strong>quam</strong></span> <span class='ocrx_word' id='word_1_348' title='bbox 3346 1958 3536 2029; x_wconf 66' lang='lat' dir='ltr'><strong>spinae,</strong></span> <span class='ocrx_word' id='word_1_349' title='bbox 3569 1959 3643 2016; x_wconf 88' lang='lat' dir='ltr'><strong>ita</strong></span> <span class='ocrx_word' id='word_1_350' title='bbox 3691 1961 3855 2019; x_wconf 86' lang='lat' dir='ltr'><strong>animi</strong></span> 
     </span>
    </p>
   </div>
   <div class='ocr_carea' id='block_1_47' title="bbox 2259 2036 3858 2121">
    <p class='ocr_par' dir='ltr' id='par_1_47' title="bbox 2259 2036 3858 2121">
     <span class='ocr_line' id='line_1_47' title="bbox 2259 2036 3858 2121; baseline 0.008 -22"><span class='ocrx_word' id='word_1_351' title='bbox 2259 2043 2618 2117; x_wconf 87' lang='lat' dir='ltr'><strong>plurimorum</strong></span> <span class='ocrx_word' id='word_1_352' title='bbox 2638 2044 2850 2101; x_wconf 76' lang='lat' dir='ltr'><strong>luxuria</strong></span> <span class='ocrx_word' id='word_1_353' title='bbox 2877 2045 3218 2117; x_wconf 79' lang='lat' dir='ltr'><strong>frequentius</strong></span> <span class='ocrx_word' id='word_1_354' title='bbox 3239 2036 3611 2121; x_wconf 82' lang='lat' dir='ltr'><strong>stimulantur,</strong></span> <span class='ocrx_word' id='word_1_355' title='bbox 3635 2054 3744 2111; x_wconf 90' lang='lat' dir='ltr'><strong>imo</strong></span> <span class='ocrx_word' id='word_1_356' title='bbox 3762 2071 3858 2112; x_wconf 84' lang='lat' dir='ltr'><strong>na-</strong></span> 
     </span>
    </p>
   </div>
   <div class='ocr_carea' id='block_1_48' title="bbox 2260 2137 3852 2218">
    <p class='ocr_par' dir='ltr' id='par_1_48' title="bbox 2260 2137 3852 2218">
     <span class='ocr_line' id='line_1_48' title="bbox 2260 2137 3852 2218; baseline 0.008 -25"><span class='ocrx_word' id='word_1_357' title='bbox 2260 2137 2514 2205; x_wconf 86' lang='lat' dir='ltr'><strong>turalius,</strong></span> <span class='ocrx_word' id='word_1_358' title='bbox 2544 2153 2707 2209; x_wconf 91' lang='lat' dir='ltr'><strong>quam</strong></span> <span class='ocrx_word' id='word_1_359' title='bbox 2731 2138 3052 2209; x_wconf 85' lang='lat' dir='ltr'><strong>cupiditate,</strong></span> <span class='ocrx_word' id='word_1_360' title='bbox 3078 2150 3133 2197; x_wconf 88' lang='lat' dir='ltr'><strong>et</strong></span> <span class='ocrx_word' id='word_1_361' title='bbox 3159 2143 3411 2200; x_wconf 88' lang='lat' dir='ltr'><strong>comedes</strong></span> <span class='ocrx_word' id='word_1_362' title='bbox 3436 2145 3636 2204; x_wconf 87' lang='lat' dir='ltr'><strong>herbas</strong></span> <span class='ocrx_word' id='word_1_363' title='bbox 3666 2156 3852 2218; x_wconf 82' lang='lat' dir='ltr'><strong>teme,</strong></span> 
     </span>
    </p>
   </div>
   <div class='ocr_carea' id='block_1_49' title="bbox 2260 2229 3852 2306">
    <p class='ocr_par' dir='ltr' id='par_1_49' title="bbox 2260 2229 3852 2306">
     <span class='ocr_line' id='line_1_49' title="bbox 2260 2229 3852 2306; baseline 0.009 -22"><span class='ocrx_word' id='word_1_364' title='bbox 2260 2231 2387 2302; x_wconf 87' lang='lat' dir='ltr'><strong>quia</strong></span> <span class='ocrx_word' id='word_1_365' title='bbox 2450 2229 2641 2288; x_wconf 90' lang='lat' dir='ltr'><strong>molles</strong></span> <span class='ocrx_word' id='word_1_366' title='bbox 2692 2239 2747 2286; x_wconf 93' lang='lat' dir='ltr'><strong>et</strong></span> <span class='ocrx_word' id='word_1_367' title='bbox 2804 2232 3034 2289; x_wconf 85' lang='lat' dir='ltr'><strong>lascivas</strong></span> <span class='ocrx_word' id='word_1_368' title='bbox 3082 2234 3440 2306; x_wconf 86' lang='lat' dir='ltr'><strong>cogitationes</strong></span> <span class='ocrx_word' id='word_1_369' title='bbox 3487 2248 3543 2295; x_wconf 89' lang='lat' dir='ltr'><strong>et</strong></span> <span class='ocrx_word' id='word_1_370' title='bbox 3593 2241 3852 2298; x_wconf 84' lang='lat' dir='ltr'><strong>desideria</strong></span> 
     </span>
    </p>
   </div>
   <div class='ocr_carea' id='block_1_50' title="bbox 2261 2322 3853 2409">
    <p class='ocr_par' dir='ltr' id='par_1_50' title="bbox 2261 2322 3853 2409">
     <span class='ocr_line' id='line_1_50' title="bbox 2261 2322 3853 2409; baseline 0.008 -29"><span class='ocrx_word' id='word_1_371' title='bbox 2261 2323 2445 2380; x_wconf 88' lang='lat' dir='ltr'><strong>carnis</strong></span> <span class='ocrx_word' id='word_1_372' title='bbox 2488 2331 2595 2379; x_wconf 74' lang='lat' dir='ltr'><strong>tuae</strong></span> <span class='ocrx_word' id='word_1_373' title='bbox 2633 2322 2859 2395; x_wconf 90' lang='lat' dir='ltr'><strong>patieris</strong></span> <span class='ocrx_word' id='word_1_374' title='bbox 2893 2334 3181 2397; x_wconf 82' lang='lat' dir='ltr'><strong>gratanter</strong></span> <span class='ocrx_word' id='word_1_375' title='bbox 3210 2329 3493 2402; x_wconf 82' lang='lat' dir='ltr'><strong>excipere,</strong></span> <span class='ocrx_word' id='word_1_376' title='bbox 3526 2330 3659 2405; x_wconf 90' lang='lat' dir='ltr'><strong>ipsis</strong></span> <span class='ocrx_word' id='word_1_377' title='bbox 3701 2334 3853 2409; x_wconf 85' lang='lat' dir='ltr'><strong>quasi</strong></span> 
     </span>
    </p>
   </div>
   <div class='ocr_carea' id='block_1_51' title="bbox 2262 2414 2772 2487">
    <p class='ocr_par' dir='ltr' id='par_1_51' title="bbox 2262 2414 2772 2487">
     <span class='ocr_line' id='line_1_51' title="bbox 2262 2414 2772 2487; baseline 0.002 -16"><span class='ocrx_word' id='word_1_378' title='bbox 2262 2414 2459 2487; x_wconf 90' lang='lat' dir='ltr'><strong>pabulo</strong></span> <span class='ocrx_word' id='word_1_379' title='bbox 2486 2426 2540 2473; x_wconf 89' lang='lat' dir='ltr'><strong>te</strong></span> <span class='ocrx_word' id='word_1_380' title='bbox 2569 2414 2772 2473; x_wconf 81' lang='lat' dir='ltr'><strong>fovere.</strong></span> 
     </span>
    </p>
   </div>
   <div class='ocr_carea' id='block_1_52' title="bbox 2331 2488 3852 2588">
    <p class='ocr_par' dir='ltr' id='par_1_52' title="bbox 2331 2488 3852 2588">
     <span class='ocr_line' id='line_1_52' title="bbox 2331 2488 3852 2588; baseline 0.008 -25"><span class='ocrx_word' id='word_1_381' title='bbox 2331 2506 2498 2566; x_wconf 72' lang='lat' dir='ltr'><strong>Vsus.</strong></span> <span class='ocrx_word' id='word_1_382' title='bbox 2526 2508 2613 2566; x_wconf 79' lang='lat' dir='ltr'><strong>i9.</strong></span> <span class='ocrx_word' id='word_1_383' title='bbox 2639 2541 2709 2550; x_wconf 95' lang='lat'><strong>—</strong></span> <span class='ocrx_word' id='word_1_384' title='bbox 2733 2508 2803 2565; x_wconf 75' lang='lat' dir='ltr'><strong>In</strong></span> <span class='ocrx_word' id='word_1_385' title='bbox 2827 2511 3022 2567; x_wconf 82' lang='lat' dir='ltr'><strong>sudore</strong></span> <span class='ocrx_word' id='word_1_386' title='bbox 3040 2511 3214 2569; x_wconf 85' lang='lat' dir='ltr'><strong>vultus</strong></span> <span class='ocrx_word' id='word_1_387' title='bbox 3241 2514 3321 2569; x_wconf 81' lang='lat' dir='ltr'><strong>tui</strong></span> <span class='ocrx_word' id='word_1_388' title='bbox 3338 2488 3559 2572; x_wconf 71' lang='lat' dir='ltr'><strong>vesceris</strong></span> <span class='ocrx_word' id='word_1_389' title='bbox 3580 2532 3715 2588; x_wconf 85' lang='lat' dir='ltr'><strong>pane</strong></span> <span class='ocrx_word' id='word_1_390' title='bbox 3743 2528 3852 2575; x_wconf 89' lang='lat' dir='ltr'><strong>tuo.</strong></span> 
     </span>
    </p>
   </div>
   <div class='ocr_carea' id='block_1_53' title="bbox 2260 2597 3854 2670">
    <p class='ocr_par' dir='ltr' id='par_1_53' title="bbox 2260 2597 3854 2670">
     <span class='ocr_line' id='line_1_53' title="bbox 2260 2597 3854 2670; baseline 0.009 -16"><span class='ocrx_word' id='word_1_391' title='bbox 2260 2597 2512 2655; x_wconf 85' lang='lat' dir='ltr'><strong>Percutis</strong></span> <span class='ocrx_word' id='word_1_392' title='bbox 2556 2613 2721 2670; x_wconf 81' lang='lat' dir='ltr'><strong>peros</strong></span> <span class='ocrx_word' id='word_1_393' title='bbox 2767 2600 2837 2656; x_wconf 87' lang='lat' dir='ltr'><strong>ab</strong></span> <span class='ocrx_word' id='word_1_394' title='bbox 2883 2601 3114 2660; x_wconf 87' lang='lat' dir='ltr'><strong>internis</strong></span> <span class='ocrx_word' id='word_1_395' title='bbox 3172 2605 3339 2662; x_wconf 78' lang='lat' dir='ltr'><strong>sudbr</strong></span> <span class='ocrx_word' id='word_1_396' title='bbox 3394 2618 3631 2664; x_wconf 84' lang='lat' dir='ltr'><strong>emanat.</strong></span> <span class='ocrx_word' id='word_1_397' title='bbox 3664 2609 3854 2668; x_wconf 81' lang='lat' dir='ltr'><strong>Vultus</strong></span> 
     </span>
    </p>
   </div>
   <div class='ocr_carea' id='block_1_54' title="bbox 2261 2691 3853 2771">
    <p class='ocr_par' dir='ltr' id='par_1_54' title="bbox 2261 2691 3853 2771">
     <span class='ocr_line' id='line_1_54' title="bbox 2261 2691 3853 2771; baseline 0.006 -24"><span class='ocrx_word' id='word_1_398' title='bbox 2261 2701 2444 2748; x_wconf 84' lang='lat' dir='ltr'><strong>autem</strong></span> <span class='ocrx_word' id='word_1_399' title='bbox 2479 2707 2511 2747; x_wconf 89' lang='lat' dir='ltr'><strong>a</strong></span> <span class='ocrx_word' id='word_1_400' title='bbox 2536 2691 2816 2750; x_wconf 89' lang='lat' dir='ltr'><strong>voluntate</strong></span> <span class='ocrx_word' id='word_1_401' title='bbox 2840 2694 3068 2763; x_wconf 88' lang='lat' dir='ltr'><strong>dicitur,</strong></span> <span class='ocrx_word' id='word_1_402' title='bbox 3105 2697 3231 2767; x_wconf 85' lang='lat' dir='ltr'><strong>quia</strong></span> <span class='ocrx_word' id='word_1_403' title='bbox 3262 2698 3315 2753; x_wconf 93' lang='lat' dir='ltr'><strong>in</strong></span> <span class='ocrx_word' id='word_1_404' title='bbox 3338 2698 3488 2755; x_wconf 89' lang='lat' dir='ltr'><strong>vultu</strong></span> <span class='ocrx_word' id='word_1_405' title='bbox 3514 2701 3853 2771; x_wconf 87' lang='lat' dir='ltr'><strong>potissimum</strong></span> 
     </span>
    </p>
   </div>
   <div class='ocr_carea' id='block_1_55' title="bbox 2259 2782 3855 2865">
    <p class='ocr_par' dir='ltr' id='par_1_55' title="bbox 2259 2782 3855 2865">
     <span class='ocr_line' id='line_1_55' title="bbox 2259 2782 3855 2865; baseline 0.009 -27"><span class='ocrx_word' id='word_1_406' title='bbox 2259 2782 2515 2839; x_wconf 84' lang='lat' dir='ltr'><strong>voluntas</strong></span> <span class='ocrx_word' id='word_1_407' title='bbox 2538 2784 2831 2856; x_wconf 82' lang='lat' dir='ltr'><strong>cogitantis</strong></span> <span class='ocrx_word' id='word_1_408' title='bbox 2856 2797 3104 2858; x_wconf 88' lang='lat' dir='ltr'><strong>apparet.</strong></span> <span class='ocrx_word' id='word_1_409' title='bbox 3138 2789 3195 2844; x_wconf 88' lang='lat' dir='ltr'><strong>In</strong></span> <span class='ocrx_word' id='word_1_410' title='bbox 3237 2792 3437 2849; x_wconf 87' lang='lat' dir='ltr'><strong>sudore</strong></span> <span class='ocrx_word' id='word_1_411' title='bbox 3467 2792 3651 2865; x_wconf 86' lang='lat' dir='ltr'><strong>itaque</strong></span> <span class='ocrx_word' id='word_1_412' title='bbox 3675 2793 3855 2853; x_wconf 81' lang='lat' dir='ltr'><strong>vultus</strong></span> 
     </span>
    </p>
   </div>
   <div class='ocr_carea' id='block_1_56' title="bbox 2259 2877 3855 2951">
    <p class='ocr_par' dir='ltr' id='par_1_56' title="bbox 2259 2877 3855 2951">
     <span class='ocr_line' id='line_1_56' title="bbox 2259 2877 3855 2951; baseline 0.011 -22"><span class='ocrx_word' id='word_1_413' title='bbox 2259 2890 2459 2947; x_wconf 89' lang='lat' dir='ltr'><strong>panem</strong></span> <span class='ocrx_word' id='word_1_414' title='bbox 2487 2877 2853 2945; x_wconf 88' lang='lat' dir='ltr'><strong>comedimus,</strong></span> <span class='ocrx_word' id='word_1_415' title='bbox 2887 2880 3107 2951; x_wconf 88' lang='lat' dir='ltr'><strong>quando</strong></span> <span class='ocrx_word' id='word_1_416' title='bbox 3129 2881 3199 2937; x_wconf 91' lang='lat' dir='ltr'><strong>ab</strong></span> <span class='ocrx_word' id='word_1_417' title='bbox 3226 2884 3423 2940; x_wconf 72' lang='lat' dir='ltr'><strong>anima:</strong></span> <span class='ocrx_word' id='word_1_418' title='bbox 3455 2886 3686 2943; x_wconf 88' lang='lat' dir='ltr'><strong>occultis</strong></span> <span class='ocrx_word' id='word_1_419' title='bbox 3708 2887 3855 2946; x_wconf 85' lang='lat' dir='ltr'><strong>omni</strong></span> 
     </span>
    </p>
   </div>
   <div class='ocr_carea' id='block_1_57' title="bbox 2259 2969 3856 3057">
    <p class='ocr_par' dir='ltr' id='par_1_57' title="bbox 2259 2969 3856 3057">
     <span class='ocr_line' id='line_1_57' title="bbox 2259 2969 3856 3057; baseline 0.011 -33"><span class='ocrx_word' id='word_1_420' title='bbox 2259 2969 2599 3027; x_wconf 85' lang='lat' dir='ltr'><strong>voluntatum</strong></span> <span class='ocrx_word' id='word_1_421' title='bbox 2659 2975 2922 3031; x_wconf 78' lang='lat' dir='ltr'><strong>exhausta</strong></span> <span class='ocrx_word' id='word_1_422' title='bbox 2982 2977 3241 3046; x_wconf 89' lang='lat' dir='ltr'><strong>mollitie,</strong></span> <span class='ocrx_word' id='word_1_423' title='bbox 3290 2989 3345 3036; x_wconf 92' lang='lat' dir='ltr'><strong>et</strong></span> <span class='ocrx_word' id='word_1_424' title='bbox 3402 2981 3527 3039; x_wconf 90' lang='lat' dir='ltr'><strong>inde</strong></span> <span class='ocrx_word' id='word_1_425' title='bbox 3580 2983 3716 3053; x_wconf 90' lang='lat' dir='ltr'><strong>lota,</strong></span> <span class='ocrx_word' id='word_1_426' title='bbox 3750 3000 3856 3057; x_wconf 89' lang='lat' dir='ltr'><strong>qua</strong></span> 
     </span>
    </p>
   </div>
   <div class='ocr_carea' id='block_1_58' title="bbox 2262 3063 3857 3150">
    <p class='ocr_par' dir='ltr' id='par_1_58' title="bbox 2262 3063 3857 3150">
     <span class='ocr_line' id='line_1_58' title="bbox 2262 3063 3857 3150; baseline 0.013 -31"><span class='ocrx_word' id='word_1_427' title='bbox 2262 3063 2434 3122; x_wconf 90' lang='lat' dir='ltr'><strong>Deum</strong></span> <span class='ocrx_word' id='word_1_428' title='bbox 2460 3067 2740 3126; x_wconf 86' lang='lat' dir='ltr'><strong>videamus</strong></span> <span class='ocrx_word' id='word_1_429' title='bbox 2763 3070 2924 3139; x_wconf 80' lang='lat' dir='ltr'><strong>facie,</strong></span> <span class='ocrx_word' id='word_1_430' title='bbox 2956 3073 3050 3144; x_wconf 90' lang='lat' dir='ltr'><strong>qui</strong></span> <span class='ocrx_word' id='word_1_431' title='bbox 3082 3074 3149 3132; x_wconf 88' lang='lat' dir='ltr'><strong>de</strong></span> <span class='ocrx_word' id='word_1_432' title='bbox 3182 3075 3320 3131; x_wconf 62' lang='lat' dir='ltr'><strong>caelo</strong></span> <span class='ocrx_word' id='word_1_433' title='bbox 3351 3077 3651 3150; x_wconf 88' lang='lat' dir='ltr'><strong>descendit,</strong></span> <span class='ocrx_word' id='word_1_434' title='bbox 3684 3083 3857 3139; x_wconf 88' lang='lat' dir='ltr'><strong>vesci-</strong></span> 
     </span>
    </p>
   </div>
   <div class='ocr_carea' id='block_1_59' title="bbox 560 3158 2157 3258">
    <p class='ocr_par' dir='ltr' id='par_1_59' title="bbox 560 3162 2157 3239">
     <span class='ocr_line' id='line_1_59' title="bbox 560 3162 2157 3239; baseline 0.004 -21"><span class='ocrx_word' id='word_1_435' title='bbox 560 3172 699 3219; x_wconf 84' lang='lat' dir='ltr'><strong>tuos.</strong></span> <span class='ocrx_word' id='word_1_436' title='bbox 715 3162 1040 3235; x_wconf 85' lang='lat' dir='ltr'><strong>Multiplices</strong></span> <span class='ocrx_word' id='word_1_437' title='bbox 1052 3179 1325 3221; x_wconf 73' lang='lat' dir='ltr'><strong>aerumnas</strong></span> <span class='ocrx_word' id='word_1_438' title='bbox 1340 3165 1544 3237; x_wconf 88' lang='lat' dir='ltr'><strong>patitur</strong></span> <span class='ocrx_word' id='word_1_439' title='bbox 1557 3165 1649 3237; x_wconf 89' lang='lat' dir='ltr'><strong>qui</strong></span> <span class='ocrx_word' id='word_1_440' title='bbox 1664 3167 1861 3223; x_wconf 86' lang='lat' dir='ltr'><strong>bonum</strong></span> <span class='ocrx_word' id='word_1_441' title='bbox 1880 3171 2023 3239; x_wconf 88' lang='lat' dir='ltr'><strong>quod</strong></span> <span class='ocrx_word' id='word_1_442' title='bbox 2040 3166 2157 3224; x_wconf 82' lang='lat' dir='ltr'><strong>ﬁeri</strong></span> 
     </span>
    </p>
   </div>
   <div class='ocr_carea' id='block_1_60' title="bbox 2261 3158 3858 3258">
    <p class='ocr_par' dir='ltr' id='par_1_60' title="bbox 2263 3158 3858 3244">
     <span class='ocr_line' id='line_1_60' title="bbox 2263 3158 3858 3244; baseline 0.011 -29"><span class='ocrx_word' id='word_1_443' title='bbox 2263 3175 2389 3215; x_wconf 89' lang='lat' dir='ltr'><strong>mur</strong></span> <span class='ocrx_word' id='word_1_444' title='bbox 2422 3158 2751 3220; x_wconf 87' lang='lat' dir='ltr'><strong>intrinsecus</strong></span> <span class='ocrx_word' id='word_1_445' title='bbox 2773 3180 2933 3236; x_wconf 84' lang='lat' dir='ltr'><strong>pane.</strong></span> <span class='ocrx_word' id='word_1_446' title='bbox 2970 3166 3150 3223; x_wconf 85' lang='lat' dir='ltr'><strong>Donec</strong></span> <span class='ocrx_word' id='word_1_447' title='bbox 3172 3172 3449 3228; x_wconf 80' lang='lat' dir='ltr'><strong>revertaris</strong></span> <span class='ocrx_word' id='word_1_448' title='bbox 3478 3174 3533 3229; x_wconf 85' lang='lat' dir='ltr'><strong>in</strong></span> <span class='ocrx_word' id='word_1_449' title='bbox 3555 3183 3770 3244; x_wconf 87' lang='lat' dir='ltr'><strong>terram,</strong></span> <span class='ocrx_word' id='word_1_450' title='bbox 3793 3177 3858 3233; x_wconf 76' lang='lat' dir='ltr'><strong>de</strong></span> 
     </span>
    </p>
   </div>
   <div class='ocr_carea' id='block_1_61' title="bbox 561 3255 2161 3330">
    <p class='ocr_par' dir='ltr' id='par_1_61' title="bbox 561 3255 2161 3330">
     <span class='ocr_line' id='line_1_61' title="bbox 561 3255 2161 3330; baseline 0.003 -19"><span class='ocrx_word' id='word_1_451' title='bbox 561 3255 763 3312; x_wconf 90' lang='lat' dir='ltr'><strong>debere</strong></span> <span class='ocrx_word' id='word_1_452' title='bbox 784 3255 933 3312; x_wconf 90' lang='lat' dir='ltr'><strong>videt</strong></span> <span class='ocrx_word' id='word_1_453' title='bbox 961 3266 1016 3312; x_wconf 90' lang='lat' dir='ltr'><strong>et</strong></span> <span class='ocrx_word' id='word_1_454' title='bbox 1045 3256 1230 3314; x_wconf 79' lang='lat' dir='ltr'><strong>facere</strong></span> <span class='ocrx_word' id='word_1_455' title='bbox 1258 3255 1431 3322; x_wconf 89' lang='lat' dir='ltr'><strong>volet,</strong></span> <span class='ocrx_word' id='word_1_456' title='bbox 1454 3257 1683 3314; x_wconf 89' lang='lat' dir='ltr'><strong>vanitati</strong></span> <span class='ocrx_word' id='word_1_457' title='bbox 1708 3258 1983 3330; x_wconf 83' lang='lat' dir='ltr'><strong>subjectus</strong></span> <span class='ocrx_word' id='word_1_458' title='bbox 2028 3260 2161 3316; x_wconf 89' lang='lat' dir='ltr'><strong>velit</strong></span> 
     </span>
    </p>
   </div>
   <div class='ocr_carea' id='block_1_62' title="bbox 553 3346 2160 3420">
    <p class='ocr_par' dir='ltr' id='par_1_62' title="bbox 553 3346 2160 3420">
     <span class='ocr_line' id='line_1_62' title="bbox 553 3346 2160 3420; baseline 0.006 -17"><span class='ocrx_word' id='word_1_459' title='bbox 553 3346 710 3414; x_wconf 88' lang='lat' dir='ltr'><strong>nolit,</strong></span> <span class='ocrx_word' id='word_1_460' title='bbox 746 3348 893 3420; x_wconf 89' lang='lat' dir='ltr'><strong>quod</strong></span> <span class='ocrx_word' id='word_1_461' title='bbox 948 3349 1223 3407; x_wconf 87' lang='lat' dir='ltr'><strong>desiderat</strong></span> <span class='ocrx_word' id='word_1_462' title='bbox 1279 3349 1531 3417; x_wconf 72' lang='lat' dir='ltr'><strong>edicere,</strong></span> <span class='ocrx_word' id='word_1_463' title='bbox 1597 3354 1814 3409; x_wconf 87' lang='lat' dir='ltr'><strong>mortali</strong></span> <span class='ocrx_word' id='word_1_464' title='bbox 1871 3355 2160 3412; x_wconf 80' lang='lat' dir='ltr'><strong>abscessus</strong></span> 
     </span>
    </p>
   </div>
   <div class='ocr_carea' id='block_1_63' title="bbox 554 3440 2157 3518">
    <p class='ocr_par' dir='ltr' id='par_1_63' title="bbox 554 3440 2157 3518">
     <span class='ocr_line' id='line_1_63' title="bbox 554 3440 2157 3518; baseline 0.004 -21"><span class='ocrx_word' id='word_1_465' title='bbox 554 3440 870 3497; x_wconf 86' lang='lat' dir='ltr'><strong>conditione</strong></span> <span class='ocrx_word' id='word_1_466' title='bbox 900 3457 1010 3498; x_wconf 90' lang='lat' dir='ltr'><strong>non</strong></span> <span class='ocrx_word' id='word_1_467' title='bbox 1040 3441 1206 3498; x_wconf 90' lang='lat' dir='ltr'><strong>valet.</strong></span> <span class='ocrx_word' id='word_1_468' title='bbox 1254 3441 1411 3500; x_wconf 87' lang='lat' dir='ltr'><strong>Unde</strong></span> <span class='ocrx_word' id='word_1_469' title='bbox 1441 3460 1581 3502; x_wconf 89' lang='lat' dir='ltr'><strong>unus</strong></span> <span class='ocrx_word' id='word_1_470' title='bbox 1612 3463 1625 3500; x_wconf 76' lang='grc' dir='ltr'>ε</span> <span class='ocrx_word' id='word_1_471' title='bbox 1663 3445 1828 3501; x_wconf 80' lang='lat' dir='ltr'><strong>Miser</strong></span> <span class='ocrx_word' id='word_1_472' title='bbox 1849 3464 1941 3518; x_wconf 85' lang='lat' dir='ltr'><strong>ego</strong></span> <span class='ocrx_word' id='word_1_473' title='bbox 1965 3448 2121 3503; x_wconf 86' lang='lat' dir='ltr'><strong>homo</strong></span> <span class='ocrx_word' id='word_1_474' title='bbox 2140 3488 2157 3515; x_wconf 92' lang='lat'><strong>,</strong></span> 
     </span>
    </p>
   </div>
   <div class='ocr_carea' id='block_1_64' title="bbox 554 3534 2156 3613">
    <p class='ocr_par' dir='ltr' id='par_1_64' title="bbox 554 3534 2156 3613">
     <span class='ocr_line' id='line_1_64' title="bbox 554 3534 2156 3613; baseline 0.005 -24"><span class='ocrx_word' id='word_1_475' title='bbox 554 3536 674 3607; x_wconf 82' lang='lat' dir='ltr'><strong>quis</strong></span> <span class='ocrx_word' id='word_1_476' title='bbox 703 3552 787 3592; x_wconf 85' lang='lat' dir='ltr'><strong>me</strong></span> <span class='ocrx_word' id='word_1_477' title='bbox 807 3534 1049 3592; x_wconf 85' lang='lat' dir='ltr'><strong>liberabit</strong></span> <span class='ocrx_word' id='word_1_478' title='bbox 1071 3536 1138 3593; x_wconf 81' lang='lat' dir='ltr'><strong>de</strong></span> <span class='ocrx_word' id='word_1_479' title='bbox 1165 3553 1382 3608; x_wconf 86' lang='lat' dir='ltr'><strong>corpore</strong></span> <span class='ocrx_word' id='word_1_480' title='bbox 1411 3539 1595 3594; x_wconf 88' lang='lat' dir='ltr'><strong>mortis</strong></span> <span class='ocrx_word' id='word_1_481' title='bbox 1621 3540 1825 3611; x_wconf 80' lang='lat' dir='ltr'><strong>hujus?</strong></span> <span class='ocrx_word' id='word_1_482' title='bbox 1848 3539 2024 3613; x_wconf 88' lang='lat' dir='ltr'><strong>(Rom.</strong></span> <span class='ocrx_word' id='word_1_483' title='bbox 2051 3541 2156 3613; x_wconf 60' lang='lat' dir='ltr'><strong>vn},</strong></span> 
     </span>
    </p>
   </div>
   <div class='ocr_carea' id='block_1_65' title="bbox 554 3622 2158 3697">
    <p class='ocr_par' dir='ltr' id='par_1_65' title="bbox 554 3622 2158 3697">
     <span class='ocr_line' id='line_1_65' title="bbox 554 3622 2158 3697; baseline 0.005 -18"><span class='ocrx_word' id='word_1_484' title='bbox 554 3622 673 3692; x_wconf 73' lang='grc'><strong>24.)</strong></span> <span class='ocrx_word' id='word_1_485' title='bbox 706 3623 896 3681; x_wconf 86' lang='lat' dir='ltr'><strong>Melius</strong></span> <span class='ocrx_word' id='word_1_486' title='bbox 941 3625 995 3680; x_wconf 90' lang='lat' dir='ltr'><strong>id</strong></span> <span class='ocrx_word' id='word_1_487' title='bbox 1041 3626 1374 3697; x_wconf 80' lang='lat' dir='ltr'><strong>experiendo</strong></span> <span class='ocrx_word' id='word_1_488' title='bbox 1423 3628 1643 3696; x_wconf 89' lang='lat' dir='ltr'><strong>dicitur,</strong></span> <span class='ocrx_word' id='word_1_489' title='bbox 1686 3644 1849 3696; x_wconf 90' lang='lat' dir='ltr'><strong>quam</strong></span> <span class='ocrx_word' id='word_1_490' title='bbox 1907 3630 2158 3689; x_wconf 84' lang='lat' dir='ltr'><strong>dicendo.</strong></span> 
     </span>
    </p>
   </div>
   <div class='ocr_carea' id='block_1_66' title="bbox 550 3712 2159 3793">
    <p class='ocr_par' dir='ltr' id='par_1_66' title="bbox 550 3712 2159 3793">
     <span class='ocr_line' id='line_1_66' title="bbox 550 3712 2159 3793; baseline 0.003 -21"><span class='ocrx_word' id='word_1_491' title='bbox 550 3712 870 3789; x_wconf 84' lang='lat' dir='ltr'><strong>Conceptus</strong></span> <span class='ocrx_word' id='word_1_492' title='bbox 920 3716 1370 3788; x_wconf 77' lang='lat' dir='ltr'><strong>multiplicantur,</strong></span> <span class='ocrx_word' id='word_1_493' title='bbox 1421 3718 1516 3775; x_wconf 90' lang='lat' dir='ltr'><strong>sed</strong></span> <span class='ocrx_word' id='word_1_494' title='bbox 1570 3719 1621 3774; x_wconf 90' lang='lat' dir='ltr'><strong>iu</strong></span> <span class='ocrx_word' id='word_1_495' title='bbox 1679 3719 1865 3775; x_wconf 89' lang='lat' dir='ltr'><strong>dolore</strong></span> <span class='ocrx_word' id='word_1_496' title='bbox 1918 3720 2012 3775; x_wconf 79' lang='lat' dir='ltr'><strong>lilii</strong></span> <span class='ocrx_word' id='word_1_497' title='bbox 2057 3736 2159 3793; x_wconf 89' lang='lat' dir='ltr'><strong>pa-</strong></span> 
     </span>
    </p>
   </div>
   <div class='ocr_carea' id='block_1_67' title="bbox 556 3806 2162 3884">
    <p class='ocr_par' dir='ltr' id='par_1_67' title="bbox 556 3806 2162 3884">
     <span class='ocr_line' id='line_1_67' title="bbox 556 3806 2162 3884; baseline 0.003 -21"><span class='ocrx_word' id='word_1_498' title='bbox 556 3806 801 3874; x_wconf 88' lang='lat' dir='ltr'><strong>riuntur,</strong></span> <span class='ocrx_word' id='word_1_499' title='bbox 838 3811 1057 3880; x_wconf 90' lang='lat' dir='ltr'><strong>quando</strong></span> <span class='ocrx_word' id='word_1_500' title='bbox 1087 3809 1203 3881; x_wconf 90' lang='lat' dir='ltr'><strong>ipsa</strong></span> <span class='ocrx_word' id='word_1_501' title='bbox 1234 3808 1448 3866; x_wconf 90' lang='lat' dir='ltr'><strong>tantilla</strong></span> <span class='ocrx_word' id='word_1_502' title='bbox 1470 3808 1612 3865; x_wconf 88' lang='lat' dir='ltr'><strong>bona</strong></span> <span class='ocrx_word' id='word_1_503' title='bbox 1640 3810 1759 3866; x_wconf 89' lang='lat' dir='ltr'><strong>sine</strong></span> <span class='ocrx_word' id='word_1_504' title='bbox 1789 3826 1985 3883; x_wconf 84' lang='lat' dir='ltr'><strong>magna</strong></span> <span class='ocrx_word' id='word_1_505' title='bbox 2013 3812 2162 3884; x_wconf 89' lang='lat' dir='ltr'><strong>cogi-</strong></span> 
     </span>
    </p>
   </div>
   <div class='ocr_carea' id='block_1_68' title="bbox 555 3906 2161 3978">
    <p class='ocr_par' dir='ltr' id='par_1_68' title="bbox 555 3906 2161 3978">
     <span class='ocr_line' id='line_1_68' title="bbox 555 3906 2161 3978; baseline 0.001 -16"><span class='ocrx_word' id='word_1_506' title='bbox 555 3906 829 3963; x_wconf 88' lang='lat' dir='ltr'><strong>tationum</strong></span> <span class='ocrx_word' id='word_1_507' title='bbox 853 3906 1257 3964; x_wconf 86' lang='lat' dir='ltr'><strong>concertatione</strong></span> <span class='ocrx_word' id='word_1_508' title='bbox 1288 3922 1396 3962; x_wconf 89' lang='lat' dir='ltr'><strong>non</strong></span> <span class='ocrx_word' id='word_1_509' title='bbox 1419 3907 1793 3978; x_wconf 89' lang='lat' dir='ltr'><strong>proponimus,</strong></span> <span class='ocrx_word' id='word_1_510' title='bbox 1816 3916 1873 3962; x_wconf 89' lang='lat' dir='ltr'><strong>et</strong></span> <span class='ocrx_word' id='word_1_511' title='bbox 1901 3906 2161 3964; x_wconf 89' lang='lat' dir='ltr'><strong>destituta</strong></span> 
     </span>
    </p>
   </div>
   <div class='ocr_carea' id='block_1_69' title="bbox 544 3986 2160 4068">
    <p class='ocr_par' dir='ltr' id='par_1_69' title="bbox 544 3986 2160 4068">
     <span class='ocr_line' id='line_1_69' title="bbox 544 3986 2160 4068; baseline 0.002 -14"><span class='ocrx_word' id='word_1_512' title='bbox 544 3986 744 4055; x_wconf 71' lang='lat' dir='ltr'><strong>carnis</strong></span> <span class='ocrx_word' id='word_1_513' title='bbox 790 3997 1110 4068; x_wconf 87' lang='lat' dir='ltr'><strong>impulsibus</strong></span> <span class='ocrx_word' id='word_1_514' title='bbox 1154 4014 1280 4054; x_wconf 90' lang='lat' dir='ltr'><strong>cum</strong></span> <span class='ocrx_word' id='word_1_515' title='bbox 1317 3997 1506 4055; x_wconf 87' lang='lat' dir='ltr'><strong>labore</strong></span> <span class='ocrx_word' id='word_1_516' title='bbox 1536 3999 1882 4068; x_wconf 89' lang='lat' dir='ltr'><strong>reponimus,</strong></span> <span class='ocrx_word' id='word_1_517' title='bbox 1923 3999 2019 4056; x_wconf 91' lang='lat' dir='ltr'><strong>sed</strong></span> <span class='ocrx_word' id='word_1_518' title='bbox 2055 4001 2160 4057; x_wconf 88' lang='lat' dir='ltr'><strong>etsi</strong></span> 
     </span>
    </p>
   </div>
   <div class='ocr_carea' id='block_1_70' title="bbox 559 4089 2162 4169">
    <p class='ocr_par' dir='ltr' id='par_1_70' title="bbox 559 4089 2162 4169">
     <span class='ocr_line' id='line_1_70' title="bbox 559 4089 2162 4169; baseline 0.004 -22"><span class='ocrx_word' id='word_1_519' title='bbox 559 4106 687 4148; x_wconf 90' lang='lat' dir='ltr'><strong>cum</strong></span> <span class='ocrx_word' id='word_1_520' title='bbox 714 4089 892 4162; x_wconf 87' lang='lat' dir='ltr'><strong>aliqua</strong></span> <span class='ocrx_word' id='word_1_521' title='bbox 918 4091 1371 4148; x_wconf 87' lang='lat' dir='ltr'><strong>delectatiuncula</strong></span> <span class='ocrx_word' id='word_1_522' title='bbox 1397 4092 1668 4163; x_wconf 88' lang='lat' dir='ltr'><strong>spirituali</strong></span> <span class='ocrx_word' id='word_1_523' title='bbox 1700 4093 2007 4164; x_wconf 88' lang='lat' dir='ltr'><strong>incipimus,</strong></span> <span class='ocrx_word' id='word_1_524' title='bbox 2039 4098 2162 4169; x_wconf 90' lang='lat' dir='ltr'><strong>quis</strong></span> 
     </span>
    </p>
   </div>
   <div class='ocr_carea' id='block_1_71' title="bbox 556 4183 2160 4255">
    <p class='ocr_par' dir='ltr' id='par_1_71' title="bbox 556 4183 2160 4255">
     <span class='ocr_line' id='line_1_71' title="bbox 556 4183 2160 4255; baseline 0.003 -16"><span class='ocrx_word' id='word_1_525' title='bbox 556 4184 767 4252; x_wconf 88' lang='lat' dir='ltr'><strong>edicat,</strong></span> <span class='ocrx_word' id='word_1_526' title='bbox 807 4199 913 4255; x_wconf 91' lang='lat' dir='ltr'><strong>quo</strong></span> <span class='ocrx_word' id='word_1_527' title='bbox 942 4183 1130 4240; x_wconf 88' lang='lat' dir='ltr'><strong>dolore</strong></span> <span class='ocrx_word' id='word_1_528' title='bbox 1155 4193 1209 4240; x_wconf 92' lang='lat' dir='ltr'><strong>et</strong></span> <span class='ocrx_word' id='word_1_529' title='bbox 1230 4183 1473 4239; x_wconf 89' lang='lat' dir='ltr'><strong>clamore</strong></span> <span class='ocrx_word' id='word_1_530' title='bbox 1503 4183 1780 4254; x_wconf 86' lang='lat' dir='ltr'><strong>parimus?</strong></span> <span class='ocrx_word' id='word_1_531' title='bbox 1817 4183 1924 4242; x_wconf 88' lang='lat' dir='ltr'><strong>Sed</strong></span> <span class='ocrx_word' id='word_1_532' title='bbox 1967 4188 2082 4243; x_wconf 67' lang='lat' dir='ltr'><strong>haec</strong></span> <span class='ocrx_word' id='word_1_533' title='bbox 2114 4188 2160 4244; x_wconf 91' lang='lat' dir='ltr'><strong>si</strong></span> 
     </span>
    </p>
   </div>
   <div class='ocr_carea' id='block_1_72' title="bbox 554 4264 2173 4349">
    <p class='ocr_par' dir='ltr' id='par_1_72' title="bbox 554 4264 2173 4349">
     <span class='ocr_line' id='line_1_72' title="bbox 554 4264 2173 4349; baseline 0.001 -17"><span class='ocrx_word' id='word_1_534' title='bbox 554 4277 736 4349; x_wconf 85' lang='lat' dir='ltr'><strong>partui</strong></span> <span class='ocrx_word' id='word_1_535' title='bbox 764 4276 1109 4348; x_wconf 90' lang='lat' dir='ltr'><strong>primumque</strong></span> <span class='ocrx_word' id='word_1_536' title='bbox 1145 4274 1431 4346; x_wconf 87' lang='lat' dir='ltr'><strong>conceptui</strong></span> <span class='ocrx_word' id='word_1_537' title='bbox 1459 4271 1706 4330; x_wconf 73' lang='lat' dir='ltr'><strong>sullicere</strong></span> <span class='ocrx_word' id='word_1_538' title='bbox 1734 4277 1919 4346; x_wconf 89' lang='lat' dir='ltr'><strong>cupit,</strong></span> <span class='ocrx_word' id='word_1_539' title='bbox 1942 4278 2037 4333; x_wconf 88' lang='lat' dir='ltr'><strong>sub</strong></span> <span class='ocrx_word' id='word_1_540' title='bbox 2061 4264 2173 4334; x_wconf 28' lang='lat' dir='ltr'><strong>viri-</strong></span> 
     </span>
    </p>
   </div>
   <div class='ocr_carea' id='block_1_73' title="bbox 560 4366 2158 4443">
    <p class='ocr_par' dir='ltr' id='par_1_73' title="bbox 560 4366 2158 4443">
     <span class='ocr_line' id='line_1_73' title="bbox 560 4366 2158 4443; baseline 0.004 -21"><span class='ocrx_word' id='word_1_541' title='bbox 560 4377 841 4440; x_wconf 83' lang='lat' dir='ltr'><strong>potestate,</strong></span> <span class='ocrx_word' id='word_1_542' title='bbox 870 4368 925 4423; x_wconf 89' lang='lat' dir='ltr'><strong>id</strong></span> <span class='ocrx_word' id='word_1_543' title='bbox 954 4376 1041 4425; x_wconf 88' lang='lat' dir='ltr'><strong>est</strong></span> <span class='ocrx_word' id='word_1_544' title='bbox 1064 4367 1318 4432; x_wconf 90' lang='lat' dir='ltr'><strong>rationis,</strong></span> <span class='ocrx_word' id='word_1_545' title='bbox 1348 4373 1536 4437; x_wconf 90' lang='lat' dir='ltr'><strong>utpote</strong></span> <span class='ocrx_word' id='word_1_546' title='bbox 1564 4366 1864 4438; x_wconf 68' lang='lat' dir='ltr'><strong>disciplinae</strong></span> <span class='ocrx_word' id='word_1_547' title='bbox 1889 4368 2158 4443; x_wconf 84' lang='lat' dir='ltr'><strong>indigens.</strong></span> 
     </span>
    </p>
   </div>
   <div class='ocr_carea' id='block_1_74' title="bbox 557 4458 2159 4534">
    <p class='ocr_par' dir='ltr' id='par_1_74' title="bbox 557 4458 2159 4534">
     <span class='ocr_line' id='line_1_74' title="bbox 557 4458 2159 4534; baseline 0.001 -15"><span class='ocrx_word' id='word_1_548' title='bbox 557 4476 788 4519; x_wconf 87' lang='lat' dir='ltr'><strong>necesse</strong></span> <span class='ocrx_word' id='word_1_549' title='bbox 817 4472 933 4529; x_wconf 90' lang='lat' dir='ltr'><strong>est,</strong></span> <span class='ocrx_word' id='word_1_550' title='bbox 964 4470 1027 4517; x_wconf 92' lang='lat' dir='ltr'><strong>ut</strong></span> <span class='ocrx_word' id='word_1_551' title='bbox 1049 4461 1152 4527; x_wconf 87' lang='lat' dir='ltr'><strong>sit,</strong></span> <span class='ocrx_word' id='word_1_552' title='bbox 1180 4459 1336 4530; x_wconf 88' lang='lat' dir='ltr'><strong>cujus</strong></span> <span class='ocrx_word' id='word_1_553' title='bbox 1365 4460 1565 4516; x_wconf 89' lang='lat' dir='ltr'><strong>damno</strong></span> <span class='ocrx_word' id='word_1_554' title='bbox 1604 4458 1863 4530; x_wconf 89' lang='lat' dir='ltr'><strong>juvenilis</strong></span> <span class='ocrx_word' id='word_1_555' title='bbox 1911 4464 2159 4534; x_wconf 67' lang='lat' dir='ltr'><strong>quaedam</strong></span> 
     </span>
    </p>
   </div>
   <div class='ocr_carea' id='block_1_75' title="bbox 2262 3256 3859 3336">
    <p class='ocr_par' dir='ltr' id='par_1_75' title="bbox 2262 3256 3859 3336">
     <span class='ocr_line' id='line_1_75' title="bbox 2262 3256 3859 3336; baseline 0.014 -31"><span class='ocrx_word' id='word_1_556' title='bbox 2262 3267 2368 3323; x_wconf 85' lang='lat' dir='ltr'><strong>qua</strong></span> <span class='ocrx_word' id='word_1_557' title='bbox 2389 3264 2629 3324; x_wconf 81' lang='lat' dir='ltr'><strong>sumptus</strong></span> <span class='ocrx_word' id='word_1_558' title='bbox 2655 3270 2730 3311; x_wconf 86' lang='lat' dir='ltr'><strong>es.</strong></span> <span class='ocrx_word' id='word_1_559' title='bbox 2760 3256 2892 3312; x_wconf 90' lang='lat' dir='ltr'><strong>Pani</strong></span> <span class='ocrx_word' id='word_1_560' title='bbox 2924 3258 2999 3314; x_wconf 92' lang='lat' dir='ltr'><strong>illi</strong></span> <span class='ocrx_word' id='word_1_561' title='bbox 3037 3263 3308 3319; x_wconf 81' lang='lat' dir='ltr'><strong>vescendo</strong></span> <span class='ocrx_word' id='word_1_562' title='bbox 3348 3264 3695 3336; x_wconf 88' lang='lat' dir='ltr'><strong>intendimus,</strong></span> <span class='ocrx_word' id='word_1_563' title='bbox 3724 3270 3859 3327; x_wconf 88' lang='lat' dir='ltr'><strong>dum</strong></span> 
     </span>
    </p>
   </div>
   <div class='ocr_carea' id='block_1_76' title="bbox 2262 3341 3855 3430">
    <p class='ocr_par' dir='ltr' id='par_1_76' title="bbox 2262 3341 3855 3430">
     <span class='ocr_line' id='line_1_76' title="bbox 2262 3341 3855 3430; baseline 0.013 -33"><span class='ocrx_word' id='word_1_564' title='bbox 2262 3341 2320 3397; x_wconf 91' lang='lat' dir='ltr'><strong>in</strong></span> <span class='ocrx_word' id='word_1_565' title='bbox 2350 3351 2577 3411; x_wconf 86' lang='lat' dir='ltr'><strong>terram,</strong></span> <span class='ocrx_word' id='word_1_566' title='bbox 2622 3347 2977 3405; x_wconf 89' lang='lat' dir='ltr'><strong>stabilitatem</strong></span> <span class='ocrx_word' id='word_1_567' title='bbox 3023 3350 3233 3410; x_wconf 87' lang='lat' dir='ltr'><strong>scilicet</strong></span> <span class='ocrx_word' id='word_1_568' title='bbox 3260 3370 3325 3412; x_wconf 90' lang='lat' dir='ltr'><strong>ac</strong></span> <span class='ocrx_word' id='word_1_569' title='bbox 3365 3357 3855 3430; x_wconf 87' lang='lat' dir='ltr'><strong>impassibilitatem</strong></span> 
     </span>
    </p>
   </div>
   <div class='ocr_carea' id='block_1_77' title="bbox 2262 3437 3889 3522">
    <p class='ocr_par' dir='ltr' id='par_1_77' title="bbox 2262 3437 3889 3522">
     <span class='ocr_line' id='line_1_77' title="bbox 2262 3437 3889 3522; baseline 0.012 -29"><span class='ocrx_word' id='word_1_570' title='bbox 2262 3437 2410 3496; x_wconf 87' lang='lat' dir='ltr'><strong>illam</strong></span> <span class='ocrx_word' id='word_1_571' title='bbox 2443 3442 2912 3513; x_wconf 73' lang='lat' dir='ltr'><strong>superemlestem,</strong></span> <span class='ocrx_word' id='word_1_572' title='bbox 2942 3446 3252 3517; x_wconf 89' lang='lat' dir='ltr'><strong>redeamus,</strong></span> <span class='ocrx_word' id='word_1_573' title='bbox 3280 3450 3347 3506; x_wconf 86' lang='lat' dir='ltr'><strong>de</strong></span> <span class='ocrx_word' id='word_1_574' title='bbox 3367 3467 3470 3522; x_wconf 87' lang='lat' dir='ltr'><strong>qua</strong></span> <span class='ocrx_word' id='word_1_575' title='bbox 3504 3452 3626 3509; x_wconf 92' lang='lat' dir='ltr'><strong>dolo</strong></span> <span class='ocrx_word' id='word_1_576' title='bbox 3656 3452 3859 3511; x_wconf 86' lang='lat' dir='ltr'><strong>diaboli</strong></span> <span class='ocrx_word' id='word_1_577' title='bbox 3885 3469 3889 3473; x_wconf 77' lang='lat'><strong>&#39;</strong></span> 
     </span>
    </p>
   </div>
   <div class='ocr_carea' id='block_1_78' title="bbox 2265 3528 3859 3615">
    <p class='ocr_par' dir='ltr' id='par_1_78' title="bbox 2265 3528 3859 3615">
     <span class='ocr_line' id='line_1_78' title="bbox 2265 3528 3859 3615; baseline 0.011 -31"><span class='ocrx_word' id='word_1_578' title='bbox 2265 3529 2332 3584; x_wconf 87' lang='lat' dir='ltr'><strong>ad</strong></span> <span class='ocrx_word' id='word_1_579' title='bbox 2369 3528 2595 3588; x_wconf 86' lang='lat' dir='ltr'><strong>luendas</strong></span> <span class='ocrx_word' id='word_1_580' title='bbox 2634 3534 2881 3591; x_wconf 87' lang='lat' dir='ltr'><strong>miserias</strong></span> <span class='ocrx_word' id='word_1_581' title='bbox 2909 3539 3107 3609; x_wconf 91' lang='lat' dir='ltr'><strong>sumpti</strong></span> <span class='ocrx_word' id='word_1_582' title='bbox 3145 3555 3352 3598; x_wconf 89' lang='lat' dir='ltr'><strong>sumus.</strong></span> <span class='ocrx_word' id='word_1_583' title='bbox 3388 3540 3577 3599; x_wconf 83' lang='lat' dir='ltr'><strong>Potest</strong></span> <span class='ocrx_word' id='word_1_584' title='bbox 3609 3545 3770 3615; x_wconf 89' lang='lat' dir='ltr'><strong>panis</strong></span> <span class='ocrx_word' id='word_1_585' title='bbox 3803 3554 3859 3602; x_wconf 90' lang='lat' dir='ltr'><strong>et</strong></span> 
     </span>
    </p>
   </div>
   <div class='ocr_carea' id='block_1_79' title="bbox 2264 3620 3855 3708">
    <p class='ocr_par' dir='ltr' id='par_1_79' title="bbox 2264 3620 3855 3708">
     <span class='ocr_line' id='line_1_79' title="bbox 2264 3620 3855 3708; baseline 0.014 -34"><span class='ocrx_word' id='word_1_586' title='bbox 2264 3620 2373 3679; x_wconf 87' lang='lat' dir='ltr'><strong>alio</strong></span> <span class='ocrx_word' id='word_1_587' title='bbox 2411 3625 2584 3696; x_wconf 90' lang='lat' dir='ltr'><strong>accipi</strong></span> <span class='ocrx_word' id='word_1_588' title='bbox 2615 3642 2712 3698; x_wconf 87' lang='lat' dir='ltr'><strong>pro</strong></span> <span class='ocrx_word' id='word_1_589' title='bbox 2741 3627 3100 3698; x_wconf 86' lang='lat' dir='ltr'><strong>perfectionis</strong></span> <span class='ocrx_word' id='word_1_590' title='bbox 3134 3635 3316 3691; x_wconf 90' lang='lat' dir='ltr'><strong>modo.</strong></span> <span class='ocrx_word' id='word_1_591' title='bbox 3359 3632 3542 3691; x_wconf 87' lang='lat' dir='ltr'><strong>Pulvis</strong></span> <span class='ocrx_word' id='word_1_592' title='bbox 3582 3623 3855 3708; x_wconf 86' lang='lat' dir='ltr'><strong>triticeus,</strong></span> 
     </span>
    </p>
   </div>
   <div class='ocr_carea' id='block_1_80' title="bbox 2264 3716 3859 3799">
    <p class='ocr_par' dir='ltr' id='par_1_80' title="bbox 2264 3716 3859 3799">
     <span class='ocr_line' id='line_1_80' title="bbox 2264 3716 3859 3799; baseline 0.01 -29"><span class='ocrx_word' id='word_1_593' title='bbox 2264 3716 2355 3787; x_wconf 91' lang='lat' dir='ltr'><strong>qui</strong></span> <span class='ocrx_word' id='word_1_594' title='bbox 2386 3716 2563 3774; x_wconf 80' lang='lat' dir='ltr'><strong>farina</strong></span> <span class='ocrx_word' id='word_1_595' title='bbox 2594 3719 2814 3787; x_wconf 89' lang='lat' dir='ltr'><strong>dicitur,</strong></span> <span class='ocrx_word' id='word_1_596' title='bbox 2839 3737 2981 3794; x_wconf 90' lang='lat' dir='ltr'><strong>aqua</strong></span> <span class='ocrx_word' id='word_1_597' title='bbox 3004 3727 3401 3799; x_wconf 86' lang='lat' dir='ltr'><strong>conspergitur,</strong></span> <span class='ocrx_word' id='word_1_598' title='bbox 3439 3725 3611 3784; x_wconf 87' lang='lat' dir='ltr'><strong>multo</strong></span> <span class='ocrx_word' id='word_1_599' title='bbox 3634 3740 3859 3786; x_wconf 78' lang='lat' dir='ltr'><strong>versata</strong></span> 
     </span>
    </p>
   </div>
   <div class='ocr_carea' id='block_1_81' title="bbox 2266 3808 3857 3894">
    <p class='ocr_par' dir='ltr' id='par_1_81' title="bbox 2266 3808 3857 3894">
     <span class='ocr_line' id='line_1_81' title="bbox 2266 3808 3857 3894; baseline 0.011 -33"><span class='ocrx_word' id='word_1_600' title='bbox 2266 3808 2334 3863; x_wconf 91' lang='lat' dir='ltr'><strong>ad</strong></span> <span class='ocrx_word' id='word_1_601' title='bbox 2375 3808 2632 3864; x_wconf 84' lang='lat' dir='ltr'><strong>duritiam</strong></span> <span class='ocrx_word' id='word_1_602' title='bbox 2669 3826 2851 3869; x_wconf 89' lang='lat' dir='ltr'><strong>massa</strong></span> <span class='ocrx_word' id='word_1_603' title='bbox 2896 3816 3206 3885; x_wconf 88' lang='lat' dir='ltr'><strong>deducitur,</strong></span> <span class='ocrx_word' id='word_1_604' title='bbox 3250 3818 3470 3875; x_wconf 90' lang='lat' dir='ltr'><strong>admoto</strong></span> <span class='ocrx_word' id='word_1_605' title='bbox 3498 3817 3699 3877; x_wconf 85' lang='lat' dir='ltr'><strong>dehinc</strong></span> <span class='ocrx_word' id='word_1_606' title='bbox 3742 3820 3857 3894; x_wconf 89' lang='lat' dir='ltr'><strong>igni</strong></span> 
     </span>
    </p>
   </div>
   <div class='ocr_carea' id='block_1_82' title="bbox 2265 3899 3858 3985">
    <p class='ocr_par' dir='ltr' id='par_1_82' title="bbox 2265 3899 3858 3985">
     <span class='ocr_line' id='line_1_82' title="bbox 2265 3899 3858 3985; baseline 0.009 -30"><span class='ocrx_word' id='word_1_607' title='bbox 2265 3899 2441 3966; x_wconf 81' lang='lat' dir='ltr'><strong>sudus</strong></span> <span class='ocrx_word' id='word_1_608' title='bbox 2463 3901 2531 3958; x_wconf 90' lang='lat' dir='ltr'><strong>ad</strong></span> <span class='ocrx_word' id='word_1_609' title='bbox 2558 3901 2829 3974; x_wconf 81' lang='lat' dir='ltr'><strong>integrum</strong></span> <span class='ocrx_word' id='word_1_610' title='bbox 2859 3908 3016 3978; x_wconf 87' lang='lat' dir='ltr'><strong>panis</strong></span> <span class='ocrx_word' id='word_1_611' title='bbox 3042 3907 3273 3965; x_wconf 70' lang='lat' dir='ltr'><strong>edicitur</strong></span> <span class='ocrx_word' id='word_1_612' title='bbox 3309 3928 3323 3965; x_wconf 87' lang='lat'><strong>:</strong></span> <span class='ocrx_word' id='word_1_613' title='bbox 3354 3911 3429 3967; x_wconf 89' lang='lat' dir='ltr'><strong>ita</strong></span> <span class='ocrx_word' id='word_1_614' title='bbox 3452 3927 3554 3969; x_wconf 89' lang='lat' dir='ltr'><strong>nos</strong></span> <span class='ocrx_word' id='word_1_615' title='bbox 3579 3913 3858 3985; x_wconf 89' lang='lat' dir='ltr'><strong>quondam</strong></span> 
     </span>
    </p>
   </div>
   <div class='ocr_carea' id='block_1_83' title="bbox 2267 3990 3862 4075">
    <p class='ocr_par' dir='ltr' id='par_1_83' title="bbox 2267 3990 3862 4075">
     <span class='ocr_line' id='line_1_83' title="bbox 2267 3990 3862 4075; baseline 0.011 -30"><span class='ocrx_word' id='word_1_616' title='bbox 2267 3990 2333 4046; x_wconf 87' lang='lat' dir='ltr'><strong>ad</strong></span> <span class='ocrx_word' id='word_1_617' title='bbox 2359 4005 2576 4048; x_wconf 82' lang='lat' dir='ltr'><strong>omnem</strong></span> <span class='ocrx_word' id='word_1_618' title='bbox 2607 3994 2868 4053; x_wconf 76' lang='lat' dir='ltr'><strong>daemonis</strong></span> <span class='ocrx_word' id='word_1_619' title='bbox 2896 3996 3081 4054; x_wconf 82' lang='lat' dir='ltr'><strong>ﬂatum</strong></span> <span class='ocrx_word' id='word_1_620' title='bbox 3112 4001 3392 4059; x_wconf 88' lang='lat' dir='ltr'><strong>cessibiles</strong></span> <span class='ocrx_word' id='word_1_621' title='bbox 3419 4011 3478 4059; x_wconf 90' lang='lat' dir='ltr'><strong>ut</strong></span> <span class='ocrx_word' id='word_1_622' title='bbox 3519 4004 3695 4075; x_wconf 88' lang='lat' dir='ltr'><strong>pulvis</strong></span> <span class='ocrx_word' id='word_1_623' title='bbox 3735 4020 3862 4061; x_wconf 85' lang='lat' dir='ltr'><strong>era-</strong></span> 
     </span>
    </p>
   </div>
   <div class='ocr_carea' id='block_1_84' title="bbox 2265 4084 3861 4169">
    <p class='ocr_par' dir='ltr' id='par_1_84' title="bbox 2265 4084 3861 4169">
     <span class='ocr_line' id='line_1_84' title="bbox 2265 4084 3861 4169; baseline 0.011 -32"><span class='ocrx_word' id='word_1_624' title='bbox 2265 4084 2615 4151; x_wconf 86' lang='lat' dir='ltr'><strong>mus,divini</strong></span> <span class='ocrx_word' id='word_1_625' title='bbox 2663 4086 2901 4159; x_wconf 85' lang='lat' dir='ltr'><strong>Spiritus</strong></span> <span class='ocrx_word' id='word_1_626' title='bbox 2945 4090 3089 4148; x_wconf 83' lang='lat' dir='ltr'><strong>unda</strong></span> <span class='ocrx_word' id='word_1_627' title='bbox 3132 4092 3294 4149; x_wconf 82' lang='lat' dir='ltr'><strong>inlusi</strong></span> <span class='ocrx_word' id='word_1_628' title='bbox 3332 4108 3552 4163; x_wconf 89' lang='lat' dir='ltr'><strong>sumus,</strong></span> <span class='ocrx_word' id='word_1_629' title='bbox 3600 4097 3695 4154; x_wconf 88' lang='lat' dir='ltr'><strong>sed</strong></span> <span class='ocrx_word' id='word_1_630' title='bbox 3731 4098 3861 4169; x_wconf 77' lang='lat' dir='ltr'><strong>quia</strong></span> 
     </span>
    </p>
   </div>
   <div class='ocr_carea' id='block_1_85' title="bbox 2262 4174 3862 4253">
    <p class='ocr_par' dir='ltr' id='par_1_85' title="bbox 2262 4174 3862 4253">
     <span class='ocr_line' id='line_1_85' title="bbox 2262 4174 3862 4253; baseline 0.011 -25"><span class='ocrx_word' id='word_1_631' title='bbox 2262 4174 2563 4245; x_wconf 86' lang='lat' dir='ltr'><strong>primordia</strong></span> <span class='ocrx_word' id='word_1_632' title='bbox 2590 4187 2777 4234; x_wconf 89' lang='lat' dir='ltr'><strong>nostra</strong></span> <span class='ocrx_word' id='word_1_633' title='bbox 2812 4185 2995 4236; x_wconf 87' lang='lat' dir='ltr'><strong>tenera</strong></span> <span class='ocrx_word' id='word_1_634' title='bbox 3033 4195 3097 4237; x_wconf 88' lang='lat' dir='ltr'><strong>ac</strong></span> <span class='ocrx_word' id='word_1_635' title='bbox 3130 4181 3294 4239; x_wconf 78' lang='lat' dir='ltr'><strong>ﬂuida</strong></span> <span class='ocrx_word' id='word_1_636' title='bbox 3321 4194 3476 4253; x_wconf 91' lang='lat' dir='ltr'><strong>sunt,</strong></span> <span class='ocrx_word' id='word_1_637' title='bbox 3510 4188 3716 4244; x_wconf 90' lang='lat' dir='ltr'><strong>crebris</strong></span> <span class='ocrx_word' id='word_1_638' title='bbox 3742 4198 3862 4246; x_wconf 87' lang='lat' dir='ltr'><strong>ten-</strong></span> 
     </span>
    </p>
   </div>
   <div class='ocr_carea' id='block_1_86' title="bbox 2266 4265 3861 4343">
    <p class='ocr_par' dir='ltr' id='par_1_86' title="bbox 2266 4265 3861 4343">
     <span class='ocr_line' id='line_1_86' title="bbox 2266 4265 3861 4343; baseline 0.011 -24"><span class='ocrx_word' id='word_1_639' title='bbox 2266 4265 2532 4322; x_wconf 90' lang='lat' dir='ltr'><strong>tationum</strong></span> <span class='ocrx_word' id='word_1_640' title='bbox 2558 4268 2989 4327; x_wconf 85' lang='lat' dir='ltr'><strong>revolutionibus</strong></span> <span class='ocrx_word' id='word_1_641' title='bbox 3014 4273 3375 4343; x_wconf 87' lang='lat' dir='ltr'><strong>induruimus,</strong></span> <span class='ocrx_word' id='word_1_642' title='bbox 3400 4277 3617 4333; x_wconf 88' lang='lat' dir='ltr'><strong>demum</strong></span> <span class='ocrx_word' id='word_1_643' title='bbox 3646 4279 3861 4339; x_wconf 83' lang='lat' dir='ltr'><strong>trituris</strong></span> 
     </span>
    </p>
   </div>
   <div class='ocr_carea' id='block_1_87' title="bbox 2263 4362 3849 4444">
    <p class='ocr_par' dir='ltr' id='par_1_87' title="bbox 2263 4362 3849 4444">
     <span class='ocr_line' id='line_1_87' title="bbox 2263 4362 3849 4444; baseline 0.01 -30"><span class='ocrx_word' id='word_1_644' title='bbox 2263 4362 2578 4432; x_wconf 89' lang='lat' dir='ltr'><strong>passionum</strong></span> <span class='ocrx_word' id='word_1_645' title='bbox 2609 4366 2677 4419; x_wconf 88' lang='lat' dir='ltr'><strong>ad</strong></span> <span class='ocrx_word' id='word_1_646' title='bbox 2699 4380 2893 4436; x_wconf 90' lang='lat' dir='ltr'><strong>purum</strong></span> <span class='ocrx_word' id='word_1_647' title='bbox 2915 4367 3081 4423; x_wconf 83' lang='lat' dir='ltr'><strong>corda</strong></span> <span class='ocrx_word' id='word_1_648' title='bbox 3110 4371 3539 4440; x_wconf 79' lang='lat' dir='ltr'><strong>exeoquentibus</strong></span> <span class='ocrx_word' id='word_1_649' title='bbox 3570 4372 3720 4444; x_wconf 86' lang='lat' dir='ltr'><strong>digni</strong></span> <span class='ocrx_word' id='word_1_650' title='bbox 3745 4388 3849 4430; x_wconf 86' lang='lat' dir='ltr'><strong>esu</strong></span> 
     </span>
    </p>
   </div>
   <div class='ocr_carea' id='block_1_88' title="bbox 2266 4454 3859 4531">
    <p class='ocr_par' dir='ltr' id='par_1_88' title="bbox 2266 4454 3859 4531">
     <span class='ocr_line' id='line_1_88' title="bbox 2266 4454 3859 4531; baseline 0.008 -22"><span class='ocrx_word' id='word_1_651' title='bbox 2266 4454 2527 4524; x_wconf 87' lang='lat' dir='ltr'><strong>ﬁdelium,</strong></span> <span class='ocrx_word' id='word_1_652' title='bbox 2564 4456 2619 4512; x_wconf 89' lang='lat' dir='ltr'><strong>id</strong></span> <span class='ocrx_word' id='word_1_653' title='bbox 2643 4465 2729 4514; x_wconf 87' lang='lat' dir='ltr'><strong>est</strong></span> <span class='ocrx_word' id='word_1_654' title='bbox 2748 4459 2995 4531; x_wconf 81' lang='lat' dir='ltr'><strong>exemplo</strong></span> <span class='ocrx_word' id='word_1_655' title='bbox 3019 4462 3233 4516; x_wconf 84' lang='lat' dir='ltr'><strong>tandem</strong></span> <span class='ocrx_word' id='word_1_656' title='bbox 3273 4460 3556 4520; x_wconf 76' lang='lat' dir='ltr'><strong>eﬂieimur.</strong></span> <span class='ocrx_word' id='word_1_657' title='bbox 3589 4466 3725 4522; x_wconf 85' lang='lat' dir='ltr'><strong>Cum</strong></span> <span class='ocrx_word' id='word_1_658' title='bbox 3764 4482 3859 4522; x_wconf 75' lang='lat' dir='ltr'><strong>su-</strong></span> 
     </span>
    </p>
   </div>
   <div class='ocr_carea' id='block_1_89' title="bbox 556 4548 2157 4628">
    <p class='ocr_par' dir='ltr' id='par_1_89' title="bbox 556 4551 2157 4623">
     <span class='ocr_line' id='line_1_89' title="bbox 556 4551 2157 4623; baseline 0.002 -14"><span class='ocrx_word' id='word_1_659' title='bbox 556 4554 783 4610; x_wconf 88' lang='lat' dir='ltr'><strong>lascivia</strong></span> <span class='ocrx_word' id='word_1_660' title='bbox 817 4553 1157 4612; x_wconf 90' lang='lat' dir='ltr'><strong>voluntatum</strong></span> <span class='ocrx_word' id='word_1_661' title='bbox 1180 4551 1427 4608; x_wconf 82' lang='lat' dir='ltr'><strong>cohiberi</strong></span> <span class='ocrx_word' id='word_1_662' title='bbox 1452 4552 1662 4623; x_wconf 89' lang='lat' dir='ltr'><strong>possit:</strong></span> <span class='ocrx_word' id='word_1_663' title='bbox 1695 4569 1882 4609; x_wconf 87' lang='lat' dir='ltr'><strong>verum</strong></span> <span class='ocrx_word' id='word_1_664' title='bbox 1916 4571 1987 4612; x_wconf 90' lang='lat' dir='ltr'><strong>ne</strong></span> <span class='ocrx_word' id='word_1_665' title='bbox 2009 4572 2157 4613; x_wconf 85' lang='lat' dir='ltr'><strong>men-</strong></span> 
     </span>
    </p>
   </div>
   <div class='ocr_carea' id='block_1_90' title="bbox 2261 4548 3861 4628">
    <p class='ocr_par' dir='ltr' id='par_1_90' title="bbox 2265 4548 3861 4628">
     <span class='ocr_line' id='line_1_90' title="bbox 2265 4548 3861 4628; baseline 0.007 -23"><span class='ocrx_word' id='word_1_666' title='bbox 2265 4548 2396 4605; x_wconf 88' lang='lat' dir='ltr'><strong>dore</strong></span> <span class='ocrx_word' id='word_1_667' title='bbox 2445 4564 2577 4622; x_wconf 89' lang='lat' dir='ltr'><strong>ergo</strong></span> <span class='ocrx_word' id='word_1_668' title='bbox 2620 4551 2687 4605; x_wconf 81' lang='lat' dir='ltr'><strong>ad</strong></span> <span class='ocrx_word' id='word_1_669' title='bbox 2728 4551 2875 4606; x_wconf 89' lang='lat' dir='ltr'><strong>hunc</strong></span> <span class='ocrx_word' id='word_1_670' title='bbox 2923 4553 3281 4623; x_wconf 86' lang='lat' dir='ltr'><strong>pertingimus</strong></span> <span class='ocrx_word' id='word_1_671' title='bbox 3315 4572 3530 4628; x_wconf 89' lang='lat' dir='ltr'><strong>panem.</strong></span> <span class='ocrx_word' id='word_1_672' title='bbox 3568 4556 3756 4614; x_wconf 68' lang='lat' dir='ltr'><strong>Pulsis</strong></span> <span class='ocrx_word' id='word_1_673' title='bbox 3799 4576 3861 4617; x_wconf 82' lang='lat' dir='ltr'><strong>es</strong></span> 
     </span>
    </p>
   </div>
   <div class='ocr_carea' id='block_1_91' title="bbox 560 4642 2158 4718">
    <p class='ocr_par' dir='ltr' id='par_1_91' title="bbox 560 4642 2158 4718">
     <span class='ocr_line' id='line_1_91' title="bbox 560 4642 2158 4718; baseline 0.003 -17"><span class='ocrx_word' id='word_1_674' title='bbox 560 4645 633 4701; x_wconf 90' lang='lat' dir='ltr'><strong>tis</strong></span> <span class='ocrx_word' id='word_1_675' title='bbox 660 4646 777 4717; x_wconf 86' lang='lat' dir='ltr'><strong>ipsa</strong></span> <span class='ocrx_word' id='word_1_676' title='bbox 800 4644 1206 4717; x_wconf 85' lang='lat' dir='ltr'><strong>principalitas,</strong></span> <span class='ocrx_word' id='word_1_677' title='bbox 1232 4657 1355 4714; x_wconf 86' lang='lat' dir='ltr'><strong>quae</strong></span> <span class='ocrx_word' id='word_1_678' title='bbox 1396 4642 1571 4701; x_wconf 86' lang='lat' dir='ltr'><strong>obniti</strong></span> <span class='ocrx_word' id='word_1_679' title='bbox 1621 4642 1808 4700; x_wconf 86' lang='lat' dir='ltr'><strong>debuit</strong></span> <span class='ocrx_word' id='word_1_680' title='bbox 1843 4646 2158 4718; x_wconf 87' lang='lat' dir='ltr'><strong>cupiditatis</strong></span> 
     </span>
    </p>
   </div>
   <div class='ocr_carea' id='block_1_92' title="bbox 557 4733 2158 4812">
    <p class='ocr_par' dir='ltr' id='par_1_92' title="bbox 557 4733 2158 4812">
     <span class='ocr_line' id='line_1_92' title="bbox 557 4733 2158 4812; baseline 0.001 -18"><span class='ocrx_word' id='word_1_681' title='bbox 557 4737 910 4804; x_wconf 80' lang='lat' dir='ltr'><strong>excessibus,</strong></span> <span class='ocrx_word' id='word_1_682' title='bbox 952 4733 1212 4790; x_wconf 88' lang='lat' dir='ltr'><strong>immunis</strong></span> <span class='ocrx_word' id='word_1_683' title='bbox 1239 4733 1445 4801; x_wconf 89' lang='lat' dir='ltr'><strong>abiret,</strong></span> <span class='ocrx_word' id='word_1_684' title='bbox 1476 4734 1649 4790; x_wconf 85' lang='lat' dir='ltr'><strong>Adam</strong></span> <span class='ocrx_word' id='word_1_685' title='bbox 1688 4736 1789 4792; x_wconf 88' lang='lat' dir='ltr'><strong>sub</strong></span> <span class='ocrx_word' id='word_1_686' title='bbox 1833 4736 2008 4810; x_wconf 81' lang='lat' dir='ltr'><strong>ﬁgura</strong></span> <span class='ocrx_word' id='word_1_687' title='bbox 2040 4739 2158 4812; x_wconf 86' lang='lat' dir='ltr'><strong>ejus</strong></span> 
     </span>
    </p>
   </div>
   <div class='ocr_carea' id='block_1_93' title="bbox 560 4833 830 4903">
    <p class='ocr_par' dir='ltr' id='par_1_93' title="bbox 560 4833 830 4903">
     <span class='ocr_line' id='line_1_93' title="bbox 560 4833 830 4903; baseline -0.011 -13"><span class='ocrx_word' id='word_1_688' title='bbox 560 4833 830 4903; x_wconf 82' lang='lat' dir='ltr'><strong>arguitur.</strong></span> 
     </span>
    </p>
   </div>
   <div class='ocr_carea' id='block_1_94' title="bbox 544 4906 2156 4994">
    <p class='ocr_par' dir='ltr' id='par_1_94' title="bbox 544 4906 2156 4994">
     <span class='ocr_line' id='line_1_94' title="bbox 544 4906 2156 4994; baseline 0.002 -13"><span class='ocrx_word' id='word_1_689' title='bbox 544 4920 553 4927; x_wconf 70' lang='grc'><em>’</em></span> <span class='ocrx_word' id='word_1_690' title='bbox 630 4906 800 4981; x_wconf 57' lang='lat' dir='ltr'><strong>Visus.</strong></span> <span class='ocrx_word' id='word_1_691' title='bbox 831 4921 918 4990; x_wconf 85' lang='lat' dir='ltr'><strong>l7,</strong></span> <span class='ocrx_word' id='word_1_692' title='bbox 944 4920 1031 4979; x_wconf 83' lang='lat' dir='ltr'><strong>l8.</strong></span> <span class='ocrx_word' id='word_1_693' title='bbox 1054 4950 1128 4964; x_wconf 89' lang='lat'><strong>—-</strong></span> <span class='ocrx_word' id='word_1_694' title='bbox 1152 4918 1320 4989; x_wconf 84' lang='lat' dir='ltr'><strong>Quia,</strong></span> <span class='ocrx_word' id='word_1_695' title='bbox 1342 4921 1750 4994; x_wconf 82' lang='lat' dir='ltr'><strong>inquit,audisti</strong></span> <span class='ocrx_word' id='word_1_696' title='bbox 1774 4940 1947 4980; x_wconf 84' lang='lat' dir='ltr'><strong>vocem</strong></span> <span class='ocrx_word' id='word_1_697' title='bbox 1975 4926 2156 4984; x_wconf 71' lang='lat' dir='ltr'><strong>uxoris</strong></span> 
     </span>
    </p>
   </div>
   <div class='ocr_carea' id='block_1_95' title="bbox 561 5015 2155 5091">
    <p class='ocr_par' dir='ltr' id='par_1_95' title="bbox 561 5015 2155 5091">
     <span class='ocr_line' id='line_1_95' title="bbox 561 5015 2155 5091; baseline 0.001 -16"><span class='ocrx_word' id='word_1_698' title='bbox 561 5028 710 5076; x_wconf 75' lang='lat' dir='ltr'><strong>tuaz:</strong></span> <span class='ocrx_word' id='word_1_699' title='bbox 743 5019 796 5074; x_wconf 91' lang='lat' dir='ltr'><strong>id</strong></span> <span class='ocrx_word' id='word_1_700' title='bbox 821 5026 925 5084; x_wconf 90' lang='lat' dir='ltr'><strong>est,</strong></span> <span class='ocrx_word' id='word_1_701' title='bbox 955 5016 1082 5089; x_wconf 86' lang='lat' dir='ltr'><strong>quia</strong></span> <span class='ocrx_word' id='word_1_702' title='bbox 1119 5016 1212 5088; x_wconf 91' lang='lat' dir='ltr'><strong>qui</strong></span> <span class='ocrx_word' id='word_1_703' title='bbox 1254 5015 1444 5086; x_wconf 90' lang='lat' dir='ltr'><strong>subjici</strong></span> <span class='ocrx_word' id='word_1_704' title='bbox 1492 5016 1587 5073; x_wconf 89' lang='lat' dir='ltr'><strong>tibi</strong></span> <span class='ocrx_word' id='word_1_705' title='bbox 1639 5018 1904 5076; x_wconf 89' lang='lat' dir='ltr'><strong>debuerat</strong></span> <span class='ocrx_word' id='word_1_706' title='bbox 1953 5035 2155 5091; x_wconf 88' lang='lat' dir='ltr'><strong>pravus</strong></span> 
     </span>
    </p>
   </div>
   <div class='ocr_carea' id='block_1_96' title="bbox 564 5109 2156 5185">
    <p class='ocr_par' dir='ltr' id='par_1_96' title="bbox 564 5109 2156 5185">
     <span class='ocr_line' id='line_1_96' title="bbox 564 5109 2156 5185; baseline 0.002 -17"><span class='ocrx_word' id='word_1_707' title='bbox 564 5122 660 5169; x_wconf 91' lang='lat' dir='ltr'><strong>tuo</strong></span> <span class='ocrx_word' id='word_1_708' title='bbox 701 5111 848 5167; x_wconf 88' lang='lat' dir='ltr'><strong>cordi</strong></span> <span class='ocrx_word' id='word_1_709' title='bbox 881 5110 1153 5182; x_wconf 88' lang='lat' dir='ltr'><strong>appetitus</strong></span> <span class='ocrx_word' id='word_1_710' title='bbox 1198 5110 1467 5177; x_wconf 90' lang='lat' dir='ltr'><strong>intinniit,</strong></span> <span class='ocrx_word' id='word_1_711' title='bbox 1509 5119 1564 5168; x_wconf 83' lang='lat' dir='ltr'><strong>et</strong></span> <span class='ocrx_word' id='word_1_712' title='bbox 1610 5109 1734 5183; x_wconf 88' lang='lat' dir='ltr'><strong>jura</strong></span> <span class='ocrx_word' id='word_1_713' title='bbox 1776 5127 1897 5168; x_wconf 88' lang='lat' dir='ltr'><strong>mea</strong></span> <span class='ocrx_word' id='word_1_714' title='bbox 1945 5114 2156 5185; x_wconf 87' lang='lat' dir='ltr'><strong>peccati</strong></span> 
     </span>
    </p>
   </div>
   <div class='ocr_carea' id='block_1_97' title="bbox 562 5203 2157 5276">
    <p class='ocr_par' dir='ltr' id='par_1_97' title="bbox 562 5203 2157 5276">
     <span class='ocr_line' id='line_1_97' title="bbox 562 5203 2157 5276; baseline 0.001 -18"><span class='ocrx_word' id='word_1_715' title='bbox 562 5204 894 5259; x_wconf 83' lang='lat' dir='ltr'><strong>admissioue</strong></span> <span class='ocrx_word' id='word_1_716' title='bbox 920 5203 1207 5275; x_wconf 83' lang='lat' dir='ltr'><strong>praeteriit,</strong></span> <span class='ocrx_word' id='word_1_717' title='bbox 1245 5214 1385 5260; x_wconf 89' lang='lat' dir='ltr'><strong>terra</strong></span> <span class='ocrx_word' id='word_1_718' title='bbox 1413 5205 1469 5260; x_wconf 85' lang='lat' dir='ltr'><strong>in</strong></span> <span class='ocrx_word' id='word_1_719' title='bbox 1495 5220 1647 5276; x_wconf 83' lang='lat' dir='ltr'><strong>apere</strong></span> <span class='ocrx_word' id='word_1_720' title='bbox 1691 5216 1781 5261; x_wconf 88' lang='lat' dir='ltr'><strong>tuo</strong></span> <span class='ocrx_word' id='word_1_721' title='bbox 1814 5204 2157 5262; x_wconf 86' lang='lat' dir='ltr'><strong>maledicitur</strong></span> 
     </span>
    </p>
   </div>
   <div class='ocr_carea' id='block_1_98' title="bbox 561 5295 2156 5371">
    <p class='ocr_par' dir='ltr' id='par_1_98' title="bbox 561 5295 2156 5371">
     <span class='ocr_line' id='line_1_98' title="bbox 561 5295 2156 5371; baseline -0.001 -18"><span class='ocrx_word' id='word_1_722' title='bbox 561 5297 691 5368; x_wconf 88' lang='lat' dir='ltr'><strong>quia</strong></span> <span class='ocrx_word' id='word_1_723' title='bbox 720 5295 917 5351; x_wconf 90' lang='lat' dir='ltr'><strong>mentis</strong></span> <span class='ocrx_word' id='word_1_724' title='bbox 951 5304 1054 5352; x_wconf 65' lang='lat' dir='ltr'><strong>tua:</strong></span> <span class='ocrx_word' id='word_1_725' title='bbox 1078 5297 1381 5364; x_wconf 88' lang='lat' dir='ltr'><strong>stabilitas,</strong></span> <span class='ocrx_word' id='word_1_726' title='bbox 1410 5313 1531 5369; x_wconf 68' lang='lat' dir='ltr'><strong>quze</strong></span> <span class='ocrx_word' id='word_1_727' title='bbox 1581 5296 1676 5353; x_wconf 90' lang='lat' dir='ltr'><strong>Dei</strong></span> <span class='ocrx_word' id='word_1_728' title='bbox 1705 5297 2039 5371; x_wconf 87' lang='lat' dir='ltr'><strong>agricultura</strong></span> <span class='ocrx_word' id='word_1_729' title='bbox 2070 5306 2156 5355; x_wconf 91' lang='lat' dir='ltr'><strong>est</strong></span> 
     </span>
    </p>
   </div>
   <div class='ocr_carea' id='block_1_99' title="bbox 556 5383 2155 5460">
    <p class='ocr_par' dir='ltr' id='par_1_99' title="bbox 556 5383 2155 5460">
     <span class='ocr_line' id='line_1_99' title="bbox 556 5383 2155 5460; baseline 0.003 -20"><span class='ocrx_word' id='word_1_730' title='bbox 556 5384 714 5455; x_wconf 79' lang='lat' dir='ltr'><strong>juxta</strong></span> <span class='ocrx_word' id='word_1_731' title='bbox 744 5383 1061 5456; x_wconf 81' lang='lat' dir='ltr'><strong>Apostolum</strong></span> <span class='ocrx_word' id='word_1_732' title='bbox 1092 5384 1148 5460; x_wconf 90' lang='grc' dir='ltr'><strong>(ι</strong></span> <span class='ocrx_word' id='word_1_733' title='bbox 1202 5386 1323 5443; x_wconf 89' lang='lat' dir='ltr'><strong>Cor.</strong></span> <span class='ocrx_word' id='word_1_734' title='bbox 1375 5404 1459 5455; x_wconf 86' lang='lat' dir='ltr'><strong>nt,</strong></span> <span class='ocrx_word' id='word_1_735' title='bbox 1494 5387 1590 5459; x_wconf 86' lang='lat'><strong>9),</strong></span> <span class='ocrx_word' id='word_1_736' title='bbox 1639 5403 1669 5442; x_wconf 93' lang='lat' dir='ltr'><strong>a</strong></span> <span class='ocrx_word' id='word_1_737' title='bbox 1712 5389 1850 5444; x_wconf 89' lang='lat' dir='ltr'><strong>bene</strong></span> <span class='ocrx_word' id='word_1_738' title='bbox 1893 5388 2155 5459; x_wconf 90' lang='lat' dir='ltr'><strong>operandi</strong></span> 
     </span>
    </p>
   </div>
   <div class='ocr_carea' id='block_1_100' title="bbox 564 5475 2153 5550">
    <p class='ocr_par' dir='ltr' id='par_1_100' title="bbox 564 5475 2153 5550">
     <span class='ocr_line' id='line_1_100' title="bbox 564 5475 2153 5550; baseline 0.003 -18"><span class='ocrx_word' id='word_1_739' title='bbox 564 5475 746 5532; x_wconf 82' lang='lat' dir='ltr'><strong>studio</strong></span> <span class='ocrx_word' id='word_1_740' title='bbox 777 5475 1010 5533; x_wconf 83' lang='lat' dir='ltr'><strong>delectui</strong></span> <span class='ocrx_word' id='word_1_741' title='bbox 1037 5478 1478 5550; x_wconf 86' lang='lat' dir='ltr'><strong>nutahilitatique</strong></span> <span class='ocrx_word' id='word_1_742' title='bbox 1521 5478 1764 5550; x_wconf 88' lang='lat' dir='ltr'><strong>subjecta</strong></span> <span class='ocrx_word' id='word_1_743' title='bbox 1804 5480 2153 5550; x_wconf 78' lang='lat' dir='ltr'><strong>praepeditur.</strong></span> 
     </span>
    </p>
   </div>
   <div class='ocr_carea' id='block_1_101' title="bbox 560 5564 2152 5644">
    <p class='ocr_par' dir='ltr' id='par_1_101' title="bbox 560 5564 2152 5644">
     <span class='ocr_line' id='line_1_101' title="bbox 560 5564 2152 5644; baseline 0.002 -19"><span class='ocrx_word' id='word_1_744' title='bbox 560 5566 733 5625; x_wconf 84' lang='lat' dir='ltr'><strong>Terra</strong></span> <span class='ocrx_word' id='word_1_745' title='bbox 782 5564 961 5639; x_wconf 73' lang='lat' dir='ltr'><strong>enim,</strong></span> <span class='ocrx_word' id='word_1_746' title='bbox 999 5572 1126 5644; x_wconf 90' lang='lat' dir='ltr'><strong>quia</strong></span> <span class='ocrx_word' id='word_1_747' title='bbox 1164 5573 1377 5628; x_wconf 83' lang='lat' dir='ltr'><strong>caeteris</strong></span> <span class='ocrx_word' id='word_1_748' title='bbox 1406 5569 1632 5628; x_wconf 83' lang='lat' dir='ltr'><strong>solidius</strong></span> <span class='ocrx_word' id='word_1_749' title='bbox 1664 5570 1991 5627; x_wconf 86' lang='lat' dir='ltr'><strong>elementum</strong></span> <span class='ocrx_word' id='word_1_750' title='bbox 2039 5582 2152 5640; x_wconf 89' lang='lat' dir='ltr'><strong>est,</strong></span> 
     </span>
    </p>
   </div>
   <div class='ocr_carea' id='block_1_102' title="bbox 564 5663 2154 5737">
    <p class='ocr_par' dir='ltr' id='par_1_102' title="bbox 564 5663 2154 5737">
     <span class='ocr_line' id='line_1_102' title="bbox 564 5663 2154 5737; baseline 0.003 -20"><span class='ocrx_word' id='word_1_751' title='bbox 564 5677 667 5735; x_wconf 90' lang='lat' dir='ltr'><strong>pro</strong></span> <span class='ocrx_word' id='word_1_752' title='bbox 695 5663 992 5724; x_wconf 89' lang='lat' dir='ltr'><strong>stabilitate</strong></span> <span class='ocrx_word' id='word_1_753' title='bbox 1022 5664 1265 5737; x_wconf 89' lang='lat' dir='ltr'><strong>ponitur.</strong></span> <span class='ocrx_word' id='word_1_754' title='bbox 1321 5664 1391 5719; x_wconf 86' lang='lat' dir='ltr'><strong>In</strong></span> <span class='ocrx_word' id='word_1_755' title='bbox 1443 5663 1710 5718; x_wconf 85' lang='lat' dir='ltr'><strong>laboribus</strong></span> <span class='ocrx_word' id='word_1_756' title='bbox 1760 5664 1995 5720; x_wconf 86' lang='lat' dir='ltr'><strong>comedes</strong></span> <span class='ocrx_word' id='word_1_757' title='bbox 2039 5683 2154 5721; x_wconf 89' lang='lat' dir='ltr'><strong>eam</strong></span> 
     </span>
    </p>
   </div>
   <div class='ocr_carea' id='block_1_103' title="bbox 565 5757 2158 5817">
    <p class='ocr_par' dir='ltr' id='par_1_103' title="bbox 565 5757 2158 5817">
     <span class='ocr_line' id='line_1_103' title="bbox 565 5757 2158 5817; baseline 0.003 -5"><span class='ocrx_word' id='word_1_758' title='bbox 565 5760 765 5815; x_wconf 80' lang='lat' dir='ltr'><strong>cunctis</strong></span> <span class='ocrx_word' id='word_1_759' title='bbox 795 5761 978 5817; x_wconf 85' lang='lat' dir='ltr'><strong>diebus</strong></span> <span class='ocrx_word' id='word_1_760' title='bbox 1019 5760 1142 5816; x_wconf 72' lang='lat' dir='ltr'><strong>vitae</strong></span> <span class='ocrx_word' id='word_1_761' title='bbox 1182 5770 1305 5814; x_wconf 70' lang='lat' dir='ltr'><strong>tute.</strong></span> <span class='ocrx_word' id='word_1_762' title='bbox 1344 5757 1571 5813; x_wconf 87' lang='lat' dir='ltr'><strong>Terram</strong></span> <span class='ocrx_word' id='word_1_763' title='bbox 1607 5773 1729 5813; x_wconf 93' lang='lat' dir='ltr'><strong>cum</strong></span> <span class='ocrx_word' id='word_1_764' title='bbox 1761 5757 1948 5815; x_wconf 90' lang='lat' dir='ltr'><strong>labore</strong></span> <span class='ocrx_word' id='word_1_765' title='bbox 1977 5775 2158 5817; x_wconf 91' lang='lat' dir='ltr'><strong>eome-</strong></span> 
     </span>
    </p>
   </div>
   <div class='ocr_carea' id='block_1_104' title="bbox 564 5849 2157 5926">
    <p class='ocr_par' dir='ltr' id='par_1_104' title="bbox 564 5849 2157 5926">
     <span class='ocr_line' id='line_1_104' title="bbox 564 5849 2157 5926; baseline -0.001 -15"><span class='ocrx_word' id='word_1_766' title='bbox 564 5854 768 5926; x_wconf 89' lang='lat' dir='ltr'><strong>dimus,</strong></span> <span class='ocrx_word' id='word_1_767' title='bbox 809 5871 933 5913; x_wconf 90' lang='lat' dir='ltr'><strong>cum</strong></span> <span class='ocrx_word' id='word_1_768' title='bbox 978 5853 1163 5910; x_wconf 88' lang='lat' dir='ltr'><strong>animo</strong></span> <span class='ocrx_word' id='word_1_769' title='bbox 1193 5867 1224 5908; x_wconf 90' lang='lat' dir='ltr'><strong>a</strong></span> <span class='ocrx_word' id='word_1_770' title='bbox 1264 5866 1363 5907; x_wconf 89' lang='lat' dir='ltr'><strong>sua</strong></span> <span class='ocrx_word' id='word_1_771' title='bbox 1409 5849 1705 5908; x_wconf 89' lang='lat' dir='ltr'><strong>mobilitate</strong></span> <span class='ocrx_word' id='word_1_772' title='bbox 1744 5851 1812 5907; x_wconf 89' lang='lat' dir='ltr'><strong>ad</strong></span> <span class='ocrx_word' id='word_1_773' title='bbox 1846 5852 2037 5909; x_wconf 86' lang='lat' dir='ltr'><strong>horam</strong></span> <span class='ocrx_word' id='word_1_774' title='bbox 2070 5867 2157 5910; x_wconf 55' lang='lat' dir='ltr'><strong>re.</strong></span> 
     </span>
    </p>
   </div>
   <div class='ocr_carea' id='block_1_105' title="bbox 2263 4643 3862 4717">
    <p class='ocr_par' dir='ltr' id='par_1_105' title="bbox 2263 4643 3862 4717">
     <span class='ocr_line' id='line_1_105' title="bbox 2263 4643 3862 4717; baseline 0.008 -19"><span class='ocrx_word' id='word_1_775' title='bbox 2263 4643 2439 4709; x_wconf 88' lang='lat' dir='ltr'><strong>enim,</strong></span> <span class='ocrx_word' id='word_1_776' title='bbox 2476 4654 2525 4699; x_wconf 87' lang='lat' dir='ltr'><strong>et</strong></span> <span class='ocrx_word' id='word_1_777' title='bbox 2556 4644 2609 4700; x_wconf 80' lang='lat' dir='ltr'><strong>in</strong></span> <span class='ocrx_word' id='word_1_778' title='bbox 2647 4644 2914 4717; x_wconf 86' lang='lat' dir='ltr'><strong>pulverem</strong></span> <span class='ocrx_word' id='word_1_779' title='bbox 2955 4649 3245 4705; x_wconf 85' lang='lat' dir='ltr'><strong>reverteris.</strong></span> <span class='ocrx_word' id='word_1_780' title='bbox 3298 4649 3434 4707; x_wconf 89' lang='lat' dir='ltr'><strong>Cum</strong></span> <span class='ocrx_word' id='word_1_781' title='bbox 3490 4653 3719 4711; x_wconf 87' lang='lat' dir='ltr'><strong>mobiles</strong></span> <span class='ocrx_word' id='word_1_782' title='bbox 3757 4670 3862 4710; x_wconf 86' lang='lat' dir='ltr'><strong>na-</strong></span> 
     </span>
    </p>
   </div>
   <div class='ocr_carea' id='block_1_106' title="bbox 2265 4735 3862 4812">
    <p class='ocr_par' dir='ltr' id='par_1_106' title="bbox 2265 4735 3862 4812">
     <span class='ocr_line' id='line_1_106' title="bbox 2265 4735 3862 4812; baseline 0.008 -22"><span class='ocrx_word' id='word_1_783' title='bbox 2265 4735 2516 4792; x_wconf 88' lang='lat' dir='ltr'><strong>turaliter</strong></span> <span class='ocrx_word' id='word_1_784' title='bbox 2575 4736 2628 4791; x_wconf 91' lang='lat' dir='ltr'><strong>in</strong></span> <span class='ocrx_word' id='word_1_785' title='bbox 2687 4752 2893 4793; x_wconf 88' lang='lat' dir='ltr'><strong>morem</strong></span> <span class='ocrx_word' id='word_1_786' title='bbox 2941 4739 3178 4810; x_wconf 87' lang='lat' dir='ltr'><strong>pulveris</strong></span> <span class='ocrx_word' id='word_1_787' title='bbox 3236 4742 3438 4812; x_wconf 91' lang='lat' dir='ltr'><strong>simus,</strong></span> <span class='ocrx_word' id='word_1_788' title='bbox 3499 4744 3545 4800; x_wconf 89' lang='lat' dir='ltr'><strong>si</strong></span> <span class='ocrx_word' id='word_1_789' title='bbox 3590 4745 3659 4802; x_wconf 91' lang='lat' dir='ltr'><strong>ad</strong></span> <span class='ocrx_word' id='word_1_790' title='bbox 3708 4746 3862 4804; x_wconf 92' lang='lat' dir='ltr'><strong>hunc</strong></span> 
     </span>
    </p>
   </div>
   <div class='ocr_carea' id='block_1_107' title="bbox 2261 4825 3861 4897">
    <p class='ocr_par' dir='ltr' id='par_1_107' title="bbox 2261 4825 3861 4897">
     <span class='ocr_line' id='line_1_107' title="bbox 2261 4825 3861 4897; baseline 0.009 -16"><span class='ocrx_word' id='word_1_791' title='bbox 2261 4825 2745 4883; x_wconf 84' lang='lat' dir='ltr'><strong>consummationis</strong></span> <span class='ocrx_word' id='word_1_792' title='bbox 2773 4830 3090 4897; x_wconf 88' lang='lat' dir='ltr'><strong>panem,vel</strong></span> <span class='ocrx_word' id='word_1_793' title='bbox 3113 4839 3312 4888; x_wconf 90' lang='lat' dir='ltr'><strong>terram</strong></span> <span class='ocrx_word' id='word_1_794' title='bbox 3336 4835 3656 4892; x_wconf 62' lang='lat' dir='ltr'><strong>substantia:</strong></span> <span class='ocrx_word' id='word_1_795' title='bbox 3676 4836 3861 4895; x_wconf 90' lang='lat' dir='ltr'><strong>redire</strong></span> 
     </span>
    </p>
   </div>
   <div class='ocr_carea' id='block_1_108' title="bbox 2261 4918 3859 4997">
    <p class='ocr_par' dir='ltr' id='par_1_108' title="bbox 2261 4918 3859 4997">
     <span class='ocr_line' id='line_1_108' title="bbox 2261 4918 3859 4997; baseline 0.009 -25"><span class='ocrx_word' id='word_1_796' title='bbox 2261 4918 2586 4990; x_wconf 88' lang='lat' dir='ltr'><strong>satagimus,</strong></span> <span class='ocrx_word' id='word_1_797' title='bbox 2618 4932 2845 4977; x_wconf 89' lang='lat' dir='ltr'><strong>necesse</strong></span> <span class='ocrx_word' id='word_1_798' title='bbox 2874 4931 2959 4979; x_wconf 89' lang='lat' dir='ltr'><strong>est</strong></span> <span class='ocrx_word' id='word_1_799' title='bbox 2989 4931 3047 4979; x_wconf 94' lang='lat' dir='ltr'><strong>ut</strong></span> <span class='ocrx_word' id='word_1_800' title='bbox 3074 4924 3131 4980; x_wconf 89' lang='lat' dir='ltr'><strong>in</strong></span> <span class='ocrx_word' id='word_1_801' title='bbox 3164 4925 3442 4996; x_wconf 88' lang='lat' dir='ltr'><strong>pulverem</strong></span> <span class='ocrx_word' id='word_1_802' title='bbox 3490 4938 3859 4997; x_wconf 85' lang='lat' dir='ltr'><strong>revertamur,</strong></span> 
     </span>
    </p>
   </div>
   <div class='ocr_carea' id='block_1_109' title="bbox 2260 5011 3862 5092">
    <p class='ocr_par' dir='ltr' id='par_1_109' title="bbox 2260 5011 3862 5092">
     <span class='ocr_line' id='line_1_109' title="bbox 2260 5011 3862 5092; baseline 0.009 -27"><span class='ocrx_word' id='word_1_803' title='bbox 2260 5011 2315 5066; x_wconf 89' lang='lat' dir='ltr'><strong>id</strong></span> <span class='ocrx_word' id='word_1_804' title='bbox 2341 5021 2425 5067; x_wconf 88' lang='lat' dir='ltr'><strong>est</strong></span> <span class='ocrx_word' id='word_1_805' title='bbox 2469 5024 2784 5083; x_wconf 87' lang='lat' dir='ltr'><strong>peccatores</strong></span> <span class='ocrx_word' id='word_1_806' title='bbox 2838 5031 2940 5073; x_wconf 89' lang='lat' dir='ltr'><strong>nos</strong></span> <span class='ocrx_word' id='word_1_807' title='bbox 2988 5018 3370 5076; x_wconf 81' lang='lat' dir='ltr'><strong>conﬁteamur.</strong></span> <span class='ocrx_word' id='word_1_808' title='bbox 3450 5020 3702 5092; x_wconf 74' lang='lat' dir='ltr'><strong>Auferes,</strong></span> <span class='ocrx_word' id='word_1_809' title='bbox 3774 5022 3862 5081; x_wconf 89' lang='lat' dir='ltr'><strong>ait</strong></span> 
     </span>
    </p>
   </div>
   <div class='ocr_carea' id='block_1_110' title="bbox 2259 5103 3859 5189">
    <p class='ocr_par' dir='ltr' id='par_1_110' title="bbox 2259 5103 3859 5189">
     <span class='ocr_line' id='line_1_110' title="bbox 2259 5103 3859 5189; baseline 0.009 -28"><span class='ocrx_word' id='word_1_810' title='bbox 2259 5103 2530 5175; x_wconf 77' lang='lat' dir='ltr'><strong>l’saltnus,</strong></span> <span class='ocrx_word' id='word_1_811' title='bbox 2561 5111 2806 5180; x_wconf 82' lang='lat' dir='ltr'><strong>spiritum</strong></span> <span class='ocrx_word' id='word_1_812' title='bbox 2835 5129 3036 5181; x_wconf 87' lang='lat' dir='ltr'><strong>eorum,</strong></span> <span class='ocrx_word' id='word_1_813' title='bbox 3068 5123 3116 5170; x_wconf 87' lang='lat' dir='ltr'><strong>et</strong></span> <span class='ocrx_word' id='word_1_814' title='bbox 3142 5117 3198 5171; x_wconf 89' lang='lat' dir='ltr'><strong>in</strong></span> <span class='ocrx_word' id='word_1_815' title='bbox 3225 5115 3486 5189; x_wconf 81' lang='lat' dir='ltr'><strong>pulverem</strong></span> <span class='ocrx_word' id='word_1_816' title='bbox 3508 5134 3663 5174; x_wconf 88' lang='lat' dir='ltr'><strong>suum</strong></span> <span class='ocrx_word' id='word_1_817' title='bbox 3687 5135 3859 5175; x_wconf 80' lang='lat' dir='ltr'><strong>rever-</strong></span> 
     </span>
    </p>
   </div>
   <div class='ocr_carea' id='block_1_111' title="bbox 2223 5199 3859 5282">
    <p class='ocr_par' dir='ltr' id='par_1_111' title="bbox 2223 5199 3859 5282">
     <span class='ocr_line' id='line_1_111' title="bbox 2223 5199 3859 5282; baseline 0.007 -27"><span class='ocrx_word' id='word_1_818' title='bbox 2223 5276 2226 5280; x_wconf 17' lang='grc' dir='ltr'>λ</span> <span class='ocrx_word' id='word_1_819' title='bbox 2260 5210 2438 5257; x_wconf 86' lang='lat' dir='ltr'><strong>tentur</strong></span> <span class='ocrx_word' id='word_1_820' title='bbox 2491 5199 2664 5275; x_wconf 87' lang='lat' dir='ltr'><strong>(Psal.</strong></span> <span class='ocrx_word' id='word_1_821' title='bbox 2715 5218 2842 5270; x_wconf 89' lang='lat' dir='ltr'><strong>cm,</strong></span> <span class='ocrx_word' id='word_1_822' title='bbox 2884 5204 2998 5277; x_wconf 73' lang='lat'><strong>29).</strong></span> <span class='ocrx_word' id='word_1_823' title='bbox 3027 5205 3174 5263; x_wconf 88' lang='lat' dir='ltr'><strong>Suda</strong></span> <span class='ocrx_word' id='word_1_824' title='bbox 3213 5222 3346 5282; x_wconf 86' lang='lat' dir='ltr'><strong>ergo</strong></span> <span class='ocrx_word' id='word_1_825' title='bbox 3381 5208 3521 5265; x_wconf 82' lang='lat' dir='ltr'><strong>laeta</strong></span> <span class='ocrx_word' id='word_1_826' title='bbox 3565 5211 3635 5266; x_wconf 88' lang='lat' dir='ltr'><strong>ab</strong></span> <span class='ocrx_word' id='word_1_827' title='bbox 3672 5211 3859 5269; x_wconf 91' lang='lat' dir='ltr'><strong>omnis</strong></span> 
     </span>
    </p>
   </div>
   <div class='ocr_carea' id='block_1_112' title="bbox 2258 5294 3859 5371">
    <p class='ocr_par' dir='ltr' id='par_1_112' title="bbox 2258 5294 3859 5371">
     <span class='ocr_line' id='line_1_112' title="bbox 2258 5294 3859 5371; baseline 0.007 -22"><span class='ocrx_word' id='word_1_828' title='bbox 2258 5294 2379 5350; x_wconf 89' lang='lat' dir='ltr'><strong>vitii</strong></span> <span class='ocrx_word' id='word_1_829' title='bbox 2408 5295 2639 5352; x_wconf 88' lang='lat' dir='ltr'><strong>humore</strong></span> <span class='ocrx_word' id='word_1_830' title='bbox 2667 5305 2852 5351; x_wconf 87' lang='lat' dir='ltr'><strong>nostra</strong></span> <span class='ocrx_word' id='word_1_831' title='bbox 2876 5297 3188 5367; x_wconf 89' lang='lat' dir='ltr'><strong>voluntate,</strong></span> <span class='ocrx_word' id='word_1_832' title='bbox 3223 5300 3379 5371; x_wconf 88' lang='lat' dir='ltr'><strong>quasi</strong></span> <span class='ocrx_word' id='word_1_833' title='bbox 3434 5302 3633 5357; x_wconf 89' lang='lat' dir='ltr'><strong>sudore</strong></span> <span class='ocrx_word' id='word_1_834' title='bbox 3671 5302 3859 5360; x_wconf 88' lang='lat' dir='ltr'><strong>vultus</strong></span> 
     </span>
    </p>
   </div>
   <div class='ocr_carea' id='block_1_113' title="bbox 2260 5387 3851 5464">
    <p class='ocr_par' dir='ltr' id='par_1_113' title="bbox 2260 5387 3851 5464">
     <span class='ocr_line' id='line_1_113' title="bbox 2260 5387 3851 5464; baseline 0.006 -23"><span class='ocrx_word' id='word_1_835' title='bbox 2260 5387 2327 5442; x_wconf 90' lang='lat' dir='ltr'><strong>ad</strong></span> <span class='ocrx_word' id='word_1_836' title='bbox 2349 5388 2510 5459; x_wconf 86' lang='lat' dir='ltr'><strong>hujus</strong></span> <span class='ocrx_word' id='word_1_837' title='bbox 2540 5387 2700 5459; x_wconf 83' lang='lat' dir='ltr'><strong>panis</strong></span> <span class='ocrx_word' id='word_1_838' title='bbox 2731 5397 2946 5461; x_wconf 80' lang='lat' dir='ltr'><strong>gustum</strong></span> <span class='ocrx_word' id='word_1_839' title='bbox 2976 5390 3062 5445; x_wconf 88' lang='lat' dir='ltr'><strong>vel</strong></span> <span class='ocrx_word' id='word_1_840' title='bbox 3106 5392 3454 5449; x_wconf 81' lang='lat' dir='ltr'><strong>existentiam</strong></span> <span class='ocrx_word' id='word_1_841' title='bbox 3495 5394 3851 5464; x_wconf 89' lang='lat' dir='ltr'><strong>deducimur;</strong></span> 
     </span>
    </p>
   </div>
   <div class='ocr_carea' id='block_1_114' title="bbox 2258 5478 3851 5560">
    <p class='ocr_par' dir='ltr' id='par_1_114' title="bbox 2258 5478 3851 5560">
     <span class='ocr_line' id='line_1_114' title="bbox 2258 5478 3851 5560; baseline 0.008 -27"><span class='ocrx_word' id='word_1_842' title='bbox 2258 5478 2326 5535; x_wconf 92' lang='lat' dir='ltr'><strong>ad</strong></span> <span class='ocrx_word' id='word_1_843' title='bbox 2355 5492 2560 5549; x_wconf 85' lang='lat' dir='ltr'><strong>aquosa</strong></span> <span class='ocrx_word' id='word_1_844' title='bbox 2595 5478 2740 5534; x_wconf 89' lang='lat' dir='ltr'><strong>enim</strong></span> <span class='ocrx_word' id='word_1_845' title='bbox 2768 5479 2884 5535; x_wconf 89' lang='lat' dir='ltr'><strong>loca</strong></span> <span class='ocrx_word' id='word_1_846' title='bbox 2908 5482 3241 5553; x_wconf 81' lang='lat' dir='ltr'><strong>seplemplex</strong></span> <span class='ocrx_word' id='word_1_847' title='bbox 3269 5486 3494 5555; x_wconf 86' lang='lat' dir='ltr'><strong>spiritus</strong></span> <span class='ocrx_word' id='word_1_848' title='bbox 3522 5488 3851 5560; x_wconf 89' lang='lat' dir='ltr'><strong>ingreditur.</strong></span> 
     </span>
    </p>
   </div>
   <div class='ocr_carea' id='block_1_115' title="bbox 2331 5567 3854 5639">
    <p class='ocr_par' dir='ltr' id='par_1_115' title="bbox 2331 5567 3854 5639">
     <span class='ocr_line' id='line_1_115' title="bbox 2331 5567 3854 5639; baseline 0.009 -14"><span class='ocrx_word' id='word_1_849' title='bbox 2331 5570 2494 5625; x_wconf 71' lang='lat' dir='ltr'><strong>Vens.</strong></span> <span class='ocrx_word' id='word_1_850' title='bbox 2525 5568 2615 5623; x_wconf 72' lang='lat'><strong>20.</strong></span> <span class='ocrx_word' id='word_1_851' title='bbox 2648 5598 2719 5609; x_wconf 89' lang='lat'><strong><em>—</em></strong></span> <span class='ocrx_word' id='word_1_852' title='bbox 2750 5567 2816 5623; x_wconf 70' lang='lat' dir='ltr'><strong>Et</strong></span> <span class='ocrx_word' id='word_1_853' title='bbox 2849 5570 3043 5626; x_wconf 85' lang='lat' dir='ltr'><strong>vocavit</strong></span> <span class='ocrx_word' id='word_1_854' title='bbox 3076 5574 3248 5629; x_wconf 86' lang='lat' dir='ltr'><strong>Adam</strong></span> <span class='ocrx_word' id='word_1_855' title='bbox 3290 5592 3479 5633; x_wconf 81' lang='lat' dir='ltr'><strong>nomen</strong></span> <span class='ocrx_word' id='word_1_856' title='bbox 3510 5583 3692 5637; x_wconf 76' lang='lat' dir='ltr'><strong>uxoris</strong></span> <span class='ocrx_word' id='word_1_857' title='bbox 3736 5598 3854 5639; x_wconf 70' lang='lat' dir='ltr'><strong>sua:</strong></span> 
     </span>
    </p>
   </div>
   <div class='ocr_carea' id='block_1_116' title="bbox 2259 5662 3854 5737">
    <p class='ocr_par' dir='ltr' id='par_1_116' title="bbox 2259 5662 3854 5737">
     <span class='ocr_line' id='line_1_116' title="bbox 2259 5662 3854 5737; baseline 0.01 -18"><span class='ocrx_word' id='word_1_858' title='bbox 2259 5662 2395 5729; x_wconf 82' lang='lat' dir='ltr'><strong>Eva,</strong></span> <span class='ocrx_word' id='word_1_859' title='bbox 2426 5680 2487 5718; x_wconf 90' lang='lat' dir='ltr'><strong>eo</strong></span> <span class='ocrx_word' id='word_1_860' title='bbox 2507 5662 2646 5734; x_wconf 85' lang='lat' dir='ltr'><strong>quod</strong></span> <span class='ocrx_word' id='word_1_861' title='bbox 2669 5672 2798 5717; x_wconf 86' lang='lat' dir='ltr'><strong>esset</strong></span> <span class='ocrx_word' id='word_1_862' title='bbox 2826 5675 2995 5719; x_wconf 86' lang='lat' dir='ltr'><strong>mater</strong></span> <span class='ocrx_word' id='word_1_863' title='bbox 3016 5668 3249 5724; x_wconf 83' lang='lat' dir='ltr'><strong>omnium</strong></span> <span class='ocrx_word' id='word_1_864' title='bbox 3269 5672 3568 5730; x_wconf 82' lang='lat' dir='ltr'><strong>viventium.</strong></span> <span class='ocrx_word' id='word_1_865' title='bbox 3591 5675 3681 5732; x_wconf 86' lang='lat' dir='ltr'><strong>Ad</strong></span> <span class='ocrx_word' id='word_1_866' title='bbox 3701 5677 3854 5737; x_wconf 86' lang='lat' dir='ltr'><strong>hunc</strong></span> 
     </span>
    </p>
   </div>
   <div class='ocr_carea' id='block_1_117' title="bbox 2258 5759 3853 5833">
    <p class='ocr_par' dir='ltr' id='par_1_117' title="bbox 2258 5759 3853 5833">
     <span class='ocr_line' id='line_1_117' title="bbox 2258 5759 3853 5833; baseline 0.009 -18"><span class='ocrx_word' id='word_1_867' title='bbox 2258 5760 2442 5827; x_wconf 89' lang='lat' dir='ltr'><strong>itaque</strong></span> <span class='ocrx_word' id='word_1_868' title='bbox 2470 5765 2676 5815; x_wconf 86' lang='lat' dir='ltr'><strong>statum</strong></span> <span class='ocrx_word' id='word_1_869' title='bbox 2696 5759 2964 5827; x_wconf 91' lang='lat' dir='ltr'><strong>correptis</strong></span> <span class='ocrx_word' id='word_1_870' title='bbox 2992 5761 3263 5832; x_wconf 88' lang='lat' dir='ltr'><strong>moribus,</strong></span> <span class='ocrx_word' id='word_1_871' title='bbox 3287 5763 3400 5833; x_wconf 88' lang='lat' dir='ltr'><strong>jam</strong></span> <span class='ocrx_word' id='word_1_872' title='bbox 3446 5777 3636 5825; x_wconf 88' lang='lat' dir='ltr'><strong>noster</strong></span> <span class='ocrx_word' id='word_1_873' title='bbox 3671 5771 3853 5830; x_wconf 82' lang='lat' dir='ltr'><strong>Adam</strong></span> 
     </span>
    </p>
   </div>
   <div class='ocr_carea' id='block_1_118' title="bbox 2246 5849 3853 5942">
    <p class='ocr_par' dir='ltr' id='par_1_118' title="bbox 2246 5849 3853 5942">
     <span class='ocr_line' id='line_1_118' title="bbox 2246 5849 3853 5942; baseline 0.009 -32"><span class='ocrx_word' id='word_1_874' title='bbox 2246 5866 2456 5913; x_wconf 84' lang='lat' dir='ltr'><strong>nomen</strong></span> <span class='ocrx_word' id='word_1_875' title='bbox 2475 5850 2662 5908; x_wconf 79' lang='lat' dir='ltr'><strong>uxoris</strong></span> <span class='ocrx_word' id='word_1_876' title='bbox 2684 5849 2874 5918; x_wconf 89' lang='lat' dir='ltr'><strong>Evam,</strong></span> <span class='ocrx_word' id='word_1_877' title='bbox 2902 5850 2954 5906; x_wconf 90' lang='lat' dir='ltr'><strong>id</strong></span> <span class='ocrx_word' id='word_1_878' title='bbox 2977 5858 3060 5908; x_wconf 89' lang='lat' dir='ltr'><strong>est</strong></span> <span class='ocrx_word' id='word_1_879' title='bbox 3077 5862 3228 5911; x_wconf 88' lang='lat' dir='ltr'><strong>certa</strong></span> <span class='ocrx_word' id='word_1_880' title='bbox 3259 5857 3620 5933; x_wconf 90' lang='lat' dir='ltr'><strong>discretione,</strong></span> <span class='ocrx_word' id='word_1_881' title='bbox 3653 5866 3853 5942; x_wconf 79' lang='lat' dir='ltr'><strong>vitam,</strong></span> 
     </span>
    </p>
   </div>
  </div>
