4062 6354
322 401 389 460 8t
1322 428 1325 429 ί
1451 395 1819 463 MORALIUM
1856 400 1926 459 IN
1960 400 2257 463 ceuesm
2286 405 2429 466 LIB.
2456 380 2535 465 u.‘
3550 408 3622 466 se

321 512 379 571 in
429 514 735 586 cuiuspiam
786 515 954 573 corde
997 515 1280 585 exoritur,
1329 530 1492 588 quem
1543 527 1723 573 tamen
1780 514 1928 572 nulla
1955 518 2004 574 A
2103 519 2267 576 Vens.
2298 522 2388 577 15.
2427 552 2497 563 -
2536 521 2717 595 Major
2750 534 2828 580 est
2874 524 3127 598 iniquitas
3154 503 3315 593 mea,
3353 538 3510 598 quam
3560 536 3619 582 ut

321 609 657 680 poenitentia:
682 608 924 667 efﬁcacia
952 612 1110 681 quasi
1135 611 1290 668 verbi
1317 613 1523 668 veritas
1550 611 1919 681 subsequitur.

322 697 440 754 Vox
489 700 634 755 enim
684 701 800 757 hazc
844 701 990 773 apud
1035 701 1208 757 Deum
1265 702 1447 773 potius
1489 710 1574 757 est
1603 699 1924 756 irritationis

220 830 235 840 -
319 812 483 867 quam
516 798 688 867 pacis.
722 796 853 865 Quae
889 795 1086 851 clamat
1115 795 1181 851 de
1206 805 1381 861 terra,
1411 794 1538 865 quia
1563 796 1630 850 de
1657 793 1924 859 rationis,

321 905 441 959 quae
464 889 566 945 sibi
596 889 830 945 ﬁrmiter
855 888 1148 945 admodum
1181 896 1342 944 terrae
1370 887 1532 943 insita
1563 895 1668 953 est,
1694 884 1927 941 scientia

326 976 595 1047 hujusque
616 976 883 1033 fructibus
905 975 1243 1032 feracissimo
1268 975 1564 1046 pascimur,
1592 975 1738 1030 videt
1762 989 1925 1045 quam

322 1086 492 1142 prava
543 1070 874 1127 committat.
928 1069 1091 1125 Ratio
1137 1083 1371 1139 namque
1419 1066 1525 1124 etsi
1573 1067 1641 1124 ad
1689 1082 1925 1137 nequam

324 1161 709 1231 intorqueatur
730 1159 1005 1227 allectum,
1031 1174 1138 1215 non
1164 1168 1346 1215 tamen
1371 1158 1590 1231 penitus
1639 1172 1748 1227 quo
1778 1158 1919 1213 bona

325 1262 382 1308 et
417 1252 560 1307 mala
587 1252 863 1308 discernat
883 1252 1086 1307 amittit
1113 1250 1356 1319 oculum,
1375 1250 1473 1308 sed
1493 1251 1681 1306 scienti
1704 1251 1923 1317 bonum,

324 1357 373 1403 et
405 1363 508 1401 non
565 1346 778 1417 facienti
810 1355 1077 1415 peccatum
1130 1356 1206 1401 est
1247 1344 1325 1399 illi
1363 1344 1507 1417 (Jac.
1540 1359 1617 1410 tv,
1646 1343 1758 1416 17).
1790 1340 1917 1399 εἶα.

325 1448 432 1492 ntat
464 1452 612 1503 vero,
653 1437 781 1507 quia
824 1436 918 1493 Dei
954 1437 1181 1493 auribus
1216 1437 1480 1494 horribile
1511 1437 1747 1503 insonat,
1784 1435 1929 1507 quod

324 1530 506 1586 divina
550 1539 606 1585 et
651 1541 841 1587 sancta
893 1546 1059 1602 opera
1108 1532 1452 1589 extrinsecus
1491 1540 1752 1598 ostentat,
1780 1540 1837 1587 ct
1868 1545 1929 1586 se

323 1620 524 1676 diaboli
561 1620 849 1677 delubrum
888 1620 1130 1678 scienter
1166 1621 1397 1678 interius
1443 1622 1677 1678 dedicat.
1709 1620 1930 1677 Clamor

320 1721 403 1769 est
428 1713 572 1769 enim
604 1714 696 1769 ubi
729 1722 840 1771 tota
871 1714 1162 1785 impuritas
1191 1715 1309 1772 sine
1339 1716 1722 1786 rcdargutione
1751 1715 1929 1771 scien-

323 1815 512 1875 terque
541 1815 595 1861 ει
636 1819 702 1860 ex
737 1805 1006 1862 industria
1046 1806 1347 1878 peragitur.
1398 1805 1521 1862 llazc
1548 1814 1631 1863 cst
1670 1822 1768 1861 vox
1796 1822 1926 1861 san-

319 1897 496 1967 guinis
556 1897 771 1967 fratris,
823 1898 1036 1954 scilicet
1092 1914 1160 1953 ex
1214 1898 1403 1953 eadem
1459 1897 1586 1954 olim
1646 1897 1926 1955 voluntate

321 1990 637 2060 progeniti,
688 1992 889 2047 interni
942 1991 1193 2048 videlicet
1244 1991 1419 2047 boni:
1476 1992 1696 2064 sanguis
1740 2000 1920 2049 autem

327 2090 615 2150 peccatum
630 2091 732 2137 est.
759 2081 875 2137 Vox
886 2097 1017 2154 ergo
1030 2083 1303 2154 sanguinis
1325 2083 1538 2150 clamat,
1551 2098 1695 2149 cum,
1712 2083 1925 2153 peccati

328 2168 675 2236 querimonia
719 2184 818 2239 per
861 2172 1061 2226 mentis
1098 2170 1467 2243 arrogantiam
1510 2173 1795 2244 despecta,
1827 2172 1925 2228 Dei

326 2253 645 2323 patientiam
672 2256 877 2312 acriter
901 2258 1190 2328 inquietat.

401 2348 567 2404 Vens.
596 2350 683 2403 11.
706 2380 778 2391 -
809 2348 970 2406 Nunc
996 2369 1116 2423 ergo
1145 2352 1458 2410 maledictus
1490 2356 1594 2411 eris
1624 2372 1779 2427 super
1815 2366 1947 2412 ter-t

326 2455 462 2506 ram,
495 2457 613 2510 qum
638 2442 843 2511 aperuit
871 2459 929 2497 os
951 2460 1127 2509 suum,
1151 2455 1198 2499 et
1225 2446 1449 2516 suscepit
1474 2448 1782 2517 sanguinem
1813 2446 1927 2517 fra-

323 2532 422 2587 tris
448 2534 526 2586 tui
564 2533 630 2589 de
661 2550 825 2589 manu
876 2545 991 2591 tua.
1022 2536 1163 2609 Ergo
1202 2538 1441 2594 innitens
1482 2539 1740 2605 terrenis,
1768 2546 1825 2595 ct
1864 2539 1925 2597 in

325 2620 443 2678 sola
471 2623 762 2693 superﬁcie
791 2638 890 2695 per
917 2624 1249 2697 bypocrisim
1280 2625 1443 2684 factis
1468 2628 1723 2699 operibus
1749 2627 1922 2685 male-

325 2711 505 2768 dictus
547 2712 690 2779 eris,
726 2714 777 2771 id
823 2725 907 2772 est
949 2718 1168 2788 cognito
1216 2726 1321 2773 tua:
1359 2718 1619 2776 vanitatis
1667 2722 1925 2792 figmento

328 2809 695 2865 exsecrationi
720 2809 1030 2867 habeberis.
1055 2811 1188 2879 Qua:
1218 2820 1364 2868 terra
1393 2813 1458 2867 de
1485 2829 1647 2869 manu
1677 2824 1770 2869 tua
1794 2832 1924 2871 san-

323 2900 535 2972 guinem
580 2916 677 2957 ore
719 2912 909 2974 aperto
947 2905 1195 2977 suscipit,
1229 2906 1355 2976 quia
1396 2916 1645 2964 terrenus
1674 2907 1923 2976 allectus,

323 2994 643 3066 cupiditatis
691 2997 925 3068 propria:
962 2999 1267 3071 capacitate
1308 2998 1508 3067 laxata,
1545 3000 1610 3056 de
1651 3016 1839 3069 manu,
1870 3001 1926 3057 id

323 3097 407 3142 est
444 3089 510 3144 de
552 3088 797 3146 forastici
840 3092 1021 3163 operis
1062 3092 1233 3162 gloria
1272 3092 1489 3163 gavisus
1518 3102 1750 3148 mortem
1780 3094 1919 3150 inte-

324 3177 487 3233 rioris
515 3179 774 3246 hominis,
809 3181 862 3236 id
900 3191 985 3238 est
1010 3183 1329 3255 sanguinem
1357 3182 1644 3253 inhianter
1672 3184 1921 3255 suscipit.

2031 613 2235 668 ueniam
2263 630 2486 670 merear.
2520 615 2692 673 Tanta
2728 628 2831 686 est,
2858 617 3066 689 inquit,
3088 619 3341 676 contexio
3364 620 3619 678 vitiorum

2029 712 2089 758 ut
2117 704 2362 775 expediri
2386 719 2416 759 a
2447 721 2536 762 me
2563 717 2797 778 nequeat
2820 707 2927 765 ulla
2962 711 3616 782 congestionebonorum.

2029 801 2218 871 (Vens.
2246 799 2356 872 14.)
2373 831 2449 853 --.
2471 801 2608 857 Ecce
2643 803 2791 874 ejicis
2808 821 2890 860 me
2915 805 3070 861 hodie
3096 822 3129 861 ιι
3154 806 3292 876 facie
3326 816 3500 875 terrm,
3519 818 3565 862 et
3590 825 3621 861 α

2029 893 2169 963 facie
2198 902 2289 948 tua
2312 894 2631 964 abscondar,
2658 906 2706 951 et
2728 913 2817 952 ero
2840 914 2997 968 uagus
3022 908 3071 953 et
3093 898 3349 971 profugus
3371 900 3427 954 in
3459 879 3664 954 terra.‘

2031 983 2261 1041 Frustra
2291 999 2489 1057 nempe
2518 986 2755 1054 niterer;
2784 987 2930 1057 ejicis
2953 988 3099 1045 enim
3121 1005 3205 1045 me
3230 1006 3263 1044 a
3284 989 3421 1059 facie
3446 1000 3621 1050 terra’,

2030 1074 2082 1131 id
2104 1085 2189 1132 est
2208 1092 2238 1131 a
2262 1077 2570 1149 cognitione
2590 1078 2717 1144 mei,
2741 1076 3045 1135 fraudando
3064 1096 3153 1137 me
3172 1080 3424 1137 videlicet
3448 1080 3622 1151 gratia

2030 1179 2146 1237 tua,
2177 1181 2239 1225 ut
2281 1170 2337 1225 in
2379 1171 2674 1242 reprobum
2704 1170 2888 1242 lapsus
2928 1187 3149 1228 sensum
3193 1182 3427 1239 terram,
3459 1171 3511 1227 id
3541 1180 3625 1225 est

2028 1270 2376 1333 peccatorem
2408 1278 2495 1319 me
2518 1261 2754 1318 dillitear
2780 1279 2795 1328 ;
2819 1263 3070 1334 peccanti
3093 1262 3242 1318 enim
3271 1262 3474 1319 dictum
3500 1271 3582 1317 cst
3606 1277 3621 1315 :

2032 1352 2195 1408 Terra
2244 1370 2297 1408 es
2337 1363 2386 1409 et
2425 1354 2481 1407 in
2520 1363 2716 1408 terram
2758 1353 2856 1409 ibis
2898 1351 3051 1426 (Gen.
3098 1369 3190 1419 Ill,
3236 1352 3349 1425 t9),
3397 1362 3624 1424 peceata

2031 1445 2243 1502 scilicet
2264 1460 2386 1502 mea
2409 1460 2517 1501 non
2541 1445 2775 1513 videam,
2799 1454 2856 1501 et
2876 1444 2980 1502 hoc
2999 1445 3183 1513 hodie,
3203 1444 3257 1501 id
3277 1453 3361 1501 est
3384 1443 3622 1515 quandiu

2032 1539 2393 1612 intelligentia
2443 1539 2786 1596 discretionis
2833 1539 3006 1596 fruor.
3054 1539 3208 1607 Quod
3256 1547 3342 1595 est
3387 1538 3567 1593 dicere
3604 1552 3621 1590 :

2030 1628 2169 1686 Cum
2201 1643 2288 1684 me
2317 1630 2643 1686 excaecando
2675 1629 2912 1686 alienum
2948 1646 2978 1685 a
3010 1638 3085 1698 te,
3112 1639 3168 1686 et
3204 1646 3234 1685 a
3277 1645 3364 1686 me
3399 1630 3519 1699 ipso
3543 1628 3625 1682 fa-

2031 1722 2169 1787 eias,
2195 1720 2456 1792 injustum
2499 1721 2658 1777 valde
2695 1721 2866 1777 videri
2900 1729 3097 1793 potest,
3121 1719 3264 1791 quod
3297 1735 3419 1776 cum
3447 1720 3627 1775 adhuc

2032 1814 2099 1869 de
2130 1813 2265 1869 meis
2305 1813 2577 1870 indoleam
2614 1814 2918 1881 erratibus,
2949 1813 3082 1870 facis
3120 1825 3183 1870 ut
3220 1814 3384 1870 etiam
3421 1829 3453 1866 a
3488 1812 3626 1882 facie

2031 1916 2124 1961 tua
2152 1907 2471 1973 abscondar,
2504 1906 2555 1962 id
2582 1914 2666 1963 est
2703 1922 2734 1962 a
2761 1906 2991 1962 videnda
3022 1904 3193 1978 gloria
3235 1913 3329 1960 tua
3364 1913 3625 1974 tanquam

2033 1998 2236 2068 impius
2274 1999 2326 2053 in
2357 1997 2543 2054 futuro
2566 1998 2742 2065 tollar,
2772 2013 2966 2069 vagum
2995 2006 3051 2053 et
3075 1995 3361 2069 profugum
3392 2010 3479 2051 me
3508 1986 3624 2048 em-

2031 2088 2227 2145 cicndo
2249 2091 2302 2143 in
2325 2100 2487 2156 terra,
2509 2090 2729 2146 labilem
2753 2106 2851 2161 per
2872 2090 3026 2155 vitia,
3048 2106 3113 2146 ac
3133 2088 3301 2146 totius
3328 2089 3455 2145 boni
3478 2085 3627 2143 refu-

2031 2195 2157 2251 gam
2184 2194 2273 2236 me
2309 2180 2428 2237 ﬁeri
2452 2182 2774 2251 permittens
2796 2198 2896 2253 per
2920 2182 3189 2237 evidentia
3226 2197 3413 2252 opera.
3439 2178 3625 2235 Omnis

2028 2271 2193 2342 igitur
2216 2272 2307 2342 qui
2339 2272 2592 2327 invenerit
2623 2288 2725 2341 me,
2769 2273 2966 2329 occidet
3006 2288 3108 2328 me.
3146 2271 3238 2327 llle
3270 2286 3358 2327 me
3396 2271 3625 2337 invenit,

2030 2362 2125 2433 qui
2167 2378 2289 2421 esse
2326 2380 2530 2433 meum,
2559 2364 2614 2420 id
2641 2373 2727 2421 est
2758 2366 2926 2421 vitam
2954 2364 3273 2436 vestigando
3306 2363 3536 2435 reperit,
3570 2367 3629 2421 et

2028 2454 2253 2522 occidit,
2284 2456 2331 2511 si
2362 2456 2651 2512 criminum
2681 2472 2927 2513 meorum
2968 2456 3273 2528 quantitate
3301 2453 3628 2528 perterritus

2027 2560 2182 2618 spem
2201 2546 2375 2603 venia:
2401 2547 2535 2603 mihi
2565 2547 2672 2619 37
2695 2547 2906 2603 adimit.
2936 2548 3044 2604 Sed
3066 2547 3363 2603 notandum
3390 2546 3629 2618 qualiter

2026 2638 2083 2695 in
2099 2639 2270 2696 Deum
2283 2655 2412 2696 suas
2426 2640 2587 2695 homo
2600 2640 2909 2711 intorqueat
2925 2637 3301 2711 nequitias.Tu
3311 2680 3325 2708 ,
3339 2639 3438 2707 ait,
3454 2638 3625 2709 ejicis,

2025 2749 2109 2789 me
2137 2750 2170 2787 a
2196 2731 2332 2803 facie
2364 2743 2537 2798 terra,
2580 2733 2633 2789 id
2660 2743 2745 2789 est
2780 2742 2836 2788 tu
2868 2749 3058 2789 curam
3097 2733 3204 2789 mei
3244 2732 3379 2788 mihi
3417 2730 3626 2796 aufers,

2027 2827 2084 2876 et
2119 2818 2225 2875 hoc
2260 2828 2379 2875 uta
2417 2818 2555 2875 facie
2577 2829 2667 2874 tua
2695 2819 3034 2884 abscondar,
3074 2819 3222 2891 quod
3250 2828 3336 2875 est
3371 2833 3403 2873 a
3436 2816 3513 2873 tui
3543 2816 3630 2875 vi-

2029 2909 2186 2966 sione
2221 2910 2493 2979 secludar,
2520 2919 2577 2967 et
2616 2911 2741 2969 ideo
2774 2911 2843 2968 ab
2870 2910 3182 2970 hominibus
3215 2910 3327 2983 jam
3361 2910 3617 2983 despera-

2030 2998 2276 3056 tissimus
2303 2998 2476 3054 dicar.

2024 3099 2039 3155 ί
2103 3085 2266 3143 Vens.
2300 3083 2883 3157 £5.-—Nequaquam,
2935 3086 3010 3141 ait
3055 3083 3338 3152 Dominus,
3385 3084 3462 3139 ita
3504 3081 3618 3154 ﬁet,

2027 3178 2119 3235 sed
2138 3179 2433 3250 quicunque
2459 3178 2704 3233 occiderit
2721 3177 2854 3234 Cain
2879 3176 3173 3248 septuplum
3212 3176 3478 3242 punietur.
3500 3174 3623 3232 Non

324 3265 511 3339 (Vens.
532 3270 644 3342 12.)
660 3302 729 3311 -
743 3269 874 3327 Cum
887 3248 1139 3343 operatus
1145 3274 1309 3343 fueris
1331 3250 1470 3341 eam,
1486 3275 1538 3331 id
1559 3286 1643 3332 est
1660 3291 1784 3333 cum
1808 3248 1924 3331 cor-

2030 3268 2124 3340 qui
2150 3248 2231 3325 ﬁte
2258 3267 2543 3335 occiderit,
2578 3269 2673 3325 sed
2699 3269 2792 3340 qui
2822 3266 2956 3324 Cain
2987 3267 3257 3324 occiderit.
3301 3268 3625 3338 quuantum

323 3374 426 3442 pus
445 3360 672 3431 jejunio,
698 3363 930 3434 vigiliis,
962 3365 1211 3434 aliasque
1255 3366 1442 3439 (forte,
1485 3368 1737 3440 aliisqch
1770 3368 1927 3422 attri-

325 3450 501 3516 veris;
528 3450 652 3507 Non
679 3454 823 3508 dabit
868 3454 1073 3525 fructus
1107 3474 1252 3526 suos,
1281 3467 1512 3514 terrena:
1531 3459 1741 3516 scilicet
1762 3474 1926 3530 quam

330 3540 582 3611 postulas
608 3542 806 3613 laudis,
846 3547 975 3617 quia
1005 3565 1166 3620 vagus
1199 3566 1357 3622 super
1387 3560 1584 3606 terram
1619 3553 1743 3608 eris.
1773 3550 1927 3621 Quod

323 3641 413 3687 est
452 3635 520 3689 ad
569 3651 761 3694 omnes
798 3640 1161 3696 tentationum
1200 3642 1669 3712 impulsusqetiam
1715 3644 1769 3699 in
1808 3643 1924 3700 evi-

324 3724 508 3780 dentia
544 3741 773 3798 operum
823 3738 1040 3786 tuorum
1082 3733 1353 3789 instabilis
1398 3733 1467 3790 de
1508 3735 1642 3791 vitio
1687 3751 1821 3792 sane
1869 3735 1925 3792 in

324 3813 517 3871 vitium
558 3817 847 3875 delaberis.
893 3819 1163 3893 Profugus
1201 3822 1368 3879 etiam
1410 3824 1535 3893 eris,
1576 3826 1725 3895 dum,
1773 3833 1927 3883 tetrre

324 3912 676 3969 conscientiae
700 3914 951 3987 exigente
978 3925 1151 3983 reatu,
1175 3918 1244 3973 ad
1266 3932 1483 3974 omnem
1514 3929 1704 3975 nutum
1742 3920 1925 3978 timori

324 4004 679 4077 subjacebis:
734 4008 860 4081 fuga
910 4024 1142 4080 namque
1193 4011 1363 4066 animi
1413 4011 1577 4067 timor
1620 4020 1741 4080 est;
1789 4014 1927 4071 solet

326 4111 548 4168 quoque
587 4099 681 4169 qui
725 4098 863 4171 fugit
906 4102 1214 4171 praecedere
1254 4118 1380 4159 eum
1420 4104 1514 4174 qui
1554 4104 1923 4176 subsequitur,

326 4202 495 4259 seque
524 4189 707 4263 fugat:
747 4192 1027 4249 insecutor
1060 4205 1248 4251 noster
1282 4196 1528 4254 diabolus
1559 4206 1663 4267 est,
1702 4199 1792 4268 qui
1826 4215 1924 4257 nos

328 4281 618 4352 tripliciter
649 4283 983 4354 insectatur,
1015 4286 1143 4343 dum
1180 4296 1273 4344 aut
1312 4305 1413 4345 nos
1454 4299 1646 4358 tentat,
1682 4299 1776 4345 aut
1811 4292 1926 4348 ille-

328 4373 519 4429 cebras
563 4380 1031 4451 opportunitatum
1074 4380 1276 4436 nostris
1313 4382 1700 4453 cupiditatibus
1739 4384 1913 4440 admi-

330 4465 549 4537 nistrat,
568 4478 661 4524 aut
685 4471 909 4541 praemia
936 4474 1266 4543 perpetratis
1282 4474 1660 4546 iniquitatibus
1687 4477 1928 4534 subscri-

2030 3375 2225 3433 nempe
2256 3361 2334 3416 tui
2364 3361 2634 3432 possessio
2672 3375 2754 3427 es,
2779 3361 3099 3432 inquantum
3133 3369 3185 3416 te
3213 3361 3468 3432 castigas,
3492 3369 3546 3417 et
3568 3358 3628 3417 in

2030 3452 2314 3509 servitium
2365 3467 2564 3524 corpus
2626 3450 2848 3523 redigis,
2901 3452 3028 3524 quia
3078 3467 3185 3523 qua
3226 3450 3529 3508 intentione
3570 3450 3629 3507 id

2031 3544 2202 3601 facias
2249 3545 2542 3607 nesciens,
2595 3554 2648 3601 te
2696 3544 3002 3615 hypocrisis
3051 3545 3212 3616 culpa
3261 3544 3621 3612 damnaverit,

2029 3636 2326 3709 septuplum
2374 3636 2652 3708 punietur,
2683 3635 2975 3693 exterioris
3015 3644 3070 3692 et
3094 3636 3375 3694 interioris
3412 3635 3628 3693 scilicet

2029 3727 2211 3798 operis
2237 3727 2309 3783 tui
2334 3727 2705 3799 peremptione
2755 3742 2882 3785 reus
2934 3727 3247 3785 habebitur.
3273 3728 3627 3801 Septenarius

2030 3821 2230 3893 quippe
2259 3835 2522 3876 numerus
2564 3820 2620 3876 in
2650 3828 2886 3891 quatuor
2932 3828 2990 3876 et
3038 3821 3141 3877 tria
3168 3820 3448 3877 dividitur.
3480 3820 3626 3889 Qua-

2033 3926 2156 3973 tuor
2181 3915 2466 3971 elementis
2499 3927 2715 3985 corpus,
2750 3914 2924 3971 tribus
2968 3913 3357 3986 principalibus
3383 3915 3624 3970 motibus

2029 4004 2329 4071 intellectu,
2358 4003 2645 4070 memoria,
2692 4002 2973 4060 voluntate
3016 4003 3197 4059 anima
3234 4011 3470 4061 constat.
3519 4001 3625 4070 Qui

2029 4114 2161 4169 ergo
2216 4099 2528 4165 hominem,
2565 4097 2694 4154 licet
2746 4096 3116 4168 hypocritam,
3166 4096 3297 4153 licet
3344 4096 3622 4161 vitiosum,

2029 4209 2189 4265 quem
2229 4202 2408 4250 tamen
2464 4208 2641 4264 neque
2698 4205 2850 4247 certo
2885 4191 3247 4265 hypocritam,
3283 4205 3385 4247 nec
3432 4204 3625 4247 revera

2028 4285 2284 4341 vitiosum
2309 4285 2598 4355 comperit,
2637 4282 2950 4355 praeiudicio
2976 4284 3235 4351 damnat,
3259 4282 3625 4354 corporalium

2029 4394 2093 4435 ac
2122 4379 2486 4451 spiritualium
2534 4380 2653 4451 ejus
2701 4380 2992 4445 bonorum,
3029 4376 3243 4434 etiamsi
3287 4377 3434 4432 nulla
3490 4376 3624 4445 sint,

2030 4481 2293 4545 quantum
2321 4489 2417 4530 sua
2444 4473 2695 4539 interest,
2720 4486 2840 4529 sese
2872 4471 3165 4528 homicidio
3190 4470 3424 4541 obligat;
3476 4469 3624 4526 idem

331 4553 507 4662 bendo
565 4572 938 4620 connumerat.
1004 4565 1310 4623 Accusatur
1361 4577 1542 4623 autem
1604 4568 1927 4641 plerumque
1958 4606 2005 4662 Β
2032 4584 2164 4626 sane
2193 4568 2462 4624 veraciter
2492 4567 2637 4622 bono
2663 4564 2883 4620 cuilibet
2912 4563 3074 4620 facile
3100 4564 3389 4636 irrogaret,
3410 4561 3504 4635 qui
3541 4562 3621 4619 illi

333 4644 600 4706 fallaciter
626 4654 983 4726 impulsionis,
1001 4658 1126 4728 quia
1153 4660 1410 4729 praecedit
1436 4676 1603 4731 prava
1631 4662 1924 4733 cogitantis

330 4739 644 4799 adinventio
675 4746 870 4805 diaboli
899 4750 1215 4807 instantiam
1250 4752 1605 4823 impellentis,
1638 4755 1780 4811 unde
1809 4756 1926 4811 cui-

327 4834 452 4891 dam
485 4838 719 4898 dicitur:
755 4843 971 4901 Mittam
1009 4856 1057 4902 te
1085 4847 1227 4904 sicut
1256 4848 1419 4919 pilam
1445 4850 1500 4903 in
1535 4858 1730 4905 terram
1758 4849 1924 4905 latam

327 4924 466 4998 (Isa.
513 4947 651 5002 xm,
688 4935 799 5005 18),
841 4936 967 5008 quia
1005 4937 1111 5007 pila
1151 4954 1275 4994 cum
1309 4938 1539 5009 jaeitur,
1574 4940 1695 5011 plus
1745 4941 1926 4997 currit

326 5019 615 5095 aliquoties
658 5044 821 5098 quam
868 5029 1000 5085 velit
1040 5031 1086 5086 is
1128 5047 1158 5087 a
1200 5048 1309 5103 quo
1354 5034 1612 5105 mittitur,
1645 5043 1701 5093 et
1744 5035 1871 5091 alibi
1906 5054 1921 5091 :

324 5112 493 5189 Fugit
527 5118 724 5179 stultus
766 5123 970 5179 nemine
1008 5136 1344 5197 persequente
1367 5126 1550 5199 (Prov.
1592 5146 1786 5197 xxvut,
1824 5128 1921 5203 l);

325 5214 383 5262 et
421 5224 653 5268 rursus:
700 5212 957 5269 Abierant
999 5216 1193 5287 absque
1232 5218 1542 5288 fortitudine
1581 5231 1699 5276 ante
1734 5221 1924 5291 facient

232 5348 235 5349 ν
327 5300 688 5374 subsequentis
724 5306 945 5375 (Thren.
977 5324 1017 5376 ι,
1051 5307 1128 5381 6).
1166 5308 1280 5366 Hoc
1316 5310 1481 5382 igitur
1509 5312 1669 5367 modo
1699 5312 1926 5382 quilibet

310 5390 613 5466 \hypocrita
642 5397 903 5470 profugit,
945 5401 1075 5456 dum
1113 5403 1341 5458 tentanti
1378 5403 1548 5470 cedit,
1578 5412 1672 5459 aut
1705 5411 1923 5460 tentan-

323 5493 436 5543 tem
484 5493 765 5561 praevenit.
810 5494 939 5561 lsta,
972 5494 1100 5551 dum
1157 5512 1311 5553 mens
1343 5496 1720 5554 ratiocinando
1764 5499 1923 5571 quasi

323 5579 439 5637 Deo
477 5583 531 5641 in
565 5600 624 5643 sc
665 5586 922 5659 loquente
950 5587 1111 5644 simul
1138 5590 1430 5661 praevidet,
1460 5600 1552 5647 aut
1588 5593 1923 5663 pedetentim

326 5678 658 5746 experiendo
686 5682 976 5752 persentit,
1007 5682 1133 5754 quia
1163 5685 1475 5742 unctionem
1528 5683 1763 5756 Spiritus
1812 5703 1920 5745 non

329 5766 559 5915 eicipis,
603 5770 747 5829 inter
778 5789 836 5834 sc
882 5790 947 5833 ac
984 5773 1154 5836 Deum
1211 5778 1477 5853 parietem
1526 5777 1921 5852 desperationis

329 5866 361 5911 0
404 5862 489 5913 ten
532 5858 591 5915 it.
1476 5864 1481 5869 ’

328 5858 591 5917 obtendit.
1476 5864 1481 5869 ’

2030 4659 2306 4730 incognito
2370 4657 2666 4713 indiscrete
2732 4656 3031 4712 convitium
3089 4652 3273 4711 infert.
3334 4651 3625 4725 Posuitque

2026 4751 2284 4807 Dominus
2314 4749 2448 4805 Cain
2469 4750 2709 4821 signum,
2742 4757 2926 4805 utnon
2948 4766 3067 4805 eum
3093 4747 3406 4820 interﬁceret
3454 4748 3624 4804 omnis

2026 4846 2116 4918 qui
2141 4845 2411 4901 invenisset
2439 4861 2581 4901 eum.
2621 4842 2781 4901 Ponit
2808 4843 3071 4902 Dominus
3118 4846 3331 4917 signum
3364 4844 3421 4899 in
3458 4843 3620 4909 Cain,

2028 4939 2154 4997 dum
2184 4955 2358 5011 neque
2386 4938 2673 4996 hominum
2703 4939 2944 5011 signatas
2977 4938 3197 4995 interim
3224 4978 3241 5007 ,
3291 4938 3347 4995 id
3377 4946 3462 4994 est
3490 4952 3625 4994 con-

2028 5039 2201 5088 tectas
2254 5033 2460 5103 patitur
2505 5046 2631 5089 esse
2659 5033 2959 5104 nequitias,
3001 5040 3061 5088 ut
3106 5047 3139 5087 a
3188 5030 3405 5087 nemine
3455 5029 3623 5103 digna

2027 5133 2204 5182 morte
2223 5135 2431 5182 mterna
2462 5140 2649 5182 eorum
2701 5126 2755 5180 in
2798 5125 2901 5181 hoc
2945 5121 3142 5179 szeculo
3166 5120 3453 5193 aliquoties
3477 5118 3625 5192 judi-

2027 5220 2140 5291 catgi
2169 5218 2342 5290 possit
2379 5217 2659 5289 iniquitas.
2695 5216 2752 5272 Si
2784 5217 2927 5272 enim
2958 5214 3187 5284 abrupte
3226 5211 3621 5283 iudicaremus,

2028 5311 2251 5384 dignum
2272 5313 2383 5367 vita
2411 5311 2690 5367 multoties
2714 5309 2873 5365 morti
2907 5307 3304 5365 addiceremus.
3468 5382 3475 5389 ο

2099 5405 2265 5462 Vens.
2294 5404 2382 5460 16.
2406 5434 2476 5444 -
2501 5404 2861 5475 Egressusque
2912 5398 3047 5456 Cain
3071 5418 3103 5455 a
3124 5401 3259 5472 facie
3284 5400 3500 5459 Domini
3525 5403 3623 5458 Ita-

2028 5498 2207 5555 bitarit
2235 5498 2489 5570 profugus
2516 5499 2571 5553 in
2601 5506 2742 5552 terra
2771 5495 2840 5550 ad
2867 5493 3175 5550 orientalem
3208 5494 3421 5568 plagam
3444 5493 3617 5554 Edon.

2028 5593 2167 5661 Quia
2192 5594 2374 5663 itaque
2402 5592 2457 5646 in
2489 5606 2583 5646 sua
2609 5589 2742 5646 Cain
2766 5589 2832 5645 ad
2857 5598 3068 5662 tempus
3090 5591 3222 5647 latet
3249 5590 3615 5658 conscientia,

2026 5697 2253 5741 securus
2272 5682 2547 5754 egreditur
2573 5698 2605 5738 a
2630 5681 2770 5739 facie
2795 5683 3040 5752 Domini,
3073 5685 3127 5741 id
3156 5692 3241 5741 est
3270 5686 3487 5739 favores
3517 5697 3619 5753 per

2026 5777 2298 5833 humanos
2330 5791 2553 5849 sparsus
2604 5794 2708 5835 non
2760 5776 2994 5834 aestimat
3042 5775 3205 5844 mala,
3246 5789 3366 5847 quae
3402 5773 3617 5831 occulte

2028 5872 2160 5948 agit,
2196 5872 2363 5930 Deum
2389 5871 2587 5935 habere
2620 5873 2672 5931 in
2700 5872 2971 5947 notitiam,
3005 5880 3095 5930 aut
3124 5872 3242 5945 haec
3272 5868 3618 5933 dissimulare
