4108 6324
481 366 553 412 ao
1312 349 1376 406 V.
1419 345 1746 407 GUIBERTI
1774 342 2064 402 ABBATIS

2198 336 2440 398 ΜΑΒΙᾸΞ
2470 338 2557 396 DE
2598 333 2991 394 NOVIGENTO
3674 327 3738 383 ει

482 448 747 503 scientem
788 447 982 520 pieque
1036 446 1333 519 ignoscere,
1370 442 1623 498 habitans
1664 442 1719 497 in
1751 449 1896 497 terra
1924 456 2051 510 pro-
2081 446 2131 501 Α
2158 446 2380 492 vocatos
2414 435 2493 490 sui
2537 432 2827 489 occasione
2854 429 3121 483 devocare
3158 422 3315 481 solet.
3350 420 3607 485 Uxorem,
3648 423 3738 486 ait,

482 537 680 611 fugus,
738 515 910 611 figens
975 515 1181 594 scilicet
1239 536 1292 589 in
1341 536 1573 590 terrenis
1638 535 1918 597 animum,
1964 546 2063 585 nec
2169 530 2330 593 duxi;
2384 538 2429 583 et
2490 527 2606 580 ideo
2661 541 2763 579 non
2803 538 3012 593 possunt
3067 518 3239 574 uenire
3284 516 3434 586 (Luc.
3470 515 3738 583 xrv,20):

480 610 630 687 illam
694 610 941 703 quaerens
987 631 1254 685 civitatem
1277 667 1292 695 ,
1352 627 1506 697 cujus
1558 627 1737 696 opifex
1792 635 1876 681 est
1925 625 2062 679 Deus
2166 626 2317 682 Uxor
2342 633 2522 679 autem
2554 622 2669 676 haec
2695 627 2775 674 est
2799 617 3043 685 voluptas
3068 630 3171 683 qua
3200 613 3251 667 in
3289 610 3598 665 transitoria
3626 625 3742 678 pos-

481 724 669 792 (Hebr.
712 701 791 789 iu,
818 724 925 789 10),
963 725 1171 778 haerens
1204 721 1429 785 infimis,
1458 720 1551 776 sed
1580 720 1781 789 ubique
1809 719 2061 772 vitiorum
2166 720 2415 774 sessione
2442 723 2497 770 et
2527 712 2681 767 laude
2711 710 3069 771 convolvitur,
3103 707 3230 760 licet
3279 703 3383 757 alia
3425 701 3658 764 simulet,
3696 712 3746 756 et

418 814 794 887 odill‘ugiens,
847 830 952 885 quo
1006 815 1240 869 seminat
1288 812 1511 867 affectus
1541 854 1554 879 ,
1614 821 1861 867 versatur
1919 810 2063 864 circa
2167 813 2468 869 sinceriora
2496 807 2752 861 affectare
2780 804 3049 858 videatur.
3101 798 3254 855 Unde
3282 805 3337 851 et
3387 794 3543 866 paulo
3569 794 3746 848 subter
3942 822 3943 865 ι

477 911 791 966 orientalem
825 911 1035 983 plagam
1080 911 1266 975 Eden,
1315 909 1457 980 quod
1502 910 1891 978 interpretatur
1933 906 2065 960 deli—
2166 905 2408 976 ejusdem
2436 901 2568 956 Cain
2602 898 2951 971 generatione
3002 900 3254 949 contexta
3303 888 3505 944 Noema
3558 887 3745 941 mulier

475 1000 692 1054 ciarum.
737 1000 851 1056 Non
900 982 1063 1073 igitur
1100 1002 1156 1055 in
1198 1001 1430 1065 oriente,
1490 1008 1547 1053 ut
1599 1000 1665 1055 de
1711 998 2061 1055 orientalibus
2166 1009 2409 1055 extrema
2436 985 3538 1061 attexitur,qu:euoluptasinterpretatur,
3566 982 3743 1050 inqua

473 1098 629 1151 esset,
671 1091 815 1146 inter
844 1108 982 1161 quos
1009 1108 1238 1163 magnus
1285 1099 1403 1145 erat
1438 1088 1564 1156 Job,
1589 1098 1644 1143 et
1682 1089 1793 1143 veri
1822 1088 2063 1143 Orientis
2171 1091 2349 1146 linalis
2382 1088 2736 1159 reproborum
2768 1080 2998 1137 intentio
3049 1080 3353 1133 denotatur.
3380 1074 3531 1128 lianc
3554 1087 3748 1144 cogno-

471 1174 675 1234 lumine
699 1180 1047 1247 lustraretur,
1082 1184 1173 1237 sed
1202 1183 1269 1235 ad
1303 1181 1607 1236 orientalem
1645 1181 1875 1252 plagam,
1902 1179 1957 1235 id
1981 1190 2066 1236 est
2171 1184 2278 1237 scit
2320 1180 2571 1251 quisquis
2627 1192 2728 1247 pro
2778 1172 3061 1229 dulcedine
3105 1167 3448 1239 praesentium
3484 1163 3750 1234 postponit

470 1270 537 1322 ad
579 1272 982 1327 simulationem
1035 1275 1351 1329 intentionis
1404 1291 1614 1337 eorum,
1668 1289 1896 1343 quorum
1937 1289 2066 1327 con-
2169 1275 2563 1331 beatitudinem
2624 1269 2968 1329 futurorum,
3010 1265 3151 1318 hanc
3195 1257 3501 1330 cognosc“.
3559 1256 3752 1312 misere

470 1364 712 1417 versatio
744 1364 797 1417 in
826 1365 977 1419 cmlis
1006 1375 1087 1421 est
1110 1365 1330 1436 (Philip.
1353 1383 1431 1432 ιιι,
1458 1367 1564 1437 10),
1591 1375 1645 1420 et
1665 1366 1860 1435 quibus
1887 1366 2068 1421 vivere
2170 1370 2361 1436 utique
2382 1363 2681 1433 experitur,
2715 1360 2806 1429 qui
2846 1358 2890 1413 si
2914 1369 3130 1425 semper
3159 1354 3357 1408 durare
3389 1348 3591 1419 possit,
3620 1363 3751 1401 nun-

475 1452 726 1511 Christus
749 1466 830 1511 est
855 1455 1075 1529 (Philip.
1112 1475 1150 1525 ι,
1183 1459 1293 1530 21).
1317 1459 1530 1515 Delicizn
1552 1468 1729 1513 autem
1755 1467 2067 1513 sanctorum
2171 1474 2336 1529 quam
2361 1457 2506 1510 aliud
2536 1452 2792 1510 smculum
2823 1465 2881 1506 se
2904 1448 3041 1504 velle
3094 1446 3309 1500 fatetur.
3340 1443 3468 1497 Inde
3501 1440 3752 1510 concipit,

482 1558 608 1601 sunt
634 1566 787 1604 sacra
832 1551 1080 1622 eloquia,
1125 1552 1177 1607 in
1208 1554 1403 1623 quibus
1442 1568 1501 1609 se
1537 1553 1881 1622 potissimum
1922 1552 2069 1606 dele-
2172 1562 2229 1606 et
2258 1551 2401 1620 parit
2434 1546 2681 1610 Henoch,
2710 1545 2762 1600 id
2795 1553 2897 1607 est,
2928 1539 3331 1599 dedicationem,
3386 1535 3510 1603 quia
3558 1542 3753 1595 tantus,

480 1640 641 1701 clari,
676 1655 839 1710 seque
878 1658 939 1696 ea
981 1652 1215 1699 tractare
1266 1645 1497 1701 libenter
1525 1653 1826 1710 ostentant,
1858 1654 1912 1699 et
1944 1644 2070 1699 inde
2175 1652 2231 1698 et
2262 1651 2368 1696 tam
2408 1639 2670 1711 pestilens
2705 1634 2888 1690 mundi
2919 1648 3073 1687 amor
3102 1628 3299 1685 mentis
3340 1627 3392 1681 in
3422 1625 3583 1681 nobis
3602 1623 3756 1680 eﬂicit

476 1727 778 1801 hypocrita:
833 1737 1208 1805 spiritualibus
1235 1754 1293 1793 se
1324 1738 1621 1807 Scriptura:
1674 1738 1832 1792 dictis
1857 1777 1872 1802 ,
1913 1734 2071 1805 quasi
2109 1800 2147 1807 _
2178 1735 2632 1796 obstinationem;
2666 1729 2893 1785 facimus
2921 1726 3064 1781 enim
3093 1721 3505 1783 dedicationem,
3546 1734 3668 1773 cum
3695 1718 3755 1771 ad

475 1825 708 1891 quadam
737 1828 988 1884 orientali
1020 1829 1139 1886 luce
1182 1830 1502 1887 clarilicant.
1534 1831 1590 1886 In
1643 1831 1727 1886 bis
1764 1830 1971 1886 deliciis
2010 1830 2065 1886 in
2108 1800 2153 1860 Β
2185 1827 2366 1883 sreculi
2404 1825 2798 1879 oblectamenta
2850 1824 3263 1890 perseveranter
3290 1811 3545 1891 amanda
3600 1809 3755 1864 animi

474 1914 702 1974 Cantico
759 1922 964 1978 amoris
1012 1939 1211 1993 sponsa
1259 1924 1569 1979 charissima
1616 1933 1842 1979 vocatur
1882 1923 2061 1988 (Cant.
2176 1920 2514 1977 ostendimus
2542 1914 2997 1971 oblirmatiouem.
3046 1908 3114 1963 Et
3161 1887 3437 1977 redi/ienuit
3467 1905 3757 1966 ciuitatem;

472 2024 571 2076 νη»
606 2012 682 2081 6).
734 2013 887 2071 Unde
931 2016 1073 2073 idem
1118 2033 1241 2072 cum
1298 2028 1509 2074 terrena
1561 2033 1783 2089 prorsus
1819 2026 1873 2072 et
1901 2030 2066 2086 Opera
2175 2024 2225 2069 et
2250 2014 2443 2081 uocauit
2471 2027 2654 2065 nomen
2675 2008 2789 2078 ejus
2812 2022 2876 2061 ex
2924 2004 3131 2059 nomine
3169 2000 3270 2070 ﬁlii
3296 2000 3376 2054 sui
3407 1996 3651 2052 Henoch.
3681 1995 3758 2051 Ci-

477 2103 646 2157 totius
692 2105 1042 2163 obscuritatis
1100 2108 1394 2175 aﬂ‘ectent,
1454 2111 1521 2166 de
1587 2109 1818 2165 videndo
1863 2108 1974 2164 Deo
2012 2118 2068 2164 et

470 2196 927 2265 contemplatione
950 2201 1249 2257 etelestium
1277 2202 1547 2258 subtiliter
1571 2203 1891 2273 eloquendo,
1929 2218 1994 2258 ac
2019 2202 2067 2257 si

472 2286 752 2355 cujusdam
786 2293 1118 2365 voluptuose
1170 2297 1510 2352 claritudinis
1539 2297 1710 2366 gloria
1752 2296 2065 2355 circumfusi

472 2380 663 2436 intima
713 2400 809 2439 sua
852 2387 1077 2456 palliare
1108 2390 1306 2455 solent,
1346 2399 1403 2445 et
1449 2392 1617 2447 verbo
1648 2389 1906 2461 praeferre
1937 2391 2070 2447 libet

475 2478 616 2542 quod
648 2479 915 2534 mentibus
946 2482 1081 2536 atris
1115 2498 1457 2552 nequaquam
1495 2486 1752 2554 sapieudo
1790 2494 1958 2555 patet.

548 2568 710 2624 Vrsas.
749 2573 830 2625 l7.
855 2604 923 2613 —
947 2573 1197 2645 Cognovit
1223 2588 1397 2631 autent
1451 2577 1584 2633 Cain
1632 2596 1845 2633 uxorem
1887 2596 2063 2644 suam,

474 2676 589 2732 quin
618 2667 868 2734 concepit,
901 2677 948 2721 et
971 2669 1424 2739 peperitﬂeuoch.
1458 2672 1611 2729 Licet
1640 2674 1707 2727 ad
1745 2673 2065 2729 orientalem

481 2752 798 2810 deliciarum
827 2768 1035 2828 partem
1087 2762 1219 2817 Cain
1270 2764 1520 2826 habitare
1579 2765 1849 2829 videatur,
1904 2765 2070 2818 habet

479 2854 658 2903 tamen
690 2866 937 2919 uxorem,
970 2854 1116 2911 illam
1169 2857 1379 2914 scilicet
1428 2873 1548 2928 quae
1595 2858 1662 2913 ad
1714 2873 1925 2914 orenam
1974 2857 2069 2912 Dei

2177 2108 2319 2161 vitas
2354 2103 2675 2166 :edificatur,
2715 2114 2837 2154 cum
2868 2096 2971 2152 sibi
3011 2093 3266 2148 similium
3312 2090 3515 2146 homini
3547 2088 3758 2143 cuilibet

2178 2211 2413 2267 nequam
2468 2190 2899 2250 conventiculum
2951 2194 3293 2257 aggregatur.
3327 2182 3411 2235 Ea:
3438 2180 3651 2235 nomine
3670 2179 3759 2249 ﬁlii

2176 2298 2354 2353 vocat,
2387 2302 2511 2342 cum
2561 2286 2627 2338 ad
2660 2282 2905 2338 eamdem
2957 2276 3176 2349 pessimi
3222 2273 3484 2344 propositi
3528 2271 3761 2325 destina-

2178 2383 2381 2437 tionem
2416 2377 2762 2447 impmuitens
2785 2372 3097 2444 sequacium
3142 2384 3239 2424 cor
3283 2373 3562 2438 provocat.
3605 2361 3759 2417 Multa

2179 2489 2346 2543 super
2385 2472 2471 2525 his
2500 2478 2555 2525 et
2588 2468 2913 2538 quibusdam
2966 2477 3086 2535 quae
3139 2468 3440 2530 sequuntur
3492 2456 3758 2520 dicerem,

2182 2566 2289 2620 nisi
2342 2566 2557 2619 beatum
2608 2559 2969 2630 Augustinum
3024 2564 3079 2611 et
3126 2554 3345 2610 Patrum
3396 2550 3609 2620 aliquos
3649 2547 3761 2603 inde

2180 2667 2445 2714 tractasse
2476 2656 2692 2711 scirem.
2721 2652 2821 2708 Hic
2847 2661 3026 2707 autem
3050 2657 3106 2705 et
3130 2648 3267 2703 alias
3292 2644 3490 2702 evitavi
3515 2643 3761 2698 Hebreu-

2180 2766 2301 2806 rum
2328 2750 2606 2806 nominum
2631 2746 2961 2819 congeriem.
3526 2719 3545 2739 ’

1583 3028 1833 3069 ΕΧΡΜΩΙΤ
1873 3026 2032 3067 LIBER
2076 3025 2343 3068 SECUNDUS
2381 3023 2676 3066 IORALIUI.

492 3180 3750 3223 _____________________________________.

1382 3360 1847 3453 INCIPIT
1916 3358 2280 3450 LIBER
2350 3354 2867 3448 TERTIUS

1290 3557 2043 3676 MORALIUM
2131 3555 2278 3668 IN
2362 3545 3025 3665 GENESIN.

1929 3736 2316 3757 ﬂ

1199 3826 1430 3883 CAPUT
1480 3826 1548 3884 γ.

560 3971 672 4043 38
699 3971 863 4028 Vens.
892 3970 981 4026 5|.
1003 4002 1073 4012 —
1096 3971 1211 4027 Noe
1233 3990 1351 4026 cum
1386 3974 1792 4044 quingentorum
1817 3982 1947 4029 esset
1981 3991 2076 4027 an-

493 4082 700 4127 norum,
753 4065 928 4134 genuit
978 4062 1120 4132 Sem,
1176 4063 1364 4131 Citam,
1417 4075 1465 4119 et
1521 4064 1769 4136 Japheth.
1825 4064 1937 4120 Noe
1981 4064 2080 4120 fuit

491 4156 632 4211 lilius
653 4156 903 4212 Lamech.
926 4157 1159 4213 Lamech
1178 4158 1457 4229 disciplina
1483 4159 1679 4214 dicitur
1694 4176 1707 4225 ;
1723 4157 1834 4215 Noe
1856 4161 2076 4227 requies.

491 4247 571 4302 Ex
596 4249 879 4319 disciplina
935 4264 1064 4322 ergo
1111 4251 1324 4317 requies
1354 4252 1547 4317 oritur,
1600 4267 1717 4321 quae
1739 4253 1915 4306 ctsiin
1947 4267 2082 4321 pra:-

490 4341 629 4395 senti
656 4343 904 4398 mter-oris
928 4351 1033 4409 est,
1063 4344 1471 4412 pacatissimum
1525 4353 1704 4397 tamen
1737 4342 1967 4397 fructum
1990 4340 2079 4411 ju-

492 4435 654 4491 stitize
696 4438 882 4492 reddet
938 4439 1254 4494 exercitatis
1304 4438 1356 4492 in
1390 4453 1450 4492 ea
1502 4436 1687 4509 (Hebr.
1717 4453 1815 4501 xu,
1848 4436 1956 4506 11).
1997 4435 2081 4489 ln-

494 4529 812 4586 tellcctualis
863 4532 1007 4587 enim
1062 4532 1165 4587 iste
1195 4533 1427 4587 Lamech
1461 4532 1540 4588 sic
1571 4531 1636 4586 de
1663 4529 1774 4587 Noe
1804 4545 1926 4585 cum
1956 4545 2077 4584 eum

495 4632 722 4693 generat
773 4626 886 4677 ait:
944 4624 1053 4679 Iste
1105 4625 1461 4680 consolabitur
1508 4642 1601 4681 nos
1633 4625 1697 4679 ab
1722 4623 1983 4695 operibus,
2031 4630 2079 4676 et

490 4714 756 4768 laboribus
780 4733 1029 4769 manuum
1060 4727 1358 4771 nostrarum
1388 4720 1443 4771 in
1477 4728 1636 4781 terra,
1687 4719 1769 4770 cui
1804 4715 2074 4770 maledixit

492 4808 748 4863 Dominus
778 4807 928 4879 (Gen.
956 4825 1007 4873 v,
1039 4809 1150 4881 29).
1183 4809 1312 4864 Nam
1337 4826 1458 4865 cum
1499 4827 1595 4882 per
1617 4811 1934 4866 exercitium
1963 4826 2081 4865 cer-

495 4902 713 4958 taminis
753 4902 1036 4957 devertitur
1076 4902 1239 4956 etiam
1274 4903 1326 4956 in
1357 4904 1457 4958 hoc
1508 4903 1704 4958 saeculo
1734 4904 1801 4957 ad
1836 4903 2078 4973 requiem

494 4994 841 5063 aliquantulm
868 4994 1343 5064 impassibilitatis,
1391 5005 1516 5050 tunc
1541 5011 1727 5051 revera
1756 4994 1887 5061 Noe,
1918 5009 2083 5064 quem

494 5089 777 5158 complexu
833 5088 1133 5158 disciplina:
1182 5089 1486 5159 genuimus,
1537 5089 1851 5144 consolatur
1900 5102 1999 5141 nos
2049 5101 2078 5141 a

2109 3808 2155 3871 ί]
2188 3801 2372 3853 mento
2396 3791 2648 3864 ponitur,
2686 3798 2740 3846 et
2771 3788 3030 3845 scribitur
3060 3786 3295 3843 finaliter
3332 3798 3431 3856 per
3466 3784 3521 3837 ά.
3544 3783 3770 3840 Percus-

2186 3905 2281 3946 sus
2320 3895 2503 3942 autem
2555 3883 2835 3939 rationalis
2890 3892 2974 3938 est
3026 3881 3273 3945 animus,
3325 3880 3416 3952 qui
3468 3879 3521 3933 in
3572 3877 3673 3934 Job
3722 3886 3773 3934 et

2182 3980 2407 4053 psalmis
2439 3978 2663 4049 sagittas
2694 3977 2796 4032 sibi
2827 3975 3021 4030 infixas
3046 3973 3461 4045 passibilitatum
3491 3972 3755 4043 queritur,

2182 4083 2235 4131 et
2263 4072 2617 4129 tentationum
2643 4070 2834 4140 jaculis
2869 4078 3185 4140 penetratur
3225 4066 3345 4138 (Job
3402 4082 3474 4132 vr,
3505 4065 3570 4131 ὥς
3607 4064 3758 4120 Psal.

2182 4181 2389 4231 xxxvn,
2421 4165 2496 4234 ὖ).
2522 4164 2692 4219 Isdem
2715 4178 2928 4233 quoque
2949 4162 3202 4233 percutit,
3234 4176 3353 4215 cum
3382 4158 3757 4228 ingruentibus

2184 4259 2397 4314 fortiter
2446 4274 2629 4312 earum
2676 4257 2939 4311 molestiis
2992 4253 3341 4325 repugnando
3392 4253 3620 4308 resistit.
3662 4252 3775 4307 Noe

2185 4360 2382 4413 autem,
2408 4350 2549 4419 quod
2594 4358 2673 4403 est
2705 4349 2940 4418 requies,
2991 4347 3184 4418 gignit,
3240 4362 3361 4400 cum
3413 4345 3480 4401 ad
3531 4345 3773 4399 victoria:

2187 4441 2632 4512 tranquillitatem
2684 4442 2947 4511 pervenit.
3004 4438 3196 4504 Habet,
3256 4439 3495 4509 inquam,
3558 4439 3772 4508 requies

2188 4533 2287 4590 is'ta
2311 4536 2543 4606 gradus;
2594 4534 2743 4604 prius
2784 4550 2976 4603 nempe
3013 4534 3253 4589 exterius
3280 4533 3347 4587 ab
3395 4548 3557 4602 opere
3604 4547 3773 4602 pravo

2186 4630 2515 4700 quiescimus
2567 4629 2781 4683 demum
2809 4670 2822 4691 ,
2884 4627 2977 4681 sed
3033 4626 3186 4681 valde
3216 4624 3485 4681 dillicilius
3531 4636 3710 4679 tamen
3742 4641 3771 4678 a

2185 4734 2438 4790 perversa
2471 4720 2798 4790 cogitatione
2838 4734 3133 4775 cessamus.
3183 4717 3337 4775 Unde
3366 4719 3771 4788 quingentorum

2186 4830 2447 4866 annorum
2491 4812 2606 4865 Noe
2639 4812 2969 4882 perhibetur.
3014 4812 3117 4867 Per
3144 4811 3455 4882 quinarium
3485 4826 3770 4865 numerum

2186 4903 2529 4959 exterioritas
2552 4902 2620 4956 ob
2647 4903 2883 4973 quinque
2913 4918 3102 4959 sensus
3132 4903 3421 4972 accipitur,
3465 4917 3562 4972 per
3591 4912 3774 4957 cente-

2186 4997 2396 5051 narium
2429 4992 2690 5065 perfectio
2724 4995 3005 5067 figuratur,
3047 4996 3187 5066 quod
3237 5002 3322 5049 est
3361 4993 3649 5049 exterioris
3680 4992 3772 5045 be-

2188 5087 2367 5143 neficii
2400 5087 2731 5158 plenitudine
2767 5104 2796 5142 a
2830 5104 3058 5159 nequam
3111 5088 3307 5142 studiis
3343 5102 3576 5143 cessare.
3627 5084 3768 5138 Anni

495 5183 763 5251 perpessis
790 5183 1086 5250 laboribus,
1138 5183 1289 5249 dum,
1343 5198 1447 5238 non
1491 5199 1671 5240 aerem
1702 5184 2079 5248 verberantes,
2115 5189 2160 5245 ι)
2186 5191 2367 5235 autem
2424 5180 2728 5235 divinorum
2778 5180 2998 5246 lumina,
3031 5188 3086 5235 et
3120 5180 3419 5235 hilaritates
3460 5178 3757 5235 ofﬁciorum

497 5275 562 5327 ad
588 5273 790 5343 aliquid
823 5276 1053 5344 imperii,
1082 5278 1161 5333 vel
1185 5278 1380 5347 quietis
1406 5277 1743 5348 perdgimus,
1784 5286 1839 5331 et
1877 5276 2081 5331 exube-

496 5367 669 5419 rantia
695 5367 881 5437 gratia:
907 5378 1062 5424 terra:
1085 5372 1406 5435 maledictis,
1462 5372 1511 5425 id
1559 5380 1642 5425 cst
1683 5368 2080 5425 defectionibus

493 5459 775 5527 corporeis
827 5463 1347 5530 supercxcrevimus.
1393 5463 1498 5518 Sed
1554 5463 1750 5534 gradus
1816 5462 2080 5530 quosdam

494 5552 659 5607 habet
686 5553 802 5609 haec
840 5557 1072 5625 requies.
1114 5556 1318 5609 Dicitur
1346 5565 1524 5611 autem
1568 5557 1821 5623 Lamech,
1865 5555 2083 5626 quando

496 5662 593 5716 per
620 5649 681 5701 ch
712 5651 986 5715 scribitur,
1028 5650 1289 5704 Hebraice
1312 5669 1630 5717 percussum,
1675 5653 1757 5706 vel
1791 5653 2083 5720 percutien-

496 5750 595 5793 tem
621 5755 846 5805 sonare;
880 5741 1213 5811 disciplinam
1242 5757 1369 5798 vero
1400 5752 1632 5810 tantum,
1663 5761 1781 5799 cum
1832 5760 1928 5815 pro
1973 5746 2083 5801 ele-

2182 5283 2338 5341 sunt,
2391 5274 2583 5344 quibus
2639 5276 2739 5331 iste
2788 5275 2981 5328 mentis
3024 5281 3239 5338 status,
3290 5274 3378 5341 qui
3422 5274 3474 5326 in
3528 5270 3767 5327 Cauticis

2188 5367 2410 5423 floridus
2463 5368 2659 5425 dicitur
2709 5365 2966 5422 Ecclesia:
3010 5366 3220 5429 Icelus,
3282 5364 3535 5434 impletur
3585 5364 3759 5436 (Cant.

2188 5477 2233 5527 ι,
2281 5462 2391 5531 15).

2261 5556 2317 5609 1η
2354 5557 2457 5612 hoc
2509 5558 2690 5626 itaque
2746 5552 2986 5607 Sabhato
3016 5548 3251 5620 gignitur
3300 5547 3448 5613 Seni,
3482 5550 3676 5614 (Ibam,
3717 5556 3771 5603 et

2188 5649 2440 5719 Japheth.
2477 5649 2602 5704 Sem
2630 5650 3014 5713 interpretatur
3043 5638 3370 5703 nominatus;
3406 5640 3456 5693 in
3484 5658 3590 5709 quo
3616 5640 3768 5695 intclo
3794 5630 3803 5647 ί

2187 5744 2373 5815 ligitur
2424 5743 2590 5807 fides,
2644 5739 2732 5805 ubi
2783 5752 2977 5791 nomen
3034 5732 3176 5803 quod
3215 5731 3563 5787 hcnediectur
3599 5747 3766 5806 super
