4108 6324
244 274 314 333 85
1164 272 1167 275 γ
1390 286 1761 347 MORALIUM
1800 285 1866 343 lN
1901 284 2203 345 GENESIN
2248 285 2374 342 LIB.
2407 282 2489 338 ΙΙΙ.
3472 282 3542 340 86

252 401 484 460 terram,
514 404 571 452 et
595 396 650 451 in
680 412 791 466 quo
820 398 935 454 solo
963 406 1206 469 oporteat
1229 415 1328 457 nos
1353 401 1531 459 salvos
1561 404 1679 459 fieri
1704 402 1844 459 aeci-
1876 408 1925 465 Α
1954 410 2141 456 nostra
2192 398 2489 453 obtinuisse
2539 395 2884 467 putabamus,
2943 394 3277 465 experientia
3330 396 3540 453 media-

256 483 438 550 pimus
464 485 605 554 (Act.
640 502 717 552 tv,
746 487 851 558 12).
890 488 1002 545 Hoc
1032 506 1095 545 ex
1127 494 1309 547 usuris
1338 502 1392 547 et
1438 493 1725 562 iniquitate
1760 507 1844 548 re-

260 574 603 646 demptorum
671 580 987 637 honorabile
1033 598 1229 639 nomen
1258 601 1440 641 coram
1500 588 1616 658 ipso
1671 587 1844 659 (Psal.

260 681 408 733 LXXI,
442 669 528 739 Μ)
561 689 572 723 :
620 671 677 725 Si
709 672 853 727 enim
892 674 944 727 hi
968 675 1057 744 qui
1089 676 1143 729 in
1185 676 1391 733 Christo
1424 689 1544 732 sunt
1581 688 1850 749 resurgent

261 760 420 828 primi
465 759 519 829 (Ι
543 760 725 816 Thess.
754 779 831 827 IV,
868 764 981 834 15),
1016 766 1087 821 ob
1122 766 1440 838 dignitatem
1483 769 1734 825 videlicet
1754 784 1851 824 no-

266 851 426 905 minis
452 852 771 923 Christiani,
802 865 861 910 ut
884 856 1013 926 quid
1041 859 1353 930 ambiguum
1387 860 1681 927 habeatur,
1708 859 1852 930 quod

266 955 321 999 et
352 945 451 1016 ipsi
484 947 754 1016 quoddam
807 950 1082 1019 potentius
1109 954 1391 1021 prwmium
1442 953 1497 1007 in
1538 952 1691 1008 etelis
1713 952 1854 1008 obti-

269 1048 440 1093 neant
469 1056 533 1095 ex
561 1041 851 1111 participio
902 1042 1143 1114 insignes
1192 1046 1327 1100 tanti
1386 1045 1661 1101 nominis?
1701 1044 1855 1100 Unde

268 1130 326 1185 in
370 1130 644 1202 baptismo
683 1150 874 1190 nomen
920 1135 1149 1205 quisque
1177 1137 1349 1191 tidelis
1398 1138 1618 1207 accipit,
1660 1137 1713 1191 in
1749 1149 1855 1205 quo

270 1224 341 1278 ad
373 1227 716 1295 exsequenda
756 1227 951 1283 Christi
977 1228 1128 1299 signa
1154 1230 1451 1299 spiritualis
1490 1229 1696 1285 militia:
1725 1243 1854 1297 pro-

272 1312 514 1371 fessione
542 1317 849 1373 subscribit.
885 1318 991 1374 Sed
1035 1320 1126 1390 qui
1157 1321 1234 1376 sic
1262 1322 1329 1375 de
1357 1320 1647 1393 ignominia
1682 1318 1856 1389 Baby-

274 1405 418 1463 lonis
448 1407 656 1481 fugiens
684 1411 1014 1477 nominatur,
1045 1412 1146 1468 sibi
1175 1412 1342 1467 Cham
1374 1428 1509 1482 opus
1538 1420 1623 1467 est
1650 1410 1858 1465 ftedere

274 1501 653 1571 germanitatis
685 1504 930 1568 addatur,
964 1504 1053 1576 qui
1083 1504 1285 1559 calidus
1321 1505 1716 1573 interpretatur
1764 1500 1859 1555 ubi

270 1608 397 1664 spes
424 1611 528 1651 non
559 1596 882 1653 inconcinne
911 1606 1145 1653 notatur.
1187 1596 1244 1653 Si
1274 1597 1415 1653 enim
1455 1596 1608 1652 calor
1627 1595 1695 1649 ab
1721 1592 1862 1664 ignis

269 1694 473 1741 natura
523 1688 782 1753 trahitur,
833 1699 888 1745 et
938 1691 1078 1762 ignis
1119 1689 1459 1760 originaliter
1509 1688 1577 1743 ad
1627 1700 1860 1755 superna

1948 495 2086 550 trice
2115 492 2353 562 loquitur
2402 489 2558 546 nobis
2602 490 2896 544 introrsum
2928 488 3090 553 Deus,
3137 505 3240 543 non
3285 506 3540 560 perman-

1949 599 2136 640 surum
2164 582 2415 638 videlicet
2460 579 2711 650 spiritum
2754 595 2908 635 Stltlttl
2956 579 3009 633 in
3050 579 3268 634 homine
3297 579 3351 634 in
3382 592 3544 636 aeter-

1949 690 2102 741 num,
2137 673 2189 728 id
2236 683 2319 730 est
2366 673 2471 727 vim
2518 670 2747 727 rationis
2807 671 2862 725 in
2910 671 3151 726 humano
3216 670 3382 726 corde
3432 686 3541 726 non

1953 776 2440 839 perseveraturam,
2481 779 2580 820 nec
2620 762 2765 818 enim
2812 764 3088 833 expedire,
3129 764 3255 834 quia
3290 779 3413 817 caro
3442 772 3540 828 est,

1954 860 2009 915 id
2030 869 2112 915 est
2143 858 2371 930 fragilis,
2420 866 2475 913 et
2515 857 2579 911 de
2610 871 2706 911 suo
2736 864 2881 911 statu
2920 855 3021 909 sibi
3056 855 3274 924 pariens
3304 869 3371 909 ex
3401 855 3544 924 inge~

1955 954 2069 1008 nita
2098 951 2454 1007 mutabilitate
2485 949 2716 1004 ruinam.
2785 946 3040 1017 Superbit
3090 948 3235 1002 enim
3288 947 3334 1002 si
3380 947 3545 1018 probe

1956 1048 2248 1117 quidquam
2304 1045 2404 1099 sibi
2468 1044 2643 1114 egisse
2702 1042 2973 1104 videatur,
3044 1042 3186 1095 sicut
3242 1056 3446 1111 pauper
3500 1039 3547 1095 si

1958 1140 2138 1196 subito
2166 1139 2232 1193 ad
2288 1138 2648 1193 inelaboratas
2696 1135 3004 1207 pervenerit
3046 1149 3197 1205 opes.
3228 1134 3550 1190 Necessaria

1959 1247 2089 1303 ergo
2125 1241 2207 1287 est
2260 1232 2485 1301 spiritus
2544 1231 2643 1285 ista
2688 1229 2948 1294 desertio,
2991 1226 3036 1281 si
3093 1234 3275 1281 tamen
3330 1241 3437 1281 non
3479 1227 3553 1281 sit

1960 1327 2206 1391 omnino,
2234 1324 2387 1393 juxta
2417 1323 2559 1395 quod
2596 1322 2762 1378 David
2794 1338 2899 1376 non
2940 1336 2998 1376 se
3023 1317 3323 1389 derelinqui
3360 1332 3553 1388 usque-

1964 1432 2176 1489 quaque
2214 1425 2367 1488 rogat
2400 1416 2451 1470 in
2474 1414 2682 1485 psalmo
2712 1411 2893 1485 (Psal.
2933 1427 3127 1475 cxvnt,
3152 1408 3239 1480 8).
3274 1408 3552 1480 Eruntqus

1965 1510 2074 1564 dies
2104 1508 2245 1563 illius
2276 1517 2480 1562 centum
2520 1506 2699 1577 viginti
2739 1521 3020 1559 annorum.
3047 1502 3150 1557 Per
3179 1501 3555 1558 centenarium

1966 1614 2131 1670 supra
2182 1599 2419 1654 diximus
2482 1596 2863 1669 plenitudinem
2901 1595 3143 1666 ﬁgurari,
3214 1608 3311 1665 per
3341 1593 3554 1648 vicena-

1966 1696 2107 1751 rium
2167 1707 2455 1748 numerum
2507 1693 2793 1764 duplicitas
2843 1691 3177 1762 designatur,
3226 1699 3284 1745 ut
3328 1697 3448 1745 est:
3497 1688 3557 1743 Si

272 1778 643 1848 progreditur,
690 1796 787 1849 per
836 1780 1071 1836 calorem
1116 1778 1389 1851 ergojure
1418 1793 1542 1847 spes
1570 1774 1857 1845 accipitur,

1982 1786 2125 1841 aossit
2152 1804 2269 1840 cum
2293 1786 2468 1839 decem
2491 1784 2721 1839 millibus
2751 1800 3025 1839 occurrere
3045 1784 3094 1839 ei
3120 1784 3346 1855 quicum
3382 1780 3560 1852 viginti

276 1882 403 1937 qua:
431 1868 647 1925 fervore
677 1871 965 1927 cltaritatis
1010 1873 1074 1925 ad
1123 1870 1293 1925 Deum
1322 1870 1598 1925 inhianter
1629 1862 1865 1921 intendi-

278 1966 388 2014 tur.
426 1961 527 2015 Cui
564 1960 803 2032 Japheth
856 1964 1184 2034 adiungitur,
1235 1962 1327 2031 qui
1358 1961 1582 2015 latitudo
1642 1956 1861 2021 dicitur,

285 2067 382 2123 per
410 2054 557 2121 quod
592 2055 879 2110 evidenter
926 2056 1161 2110 charitas
1206 2054 1542 2125 intelligitur,
1594 2066 1711 2122 quze
1759 2064 1864 2104 non

290 2143 475 2199 minus
499 2146 601 2214 per
628 2144 879 2201 inimicos
902 2162 1060 2216 quam
1082 2161 1177 2217 per
1208 2146 1409 2201 amicos
1437 2144 1721 2215 spatiatur.
1745 2140 1871 2196 llaec

287 2238 478 2307 itaque
511 2239 636 2304 tria,
679 2255 802 2309 quae
838 2240 1085 2305 latitudo,
1135 2239 1428 2311 longitudo,
1458 2236 1759 2292 sublimitas
1796 2234 1864 2288 ab

281 2325 545 2394 Apostolo
600 2338 974 2383 memorantur
1030 2329 1242 2399 (Ep/tes.
1294 2346 1386 2394 tu,
1440 2329 1549 2398 t2),
1623 2344 1652 2383 a
1712 2326 1868 2382 nobis

279 2430 405 2470 cum
435 2418 550 2472 veri
604 2417 716 2473 Noe
768 2436 887 2475 esse
952 2421 1294 2490 cmperimus,
1336 2421 1388 2476 id
1433 2429 1517 2476 est
1569 2436 1689 2475 cum
1742 2419 1867 2474 boni

279 2510 621 2567 exhibitione
647 2520 801 2568 actus
832 2514 898 2568 ab
927 2513 1096 2568 inutili
1132 2515 1630 2584 eonquieverimus;
1682 2513 1871 2569 feriari

277 2602 429 2656 enim
451 2618 481 2658 a
504 2602 669 2670 malo,
700 2619 802 2659 nec
829 2615 1007 2660 tamen
1034 2606 1231 2660 bonum
1263 2607 1497 2677 aggredi,
1534 2607 1708 2676 ipsum
1757 2621 1874 2661 ma-

278 2691 392 2748 lum
430 2703 536 2761 est,
572 2684 697 2752 tunc
725 2712 851 2753 vere
885 2698 1169 2769 prodeunt,
1212 2698 1333 2770 quia
1361 2715 1461 2754 nec
1496 2697 1701 2769 absque
1730 2699 1876 2753 bono

278 2800 471 2857 opere,
500 2788 631 2843 tides
676 2796 806 2855 stat,
838 2805 940 2846 nec
970 2790 1085 2847 sine
1112 2791 1217 2847 ﬁde
1253 2807 1398 2863 spes,
1452 2807 1556 2848 nec
1584 2791 1701 2848 sine
1723 2798 1878 2846 utro-

281 2893 388 2948 que
425 2879 578 2935 chari
587 2890 668 2938 tas
692 2890 935 2954 praestat.

909 2983 1135 3041 CAPUT
1160 2985 1250 3042 Vl.

1969 1878 2198 1933 millibus
2241 1879 2373 1932 venit
2417 1878 2485 1931 ad
2541 1895 2594 1932 se
2626 1876 2776 1949 (Luc.
2826 1892 2933 1937 xlv,
2969 1876 3082 1946 51).
3120 1875 3185 1929 Et
3240 1876 3293 1929 in
3346 1874 3559 1944 Apoca-

1970 1972 2151 2045 lypsi:
2205 1970 2371 2042 Vigies
2416 1970 2627 2035 millies,
2679 1971 2812 2025 dena
2870 1970 3039 2024 millia
3092 1968 3286 2039 (Apoc.
3322 1984 3402 2033 tx,
3433 1965 3558 2036 16).

1972 2058 2269 2135 Duplicilas
2289 2071 2469 2117 autem
2501 2079 2606 2118 non
2638 2062 2940 2135 hypocrisis
2980 2061 3068 2116 hic
3092 2077 3122 2115 a
3152 2077 3237 2116 me
3272 2059 3561 2129 accipitur,

1973 2155 2068 2211 sed
2122 2154 2208 2209 illa
2257 2154 2492 2210 violenta
2533 2155 2840 2225 impuritas,
2883 2168 3002 2223 qua:
3057 2167 3152 2222 per
3182 2152 3561 2205 necessitatem

1974 2247 2234 2320 peccandi
2287 2262 2354 2301 cx
2405 2246 2672 2302 malorum
2714 2245 3036 2300 irruentium
3066 2242 3391 2298 admislione
3436 2256 3567 2296 con-

1978 2339 2232 2404 trahitur,
2270 2338 2564 2395 secundum
2592 2354 2755 2410 quam
2779 2354 2884 2392 non
2907 2337 3155 2392 habitura
3186 2344 3269 2392 est
3300 2336 3354 2390 in
3385 2334 3567 2391 futuro

1977 2431 2219 2487 Ecclesia
2263 2432 2552 2498 maculam,
2614 2442 2708 2487 aut
2745 2446 2931 2501 rugam
2967 2429 3194 2501 (Ephes.
3227 2446 3279 2497 v,
3313 2430 3431 2501 27),
3459 2445 3567 2485 non

1978 2525 2120 2594 quod
2168 2526 2219 2579 in
2269 2526 2523 2595 przesenti
2578 2540 2769 2595 rugam
2830 2523 3136 2596 hypocrisis
3180 2524 3404 2589 habeat,
3454 2522 3571 2578 haec

1980 2615 2126 2671 cnim
2181 2615 2243 2670 ﬁt
2287 2616 2501 2685 penitus
2529 2616 2766 2671 extorris
2813 2615 2881 2669 ab
2927 2617 3062 2686 ipsa,
3112 2615 3205 2670 sed
3250 2615 3394 2684 quod
3427 2628 3573 2669 nunc

1980 2707 2335 2777 occupatione
2368 2707 2726 2762 teutationum
2754 2716 2809 2762 et
2838 2707 3043 2773 carnis,
3077 2706 3434 2771 contractior,
3463 2704 3573 2761 mi-

1980 2813 2191 2870 nusque
2220 2798 2389 2855 libera
2438 2799 2686 2855 videatur
2730 2800 2796 2854 ad
2842 2798 3030 2855 Deum.
3063 2797 3291 2854 Centum
3338 2812 3469 2869 ergo
3504 2797 3575 2855 ad

1980 2891 2350 2964 integritatem
2399 2894 2554 2948 bonae
2604 2891 2922 2958 voluntatis,
2974 2892 3164 2964 viginti
3208 2891 3472 2947 habemus
3503 2889 3575 2948 ad

1982 2999 2125 3050 eam,
2158 3000 2317 3054 quam
2348 2984 2709 3055 praetulimus,
2752 2985 3121 3055 impnritatem
3161 2984 3411 3049 actionis,
3443 2983 3575 3038 dum

354 3076 522 3134 Vnus.
554 3081 607 3145 1,
634 3078 693 3138 2.
717 3079 1042 3152 ——Cumque
1070 3083 1336 3151 coepissent
1365 3080 1603 3135 homines
1628 3077 1879 3149 multiplio
1907 3118 1954 3183 Ο
1978 3078 2135 3151 juxta
2178 3079 2517 3150 Apostolum,
2555 3080 2700 3151 quod
2753 3079 3004 3136 nolumus
3051 3079 3250 3134 malum
3300 3079 3405 3134 hoc
3463 3077 3579 3149 agi-

285 3173 396 3225 cari
428 3190 587 3245 super
608 3185 825 3241 terram,
855 3184 904 3229 et
934 3174 1074 3244 ﬁlios
1105 3183 1485 3245 procreassent,
1524 3172 1751 3227 uidentes
1776 3169 1878 3239 ﬁlii

286 3261 382 3317 Dei
411 3265 552 3333 filias
580 3268 873 3333 hominum,
903 3266 1042 3335 quod
1065 3276 1231 3320 essent
1260 3265 1514 3335 pulchris,
1560 3270 1872 3331 acceperunt

288 3355 383 3409 sibi
410 3375 595 3414 uxores
617 3376 684 3415 ea:
706 3358 945 3413 omnibus
968 3375 1098 3428 quas
1115 3354 1679 3427 elegerantNirtutum
1708 3352 1875 3423 igitur

291 3461 667 3508 succrescente
696 3450 876 3506 studio
906 3449 1158 3505 homines
1190 3463 1297 3503 non
1326 3450 1484 3503 modo
1512 3442 1876 3514 multiplican-

293 3549 379 3596 tur
410 3543 464 3597 in
495 3553 664 3607 terra,
708 3545 805 3600 sed
842 3552 1008 3613 super
1047 3552 1271 3609 terram,
1310 3540 1434 3612 quia
1467 3538 1784 3596 densissima
1826 3536 1879 3592 in

290 3635 530 3691 animam
566 3637 1236 3697 'humanorum‘motuum
1299 3634 1547 3689 feruntur
1601 3630 1877 3696 examina,

293 3744 391 3785 nec
421 3730 573 3796 talia,
607 3746 727 3801 quae
752 3729 909 3786 facile
955 3728 1183 3784 rationis
1207 3728 1580 3798 deprimantur
1614 3724 1875 3795 potentia,

292 3822 383 3877 sed
416 3840 538 3895 quae
567 3834 790 3889 terram,
816 3823 869 3878 id
893 3830 977 3878 est
1003 3821 1199 3876 mentis
1237 3819 1548 3875 firmitatem
1590 3817 1879 3888 subjugare

292 3917 503 3984 possint
531 3917 595 3970 ad
622 3914 772 3970 vitia.
802 3913 912 3986 39
940 3914 1127 3969 Virtus
1172 3927 1403 3984 namque
1436 3925 1543 3965 non
1591 3909 1875 3979 probatur,

293 4009 399 4063 nisi
423 4010 581 4065 hoste
606 4008 805 4064 vicino.
830 4007 935 4062 Sed
955 4007 1117 4062 iidem
1140 4005 1384 4061 homines
1406 4004 1545 4059 tilias
1568 4009 1875 4073 procreant,

295 4116 420 4157 cum
495 4100 767 4173 fragilium
836 4099 1116 4155 mollitiem
1192 4097 1583 4171 cogitationum
1653 4093 1881 4150 internis

296 4195 612 4265 aspectibus
670 4193 980 4263 frequenter
1023 4191 1318 4262 objectant.
1374 4189 1500 4245 Filii
1546 4188 1641 4244 Dei
1675 4187 1773 4243 bas
1804 4186 1886 4240 vi-

296 4287 448 4351 dent,
492 4302 613 4342 cum
665 4285 1107 4341 intellectualium
1155 4284 1479 4342 excellentia
1536 4296 1791 4338 sensuum
1818 4280 1885 4335 ad

297 4380 710 4451 suggestionum
765 4379 1062 4436 illationem
1128 4378 1283 4449 quasi
1343 4377 1413 4433 ad
1482 4373 1883 4437 meretriciam,

1986 3188 2128 3237 mus,
2159 3172 2241 3227 vel
2293 3173 2485 3244 viginti
2530 3173 2697 3228 etiam
2738 3174 2808 3228 ob
2846 3173 3331 3245 transgressionem
3383 3171 3580 3226 divinae

1982 3263 2139 3333 legis,
2177 3266 2302 3320 dum
2337 3282 2648 3337 Operamur,
2685 3267 2827 3336 quod
2855 3282 2961 3322 non
2990 3267 3377 3337 approbemus,
3418 3279 3582 3335 repu-

1983 3367 2185 3427 gnante
2240 3357 2357 3426 lege
2412 3359 2783 3413 membrorum
2841 3359 2942 3429 legi
3000 3358 3198 3413 mentis
3248 3356 3422 3429 (Rom.
3480 3370 3576 3421 vu,

1988 3449 2213 3521 19-25).
2249 3452 2317 3507 Et
2361 3452 2560 3508 aliter:
2607 3452 2788 3509 Octies
2834 3454 3092 3524 quindeni
3130 3462 3350 3509 centum
3384 3451 3575 3521 viginti

1986 3546 2278 3617 complent.
2312 3547 2414 3602 Per
2458 3549 2821 3615 octonarium,
2878 3549 3267 3620 temporalitas,
3326 3562 3422 3617 per
3460 3546 3574 3617 qui-

1983 3639 2199 3693 narium
2218 3638 2588 3709 corporalitas,
2614 3656 2709 3711 per
2729 3642 3033 3707 denarium,
3052 3638 3408 3711 spiritualitas
3438 3637 3583 3692 acci-

1984 3731 2152 3803 pitur.
2182 3731 2427 3799 Quandiu
2484 3732 2648 3803 igitur
2696 3734 3079 3805 ltemporaliter
3108 3732 3360 3797 vivimus,
3415 3730 3582 3799 spiri-

1990 3823 2130 3877 tuale
2167 3824 2403 3878 studium
2428 3838 2670 3879 nostrum
2710 3823 2978 3880 forinseca
3009 3824 3362 3880 scnsualitate
3390 3823 3573 3892 depri-

1986 3914 2175 3977 mitur,
2205 3915 2358 3984 quasi
2398 3915 2652 3971 denarius
2680 3918 2928 3988 quinario
2956 3928 3264 3989 superatur,
3316 3923 3585 3989 quatenus

1986 4006 2117 4077 quid
2149 4006 2221 4061 sit
2268 4007 2405 4072 dies,
2460 4007 2513 4061 id
2580 4018 2663 4063 est
2704 4011 2875 4065 virtus
2922 4010 3156 4066 humana
3217 4008 3284 4064 ab
3363 4009 3583 4064 homine

1990 4108 2352 4170 agnoscatur;
2387 4116 2505 4171 quae
2548 4101 2773 4157 altitudo
2819 4104 2923 4158 dici
2951 4106 3019 4160 ob
3040 4104 3364 4160 brevitatem
3402 4102 3587 4175 gloriae

1990 4192 2045 4248 in
2067 4192 2273 4263 psalmo
2294 4203 2518 4249 vocatur
2558 4193 2747 4266 (l’sal.
2785 4212 2871 4260 LV,
2896 4196 2980 4266 4).

2063 4282 2229 4338 Vens.
2258 4282 2309 4336 4.
2346 4315 2413 4323 —
2444 4282 2695 4355 Gigantes
2726 4297 2901 4341 autem
2926 4298 3075 4341 erant
3109 4304 3265 4357 super
3313 4296 3509 4341 terram
3533 4286 3590 4339 in

1994 4374 2175 4430 diebus
2203 4374 2330 4429 illis.
2359 4375 2416 4429 In
2449 4377 2532 4432 bis
2572 4377 2832 4431 virtutum
2866 4377 3163 4442 exercitiis,
3196 4391 3333 4447 quas
3354 4391 3450 4446 per
3472 4375 3589 4431 dies

298 4468 730 4526 lenocinantium
796 4472 1032 4541 speciem
1114 4466 1590 4539 contemplationis
1653 4464 1891 4521 declinat
1925 4483 1971 4539 D
1998 4466 2370 4537 intelligimus,
2415 4469 2671 4539 gigantes,
2705 4470 2756 4522 id
2794 4477 2876 4521 est
2913 4468 3127 4537 superbi
3173 4475 3351 4522 motus
3393 4466 3587 4531 animi,

301 4564 499 4619 aciem.
526 4562 664 4631 Quid
700 4579 931 4633 namque
953 4571 1081 4619 sunt
1104 4563 1549 4634 imaginationum
1578 4558 1895 4614 delectatio~

302 4671 421 4720 nes,
459 4654 562 4709 nisi
588 4655 836 4724 quaedam
860 4655 1117 4723 pulchrae,
1148 4670 1269 4724 quat
1295 4670 1393 4710 nos
1415 4652 1668 4714 illiciunt,
1700 4650 1897 4706 iacies?

303 4742 412 4799 Has
434 4742 577 4800 tilias
602 4759 697 4801 rex
726 4742 940 4797 Pharao
965 4741 1148 4799 fovere
1170 4744 1307 4810 vult,
1334 4759 1456 4800 cum
1475 4742 1630 4811 jubet
1657 4740 1895 4797 interfici

305 4852 488 4893 mares
515 4835 717 4909 (Exod.
748 4851 790 4902 ι,
821 4834 929 4908 l7).
962 4834 1039 4889 Ex
1070 4836 1320 4891 omnibus
1371 4836 1456 4891 bis
1476 4877 1490 4901 ,
1526 4848 1660 4905 quas
1689 4832 1897 4904 eligunt

307 4930 403 4987 lilii
439 4931 536 4988 Dei
593 4930 696 4987 sibi
749 4929 1051 4986 sortiuntur
1093 4942 1313 4993 uxores,
1362 4931 1509 4997 quia,
1562 4927 1719 4997 juxta
1748 4931 1895 4997 quod

307 5022 682 5095 conspersioni
719 5030 813 5077 aut
841 5020 1049 5076 libidini
1077 5018 1308 5090 propria:
1333 5018 1542 5086 adjaeet
1562 5060 1575 5082 ,
1603 5018 1898 5077 rationales

311 5124 489 5171 motus
536 5114 811 5185 appositas
862 5113 1045 5168 animo
1101 5108 1405 5184 petulanter
1435 5110 1776 5179 agglutinant
1802 5128 1898 5170 vo-

312 5206 571 5280 luptates,
596 5209 661 5263 de
690 5207 888 5279 quibus
916 5206 1134 5261 infantis
1164 5203 1407 5275 prodeat,
1433 5202 1668 5257 obscena
1694 5202 1901 5265 scilicet

314 5316 505 5372 opera,
544 5300 752 5373 proles;
803 5300 925 5357 aliis
959 5299 1102 5356 enim
1150 5295 1402 5362 avaritia,
1454 5293 1579 5349 aliis
1626 5297 1901 5368 superbia,

317 5395 592 5466 plerisque
616 5393 828 5450 luxuria
858 5395 924 5451 ad
948 5409 1166 5449 manum
1192 5390 1364 5462 magis
1388 5397 1490 5445 est.

388 5488 561 5543 Vens.
584 5485 981 5560 5.——Dixitque
1012 5486 1181 5540 Deus:
1218 5473 1907 5553 Nonpermanebit'spiritus

321 5594 461 5634 meus
487 5579 547 5633 in
572 5578 779 5632 homine
810 5578 863 5633 in
903 5588 1177 5641 wternum,
1208 5576 1332 5646 quia
1362 5588 1487 5628 caro
1517 5575 1617 5623 est.
1647 5565 1908 5635 Requiem

322 5677 565 5727 nostram
605 5668 860 5725 vitiorum
910 5667 1165 5724 turbante
1222 5675 1541 5734 congressu,
1595 5671 1752 5726 quam
1803 5676 1910 5719 nos

320 5763 518 5837 gladio,
546 5771 603 5821 et
649 5778 802 5832 arcu,
844 5763 897 5821 id
945 5769 1033 5819 est
1069 5756 1414 5827 discretione,
1470 5762 1528 5811 et
1568 5750 1907 5822 providentia

2001 4561 2057 4616 in
2100 4559 2439 4615 mirabilibus
2481 4574 2643 4628 super
2689 4574 2748 4614 se
2779 4558 3143 4625 ambulantes,
3188 4576 3346 4632 super
3395 4555 3611 4615 terram'

2002 4662 2173 4716 erant,
2207 4651 2333 4720 quia
2368 4652 2421 4705 in
2466 4651 2754 4721 superﬁcie
2781 4654 3025 4725 corporis
3063 4654 3202 4710 bona
3236 4655 3588 4720 exhibentur,

2004 4761 2125 4817 qua:
2156 4745 2324 4801 menti
2356 4746 2592 4802 inaniter
2628 4746 2783 4802 clatre
2820 4757 2974 4820 typos
3002 4750 3066 4804 de
3099 4750 3317 4805 laudum
3369 4766 3593 4806 suarum

2005 4838 2457 4912 gratulationibus
2521 4839 2773 4895 inferant.
2828 4839 3118 4914 Postquam
3172 4845 3309 4898 enim
3374 4842 3597 4914 ingressi

2006 4942 2127 4988 sunt
2149 4932 2249 5003 ﬁlii
2291 4933 2388 4988 Dei
2419 4934 2487 4989 ad
2521 4934 2661 5005 ﬁlias
2702 4936 2993 5003 hominum,
3018 4938 3227 5007 illasque
3264 4945 3597 5005 genuerunt;

2004 5027 2094 5082 isti
2124 5036 2241 5081 sunt
2264 5037 2494 5098 potentes
2517 5046 2546 5081 a
2571 5027 2763 5081 sreculo
2786 5028 2882 5083 viri
2911 5028 3122 5099 famosi.
3154 5026 3274 5080 Filii
3300 5026 3394 5081 Dei
3420 5028 3593 5098 ingre.

2008 5116 2231 5172 diuntur
2258 5117 2325 5171 ad
2355 5116 2492 5172 ﬁlias
2517 5117 2821 5184 hominum,
2846 5133 2971 5173 cum
2998 5115 3174 5172 nostri
3207 5114 3603 5175 intellectuales

2009 5219 2207 5276 motus,
2258 5226 2396 5281 quos
2433 5209 2534 5265 Job
2587 5219 2745 5264 vocat
2795 5212 3033 5265 robustos
3074 5206 3388 5278 fortitudine
3460 5211 3607 5282 (Job

2008 5315 2203 5367 xxxvr,
2246 5300 2359 5372 19),
2404 5316 2497 5370 qui
2533 5315 2566 5353 a
2618 5298 2728 5350 Deo
2788 5299 2842 5352 in
2910 5297 3067 5353 nobis
3132 5308 3485 5367 generantur,
3548 5317 3609 5357 se

2012 5392 2347 5462 immergunt
2371 5389 2438 5443 ad
2462 5386 2827 5457 experiendos
2866 5387 3043 5443 ﬂuxus
3067 5385 3366 5442 carnalium
3398 5386 3618 5443 deside—

2014 5462 2246 5541 riorum.
2290 5482 2398 5537 Sed
2428 5480 2516 5534 isti
2566 5484 2689 5530 sunt
2717 5488 2945 5545 potentes
2986 5499 3018 5535 a
3058 5475 3274 5538 sarculo,
3306 5475 3433 5541 quia
3462 5488 3627 5541 post.

2018 5594 2187 5651 quam
2216 5575 2496 5648 spurcitia:
2526 5572 2690 5627 totius
2719 5573 2893 5645 illapSi
2924 5575 3133 5630 fuerint
3158 5567 3434 5628 barathro,
3450 5571 3637 5631 potis-

2021 5672 2224 5729 simum
2264 5671 2321 5724 in
2350 5681 2541 5723 eorum
2575 5665 2827 5721 cordibus
2856 5673 3057 5735 regnat
3083 5655 3358 5716 saecularis
3383 5653 3652 5719 devotio,

2030 5772 2095 5817 ut
2132 5760 2264 5815 nulli
2306 5759 2595 5814 videantur
2626 5756 3028 5824 desperatiores
3063 5753 3118 5806 in
3149 5744 3349 5803 mundo
3377 5752 3562 5805 quam
3600 5743 3671 5796 hi
