4062 6354
237 425 318 487 89

1384 426 1750 487 MORALIUM
1787 426 1855 484 ΙΝ
1894 421 2194 484 GENESIN
2221 418 2345 480 LIB.
2384 420 2473 480 ill.
3460 418 3530 479 90

245 564 359 603 sua
414 557 766 620 utrorumque
818 546 1065 616 interest,
1124 560 1157 601 a
1187 547 1417 604 terrenis
1454 546 1687 617 negOtiis
1749 543 1846 601 eli-
1876 562 1926 620 Α
1952 555 2118 613 opere
2140 539 2507 611 quiescamus,
2553 546 2610 594 et
2648 544 2872 608 septem,
2901 536 2956 593 id
2984 543 3067 591 est
3094 545 3389 607 eorpus,et
3416 538 3535 592 ani—

244 642 455 697 mittat.

333 735 501 789 Vens.
534 736 619 790 id.
643 766 713 776 —-
751 733 867 791 Fac
904 736 997 791 tibi
1045 752 1224 791 arcam
1268 735 1332 790 de
1380 735 1534 806 lignis
1575 732 1846 803 lwvigatis,

248 824 661 880 mansiunculas
692 827 748 879 in
778 843 904 881 arca
928 827 1091 896 facies
1119 838 1168 880 et
1201 826 1452 881 bitumine
1482 824 1632 878 linies
1661 822 1851 876 intrin-

251 935 414 971 secus
445 928 492 972 et
532 920 873 974 extrinsecus.
896 918 1038 974 Area
1068 918 1266 974 dicitur
1305 918 1372 972 ab
1420 916 1670 982 arcendo,
1708 914 1851 969 sicut

254 1018 318 1062 et
347 1025 447 1063 arx
473 1010 633 1065 arcis.
664 1011 917 1066 Facimus
942 1010 1106 1081 igitur
1125 1027 1325 1077 arcam,
1354 1024 1479 1065 cum
1502 1008 1662 1064 talem
1692 1021 1853 1077 para-

258 1116 390 1156 mus
447 1104 861 1171 conscientiam,
930 1120 1050 1174 qua:
1097 1119 1125 1157 a
1183 1118 1242 1158 se
1295 1106 1535 1172 impuros
1584 1099 1853 1171 appetitus

258 1202 473 1257 arceat,
518 1203 573 1248 et
618 1195 721 1265 piae
763 1194 1054 1249 voluntatis
1105 1194 1355 1265 operisve
1387 1193 1703 1265 mysterium
1750 1189 1852 1246 sub

262 1284 397 1340 ﬁdei
448 1286 603 1356 signo
654 1287 911 1343 retineat.
964 1285 1073 1343 Sed
1128 1288 1245 1343 hare
1299 1287 1364 1340 de
1396 1286 1552 1357 lignis
1599 1282 1852 1353 lwvigatis

266 1378 581 1444 instruitur,
637 1396 758 1435 cum
798 1380 1093 1437 virtutibus
1138 1389 1371 1436 terrente
1417 1380 1593 1434 laudis
1642 1390 1850 1441 autore,

265 1469 611 1540 carnalisque
643 1470 945 1527 affectionis
996 1472 1139 1528 mole
1176 1473 1354 1529 exutis
1380 1470 1711 1528 conscientia
1740 1465 1855 1525 suf-

265 1557 512 1615 fulcitur.
562 1559 966 1618 Mansiunculas
1010 1564 1064 1619 in
1107 1580 1232 1620 arca
1262 1550 1513 1630 facimus,
1558 1578 1683 1618 cum
1719 1578 1854 1632 qua-

265 1666 496 1723 rumque
536 1664 848 1710 sanctarum
875 1655 1273 1727 professionum
1310 1656 1585 1728 proposita
1617 1655 1858 1711 institui-

264 1756 412 1809 mus,
444 1759 567 1799 cum
611 1762 848 1817 namque
878 1747 931 1803 in
972 1748 1202 1805 adversa
1234 1749 1609 1819 prtestruimus
1640 1750 1851 1819 patien-

265 1840 423 1907 tiam,
436 1841 612 1914 41nd
629 1843 881 1900 libidines
896 1845 1336 1911 sanctimoniam,
1350 1844 1538 1914 sicque
1550 1844 1855 1915 quibusque

1950 650 2096 690 mam
2127 642 2374 690 nostram
2409 632 2710 701 septiformi
2741 631 2928 704 gratiae
2967 630 3309 702 subigamus;
3341 645 3536 700 corpus

1951 725 2116 792 enim,
2147 733 2208 780 ut
2239 723 2373 779 alias
2420 723 2677 789 diximus,
2730 730 2963 793 quatuor
3006 721 3305 787 elementis,
3355 721 3534 775 anima

1955 815 2127 871 tribus
2173 813 2564 885 principalibus
2614 814 2851 870 motibus
2906 820 3139 879 constat,
3171 827 3291 883 quae
3330 810 3536 867 faciunt

1953 917 2182 981 septem.
2231 908 2365 964 Cum
2399 908 2566 978 igitur
2613 921 2713 963 nos
2763 908 2931 974 intus,
2975 917 3033 963 et
3066 915 3222 963 extra
3270 904 3536 977 spirituali

1954 1002 2143 1073 gratia:
2171 1000 2560 1067 addixerimus,
2585 1008 2713 1055 tunc
2735 1001 2954 1055 demum
2981 1000 3047 1056 ad
3064 999 3213 1055 illum
3238 1014 3403 1055 unum
3426 1005 3538 1054 toto

1954 1110 2139 1151 amore
2166 1096 2529 1151 contuendum
2559 1107 2751 1165 magna
2773 1093 2953 1148 cordis
2980 1092 3351 1163 amplitudine,
3368 1092 3538 1147 Deum

1954 1191 2164 1247 scilicet
2185 1190 2483 1245 veniemus.
2513 1187 2806 1260 Postquam
2831 1187 3014 1258 itaque
3041 1186 3095 1241 in
3120 1185 3214 1243 Dei
3236 1185 3545 1256 cognitione

1953 1283 2405 1349 laboraverimus,
2461 1283 2831 1338 necessarium
2875 1290 2980 1348 est,
3034 1280 3283 1336 utetiam
3321 1280 3543 1351 triginta

1956 1375 2259 1431 altitudinis
2286 1376 2499 1431 cubitos
2542 1376 2596 1430 in
2637 1374 2810 1430 nostri
2867 1372 3305 1429 consideratione
3350 1372 3542 1426 metia-

1957 1482 2106 1535 mur;
2139 1468 2319 1523 sexies
2355 1468 2506 1538 quini
2537 1467 2758 1538 triginta
2790 1465 2946 1523 fiunt.
2981 1462 3086 1520 Per
3114 1464 3389 1520 senarium
3418 1475 3548 1516 vero

1955 1573 2269 1625 numerum,
2299 1558 2560 1630 perfectio
2584 1557 2866 1627 accipitur,
2900 1556 3026 1626 quia
3049 1555 3191 1611 Deus
3235 1568 3331 1610 sex
3357 1551 3549 1608 diebus

1957 1668 2054 1708 sua
2078 1653 2308 1723 perfecit
2334 1666 2532 1721 opera;
2573 1660 2626 1705 et
2651 1649 2754 1705 hoc
2783 1650 2898 1720 ipso
2928 1650 3090 1703 homo
3118 1644 3322 1717 signari
3350 1651 3550 1714 potest,

1957 1748 2049 1817 qui
2081 1747 2167 1803 die
2191 1745 2366 1801 factus
2390 1754 2474 1801 est
2510 1751 2664 1800 sexta
2697 1760 2711 1797 :
2743 1757 2841 1812 per
2871 1739 3185 1811 quinarium
3225 1736 3547 1807 intelligitur

1958 1838 2173 1894 forense
2223 1836 2497 1906 ingenium
2545 1834 2614 1889 ob
2666 1831 2918 1889 notitiam
2961 1830 3204 1901 quinque
3257 1842 3550 1893 sensuum;

264 1946 423 1988 suam
451 1935 693 2003 profecto
737 1936 1043 1994 invenimus
1073 1938 1215 1993 intra
1241 1954 1342 1994 nos
1371 1937 1439 1993 ad
1466 1936 1697 2007 singula,
1730 1950 1852 2005 quae
1882 1917 1930 1978 Β
1958 1930 2271 1987 continetur
2294 1937 2476 1984 autem
2507 1935 2592 1982 ter
2638 1925 2692 1981 in
2732 1922 3023 1995 trigenario
3072 1920 3344 1978 denarius.
3397 1917 3550 1986 Quod

266 2036 369 2078 nos
412 2024 591 2080 foveat
653 2025 943 2096 fugientes,
996 2029 1216 2085 domum
1263 2029 1488 2084 factam.
1542 2026 1852 2083 Notandum

267 2129 403 2170 vero
425 2119 572 2187 quod
596 2128 650 2173 et
672 2120 1065 2175 mansiunculaa
1084 2136 1114 2175 a
1140 2121 1423 2186 manendo,
1456 2128 1513 2175 et
1537 2119 1857 2175 diminutive

273 2204 549 2262 dicuntur.
576 2208 635 2264 in
664 2210 949 2267 mansione
983 2225 1115 2282 ergo
1142 2220 1292 2267 certa
1332 2211 1649 2281 stabilisque
1673 2224 1858 2280 perse-

275 2298 541 2365 verantia,
592 2300 648 2355 in
704 2301 1065 2358 diminutione
1127 2302 1407 2358 humilitas
1466 2302 1752 2373 accipitur,
1802 2301 1859 2356 in

274 2390 472 2459 quibus
520 2392 588 2447 ad
636 2408 799 2450 omne
829 2396 1087 2465 ingruens
1128 2395 1431 2467 periculum
1456 2404 1712 2452 constant
1751 2396 1861 2451 dis-

275 2493 423 2538 creta
490 2484 760 2557 profugia.
819 2487 1089 2542 Bitumine
1145 2487 1337 2543 linitur
1396 2487 1733 2553 intrinsecus,
1806 2494 1863 2541 et

274 2576 618 2643 extrinsecus,
652 2579 781 2648 quia
829 2580 1116 2637 cliaritatis
1143 2581 1318 2652 gratia
1373 2580 1476 2637 etsi
1499 2581 1737 2639 exterius
1760 2580 1860 2634 be-

274 2669 467 2726 neficia
520 2673 785 2742 proximis
831 2674 1161 2746 impertitur,
1203 2691 1311 2732 non
1339 2684 1520 2730 tamen
1563 2674 1860 2730 introrsum

272 2762 391 2830 ipso
442 2762 773 2819 charismate
835 2775 1150 2822 sanctorum
1216 2766 1433 2821 animus
1506 2763 1855 2831 exinanitur;

271 2852 628 2937 beneficentia
654 2856 872 2928 quippe,
907 2855 1062 2927 juxta
1089 2856 1425 2929 Apostolum,
1479 2856 1742 2921 exterius,
1774 2854 1861 2910 in-

273 2946 444 3005 terius
496 2958 761 3020 quantum
818 2951 888 3007 ad
939 2953 1356 3008 unauimitatem
1410 2952 1607 3007 attinet
1661 2948 1854 3021 (Hebr.

272 3051 395 3105 xui,
433 3039 546 3111 16),
575 3042 652 3097 uti
681 3042 1063 3100 communione
1091 3059 1199 3100 non
1233 3042 1648 3109 obliviscuntur,
1685 3041 1852 3097 alter-

272 3135 455 3186 utrum
502 3148 739 3204 namque
789 3135 907 3190 sine
950 3134 1143 3201 altero,
1185 3144 1279 3190 aut
1334 3150 1547 3205 parum,
1597 3142 1691 3189 aut
1730 3131 1866 3190 nihil

276 3228 380 3276 est.
408 3219 663 3279 Bitumen
703 3233 884 3281 autem
918 3226 1126 3282 tenacis
1179 3226 1470 3282 admodum
1521 3234 1728 3281 natura:
1757 3234 1862 3293 est,

276 3318 334 3367 et
358 3310 503 3368 inter
532 3329 701 3384 aquas
747 3315 1151 3381 indissolubile;
1191 3316 1511 3385 obsequium
1547 3316 1693 3371 enim
1721 3315 1865 3384 parit

276 3407 337 3456 et
368 3403 648 3457 contrahit
676 3404 780 3460 sibi
804 3406 1030 3471 amicos,
1063 3416 1120 3461 et
1141 3406 1382 3461 charitas
1410 3421 1536 3461 cum
1570 3404 1866 3461 terribilem

281 3489 448 3546 faciat
473 3502 784 3549 sanctorum
815 3505 1075 3563 mentem,
1108 3506 1169 3551 ut
1196 3496 1502 3553 ordinatam
1558 3506 1868 3553 castrorum

280 3582 479 3651 aciem,
529 3584 675 3641 nullo
707 3588 963 3644 vitiorum
1014 3589 1270 3659 impulsu,
1312 3590 1397 3645 vel
1420 3589 1568 3645 ﬂuxu
1613 3591 1868 3659 irrumpi-

280 3684 392 3740 tur,
426 3675 554 3743 quia
603 3691 734 3733 vero
768 3688 822 3733 et
868 3680 1112 3735 bitumen
1154 3696 1222 3736 ex
1249 3680 1377 3737 limo
1407 3692 1514 3748 est,
1545 3680 1866 3738 humilitatis

279 3767 457 3837 gratia
490 3768 775 3839 figuratur,
808 3787 917 3843 qua
943 3774 1125 3828 omnia
1150 3774 1290 3831 bene
1329 3784 1450 3832 aeta
1477 3776 1827 3832 condiuntur.

351 3859 517 3915 Vens.
543 3860 629 3915 15.
657 3891 724 3902 -—
758 3862 1127 3921 Trecentorum
1154 3868 1449 3923 cubitorum
1469 3870 1566 3924 erit
1591 3867 1865 3940 longitudo

277 3967 442 4019 arcw,
466 3955 852 4025 quinquaginta
881 3957 1174 4012 cubitorum
1204 3958 1449 4025 latitudo,
1480 3962 1693 4032 triginta
1721 3961 1867 4016 cubi-

279 4052 453 4098 torum
488 4045 715 4101 altitudo
743 4047 906 4103 illius.
964 4048 1069 4104 Per
1101 4052 1397 4107 ternarium
1450 4052 1721 4119 Trinitas;
1769 4068 1867 4125 per

278 4137 653 4193 centenarium
679 4137 988 4209 integritas;
1020 4155 1118 4211 per
1143 4143 1384 4198 cubitum
1401 4144 1581 4213 operis
1607 4145 1863 4212 firmitas;

279 4243 378 4299 per
418 4228 811 4301 longitudinem
848 4232 1167 4305 intelligitur
1203 4236 1515 4292 intentionis
1561 4238 1865 4306 prolixitas.

282 4319 401 4379 Non
441 4340 571 4394 ergo
601 4326 742 4381 male
776 4328 982 4398 agendo
1022 4329 1088 4383 de
1139 4328 1230 4385 Dei
1261 4330 1636 4386 misericordia
1683 4347 1872 4402 Spere-

284 4431 425 4485 mus,
481 4418 576 4473 sed
621 4417 797 4473 ﬁrmis
842 4419 1175 4492 integrisque
1226 4421 1479 4492 operibus
1533 4423 1776 4478 innixam
1801 4426 1869 4480 ad

287 4507 476 4575 Deum,
501 4510 594 4581 qui
623 4510 863 4568 Trinitas
891 4522 992 4579 est,
1026 4514 1380 4571 intentionem
1431 4515 1596 4571 animi
1628 4518 1870 4588 porriga-

1962 2030 2132 2077 totum
2183 2030 2267 2075 est
2336 2035 2438 2074 nos
2483 2017 2684 2073 debere
2755 2013 3046 2071 exterioris
3090 2012 3326 2069 hominis
3379 2007 3557 2066 nostri

1962 2114 2248 2170 scientiam
2287 2113 2355 2168 ad
2389 2112 2689 2167 contuitum
2727 2111 2915 2180 primae
2958 2117 3160 2165 nostrre
3195 2108 3442 2177 originis,
3487 2121 3554 2162 ac

1962 2210 2241 2281 dignitatis
2296 2217 2632 2273 convertere,
2672 2216 2729 2261 et
2765 2206 3170 2277 c0gitationem,
3219 2204 3551 2261 locutionem

1964 2300 2448 2371 operationemque
2478 2297 2677 2353 divina:
2714 2296 2849 2365 legis
2879 2295 3187 2369 praeceptis,
3220 2311 3341 2366 quae
3367 2296 3555 2352 decem

1965 2395 2243 2459 dicuntur,
2297 2393 2602 2448 instituere.
2669 2389 2916 2445 Altitudo
2983 2404 3114 2460 ergo
3172 2388 3288 2445 haec
3344 2400 3556 2445 summa

1964 2496 2166 2543 nostra:
2194 2485 2524 2541 conditionis
2572 2490 2676 2549 est,
2722 2482 2809 2538 cui
2850 2482 3043 2538 crebro
3072 2481 3332 2538 debemus
3372 2480 3555 2536 inten-

1967 2580 2117 2645 dere,
2148 2593 2312 2650 quam
2340 2575 2583 2648 perfecta
2612 2591 2643 2630 a
2674 2574 2784 2631 Deo
2806 2573 2949 2630 facta
2987 2574 3077 2630 sit.

2035 2673 2201 2729 Vens.
2231 2672 2318 2727 16.
2342 2700 2412 2712 -
2432 2669 2743 2726 Fenestram
2768 2670 2823 2724 in
2845 2685 2971 2724 arca
3002 2668 3186 2739 facies,
3223 2676 3271 2723 et
3304 2668 3360 2723 in
3382 2665 3556 2722 cubito

1965 2764 2352 2822 consummabis
2400 2763 2752 2819 summitatem
2797 2761 2931 2832 ejus.
2979 2760 3246 2817 Fenestra
3280 2758 3331 2813 in
3368 2758 3560 2815 domos
3620 2773 3635 2783 ·

1968 2860 2183 2917 admitti
2225 2869 2281 2915 et
2326 2858 2543 2914 excludi
2597 2857 2737 2914 solet
2786 2857 3005 2924 lumen;
3062 2871 3164 2927 per
3210 2854 3352 2925 quod
3382 2859 3561 2925 potest

1967 2953 2223 3010 discretio
2253 2968 2359 3009 non
2404 2951 2639 3007 absurde
2664 2950 2913 3022 intelligi,
2947 2965 3053 3020 qua
3082 2956 3138 3004 et
3163 2947 3364 3003 malum
3392 2947 3561 3001 ratio-

1966 3046 2199 3102 cinando
2234 3043 2567 3115 repellimus,
2600 3043 2912 3112 bonumque
2941 3041 3103 3111 digna
3129 3038 3392 3094 electione
3417 3034 3560 3091 reci-

1966 3141 2167 3212 pimus.
2201 3137 2317 3195 Hac
2339 3154 2445 3193 non
2484 3136 2659 3193 solum
2688 3135 2958 3199 tenebras,
2990 3132 3084 3189 sed
3110 3140 3164 3188 et
3192 3131 3401 3199 lumen,
3431 3142 3557 3184 cum

1970 3232 2155 3301 ofﬁcit,
2183 3245 2452 3297 arcemus,
2479 3230 2606 3299 quia
2634 3244 2758 3284 cum
2779 3242 2846 3282 ex
2860 3225 3125 3282 memoria
3150 3225 3414 3280 bonorum
3437 3234 3560 3290 qua:

1967 3325 2178 3396 egimus
2204 3308 2407 3393 inepta.
2436 3320 2647 3386 laetitia,
2676 3334 2773 3376 seu
2813 3318 3012 3374 fiducia
3049 3316 3207 3371 nobis
3236 3314 3558 3376 innascitur,

1966 3421 2314 3485 peccatorum
2346 3421 2594 3467 veterum
2624 3410 2692 3467 ad
2718 3410 2959 3464 animum
2992 3407 3196 3464 mentio
3232 3405 3387 3477 quasi
3412 3419 3560 3476 quae-

1969 3506 2092 3562 dam
2118 3504 2311 3561 umbra
2342 3505 2534 3560 merito
2565 3512 2874 3560 revocatur.
2904 3499 3074 3568 Pone,
3097 3502 3175 3557 ait
3196 3500 3384 3567 lsaias,
3406 3499 3560 3570 quasi

1969 3607 2169 3653 noctem
2214 3596 2452 3651 umbram
2503 3606 2646 3650 tuam
2707 3593 2845 3666 (Isa.
2892 3609 3007 3659 χιιι,
3053 3594 3132 3663 5).
3180 3592 3343 3649 Great
3392 3590 3560 3645 etiam

1967 3702 2131 3758 super
2158 3702 2375 3743 omnem
2426 3686 2604 3742 locum
2652 3685 2856 3742 montis
2903 3684 3260 3741 Sion-nubem
3291 3696 3387 3755 per
3413 3683 3559 3741 diem

1968 3780 2132 3847 Deus,
2165 3780 2218 3835 in
2244 3780 2428 3836 cubito
2451 3780 2738 3835 summitas
2765 3780 2962 3835 horum
3003 3779 3248 3835 omnium
3299 3791 3553 3833 consum-

1968 3879 2165 3938 matur,
2204 3873 2328 3942 quia
2362 3872 2417 3926 in
2455 3871 2639 3941 requie
2665 3872 2995 3942 sempiterna
3043 3869 3348 3936 summitas,
3388 3868 3441 3922 id
3472 3873 3563 3922 est

1968 3963 2091 4020 linis
2113 3963 2401 4021 elaborata:
2421 3964 2787 4035 perfectasque
2808 3961 3157 4019 conscientiae
3176 3959 3385 4033 sperari
3402 3958 3559 4031 jube-

1971 4065 2086 4122 tur;
2137 4070 2167 4109 a
2215 4056 2399 4111 cubito
2438 4056 2579 4110 enim
2630 4053 2941 4111 accubitare
2994 4053 3245 4110 dicimus.
3296 4050 3451 4108 Unde
3501 4051 3556 4105 in

1969 4147 2205 4203 Canticis
2247 4146 2639 4202 reclinatorium
2687 4161 2907 4201 aureum
2948 4143 3127 4217 (Cant.
3161 4159 3243 4208 ιιι,
3285 4141 3479 4214 ω),οι
3504 4140 3558 4194 in

1970 4239 2264 4311 Evangelio
2306 4257 2319 4294 :
2370 4238 2555 4294 Faciet
2604 4239 2723 4293 illos
2771 4238 3095 4294 discumbere
3140 4237 3336 4292 dicitur
3398 4234 3551 4306 (an.

1972 4350 2069 4398 xu,
2096 4333 2216 4406 57);
2253 4333 2487 4389 ibienim
2517 4332 2907 4403 perliciendum
2928 4332 3047 4388 sine
3073 4330 3259 4387 labore
3283 4336 3386 4393 est,
3414 4328 3559 4397 quod

1970 4424 2058 4480 hic
2086 4434 2403 4490 exercetur;
2439 4424 2492 4479 in
2516 4423 2857 4480 Hierusalem
2882 4424 3026 4478 enim
3054 4430 3241 4478 votum
3273 4419 3554 4475 reddetur.

1973 4519 2179 4574 Ostium
2209 4529 2381 4572 autem
2405 4533 2544 4572 arca:
2574 4532 2732 4572 nones
2778 4531 2842 4570 ea:
2881 4514 3045 4569 latere
3067 4513 3333 4578 deorsum,
3378 4523 3555 4565 aena-

290 4617 428 4657 mus.
458 4601 686 4659 Possunt
706 4604 869 4660 etiam
918 4620 1015 4676 per
1068 4615 1338 4665 trecentos
1386 4609 1598 4665 cubitos
1635 4620 1744 4666 tres
1793 4610 1869 4667 illi
1901 4625 1946 4680 1)
1972 4611 2093 4666 cula
2113 4620 2161 4665 et
2188 4612 2400 4679 tristega
2430 4608 2589 4678 facies
2611 4608 2665 4661 in
2699 4624 2783 4662 ea.
2822 4604 3034 4661 Ostium
3058 4620 3197 4660 arcte
3215 4618 3279 4660 os
3314 4611 3561 4660 nostrum

288 4694 543 4766 praecipui
585 4696 915 4770 perfectique
946 4716 1235 4770 processus
1283 4702 1475 4774 accipi,
1528 4721 1664 4775 quos
1693 4705 1875 4761 Domi-

288 4802 393 4843 nus
448 4786 615 4844 dicit:
646 4789 836 4857 Petite,
881 4791 1121 4860 quaerite,
1161 4792 1366 4862 pulsate
1420 4792 1634 4864 (Manli.
1660 4810 1752 4860 vn,
1782 4795 1869 4866 7);

283 4886 457 4953 petite,
506 4888 714 4945 scilicet
763 4889 1006 4958 orando;
1044 4893 1284 4962 quwrite,
1342 4888 1603 4963 legendo;
1646 4889 1870 4961 pulsate.

284 4982 580 5049 operando.
611 4981 742 5050 Qum
800 4983 928 5038 dum
971 4983 1233 5038 continuo
1282 4982 1477 5039 effectu
1502 4983 1869 5053 exsequimur,

285 5085 412 5145 spes
440 5075 683 5143 profecto
712 5084 902 5132 nostra
932 5076 999 5131 ad
1034 5091 1157 5131 eum
1180 5092 1279 5147 pro
1321 5092 1427 5146 quo
1454 5077 1506 5131 id
1536 5077 1716 5149 agitur
1729 5077 1876 5148 juste

282 5161 603 5223 intenditur.
681 5168 1191 5242 Quinquagenarius
1269 5186 1571 5237 numerus,
1667 5179 1874 5241 septem

284 5258 487 5328 septies
521 5260 721 5328 ductis,
766 5276 980 5332 unoque
1014 5261 1197 5318 addito
1248 5277 1372 5317 cum
1401 5269 1631 5328 constet,
1675 5277 1773 5332 per
1817 5277 1876 5319 se

288 5358 471 5406 tamen
529 5354 772 5423 requiem
820 5355 1037 5423 signare
1060 5353 1362 5420 consuevit,
1398 5363 1456 5409 ut
1484 5363 1567 5409 est
1598 5352 1872 5421 Jubilacus,

286 5451 347 5497 ut
372 5444 537 5500 etiam
563 5446 709 5516 quod
735 5447 1098 5517 quinquageni
1147 5448 1213 5505 ad
1254 5462 1407 5503 esum
1436 5453 1641 5517 septem
1676 5460 1874 5516 panum

288 5536 701 5608 dispertiuntur.
747 5539 852 5595 Per
874 5539 1210 5596 latitudinem
1251 5551 1433 5597 autem
1458 5538 1873 5610 contemplatio-

287 5644 414 5686 nem
447 5633 764 5702 accipimus,
799 5650 903 5703 qua
950 5635 1001 5689 in
1034 5635 1126 5690 Dei
1154 5635 1359 5691 visione
1401 5634 1876 5705 quantulacunque

290 5725 608 5793 spatiamur.
672 5748 690 5778 (
739 5729 979 5799 Augusta
1046 5739 1130 5783 est
1189 5730 1331 5784 enim
1385 5730 1563 5784 omnis
1626 5737 1875 5784 creatura

288 5818 494 5874 videnti
527 5821 841 5879 Creatorem
875 5820 1135 5893 (Gnaeos.
1183 5821 1329 5877 Dial.
1376 5823 1472 5877 lib.
1504 5838 1565 5892 ιι,
1622 5838 1671 5878 c.
1701 5821 1810 5894 55).
1851 5839 1869 5875 ι

1974 4706 2234 4762 debemus
2255 4702 2522 4772 accipere,
2555 4716 2662 4772 Quo
2692 4700 3005 4773 panduntur
3041 4707 3254 4757 secreta
3283 4697 3567 4754 conscien-

1977 4796 2093 4863 tiae;
2142 4795 2340 4851 ostium
2391 4809 2624 4865 namque
2669 4794 2737 4849 ab
2782 4794 3103 4849 ostendendo
3150 4793 3368 4861 dicitur,
3424 4791 3568 4848 unde

1969 4887 2469 4960 jubeturuoupoui
2502 4888 2603 4943 sub
2646 4888 2827 4944 modio
2876 4886 3058 4944 lumen
3088 4885 3391 4960 (Matth.,v,
3446 4885 3565 4952 i5),

1975 4982 2149 5053 utqui
2180 4983 2574 5054 ingrediuntur,
2628 4982 2721 5052 qui
2771 4980 2979 5038 scilicet
3034 4979 3433 5038 eonfabulando
3489 4978 3561 5035 ad

1976 5077 2148 5132 nostri
2175 5076 2421 5130 notitiam
2452 5074 2834 5141 admittuntur,
2863 5074 3104 5140 videant,
3133 5072 3187 5127 id
3222 5080 3305 5127 est
3334 5071 3565 5126 docean-

1977 5181 2065 5227 tur
2108 5172 2249 5226 unde
2294 5178 2377 5225 est
2405 5188 2420 5225 :
2451 5167 2576 5223 Non
2618 5185 2821 5224 omnem
2848 5168 3108 5223 hominem
3139 5164 3358 5220 inducas
3385 5166 3442 5220 in
3470 5165 3567 5221 do-

1973 5280 2119 5319 mum
2172 5275 2317 5319 tuam
2367 5262 2573 5334 (Eccli.
2614 5277 2693 5327 χι,
2729 5260 2841 5332 ⁸51),
2865 5259 3011 5330 quod
3045 5266 3131 5314 est
3173 5272 3279 5314 non
3310 5257 3566 5315 omnibus

1976 5356 2173 5430 prodas
2204 5366 2443 5413 mentem
2477 5366 2647 5411 tuam.
2690 5354 2804 5409 lloc
2846 5352 3046 5408 ostium
3089 5350 3357 5413 exlatere
3410 5349 3567 5421 poni-

1974 5468 2122 5518 tuus,
2156 5451 2284 5506 dum
2329 5460 2518 5506 contra
2557 5447 2921 5518 subripientes
2946 5445 3186 5503 fallacias
3206 5445 3350 5501 cauti
3391 5444 3565 5501 undo-

1978 5559 2192 5612 cunque
2218 5542 2599 5615 prospicimus,
2632 5554 2752 5609 qua:
2803 5548 3007 5606 tacere,
3043 5553 3164 5610 quae
3188 5536 3335 5607 loqui
3364 5536 3566 5591 debea-

1978 5650 2125 5701 mus;
2153 5634 2396 5687 deorsum
2429 5646 2645 5702 quoque
2673 5631 2947 5702 ponimus,
2980 5630 3109 5684 dum
3143 5636 3236 5682 aut
3268 5625 3430 5681 nimis
3455 5625 3565 5680 alta

1977 5727 2209 5784 scrutari
2244 5725 2562 5796 refugimus,
2591 5732 2683 5779 aut
2710 5739 2832 5794 qua:
2872 5721 3099 5781 dicenda
3142 5730 3294 5787 sunt,
3327 5732 3565 5787 congrua

1978 5821 2175 5877 mentis
2204 5829 2259 5874 et
2287 5818 2483 5892 linguae
2524 5818 2830 5875 humilitate
2878 5815 3232 5887 proferimus;
3296 5808 3564 5867 cenacula

292 5911 399 5967 Sed
433 5912 477 5969 si
508 5914 573 5969 al
607 5915 746 5970 hanc
778 5916 1044 5987 attingere
1075 5915 1342 5989 cupimus,
1375 5932 1400 5970 a
1429 5932 1597 5991 pravo
1628 5931 1764 5991 Opus
1794 5924 1879 5973 cst
1981 5914 2229 5985 facimus,
2258 5911 2365 5988 4.2
2406 5913 2531 5970 dum
2581 5923 2689 5969 tota
2738 5920 2924 5969 nostra
2969 5907 3247 5989 desideria
3269 5923 3300 5987 a
3346 5912 3563 5961 terrena
