4108 6324
513 301 581 363 91
1325 306 1390 363 V.
1423 304 1744 363 GUIBERTI
1782 305 2077 363 ABBATIS
2117 306 2178 364 S.
2212 306 2454 364 MANE
2485 308 2572 364 DE
2599 308 2994 368 NOVIGENTO
3733 311 3811 367 92

519 424 880 481 delectatione
923 423 1324 494 suspendimus.
1375 421 1610 492 Tristega
1673 437 1807 478 vero
1856 440 1884 477 a
1935 423 2109 478 tribus
2139 420 2422 487 Aduobus
2473 423 2753 494 discipulis
2801 427 2868 481 ad
2923 431 3332 480 monumentum
3381 439 3540 482 mane
3585 426 3808 481 venisse

517 519 773 574 videntur
824 519 930 576 dici
979 518 1245 582 statibus;
1304 517 1482 571 status
1534 523 1716 572 autem
1771 517 1944 572 nostri
2001 529 2110 572 tres

519 627 710 670 revera
734 621 878 667 sunt.
911 611 1128 666 Primus
1169 611 1222 664 in
1252 609 1460 664 visione
1488 623 1783 680 corporea;
1837 611 2110 666 secundus

519 708 964 779 imaginationum
1018 704 1310 770 memoria;
1361 705 1556 759 tertius
1608 702 2111 773 intellectualipru-

521 802 720 858 dentia.
745 802 811 856 Et
864 800 1065 855 habent
1123 797 1374 868 proprias
1425 796 1701 851 trinitates
1742 796 1929 859 etiam,
1973 809 2110 864 quas

519 894 768 966 prosequi
797 893 1015 961 longum
1045 899 1152 955 est,
1179 891 1378 945 borum
1397 887 1631 958 singula,
1667 901 1898 956 quorum
1929 885 2107 956 quali-

518 990 718 1056 tatibus
765 985 994 1054 quisque
1045 983 1334 1054 diligenter
1377 981 1640 1052 pensatis,
1673 981 1779 1034 duo
1803 979 1977 1049 prima
2009 993 2107 1049 pro

519 1081 602 1136 sui
656 1078 890 1133 utilitate
943 1084 1258 1149 postponat,
1299 1085 1356 1130 et
1399 1090 1522 1130 cum
1560 1072 1726 1128 Paulo
1768 1071 2009 1142 apostolo
2037 1071 2105 1127 ad

517 1168 734 1224 tertium
766 1169 990 1233 coelum,
1021 1166 1384 1223 intellectuale
1413 1166 1621 1222 scilicet
1647 1165 1964 1235 mysterium
1986 1178 2106 1218 sese

519 1262 781 1332 proripiat
831 1261 916 1334 (11
947 1260 1070 1316 Cor.
1106 1278 1203 1328 xu,
1235 1261 1312 1328 Ξ).
1359 1260 1562 1316 Dicitur
1591 1259 1733 1314 enim
1790 1274 1818 1312 a
1859 1256 2104 1327 plurimis

517 1355 571 1408 in
593 1355 754 1410 tertia
778 1355 1036 1410 homines
1069 1355 1346 1410 habitasse
1376 1367 1618 1415 camera,
1649 1365 1753 1405 nec
1793 1349 1842 1404 id
1875 1348 2099 1418 injuria;

517 1462 642 1502 nam
687 1457 738 1503 et
767 1449 1024 1513 visiones,
1070 1457 1124 1502 et
1179 1447 1594 1516 imaginationcs
1636 1458 1922 1513 corporum
1979 1458 2103 1498 cum

516 1539 710 1596 beStiis
738 1541 998 1596 habemus
1019 1541 1348 1605 communia,
1391 1540 1484 1594 sed
1514 1553 1635 1593 cum
1664 1536 1773 1591 Deo
1800 1546 1855 1590 ct
1895 1535 2104 1605 angelis

519 1636 912 1706 participamur
940 1636 1168 1692 rationis
1197 1635 1388 1707 gloria.
1421 1635 1632 1688 Dicitur
1665 1647 1880 1702 quoque
1926 1631 2103 1702 prima

517 1727 678 1782 statio
719 1725 887 1782 fuisse
935 1726 1287 1792 stercoraria,
1331 1740 1440 1796 quo
1483 1724 1648 1780 ﬁmus
1701 1723 1913 1778 scilicet
1968 1721 2099 1776 inibi

2167 517 2536 600 Jdescribitur
2565 516 2750 588 (Joan.
2799 535 2891 584 xx,
2924 519 3045 590 1-5)
3083 537 3095 572 :
3127 534 3264 574 uxor
3323 529 3505 574 nostra
3551 519 3808 575 voluntas

2211 619 2314 676 est,
2362 625 2481 680 quae
2514 625 2723 666 annexa
2771 611 3005 666 ﬁdeliter
3036 611 3232 666 rationi
3279 610 3497 680 pictatis
3543 612 3808 680 operibus

2210 701 2564 768 fecundatur;
2603 720 2804 760 uxores
2845 703 3080 760 ﬁliorum
3115 713 3240 758 sunt
3265 702 3389 768 illae,
3419 719 3539 772 quae
3565 703 3806 774 singula-

2208 810 2330 851 rum
2353 813 2691 867 quarumque
2718 799 3112 868 professionum
3137 797 3592 853 destinationibus
3613 798 3804 867 subja—

2209 899 2334 946 cent
2364 890 2689 946 voluntates.
2717 891 2832 948 Una
2861 891 3228 958 estEcclesia,
3259 891 3386 946 licet
3407 892 3591 946 multa:
3615 892 3806 947 dican-

2207 992 2298 1039 tur
2325 984 2395 1040 ob
2423 985 2622 1050 situm;
2674 977 2746 1040 ita
2792 985 3042 1057 plurima;
3089 996 3214 1042 sunt
3257 985 3418 1040 dicta:
3469 986 3800 1053 voluntates,

2207 1078 2334 1134 licet
2366 1095 2472 1133 una
2503 1079 2574 1133 sit
2607 1080 2677 1134 ob
2709 1078 3088 1145 differentiam,
3122 1095 3257 1150 quas
3286 1082 3537 1135 volumus
3580 1096 3796 1148 rerum;

2207 1171 2475 1226 distinctae
2499 1181 2680 1226 autem
2707 1185 2982 1243 ponuntur
3011 1189 3110 1244 per
3139 1188 3198 1229 se
3235 1172 3368 1238 Noe,
3400 1185 3452 1228 et
3499 1173 3614 1238 lilii,
3653 1174 3802 1229 scili-

2206 1275 2296 1320 cet
2342 1281 2499 1331 uxor,
2529 1277 2582 1322 et
2635 1282 2833 1322 uxores
2885 1268 3142 1333 ﬁliorum,
3181 1267 3309 1337 quia
3365 1269 3548 1323 subtili
3578 1271 3801 1325 omnino

2207 1367 2325 1412 astu
2357 1359 2714 1414 discernenda
2740 1369 2864 1414 sunt
2891 1360 3112 1431 Spiritus
3146 1369 3353 1426 noster,
3387 1375 3451 1416 ac
3471 1361 3586 1430 ejus
3612 1377 3797 1432 opera,

2207 1457 2338 1504 tunc
2375 1449 2591 1504 demum
2651 1451 2907 1506 voluntas
2955 1452 3073 1520 ejus
3124 1453 3441 1522 principalis
3493 1454 3559 1507 ad
3607 1454 3794 1516 Deum,

2205 1543 2753 1615 promiscuarumque
2783 1546 3120 1600 voluntatum
3170 1546 3458 1612 examina;
3502 1556 3626 1600 sunt
3654 1549 3796 1602 enim

2206 1634 2261 1688 in
2309 1635 2507 1706 quibus
2558 1638 2966 1693 confunduntur
2990 1640 3205 1705 omnia;
3255 1639 3372 1694 huic
3396 1640 3576 1694 omnia
3612 1640 3794 1710 igitur,

2206 1735 2531 1794 voluntates,
2584 1732 2840 1788 videlicet
2865 1735 3275 1789 exsccutionum
3309 1748 3372 1788 ac
3419 1735 3796 1790 exsecutiones

517 1818 824 1890 degentium
879 1819 1192 1874 animalium
1249 1828 1304 1873 el
1355 1817 1635 1874 hominum
1700 1816 2098 1887 eXPOHEbawr;
2131 1796 2178 1856 Β
2206 1824 2568 1894 voluntatum,
2614 1827 2754 1882 intra
2791 1839 3030 1884 mentem
3055 1829 3168 1900 jam
3198 1829 3466 1899 placidam
3497 1829 3799 1884 recondun-

518 1911 752 1966 sccunda
783 1912 1150 1981 apothecaria,
1176 1927 1284 1982 quo
1311 1911 1478 1967 victui
1507 1911 1752 1982 utrisque
1777 1919 1898 1981 apta
1921 1925 2102 1965 serva-

515 2002 743 2070 bantur;
781 2005 941 2060 tertia
971 2005 1357 2070 mansionaria,
1378 2019 1487 2074 quo
1513 2003 1885 2060 solibomines
1914 2016 2100 2058 versa-

517 2090 735 2148 bantur.
783 2093 999 2150 Primus
1048 2095 1214 2150 etiam
1270 2103 1459 2150 noster
1500 2103 1675 2150 status
1727 2094 1778 2148 in
1817 2094 2101 2150 vocatione

511 2183 781 2239 confessio
843 2186 1053 2256 peccati
1103 2196 1216 2252 est;
1265 2187 1558 2250 secundus,
1616 2187 1667 2241 in
1713 2186 2102 2257 justiticatione

511 2278 792 2332 exsecutio
821 2278 1072 2334 vitulium
1115 2293 1339 2348 operum
1372 2288 1484 2342 est;
1537 2278 1726 2334 tertius
1753 2278 1806 2332 in
1832 2277 2102 2348 glorifica-

511 2367 676 2434 tione,
710 2371 927 2440 quando
952 2372 1051 2427 soli
1087 2372 1246 2428 electi
1283 2373 1335 2428 in
1372 2387 1538 2443 regno
1559 2372 1783 2436 erimus,
1818 2382 1921 2426 est.

579 2461 742 2516 Vsus.
783 2462 873 2518 17.
915 2494 986 2504 -
1023 2462 1163 2520 Ecce
1207 2481 1300 2535 ego
1364 2464 1624 2518 adducant
1691 2464 1873 2518 diluvii
1935 2481 2100 2534 aquas

507 2568 664 2624 super
697 2567 912 2624 terram,
955 2567 1009 2610 ut
1037 2552 1351 2627 interﬁciant
1391 2573 1593 2612 omnem
1623 2573 1854 2622 carnem,
1903 2557 1956 2611 in
1995 2573 2102 2627 qua

513 2645 728 2712 spiritus
756 2649 875 2703 vita:
903 2658 978 2703 est
1010 2650 1188 2704 subter
1213 2650 1432 2715 caelum;
1463 2650 1704 2704 universa
1729 2666 1846 2719 qua:
1881 2651 1934 2704 in
1960 2659 2101 2706 terra

510 2746 633 2790 sunt
663 2735 1053 2796 consumeretur.
1083 2741 1252 2810 Aqua:
1279 2740 1465 2796 diluvii
1495 2740 1734 2798 cmlestis
1761 2748 1846 2796 est
1873 2740 2098 2795 scientia

512 2833 995 2905 sacramenti,q~na
1043 2835 1322 2890 diluuntur
1359 2850 1522 2906 super
1565 2843 1788 2898 terram,
1820 2834 1874 2888 id
1921 2844 2002 2888 est
2048 2834 2101 2888 in

511 2937 738 2994 corpore
755 2936 940 2983 nostro
958 2927 1248 2998 cujuslibet
1267 2928 1502 2983 obscena
1527 2926 1755 2998 peccati.
1782 2923 2098 2995 Effundant,

510 3017 707 3087 inquit,
747 3037 919 3090 super.
951 3037 1040 3076 vos
1079 3037 1274 3092 aquam
1326 3021 1597 3085 mundam,
1637 3029 1685 3074 et
1715 3019 2100 3073 mundabimini

511 3107 728 3181 (Ezecli.
754 3127 939 3178 xxxvr,
966 3112 1082 3183 25).
1109 3112 1236 3170 Haec
1272 3129 1431 3184 aqua,
1457 3113 1509 3168 id
1537 3122 1618 3169 est
1649 3113 1913 3184 sapientia
1939 3113 2100 3166 addu-

514 3205 656 3260 citur
673 3224 829 3276 super
857 3216 1072 3272 terram,
1100 3208 1316 3276 quando
1333 3206 1633 3278 spiritualis
1653 3207 1888 3274 dignitas
1910 3215 2099 3260 tenore

505 3295 728 3366 iustitia:
757 3309 1050 3370 exsuperat
1077 3316 1328 3366 carnem;
1362 3302 1541 3356 omnis
1579 3315 1727 3365 caro,
1759 3300 1815 3352 in
1846 3313 1951 3368 qua
1993 3298 2100 3368 spi-

510 3391 642 3446 ritus
657 3393 782 3447 .vita:
811 3403 886 3447 est
906 3395 1085 3448 subter
1108 3394 1292 3449 calum
1317 3394 1665 3460 interficitur,
1695 3409 1819 3448 cum
1854 3393 2098 3448 membra

510 3494 716 3550 nostra,
751 3501 872 3555 quas
924 3496 1052 3543 sunt
1093 3503 1256 3558 super
1308 3496 1534 3552 terram,
1575 3496 1633 3543 et
1683 3487 1862 3542 adhuc
1911 3485 2100 3541 vivunt

2206 1925 2316 1983 tur,
2349 1935 2470 1988 qua:
2498 1936 2605 1976 non
2637 1921 2875 1976 inaniter
2901 1923 3050 1979 foras
3083 1923 3379 1994 spargitur,
3411 1924 3506 1978 sed
3539 1923 3794 1978 intrinse-

2205 2025 2305 2065 cus
2328 2010 2384 2065 in
2409 2011 2642 2068 Domino
2665 2013 2944 2084 gloriatur.

2277 2101 2443 2158 Vens.
2479 2105 2565 2160 l9.
2599 2135 2668 2146 —-
2697 2103 2764 2159 Et
2817 2123 2882 2161 ea:
2929 2108 3132 2162 cunctis
3157 2107 3513 2162 animantibus
3543 2107 3796 2162 universis

2205 2197 2380 2250 carnis
2408 2198 2529 2251 bina
2553 2199 2767 2253 induces
2795 2207 2850 2254 in
2875 2217 3077 2268 arcam,
3119 2210 3176 2254 ut
3201 2201 3372 2255 vivant
3399 2209 3567 2255 tecum
3591 2215 3800 2254 mascu-

2205 2287 2300 2343 lini
2325 2305 2497 2356 sexus,
2550 2302 2598 2346 et
2629 2293 2887 2362 feminini.
2939 2293 3016 2348 Ex
3060 2293 3395 2364 quibuslibet
3445 2294 3796 2364 cupiditatum

2204 2383 2516 2452 generibus,
2542 2399 2608 2438 ex
2628 2399 2951 2455 quacunque
2968 2385 3144 2456 fragili
3163 2384 3549 2440 alfectualitate
3574 2397 3798 2439 nascen-

2207 2474 2349 2529 tibus
2379 2475 2506 2530 bina
2531 2477 2583 2530 in
2614 2491 2795 2532 arcam
2827 2477 3151 2543 inducimus,
3185 2479 3239 2532 in
3269 2478 3466 2548 quibus
3487 2488 3571 2534 est
3597 2477 3797 2533 femina

2205 2577 2260 2622 et
2291 2569 2586 2636 masculus,
2635 2585 2758 2624 cum
2803 2570 2980 2626 ﬂuxos
3013 2581 3068 2626 et
3099 2572 3253 2640 quasi
3305 2571 3570 2628 femineos
3617 2571 3800 2628 carnis

2204 2670 2385 2717 motus
2414 2679 2479 2718 ex
2512 2665 2840 2720 necessitate
2883 2665 3170 2736 peccandi,
3212 2665 3442 2721 velimus
3484 2665 3802 2737 plerumque

2204 2755 2466 2820 nolimus,
2500 2757 2686 2811 animo
2736 2759 3110 2824 admovemus,
3141 2758 3235 2812 sed
3282 2767 3458 2814 tamen
3505 2758 3650 2815 illico
3693 2757 3800 2830 ,ιιτί

2203 2847 2324 2903 illos
2377 2851 2599 2906 masculi
2642 2852 3035 2922 mancipemus,
3070 2851 3298 2907 rationis
3337 2851 3612 2918 videlicet,
3649 2850 3801 2918 cujus

2202 2943 2256 2997 vi
2289 2942 2356 2998 ad
2384 2944 2628 3014 regulam
2671 2946 3142 3017 constringantur,
3180 2955 3242 2999 ut
3280 2944 3464 3000 vivere
3493 2945 3796 3009 nobiscum,

2205 3035 2257 3090 id
2296 3045 2380 3091 est
2431 3045 2490 3091 ut
2538 3037 2658 3092 vitii
2691 3037 2840 3093 virus
2892 3053 2998 3094 non
3033 3036 3341 3102 infundere,
3369 3038 3464 3092 sed
3515 3037 3583 3092 ad
3637 3037 3800 3090 vitam

2203 3131 2552 3201 pertinentia,
2593 3140 2649 3186 et
2674 3131 2878 3188 sentire
2918 3133 3201 3188 nobiscum
3244 3139 3299 3186 et
3324 3145 3486 3202 agere
3515 3141 3796 3202 cogantur.

2204 3224 2296 3281 Sic
2326 3225 2469 3280 enim
2496 3226 2668 3281 Adam
2693 3235 2746 3282 et
2779 3226 2888 3281 Eva
2925 3227 3286 3282 connectitur.
3356 3225 3358 3227 ’

2273 3319 2438 3376 Vens.
2467 3319 2559 3375 20.
2593 3351 2664 3360 —
2707 3319 2786 3375 De
2824 3321 3145 3386 volucribus,
3168 3320 3328 3392 juxta
3355 3334 3513 3390 genus
3534 3333 3704 3381 suum,
3740 3317 3794 3371 id

2201 3421 2282 3468 est
2336 3412 2403 3468 de
2457 3413 2727 3482 superbia:
2779 3412 3046 3478 motibus,
3098 3425 3423 3482 quocunque
3477 3407 3653 3472 modo,
3701 3415 3794 3461 aut

2201 3505 2556 3573 smculariter,
2589 3517 2682 3560 aut
2725 3506 2825 3560 sub
2858 3516 2985 3577 typo
3015 3504 3291 3574 religionis
3327 3502 3696 3573 superbiatur,
3735 3500 3798 3554 de

513 3576 801 3666 vigentque
819 3578 879 3632 in
932 3580 1110 3646 nobis,
1162 3580 1564 3636 mortificamur
1609 3576 1746 3647 (Col.
1803 3594 1886 3642 ιιι,
1928 3578 2008 3647 5),
2042 3585 2099 3632 ut

2202 3593 2450 3665 iumentis
2481 3596 2535 3648 in
2565 3609 2749 3666 genere
2771 3576 2892 3660 suo,
2916 3576 2984 3649 de
3010 3593 3399 3664 cupiditatibus
3429 3591 3640 3646 scilicet
3667 3605 3801 3660 qua-

509 3665 690 3720 dicere
718 3668 987 3736 possimus
1036 3685 1158 3725 cum
1213 3669 1382 3727 Paulo
1422 3668 1710 3741 apostolo:
1761 3666 1880 3724 Vivo
1923 3679 2099 3722 autem

505 3753 619 3822 jam
651 3773 756 3812 non
783 3775 899 3828 ego;
921 3760 1038 3815 uiuit
1075 3777 1192 3816 vero
1223 3761 1280 3816 in
1311 3777 1390 3815 me
1415 3759 1656 3815 Christus
1687 3756 1832 3828 (Gal.
1875 3775 1935 3820 ιι,
1981 3757 2094 3830 20).

508 3845 783 3906 Hactenus
831 3859 1011 3908 autem
1064 3869 1126 3909 ea
1173 3856 1591 3921 mortificamur,
1647 3871 1752 3910 non
1787 3864 1845 3910 ut
1873 3869 2096 3924 prorsus

509 3940 912 4014 interimantur,
949 3956 1222 4018 quatenus
1269 3950 1322 4004 in
1355 3949 1502 4004 nullo
1545 3963 1775 4020 regnare
1820 3947 2093 4003 feruntur.

509 4032 704 4092 Subter
727 4039 912 4095 caelum
957 4051 1140 4098 autem
1187 4043 1412 4115 spiritus
1447 4043 1599 4110 vivit,
1632 4060 1755 4099 cum
1797 4044 1923 4099 licet
1947 4058 2095 4114 pres-

508 4141 602 4182 sus
655 4131 880 4188 rationis
925 4133 1179 4204 imperio,
1225 4151 1347 4204 quae
1383 4135 1581 4191 cretum
1619 4137 1688 4190 ob
1719 4136 1920 4201 divina,
1975 4149 2095 4206 quae

509 4223 768 4289 continet,
823 4228 1079 4296 mysteria
1131 4237 1381 4295 vocatur,
1427 4228 1741 4283 tentationis
1791 4242 1890 4283 nos
1934 4225 2093 4283 ﬂatus

508 4315 754 4386 impellit.
806 4320 912 4379 Per
950 4325 1097 4380 hunc
1141 4325 1327 4395 itaque
1361 4339 1608 4394 saporem
1645 4325 1924 4396 sapientia:
1980 4325 2094 4380 uni-

511 4423 661 4466 versa
687 4430 807 4484 quae
830 4417 883 4472 in
909 4427 1054 4476 terra
1093 4429 1219 4475 sunt
1246 4428 1662 4486 consumuntur,
1685 4420 1812 4475 dum
1839 4420 2090 4475 mundia-

2201 3700 2415 3756 cunque
2445 3685 2865 3755 concupiscatur
2912 3685 2965 3739 in
2994 3700 3180 3748 causa,
3229 3694 3278 3740 et
3327 3701 3391 3740 ea:
3434 3684 3578 3738 omni
3628 3683 3801 3753 reptili

2199 3787 2352 3833 teme
2372 3779 2660 3833 secundum
2693 3795 2854 3849 genus
2889 3794 3063 3846 suum,
3096 3779 3149 3833 id
3196 3787 3281 3835 est
3307 3793 3374 3834 ex
3413 3777 3561 3832 omni
3609 3776 3798 3848 flagitii

2198 3886 2417 3941 genere,
2447 3887 2555 3944 quo
2586 3887 2684 3942 per
2708 3873 2889 3928 carnis
2930 3881 3189 3943 peccatur
3235 3870 3541 3935 desideria;
3573 3869 3701 3923 bina
3730 3869 3796 3924 de

2201 3964 2456 4018 omnibus
2506 3964 2884 4035 ingrediuntur
2913 3965 3220 4030 nobiscum,
3281 3975 3336 4017 ut
3365 3963 3565 4034 possint
3609 3963 3793 4027 vivere,

2197 4051 2346 4111 luxui
2379 4057 2622 4126 profecto
2678 4057 2932 4128 quaelibet
2989 4066 3138 4128 apta,
3189 4064 3244 4111 et
3287 4055 3458 4126 eulpae
3485 4070 3612 4112 cum
3654 4054 3795 4108 intra

2198 4163 2300 4204 nos
2331 4149 2622 4220 cogitando
2673 4149 2909 4204 admissa
2962 4145 3340 4218 fuerint,jugo
3384 4147 3568 4202 statim
3615 4145 3796 4216 depri-

2198 4251 2418 4296 muntur
2457 4242 2632 4298 virilis
2663 4243 2853 4307 animi,
2906 4249 2968 4296 ut
3017 4240 3083 4296 ad
3133 4241 3304 4296 vitam
3346 4239 3500 4295 nobis
3546 4239 3789 4305 valeant,

2195 4332 2322 4388 dum
2381 4334 2517 4389 bene
2583 4335 2811 4400 utimur,
2867 4333 3164 4388 tentatione
3212 4335 3489 4403 prodesse.
3517 4331 3644 4386 Haec
3689 4331 3793 4385 tria

2196 4427 2458 4496 peccandi
2488 4442 2684 4498 genera
2711 4425 2818 4499 43
2841 4427 3003 4481 etiam
3027 4424 3264 4481 Joannes
3289 4425 3564 4495 apostolus
3585 4439 3790 4478 memo-

507 4497 573 4556 lis
603 4504 784 4564 fervor
807 4508 1030 4568 allectus
1055 4513 1276 4581 superni
1307 4512 1509 4568 amoris
1542 4513 1682 4567 unda
1709 4513 2088 4584 restinguitur.
2119 4539 2176 4602 Ῑ)
2201 4528 2304 4584 rat,
2337 4536 2401 4575 ac
2452 4521 2498 4576 si
2545 4521 2922 4577 universorum
2971 4519 3258 4576 criminum
3301 4520 3604 4582 materiam,
3629 4532 3790 4573 omne

511 4601 566 4657 in
601 4613 862 4672 quantum
891 4607 1042 4661 carni
1069 4605 1297 4676 spiritus
1323 4605 1616 4676 praivalere
1642 4607 1994 4676 permittitur.

518 4697 541 4724 ‘
581 4695 745 4754 Vsus.
781 4699 868 4754 18.
889 4727 960 4740 -—
981 4697 1289 4770 Ponamque
1328 4699 1496 4769 {trdus
1517 4717 1690 4755 meum
1712 4711 1902 4767 tecum,
1934 4710 1982 4754 et
2011 4701 2094 4754 in-

507 4788 760 4858 gredieris
785 4806 988 4857 arcam,
1041 4800 1117 4852 tu,
1149 4800 1196 4844 et
1223 4790 1326 4859 ﬁlii
1355 4791 1454 4858 tui,
1485 4807 1622 4845 uxor
1663 4802 1775 4858 tua,
1803 4802 1852 4846 et
1903 4808 2092 4847 uxores

507 4879 738 4949 ﬁliorum
766 4893 976 4937 tuorum
999 4891 1187 4936 tecum.
1209 4882 1410 4939 Foedus
1434 4885 1892 4941 suum'nobiscum
1921 4885 2093 4955 ponit,

513 4967 635 5028 cuni
671 4973 940 5030 exstincta
965 4973 1327 5030 oblectatione
1350 4976 1529 5032 saeculi
1565 4977 1724 5032 docet
1744 4976 1973 5031 interius
1996 4991 2096 5030 nos

515 5078 759 5141 gustare,
813 5078 869 5125 et
909 5070 1115 5137 videre,
1143 5072 1266 5142 quia
1315 5073 1590 5129 adhaerere
1640 5074 1839 5130 bonum
1879 5080 1966 5127 est
1994 5071 2097 5126 sibi

517 5161 691 5236 (Psal.
729 5180 902 5231 cxx",
949 5164 1075 5233 28);
1112 5181 1210 5236 per
1240 5166 1462 5224 foederis
1518 5167 1679 5239 hujus
1721 5168 1826 5222 vim
1875 5166 1931 5220 in
1963 5180 2098 5236 quo-

517 5259 767 5313 rumdam
796 5259 856 5314 fit
885 5269 1196 5316 sanctorum
1218 5263 1473 5319 cordibus
1502 5271 1648 5317 tanta
1676 5261 1984 5319 constantia
2016 5268 2096 5325 ut,

512 5350 557 5408 si
603 5350 746 5404 nulla
792 5360 976 5408 essent
1029 5353 1226 5410 inferni
1275 5357 1559 5427 supplicia,
1600 5369 1874 5426 nunquam
1917 5361 2098 5408 tamen

516 5453 739 5512 accepta
793 5445 1055 5502 desistere
1100 5448 1304 5505 vellent
1352 5450 1582 5519 justitia.
1644 5449 1949 5519 Ingreditur
1985 5447 2098 5503 Noe

513 5543 725 5598 noster,
776 5545 831 5592 et
865 5537 959 5594 filii
991 5538 1106 5608 ejus
1148 5556 1350 5607 arcam,
1382 5545 1507 5597 dum
1546 5542 1712 5596 libera
1761 5557 1790 5594 a
1841 5541 2097 5595 vitiorum

511 5624 884 5695 inquietudine
913 5648 1064 5688 mens
1089 5651 1210 5690 cum
1241 5651 1460 5690 suarum
1489 5634 1640 5705 prole
1668 5635 1926 5688 virtutum
1957 5633 2098 5688 inte-

512 5721 648 5776 riori
676 5733 928 5781 contenta
953 5729 1268 5784 testimonio
1291 5731 1431 5784 intra
1459 5727 1804 5784 conscientia:
1832 5727 2012 5783 abdita
2041 5743 2101 5784 se

510 5813 824 5887 abscondit;
855 5819 948 5876 cui
971 5821 1109 5878 miro
1131 5821 1370 5879 concinit
1406 5823 1567 5879 modo
1605 5823 1748 5894 quod
1775 5821 1942 5878 Maria
1972 5836 2099 5878 cum

2199 4614 2340 4683 quod
2372 4613 2422 4667 in
2468 4615 2667 4669 mundo
2714 4622 2797 4667 est
2845 4626 3116 4678 asserens,
3168 4619 3263 4665 aut
3293 4610 3786 4680 concupiscentiam

2201 4711 2404 4775 carnis,
2421 4708 3026 4781 autconcupiscentiam
3049 4707 3458 4774 oculorum,aut
3481 4703 3787 4776 superbiam

2197 4801 2323 4857 vitm
2351 4800 2575 4871 (Noun.
2610 4816 2669 4864 tt,
2702 4799 2810 4870 16).

2278 4897 2438 4951 Vens.
2461 4895 2553 4962 2!,
2587 4894 2678 4949 22.
2711 4924 2782 4934 —
2813 4891 2986 4948 Tolles
3014 4892 3180 4963 igitur
3223 4901 3391 4946 tecum
3439 4905 3505 4943 ex
3555 4887 3792 4941 omnibus

2203 4993 2335 5048 escis
2374 5007 2491 5061 qua:
2516 4989 2698 5043 mandi
2739 4998 2974 5058 possunt,
3007 4997 3053 5042 et
3087 4983 3434 5057 comportabis
3465 4981 3606 5052 apud
3639 4991 3706 5040 te,
3747 4988 3791 5031 et

2201 5091 2354 5137 erunt
2381 5092 2489 5134 tam
2520 5079 2613 5133 tibi
2639 5095 2797 5148 quam
2829 5078 2936 5132 illis
2958 5079 3012 5132 in
3035 5077 3232 5130 cibum.
3261 5075 3346 5129 Ea:
3400 5072 3640 5128 omnibus
3665 5071 3790 5125 escis

2201 5192 2318 5247 qua:
2370 5175 2550 5228 mandi
2578 5183 2791 5244 possunt
2844 5172 2984 5244 apud
3036 5185 3134 5226 nos
3189 5177 3618 5240 comportamus,
3669 5180 3789 5220 cum

2203 5267 2556 5324 multifariam
2609 5267 2901 5337 multisque
2951 5264 3126 5319 modis
3176 5280 3204 5319 a
3248 5262 3503 5317 Patribus
3543 5262 3686 5317 dicta
3737 5265 3792 5311 et

2204 5357 2350 5414 facta
2382 5359 2450 5413 ad
2495 5358 2802 5428 exemplum
2855 5356 2978 5410 vitae
3027 5355 3533 5424 institutionemque
3561 5351 3790 5408 conferi-

2203 5469 2348 5519 mus,
2387 5452 2585 5522 quibus
2632 5467 2696 5506 ac
2745 5448 2790 5505 si
2821 5447 3016 5519 pabulo
3047 5461 3144 5502 nos
3175 5448 3441 5509 fovemur,
3473 5455 3528 5501 et
3558 5445 3647 5500 illa
3673 5457 3792 5514 quae

2204 5560 2306 5600 nos
2357 5533 2550 5614 urgent
2602 5541 2888 5611 pravitatis
2941 5537 3211 5592 incentiva
3262 5537 3687 5607 compescimus,
3735 5541 3790 5588 et

2205 5639 2321 5693 lucc
2350 5633 2510 5688 Veluti
2537 5632 2834 5702 pascimus,
2857 5630 2984 5684 dum
3017 5629 3209 5682 horum
3239 5630 3574 5699 suggestioni
3608 5628 3788 5683 vitalia

2205 5734 2522 5784 sanctorum
2589 5721 2734 5776 dicta
2787 5721 3000 5776 factave
3046 5719 3413 5786 rependimus.
3463 5718 3613 5775 Fecit
3667 5732 3790 5789 ergo

2207 5819 2329 5878 Noe
2351 5817 2530 5875 omnia
2558 5830 2676 5887 qua:
2705 5819 3024 5884 praeceperat
3054 5808 3134 5864 illi
3159 5809 3319 5866 Deus.
