4108 6324
214 274 278 331 95
1292 273 1664 334 MORALlUM
1703 273 1770 332 lN
1806 275 2094 335 GENESIN
2131 277 2255 335 LIB.
2289 281 2377 337 Ill.

813 368 1043 428 CAPUT
1083 368 1193 426 VII.

295 462 457 516 Vsus.
489 461 540 514 1.
574 492 644 501 -
671 461 917 534 Dixitque
943 465 1011 519 ad
1038 482 1152 519 eum
1194 463 1491 519 Dominus:
1522 462 1805 534 Ingredere

233 568 304 623 tu,
329 567 376 610 et
405 556 575 610 omnis
625 556 812 609 domus
843 566 933 609 tua
979 557 1031 611 iu
1061 573 1239 611 arcam
1272 573 1290 622 ;
1328 567 1377 610 te
1420 556 1557 610 enim
1596 554 1811 624 vidiju-

217 659 347 703 stum
377 666 559 703 coram
598 666 677 704 me
703 651 757 703 in
780 650 1118 719 generatione
1158 650 1278 705 hac.
1309 648 1604 719 Postquam
1636 648 1808 702 multo

218 744 414 798 sudore
446 743 767 797 thesaurum
808 740 1182 804 eﬁ‘oderimus,
1216 742 1368 812 juxta
1416 742 1544 796 illud
1566 739 1687 805 Job,
1721 755 1810 795 se-

221 838 463 906 pulcrum
498 853 600 892 nos
624 837 874 893 invenire
899 837 1196 907 gaudemus
1221 836 1341 908 (Job
1402 851 1487 898 tu,
1522 834 1640 905 22),
1680 835 1808 904 quia

222 946 338 983 cum
372 947 608 1002 corpora
632 930 952 985 omnimodo
979 929 1237 984 cruciatui
1290 929 1359 983 ob
1408 927 1501 982 Dei
1529 927 1809 981 servilium

220 1022 663 1089 exposuerimus,
710 1021 789 1075 nil
836 1018 1010 1088 majus
1039 1036 1068 1073 a
1113 1021 1218 1075 Deo
1246 1020 1299 1074 in
1348 1020 1450 1075 hoc
1478 1018 1676 1075 saeculo
1716 1033 1813 1073 nos

221 1111 469 1167 obtinere
498 1128 663 1182 posse
690 1121 947 1183 putamus
976 1126 1136 1181 quam
1161 1118 1216 1165 ut
1236 1110 1302 1166 ad
1329 1110 1568 1181 aliquam
1615 1110 1815 1165 mentis

222 1202 717 1274 intpassibilitatem
766 1206 1155 1274 pertingamus,
1206 1213 1264 1256 ut
1292 1204 1500 1259 scilicet
1519 1219 1641 1273 quae
1671 1203 1814 1258 Deus

225 1293 341 1348 ﬁeri
367 1294 540 1365 jubet,
574 1311 691 1350 cum
722 1295 1137 1365 expleverimus,
1162 1294 1304 1349 intra
1331 1295 1533 1351 mentis
1569 1294 1813 1365 requiem

229 1398 258 1437 a
285 1384 491 1440 forensi
528 1400 705 1455 pugna
763 1385 917 1441 liberi
949 1401 1072 1442 cum
1119 1386 1267 1441 omni
1325 1396 1514 1442 nostro
1540 1386 1813 1457 spirituali

228 1478 438 1547 peculio
495 1478 919 1551 abscondantur.
980 1478 1037 1533 ln
1095 1480 1197 1535 hac
1244 1479 1391 1533 enim
1445 1478 1813 1549 spiritualium

218 1568 571 1638 generatione
636 1569 895 1635 ﬁliorum,
945 1585 1053 1640 qua
1083 1582 1137 1625 et
1171 1570 1456 1626 mulierem
1487 1570 1683 1625 salvari
1734 1571 1815 1625 di-

219 1658 292 1714 cit
314 1660 607 1730 Apostolus
656 1659 707 1732 (I
734 1659 871 1716 Tim.
902 1678 963 1725 ιι,
990 1661 1103 1733 15),
1149 1677 1256 1717 non
1283 1663 1395 1718 sola
1422 1663 1668 1734 corporis
1698 1677 1810 1717 ma-

3360 316 3431 373 θι

1832 372 2252 431 Λνθιείιθιὶὶιιιε
2297 386 2522 441 constat,
2571 394 2668 449 quo
2716 390 2881 447 anima
2924 399 3025 455 sub
3070 402 3171 458 Dei
3220 406 3345 477 lege
3372 372 3443 463 se

1905 476 2145 569 θλθτίξθίν
2174 469 2478 569 εξςηὶἣοθις
2507 471 2615 539 ipsa
2643 478 2777 569 fuit“
2822 486 2885 537 ob
2907 490 3088 547 decem
3118 469 3445 569 principalia

1910 558 2165 613 mandata
2192 560 2486 631 Decalogtts
2515 564 2816 633 appellatur.
2851 571 2979 628 Post.
3012 558 3323 648 ρι-ωἰῑικηςιέ
3349 592 3451 643 ita-

1912 662 2018 745 que
2047 648 2307 745 virtutum
2344 650 2604 745 dationes.
2652 654 2823 745 adhuc
2851 672 2908 711 se
2932 662 3072 720 Deus
3100 684 3223 737 post
3251 688 3453 745 septem

1914 739 2053 807 dies,
2098 739 2152 794 id
2175 747 2258 794 est
2288 748 2412 810 post
2444 742 2801 811 spiritualium
2842 745 3224 813 plenitudinem
3265 739 3457 829 gratia-

1915 845 2058 896 rum,
2095 832 2455 902 quadraginta
2487 833 2672 888 diebus
2718 844 2772 889 et
2797 838 3045 893 noctibus
3094 848 3313 908 spondet
3336 853 3466 916 ῃιιιῖ.

1918 931 2103 976 lurttm
2131 937 2295 991 super
2321 932 2543 988 terram,
2600 924 2653 978 in
2685 925 2786 979 hac
2833 927 3039 982 scilicet
3084 930 3216 992 vita,
3242 947 3345 999 qua
3390 939 3477 994 ὓρὶ

1915 1015 2206 1083 ιιι-ειιρθριὶε
2231 1013 2486 1068 obeditur
2535 1014 2679 1069 inter
2708 1017 2932 1071 adversa
2960 1028 3015 1073 et
3064 1034 3345 1089 prospera,
3377 1037 3487 1087 qua:

1916 1106 2111 1162 diebus
2162 1122 2226 1161 ac
2273 1108 2528 1162 noctibus
2557 1107 2877 1179 ﬁgurantur,
2905 1112 3073 1164 nostri
3105 1110 3343 1165 carnalis
3368 1108 3495 1164 affe-

1916 1209 2039 1254 ctus
2066 1198 2542 1254 divinainfusione
2563 1214 2623 1254 se
2660 1199 3303 1267 molliturumdnritiam;
3337 1213 3390 1255 et
3439 1200 3492 1254 in

1920 1292 2039 1362 ipso
2090 1291 2236 1347 delet
2276 1306 2498 1347 omnem
2552 1294 2916 1349 substantiam
2951 1336 2966 1361 ,
3022 1310 3179 1364 quam
3230 1296 3375 1361 fecit,
3426 1294 3494 1351 de

1921 1385 2211 1456 superﬁcie
2235 1394 2417 1452 terrae,
2443 1386 2570 1441 dum
2595 1386 2793 1440 animae
2814 1387 3149 1441 voluntatem
3180 1386 3485 1443 carnalibus

1920 1477 2241 1545 desideriis,
2278 1478 2435 1549 quasi
2492 1478 2820 1549 quibusdam
2852 1478 3223 1534 accidentibus
3253 1479 3499 1532 substan-

1929 1580 2061 1633 tem,
2096 1571 2148 1625 in
2185 1580 2447 1640 quantum
2480 1569 2666 1636 ﬂuida,
2695 1580 2752 1625 et
2782 1570 2973 1625 talium
3000 1584 3171 1639 capax
3196 1576 3301 1631 est,
3323 1584 3353 1619 a
3378 1567 3506 1635 facie

1920 1673 2100 1728 terrai,
2158 1680 2189 1718 a
2245 1664 2579 1736 cogitatione
2638 1663 2894 1719 videlicet
2942 1663 3140 1717 mentis
3181 1660 3296 1730 jam
3327 1658 3510 1713 solida:

219 1752 501 1809 ceratione
533 1752 700 1819 videt,
726 1752 779 1808 id
816 1761 902 1810 est
928 1753 1196 1826 approbat
1247 1755 1387 1811 Deus
1411 1754 1681 1826 justitiam
1718 1770 1813 1810 no-
1847 1753 1891 1810 B
1916 1754 2189 1809 obliterat.
2236 1755 2393 1810 Hanc
2422 1765 2605 1811 autem
2644 1755 3009 1811 substantiam
3036 1753 3185 1818 fecit,
3211 1753 3336 1821 quia
3368 1749 3512 1803 malo

214 1858 408 1907 stram.

290 1943 461 1998 Vens.
492 1941 550 1995 2.
579 1972 652 1983 —
692 1940 776 1998 Ea:
805 1941 1050 1996 omnibus
1077 1942 1435 1996 animantibus
1459 1942 1667 1996 mundis
1696 1940 1818 1995 tolle

222 2044 434 2104 septena
463 2042 513 2087 et
563 2043 801 2103 septena,
856 2032 1154 2085 masculum
1195 2042 1241 2085 et
1275 2033 1523 2100 feminam
1556 2049 1574 2097 ;
1618 2032 1681 2086 de
1708 2033 1824 2086 ani-

231 2124 501 2178 mantibus
530 2139 652 2177 vero
681 2140 785 2177 non
822 2122 1061 2186 mundis,
1088 2122 1192 2176 duo
1222 2132 1268 2176 et
1301 2123 1428 2188 duo,
1458 2122 1752 2176 masculum
1777 2131 1824 2176 et

230 2215 511 2287 feminam.
541 2215 777 2286 Septena
806 2225 861 2271 et
882 2226 1109 2285 septena
1136 2216 1545 2286 quatuordecim
1575 2216 1819 2280 faciunt;

235 2316 445 2376 septem
499 2318 684 2361 autem
721 2322 821 2376 pro
880 2308 1150 2376 spirituali
1189 2309 1383 2378 gratia,
1416 2316 1509 2362 aut
1540 2323 1639 2377 pro
1686 2316 1818 2373 toto,

226 2396 479 2452 interiori
528 2397 742 2453 scilicet
792 2406 848 2453 et
890 2397 1173 2461 exteriori,
1212 2398 1429 2453 homine
1469 2400 1593 2468 poni
1633 2399 1813 2464 solet;

222 2504 390 2560 opera
414 2505 544 2561 ergo
570 2498 753 2545 nostra
802 2490 1024 2546 subdito
1055 2503 1303 2559 corpore,
1331 2498 1386 2545 et
1417 2490 1598 2545 anima
1630 2490 1817 2546 divino

223 2578 441 2647 spiritui
504 2596 602 2650 per
628 2579 881 2651 Decalogi
923 2581 1346 2647 observantiam,
1392 2581 1704 2652 evangelica
1733 2590 1816 2637 as-

224 2670 444 2740 tingunt
468 2669 704 2741 fastigia,
730 2680 785 2727 et
815 2672 1073 2725 animalia
1093 2672 1231 2727 liunt
1268 2674 1606 2740 munda,sed
1630 2683 1814 2730 tamen

226 2778 457 2821 necesse
486 2774 572 2821 est
620 2775 679 2822 ut
709 2767 819 2821 sint
849 2765 1124 2821 masculus
1184 2774 1240 2821 et
1267 2764 1490 2833 femina,
1521 2775 1810 2837 quatenus,

225 2858 282 2915 in
312 2872 580 2930 quantum
623 2861 924 2919 animantia
974 2869 1029 2916 et
1085 2859 1363 2917 feminina:
1415 2861 1657 2917 mollitiei
1688 2870 1815 2918 sunt

224 2953 297 3009 ad
328 2954 616 3010 ambienda
650 2953 990 3025 temporalia,
1050 2953 1193 3009 adsit
1222 2962 1424 3025 praesto
1467 2955 1621 3025 quasi
1660 2970 1811 3024 quae—

229 3047 354 3103 dam
395 3047 626 3104 rationis
665 3048 990 3116 auctoritas,
1042 3065 1164 3119 quae
1194 3048 1459 3120 reprimat
1489 3047 1811 3103 masculina.

224 3135 377 3193 Bona
413 3138 599 3207 itaque
637 3146 827 3194 nostra
877 3139 1124 3210 quolibet
1172 3139 1334 3195 modo
1368 3146 1513 3204 acta,
1538 3138 1631 3192 vix
1669 3137 1814 3193 inte-

224 3246 324 3303 gra
352 3231 589 3302 puritate
642 3232 821 3287 nitent
856 3249 870 3298 ;
928 3241 983 3287 et
1015 3231 1148 3303 quid
1196 3232 1422 3295 mirum,
1460 3231 1507 3285 si
1535 3229 1817 3285 immunda

225 3322 526 3379 animantia
552 3322 727 3379 multo
750 3324 926 3395 magis
948 3327 1053 3379 hoc
1077 3322 1306 3379 masculi
1336 3321 1603 3390 regimine
1627 3319 1820 3390 egent?

214 3431 352 3487 quae
378 3417 485 3474 duo
508 3426 659 3485 sunt,
689 3418 819 3488 quia
844 3427 965 3488 quae
993 3418 1051 3473 in
1101 3418 1210 3473 hoc
1246 3416 1450 3472 mundo
1472 3414 1722 3484 cupimus
1753 3413 1821 3467 ab

224 3512 441 3566 unitate
476 3511 599 3577 Dei,
654 3521 711 3566 et
743 3495 1026 3566 hominum
1073 3526 1177 3567 nos
1217 3510 1482 3574 dividunt,
1513 3515 1607 3562 aut
1638 3507 1743 3562 duo
1767 3514 1826 3561 et

225 3600 365 3666 duo,
395 3600 447 3656 id
466 3611 550 3656 est
575 3610 834 3669 quatuor,
866 3600 995 3670 quia
1026 3598 1409 3670 temporalium
1438 3612 1625 3653 amore
1665 3595 1812 3653 desi-

233 3692 393 3748 deria
442 3702 632 3749 nostra
692 3693 931 3748 carnalia
986 3692 1283 3748 animantia
1321 3706 1428 3746 non
1479 3690 1675 3746 munda
1726 3691 1820 3746 de-

224 3781 424 3849 ﬂuunt,
454 3784 560 3839 nisi
613 3798 676 3840 ea
726 3785 795 3839 ad
825 3784 1025 3839 lineam
1068 3782 1376 3849 munditias,
1406 3781 1618 3839 scilicet
1645 3781 1818 3837 Deum

230 3877 606 3949 intelligentiae
634 3876 784 3933 frena
808 3876 1112 3934 reﬂectunt.

304 3972 475 4029 Vsus.
505 3972 559 4026 5.
586 4002 656 4012 —
679 3970 781 4027 Sed
813 3981 864 4026 et
896 3973 961 4025 de
1015 3970 1318 4026 volatilibus
1362 3969 1476 4024 creti
1525 3977 1736 4040 septena
1766 3975 1815 4021 et

230 4076 471 4136 septena,
527 4065 823 4121 masculum
858 4075 906 4120 et
935 4066 1211 4136 feminam,
1255 4074 1310 4118 ut
1360 4065 1596 4119 salvetur
1640 4078 1818 4117 semen

230 4175 393 4230 super
424 4158 616 4227 [aciem
646 4158 899 4212 universa:
946 4167 1119 4212 terrae.
1176 4154 1234 4211 Si
1284 4170 1382 4226 per
1412 4154 1706 4210 animantia
1733 4166 1823 4208 ac-

236 4251 404 4306 tualis
436 4253 559 4305 vitae
584 4250 745 4316 bona,
800 4265 899 4320 per
927 4250 1206 4305 immunda
1249 4264 1380 4305 vero
1407 4259 1585 4303 motus
1622 4246 1821 4311 illiciti,

236 4345 334 4401 sed
357 4344 654 4400 salubriter
679 4346 895 4400 ratione
926 4343 1159 4399 correcti
1191 4359 1206 4409 ;
1266 4358 1363 4413 per
1411 4342 1650 4397 volatilia
1699 4339 1821 4396 (ταιιί

234 4452 350 4491 ιιοιι
381 4436 678 4506 incongrue
727 4435 1147 4505 contemplativa
1180 4434 1425 4506 signatur
1453 4433 1768 4489 excellentia
1801 4448 1815 4497 ;
1853 4465 1899 4522 Β

233 4543 358 4599 qua:
396 4543 496 4597 per
523 4527 754 4599 gratiam
803 4527 983 4583 evicta
1011 4528 1257 4597 corporis
1308 4526 1531 4582 lascivia
1580 4525 1693 4580 Deo
1723 4525 1820 4579 de-

234 4621 513 4693 gustando
550 4620 780 4675 libratur
804 4635 969 4691 super
997 4621 1226 4675 aethera.
1282 4618 1355 4673 At
1384 4634 1491 4690 qua
1544 4619 1611 4674 de
1658 4632 1823 4674 causa

234 4715 356 4771 haec
379 4714 736 4770 intellectuali
766 4713 1007 4767 dominio
1050 4714 1467 4779 submittantur,
1496 4712 1730 4779 additur,
1768 4720 1824 4766 ut

233 4810 471 4865 salvetur
504 4826 681 4865 senten
718 4824 874 4879 super
900 4808 1090 4876 [aciem
1143 4809 1307 4862 omnis
1336 4819 1511 4873 terrte,
1549 4808 1675 4877 quia
1721 4807 1825 4863 nisi

244 4899 340 4957 ille
368 4902 617 4972 imperet,
649 4900 925 4967 voluntas,
955 4912 1076 4969 qua:
1101 4913 1285 4954 semen
1312 4909 1367 4953 et
1390 4900 1545 4968 origo
1570 4908 1657 4954 est
1698 4898 1824 4954 boni

234 4998 449 5068 aperis,
488 4995 634 5052 illico
681 4994 975 5066 deperiens
1021 4989 1226 5046 nullum
1256 4990 1591 5059 probabilem
1623 4990 1829 5060 profert

236 5087 478 5145 fructum
512 5088 568 5143 in
596 5085 886 5158 superﬁcie
914 5094 1099 5151 terrae,
1130 5084 1185 5138 id
1215 5091 1301 5137 est
1324 5082 1618 5137 exterioris
1654 5083 1829 5138 homi-

238 5184 330 5239 nis
356 5199 373 5250 ;
403 5182 632 5238 seminis
661 5195 792 5252 ergo
814 5180 961 5237 salus
986 5195 1054 5235 ex
1080 5177 1313 5249 imperio
1351 5175 1601 5231 rationis.

312 5274 484 5330 Vsus.
515 5274 662 5328 4.-
687 5273 874 5327 Adhuc
915 5273 1053 5328 enim
1100 5282 1150 5326 et
1176 5279 1291 5341 post
1320 5270 1434 5323 dies
1479 5275 1695 5335 septem,
1740 5283 1832 5336 ego

237 5368 424 5439 pluam
472 5383 630 5439 super
658 5377 854 5421 terram
884 5368 1241 5437 quadraginta
1294 5361 1483 5418 diebus
1513 5368 1563 5413 et
1603 5359 1835 5429 quadra-

240 5461 390 5530 ginta
419 5459 686 5525 noctibus,
738 5469 785 5513 et
812 5459 992 5514 delebo
1026 5474 1233 5513 omnem
1281 5453 1639 5513 substantiam
1679 5467 1835 5521 quam

241 5553 345 5622 feci
373 5568 406 5609 a
435 5553 577 5624 {acie
612 5562 786 5606 terrm.
839 5550 1201 5622 Septenarius
1255 5566 1356 5620 prs
1384 5538 1721 5619 miliae
1748 5556 1840 5597 ac-

239 5647 447 5719 cipitur
471 5665 488 5717 ;
520 5646 1009 5718 quadragenarius,
1047 5645 1177 5716 quia
1203 5660 1269 5700 ex
1304 5652 1543 5715 quatuor
1570 5644 1627 5693 et
1655 5636 1840 5690 decem

238 5743 558 5811 conficitur,
591 5739 954 5813 temporalem
1008 5755 1326 5808 excursum,
1378 5738 1471 5809 qui
1500 5740 1734 5808 quatuor
1757 5730 1843 5787 di-

1921 1857 2110 1901 nostro
2141 1848 2337 1901 merito
2367 1846 2481 1903 ﬁeri
2514 1848 2784 1918 permisit.

1994 1938 2160 1993 Vens.
2193 1938 2247 2004 5,
2272 1940 2324 2005 6,
2360 1940 2412 1992 7.
2443 1938 2670 1994 —Fecit
2696 1955 2819 2010 ergo
2843 1937 2963 1993 Noe
2985 1938 3162 1993 omnia
3185 1950 3511 2009 qua'cunque

1926 2034 2265 2087 mandaverat
2291 2035 2336 2087 ei
2368 2032 2529 2088 Deus.
2563 2032 2855 2103 Postquam
2878 2047 3119 2102 praesens
3150 2029 3406 2086 saeculum
3438 2028 3512 2082 ita

1928 2124 2167 2192 viluerit,
2206 2136 2264 2180 ιιι
2313 2128 2445 2181 sicut
2503 2128 2722 2183 tenebrw
2767 2127 2907 2197 ejus,
2961 2128 3035 2180 ita
3072 2138 3118 2180 et
3169 2125 3348 2178 lumen
3399 2123 3512 2193 ejus

1932 2215 2102 2290 (Psal.
2131 2234 2401 2285 cxxxvtu,
2428 2220 2514 2290 ll)
2543 2220 2634 2286 sit,
2696 2230 2822 2275 tunc
2868 2217 2980 2274 Noe
3015 2231 3199 2274 noster
3229 2217 3387 2289 plene
3434 2225 3512 2270 at-

1930 2312 2139 2381 tingere
2192 2311 2383 2383 incipit
2419 2327 2540 2382 quae
2601 2312 2741 2368 Deus
2791 2312 3115 2378 mandavit;
3153 2310 3511 2382 quadraginta

1924 2404 2066 2458 enim
2093 2403 2283 2458 diebus
2299 2412 2353 2457 et
2394 2405 2645 2460 noctibus
2672 2405 2829 2475 pluit.
2865 2402 3098 2472 Eratque
3142 2413 3511 2459 sexcentarum

1923 2514 2206 2562 annorum,
2258 2498 2472 2567 quando
2502 2498 2691 2552 diluvii
2741 2515 2892 2570 aqua:
2940 2499 3326 2553 inundaverant
3359 2511 3514 2566 super

1922 2598 2137 2643 terram.
2168 2588 2419 2645 Concinit
2442 2590 2675 2646 statibus
2698 2589 2903 2645 nostris
2934 2605 3087 2646 sacra
3112 2589 3505 2653 ltistoria,dum

1920 2695 2062 2750 quos
2090 2680 2453 2736 tentationum
2478 2690 2643 2738 aestus
2668 2692 2789 2753 post
2813 2682 3141 2754 quingentos
3189 2696 3361 2736 annos
3397 2680 3510 2735 Noe

1921 2772 2025 2829 iste
2048 2790 2238 2845 passus
2265 2775 2337 2830 sit
2378 2785 2684 2842 enumerat,
2740 2785 2795 2832 et
2825 2776 3022 2847 quibus
3064 2774 3309 2830 ﬂoruerit
3354 2772 3512 2828 bonis

1913 2865 2026 2938 jam
2055 2883 2163 2923 non
2190 2869 2369 2924 minus
2398 2869 2695 2926 introrsum
2736 2886 2899 2940 quam
2926 2870 3142 2925 videtur
3170 2869 3510 2924 extrinsecus

1920 2959 2134 3032 integra
2168 2964 2358 3033 requie
2400 2963 2696 3034 perfectus,
2729 2965 2873 3036 quod
2924 2964 3196 3036 signiﬁcat
3230 2969 3514 3018 sexcente-

1920 3051 2090 3108 simus
2140 3063 2295 3109 notat
2342 3072 2358 3121 ;
2412 3056 2514 3111 etsi
2567 3057 2710 3112 enim
2776 3057 3106 3127 quiescimus
3152 3054 3441 3125 aliquando
3482 3068 3513 3107 a

1922 3158 2091 3211 pravo
2117 3159 2306 3214 opere,
2343 3146 2483 3201 bella
2540 3156 2718 3202 tamen
2753 3147 2865 3221 44
2900 3150 3085 3219 gravia
3136 3147 3434 3201 toleramus
3461 3144 3513 3198 in

1924 3241 2153 3299 mente;
2215 3236 2310 3289 sed
2352 3236 2629 3306 perfectus
2676 3238 2768 3306 qui
2826 3238 3063 3300 senario,
3115 3245 3169 3290 et
3198 3232 3515 3289 centenario

1927 3326 2063 3380 satis
2092 3326 2357 3379 astruitur
2382 3327 2574 3396 plenus
2634 3328 2920 3392 virtutum,
2962 3342 3082 3397 quae
3111 3340 3375 3381 annorum
3404 3321 3517 3379 col-

1926 3415 2160 3472 lectione
2190 3426 2591 3485 monstrantur;
2618 3417 2804 3474 diluvii
2834 3418 3137 3474 illustratur
3157 3417 3335 3489 aquis,
3374 3415 3501 3486 quia

1924 3511 1979 3565 in
2024 3509 2334 3566 ntalevolam
2380 3512 2614 3567 animam
2659 3530 2765 3568 non
2818 3513 3053 3568 introibit
3081 3512 3341 3582 sapientia
3370 3527 3390 3576 ;
3421 3526 3513 3564 nec

1922 3600 2123 3656 habitat
2171 3604 2227 3656 in
2283 3619 2501 3674 corpore
2542 3605 2753 3659 subdito
2794 3607 3021 3676 peccatis
3069 3605 3225 3677 (Sap.
3252 3620 3292 3669 ι,
3320 3603 3407 3672 4);
3440 3603 3515 3657 ait

1924 3696 2073 3750 enim
2126 3708 2140 3747 :
2176 3693 2496 3765 Concupisti
2535 3697 2855 3768 sapientiam
2910 3694 3100 3768 tEccli.
3134 3713 3173 3762 ι,
3204 3696 3317 3766 55),
3349 3696 3400 3749 id
3432 3702 3518 3749 est

1923 3788 2404 3858 contemplationis
2461 3790 2843 3846 excellentiam
2889 3790 2913 3844 ?
2962 3789 3128 3845 Serva
3189 3788 3442 3844 mandata
3493 3804 3507 3849 ;

1921 3875 2098 3933 bestia
2122 3894 2360 3950 namque
2386 3889 2611 3953 tangens
2633 3890 2873 3938 montem
2901 3880 3058 3936 obrui
3074 3879 3297 3951 jubetur
3313 3877 3510 3951 (Exod.

1926 3985 2044 4036 χιι,
2077 3970 2167 4043 15)
2198 3988 2214 4039 ;
2244 3980 2307 4027 ιιι
2361 3985 2491 4044 ergo
2545 3972 2879 4043 justiﬁcetur
2922 3974 3099 4027 adhuc
3141 3972 3339 4043 justus,
3374 3984 3515 4040 aqua

1925 4063 2233 4120 infunditur
2259 4064 2629 4131 lustrationis,
2678 4074 2740 4121 ut
2780 4060 3125 4136 aliquatenus
3172 4064 3513 4119 altitudinem

1926 4160 2122 4215 divina:
2165 4161 2398 4231 attingat
2456 4160 2706 4227 visionis,
2754 4170 2807 4216 et
2842 4159 3089 4215 subsidat
3126 4157 3337 4229 spiritui
3374 4165 3514 4210 terra

1926 4249 2167 4306 carnalis
2211 4248 2537 4306 aﬁ‘ectionis.
2586 4248 2656 4303 Et
2707 4252 2975 4323 ingressus
3025 4260 3099 4306 est
3140 4248 3277 4314 Noe,
3318 4257 3364 4302 et
3417 4246 3518 4315 ﬁlii

1925 4343 2064 4413 ejus,
2090 4359 2227 4398 uxor
2257 4342 2393 4413 ejus,
2438 4353 2485 4397 et
2516 4359 2708 4397 uxores
2740 4343 2974 4411 ﬁliorum
3023 4343 3140 4412 ejus
3187 4356 3306 4395 cum
3360 4354 3419 4391 eo
3459 4337 3515 4390 in

1926 4452 2107 4507 arcam
2133 4445 2345 4506 propter
2371 4451 2536 4505 aquas
2588 4434 2796 4487 diluvii.
2829 4434 2886 4488 Si
2942 4432 3100 4495 ﬁlios,
3158 4432 3210 4486 id
3237 4439 3323 4486 est
3368 4430 3513 4484 bona

1926 4542 2092 4597 opera
2119 4541 2496 4596 procreamus,
2525 4526 2816 4581 videndum
2862 4525 3020 4581 nobis
3067 4533 3152 4580 est
3206 4533 3263 4578 nt
3317 4537 3514 4579 uxores

1926 4617 2247 4682 habeamus,
2275 4617 2328 4671 id
2355 4624 2441 4671 est
2479 4614 2756 4671 voluntate
2795 4616 2935 4672 bene
2958 4616 3151 4688 agendi
3185 4631 3291 4671 non
3326 4630 3515 4672 carea-

1926 4730 2068 4778 mus,
2094 4729 2163 4769 ne
2202 4729 2323 4770 cum
2373 4712 2604 4769 multum
2637 4713 3111 4777 seminaverimus,
3146 4729 3353 4784 parum,
3383 4712 3517 4768 infe-

1926 4826 2133 4877 ramus,
2167 4809 2271 4866 ltoc
2318 4818 2403 4866 est
2430 4825 2553 4865 cum
2583 4824 2681 4879 pro
2708 4809 2820 4864 Deo
2849 4808 3139 4881 plurimum
3187 4806 3517 4863 laboraveri-

1928 4920 2072 4971 mus,
2144 4920 2336 4975 parum
2395 4903 2666 4959 mercedis
2705 4903 3071 4967 obtineamus,
3121 4901 3248 4973 quia
3302 4916 3407 4955 non
3449 4914 3518 4954 ex

1931 5011 2139 5062 amore,
2169 4995 2265 5051 sed
2294 4994 2565 5051 serviliter
2583 4993 2822 5050 timendo
2857 4996 2908 5051 id
2934 4996 3167 5066 egimus.
3199 4992 3265 5045 Et
3287 4990 3519 5045 valendo

1931 5104 2062 5160 ergo
2120 5099 2437 5160 operantes,
2485 5098 2542 5144 et
2593 5091 2871 5161 operando
2906 5089 3150 5144 volentes
3200 5086 3337 5139 intra
3388 5102 3520 5141 con-

1911 5180 2215 5257 scientiam
2239 5197 2339 5237 nos
2365 5189 2629 5252 legamus,
2649 5172 2740 5237 ubi
2761 5196 2792 5235 a
2821 5181 3051 5250 strepitu
3074 5177 3248 5234 inutili
3272 5179 3520 5249 quiesca-

1934 5288 2081 5339 mus,
2107 5282 2163 5328 et
2188 5275 2345 5346 aquis
2370 5275 2654 5347 sapientia:
2694 5282 2963 5345 petemus,
3006 5270 3203 5343 quibus
3233 5282 3288 5328 et
3343 5273 3517 5328 dilua-

1935 5380 2076 5420 mur.

2008 5456 2175 5511 Vsus.
2202 5458 2257 5525 8,
2289 5458 2345 5523 9,
2369 5458 2457 5513 10.
2502 5488 2569 5498 -
2599 5458 2678 5511 De
2701 5457 3058 5511 animantibus
3078 5474 3283 5528 quoque
3312 5458 3521 5512 mundis

1939 5559 1989 5603 et
2018 5550 2328 5614 immundis,
2351 5559 2397 5603 et
2441 5550 2506 5603 de
2540 5548 2837 5603 volucribus
2866 5562 2914 5604 et
2942 5566 3007 5604 ea:
3035 5551 3176 5604 omni
3225 5552 3363 5619 quod
3414 5564 3524 5600 mo-

1942 5652 2095 5695 vetur
2125 5656 2279 5707 super
2296 5650 2521 5708 terram,
2546 5641 2673 5708 duo,
2698 5650 2746 5695 et
2776 5641 2881 5694 duo
2904 5642 3139 5709 ingressa
3161 5649 3279 5690 sunt
3318 5639 3384 5691 ad
3410 5634 3526 5688 Noe

1944 5733 2001 5789 in
2029 5748 2229 5802 arcam,
2262 5733 2528 5790 masculus
2576 5744 2624 5791 et
2652 5732 2867 5805 femina,
2912 5731 3045 5784 sicut
3075 5734 3393 5796 prteceperat
3421 5722 3527 5776 Do-
