  <div class='ocr_page' id='page_1' title='image "/cluster/home/n/w/nwhite01/storage/ocr_20150623/156/hvd.32044010683712/053.png"; bbox 0 0 4108 6324; ppageno 0'>
   <div class='ocr_carea' id='block_1_1' title="bbox 596 5880 608 5911">
    <p class='ocr_par' dir='ltr' id='par_1_1' title="bbox 596 5880 608 5911">
     <span class='ocr_line' id='line_1_1' title="bbox 596 5880 608 5911; baseline 0 0"><span class='ocrx_word' id='word_1_1' title='bbox 596 5880 608 5911; x_wconf 81' lang='grc'><em>1</em></span> 
     </span>
    </p>
   </div>
   <div class='ocr_carea' id='block_1_2' title="bbox 590 314 664 375">
    <p class='ocr_par' dir='ltr' id='par_1_2' title="bbox 590 314 664 375">
     <span class='ocr_line' id='line_1_2' title="bbox 590 314 664 375; baseline -0.041 0"><span class='ocrx_word' id='word_1_2' title='bbox 590 314 664 375; x_wconf 76' lang='lat'><strong>95</strong></span> 
     </span>
    </p>
   </div>
   <div class='ocr_carea' id='block_1_3' title="bbox 592 522 2179 596">
    <p class='ocr_par' dir='ltr' id='par_1_3' title="bbox 592 522 2179 596">
     <span class='ocr_line' id='line_1_3' title="bbox 592 522 2179 596; baseline 0 -17"><span class='ocrx_word' id='word_1_3' title='bbox 592 534 774 579; x_wconf 79' lang='lat' dir='ltr'><strong>verunt</strong></span> <span class='ocrx_word' id='word_1_4' title='bbox 796 543 947 596; x_wconf 71' lang='lat' dir='ltr'><strong>aqua:</strong></span> <span class='ocrx_word' id='word_1_5' title='bbox 975 525 1156 579; x_wconf 77' lang='lat' dir='ltr'><strong>diluvii</strong></span> <span class='ocrx_word' id='word_1_6' title='bbox 1182 540 1339 593; x_wconf 90' lang='lat' dir='ltr'><strong>super</strong></span> <span class='ocrx_word' id='word_1_7' title='bbox 1361 532 1578 577; x_wconf 81' lang='lat' dir='ltr'><strong>(errant.</strong></span> <span class='ocrx_word' id='word_1_8' title='bbox 1610 522 1738 579; x_wconf 76' lang='lat' dir='ltr'><strong>Htec</strong></span> <span class='ocrx_word' id='word_1_9' title='bbox 1789 525 2041 594; x_wconf 79' lang='lat' dir='ltr'><strong>superius</strong></span> <span class='ocrx_word' id='word_1_10' title='bbox 2071 534 2179 579; x_wconf 88' lang='lat' dir='ltr'><strong>tota</strong></span> 
     </span>
    </p>
   </div>
   <div class='ocr_carea' id='block_1_4' title="bbox 596 616 2180 688">
    <p class='ocr_par' dir='ltr' id='par_1_4' title="bbox 596 616 2180 688">
     <span class='ocr_line' id='line_1_4' title="bbox 596 616 2180 688; baseline 0 -16"><span class='ocrx_word' id='word_1_11' title='bbox 596 625 828 673; x_wconf 87' lang='lat' dir='ltr'><strong>tractata</strong></span> <span class='ocrx_word' id='word_1_12' title='bbox 858 628 1003 683; x_wconf 87' lang='lat' dir='ltr'><strong>sunt,</strong></span> <span class='ocrx_word' id='word_1_13' title='bbox 1036 627 1260 686; x_wconf 82' lang='lat' dir='ltr'><strong>excepto</strong></span> <span class='ocrx_word' id='word_1_14' title='bbox 1290 632 1354 672; x_wconf 87' lang='lat' dir='ltr'><strong>eo</strong></span> <span class='ocrx_word' id='word_1_15' title='bbox 1382 616 1527 687; x_wconf 88' lang='lat' dir='ltr'><strong>quod</strong></span> <span class='ocrx_word' id='word_1_16' title='bbox 1544 617 1763 683; x_wconf 85' lang='lat' dir='ltr'><strong>dicitur,</strong></span> <span class='ocrx_word' id='word_1_17' title='bbox 1788 635 1851 672; x_wconf 78' lang='lat' dir='ltr'><strong>ea:</strong></span> <span class='ocrx_word' id='word_1_18' title='bbox 1874 620 2014 673; x_wconf 90' lang='lat' dir='ltr'><strong>omni</strong></span> <span class='ocrx_word' id='word_1_19' title='bbox 2042 619 2180 688; x_wconf 87' lang='lat' dir='ltr'><strong>quod</strong></span> 
     </span>
    </p>
   </div>
   <div class='ocr_carea' id='block_1_5' title="bbox 599 710 2179 783">
    <p class='ocr_par' dir='ltr' id='par_1_5' title="bbox 599 710 2179 783">
     <span class='ocr_line' id='line_1_5' title="bbox 599 710 2179 783; baseline 0.002 -20"><span class='ocrx_word' id='word_1_20' title='bbox 599 722 838 765; x_wconf 87' lang='lat' dir='ltr'><strong>movetur</strong></span> <span class='ocrx_word' id='word_1_21' title='bbox 860 727 1015 781; x_wconf 82' lang='lat' dir='ltr'><strong>super</strong></span> <span class='ocrx_word' id='word_1_22' title='bbox 1037 720 1228 764; x_wconf 89' lang='lat' dir='ltr'><strong>terram</strong></span> <span class='ocrx_word' id='word_1_23' title='bbox 1257 728 1275 775; x_wconf 87' lang='lat'><em>;</em></span> <span class='ocrx_word' id='word_1_24' title='bbox 1309 710 1451 781; x_wconf 92' lang='lat' dir='ltr'><strong>quod</strong></span> <span class='ocrx_word' id='word_1_25' title='bbox 1510 710 1565 766; x_wconf 89' lang='lat' dir='ltr'><strong>in</strong></span> <span class='ocrx_word' id='word_1_26' title='bbox 1608 711 1751 767; x_wconf 90' lang='lat' dir='ltr'><strong>malo</strong></span> <span class='ocrx_word' id='word_1_27' title='bbox 1781 713 1860 768; x_wconf 92' lang='lat' dir='ltr'><strong>sic</strong></span> <span class='ocrx_word' id='word_1_28' title='bbox 1888 714 2179 783; x_wconf 93' lang='lat' dir='ltr'><strong>accipitur,</strong></span> 
     </span>
    </p>
   </div>
   <div class='ocr_carea' id='block_1_6' title="bbox 600 803 2183 875">
    <p class='ocr_par' dir='ltr' id='par_1_6' title="bbox 600 803 2183 875">
     <span class='ocr_line' id='line_1_6' title="bbox 600 803 2183 875; baseline 0.003 -19"><span class='ocrx_word' id='word_1_29' title='bbox 600 813 857 859; x_wconf 90' lang='lat' dir='ltr'><strong>utmotus</strong></span> <span class='ocrx_word' id='word_1_30' title='bbox 886 803 1055 857; x_wconf 79' lang='lat' dir='ltr'><strong>nostri</strong></span> <span class='ocrx_word' id='word_1_31' title='bbox 1082 803 1353 870; x_wconf 79' lang='lat' dir='ltr'><strong>carnales,</strong></span> <span class='ocrx_word' id='word_1_32' title='bbox 1388 804 1481 875; x_wconf 93' lang='lat' dir='ltr'><strong>qui</strong></span> <span class='ocrx_word' id='word_1_33' title='bbox 1512 822 1672 875; x_wconf 84' lang='lat' dir='ltr'><strong>super</strong></span> <span class='ocrx_word' id='word_1_34' title='bbox 1722 817 1940 871; x_wconf 86' lang='lat' dir='ltr'><strong>terram,</strong></span> <span class='ocrx_word' id='word_1_35' title='bbox 1992 807 2046 860; x_wconf 88' lang='lat' dir='ltr'><strong>id</strong></span> <span class='ocrx_word' id='word_1_36' title='bbox 2098 815 2183 861; x_wconf 89' lang='lat' dir='ltr'><strong>est</strong></span> 
     </span>
    </p>
   </div>
   <div class='ocr_carea' id='block_1_7' title="bbox 599 897 2181 971">
    <p class='ocr_par' dir='ltr' id='par_1_7' title="bbox 599 897 2181 971">
     <span class='ocr_line' id='line_1_7' title="bbox 599 897 2181 971; baseline 0.003 -21"><span class='ocrx_word' id='word_1_37' title='bbox 599 897 825 951; x_wconf 78' lang='lat' dir='ltr'><strong>rationis</strong></span> <span class='ocrx_word' id='word_1_38' title='bbox 876 905 1078 951; x_wconf 90' lang='lat' dir='ltr'><strong>statum</strong></span> <span class='ocrx_word' id='word_1_39' title='bbox 1116 898 1371 968; x_wconf 82' lang='lat' dir='ltr'><strong>progredi</strong></span> <span class='ocrx_word' id='word_1_40' title='bbox 1424 898 1634 965; x_wconf 85' lang='lat' dir='ltr'><strong>volunt,</strong></span> <span class='ocrx_word' id='word_1_41' title='bbox 1688 900 2077 971; x_wconf 76' lang='lat' dir='ltr'><strong>intelligantur,</strong></span> <span class='ocrx_word' id='word_1_42' title='bbox 2115 900 2181 956; x_wconf 90' lang='lat' dir='ltr'><strong>de</strong></span> 
     </span>
    </p>
   </div>
   <div class='ocr_carea' id='block_1_8' title="bbox 595 989 2180 1061">
    <p class='ocr_par' dir='ltr' id='par_1_8' title="bbox 595 989 2180 1061">
     <span class='ocr_line' id='line_1_8' title="bbox 595 989 2180 1061; baseline 0.002 -19"><span class='ocrx_word' id='word_1_43' title='bbox 595 989 791 1058; x_wconf 86' lang='lat' dir='ltr'><strong>quibus</strong></span> <span class='ocrx_word' id='word_1_44' title='bbox 815 998 898 1043; x_wconf 88' lang='lat' dir='ltr'><strong>est</strong></span> <span class='ocrx_word' id='word_1_45' title='bbox 929 1007 941 1043; x_wconf 94' lang='lat'><strong>:</strong></span> <span class='ocrx_word' id='word_1_46' title='bbox 1002 990 1141 1044; x_wconf 87' lang='lat' dir='ltr'><strong>Caro</strong></span> <span class='ocrx_word' id='word_1_47' title='bbox 1194 991 1514 1061; x_wconf 78' lang='lat' dir='ltr'><strong>concupiscit</strong></span> <span class='ocrx_word' id='word_1_48' title='bbox 1545 991 1793 1045; x_wconf 85' lang='lat' dir='ltr'><strong>adversus</strong></span> <span class='ocrx_word' id='word_1_49' title='bbox 1818 990 2087 1061; x_wconf 85' lang='lat' dir='ltr'><strong>spiritum,</strong></span> <span class='ocrx_word' id='word_1_50' title='bbox 2133 1000 2180 1045; x_wconf 84' lang='lat' dir='ltr'><strong>et</strong></span> 
     </span>
    </p>
   </div>
   <div class='ocr_carea' id='block_1_9' title="bbox 592 1079 2180 1153">
    <p class='ocr_par' dir='ltr' id='par_1_9' title="bbox 592 1079 2180 1153">
     <span class='ocr_line' id='line_1_9' title="bbox 592 1079 2180 1153; baseline 0.001 -20"><span class='ocrx_word' id='word_1_51' title='bbox 592 1079 805 1149; x_wconf 83' lang='lat' dir='ltr'><strong>spiritus</strong></span> <span class='ocrx_word' id='word_1_52' title='bbox 854 1080 1107 1134; x_wconf 82' lang='lat' dir='ltr'><strong>adversus</strong></span> <span class='ocrx_word' id='word_1_53' title='bbox 1131 1097 1364 1148; x_wconf 87' lang='lat' dir='ltr'><strong>carnent,</strong></span> <span class='ocrx_word' id='word_1_54' title='bbox 1401 1092 1457 1135; x_wconf 89' lang='lat' dir='ltr'><strong>ut</strong></span> <span class='ocrx_word' id='word_1_55' title='bbox 1513 1098 1615 1136; x_wconf 89' lang='lat' dir='ltr'><strong>non</strong></span> <span class='ocrx_word' id='word_1_56' title='bbox 1665 1098 1985 1153; x_wconf 77' lang='lat' dir='ltr'><strong>quwcunque</strong></span> <span class='ocrx_word' id='word_1_57' title='bbox 2028 1080 2180 1135; x_wconf 83' lang='lat' dir='ltr'><strong>vultis</strong></span> 
     </span>
    </p>
   </div>
   <div class='ocr_carea' id='block_1_10' title="bbox 592 1170 2182 1245">
    <p class='ocr_par' dir='ltr' id='par_1_10' title="bbox 592 1170 2182 1245">
     <span class='ocr_line' id='line_1_10' title="bbox 592 1170 2182 1245; baseline 0 -19"><span class='ocrx_word' id='word_1_58' title='bbox 592 1171 686 1226; x_wconf 91' lang='lat' dir='ltr'><strong>illa</strong></span> <span class='ocrx_word' id='word_1_59' title='bbox 714 1171 926 1242; x_wconf 79' lang='lat' dir='ltr'><strong>faciatis</strong></span> <span class='ocrx_word' id='word_1_60' title='bbox 961 1170 1104 1243; x_wconf 83' lang='lat' dir='ltr'><strong>(Gal.</strong></span> <span class='ocrx_word' id='word_1_61' title='bbox 1131 1190 1181 1241; x_wconf 90' lang='lat' dir='ltr'><strong>v,</strong></span> <span class='ocrx_word' id='word_1_62' title='bbox 1225 1174 1314 1245; x_wconf 81' lang='grc'><strong>17)</strong></span> <span class='ocrx_word' id='word_1_63' title='bbox 1342 1189 1356 1239; x_wconf 92' lang='grc'>;</span> <span class='ocrx_word' id='word_1_64' title='bbox 1384 1182 1477 1228; x_wconf 91' lang='lat' dir='ltr'><strong>aut</strong></span> <span class='ocrx_word' id='word_1_65' title='bbox 1508 1174 1563 1228; x_wconf 92' lang='lat' dir='ltr'><strong>in</strong></span> <span class='ocrx_word' id='word_1_66' title='bbox 1609 1173 1773 1239; x_wconf 92' lang='lat' dir='ltr'><strong>bono,</strong></span> <span class='ocrx_word' id='word_1_67' title='bbox 1803 1182 1862 1228; x_wconf 92' lang='lat' dir='ltr'><strong>ut</strong></span> <span class='ocrx_word' id='word_1_68' title='bbox 1883 1172 2182 1243; x_wconf 86' lang='lat' dir='ltr'><strong>spiritualis</strong></span> 
     </span>
    </p>
   </div>
   <div class='ocr_carea' id='block_1_11' title="bbox 593 1264 2183 1336">
    <p class='ocr_par' dir='ltr' id='par_1_11' title="bbox 593 1264 2183 1336">
     <span class='ocr_line' id='line_1_11' title="bbox 593 1264 2183 1336; baseline 0.001 -16"><span class='ocrx_word' id='word_1_69' title='bbox 593 1264 857 1320; x_wconf 83' lang='lat' dir='ltr'><strong>alacritas</strong></span> <span class='ocrx_word' id='word_1_70' title='bbox 907 1275 1093 1321; x_wconf 90' lang='lat' dir='ltr'><strong>nostra</strong></span> <span class='ocrx_word' id='word_1_71' title='bbox 1153 1266 1478 1335; x_wconf 78' lang='lat' dir='ltr'><strong>accipiatur,</strong></span> <span class='ocrx_word' id='word_1_72' title='bbox 1514 1281 1622 1336; x_wconf 90' lang='lat' dir='ltr'><strong>qua</strong></span> <span class='ocrx_word' id='word_1_73' title='bbox 1680 1283 1834 1336; x_wconf 81' lang='lat' dir='ltr'><strong>super</strong></span> <span class='ocrx_word' id='word_1_74' title='bbox 1883 1276 2097 1331; x_wconf 86' lang='lat' dir='ltr'><strong>terram,</strong></span> <span class='ocrx_word' id='word_1_75' title='bbox 2126 1266 2183 1321; x_wconf 89' lang='lat' dir='ltr'><strong>id</strong></span> 
     </span>
    </p>
   </div>
   <div class='ocr_carea' id='block_1_12' title="bbox 596 1356 2181 1428">
    <p class='ocr_par' dir='ltr' id='par_1_12' title="bbox 596 1356 2181 1428">
     <span class='ocr_line' id='line_1_12' title="bbox 596 1356 2181 1428; baseline -0.001 -16"><span class='ocrx_word' id='word_1_76' title='bbox 596 1367 682 1413; x_wconf 90' lang='lat' dir='ltr'><strong>est</strong></span> <span class='ocrx_word' id='word_1_77' title='bbox 736 1358 1132 1413; x_wconf 86' lang='lat' dir='ltr'><strong>animalitatem</strong></span> <span class='ocrx_word' id='word_1_78' title='bbox 1187 1367 1431 1413; x_wconf 89' lang='lat' dir='ltr'><strong>nostram</strong></span> <span class='ocrx_word' id='word_1_79' title='bbox 1482 1373 1887 1428; x_wconf 83' lang='lat' dir='ltr'><strong>promoventur,</strong></span> <span class='ocrx_word' id='word_1_80' title='bbox 1942 1372 2082 1426; x_wconf 88' lang='lat' dir='ltr'><strong>quae,</strong></span> <span class='ocrx_word' id='word_1_81' title='bbox 2128 1356 2181 1410; x_wconf 91' lang='lat' dir='ltr'><strong>in</strong></span> 
     </span>
    </p>
   </div>
   <div class='ocr_carea' id='block_1_13' title="bbox 599 1448 2182 1520">
    <p class='ocr_par' dir='ltr' id='par_1_13' title="bbox 599 1448 2182 1520">
     <span class='ocr_line' id='line_1_13' title="bbox 599 1448 2182 1520; baseline -0.001 -16"><span class='ocrx_word' id='word_1_82' title='bbox 599 1458 865 1519; x_wconf 90' lang='lat' dir='ltr'><strong>quantum</strong></span> <span class='ocrx_word' id='word_1_83' title='bbox 891 1466 1074 1506; x_wconf 90' lang='lat' dir='ltr'><strong>coram</strong></span> <span class='ocrx_word' id='word_1_84' title='bbox 1126 1451 1256 1514; x_wconf 90' lang='lat' dir='ltr'><strong>Deo,</strong></span> <span class='ocrx_word' id='word_1_85' title='bbox 1313 1451 1492 1505; x_wconf 90' lang='lat' dir='ltr'><strong>minus</strong></span> <span class='ocrx_word' id='word_1_86' title='bbox 1559 1448 1718 1520; x_wconf 85' lang='lat' dir='ltr'><strong>plena</strong></span> <span class='ocrx_word' id='word_1_87' title='bbox 1750 1448 2182 1514; x_wconf 73' lang='lat' dir='ltr'><strong>sentinntur,‘ad</strong></span> 
     </span>
    </p>
   </div>
   <div class='ocr_carea' id='block_1_14' title="bbox 600 1539 2183 1611">
    <p class='ocr_par' dir='ltr' id='par_1_14' title="bbox 600 1539 2183 1611">
     <span class='ocr_line' id='line_1_14' title="bbox 600 1539 2183 1611; baseline -0.001 -16"><span class='ocrx_word' id='word_1_88' title='bbox 600 1541 798 1598; x_wconf 87' lang='lat' dir='ltr'><strong>lineam</strong></span> <span class='ocrx_word' id='word_1_89' title='bbox 852 1549 1102 1598; x_wconf 82' lang='lat' dir='ltr'><strong>correcta</strong></span> <span class='ocrx_word' id='word_1_90' title='bbox 1154 1540 1527 1611; x_wconf 62' lang='lat' dir='ltr'><strong>intelligentiae</strong></span> <span class='ocrx_word' id='word_1_91' title='bbox 1564 1556 1732 1610; x_wconf 91' lang='lat' dir='ltr'><strong>penes</strong></span> <span class='ocrx_word' id='word_1_92' title='bbox 1779 1539 1950 1594; x_wconf 88' lang='lat' dir='ltr'><strong>Deum</strong></span> <span class='ocrx_word' id='word_1_93' title='bbox 1989 1552 2183 1594; x_wconf 90' lang='lat' dir='ltr'><strong>recon-</strong></span> 
     </span>
    </p>
   </div>
   <div class='ocr_carea' id='block_1_15' title="bbox 598 1632 2185 1703">
    <p class='ocr_par' dir='ltr' id='par_1_15' title="bbox 598 1632 2185 1703">
     <span class='ocr_line' id='line_1_15' title="bbox 598 1632 2185 1703; baseline -0.002 -13"><span class='ocrx_word' id='word_1_94' title='bbox 598 1634 712 1690; x_wconf 88' lang='lat' dir='ltr'><strong>dita</strong></span> <span class='ocrx_word' id='word_1_95' title='bbox 776 1635 917 1690; x_wconf 88' lang='lat' dir='ltr'><strong>intra</strong></span> <span class='ocrx_word' id='word_1_96' title='bbox 961 1651 1145 1691; x_wconf 89' lang='lat' dir='ltr'><strong>arcam</strong></span> <span class='ocrx_word' id='word_1_97' title='bbox 1204 1644 1493 1690; x_wconf 87' lang='lat' dir='ltr'><strong>servantur</strong></span> <span class='ocrx_word' id='word_1_98' title='bbox 1541 1634 1771 1699; x_wconf 83' lang='lat' dir='ltr'><strong>cordis;</strong></span> <span class='ocrx_word' id='word_1_99' title='bbox 1828 1643 1883 1689; x_wconf 90' lang='lat' dir='ltr'><strong>et</strong></span> <span class='ocrx_word' id='word_1_100' title='bbox 1940 1632 2020 1689; x_wconf 91' lang='lat' dir='ltr'><strong>sic</strong></span> <span class='ocrx_word' id='word_1_101' title='bbox 2059 1640 2185 1703; x_wconf 86' lang='lat' dir='ltr'><strong>post</strong></span> 
     </span>
    </p>
   </div>
   <div class='ocr_carea' id='block_1_16' title="bbox 599 1725 2180 1797">
    <p class='ocr_par' dir='ltr' id='par_1_16' title="bbox 599 1725 2180 1797">
     <span class='ocr_line' id='line_1_16' title="bbox 599 1725 2180 1797; baseline -0.001 -17"><span class='ocrx_word' id='word_1_102' title='bbox 599 1725 861 1782; x_wconf 86' lang='lat' dir='ltr'><strong>indultam</strong></span> <span class='ocrx_word' id='word_1_103' title='bbox 908 1727 1218 1797; x_wconf 90' lang='lat' dir='ltr'><strong>plenariam</strong></span> <span class='ocrx_word' id='word_1_104' title='bbox 1270 1726 1577 1783; x_wconf 87' lang='lat' dir='ltr'><strong>divinorum</strong></span> <span class='ocrx_word' id='word_1_105' title='bbox 1626 1725 1855 1797; x_wconf 79' lang='lat' dir='ltr'><strong>gratiam</strong></span> <span class='ocrx_word' id='word_1_106' title='bbox 1895 1740 2180 1781; x_wconf 87' lang='lat' dir='ltr'><strong>munerum</strong></span> 
     </span>
    </p>
   </div>
   <div class='ocr_carea' id='block_1_17' title="bbox 602 1817 1721 1889">
    <p class='ocr_par' dir='ltr' id='par_1_17' title="bbox 602 1817 1721 1889">
     <span class='ocr_line' id='line_1_17' title="bbox 602 1817 1721 1889; baseline 0 -18"><span class='ocrx_word' id='word_1_107' title='bbox 602 1817 813 1873; x_wconf 88' lang='lat' dir='ltr'><strong>venitur</strong></span> <span class='ocrx_word' id='word_1_108' title='bbox 834 1818 903 1873; x_wconf 92' lang='lat' dir='ltr'><strong>ad</strong></span> <span class='ocrx_word' id='word_1_109' title='bbox 926 1817 1154 1889; x_wconf 83' lang='lat' dir='ltr'><strong>gloriam</strong></span> <span class='ocrx_word' id='word_1_110' title='bbox 1181 1817 1721 1888; x_wconf 89' lang='lat' dir='ltr'><strong>contemplationum.</strong></span> 
     </span>
    </p>
   </div>
   <div class='ocr_carea' id='block_1_18' title="bbox 678 1947 2187 2020">
    <p class='ocr_par' dir='ltr' id='par_1_18' title="bbox 678 1947 2187 2020">
     <span class='ocr_line' id='line_1_18' title="bbox 678 1947 2187 2020; baseline -0.003 -13"><span class='ocrx_word' id='word_1_111' title='bbox 678 1951 840 2009; x_wconf 76' lang='lat' dir='ltr'><strong>Vnus.</strong></span> <span class='ocrx_word' id='word_1_112' title='bbox 882 1954 973 2020; x_wconf 82' lang='lat' dir='ltr'><strong>ll,</strong></span> <span class='ocrx_word' id='word_1_113' title='bbox 1032 1953 1117 2008; x_wconf 70' lang='grc'><strong>12.</strong></span> <span class='ocrx_word' id='word_1_114' title='bbox 1147 1983 1216 1994; x_wconf 91' lang='grc'><strong><em>-</em></strong></span> <span class='ocrx_word' id='word_1_115' title='bbox 1243 1953 1394 2008; x_wconf 81' lang='lat' dir='ltr'><strong>Anno</strong></span> <span class='ocrx_word' id='word_1_116' title='bbox 1450 1951 1817 2007; x_wconf 78' lang='lat' dir='ltr'><strong>sexcentesimo</strong></span> <span class='ocrx_word' id='word_1_117' title='bbox 1848 1949 1990 2017; x_wconf 79' lang='lat' dir='ltr'><strong>vitw,</strong></span> <span class='ocrx_word' id='word_1_118' title='bbox 2050 1947 2187 2015; x_wconf 86' lang='lat' dir='ltr'><strong>Noe,</strong></span> 
     </span>
    </p>
   </div>
   <div class='ocr_carea' id='block_1_19' title="bbox 607 2041 2189 2115">
    <p class='ocr_par' dir='ltr' id='par_1_19' title="bbox 607 2041 2189 2115">
     <span class='ocr_line' id='line_1_19' title="bbox 607 2041 2189 2115; baseline -0.001 -18"><span class='ocrx_word' id='word_1_119' title='bbox 607 2060 781 2100; x_wconf 81' lang='lat' dir='ltr'><strong>mense</strong></span> <span class='ocrx_word' id='word_1_120' title='bbox 808 2046 1056 2112; x_wconf 82' lang='lat' dir='ltr'><strong>secundo,</strong></span> <span class='ocrx_word' id='word_1_121' title='bbox 1084 2046 1298 2115; x_wconf 84' lang='lat' dir='ltr'><strong>septimo</strong></span> <span class='ocrx_word' id='word_1_122' title='bbox 1325 2045 1524 2099; x_wconf 84' lang='lat' dir='ltr'><strong>decimo</strong></span> <span class='ocrx_word' id='word_1_123' title='bbox 1555 2045 1639 2099; x_wconf 85' lang='lat' dir='ltr'><strong>die</strong></span> <span class='ocrx_word' id='word_1_124' title='bbox 1666 2044 1879 2108; x_wconf 88' lang='lat' dir='ltr'><strong>mensis,</strong></span> <span class='ocrx_word' id='word_1_125' title='bbox 1910 2041 2051 2113; x_wconf 84' lang='lat' dir='ltr'><strong>rupti</strong></span> <span class='ocrx_word' id='word_1_126' title='bbox 2067 2050 2189 2096; x_wconf 90' lang='lat' dir='ltr'><strong>sunt</strong></span> 
     </span>
    </p>
   </div>
   <div class='ocr_carea' id='block_1_20' title="bbox 610 2137 2191 2213">
    <p class='ocr_par' dir='ltr' id='par_1_20' title="bbox 610 2137 2191 2213">
     <span class='ocr_line' id='line_1_20' title="bbox 610 2137 2191 2213; baseline -0.003 -18"><span class='ocrx_word' id='word_1_127' title='bbox 610 2156 787 2196; x_wconf 89' lang='lat' dir='ltr'><strong>omnes</strong></span> <span class='ocrx_word' id='word_1_128' title='bbox 812 2141 982 2211; x_wconf 78' lang='lat' dir='ltr'><strong>fontes</strong></span> <span class='ocrx_word' id='word_1_129' title='bbox 1014 2142 1189 2213; x_wconf 82' lang='lat' dir='ltr'><strong>abyssi</strong></span> <span class='ocrx_word' id='word_1_130' title='bbox 1230 2151 1519 2213; x_wconf 80' lang='lat' dir='ltr'><strong>magntc,et</strong></span> <span class='ocrx_word' id='word_1_131' title='bbox 1551 2149 1834 2194; x_wconf 76' lang='lat' dir='ltr'><strong>cataracta:</strong></span> <span class='ocrx_word' id='word_1_132' title='bbox 1857 2137 1969 2193; x_wconf 80' lang='lat' dir='ltr'><strong>cteli</strong></span> <span class='ocrx_word' id='word_1_133' title='bbox 1996 2146 2191 2208; x_wconf 78' lang='lat' dir='ltr'><strong>aperta:</strong></span> 
     </span>
    </p>
   </div>
   <div class='ocr_carea' id='block_1_21' title="bbox 606 2231 2192 2307">
    <p class='ocr_par' dir='ltr' id='par_1_21' title="bbox 606 2231 2192 2307">
     <span class='ocr_line' id='line_1_21' title="bbox 606 2231 2192 2307; baseline -0.002 -20"><span class='ocrx_word' id='word_1_134' title='bbox 606 2244 750 2301; x_wconf 87' lang='lat' dir='ltr'><strong>sunt,</strong></span> <span class='ocrx_word' id='word_1_135' title='bbox 772 2245 820 2289; x_wconf 89' lang='lat' dir='ltr'><strong>et</strong></span> <span class='ocrx_word' id='word_1_136' title='bbox 857 2235 1014 2304; x_wconf 70' lang='lat' dir='ltr'><strong>factm</strong></span> <span class='ocrx_word' id='word_1_137' title='bbox 1036 2246 1159 2290; x_wconf 85' lang='lat' dir='ltr'><strong>sunt</strong></span> <span class='ocrx_word' id='word_1_138' title='bbox 1188 2236 1379 2307; x_wconf 71' lang='lat' dir='ltr'><strong>pluvia:</strong></span> <span class='ocrx_word' id='word_1_139' title='bbox 1416 2252 1573 2305; x_wconf 83' lang='lat' dir='ltr'><strong>super</strong></span> <span class='ocrx_word' id='word_1_140' title='bbox 1594 2244 1809 2299; x_wconf 86' lang='lat' dir='ltr'><strong>terram,</strong></span> <span class='ocrx_word' id='word_1_141' title='bbox 1839 2231 2192 2304; x_wconf 82' lang='lat' dir='ltr'><strong>quadraginta</strong></span> 
     </span>
    </p>
   </div>
   <div class='ocr_carea' id='block_1_22' title="bbox 604 2323 2192 2399">
    <p class='ocr_par' dir='ltr' id='par_1_22' title="bbox 604 2323 2192 2399">
     <span class='ocr_line' id='line_1_22' title="bbox 604 2323 2192 2399; baseline -0.001 -21"><span class='ocrx_word' id='word_1_142' title='bbox 604 2323 787 2379; x_wconf 84' lang='lat' dir='ltr'><strong>diebus</strong></span> <span class='ocrx_word' id='word_1_143' title='bbox 827 2336 874 2380; x_wconf 92' lang='lat' dir='ltr'><strong>et</strong></span> <span class='ocrx_word' id='word_1_144' title='bbox 902 2326 1260 2399; x_wconf 81' lang='lat' dir='ltr'><strong>quadraginta</strong></span> <span class='ocrx_word' id='word_1_145' title='bbox 1319 2328 1580 2381; x_wconf 88' lang='lat' dir='ltr'><strong>noctibus.</strong></span> <span class='ocrx_word' id='word_1_146' title='bbox 1629 2324 1763 2380; x_wconf 89' lang='lat' dir='ltr'><strong>Tres</strong></span> <span class='ocrx_word' id='word_1_147' title='bbox 1794 2324 1953 2379; x_wconf 82' lang='lat' dir='ltr'><strong>isthic</strong></span> <span class='ocrx_word' id='word_1_148' title='bbox 1991 2323 2192 2394; x_wconf 88' lang='lat' dir='ltr'><strong>gradus</strong></span> 
     </span>
    </p>
   </div>
   <div class='ocr_carea' id='block_1_23' title="bbox 603 2416 2187 2490">
    <p class='ocr_par' dir='ltr' id='par_1_23' title="bbox 603 2416 2187 2490">
     <span class='ocr_line' id='line_1_23' title="bbox 603 2416 2187 2490; baseline -0.002 -18"><span class='ocrx_word' id='word_1_149' title='bbox 603 2417 697 2473; x_wconf 88' lang='lat' dir='ltr'><strong>sed</strong></span> <span class='ocrx_word' id='word_1_150' title='bbox 726 2433 832 2473; x_wconf 92' lang='lat' dir='ltr'><strong>non</strong></span> <span class='ocrx_word' id='word_1_151' title='bbox 871 2419 989 2475; x_wconf 91' lang='lat' dir='ltr'><strong>sine</strong></span> <span class='ocrx_word' id='word_1_152' title='bbox 1016 2435 1076 2475; x_wconf 89' lang='lat' dir='ltr'><strong>re</strong></span> <span class='ocrx_word' id='word_1_153' title='bbox 1114 2420 1276 2490; x_wconf 85' lang='lat' dir='ltr'><strong>positi</strong></span> <span class='ocrx_word' id='word_1_154' title='bbox 1304 2429 1449 2486; x_wconf 89' lang='lat' dir='ltr'><strong>sunt,</strong></span> <span class='ocrx_word' id='word_1_155' title='bbox 1483 2419 1619 2486; x_wconf 88' lang='lat' dir='ltr'><strong>dies,</strong></span> <span class='ocrx_word' id='word_1_156' title='bbox 1660 2416 1864 2472; x_wconf 84' lang='lat' dir='ltr'><strong>mensis</strong></span> <span class='ocrx_word' id='word_1_157' title='bbox 1887 2425 1941 2472; x_wconf 93' lang='lat' dir='ltr'><strong>et</strong></span> <span class='ocrx_word' id='word_1_158' title='bbox 1969 2431 2143 2469; x_wconf 90' lang='lat' dir='ltr'><strong>annus</strong></span> <span class='ocrx_word' id='word_1_159' title='bbox 2173 2431 2187 2481; x_wconf 88' lang='lat'><strong>;</strong></span> 
     </span>
    </p>
   </div>
   <div class='ocr_carea' id='block_1_24' title="bbox 604 2509 2195 2582">
    <p class='ocr_par' dir='ltr' id='par_1_24' title="bbox 604 2509 2195 2582">
     <span class='ocr_line' id='line_1_24' title="bbox 604 2509 2195 2582; baseline -0.001 -19"><span class='ocrx_word' id='word_1_160' title='bbox 604 2524 634 2563; x_wconf 92' lang='lat' dir='ltr'><strong>a</strong></span> <span class='ocrx_word' id='word_1_161' title='bbox 659 2509 749 2566; x_wconf 90' lang='lat' dir='ltr'><strong>die</strong></span> <span class='ocrx_word' id='word_1_162' title='bbox 774 2524 905 2581; x_wconf 89' lang='lat' dir='ltr'><strong>ergo</strong></span> <span class='ocrx_word' id='word_1_163' title='bbox 926 2510 1281 2582; x_wconf 76' lang='lat' dir='ltr'><strong>incipiamus.</strong></span> <span class='ocrx_word' id='word_1_164' title='bbox 1307 2511 1576 2567; x_wconf 88' lang='lat' dir='ltr'><strong>Denarius</strong></span> <span class='ocrx_word' id='word_1_165' title='bbox 1612 2511 1679 2565; x_wconf 89' lang='lat' dir='ltr'><strong>ad</strong></span> <span class='ocrx_word' id='word_1_166' title='bbox 1703 2516 1993 2580; x_wconf 80' lang='lat' dir='ltr'><strong>praecepta,</strong></span> <span class='ocrx_word' id='word_1_167' title='bbox 2023 2515 2195 2576; x_wconf 89' lang='lat' dir='ltr'><strong>septe-</strong></span> 
     </span>
    </p>
   </div>
   <div class='ocr_carea' id='block_1_25' title="bbox 606 2597 2195 2675">
    <p class='ocr_par' dir='ltr' id='par_1_25' title="bbox 606 2597 2195 2675">
     <span class='ocr_line' id='line_1_25' title="bbox 606 2597 2195 2675; baseline -0.003 -18"><span class='ocrx_word' id='word_1_168' title='bbox 606 2603 813 2666; x_wconf 84' lang='lat' dir='ltr'><strong>narius,</strong></span> <span class='ocrx_word' id='word_1_169' title='bbox 845 2604 972 2672; x_wconf 87' lang='lat' dir='ltr'><strong>quia</strong></span> <span class='ocrx_word' id='word_1_170' title='bbox 1007 2614 1213 2675; x_wconf 88' lang='lat' dir='ltr'><strong>septem</strong></span> <span class='ocrx_word' id='word_1_171' title='bbox 1254 2604 1511 2660; x_wconf 87' lang='lat' dir='ltr'><strong>saeculum</strong></span> <span class='ocrx_word' id='word_1_172' title='bbox 1539 2603 1727 2659; x_wconf 90' lang='lat' dir='ltr'><strong>diebus</strong></span> <span class='ocrx_word' id='word_1_173' title='bbox 1763 2599 2014 2664; x_wconf 76' lang='lat' dir='ltr'><strong>volvitur,</strong></span> <span class='ocrx_word' id='word_1_174' title='bbox 2065 2597 2195 2653; x_wconf 84' lang='lat' dir='ltr'><strong>atti-</strong></span> 
     </span>
    </p>
   </div>
   <div class='ocr_carea' id='block_1_26' title="bbox 606 2686 2200 2771">
    <p class='ocr_par' dir='ltr' id='par_1_26' title="bbox 606 2686 2200 2771">
     <span class='ocr_line' id='line_1_26' title="bbox 606 2686 2200 2771; baseline -0.006 -15"><span class='ocrx_word' id='word_1_175' title='bbox 606 2708 702 2756; x_wconf 86' lang='lat' dir='ltr'><strong>net</strong></span> <span class='ocrx_word' id='word_1_176' title='bbox 732 2700 800 2755; x_wconf 93' lang='lat' dir='ltr'><strong>ad</strong></span> <span class='ocrx_word' id='word_1_177' title='bbox 831 2698 1170 2771; x_wconf 87' lang='lat' dir='ltr'><strong>temporalia.</strong></span> <span class='ocrx_word' id='word_1_178' title='bbox 1230 2697 1533 2768; x_wconf 89' lang='lat' dir='ltr'><strong>Septimum</strong></span> <span class='ocrx_word' id='word_1_179' title='bbox 1583 2686 1854 2752; x_wconf 84' lang='lat' dir='ltr'><strong>decimum</strong></span> <span class='ocrx_word' id='word_1_180' title='bbox 1908 2693 2051 2747; x_wconf 88' lang='lat' dir='ltr'><strong>diem</strong></span> <span class='ocrx_word' id='word_1_181' title='bbox 2099 2692 2200 2747; x_wconf 88' lang='lat' dir='ltr'><strong>ha-</strong></span> 
     </span>
    </p>
   </div>
   <div class='ocr_carea' id='block_1_27' title="bbox 606 2783 2199 2859">
    <p class='ocr_par' dir='ltr' id='par_1_27' title="bbox 606 2783 2199 2859">
     <span class='ocr_line' id='line_1_27' title="bbox 606 2783 2199 2859; baseline -0.006 -13"><span class='ocrx_word' id='word_1_182' title='bbox 606 2790 820 2857; x_wconf 84' lang='lat' dir='ltr'><strong>bemus,</strong></span> <span class='ocrx_word' id='word_1_183' title='bbox 854 2807 977 2847; x_wconf 89' lang='lat' dir='ltr'><strong>cum</strong></span> <span class='ocrx_word' id='word_1_184' title='bbox 1026 2790 1412 2847; x_wconf 84' lang='lat' dir='ltr'><strong>desiderabilia</strong></span> <span class='ocrx_word' id='word_1_185' title='bbox 1441 2803 1603 2859; x_wconf 86' lang='lat' dir='ltr'><strong>super</strong></span> <span class='ocrx_word' id='word_1_186' title='bbox 1642 2801 1833 2841; x_wconf 89' lang='lat' dir='ltr'><strong>aurum</strong></span> <span class='ocrx_word' id='word_1_187' title='bbox 1865 2783 1963 2838; x_wconf 89' lang='lat' dir='ltr'><strong>Dei</strong></span> <span class='ocrx_word' id='word_1_188' title='bbox 1994 2783 2199 2838; x_wconf 85' lang='lat' dir='ltr'><strong>haben-</strong></span> 
     </span>
    </p>
   </div>
   <div class='ocr_carea' id='block_1_28' title="bbox 610 2876 2200 2955">
    <p class='ocr_par' dir='ltr' id='par_1_28' title="bbox 610 2876 2200 2955">
     <span class='ocr_line' id='line_1_28' title="bbox 610 2876 2200 2955; baseline -0.004 -18"><span class='ocrx_word' id='word_1_189' title='bbox 610 2890 695 2939; x_wconf 85' lang='lat' dir='ltr'><strong>tes</strong></span> <span class='ocrx_word' id='word_1_190' title='bbox 738 2884 995 2939; x_wconf 88' lang='lat' dir='ltr'><strong>mandata</strong></span> <span class='ocrx_word' id='word_1_191' title='bbox 1043 2882 1220 2955; x_wconf 86' lang='lat' dir='ltr'><strong>(Psal.</strong></span> <span class='ocrx_word' id='word_1_192' title='bbox 1268 2898 1424 2947; x_wconf 79' lang='lat' dir='ltr'><strong>xvttt,</strong></span> <span class='ocrx_word' id='word_1_193' title='bbox 1457 2882 1573 2952; x_wconf 83' lang='grc'><strong>11),</strong></span> <span class='ocrx_word' id='word_1_194' title='bbox 1634 2878 1816 2935; x_wconf 82' lang='lat' dir='ltr'><strong>saeculi</strong></span> <span class='ocrx_word' id='word_1_195' title='bbox 1865 2876 2045 2933; x_wconf 88' lang='lat' dir='ltr'><strong>omnia</strong></span> <span class='ocrx_word' id='word_1_196' title='bbox 2099 2891 2200 2947; x_wconf 88' lang='lat' dir='ltr'><strong>per</strong></span> 
     </span>
    </p>
   </div>
   <div class='ocr_carea' id='block_1_29' title="bbox 611 2969 2199 3043">
    <p class='ocr_par' dir='ltr' id='par_1_29' title="bbox 611 2969 2199 3043">
     <span class='ocr_line' id='line_1_29' title="bbox 611 2969 2199 3043; baseline -0.004 -12"><span class='ocrx_word' id='word_1_197' title='bbox 611 2975 731 3031; x_wconf 64' lang='lat' dir='ltr'><strong>haec</strong></span> <span class='ocrx_word' id='word_1_198' title='bbox 756 2976 1216 3043; x_wconf 86' lang='lat' dir='ltr'><strong>transcendimus,</strong></span> <span class='ocrx_word' id='word_1_199' title='bbox 1246 2984 1301 3030; x_wconf 90' lang='lat' dir='ltr'><strong>et</strong></span> <span class='ocrx_word' id='word_1_200' title='bbox 1346 2976 1501 3030; x_wconf 81' lang='lat' dir='ltr'><strong>bonae</strong></span> <span class='ocrx_word' id='word_1_201' title='bbox 1522 2970 1818 3029; x_wconf 82' lang='lat' dir='ltr'><strong>voluntatis</strong></span> <span class='ocrx_word' id='word_1_202' title='bbox 1847 2969 1933 3025; x_wconf 91' lang='lat' dir='ltr'><strong>die</strong></span> <span class='ocrx_word' id='word_1_203' title='bbox 1981 2969 2047 3024; x_wconf 88' lang='lat' dir='ltr'><strong>ad</strong></span> <span class='ocrx_word' id='word_1_204' title='bbox 2086 2984 2199 3025; x_wconf 91' lang='lat' dir='ltr'><strong>mc-</strong></span> 
     </span>
    </p>
   </div>
   <div class='ocr_carea' id='block_1_30' title="bbox 610 3061 2200 3137">
    <p class='ocr_par' dir='ltr' id='par_1_30' title="bbox 610 3061 2200 3137">
     <span class='ocr_line' id='line_1_30' title="bbox 610 3061 2200 3137; baseline -0.004 -15"><span class='ocrx_word' id='word_1_205' title='bbox 610 3067 752 3123; x_wconf 90' lang='lat' dir='ltr'><strong>liora</strong></span> <span class='ocrx_word' id='word_1_206' title='bbox 812 3069 1211 3123; x_wconf 87' lang='lat' dir='ltr'><strong>contendimus.</strong></span> <span class='ocrx_word' id='word_1_207' title='bbox 1274 3067 1477 3123; x_wconf 83' lang='lat' dir='ltr'><strong>Mensis</strong></span> <span class='ocrx_word' id='word_1_208' title='bbox 1530 3066 1741 3137; x_wconf 87' lang='lat' dir='ltr'><strong>primus</strong></span> <span class='ocrx_word' id='word_1_209' title='bbox 1793 3061 2062 3133; x_wconf 81' lang='lat' dir='ltr'><strong>professio</strong></span> <span class='ocrx_word' id='word_1_210' title='bbox 2117 3070 2200 3117; x_wconf 88' lang='lat' dir='ltr'><strong>est</strong></span> 
     </span>
    </p>
   </div>
   <div class='ocr_carea' id='block_1_31' title="bbox 618 3154 2270 3242">
    <p class='ocr_par' dir='ltr' id='par_1_31' title="bbox 618 3154 2270 3242">
     <span class='ocr_line' id='line_1_31' title="bbox 618 3154 2270 3242; baseline -0.004 -27"><span class='ocrx_word' id='word_1_211' title='bbox 618 3158 849 3217; x_wconf 89' lang='lat' dir='ltr'><strong>evidens</strong></span> <span class='ocrx_word' id='word_1_212' title='bbox 877 3160 1158 3232; x_wconf 85' lang='lat' dir='ltr'><strong>religionis</strong></span> <span class='ocrx_word' id='word_1_213' title='bbox 1185 3177 1201 3227; x_wconf 88' lang='lat'><strong>;</strong></span> <span class='ocrx_word' id='word_1_214' title='bbox 1254 3160 1548 3224; x_wconf 85' lang='lat' dir='ltr'><strong>secundus,</strong></span> <span class='ocrx_word' id='word_1_215' title='bbox 1591 3156 1866 3213; x_wconf 89' lang='lat' dir='ltr'><strong>assecutio</strong></span> <span class='ocrx_word' id='word_1_216' title='bbox 1897 3163 2002 3221; x_wconf 91' lang='lat' dir='ltr'><strong>est,</strong></span> <span class='ocrx_word' id='word_1_217' title='bbox 2030 3154 2199 3210; x_wconf 90' lang='lat' dir='ltr'><strong>inter-</strong></span> <span class='ocrx_word' id='word_1_218' title='bbox 2228 3182 2270 3242; x_wconf 66' lang='grc' dir='ltr'>α</span> 
     </span>
    </p>
   </div>
   <div class='ocr_carea' id='block_1_32' title="bbox 612 3248 2203 3326">
    <p class='ocr_par' dir='ltr' id='par_1_32' title="bbox 612 3248 2203 3326">
     <span class='ocr_line' id='line_1_32' title="bbox 612 3248 2203 3326; baseline -0.004 -17"><span class='ocrx_word' id='word_1_219' title='bbox 612 3270 810 3326; x_wconf 81' lang='lat' dir='ltr'><strong>meque</strong></span> <span class='ocrx_word' id='word_1_220' title='bbox 868 3254 1061 3310; x_wconf 90' lang='lat' dir='ltr'><strong>habitu</strong></span> <span class='ocrx_word' id='word_1_221' title='bbox 1117 3255 1479 3326; x_wconf 69' lang='lat' dir='ltr'><strong>praztenditnr</strong></span> <span class='ocrx_word' id='word_1_222' title='bbox 1535 3251 1793 3318; x_wconf 86' lang='lat' dir='ltr'><strong>virtutis;</strong></span> <span class='ocrx_word' id='word_1_223' title='bbox 1837 3248 2110 3315; x_wconf 89' lang='lat' dir='ltr'><strong>senarius,</strong></span> <span class='ocrx_word' id='word_1_224' title='bbox 2143 3257 2203 3302; x_wconf 92' lang='lat' dir='ltr'><strong>ut</strong></span> 
     </span>
    </p>
   </div>
   <div class='ocr_carea' id='block_1_33' title="bbox 611 3340 2197 3415">
    <p class='ocr_par' dir='ltr' id='par_1_33' title="bbox 611 3340 2197 3415">
     <span class='ocr_line' id='line_1_33' title="bbox 611 3340 2197 3415; baseline -0.004 -13"><span class='ocrx_word' id='word_1_225' title='bbox 611 3346 871 3415; x_wconf 86' lang='lat' dir='ltr'><strong>diximus,</strong></span> <span class='ocrx_word' id='word_1_226' title='bbox 898 3348 966 3402; x_wconf 90' lang='lat' dir='ltr'><strong>ad</strong></span> <span class='ocrx_word' id='word_1_227' title='bbox 995 3348 1270 3404; x_wconf 87' lang='lat' dir='ltr'><strong>hominem</strong></span> <span class='ocrx_word' id='word_1_228' title='bbox 1301 3365 1315 3415; x_wconf 90' lang='lat'><strong>;</strong></span> <span class='ocrx_word' id='word_1_229' title='bbox 1350 3348 1437 3403; x_wconf 89' lang='lat' dir='ltr'><strong>die</strong></span> <span class='ocrx_word' id='word_1_230' title='bbox 1467 3346 1612 3400; x_wconf 90' lang='lat' dir='ltr'><strong>enim</strong></span> <span class='ocrx_word' id='word_1_231' title='bbox 1642 3353 1795 3401; x_wconf 74' lang='lat' dir='ltr'><strong>sexta</strong></span> <span class='ocrx_word' id='word_1_232' title='bbox 1829 3344 1990 3399; x_wconf 92' lang='lat' dir='ltr'><strong>homo</strong></span> <span class='ocrx_word' id='word_1_233' title='bbox 2021 3340 2197 3396; x_wconf 89' lang='lat' dir='ltr'><strong>factus</strong></span> 
     </span>
    </p>
   </div>
   <div class='ocr_carea' id='block_1_34' title="bbox 613 3435 2205 3512">
    <p class='ocr_par' dir='ltr' id='par_1_34' title="bbox 613 3435 2205 3512">
     <span class='ocr_line' id='line_1_34' title="bbox 613 3435 2205 3512; baseline -0.004 -17"><span class='ocrx_word' id='word_1_234' title='bbox 613 3449 737 3507; x_wconf 90' lang='lat' dir='ltr'><strong>est;</strong></span> <span class='ocrx_word' id='word_1_235' title='bbox 769 3442 1137 3508; x_wconf 86' lang='lat' dir='ltr'><strong>centenarias,</strong></span> <span class='ocrx_word' id='word_1_236' title='bbox 1164 3442 1257 3512; x_wconf 92' lang='lat' dir='ltr'><strong>qui</strong></span> <span class='ocrx_word' id='word_1_237' title='bbox 1287 3440 1486 3495; x_wconf 88' lang='lat' dir='ltr'><strong>transit</strong></span> <span class='ocrx_word' id='word_1_238' title='bbox 1535 3439 1591 3494; x_wconf 90' lang='lat' dir='ltr'><strong>in</strong></span> <span class='ocrx_word' id='word_1_239' title='bbox 1633 3439 1938 3503; x_wconf 74' lang='lat' dir='ltr'><strong>dexteram,</strong></span> <span class='ocrx_word' id='word_1_240' title='bbox 1968 3435 2205 3506; x_wconf 86' lang='lat' dir='ltr'><strong>pertinet</strong></span> 
     </span>
    </p>
   </div>
   <div class='ocr_carea' id='block_1_35' title="bbox 615 3530 2205 3604">
    <p class='ocr_par' dir='ltr' id='par_1_35' title="bbox 615 3530 2205 3604">
     <span class='ocr_line' id='line_1_35' title="bbox 615 3530 2205 3604; baseline -0.003 -18"><span class='ocrx_word' id='word_1_241' title='bbox 615 3532 684 3587; x_wconf 91' lang='lat' dir='ltr'><strong>ad</strong></span> <span class='ocrx_word' id='word_1_242' title='bbox 748 3534 1285 3604; x_wconf 88' lang='lat' dir='ltr'><strong>contemplationem.</strong></span> <span class='ocrx_word' id='word_1_243' title='bbox 1345 3531 1463 3587; x_wconf 83' lang='lat' dir='ltr'><strong>Nisi</strong></span> <span class='ocrx_word' id='word_1_244' title='bbox 1535 3531 1679 3586; x_wconf 90' lang='lat' dir='ltr'><strong>enim</strong></span> <span class='ocrx_word' id='word_1_245' title='bbox 1740 3530 2205 3601; x_wconf 88' lang='lat' dir='ltr'><strong>transgrediamur</strong></span> 
     </span>
    </p>
   </div>
   <div class='ocr_carea' id='block_1_36' title="bbox 614 3620 2206 3697">
    <p class='ocr_par' dir='ltr' id='par_1_36' title="bbox 614 3620 2206 3697">
     <span class='ocr_line' id='line_1_36' title="bbox 614 3620 2206 3697; baseline -0.003 -17"><span class='ocrx_word' id='word_1_246' title='bbox 614 3625 915 3692; x_wconf 82' lang='lat' dir='ltr'><strong>hominem,</strong></span> <span class='ocrx_word' id='word_1_247' title='bbox 943 3643 1049 3682; x_wconf 93' lang='lat' dir='ltr'><strong>non</strong></span> <span class='ocrx_word' id='word_1_248' title='bbox 1082 3626 1447 3697; x_wconf 89' lang='lat' dir='ltr'><strong>pertingimus</strong></span> <span class='ocrx_word' id='word_1_249' title='bbox 1477 3624 1543 3680; x_wconf 89' lang='lat' dir='ltr'><strong>ad</strong></span> <span class='ocrx_word' id='word_1_250' title='bbox 1568 3623 1765 3678; x_wconf 67' lang='lat' dir='ltr'><strong>divinat</strong></span> <span class='ocrx_word' id='word_1_251' title='bbox 1814 3620 2206 3692; x_wconf 89' lang='lat' dir='ltr'><strong>spcculationis</strong></span> 
     </span>
    </p>
   </div>
   <div class='ocr_carea' id='block_1_37' title="bbox 617 3714 2206 3789">
    <p class='ocr_par' dir='ltr' id='par_1_37' title="bbox 617 3714 2206 3789">
     <span class='ocr_line' id='line_1_37' title="bbox 617 3714 2206 3789; baseline -0.003 -17"><span class='ocrx_word' id='word_1_252' title='bbox 617 3717 999 3774; x_wconf 89' lang='lat' dir='ltr'><strong>subtilitatem.</strong></span> <span class='ocrx_word' id='word_1_253' title='bbox 1030 3720 1107 3775; x_wconf 92' lang='lat' dir='ltr'><strong>De</strong></span> <span class='ocrx_word' id='word_1_254' title='bbox 1147 3718 1235 3774; x_wconf 88' lang='lat' dir='ltr'><strong>die</strong></span> <span class='ocrx_word' id='word_1_255' title='bbox 1262 3718 1429 3789; x_wconf 82' lang='lat' dir='ltr'><strong>igitur</strong></span> <span class='ocrx_word' id='word_1_256' title='bbox 1476 3715 1544 3770; x_wconf 91' lang='lat' dir='ltr'><strong>ad</strong></span> <span class='ocrx_word' id='word_1_257' title='bbox 1590 3729 1854 3779; x_wconf 90' lang='lat' dir='ltr'><strong>mensem,</strong></span> <span class='ocrx_word' id='word_1_258' title='bbox 1911 3714 1977 3767; x_wconf 89' lang='lat' dir='ltr'><strong>de</strong></span> <span class='ocrx_word' id='word_1_259' title='bbox 2020 3728 2206 3767; x_wconf 88' lang='lat' dir='ltr'><strong>mense</strong></span> 
     </span>
    </p>
   </div>
   <div class='ocr_carea' id='block_1_38' title="bbox 615 3804 2205 3880">
    <p class='ocr_par' dir='ltr' id='par_1_38' title="bbox 615 3804 2205 3880">
     <span class='ocr_line' id='line_1_38' title="bbox 615 3804 2205 3880; baseline -0.004 -16"><span class='ocrx_word' id='word_1_260' title='bbox 615 3809 837 3865; x_wconf 82' lang='lat' dir='ltr'><strong>venitur</strong></span> <span class='ocrx_word' id='word_1_261' title='bbox 864 3811 932 3865; x_wconf 91' lang='lat' dir='ltr'><strong>ad</strong></span> <span class='ocrx_word' id='word_1_262' title='bbox 963 3826 1188 3875; x_wconf 89' lang='lat' dir='ltr'><strong>annum,</strong></span> <span class='ocrx_word' id='word_1_263' title='bbox 1225 3810 1349 3880; x_wconf 88' lang='lat' dir='ltr'><strong>quia</strong></span> <span class='ocrx_word' id='word_1_264' title='bbox 1415 3816 1539 3879; x_wconf 87' lang='lat' dir='ltr'><strong>post</strong></span> <span class='ocrx_word' id='word_1_265' title='bbox 1591 3804 1964 3863; x_wconf 87' lang='lat' dir='ltr'><strong>conversionis</strong></span> <span class='ocrx_word' id='word_1_266' title='bbox 1993 3804 2205 3858; x_wconf 91' lang='lat' dir='ltr'><strong>initium</strong></span> 
     </span>
    </p>
   </div>
   <div class='ocr_carea' id='block_1_39' title="bbox 616 3899 2206 3974">
    <p class='ocr_par' dir='ltr' id='par_1_39' title="bbox 616 3899 2206 3974">
     <span class='ocr_line' id='line_1_39' title="bbox 616 3899 2206 3974; baseline -0.006 -16"><span class='ocrx_word' id='word_1_267' title='bbox 616 3917 1007 3974; x_wconf 76' lang='lat' dir='ltr'><strong>promoventur</strong></span> <span class='ocrx_word' id='word_1_268' title='bbox 1051 3903 1118 3958; x_wconf 90' lang='lat' dir='ltr'><strong>ad</strong></span> <span class='ocrx_word' id='word_1_269' title='bbox 1155 3902 1491 3957; x_wconf 89' lang='lat' dir='ltr'><strong>incrementa</strong></span> <span class='ocrx_word' id='word_1_270' title='bbox 1536 3899 1823 3964; x_wconf 85' lang='lat' dir='ltr'><strong>virtutum,</strong></span> <span class='ocrx_word' id='word_1_271' title='bbox 1863 3914 1927 3953; x_wconf 78' lang='lat' dir='ltr'><strong>ex</strong></span> <span class='ocrx_word' id='word_1_272' title='bbox 1978 3911 2206 3965; x_wconf 91' lang='lat' dir='ltr'><strong>quarum</strong></span> 
     </span>
    </p>
   </div>
   <div class='ocr_carea' id='block_1_40' title="bbox 621 3988 2208 4065">
    <p class='ocr_par' dir='ltr' id='par_1_40' title="bbox 621 3988 2208 4065">
     <span class='ocr_line' id='line_1_40' title="bbox 621 3988 2208 4065; baseline -0.003 -18"><span class='ocrx_word' id='word_1_273' title='bbox 621 4008 813 4049; x_wconf 85' lang='lat' dir='ltr'><strong>rursus</strong></span> <span class='ocrx_word' id='word_1_274' title='bbox 836 3994 1158 4050; x_wconf 90' lang='lat' dir='ltr'><strong>collectione</strong></span> <span class='ocrx_word' id='word_1_275' title='bbox 1191 3991 1535 4065; x_wconf 82' lang='lat' dir='ltr'><strong>aggredimur</strong></span> <span class='ocrx_word' id='word_1_276' title='bbox 1570 3989 1731 4044; x_wconf 87' lang='lat' dir='ltr'><strong>finem</strong></span> <span class='ocrx_word' id='word_1_277' title='bbox 1761 3989 2001 4045; x_wconf 90' lang='lat' dir='ltr'><strong>omnium</strong></span> <span class='ocrx_word' id='word_1_278' title='bbox 2037 3988 2208 4044; x_wconf 91' lang='lat' dir='ltr'><strong>Deum</strong></span> 
     </span>
    </p>
   </div>
   <div class='ocr_carea' id='block_1_41' title="bbox 621 4080 2206 4155">
    <p class='ocr_par' dir='ltr' id='par_1_41' title="bbox 621 4080 2206 4155">
     <span class='ocr_line' id='line_1_41' title="bbox 621 4080 2206 4155; baseline -0.003 -17"><span class='ocrx_word' id='word_1_279' title='bbox 621 4086 1016 4141; x_wconf 90' lang='lat' dir='ltr'><strong>contuendum.</strong></span> <span class='ocrx_word' id='word_1_280' title='bbox 1062 4085 1146 4141; x_wconf 86' lang='lat' dir='ltr'><strong>Ad</strong></span> <span class='ocrx_word' id='word_1_281' title='bbox 1199 4085 1341 4155; x_wconf 88' lang='lat' dir='ltr'><strong>quod</strong></span> <span class='ocrx_word' id='word_1_282' title='bbox 1389 4099 1511 4138; x_wconf 91' lang='lat' dir='ltr'><strong>cum</strong></span> <span class='ocrx_word' id='word_1_283' title='bbox 1554 4082 1813 4137; x_wconf 89' lang='lat' dir='ltr'><strong>devenire</strong></span> <span class='ocrx_word' id='word_1_284' title='bbox 1869 4080 2206 4151; x_wconf 89' lang='lat' dir='ltr'><strong>contigerit,</strong></span> 
     </span>
    </p>
   </div>
   <div class='ocr_carea' id='block_1_42' title="bbox 622 4173 2210 4246">
    <p class='ocr_par' dir='ltr' id='par_1_42' title="bbox 622 4173 2210 4246">
     <span class='ocr_line' id='line_1_42' title="bbox 622 4173 2210 4246; baseline -0.003 -16"><span class='ocrx_word' id='word_1_285' title='bbox 622 4190 831 4246; x_wconf 75' lang='lat' dir='ltr'><strong>magna:</strong></span> <span class='ocrx_word' id='word_1_286' title='bbox 882 4176 1060 4231; x_wconf 86' lang='lat' dir='ltr'><strong>fontes</strong></span> <span class='ocrx_word' id='word_1_287' title='bbox 1113 4185 1439 4245; x_wconf 89' lang='lat' dir='ltr'><strong>rumpuntur</strong></span> <span class='ocrx_word' id='word_1_288' title='bbox 1488 4173 1713 4244; x_wconf 92' lang='lat' dir='ltr'><strong>abyssi,</strong></span> <span class='ocrx_word' id='word_1_289' title='bbox 1768 4173 1894 4243; x_wconf 85' lang='lat' dir='ltr'><strong>quia</strong></span> <span class='ocrx_word' id='word_1_290' title='bbox 1962 4187 2210 4228; x_wconf 86' lang='lat' dir='ltr'><strong>recessus</strong></span> 
     </span>
    </p>
   </div>
   <div class='ocr_carea' id='block_1_43' title="bbox 624 4265 2213 4336">
    <p class='ocr_par' dir='ltr' id='par_1_43' title="bbox 624 4265 2213 4336">
     <span class='ocr_line' id='line_1_43' title="bbox 624 4265 2213 4336; baseline -0.001 -16"><span class='ocrx_word' id='word_1_291' title='bbox 624 4268 1059 4323; x_wconf 87' lang='lat' dir='ltr'><strong>conversationis</strong></span> <span class='ocrx_word' id='word_1_292' title='bbox 1088 4267 1343 4322; x_wconf 62' lang='lat' dir='ltr'><strong>humanm</strong></span> <span class='ocrx_word' id='word_1_293' title='bbox 1366 4266 1432 4321; x_wconf 89' lang='lat' dir='ltr'><strong>ad</strong></span> <span class='ocrx_word' id='word_1_294' title='bbox 1480 4266 1747 4336; x_wconf 91' lang='lat' dir='ltr'><strong>liquidum</strong></span> <span class='ocrx_word' id='word_1_295' title='bbox 1778 4265 2093 4336; x_wconf 89' lang='lat' dir='ltr'><strong>aperiuntur</strong></span> <span class='ocrx_word' id='word_1_296' title='bbox 2115 4279 2213 4336; x_wconf 88' lang='lat' dir='ltr'><strong>per</strong></span> 
     </span>
    </p>
   </div>
   <div class='ocr_carea' id='block_1_44' title="bbox 622 4357 2207 4428">
    <p class='ocr_par' dir='ltr' id='par_1_44' title="bbox 622 4357 2207 4428">
     <span class='ocr_line' id='line_1_44' title="bbox 622 4357 2207 4428; baseline -0.001 -16"><span class='ocrx_word' id='word_1_297' title='bbox 622 4357 823 4414; x_wconf 88' lang='lat' dir='ltr'><strong>donum</strong></span> <span class='ocrx_word' id='word_1_298' title='bbox 861 4360 1120 4424; x_wconf 82' lang='lat' dir='ltr'><strong>scientiae,</strong></span> <span class='ocrx_word' id='word_1_299' title='bbox 1181 4368 1236 4415; x_wconf 92' lang='lat' dir='ltr'><strong>et</strong></span> <span class='ocrx_word' id='word_1_300' title='bbox 1259 4360 1424 4415; x_wconf 88' lang='lat' dir='ltr'><strong>homo</strong></span> <span class='ocrx_word' id='word_1_301' title='bbox 1481 4358 1583 4414; x_wconf 89' lang='lat' dir='ltr'><strong>sibi</strong></span> <span class='ocrx_word' id='word_1_302' title='bbox 1639 4358 1844 4428; x_wconf 85' lang='lat' dir='ltr'><strong>pridem</strong></span> <span class='ocrx_word' id='word_1_303' title='bbox 1884 4358 2207 4428; x_wconf 88' lang='lat' dir='ltr'><strong>incognitus,</strong></span> 
     </span>
    </p>
   </div>
   <div class='ocr_carea' id='block_1_45' title="bbox 625 4447 2212 4521">
    <p class='ocr_par' dir='ltr' id='par_1_45' title="bbox 625 4447 2212 4521">
     <span class='ocr_line' id='line_1_45' title="bbox 625 4447 2212 4521; baseline 0.002 -20"><span class='ocrx_word' id='word_1_304' title='bbox 625 4447 752 4502; x_wconf 91' lang='lat' dir='ltr'><strong>dum</strong></span> <span class='ocrx_word' id='word_1_305' title='bbox 777 4449 885 4503; x_wconf 91' lang='lat' dir='ltr'><strong>vim</strong></span> <span class='ocrx_word' id='word_1_306' title='bbox 911 4450 1260 4505; x_wconf 89' lang='lat' dir='ltr'><strong>discretionis</strong></span> <span class='ocrx_word' id='word_1_307' title='bbox 1284 4450 1497 4521; x_wconf 90' lang='lat' dir='ltr'><strong>accipit,</strong></span> <span class='ocrx_word' id='word_1_308' title='bbox 1518 4449 1672 4520; x_wconf 81' lang='lat' dir='ltr'><strong>quasi</strong></span> <span class='ocrx_word' id='word_1_309' title='bbox 1702 4448 1904 4504; x_wconf 84' lang='lat' dir='ltr'><strong>fontem</strong></span> <span class='ocrx_word' id='word_1_310' title='bbox 1929 4451 1995 4505; x_wconf 89' lang='lat' dir='ltr'><strong>de</strong></span> <span class='ocrx_word' id='word_1_311' title='bbox 2017 4451 2212 4520; x_wconf 85' lang='lat' dir='ltr'><strong>abysso</strong></span> 
     </span>
    </p>
   </div>
   <div class='ocr_carea' id='block_1_46' title="bbox 624 4537 2292 4613">
    <p class='ocr_par' dir='ltr' id='par_1_46' title="bbox 624 4537 2292 4613">
     <span class='ocr_line' id='line_1_46' title="bbox 624 4537 2292 4613; baseline 0.003 -19"><span class='ocrx_word' id='word_1_312' title='bbox 624 4540 890 4598; x_wconf 90' lang='lat' dir='ltr'><strong>altissima</strong></span> <span class='ocrx_word' id='word_1_313' title='bbox 920 4542 1274 4613; x_wconf 87' lang='lat' dir='ltr'><strong>multiplicem</strong></span> <span class='ocrx_word' id='word_1_314' title='bbox 1302 4543 1527 4609; x_wconf 84' lang='lat' dir='ltr'><strong>invenit,</strong></span> <span class='ocrx_word' id='word_1_315' title='bbox 1562 4543 1688 4598; x_wconf 87' lang='lat' dir='ltr'><strong>dum</strong></span> <span class='ocrx_word' id='word_1_316' title='bbox 1727 4553 1952 4598; x_wconf 88' lang='lat' dir='ltr'><strong>naturas</strong></span> <span class='ocrx_word' id='word_1_317' title='bbox 1998 4543 2210 4613; x_wconf 83' lang='lat' dir='ltr'><strong>passio—</strong></span> <span class='ocrx_word' id='word_1_318' title='bbox 2237 4537 2292 4599; x_wconf 84' lang='grc' dir='ltr'><strong>ι)</strong></span> 
     </span>
    </p>
   </div>
   <div class='ocr_carea' id='block_1_47' title="bbox 628 4634 2211 4704">
    <p class='ocr_par' dir='ltr' id='par_1_47' title="bbox 628 4634 2211 4704">
     <span class='ocr_line' id='line_1_47' title="bbox 628 4634 2211 4704; baseline 0.001 -16"><span class='ocrx_word' id='word_1_319' title='bbox 628 4649 757 4689; x_wconf 89' lang='lat' dir='ltr'><strong>num</strong></span> <span class='ocrx_word' id='word_1_320' title='bbox 786 4644 840 4689; x_wconf 90' lang='lat' dir='ltr'><strong>et</strong></span> <span class='ocrx_word' id='word_1_321' title='bbox 871 4636 1237 4691; x_wconf 90' lang='lat' dir='ltr'><strong>humanorum</strong></span> <span class='ocrx_word' id='word_1_322' title='bbox 1263 4651 1473 4691; x_wconf 90' lang='lat' dir='ltr'><strong>morum</strong></span> <span class='ocrx_word' id='word_1_323' title='bbox 1510 4635 1693 4691; x_wconf 88' lang='lat' dir='ltr'><strong>abdita</strong></span> <span class='ocrx_word' id='word_1_324' title='bbox 1733 4634 2045 4691; x_wconf 89' lang='lat' dir='ltr'><strong>discernere</strong></span> <span class='ocrx_word' id='word_1_325' title='bbox 2083 4650 2211 4704; x_wconf 89' lang='lat' dir='ltr'><strong>pru-</strong></span> 
     </span>
    </p>
   </div>
   <div class='ocr_carea' id='block_1_48' title="bbox 628 4724 2211 4798">
    <p class='ocr_par' dir='ltr' id='par_1_48' title="bbox 628 4724 2211 4798">
     <span class='ocr_line' id='line_1_48' title="bbox 628 4724 2211 4798; baseline 0.001 -18"><span class='ocrx_word' id='word_1_326' title='bbox 628 4724 822 4781; x_wconf 88' lang='lat' dir='ltr'><strong>denter</strong></span> <span class='ocrx_word' id='word_1_327' title='bbox 857 4735 911 4782; x_wconf 93' lang='lat' dir='ltr'><strong>et</strong></span> <span class='ocrx_word' id='word_1_328' title='bbox 953 4728 1261 4798; x_wconf 88' lang='lat' dir='ltr'><strong>perspicere</strong></span> <span class='ocrx_word' id='word_1_329' title='bbox 1302 4729 1451 4784; x_wconf 86' lang='lat' dir='ltr'><strong>novit</strong></span> <span class='ocrx_word' id='word_1_330' title='bbox 1499 4745 1513 4794; x_wconf 91' lang='lat'><strong>;</strong></span> <span class='ocrx_word' id='word_1_331' title='bbox 1559 4729 1777 4798; x_wconf 83' lang='lat' dir='ltr'><strong>abyssus</strong></span> <span class='ocrx_word' id='word_1_332' title='bbox 1834 4728 2002 4793; x_wconf 89' lang='lat' dir='ltr'><strong>enim,</strong></span> <span class='ocrx_word' id='word_1_333' title='bbox 2056 4727 2211 4797; x_wconf 84' lang='lat' dir='ltr'><strong>juxta</strong></span> 
     </span>
    </p>
   </div>
   <div class='ocr_carea' id='block_1_49' title="bbox 626 4818 2215 4893">
    <p class='ocr_par' dir='ltr' id='par_1_49' title="bbox 626 4818 2215 4893">
     <span class='ocr_line' id='line_1_49' title="bbox 626 4818 2215 4893; baseline 0 -18"><span class='ocrx_word' id='word_1_334' title='bbox 626 4818 924 4887; x_wconf 85' lang='lat' dir='ltr'><strong>Psalmum,</strong></span> <span class='ocrx_word' id='word_1_335' title='bbox 962 4822 1206 4891; x_wconf 81' lang='lat' dir='ltr'><strong>abyssum</strong></span> <span class='ocrx_word' id='word_1_336' title='bbox 1243 4823 1447 4877; x_wconf 87' lang='lat' dir='ltr'><strong>invocat</strong></span> <span class='ocrx_word' id='word_1_337' title='bbox 1491 4819 1665 4893; x_wconf 87' lang='lat' dir='ltr'><strong>(Psal.</strong></span> <span class='ocrx_word' id='word_1_338' title='bbox 1693 4837 1805 4886; x_wconf 76' lang='lat' dir='ltr'><strong>xu,</strong></span> <span class='ocrx_word' id='word_1_339' title='bbox 1840 4821 1917 4892; x_wconf 93' lang='lat'><strong>8),</strong></span> <span class='ocrx_word' id='word_1_340' title='bbox 1968 4828 2023 4876; x_wconf 89' lang='lat' dir='ltr'><strong>et</strong></span> <span class='ocrx_word' id='word_1_341' title='bbox 2068 4819 2215 4875; x_wconf 87' lang='lat' dir='ltr'><strong>Scri-</strong></span> 
     </span>
    </p>
   </div>
   <div class='ocr_carea' id='block_1_50' title="bbox 631 4900 2215 4984">
    <p class='ocr_par' dir='ltr' id='par_1_50' title="bbox 631 4900 2215 4984">
     <span class='ocr_line' id='line_1_50' title="bbox 631 4900 2215 4984; baseline 0.001 -19"><span class='ocrx_word' id='word_1_342' title='bbox 631 4900 793 4983; x_wconf 85' lang='lat' dir='ltr'><strong>ptura</strong></span> <span class='ocrx_word' id='word_1_343' title='bbox 829 4928 971 4983; x_wconf 67' lang='lat' dir='ltr'><strong>smpe</strong></span> <span class='ocrx_word' id='word_1_344' title='bbox 1017 4928 1109 4968; x_wconf 88' lang='lat' dir='ltr'><strong>cor</strong></span> <span class='ocrx_word' id='word_1_345' title='bbox 1148 4914 1384 4969; x_wconf 91' lang='lat' dir='ltr'><strong>hominis</strong></span> <span class='ocrx_word' id='word_1_346' title='bbox 1417 4915 1491 4969; x_wconf 88' lang='lat' dir='ltr'><strong>ita</strong></span> <span class='ocrx_word' id='word_1_347' title='bbox 1520 4912 1812 4984; x_wconf 79' lang='lat' dir='ltr'><strong>significat.</strong></span> <span class='ocrx_word' id='word_1_348' title='bbox 1859 4911 2004 4967; x_wconf 82' lang='lat' dir='ltr'><strong>Fons</strong></span> <span class='ocrx_word' id='word_1_349' title='bbox 2030 4910 2215 4981; x_wconf 85' lang='lat' dir='ltr'><strong>itaque</strong></span> 
     </span>
    </p>
   </div>
   <div class='ocr_carea' id='block_1_51' title="bbox 629 5001 2211 5077">
    <p class='ocr_par' dir='ltr' id='par_1_51' title="bbox 629 5001 2211 5077">
     <span class='ocr_line' id='line_1_51' title="bbox 629 5001 2211 5077; baseline -0.002 -19"><span class='ocrx_word' id='word_1_350' title='bbox 629 5003 709 5058; x_wconf 90' lang='lat' dir='ltr'><strong>illi</strong></span> <span class='ocrx_word' id='word_1_351' title='bbox 738 5005 919 5076; x_wconf 81' lang='lat' dir='ltr'><strong>abyssi</strong></span> <span class='ocrx_word' id='word_1_352' title='bbox 949 5020 1156 5077; x_wconf 71' lang='lat' dir='ltr'><strong>magum</strong></span> <span class='ocrx_word' id='word_1_353' title='bbox 1202 5007 1493 5077; x_wconf 88' lang='lat' dir='ltr'><strong>rumpitur,</strong></span> <span class='ocrx_word' id='word_1_354' title='bbox 1526 5005 1611 5060; x_wconf 91' lang='lat' dir='ltr'><strong>cui</strong></span> <span class='ocrx_word' id='word_1_355' title='bbox 1667 5004 1750 5060; x_wconf 91' lang='lat' dir='ltr'><strong>sui</strong></span> <span class='ocrx_word' id='word_1_356' title='bbox 1796 5003 1965 5074; x_wconf 87' lang='lat' dir='ltr'><strong>ipsius</strong></span> <span class='ocrx_word' id='word_1_357' title='bbox 2021 5001 2211 5057; x_wconf 87' lang='lat' dir='ltr'><strong>notitia</strong></span> 
     </span>
    </p>
   </div>
   <div class='ocr_carea' id='block_1_52' title="bbox 631 5095 2216 5171">
    <p class='ocr_par' dir='ltr' id='par_1_52' title="bbox 631 5095 2216 5171">
     <span class='ocr_line' id='line_1_52' title="bbox 631 5095 2216 5171; baseline -0.003 -18"><span class='ocrx_word' id='word_1_358' title='bbox 631 5114 729 5168; x_wconf 89' lang='lat' dir='ltr'><strong>per</strong></span> <span class='ocrx_word' id='word_1_359' title='bbox 757 5099 1160 5171; x_wconf 87' lang='lat' dir='ltr'><strong>intelligentiam</strong></span> <span class='ocrx_word' id='word_1_360' title='bbox 1179 5100 1438 5170; x_wconf 89' lang='lat' dir='ltr'><strong>aperitur.</strong></span> <span class='ocrx_word' id='word_1_361' title='bbox 1460 5096 1778 5164; x_wconf 71' lang='lat' dir='ltr'><strong>Cataracta&#39;,</strong></span> <span class='ocrx_word' id='word_1_362' title='bbox 1796 5096 1846 5151; x_wconf 92' lang='lat' dir='ltr'><strong>id</strong></span> <span class='ocrx_word' id='word_1_363' title='bbox 1863 5103 1945 5151; x_wconf 87' lang='lat' dir='ltr'><strong>est</strong></span> <span class='ocrx_word' id='word_1_364' title='bbox 1964 5095 2216 5150; x_wconf 81' lang='lat' dir='ltr'><strong>fenestrae</strong></span> 
     </span>
    </p>
   </div>
   <div class='ocr_carea' id='block_1_53' title="bbox 634 5188 2217 5263">
    <p class='ocr_par' dir='ltr' id='par_1_53' title="bbox 634 5188 2217 5263">
     <span class='ocr_line' id='line_1_53' title="bbox 634 5188 2217 5263; baseline 0 -20"><span class='ocrx_word' id='word_1_365' title='bbox 634 5190 756 5244; x_wconf 86' lang='lat' dir='ltr'><strong>coeli</strong></span> <span class='ocrx_word' id='word_1_366' title='bbox 788 5190 862 5245; x_wconf 86' lang='lat' dir='ltr'><strong>illi</strong></span> <span class='ocrx_word' id='word_1_367' title='bbox 889 5200 1094 5262; x_wconf 87' lang='lat' dir='ltr'><strong>patent,</strong></span> <span class='ocrx_word' id='word_1_368' title='bbox 1125 5194 1209 5248; x_wconf 90' lang='lat' dir='ltr'><strong>cui</strong></span> <span class='ocrx_word' id='word_1_369' title='bbox 1240 5193 1307 5248; x_wconf 92' lang='lat' dir='ltr'><strong>ad</strong></span> <span class='ocrx_word' id='word_1_370' title='bbox 1333 5192 1656 5263; x_wconf 89' lang='lat' dir='ltr'><strong>capiendum</strong></span> <span class='ocrx_word' id='word_1_371' title='bbox 1706 5189 2006 5262; x_wconf 87' lang='lat' dir='ltr'><strong>spiritualis</strong></span> <span class='ocrx_word' id='word_1_372' title='bbox 2030 5188 2217 5259; x_wconf 69' lang='lat' dir='ltr'><strong>gratiae</strong></span> 
     </span>
    </p>
   </div>
   <div class='ocr_carea' id='block_1_54' title="bbox 632 5280 2216 5349">
    <p class='ocr_par' dir='ltr' id='par_1_54' title="bbox 632 5280 2216 5349">
     <span class='ocr_line' id='line_1_54' title="bbox 632 5280 2216 5349; baseline -0.001 -14"><span class='ocrx_word' id='word_1_373' title='bbox 632 5280 819 5338; x_wconf 88' lang='lat' dir='ltr'><strong>lumen</strong></span> <span class='ocrx_word' id='word_1_374' title='bbox 874 5285 1152 5342; x_wconf 89' lang='lat' dir='ltr'><strong>oculorum</strong></span> <span class='ocrx_word' id='word_1_375' title='bbox 1204 5283 1654 5342; x_wconf 89' lang='lat' dir='ltr'><strong>intellectualinm</strong></span> <span class='ocrx_word' id='word_1_376' title='bbox 1715 5281 1967 5338; x_wconf 88' lang='lat' dir='ltr'><strong>acumina</strong></span> <span class='ocrx_word' id='word_1_377' title='bbox 2017 5281 2216 5349; x_wconf 83' lang='lat' dir='ltr'><strong>vigent.</strong></span> 
     </span>
    </p>
   </div>
   <div class='ocr_carea' id='block_1_55' title="bbox 638 5372 2220 5445">
    <p class='ocr_par' dir='ltr' id='par_1_55' title="bbox 638 5372 2220 5445">
     <span class='ocr_line' id='line_1_55' title="bbox 638 5372 2220 5445; baseline -0.001 -17"><span class='ocrx_word' id='word_1_378' title='bbox 638 5373 716 5429; x_wconf 74' lang='lat' dir='ltr'><strong>Ex</strong></span> <span class='ocrx_word' id='word_1_379' title='bbox 748 5375 830 5431; x_wconf 88' lang='lat' dir='ltr'><strong>his</strong></span> <span class='ocrx_word' id='word_1_380' title='bbox 863 5374 1125 5443; x_wconf 81' lang='lat' dir='ltr'><strong>fontibus,</strong></span> <span class='ocrx_word' id='word_1_381' title='bbox 1166 5377 1219 5433; x_wconf 90' lang='lat' dir='ltr'><strong>id</strong></span> <span class='ocrx_word' id='word_1_382' title='bbox 1274 5385 1358 5433; x_wconf 88' lang='lat' dir='ltr'><strong>est</strong></span> <span class='ocrx_word' id='word_1_383' title='bbox 1388 5377 1632 5433; x_wconf 82' lang='lat' dir='ltr'><strong>scientiae</strong></span> <span class='ocrx_word' id='word_1_384' title='bbox 1661 5372 1981 5445; x_wconf 84' lang='lat' dir='ltr'><strong>originibus,</strong></span> <span class='ocrx_word' id='word_1_385' title='bbox 2022 5380 2076 5427; x_wconf 92' lang='lat' dir='ltr'><strong>et</strong></span> <span class='ocrx_word' id='word_1_386' title='bbox 2099 5372 2220 5428; x_wconf 68' lang='lat' dir='ltr'><strong>caeli</strong></span> 
     </span>
    </p>
   </div>
   <div class='ocr_carea' id='block_1_56' title="bbox 638 5465 2219 5538">
    <p class='ocr_par' dir='ltr' id='par_1_56' title="bbox 638 5465 2219 5538">
     <span class='ocr_line' id='line_1_56' title="bbox 638 5465 2219 5538; baseline -0.001 -16"><span class='ocrx_word' id='word_1_387' title='bbox 638 5471 948 5538; x_wconf 89' lang='lat' dir='ltr'><strong>cataractis,</strong></span> <span class='ocrx_word' id='word_1_388' title='bbox 976 5470 1209 5528; x_wconf 84' lang='lat' dir='ltr'><strong>luciﬂuis</strong></span> <span class='ocrx_word' id='word_1_389' title='bbox 1232 5471 1438 5527; x_wconf 88' lang='lat' dir='ltr'><strong>scilicet</strong></span> <span class='ocrx_word' id='word_1_390' title='bbox 1472 5471 1701 5525; x_wconf 73' lang='lat' dir='ltr'><strong>interna:</strong></span> <span class='ocrx_word' id='word_1_391' title='bbox 1733 5466 2011 5538; x_wconf 75' lang='lat' dir='ltr'><strong>sapientia:</strong></span> <span class='ocrx_word' id='word_1_392' title='bbox 2037 5465 2219 5532; x_wconf 92' lang='lat' dir='ltr'><strong>rimis;</strong></span> 
     </span>
    </p>
   </div>
   <div class='ocr_carea' id='block_1_57' title="bbox 636 5559 2223 5633">
    <p class='ocr_par' dir='ltr' id='par_1_57' title="bbox 636 5559 2223 5633">
     <span class='ocr_line' id='line_1_57' title="bbox 636 5559 2223 5633; baseline -0.002 -18"><span class='ocrx_word' id='word_1_393' title='bbox 636 5577 793 5629; x_wconf 59' lang='lat' dir='ltr'><strong>super</strong></span> <span class='ocrx_word' id='word_1_394' title='bbox 854 5574 1049 5619; x_wconf 87' lang='lat' dir='ltr'><strong>terram</strong></span> <span class='ocrx_word' id='word_1_395' title='bbox 1101 5564 1161 5619; x_wconf 87' lang='lat' dir='ltr'><strong>tit</strong></span> <span class='ocrx_word' id='word_1_396' title='bbox 1213 5562 1413 5619; x_wconf 77' lang='lat' dir='ltr'><strong>inlusio</strong></span> <span class='ocrx_word' id='word_1_397' title='bbox 1458 5559 1764 5633; x_wconf 86' lang='lat' dir='ltr'><strong>pluviarum</strong></span> <span class='ocrx_word' id='word_1_398' title='bbox 1796 5600 1810 5626; x_wconf 94' lang='lat'><strong>,</strong></span> <span class='ocrx_word' id='word_1_399' title='bbox 1861 5571 2223 5628; x_wconf 89' lang='lat' dir='ltr'><strong>supernarum</strong></span> 
     </span>
    </p>
   </div>
   <div class='ocr_carea' id='block_1_58' title="bbox 643 5648 2226 5727">
    <p class='ocr_par' dir='ltr' id='par_1_58' title="bbox 643 5648 2226 5727">
     <span class='ocr_line' id='line_1_58' title="bbox 643 5648 2226 5727; baseline -0.001 -22"><span class='ocrx_word' id='word_1_400' title='bbox 643 5653 851 5709; x_wconf 85' lang='lat' dir='ltr'><strong>scilicet</strong></span> <span class='ocrx_word' id='word_1_401' title='bbox 898 5657 1118 5711; x_wconf 89' lang='lat' dir='ltr'><strong>ubertas</strong></span> <span class='ocrx_word' id='word_1_402' title='bbox 1149 5655 1470 5727; x_wconf 87' lang='lat' dir='ltr'><strong>gratiarum,</strong></span> <span class='ocrx_word' id='word_1_403' title='bbox 1522 5652 1716 5723; x_wconf 89' lang='lat' dir='ltr'><strong>quibus</strong></span> <span class='ocrx_word' id='word_1_404' title='bbox 1767 5666 1799 5706; x_wconf 91' lang='lat' dir='ltr'><strong>a</strong></span> <span class='ocrx_word' id='word_1_405' title='bbox 1836 5649 2058 5705; x_wconf 89' lang='lat' dir='ltr'><strong>denario</strong></span> <span class='ocrx_word' id='word_1_406' title='bbox 2092 5648 2226 5718; x_wconf 83' lang='lat' dir='ltr'><strong>legis</strong></span> 
     </span>
    </p>
   </div>
   <div class='ocr_carea' id='block_1_59' title="bbox 648 5739 2227 5821">
    <p class='ocr_par' dir='ltr' id='par_1_59' title="bbox 648 5739 2227 5821">
     <span class='ocr_line' id='line_1_59' title="bbox 648 5739 2227 5821; baseline -0.005 -18"><span class='ocrx_word' id='word_1_407' title='bbox 648 5745 920 5819; x_wconf 81' lang='lat' dir='ltr'><strong>Evangelii</strong></span> <span class='ocrx_word' id='word_1_408' title='bbox 944 5750 1353 5821; x_wconf 88' lang='lat' dir='ltr'><strong>quaternarium</strong></span> <span class='ocrx_word' id='word_1_409' title='bbox 1396 5749 1741 5817; x_wconf 86' lang='lat' dir='ltr'><strong>attingentes,</strong></span> <span class='ocrx_word' id='word_1_410' title='bbox 1786 5746 1902 5803; x_wconf 85' lang='lat' dir='ltr'><strong>dies</strong></span> <span class='ocrx_word' id='word_1_411' title='bbox 1955 5739 2227 5815; x_wconf 51' lang='lat' dir='ltr'><strong>prosperi.</strong></span> 
     </span>
    </p>
   </div>
   <div class='ocr_carea' id='block_1_60' title="bbox 1390 311 3085 373">
    <p class='ocr_par' dir='ltr' id='par_1_60' title="bbox 1390 311 3085 373">
     <span class='ocr_line' id='line_1_60' title="bbox 1390 311 3085 373; baseline -0.002 -1"><span class='ocrx_word' id='word_1_412' title='bbox 1390 314 1454 372; x_wconf 65' lang='grc' dir='ltr'><strong>Υ.</strong></span> <span class='ocrx_word' id='word_1_413' title='bbox 1487 315 1813 373; x_wconf 68' lang='grc' dir='ltr'><strong>ρυιθωιιι</strong></span> <span class='ocrx_word' id='word_1_414' title='bbox 1851 312 2142 373; x_wconf 73' lang='lat' dir='ltr'><strong>ABBATlS</strong></span> <span class='ocrx_word' id='word_1_415' title='bbox 2183 313 2243 371; x_wconf 88' lang='lat' dir='ltr'><strong>S.</strong></span> <span class='ocrx_word' id='word_1_416' title='bbox 2284 311 2527 370; x_wconf 65' lang='lat' dir='ltr'><strong>MARI/E</strong></span> <span class='ocrx_word' id='word_1_417' title='bbox 2570 311 2658 369; x_wconf 85' lang='lat' dir='ltr'><strong>DE</strong></span> <span class='ocrx_word' id='word_1_418' title='bbox 2684 311 3085 371; x_wconf 75' lang='lat' dir='ltr'><strong>NUVIGENTO</strong></span> 
     </span>
    </p>
   </div>
   <div class='ocr_carea' id='block_1_61' title="bbox 506 421 3877 520">
    <p class='ocr_par' dir='ltr' id='par_1_61' title="bbox 506 421 3877 504">
     <span class='ocr_line' id='line_1_61' title="bbox 506 421 3877 504; baseline -0.001 -19"><span class='ocrx_word' id='word_1_419' title='bbox 506 484 509 485; x_wconf 30' lang='grc' dir='ltr'><em>ν</em></span> <span class='ocrx_word' id='word_1_420' title='bbox 590 435 767 489; x_wconf 87' lang='lat' dir='ltr'><strong>minus</strong></span> <span class='ocrx_word' id='word_1_421' title='bbox 800 432 936 490; x_wconf 87' lang='lat' dir='ltr'><strong>Noe.</strong></span> <span class='ocrx_word' id='word_1_422' title='bbox 959 432 1192 504; x_wconf 81' lang='lat' dir='ltr'><strong>Cumque</strong></span> <span class='ocrx_word' id='word_1_423' title='bbox 1218 431 1526 487; x_wconf 81' lang='lat' dir='ltr'><strong>transissent</strong></span> <span class='ocrx_word' id='word_1_424' title='bbox 1567 442 1761 500; x_wconf 85' lang='lat' dir='ltr'><strong>septem</strong></span> <span class='ocrx_word' id='word_1_425' title='bbox 1789 432 1920 498; x_wconf 87' lang='lat' dir='ltr'><strong>dies,</strong></span> <span class='ocrx_word' id='word_1_426' title='bbox 1955 432 2178 486; x_wconf 85' lang='lat' dir='ltr'><strong>inuuda-</strong></span> <span class='ocrx_word' id='word_1_427' title='bbox 2208 437 2258 495; x_wconf 77' lang='grc' dir='ltr'><strong>Α</strong></span> <span class='ocrx_word' id='word_1_428' title='bbox 2290 435 2459 482; x_wconf 85' lang='lat' dir='ltr'><strong>latum</strong></span> <span class='ocrx_word' id='word_1_429' title='bbox 2495 426 2745 481; x_wconf 86' lang='lat' dir='ltr'><strong>tenebras</strong></span> <span class='ocrx_word' id='word_1_430' title='bbox 2792 425 3146 490; x_wconf 64' lang='lat' dir='ltr'><strong>aestimamus,</strong></span> <span class='ocrx_word' id='word_1_431' title='bbox 3194 421 3478 496; x_wconf 87' lang='lat' dir='ltr'><strong>lucemque</strong></span> <span class='ocrx_word' id='word_1_432' title='bbox 3532 424 3877 481; x_wconf 82' lang='lat' dir='ltr'><strong>arbitrantur</strong></span> 
     </span>
    </p>
   </div>
   <div class='ocr_carea' id='block_1_62' title="bbox 3805 314 3876 373">
    <p class='ocr_par' dir='ltr' id='par_1_62' title="bbox 3805 314 3876 373">
     <span class='ocr_line' id='line_1_62' title="bbox 3805 314 3876 373; baseline -0.028 0"><span class='ocrx_word' id='word_1_433' title='bbox 3805 314 3876 373; x_wconf 79' lang='grc'>96</span> 
     </span>
    </p>
   </div>
   <div class='ocr_carea' id='block_1_63' title="bbox 2284 519 2915 575">
    <p class='ocr_par' dir='ltr' id='par_1_63' title="bbox 2284 519 2915 575">
     <span class='ocr_line' id='line_1_63' title="bbox 2284 519 2915 575; baseline 0 -2"><span class='ocrx_word' id='word_1_434' title='bbox 2284 519 2678 574; x_wconf 88' lang='lat' dir='ltr'><strong>adversitatnm</strong></span> <span class='ocrx_word' id='word_1_435' title='bbox 2704 526 2915 575; x_wconf 89' lang='lat' dir='ltr'><strong>noctes.</strong></span> 
     </span>
    </p>
   </div>
   <div class='ocr_carea' id='block_1_64' title="bbox 2358 560 4069 680">
    <p class='ocr_par' dir='ltr' id='par_1_64' title="bbox 2358 560 4069 680">
     <span class='ocr_line' id='line_1_64' title="bbox 2358 560 4069 680; baseline 0.001 -12"><span class='ocrx_word' id='word_1_436' title='bbox 2358 613 2524 668; x_wconf 74' lang='lat' dir='ltr'><strong>Vnus.</strong></span> <span class='ocrx_word' id='word_1_437' title='bbox 2582 613 2802 680; x_wconf 65' lang='lat'><strong>15,14,</strong></span> <span class='ocrx_word' id='word_1_438' title='bbox 2855 612 2944 680; x_wconf 81' lang='grc'><strong>15,</strong></span> <span class='ocrx_word' id='word_1_439' title='bbox 2989 613 3075 669; x_wconf 83' lang='grc'><strong>16.</strong></span> <span class='ocrx_word' id='word_1_440' title='bbox 3101 590 3181 655; x_wconf 11' lang='grc' dir='ltr'><strong>-ν</strong></span> <span class='ocrx_word' id='word_1_441' title='bbox 3206 614 3273 670; x_wconf 86' lang='grc' dir='ltr'><strong>1η</strong></span> <span class='ocrx_word' id='word_1_442' title='bbox 3297 617 3520 672; x_wconf 83' lang='lat' dir='ltr'><strong>articulo</strong></span> <span class='ocrx_word' id='word_1_443' title='bbox 3571 618 3674 673; x_wconf 88' lang='lat' dir='ltr'><strong>diei</strong></span> <span class='ocrx_word' id='word_1_444' title='bbox 3730 618 3877 672; x_wconf 86' lang='lat' dir='ltr'><strong>illius</strong></span> 
     </span>
    </p>
   </div>
   <div class='ocr_carea' id='block_1_65' title="bbox 2282 701 3877 775">
    <p class='ocr_par' dir='ltr' id='par_1_65' title="bbox 2282 701 3877 775">
     <span class='ocr_line' id='line_1_65' title="bbox 2282 701 3877 775; baseline 0 -16"><span class='ocrx_word' id='word_1_445' title='bbox 2282 704 2549 774; x_wconf 86' lang='lat' dir='ltr'><strong>ingressus</strong></span> <span class='ocrx_word' id='word_1_446' title='bbox 2601 714 2675 758; x_wconf 88' lang='lat' dir='ltr'><strong>est</strong></span> <span class='ocrx_word' id='word_1_447' title='bbox 2726 701 2876 771; x_wconf 88' lang='lat' dir='ltr'><strong>Noe,</strong></span> <span class='ocrx_word' id='word_1_448' title='bbox 2933 720 3104 775; x_wconf 85' lang='lat' dir='ltr'><strong>usque</strong></span> <span class='ocrx_word' id='word_1_449' title='bbox 3156 706 3225 763; x_wconf 87' lang='lat' dir='ltr'><strong>ad</strong></span> <span class='ocrx_word' id='word_1_450' title='bbox 3273 707 3328 762; x_wconf 87' lang='lat' dir='ltr'><strong>id</strong></span> <span class='ocrx_word' id='word_1_451' title='bbox 3389 707 3479 763; x_wconf 89' lang='lat' dir='ltr'><strong>ubi</strong></span> <span class='ocrx_word' id='word_1_452' title='bbox 3530 707 3695 773; x_wconf 90' lang='lat' dir='ltr'><strong>dicit,</strong></span> <span class='ocrx_word' id='word_1_453' title='bbox 3740 708 3877 761; x_wconf 87' lang='lat' dir='ltr'><strong>sicut</strong></span> 
     </span>
    </p>
   </div>
   <div class='ocr_carea' id='block_1_66' title="bbox 2282 796 3877 867">
    <p class='ocr_par' dir='ltr' id='par_1_66' title="bbox 2282 796 3877 867">
     <span class='ocr_line' id='line_1_66' title="bbox 2282 796 3877 867; baseline 0.006 -18"><span class='ocrx_word' id='word_1_454' title='bbox 2282 805 2599 867; x_wconf 79' lang='lat' dir='ltr'><strong>prtvceperat</strong></span> <span class='ocrx_word' id='word_1_455' title='bbox 2633 797 2681 851; x_wconf 87' lang='lat' dir='ltr'><strong>ei</strong></span> <span class='ocrx_word' id='word_1_456' title='bbox 2708 796 2891 852; x_wconf 43' lang='lat' dir='ltr'><strong>Deus.’</strong></span> <span class='ocrx_word' id='word_1_457' title='bbox 2923 796 2992 852; x_wconf 87' lang='lat' dir='ltr'><strong>In</strong></span> <span class='ocrx_word' id='word_1_458' title='bbox 3022 797 3245 854; x_wconf 85' lang='lat' dir='ltr'><strong>articulo</strong></span> <span class='ocrx_word' id='word_1_459' title='bbox 3295 800 3400 855; x_wconf 88' lang='lat' dir='ltr'><strong>diei</strong></span> <span class='ocrx_word' id='word_1_460' title='bbox 3430 800 3595 867; x_wconf 88' lang='lat' dir='ltr'><strong>illius,</strong></span> <span class='ocrx_word' id='word_1_461' title='bbox 3623 800 3676 856; x_wconf 87' lang='lat' dir='ltr'><strong>id</strong></span> <span class='ocrx_word' id='word_1_462' title='bbox 3711 810 3797 857; x_wconf 70' lang='lat' dir='ltr'><strong>est</strong></span> <span class='ocrx_word' id='word_1_463' title='bbox 3822 802 3877 858; x_wconf 86' lang='lat' dir='ltr'><strong>in</strong></span> 
     </span>
    </p>
   </div>
   <div class='ocr_carea' id='block_1_67' title="bbox 2284 894 3880 969">
    <p class='ocr_par' dir='ltr' id='par_1_67' title="bbox 2284 894 3880 969">
     <span class='ocr_line' id='line_1_67' title="bbox 2284 894 3880 969; baseline 0.005 -20"><span class='ocrx_word' id='word_1_464' title='bbox 2284 894 2466 950; x_wconf 89' lang='lat' dir='ltr'><strong>subtili</strong></span> <span class='ocrx_word' id='word_1_465' title='bbox 2489 896 2733 950; x_wconf 90' lang='lat' dir='ltr'><strong>custodia</strong></span> <span class='ocrx_word' id='word_1_466' title='bbox 2758 896 2914 951; x_wconf 66' lang='lat' dir='ltr'><strong>bonae</strong></span> <span class='ocrx_word' id='word_1_467' title='bbox 2940 896 3240 955; x_wconf 81' lang='lat' dir='ltr'><strong>voluntatis</strong></span> <span class='ocrx_word' id='word_1_468' title='bbox 3277 908 3515 969; x_wconf 67' lang='lat' dir='ltr'><strong>experta:</strong></span> <span class='ocrx_word' id='word_1_469' title='bbox 3558 916 3623 955; x_wconf 90' lang='lat' dir='ltr'><strong>ac</strong></span> <span class='ocrx_word' id='word_1_470' title='bbox 3654 901 3880 957; x_wconf 65' lang='lat' dir='ltr'><strong>nutrita:</strong></span> 
     </span>
    </p>
   </div>
   <div class='ocr_carea' id='block_1_68' title="bbox 2285 987 3881 1060">
    <p class='ocr_par' dir='ltr' id='par_1_68' title="bbox 2285 987 3881 1060">
     <span class='ocr_line' id='line_1_68' title="bbox 2285 987 3881 1060; baseline 0.008 -20"><span class='ocrx_word' id='word_1_471' title='bbox 2285 988 2612 1058; x_wconf 90' lang='lat' dir='ltr'><strong>antiquitus,</strong></span> <span class='ocrx_word' id='word_1_472' title='bbox 2643 987 2760 1044; x_wconf 92' lang='lat' dir='ltr'><strong>Noe</strong></span> <span class='ocrx_word' id='word_1_473' title='bbox 2790 990 2991 1060; x_wconf 88' lang='lat' dir='ltr'><strong>quietis</strong></span> <span class='ocrx_word' id='word_1_474' title='bbox 3017 990 3194 1047; x_wconf 88' lang='lat' dir='ltr'><strong>cultor</strong></span> <span class='ocrx_word' id='word_1_475' title='bbox 3236 991 3487 1058; x_wconf 74' lang='lat' dir='ltr'><strong>internae,</strong></span> <span class='ocrx_word' id='word_1_476' title='bbox 3528 1007 3653 1049; x_wconf 89' lang='lat' dir='ltr'><strong>cum</strong></span> <span class='ocrx_word' id='word_1_477' title='bbox 3700 994 3881 1052; x_wconf 77' lang='lat' dir='ltr'><strong>tribus</strong></span> 
     </span>
    </p>
   </div>
   <div class='ocr_carea' id='block_1_69' title="bbox 2284 1080 3874 1154">
    <p class='ocr_par' dir='ltr' id='par_1_69' title="bbox 2284 1080 3874 1154">
     <span class='ocr_line' id='line_1_69' title="bbox 2284 1080 3874 1154; baseline 0.006 -21"><span class='ocrx_word' id='word_1_478' title='bbox 2284 1080 2674 1151; x_wconf 83' lang='lat' dir='ltr'><strong>principalibus</strong></span> <span class='ocrx_word' id='word_1_479' title='bbox 2731 1082 3037 1154; x_wconf 83' lang='lat' dir='ltr'><strong>ingreditur</strong></span> <span class='ocrx_word' id='word_1_480' title='bbox 3094 1084 3389 1141; x_wconf 89' lang='lat' dir='ltr'><strong>virtutibus</strong></span> <span class='ocrx_word' id='word_1_481' title='bbox 3437 1086 3874 1153; x_wconf 89' lang='lat' dir='ltr'><strong>conscientiam,</strong></span> 
     </span>
    </p>
   </div>
   <div class='ocr_carea' id='block_1_70' title="bbox 2284 1172 3881 1241">
    <p class='ocr_par' dir='ltr' id='par_1_70' title="bbox 2284 1172 3881 1241">
     <span class='ocr_line' id='line_1_70' title="bbox 2284 1172 3881 1241; baseline 0.007 -17"><span class='ocrx_word' id='word_1_482' title='bbox 2284 1186 2407 1225; x_wconf 90' lang='lat' dir='ltr'><strong>cum</strong></span> <span class='ocrx_word' id='word_1_483' title='bbox 2437 1188 2552 1227; x_wconf 87' lang='lat' dir='ltr'><strong>sua-</strong></span> <span class='ocrx_word' id='word_1_484' title='bbox 2584 1182 2638 1228; x_wconf 92' lang='lat' dir='ltr'><strong>et</strong></span> <span class='ocrx_word' id='word_1_485' title='bbox 2668 1172 2906 1229; x_wconf 80' lang='lat' dir='ltr'><strong>filiorum</strong></span> <span class='ocrx_word' id='word_1_486' title='bbox 2971 1175 3251 1241; x_wconf 78' lang='lat' dir='ltr'><strong>uxoribus,</strong></span> <span class='ocrx_word' id='word_1_487' title='bbox 3310 1176 3363 1232; x_wconf 92' lang='lat' dir='ltr'><strong>id</strong></span> <span class='ocrx_word' id='word_1_488' title='bbox 3413 1186 3494 1233; x_wconf 91' lang='lat' dir='ltr'><strong>est</strong></span> <span class='ocrx_word' id='word_1_489' title='bbox 3530 1193 3663 1233; x_wconf 91' lang='lat' dir='ltr'><strong>cum</strong></span> <span class='ocrx_word' id='word_1_490' title='bbox 3696 1193 3796 1234; x_wconf 89' lang='lat' dir='ltr'><strong>suo</strong></span> <span class='ocrx_word' id='word_1_491' title='bbox 3823 1186 3881 1237; x_wconf 85' lang='lat' dir='ltr'><strong>et</strong></span> 
     </span>
    </p>
   </div>
   <div class='ocr_carea' id='block_1_71' title="bbox 2284 1265 3881 1340">
    <p class='ocr_par' dir='ltr' id='par_1_71' title="bbox 2284 1265 3881 1340">
     <span class='ocr_line' id='line_1_71' title="bbox 2284 1265 3881 1340; baseline 0.006 -22"><span class='ocrx_word' id='word_1_492' title='bbox 2284 1265 2527 1319; x_wconf 91' lang='lat' dir='ltr'><strong>omnium</strong></span> <span class='ocrx_word' id='word_1_493' title='bbox 2563 1281 2787 1321; x_wconf 90' lang='lat' dir='ltr'><strong>suorum</strong></span> <span class='ocrx_word' id='word_1_494' title='bbox 2813 1282 3037 1339; x_wconf 89' lang='lat' dir='ltr'><strong>operum</strong></span> <span class='ocrx_word' id='word_1_495' title='bbox 3069 1267 3388 1339; x_wconf 76' lang='lat' dir='ltr'><strong>proficiendi</strong></span> <span class='ocrx_word' id='word_1_496' title='bbox 3422 1270 3700 1340; x_wconf 88' lang='lat' dir='ltr'><strong>appetitu;</strong></span> <span class='ocrx_word' id='word_1_497' title='bbox 3735 1269 3881 1327; x_wconf 78' lang='lat' dir='ltr'><strong>filius</strong></span> 
     </span>
    </p>
   </div>
   <div class='ocr_carea' id='block_1_72' title="bbox 2285 1355 3878 1430">
    <p class='ocr_par' dir='ltr' id='par_1_72' title="bbox 2285 1355 3878 1430">
     <span class='ocr_line' id='line_1_72' title="bbox 2285 1355 3878 1430; baseline 0.006 -21"><span class='ocrx_word' id='word_1_498' title='bbox 2285 1355 2431 1411; x_wconf 89' lang='lat' dir='ltr'><strong>enim</strong></span> <span class='ocrx_word' id='word_1_499' title='bbox 2478 1358 2598 1413; x_wconf 87' lang='lat' dir='ltr'><strong>sine</strong></span> <span class='ocrx_word' id='word_1_500' title='bbox 2649 1374 2821 1415; x_wconf 81' lang='lat' dir='ltr'><strong>uxore</strong></span> <span class='ocrx_word' id='word_1_501' title='bbox 2876 1370 2981 1427; x_wconf 87' lang='lat' dir='ltr'><strong>est,</strong></span> <span class='ocrx_word' id='word_1_502' title='bbox 3031 1360 3185 1430; x_wconf 90' lang='lat' dir='ltr'><strong>cujus</strong></span> <span class='ocrx_word' id='word_1_503' title='bbox 3234 1361 3475 1417; x_wconf 90' lang='lat' dir='ltr'><strong>studium</strong></span> <span class='ocrx_word' id='word_1_504' title='bbox 3530 1362 3599 1417; x_wconf 90' lang='lat' dir='ltr'><strong>ad</strong></span> <span class='ocrx_word' id='word_1_505' title='bbox 3651 1362 3878 1419; x_wconf 85' lang='lat' dir='ltr'><strong>meliora</strong></span> 
     </span>
    </p>
   </div>
   <div class='ocr_carea' id='block_1_73' title="bbox 2286 1448 3877 1525">
    <p class='ocr_par' dir='ltr' id='par_1_73' title="bbox 2286 1448 3877 1525">
     <span class='ocr_line' id='line_1_73' title="bbox 2286 1448 3877 1525; baseline 0.006 -24"><span class='ocrx_word' id='word_1_506' title='bbox 2286 1448 2554 1503; x_wconf 89' lang='lat' dir='ltr'><strong>intentum</strong></span> <span class='ocrx_word' id='word_1_507' title='bbox 2587 1457 2644 1504; x_wconf 89' lang='lat' dir='ltr'><strong>et</strong></span> <span class='ocrx_word' id='word_1_508' title='bbox 2680 1451 2935 1521; x_wconf 88' lang='lat' dir='ltr'><strong>cupidum</strong></span> <span class='ocrx_word' id='word_1_509' title='bbox 2989 1466 3096 1506; x_wconf 91' lang='lat' dir='ltr'><strong>non</strong></span> <span class='ocrx_word' id='word_1_510' title='bbox 3152 1460 3254 1508; x_wconf 90' lang='lat' dir='ltr'><strong>est.</strong></span> <span class='ocrx_word' id='word_1_511' title='bbox 3291 1453 3584 1520; x_wconf 85' lang='lat' dir='ltr'><strong>Animalia,</strong></span> <span class='ocrx_word' id='word_1_512' title='bbox 3631 1454 3877 1525; x_wconf 85' lang='lat' dir='ltr'><strong>jumenta</strong></span> 
     </span>
    </p>
   </div>
   <div class='ocr_carea' id='block_1_74' title="bbox 2285 1538 3879 1615">
    <p class='ocr_par' dir='ltr' id='par_1_74' title="bbox 2285 1538 3879 1615">
     <span class='ocr_line' id='line_1_74' title="bbox 2285 1538 3879 1615; baseline 0.005 -22"><span class='ocrx_word' id='word_1_513' title='bbox 2285 1546 2341 1593; x_wconf 86' lang='lat' dir='ltr'><strong>et</strong></span> <span class='ocrx_word' id='word_1_514' title='bbox 2365 1538 2718 1605; x_wconf 86' lang='lat' dir='ltr'><strong>volatilia,uti</strong></span> <span class='ocrx_word' id='word_1_515' title='bbox 2737 1542 2792 1595; x_wconf 91' lang='lat' dir='ltr'><strong>in</strong></span> <span class='ocrx_word' id='word_1_516' title='bbox 2820 1542 2996 1611; x_wconf 90' lang='lat' dir='ltr'><strong>primo</strong></span> <span class='ocrx_word' id='word_1_517' title='bbox 3021 1550 3347 1610; x_wconf 90' lang='lat' dir='ltr'><strong>tractatu,et</strong></span> <span class='ocrx_word' id='word_1_518' title='bbox 3376 1545 3429 1599; x_wconf 92' lang='lat' dir='ltr'><strong>in</strong></span> <span class='ocrx_word' id='word_1_519' title='bbox 3453 1544 3556 1600; x_wconf 89' lang='lat' dir='ltr'><strong>isto</strong></span> <span class='ocrx_word' id='word_1_520' title='bbox 3569 1545 3879 1615; x_wconf 84' lang='lat' dir='ltr'><strong>expositum</strong></span> 
     </span>
    </p>
   </div>
   <div class='ocr_carea' id='block_1_75' title="bbox 2286 1628 3880 1706">
    <p class='ocr_par' dir='ltr' id='par_1_75' title="bbox 2286 1628 3880 1706">
     <span class='ocr_line' id='line_1_75' title="bbox 2286 1628 3880 1706; baseline 0.007 -23"><span class='ocrx_word' id='word_1_521' title='bbox 2286 1635 2386 1684; x_wconf 91' lang='lat' dir='ltr'><strong>est.</strong></span> <span class='ocrx_word' id='word_1_522' title='bbox 2425 1628 2491 1683; x_wconf 88' lang='lat' dir='ltr'><strong>Et</strong></span> <span class='ocrx_word' id='word_1_523' title='bbox 2513 1630 2727 1685; x_wconf 85' lang='lat' dir='ltr'><strong>inclusit</strong></span> <span class='ocrx_word' id='word_1_524' title='bbox 2747 1648 2865 1687; x_wconf 91' lang='lat' dir='ltr'><strong>eum</strong></span> <span class='ocrx_word' id='word_1_525' title='bbox 2888 1632 3147 1689; x_wconf 81' lang='lat' dir='ltr'><strong>Dominus</strong></span> <span class='ocrx_word' id='word_1_526' title='bbox 3169 1636 3234 1689; x_wconf 82' lang='lat' dir='ltr'><strong>de</strong></span> <span class='ocrx_word' id='word_1_527' title='bbox 3254 1636 3407 1706; x_wconf 80' lang='lat' dir='ltr'><strong>foris,</strong></span> <span class='ocrx_word' id='word_1_528' title='bbox 3442 1637 3492 1692; x_wconf 89' lang='lat' dir='ltr'><strong>id</strong></span> <span class='ocrx_word' id='word_1_529' title='bbox 3535 1646 3619 1694; x_wconf 89' lang='lat' dir='ltr'><strong>est</strong></span> <span class='ocrx_word' id='word_1_530' title='bbox 3645 1638 3880 1694; x_wconf 90' lang='lat' dir='ltr'><strong>circum-</strong></span> 
     </span>
    </p>
   </div>
   <div class='ocr_carea' id='block_1_76' title="bbox 2288 1725 3875 1801">
    <p class='ocr_par' dir='ltr' id='par_1_76' title="bbox 2288 1725 3875 1801">
     <span class='ocr_line' id='line_1_76' title="bbox 2288 1725 3875 1801; baseline 0.004 -22"><span class='ocrx_word' id='word_1_531' title='bbox 2288 1725 2482 1779; x_wconf 87' lang='lat' dir='ltr'><strong>scribit</strong></span> <span class='ocrx_word' id='word_1_532' title='bbox 2512 1741 2612 1781; x_wconf 91' lang='lat' dir='ltr'><strong>nos</strong></span> <span class='ocrx_word' id='word_1_533' title='bbox 2638 1727 3047 1798; x_wconf 89' lang='lat' dir='ltr'><strong>Scripturarum</strong></span> <span class='ocrx_word' id='word_1_534' title='bbox 3078 1729 3277 1800; x_wconf 89' lang='lat' dir='ltr'><strong>ubique</strong></span> <span class='ocrx_word' id='word_1_535' title='bbox 3300 1729 3483 1796; x_wconf 88' lang='lat' dir='ltr'><strong>dictis,</strong></span> <span class='ocrx_word' id='word_1_536' title='bbox 3510 1745 3578 1785; x_wconf 88' lang='lat' dir='ltr'><strong>ne</strong></span> <span class='ocrx_word' id='word_1_537' title='bbox 3626 1746 3727 1801; x_wconf 90' lang='lat' dir='ltr'><strong>pro</strong></span> <span class='ocrx_word' id='word_1_538' title='bbox 3776 1731 3875 1787; x_wconf 86' lang='lat' dir='ltr'><strong>ali-</strong></span> 
     </span>
    </p>
   </div>
   <div class='ocr_carea' id='block_1_77' title="bbox 2292 1816 3882 1892">
    <p class='ocr_par' dir='ltr' id='par_1_77' title="bbox 2292 1816 3882 1892">
     <span class='ocr_line' id='line_1_77' title="bbox 2292 1816 3882 1892; baseline 0.008 -22"><span class='ocrx_word' id='word_1_539' title='bbox 2292 1817 2488 1886; x_wconf 74' lang='lat' dir='ltr'><strong>quibus</strong></span> <span class='ocrx_word' id='word_1_540' title='bbox 2511 1816 2737 1876; x_wconf 85' lang='lat' dir='ltr'><strong>forsitan</strong></span> <span class='ocrx_word' id='word_1_541' title='bbox 2765 1821 2932 1890; x_wconf 90' lang='lat' dir='ltr'><strong>probe</strong></span> <span class='ocrx_word' id='word_1_542' title='bbox 2954 1821 3122 1892; x_wconf 88' lang='lat' dir='ltr'><strong>gestis</strong></span> <span class='ocrx_word' id='word_1_543' title='bbox 3155 1820 3396 1877; x_wconf 80' lang='lat' dir='ltr'><strong>feramur</strong></span> <span class='ocrx_word' id='word_1_544' title='bbox 3415 1832 3571 1878; x_wconf 81' lang='lat' dir='ltr'><strong>extra</strong></span> <span class='ocrx_word' id='word_1_545' title='bbox 3592 1839 3694 1881; x_wconf 90' lang='lat' dir='ltr'><strong>nos</strong></span> <span class='ocrx_word' id='word_1_546' title='bbox 3718 1832 3882 1882; x_wconf 90' lang='lat' dir='ltr'><strong>vento</strong></span> 
     </span>
    </p>
   </div>
   <div class='ocr_carea' id='block_1_78' title="bbox 2293 1905 3879 1984">
    <p class='ocr_par' dir='ltr' id='par_1_78' title="bbox 2293 1905 3879 1984">
     <span class='ocr_line' id='line_1_78' title="bbox 2293 1905 3879 1984; baseline 0.006 -22"><span class='ocrx_word' id='word_1_547' title='bbox 2293 1905 2594 1980; x_wconf 74' lang='lat' dir='ltr'><strong>ettjuSpiam</strong></span> <span class='ocrx_word' id='word_1_548' title='bbox 2633 1911 2925 1979; x_wconf 89' lang='lat' dir='ltr'><strong>vanitatis;</strong></span> <span class='ocrx_word' id='word_1_549' title='bbox 2954 1912 3017 1967; x_wconf 86' lang='lat' dir='ltr'><strong>de</strong></span> <span class='ocrx_word' id='word_1_550' title='bbox 3046 1914 3177 1983; x_wconf 83' lang='lat' dir='ltr'><strong>[oris</strong></span> <span class='ocrx_word' id='word_1_551' title='bbox 3204 1923 3405 1981; x_wconf 91' lang='lat' dir='ltr'><strong>autem,</strong></span> <span class='ocrx_word' id='word_1_552' title='bbox 3431 1914 3560 1984; x_wconf 89' lang='lat' dir='ltr'><strong>quia</strong></span> <span class='ocrx_word' id='word_1_553' title='bbox 3591 1915 3660 1970; x_wconf 92' lang='lat' dir='ltr'><strong>ab</strong></span> <span class='ocrx_word' id='word_1_554' title='bbox 3688 1929 3879 1972; x_wconf 85' lang='lat' dir='ltr'><strong>eorum</strong></span> 
     </span>
    </p>
   </div>
   <div class='ocr_carea' id='block_1_79' title="bbox 2292 1999 3886 2075">
    <p class='ocr_par' dir='ltr' id='par_1_79' title="bbox 2292 1999 3886 2075">
     <span class='ocr_line' id='line_1_79' title="bbox 2292 1999 3886 2075; baseline 0.004 -20"><span class='ocrx_word' id='word_1_555' title='bbox 2292 1999 2557 2067; x_wconf 80' lang='lat' dir='ltr'><strong>omnium,</strong></span> <span class='ocrx_word' id='word_1_556' title='bbox 2582 2017 2702 2071; x_wconf 82' lang='lat' dir='ltr'><strong>quae</strong></span> <span class='ocrx_word' id='word_1_557' title='bbox 2731 2002 2904 2058; x_wconf 89' lang='lat' dir='ltr'><strong>oculis</strong></span> <span class='ocrx_word' id='word_1_558' title='bbox 2943 2003 3304 2060; x_wconf 86' lang='lat' dir='ltr'><strong>materialiter</strong></span> <span class='ocrx_word' id='word_1_559' title='bbox 3328 2004 3635 2075; x_wconf 87' lang='lat' dir='ltr'><strong>subjacent,</strong></span> <span class='ocrx_word' id='word_1_560' title='bbox 3683 2019 3886 2062; x_wconf 85' lang='lat' dir='ltr'><strong>concu-</strong></span> 
     </span>
    </p>
   </div>
   <div class='ocr_carea' id='block_1_80' title="bbox 2291 2095 2882 2166">
    <p class='ocr_par' dir='ltr' id='par_1_80' title="bbox 2291 2095 2882 2166">
     <span class='ocr_line' id='line_1_80' title="bbox 2291 2095 2882 2166; baseline -0.005 -14"><span class='ocrx_word' id='word_1_561' title='bbox 2291 2095 2555 2166; x_wconf 84' lang='lat' dir='ltr'><strong>piscentia</strong></span> <span class='ocrx_word' id='word_1_562' title='bbox 2584 2111 2684 2151; x_wconf 91' lang='lat' dir='ltr'><strong>nos</strong></span> <span class='ocrx_word' id='word_1_563' title='bbox 2710 2105 2882 2153; x_wconf 90' lang='lat' dir='ltr'><strong>arcet.</strong></span> 
     </span>
    </p>
   </div>
   <div class='ocr_carea' id='block_1_81' title="bbox 2367 2186 3886 2263">
    <p class='ocr_par' dir='ltr' id='par_1_81' title="bbox 2367 2186 3886 2263">
     <span class='ocr_line' id='line_1_81' title="bbox 2367 2186 3886 2263; baseline 0 -16"><span class='ocrx_word' id='word_1_564' title='bbox 2367 2192 2531 2247; x_wconf 71' lang='lat' dir='ltr'><strong>Vens.</strong></span> <span class='ocrx_word' id='word_1_565' title='bbox 2563 2188 2656 2254; x_wconf 79' lang='lat' dir='ltr'><strong>l7,</strong></span> <span class='ocrx_word' id='word_1_566' title='bbox 2684 2188 2769 2243; x_wconf 78' lang='grc'><strong>18.</strong></span> <span class='ocrx_word' id='word_1_567' title='bbox 2802 2216 2873 2228; x_wconf 89' lang='lat'><strong>--</strong></span> <span class='ocrx_word' id='word_1_568' title='bbox 2902 2186 3235 2260; x_wconf 83' lang='lat' dir='ltr'><strong>Factumque</strong></span> <span class='ocrx_word' id='word_1_569' title='bbox 3258 2197 3335 2244; x_wconf 89' lang='lat' dir='ltr'><strong>est</strong></span> <span class='ocrx_word' id='word_1_570' title='bbox 3371 2188 3628 2245; x_wconf 82' lang='lat' dir='ltr'><strong>diluvium</strong></span> <span class='ocrx_word' id='word_1_571' title='bbox 3653 2193 3886 2263; x_wconf 82' lang='lat' dir='ltr'><strong>quadra-</strong></span> 
     </span>
    </p>
   </div>
   <div class='ocr_carea' id='block_1_82' title="bbox 2293 2278 3875 2353">
    <p class='ocr_par' dir='ltr' id='par_1_82' title="bbox 2293 2278 3875 2353">
     <span class='ocr_line' id='line_1_82' title="bbox 2293 2278 3875 2353; baseline 0.002 -18"><span class='ocrx_word' id='word_1_572' title='bbox 2293 2283 2438 2353; x_wconf 86' lang='lat' dir='ltr'><strong>ginta</strong></span> <span class='ocrx_word' id='word_1_573' title='bbox 2453 2280 2654 2345; x_wconf 88' lang='lat' dir='ltr'><strong>diebus,</strong></span> <span class='ocrx_word' id='word_1_574' title='bbox 2670 2278 2778 2351; x_wconf 70' lang='grc'><strong>45</strong></span> <span class='ocrx_word' id='word_1_575' title='bbox 2790 2290 2847 2353; x_wconf 82' lang='lat' dir='ltr'><strong>et</strong></span> <span class='ocrx_word' id='word_1_576' title='bbox 2861 2280 3211 2350; x_wconf 83' lang='lat' dir='ltr'><strong>quadraginta</strong></span> <span class='ocrx_word' id='word_1_577' title='bbox 3234 2281 3640 2353; x_wconf 84' lang='lat' dir='ltr'><strong>noctibus&#39;super</strong></span> <span class='ocrx_word' id='word_1_578' title='bbox 3659 2293 3875 2351; x_wconf 89' lang='lat' dir='ltr'><strong>terram,</strong></span> 
     </span>
    </p>
   </div>
   <div class='ocr_carea' id='block_1_83' title="bbox 2294 2370 3890 2443">
    <p class='ocr_par' dir='ltr' id='par_1_83' title="bbox 2294 2370 3890 2443">
     <span class='ocr_line' id='line_1_83' title="bbox 2294 2370 3890 2443; baseline -0.001 -15"><span class='ocrx_word' id='word_1_579' title='bbox 2294 2384 2344 2429; x_wconf 90' lang='lat' dir='ltr'><strong>et</strong></span> <span class='ocrx_word' id='word_1_580' title='bbox 2378 2372 2741 2443; x_wconf 76' lang='lat' dir='ltr'><strong>multiplicata:</strong></span> <span class='ocrx_word' id='word_1_581' title='bbox 2777 2380 2899 2425; x_wconf 87' lang='lat' dir='ltr'><strong>sunt</strong></span> <span class='ocrx_word' id='word_1_582' title='bbox 2952 2387 3124 2441; x_wconf 81' lang='lat' dir='ltr'><strong>aquw,</strong></span> <span class='ocrx_word' id='word_1_583' title='bbox 3150 2380 3199 2425; x_wconf 84' lang='lat' dir='ltr'><strong>et</strong></span> <span class='ocrx_word' id='word_1_584' title='bbox 3249 2370 3576 2427; x_wconf 85' lang='lat' dir='ltr'><strong>elevaverunt</strong></span> <span class='ocrx_word' id='word_1_585' title='bbox 3609 2390 3787 2428; x_wconf 85' lang='lat' dir='ltr'><strong>arcam</strong></span> <span class='ocrx_word' id='word_1_586' title='bbox 3834 2375 3890 2429; x_wconf 80' lang='lat' dir='ltr'><strong>in</strong></span> 
     </span>
    </p>
   </div>
   <div class='ocr_carea' id='block_1_84' title="bbox 2295 2464 3888 2532">
    <p class='ocr_par' dir='ltr' id='par_1_84' title="bbox 2295 2464 3888 2532">
     <span class='ocr_line' id='line_1_84' title="bbox 2295 2464 3888 2532; baseline 0 -12"><span class='ocrx_word' id='word_1_587' title='bbox 2295 2466 2518 2521; x_wconf 84' lang='lat' dir='ltr'><strong>sublime</strong></span> <span class='ocrx_word' id='word_1_588' title='bbox 2548 2483 2580 2519; x_wconf 91' lang='lat' dir='ltr'><strong>a</strong></span> <span class='ocrx_word' id='word_1_589' title='bbox 2606 2475 2744 2519; x_wconf 86' lang='lat' dir='ltr'><strong>terra</strong></span> <span class='ocrx_word' id='word_1_590' title='bbox 2775 2480 2795 2530; x_wconf 87' lang='lat'><strong><em>;</em></strong></span> <span class='ocrx_word' id='word_1_591' title='bbox 2823 2464 3147 2518; x_wconf 83' lang='lat' dir='ltr'><strong>vehementer</strong></span> <span class='ocrx_word' id='word_1_592' title='bbox 3168 2465 3579 2532; x_wconf 81' lang='lat' dir='ltr'><strong>inundaverant,</strong></span> <span class='ocrx_word' id='word_1_593' title='bbox 3636 2475 3683 2521; x_wconf 86' lang='lat' dir='ltr'><strong>et</strong></span> <span class='ocrx_word' id='word_1_594' title='bbox 3713 2467 3888 2521; x_wconf 88' lang='lat' dir='ltr'><strong>omnia</strong></span> 
     </span>
    </p>
   </div>
   <div class='ocr_carea' id='block_1_85' title="bbox 2297 2554 3886 2627">
    <p class='ocr_par' dir='ltr' id='par_1_85' title="bbox 2297 2554 3886 2627">
     <span class='ocr_line' id='line_1_85' title="bbox 2297 2554 3886 2627; baseline 0.001 -17"><span class='ocrx_word' id='word_1_595' title='bbox 2297 2556 2621 2627; x_wconf 84' lang='lat' dir='ltr'><strong>repleverunt</strong></span> <span class='ocrx_word' id='word_1_596' title='bbox 2686 2554 2743 2608; x_wconf 87' lang='lat' dir='ltr'><strong>in</strong></span> <span class='ocrx_word' id='word_1_597' title='bbox 2801 2554 3076 2625; x_wconf 78' lang='lat' dir='ltr'><strong>superﬁcie</strong></span> <span class='ocrx_word' id='word_1_598' title='bbox 3141 2564 3319 2610; x_wconf 66' lang='lat' dir='ltr'><strong>terras.</strong></span> <span class='ocrx_word' id='word_1_599' title='bbox 3373 2554 3508 2612; x_wconf 89' lang='lat' dir='ltr'><strong>Cum</strong></span> <span class='ocrx_word' id='word_1_600' title='bbox 3578 2557 3635 2613; x_wconf 91' lang='lat' dir='ltr'><strong>in</strong></span> <span class='ocrx_word' id='word_1_601' title='bbox 3684 2566 3886 2613; x_wconf 87' lang='lat' dir='ltr'><strong>tantum</strong></span> 
     </span>
    </p>
   </div>
   <div class='ocr_carea' id='block_1_86' title="bbox 2298 2645 3883 2717">
    <p class='ocr_par' dir='ltr' id='par_1_86' title="bbox 2298 2645 3883 2717">
     <span class='ocr_line' id='line_1_86' title="bbox 2298 2645 3883 2717; baseline 0.001 -14"><span class='ocrx_word' id='word_1_602' title='bbox 2298 2663 2456 2703; x_wconf 77' lang='lat' dir='ltr'><strong>mens</strong></span> <span class='ocrx_word' id='word_1_603' title='bbox 2482 2655 2669 2703; x_wconf 83' lang='lat' dir='ltr'><strong>nostra</strong></span> <span class='ocrx_word' id='word_1_604' title='bbox 2698 2645 2982 2717; x_wconf 76' lang='lat' dir='ltr'><strong>sapientiae</strong></span> <span class='ocrx_word' id='word_1_605' title='bbox 3026 2645 3247 2705; x_wconf 85' lang='lat' dir='ltr'><strong>ﬂuentis</strong></span> <span class='ocrx_word' id='word_1_606' title='bbox 3285 2645 3530 2717; x_wconf 89' lang='lat' dir='ltr'><strong>alluitur,</strong></span> <span class='ocrx_word' id='word_1_607' title='bbox 3553 2655 3615 2705; x_wconf 89' lang='lat' dir='ltr'><strong>ut</strong></span> <span class='ocrx_word' id='word_1_608' title='bbox 3653 2664 3685 2704; x_wconf 90' lang='lat' dir='ltr'><strong>a</strong></span> <span class='ocrx_word' id='word_1_609' title='bbox 3737 2649 3883 2707; x_wconf 84' lang='lat' dir='ltr'><strong>nobis</strong></span> 
     </span>
    </p>
   </div>
   <div class='ocr_carea' id='block_1_87' title="bbox 2298 2742 2664 2813">
    <p class='ocr_par' dir='ltr' id='par_1_87' title="bbox 2298 2742 2664 2813">
     <span class='ocr_line' id='line_1_87' title="bbox 2298 2742 2664 2813; baseline -0.011 -14"><span class='ocrx_word' id='word_1_610' title='bbox 2298 2742 2664 2813; x_wconf 81' lang='lat' dir='ltr'><strong>compleatur:</strong></span> 
     </span>
    </p>
   </div>
   <div class='ocr_carea' id='block_1_88' title="bbox 3458 2835 3852 2909">
    <p class='ocr_par' dir='ltr' id='par_1_88' title="bbox 3458 2835 3852 2909">
     <span class='ocr_line' id='line_1_88' title="bbox 3458 2835 3852 2909; baseline 0 -16"><span class='ocrx_word' id='word_1_611' title='bbox 3458 2835 3675 2893; x_wconf 85' lang='lat' dir='ltr'><strong>Gaudia</strong></span> <span class='ocrx_word' id='word_1_612' title='bbox 3699 2837 3852 2909; x_wconf 83' lang='lat' dir='ltr'><strong>pelle.</strong></span> 
     </span>
    </p>
   </div>
   <div class='ocr_carea' id='block_1_89' title="bbox 2305 2926 3779 3003">
    <p class='ocr_par' dir='ltr' id='par_1_89' title="bbox 2305 2926 3779 3003">
     <span class='ocr_line' id='line_1_89' title="bbox 2305 2926 3779 3003; baseline 0.001 -21"><span class='ocrx_word' id='word_1_613' title='bbox 2305 2926 2478 2999; x_wconf 70' lang='lat' dir='ltr'><strong>[Pelle</strong></span> <span class='ocrx_word' id='word_1_614' title='bbox 2501 2928 2759 2995; x_wconf 84' lang='lat' dir='ltr'><strong>timorem,</strong></span> <span class='ocrx_word' id='word_1_615' title='bbox 2785 2943 2878 2984; x_wconf 88' lang='lat' dir='ltr'><strong>nec</strong></span> <span class='ocrx_word' id='word_1_616' title='bbox 2907 2926 3060 2983; x_wconf 86' lang='lat' dir='ltr'><strong>dolor</strong></span> <span class='ocrx_word' id='word_1_617' title='bbox 3089 2927 3251 2996; x_wconf 87' lang='lat' dir='ltr'><strong>adsit,</strong></span> <span class='ocrx_word' id='word_1_618' title='bbox 3280 2945 3524 3001; x_wconf 87' lang='lat' dir='ltr'><strong>spemque</strong></span> <span class='ocrx_word' id='word_1_619' title='bbox 3548 2927 3779 3003; x_wconf 54' lang='lat' dir='ltr'><strong>fugata]</strong></span> 
     </span>
    </p>
   </div>
   <div class='ocr_carea' id='block_1_90' title="bbox 2375 3018 3894 3093">
    <p class='ocr_par' dir='ltr' id='par_1_90' title="bbox 2375 3018 3894 3093">
     <span class='ocr_line' id='line_1_90' title="bbox 2375 3018 3894 3093; baseline 0.002 -19"><span class='ocrx_word' id='word_1_620' title='bbox 2375 3019 2530 3087; x_wconf 85' lang='lat' dir='ltr'><strong>Quod</strong></span> <span class='ocrx_word' id='word_1_621' title='bbox 2571 3032 2718 3090; x_wconf 67' lang='lat' dir='ltr'><strong>saape</strong></span> <span class='ocrx_word' id='word_1_622' title='bbox 2774 3018 3016 3075; x_wconf 81' lang='lat' dir='ltr'><strong>diximus</strong></span> <span class='ocrx_word' id='word_1_623' title='bbox 3047 3018 3199 3074; x_wconf 90' lang='lat' dir='ltr'><strong>innui</strong></span> <span class='ocrx_word' id='word_1_624' title='bbox 3250 3033 3348 3090; x_wconf 88' lang='lat' dir='ltr'><strong>per</strong></span> <span class='ocrx_word' id='word_1_625' title='bbox 3391 3020 3746 3093; x_wconf 79' lang='lat' dir='ltr'><strong>quadraginta</strong></span> <span class='ocrx_word' id='word_1_626' title='bbox 3776 3020 3894 3077; x_wconf 83' lang='lat' dir='ltr'><strong>dies</strong></span> 
     </span>
    </p>
   </div>
   <div class='ocr_carea' id='block_1_91' title="bbox 2304 3109 3890 3183">
    <p class='ocr_par' dir='ltr' id='par_1_91' title="bbox 2304 3109 3890 3183">
     <span class='ocr_line' id='line_1_91' title="bbox 2304 3109 3890 3183; baseline 0.001 -17"><span class='ocrx_word' id='word_1_627' title='bbox 2304 3120 2359 3167; x_wconf 88' lang='lat' dir='ltr'><strong>et</strong></span> <span class='ocrx_word' id='word_1_628' title='bbox 2380 3119 2611 3177; x_wconf 89' lang='lat' dir='ltr'><strong>noctes;</strong></span> <span class='ocrx_word' id='word_1_629' title='bbox 2676 3110 3109 3181; x_wconf 88' lang='lat' dir='ltr'><strong>multiplicantur</strong></span> <span class='ocrx_word' id='word_1_630' title='bbox 3136 3109 3423 3167; x_wconf 88' lang='lat' dir='ltr'><strong>inferiores</strong></span> <span class='ocrx_word' id='word_1_631' title='bbox 3461 3126 3524 3168; x_wconf 91' lang='lat' dir='ltr'><strong>ac</strong></span> <span class='ocrx_word' id='word_1_632' title='bbox 3561 3113 3890 3183; x_wconf 87' lang='lat' dir='ltr'><strong>superiores,</strong></span> 
     </span>
    </p>
   </div>
   <div class='ocr_carea' id='block_1_92' title="bbox 2305 3203 3894 3279">
    <p class='ocr_par' dir='ltr' id='par_1_92' title="bbox 2305 3203 3894 3279">
     <span class='ocr_line' id='line_1_92' title="bbox 2305 3203 3894 3279; baseline -0.002 -19"><span class='ocrx_word' id='word_1_633' title='bbox 2305 3205 2505 3279; x_wconf 75' lang='lat' dir='ltr'><strong>quibus</strong></span> <span class='ocrx_word' id='word_1_634' title='bbox 2549 3203 2753 3260; x_wconf 90' lang='lat' dir='ltr'><strong>scimus</strong></span> <span class='ocrx_word' id='word_1_635' title='bbox 2792 3212 2848 3258; x_wconf 88' lang='lat' dir='ltr'><strong>et</strong></span> <span class='ocrx_word' id='word_1_636' title='bbox 2897 3203 3161 3273; x_wconf 88' lang='lat' dir='ltr'><strong>sapimus,</strong></span> <span class='ocrx_word' id='word_1_637' title='bbox 3191 3218 3388 3274; x_wconf 61' lang='lat' dir='ltr'><strong>aquai;</strong></span> <span class='ocrx_word' id='word_1_638' title='bbox 3424 3213 3477 3259; x_wconf 90' lang='lat' dir='ltr'><strong>et</strong></span> <span class='ocrx_word' id='word_1_639' title='bbox 3519 3219 3584 3259; x_wconf 80' lang='lat' dir='ltr'><strong>ex</strong></span> <span class='ocrx_word' id='word_1_640' title='bbox 3613 3203 3694 3258; x_wconf 93' lang='lat' dir='ltr'><strong>sui</strong></span> <span class='ocrx_word' id='word_1_641' title='bbox 3718 3203 3894 3273; x_wconf 88' lang='lat' dir='ltr'><strong>ipsius</strong></span> 
     </span>
    </p>
   </div>
   <div class='ocr_carea' id='block_1_93' title="bbox 2305 3293 3894 3367">
    <p class='ocr_par' dir='ltr' id='par_1_93' title="bbox 2305 3293 3894 3367">
     <span class='ocr_line' id='line_1_93' title="bbox 2305 3293 3894 3367; baseline -0.001 -15"><span class='ocrx_word' id='word_1_642' title='bbox 2305 3296 2500 3367; x_wconf 88' lang='lat' dir='ltr'><strong>notitia</strong></span> <span class='ocrx_word' id='word_1_643' title='bbox 2526 3294 2595 3350; x_wconf 91' lang='lat' dir='ltr'><strong>ad</strong></span> <span class='ocrx_word' id='word_1_644' title='bbox 2624 3295 2858 3352; x_wconf 90' lang='lat' dir='ltr'><strong>videnda</strong></span> <span class='ocrx_word' id='word_1_645' title='bbox 2890 3295 3073 3350; x_wconf 88' lang='lat' dir='ltr'><strong>divina</strong></span> <span class='ocrx_word' id='word_1_646' title='bbox 3110 3308 3471 3366; x_wconf 87' lang='lat' dir='ltr'><strong>progressam,</strong></span> <span class='ocrx_word' id='word_1_647' title='bbox 3503 3293 3654 3365; x_wconf 88' lang='lat' dir='ltr'><strong>quasi</strong></span> <span class='ocrx_word' id='word_1_648' title='bbox 3673 3293 3894 3350; x_wconf 90' lang='lat' dir='ltr'><strong>duabus</strong></span> 
     </span>
    </p>
   </div>
   <div class='ocr_carea' id='block_1_94' title="bbox 2307 3385 3897 3458">
    <p class='ocr_par' dir='ltr' id='par_1_94' title="bbox 2307 3385 3897 3458">
     <span class='ocr_line' id='line_1_94' title="bbox 2307 3385 3897 3458; baseline -0.005 -11"><span class='ocrx_word' id='word_1_649' title='bbox 2307 3391 2428 3458; x_wconf 86' lang='lat' dir='ltr'><strong>alis,</strong></span> <span class='ocrx_word' id='word_1_650' title='bbox 2482 3391 2678 3446; x_wconf 89' lang='lat' dir='ltr'><strong>timore</strong></span> <span class='ocrx_word' id='word_1_651' title='bbox 2706 3388 2965 3445; x_wconf 88' lang='lat' dir='ltr'><strong>videlicet</strong></span> <span class='ocrx_word' id='word_1_652' title='bbox 2991 3388 3101 3455; x_wconf 89' lang='lat' dir='ltr'><strong>sui,</strong></span> <span class='ocrx_word' id='word_1_653' title='bbox 3132 3396 3188 3443; x_wconf 90' lang='lat' dir='ltr'><strong>et</strong></span> <span class='ocrx_word' id='word_1_654' title='bbox 3216 3402 3403 3445; x_wconf 89' lang='lat' dir='ltr'><strong>amore</strong></span> <span class='ocrx_word' id='word_1_655' title='bbox 3439 3387 3556 3453; x_wconf 88' lang='lat' dir='ltr'><strong>Dei,</strong></span> <span class='ocrx_word' id='word_1_656' title='bbox 3578 3385 3643 3441; x_wconf 86' lang='lat' dir='ltr'><strong>ad</strong></span> <span class='ocrx_word' id='word_1_657' title='bbox 3681 3395 3897 3442; x_wconf 83' lang='lat' dir='ltr'><strong>aeterna</strong></span> 
     </span>
    </p>
   </div>
   <div class='ocr_carea' id='block_1_95' title="bbox 2307 3478 3897 3555">
    <p class='ocr_par' dir='ltr' id='par_1_95' title="bbox 2307 3478 3897 3555">
     <span class='ocr_line' id='line_1_95' title="bbox 2307 3478 3897 3555; baseline -0.004 -16"><span class='ocrx_word' id='word_1_658' title='bbox 2307 3482 2599 3555; x_wconf 85' lang='lat' dir='ltr'><strong>quaerenda</strong></span> <span class='ocrx_word' id='word_1_659' title='bbox 2646 3482 2798 3539; x_wconf 90' lang='lat' dir='ltr'><strong>omni</strong></span> <span class='ocrx_word' id='word_1_660' title='bbox 2847 3480 3161 3553; x_wconf 90' lang='lat' dir='ltr'><strong>posthabita</strong></span> <span class='ocrx_word' id='word_1_661' title='bbox 3209 3479 3532 3536; x_wconf 89' lang='lat' dir='ltr'><strong>terrenitate</strong></span> <span class='ocrx_word' id='word_1_662' title='bbox 3560 3478 3897 3550; x_wconf 89' lang='lat' dir='ltr'><strong>suspendunt</strong></span> 
     </span>
    </p>
   </div>
   <div class='ocr_carea' id='block_1_96' title="bbox 2309 3568 3894 3643">
    <p class='ocr_par' dir='ltr' id='par_1_96' title="bbox 2309 3568 3894 3643">
     <span class='ocr_line' id='line_1_96' title="bbox 2309 3568 3894 3643; baseline -0.005 -12"><span class='ocrx_word' id='word_1_663' title='bbox 2309 3578 2582 3641; x_wconf 89' lang='lat' dir='ltr'><strong>animam;</strong></span> <span class='ocrx_word' id='word_1_664' title='bbox 2615 3582 2669 3629; x_wconf 87' lang='lat' dir='ltr'><strong>et</strong></span> <span class='ocrx_word' id='word_1_665' title='bbox 2694 3574 2747 3628; x_wconf 91' lang='lat' dir='ltr'><strong>in</strong></span> <span class='ocrx_word' id='word_1_666' title='bbox 2769 3580 2983 3628; x_wconf 91' lang='lat' dir='ltr'><strong>tantum</strong></span> <span class='ocrx_word' id='word_1_667' title='bbox 3006 3588 3107 3628; x_wconf 90' lang='lat' dir='ltr'><strong>usu</strong></span> <span class='ocrx_word' id='word_1_668' title='bbox 3134 3571 3494 3643; x_wconf 84' lang='lat' dir='ltr'><strong>cogitationis,</strong></span> <span class='ocrx_word' id='word_1_669' title='bbox 3515 3580 3571 3627; x_wconf 95' lang='lat' dir='ltr'><strong>et</strong></span> <span class='ocrx_word' id='word_1_670' title='bbox 3591 3568 3894 3626; x_wconf 85' lang='lat' dir='ltr'><strong>dilectionis</strong></span> 
     </span>
    </p>
   </div>
   <div class='ocr_carea' id='block_1_97' title="bbox 2312 3658 3895 3739">
    <p class='ocr_par' dir='ltr' id='par_1_97' title="bbox 2312 3658 3895 3739">
     <span class='ocr_line' id='line_1_97' title="bbox 2312 3658 3895 3739; baseline -0.007 -15"><span class='ocrx_word' id='word_1_671' title='bbox 2312 3668 2635 3733; x_wconf 77' lang='lat' dir='ltr'><strong>exuberant,</strong></span> <span class='ocrx_word' id='word_1_672' title='bbox 2669 3673 2730 3721; x_wconf 90' lang='lat' dir='ltr'><strong>ut</strong></span> <span class='ocrx_word' id='word_1_673' title='bbox 2752 3664 3019 3735; x_wconf 89' lang='lat' dir='ltr'><strong>quidquid</strong></span> <span class='ocrx_word' id='word_1_674' title='bbox 3044 3663 3336 3734; x_wconf 90' lang='lat' dir='ltr'><strong>loquimur,</strong></span> <span class='ocrx_word' id='word_1_675' title='bbox 3369 3661 3634 3732; x_wconf 90' lang='lat' dir='ltr'><strong>quidquid</strong></span> <span class='ocrx_word' id='word_1_676' title='bbox 3664 3658 3895 3739; x_wconf 80' lang='lat' dir='ltr'><strong>denique</strong></span> 
     </span>
    </p>
   </div>
   <div class='ocr_carea' id='block_1_98' title="bbox 2310 3753 3887 3828">
    <p class='ocr_par' dir='ltr' id='par_1_98' title="bbox 2310 3753 3887 3828">
     <span class='ocr_line' id='line_1_98' title="bbox 2310 3753 3887 3828; baseline -0.007 -12"><span class='ocrx_word' id='word_1_677' title='bbox 2310 3764 2369 3817; x_wconf 88' lang='lat' dir='ltr'><strong>in</strong></span> <span class='ocrx_word' id='word_1_678' title='bbox 2402 3758 2673 3828; x_wconf 83' lang='lat' dir='ltr'><strong>superﬁcie</strong></span> <span class='ocrx_word' id='word_1_679' title='bbox 2727 3768 2901 3822; x_wconf 81' lang='lat' dir='ltr'><strong>teme,</strong></span> <span class='ocrx_word' id='word_1_680' title='bbox 2936 3756 2988 3812; x_wconf 91' lang='lat' dir='ltr'><strong>id</strong></span> <span class='ocrx_word' id='word_1_681' title='bbox 3046 3766 3129 3812; x_wconf 84' lang='lat' dir='ltr'><strong>est</strong></span> <span class='ocrx_word' id='word_1_682' title='bbox 3174 3754 3553 3812; x_wconf 87' lang='lat' dir='ltr'><strong>sensualitatis</strong></span> <span class='ocrx_word' id='word_1_683' title='bbox 3600 3753 3887 3816; x_wconf 77' lang='lat' dir='ltr'><strong>efﬁcimus,</strong></span> 
     </span>
    </p>
   </div>
   <div class='ocr_carea' id='block_1_99' title="bbox 2311 3842 3897 3921">
    <p class='ocr_par' dir='ltr' id='par_1_99' title="bbox 2311 3842 3897 3921">
     <span class='ocr_line' id='line_1_99' title="bbox 2311 3842 3897 3921; baseline -0.008 -13"><span class='ocrx_word' id='word_1_684' title='bbox 2311 3853 2391 3908; x_wconf 90' lang='lat' dir='ltr'><strong>nil</strong></span> <span class='ocrx_word' id='word_1_685' title='bbox 2423 3852 2568 3907; x_wconf 89' lang='lat' dir='ltr'><strong>aliud</strong></span> <span class='ocrx_word' id='word_1_686' title='bbox 2603 3865 2767 3921; x_wconf 88' lang='lat' dir='ltr'><strong>quam</strong></span> <span class='ocrx_word' id='word_1_687' title='bbox 2798 3848 2949 3904; x_wconf 90' lang='lat' dir='ltr'><strong>illum</strong></span> <span class='ocrx_word' id='word_1_688' title='bbox 3010 3846 3230 3903; x_wconf 86' lang='lat' dir='ltr'><strong>vitalem</strong></span> <span class='ocrx_word' id='word_1_689' title='bbox 3268 3845 3565 3917; x_wconf 89' lang='lat' dir='ltr'><strong>spiritualis</strong></span> <span class='ocrx_word' id='word_1_690' title='bbox 3600 3842 3897 3915; x_wconf 83' lang='lat' dir='ltr'><strong>prudentiae</strong></span> 
     </span>
    </p>
   </div>
   <div class='ocr_carea' id='block_1_100' title="bbox 2312 3936 3598 4011">
    <p class='ocr_par' dir='ltr' id='par_1_100' title="bbox 2312 3936 3598 4011">
     <span class='ocr_line' id='line_1_100' title="bbox 2312 3936 3598 4011; baseline -0.008 -10"><span class='ocrx_word' id='word_1_691' title='bbox 2312 3959 2553 4009; x_wconf 86' lang='lat' dir='ltr'><strong>succum,</strong></span> <span class='ocrx_word' id='word_1_692' title='bbox 2589 3947 2743 4009; x_wconf 82' lang='lat' dir='ltr'><strong>cujus</strong></span> <span class='ocrx_word' id='word_1_693' title='bbox 2778 3956 2965 3995; x_wconf 86' lang='lat' dir='ltr'><strong>amore</strong></span> <span class='ocrx_word' id='word_1_694' title='bbox 2999 3938 3304 4011; x_wconf 84' lang='lat' dir='ltr'><strong>fragramus</strong></span> <span class='ocrx_word' id='word_1_695' title='bbox 3330 3936 3598 3993; x_wconf 86' lang='lat' dir='ltr'><strong>redoleat.</strong></span> 
     </span>
    </p>
   </div>
   <div class='ocr_carea' id='block_1_101' title="bbox 2383 4024 3899 4099">
    <p class='ocr_par' dir='ltr' id='par_1_101' title="bbox 2383 4024 3899 4099">
     <span class='ocr_line' id='line_1_101' title="bbox 2383 4024 3899 4099; baseline -0.007 -8"><span class='ocrx_word' id='word_1_696' title='bbox 2383 4034 2547 4091; x_wconf 77' lang='lat' dir='ltr'><strong>Vens.</strong></span> <span class='ocrx_word' id='word_1_697' title='bbox 2591 4032 2678 4087; x_wconf 81' lang='lat' dir='ltr'><strong>l9.</strong></span> <span class='ocrx_word' id='word_1_698' title='bbox 2705 4060 2770 4071; x_wconf 92' lang='grc'><strong><em>--</em></strong></span> <span class='ocrx_word' id='word_1_699' title='bbox 2793 4028 2963 4084; x_wconf 87' lang='lat' dir='ltr'><strong>Porro</strong></span> <span class='ocrx_word' id='word_1_700' title='bbox 2989 4045 3115 4083; x_wconf 86' lang='lat' dir='ltr'><strong>arca</strong></span> <span class='ocrx_word' id='word_1_701' title='bbox 3150 4028 3415 4099; x_wconf 78' lang='lat' dir='ltr'><strong>ferebatur</strong></span> <span class='ocrx_word' id='word_1_702' title='bbox 3433 4044 3590 4096; x_wconf 80' lang='lat' dir='ltr'><strong>super</strong></span> <span class='ocrx_word' id='word_1_703' title='bbox 3617 4044 3805 4093; x_wconf 84' lang='lat' dir='ltr'><strong>aquas.</strong></span> <span class='ocrx_word' id='word_1_704' title='bbox 3835 4024 3899 4081; x_wconf 86' lang='lat' dir='ltr'><strong>Et</strong></span> 
     </span>
    </p>
   </div>
   <div class='ocr_carea' id='block_1_102' title="bbox 2313 4118 3902 4198">
    <p class='ocr_par' dir='ltr' id='par_1_102' title="bbox 2313 4118 3902 4198">
     <span class='ocr_line' id='line_1_102' title="bbox 2313 4118 3902 4198; baseline -0.007 -16"><span class='ocrx_word' id='word_1_705' title='bbox 2313 4143 2465 4198; x_wconf 75' lang='lat' dir='ltr'><strong>aqua:</strong></span> <span class='ocrx_word' id='word_1_706' title='bbox 2516 4124 2903 4197; x_wconf 76' lang='lat' dir='ltr'><strong>prwvaluerunt</strong></span> <span class='ocrx_word' id='word_1_707' title='bbox 2956 4122 3109 4177; x_wconf 86' lang='lat' dir='ltr'><strong>nimis</strong></span> <span class='ocrx_word' id='word_1_708' title='bbox 3153 4137 3310 4191; x_wconf 87' lang='lat' dir='ltr'><strong>super</strong></span> <span class='ocrx_word' id='word_1_709' title='bbox 3354 4128 3591 4174; x_wconf 87' lang='lat' dir='ltr'><strong>terram:</strong></span> <span class='ocrx_word' id='word_1_710' title='bbox 3640 4118 3902 4189; x_wconf 80' lang='lat' dir='ltr'><strong>Opertique</strong></span> 
     </span>
    </p>
   </div>
   <div class='ocr_carea' id='block_1_103' title="bbox 2314 4209 3904 4280">
    <p class='ocr_par' dir='ltr' id='par_1_103' title="bbox 2314 4209 3904 4280">
     <span class='ocr_line' id='line_1_103' title="bbox 2314 4209 3904 4280; baseline -0.008 -5"><span class='ocrx_word' id='word_1_711' title='bbox 2314 4230 2433 4275; x_wconf 88' lang='lat' dir='ltr'><strong>sunt</strong></span> <span class='ocrx_word' id='word_1_712' title='bbox 2464 4235 2641 4274; x_wconf 89' lang='lat' dir='ltr'><strong>omnes</strong></span> <span class='ocrx_word' id='word_1_713' title='bbox 2667 4227 2863 4272; x_wconf 86' lang='lat' dir='ltr'><strong>montes</strong></span> <span class='ocrx_word' id='word_1_714' title='bbox 2915 4214 3106 4270; x_wconf 66' lang='lat' dir='ltr'><strong>excelsi</strong></span> <span class='ocrx_word' id='word_1_715' title='bbox 3150 4214 3244 4267; x_wconf 88' lang='lat' dir='ltr'><strong>sub</strong></span> <span class='ocrx_word' id='word_1_716' title='bbox 3276 4213 3515 4267; x_wconf 90' lang='lat' dir='ltr'><strong>universo</strong></span> <span class='ocrx_word' id='word_1_717' title='bbox 3555 4210 3704 4266; x_wconf 69' lang='lat' dir='ltr'><strong>calo.</strong></span> <span class='ocrx_word' id='word_1_718' title='bbox 3735 4209 3904 4280; x_wconf 85' lang='lat' dir='ltr'><strong>Aquis</strong></span> 
     </span>
    </p>
   </div>
   <div class='ocr_carea' id='block_1_104' title="bbox 2316 4303 3903 4383">
    <p class='ocr_par' dir='ltr' id='par_1_104' title="bbox 2316 4303 3903 4383">
     <span class='ocr_line' id='line_1_104' title="bbox 2316 4303 3903 4383; baseline -0.008 -14"><span class='ocrx_word' id='word_1_719' title='bbox 2316 4310 2658 4383; x_wconf 84' lang='lat' dir='ltr'><strong>superfertur</strong></span> <span class='ocrx_word' id='word_1_720' title='bbox 2697 4324 2844 4376; x_wconf 87' lang='lat' dir='ltr'><strong>arca,</strong></span> <span class='ocrx_word' id='word_1_721' title='bbox 2890 4309 3016 4363; x_wconf 91' lang='lat' dir='ltr'><strong>dum</strong></span> <span class='ocrx_word' id='word_1_722' title='bbox 3045 4320 3217 4373; x_wconf 89' lang='lat' dir='ltr'><strong>mens,</strong></span> <span class='ocrx_word' id='word_1_723' title='bbox 3270 4320 3369 4374; x_wconf 90' lang='lat' dir='ltr'><strong>pro</strong></span> <span class='ocrx_word' id='word_1_724' title='bbox 3421 4303 3775 4359; x_wconf 86' lang='lat' dir='ltr'><strong>fundamento</strong></span> <span class='ocrx_word' id='word_1_725' title='bbox 3812 4316 3903 4357; x_wconf 91' lang='lat' dir='ltr'><strong>sa-</strong></span> 
     </span>
    </p>
   </div>
   <div class='ocr_carea' id='block_1_105' title="bbox 2315 4396 3908 4476">
    <p class='ocr_par' dir='ltr' id='par_1_105' title="bbox 2315 4396 3908 4476">
     <span class='ocr_line' id='line_1_105' title="bbox 2315 4396 3908 4476; baseline -0.006 -16"><span class='ocrx_word' id='word_1_726' title='bbox 2315 4405 2532 4476; x_wconf 69' lang='lat' dir='ltr'><strong>pientiae</strong></span> <span class='ocrx_word' id='word_1_727' title='bbox 2590 4403 2852 4469; x_wconf 89' lang='lat' dir='ltr'><strong>innitens,</strong></span> <span class='ocrx_word' id='word_1_728' title='bbox 2908 4400 2975 4456; x_wconf 87' lang='lat' dir='ltr'><strong>ad</strong></span> <span class='ocrx_word' id='word_1_729' title='bbox 3006 4400 3319 4456; x_wconf 90' lang='lat' dir='ltr'><strong>instinctum</strong></span> <span class='ocrx_word' id='word_1_730' title='bbox 3349 4397 3466 4469; x_wconf 86' lang='lat' dir='ltr'><strong>ejus</strong></span> <span class='ocrx_word' id='word_1_731' title='bbox 3488 4397 3641 4468; x_wconf 87' lang='lat' dir='ltr'><strong>quasi</strong></span> <span class='ocrx_word' id='word_1_732' title='bbox 3673 4396 3743 4452; x_wconf 88' lang='lat' dir='ltr'><strong>ad</strong></span> <span class='ocrx_word' id='word_1_733' title='bbox 3780 4411 3908 4451; x_wconf 85' lang='lat' dir='ltr'><strong>nor-</strong></span> 
     </span>
    </p>
   </div>
   <div class='ocr_carea' id='block_1_106' title="bbox 2317 4491 3910 4568">
    <p class='ocr_par' dir='ltr' id='par_1_106' title="bbox 2317 4491 3910 4568">
     <span class='ocr_line' id='line_1_106' title="bbox 2317 4491 3910 4568; baseline -0.007 -13"><span class='ocrx_word' id='word_1_734' title='bbox 2317 4515 2461 4555; x_wconf 91' lang='lat' dir='ltr'><strong>mam</strong></span> <span class='ocrx_word' id='word_1_735' title='bbox 2501 4497 2685 4568; x_wconf 85' lang='lat' dir='ltr'><strong>dirigit</strong></span> <span class='ocrx_word' id='word_1_736' title='bbox 2736 4510 2901 4567; x_wconf 87' lang='lat' dir='ltr'><strong>opera</strong></span> <span class='ocrx_word' id='word_1_737' title='bbox 2950 4509 3076 4560; x_wconf 88' lang='lat' dir='ltr'><strong>sua;</strong></span> <span class='ocrx_word' id='word_1_738' title='bbox 3117 4502 3170 4549; x_wconf 89' lang='lat' dir='ltr'><strong>et</strong></span> <span class='ocrx_word' id='word_1_739' title='bbox 3224 4507 3379 4562; x_wconf 76' lang='lat' dir='ltr'><strong>aqua:</strong></span> <span class='ocrx_word' id='word_1_740' title='bbox 3428 4491 3728 4561; x_wconf 70' lang='lat' dir='ltr'><strong>praevalent</strong></span> <span class='ocrx_word' id='word_1_741' title='bbox 3752 4506 3910 4563; x_wconf 86' lang='lat' dir='ltr'><strong>super</strong></span> 
     </span>
    </p>
   </div>
   <div class='ocr_carea' id='block_1_107' title="bbox 2316 4584 3909 4661">
    <p class='ocr_par' dir='ltr' id='par_1_107' title="bbox 2316 4584 3909 4661">
     <span class='ocr_line' id='line_1_107' title="bbox 2316 4584 3909 4661; baseline -0.005 -14"><span class='ocrx_word' id='word_1_742' title='bbox 2316 4602 2533 4659; x_wconf 88' lang='lat' dir='ltr'><strong>terram,</strong></span> <span class='ocrx_word' id='word_1_743' title='bbox 2565 4591 2692 4661; x_wconf 88' lang='lat' dir='ltr'><strong>quia</strong></span> <span class='ocrx_word' id='word_1_744' title='bbox 2747 4589 2815 4644; x_wconf 91' lang='lat' dir='ltr'><strong>ad</strong></span> <span class='ocrx_word' id='word_1_745' title='bbox 2876 4595 3067 4642; x_wconf 92' lang='lat' dir='ltr'><strong>nutum</strong></span> <span class='ocrx_word' id='word_1_746' title='bbox 3115 4602 3228 4641; x_wconf 66' lang='lat' dir='ltr'><strong>suae</strong></span> <span class='ocrx_word' id='word_1_747' title='bbox 3277 4584 3649 4656; x_wconf 89' lang='lat' dir='ltr'><strong>inspirationis</strong></span> <span class='ocrx_word' id='word_1_748' title='bbox 3674 4594 3909 4640; x_wconf 88' lang='lat' dir='ltr'><strong>matrem</strong></span> 
     </span>
    </p>
   </div>
   <div class='ocr_carea' id='block_1_108' title="bbox 2317 4679 3913 4759">
    <p class='ocr_par' dir='ltr' id='par_1_108' title="bbox 2317 4679 3913 4759">
     <span class='ocr_line' id='line_1_108' title="bbox 2317 4679 3913 4759; baseline -0.006 -16"><span class='ocrx_word' id='word_1_749' title='bbox 2317 4701 2546 4759; x_wconf 91' lang='lat' dir='ltr'><strong>operum</strong></span> <span class='ocrx_word' id='word_1_750' title='bbox 2609 4683 2762 4755; x_wconf 92' lang='lat' dir='ltr'><strong>quasi</strong></span> <span class='ocrx_word' id='word_1_751' title='bbox 2823 4679 3139 4752; x_wconf 89' lang='lat' dir='ltr'><strong>discipulam</strong></span> <span class='ocrx_word' id='word_1_752' title='bbox 3192 4688 3406 4751; x_wconf 87' lang='lat' dir='ltr'><strong>regunt,</strong></span> <span class='ocrx_word' id='word_1_753' title='bbox 3439 4689 3494 4735; x_wconf 90' lang='lat' dir='ltr'><strong>et</strong></span> <span class='ocrx_word' id='word_1_754' title='bbox 3528 4680 3913 4749; x_wconf 84' lang='lat' dir='ltr'><strong>constringunt</strong></span> 
     </span>
    </p>
   </div>
   <div class='ocr_carea' id='block_1_109' title="bbox 2319 4773 3917 4846">
    <p class='ocr_par' dir='ltr' id='par_1_109' title="bbox 2319 4773 3917 4846">
     <span class='ocr_line' id='line_1_109' title="bbox 2319 4773 3917 4846; baseline -0.008 -8"><span class='ocrx_word' id='word_1_755' title='bbox 2319 4782 2421 4838; x_wconf 88' lang='lat' dir='ltr'><strong>sibi</strong></span> <span class='ocrx_word' id='word_1_756' title='bbox 2470 4777 2879 4836; x_wconf 88' lang='lat' dir='ltr'><strong>conscientiam.</strong></span> <span class='ocrx_word' id='word_1_757' title='bbox 2912 4773 3190 4846; x_wconf 89' lang='lat' dir='ltr'><strong>Opertique</strong></span> <span class='ocrx_word' id='word_1_758' title='bbox 3216 4782 3337 4828; x_wconf 87' lang='lat' dir='ltr'><strong>sunt</strong></span> <span class='ocrx_word' id='word_1_759' title='bbox 3364 4789 3541 4828; x_wconf 88' lang='lat' dir='ltr'><strong>omnes</strong></span> <span class='ocrx_word' id='word_1_760' title='bbox 3588 4781 3792 4827; x_wconf 89' lang='lat' dir='ltr'><strong>montes</strong></span> <span class='ocrx_word' id='word_1_761' title='bbox 3821 4787 3917 4826; x_wconf 71' lang='lat' dir='ltr'><strong>ex-</strong></span> 
     </span>
    </p>
   </div>
   <div class='ocr_carea' id='block_1_110' title="bbox 2319 4865 3916 4938">
    <p class='ocr_par' dir='ltr' id='par_1_110' title="bbox 2319 4865 3916 4938">
     <span class='ocr_line' id='line_1_110' title="bbox 2319 4865 3916 4938; baseline -0.006 -8"><span class='ocrx_word' id='word_1_762' title='bbox 2319 4876 2442 4932; x_wconf 84' lang='lat' dir='ltr'><strong>celsi</strong></span> <span class='ocrx_word' id='word_1_763' title='bbox 2471 4874 2567 4930; x_wconf 89' lang='lat' dir='ltr'><strong>sub</strong></span> <span class='ocrx_word' id='word_1_764' title='bbox 2596 4873 2837 4929; x_wconf 87' lang='lat' dir='ltr'><strong>universo</strong></span> <span class='ocrx_word' id='word_1_765' title='bbox 2886 4867 3033 4936; x_wconf 74' lang='lat' dir='ltr'><strong>caelo,</strong></span> <span class='ocrx_word' id='word_1_766' title='bbox 3088 4868 3213 4938; x_wconf 92' lang='lat' dir='ltr'><strong>quia</strong></span> <span class='ocrx_word' id='word_1_767' title='bbox 3266 4882 3393 4923; x_wconf 91' lang='lat' dir='ltr'><strong>cum</strong></span> <span class='ocrx_word' id='word_1_768' title='bbox 3439 4868 3496 4923; x_wconf 89' lang='lat' dir='ltr'><strong>in</strong></span> <span class='ocrx_word' id='word_1_769' title='bbox 3543 4865 3673 4922; x_wconf 90' lang='lat' dir='ltr'><strong>illud</strong></span> <span class='ocrx_word' id='word_1_770' title='bbox 3728 4865 3916 4921; x_wconf 87' lang='lat' dir='ltr'><strong>lumen</strong></span> 
     </span>
    </p>
   </div>
   <div class='ocr_carea' id='block_1_111' title="bbox 2318 4958 3909 5035">
    <p class='ocr_par' dir='ltr' id='par_1_111' title="bbox 2318 4958 3909 5035">
     <span class='ocr_line' id='line_1_111' title="bbox 2318 4958 3909 5035; baseline -0.008 -10"><span class='ocrx_word' id='word_1_771' title='bbox 2318 4970 2604 5033; x_wconf 90' lang='lat' dir='ltr'><strong>luminum,</strong></span> <span class='ocrx_word' id='word_1_772' title='bbox 2635 4967 2914 5035; x_wconf 88' lang='lat' dir='ltr'><strong>Deumque</strong></span> <span class='ocrx_word' id='word_1_773' title='bbox 2947 4963 3211 5018; x_wconf 90' lang='lat' dir='ltr'><strong>virtutum</strong></span> <span class='ocrx_word' id='word_1_774' title='bbox 3268 4959 3660 5031; x_wconf 89' lang='lat' dir='ltr'><strong>aliquantisper</strong></span> <span class='ocrx_word' id='word_1_775' title='bbox 3694 4958 3909 5014; x_wconf 70' lang='lat' dir='ltr'><strong>scintil~</strong></span> 
     </span>
    </p>
   </div>
   <div class='ocr_carea' id='block_1_112' title="bbox 2321 5049 3917 5131">
    <p class='ocr_par' dir='ltr' id='par_1_112' title="bbox 2321 5049 3917 5131">
     <span class='ocr_line' id='line_1_112' title="bbox 2321 5049 3917 5131; baseline -0.007 -15"><span class='ocrx_word' id='word_1_776' title='bbox 2321 5061 2433 5117; x_wconf 89' lang='lat' dir='ltr'><strong>lare</strong></span> <span class='ocrx_word' id='word_1_777' title='bbox 2466 5058 2853 5131; x_wconf 88' lang='lat' dir='ltr'><strong>permittimnr,</strong></span> <span class='ocrx_word' id='word_1_778' title='bbox 2878 5053 3142 5125; x_wconf 89' lang='lat' dir='ltr'><strong>quidquid</strong></span> <span class='ocrx_word' id='word_1_779' title='bbox 3170 5053 3224 5107; x_wconf 92' lang='lat' dir='ltr'><strong>in</strong></span> <span class='ocrx_word' id='word_1_780' title='bbox 3251 5051 3548 5108; x_wconf 89' lang='lat' dir='ltr'><strong>virtutibus</strong></span> <span class='ocrx_word' id='word_1_781' title='bbox 3568 5049 3917 5106; x_wconf 88' lang='lat' dir='ltr'><strong>celsitudinis</strong></span> 
     </span>
    </p>
   </div>
   <div class='ocr_carea' id='block_1_113' title="bbox 2324 5140 3922 5219">
    <p class='ocr_par' dir='ltr' id='par_1_113' title="bbox 2324 5140 3922 5219">
     <span class='ocr_line' id='line_1_113' title="bbox 2324 5140 3922 5219; baseline -0.009 -11"><span class='ocrx_word' id='word_1_782' title='bbox 2324 5151 2525 5209; x_wconf 86' lang='lat' dir='ltr'><strong>habere</strong></span> <span class='ocrx_word' id='word_1_783' title='bbox 2550 5165 2650 5207; x_wconf 90' lang='lat' dir='ltr'><strong>nos</strong></span> <span class='ocrx_word' id='word_1_784' title='bbox 2677 5148 3021 5219; x_wconf 87' lang='lat' dir='ltr'><strong>putabamus,</strong></span> <span class='ocrx_word' id='word_1_785' title='bbox 3054 5143 3299 5200; x_wconf 90' lang='lat' dir='ltr'><strong>contuitu</strong></span> <span class='ocrx_word' id='word_1_786' title='bbox 3334 5151 3495 5199; x_wconf 68' lang='lat' dir='ltr'><strong>tanta:</strong></span> <span class='ocrx_word' id='word_1_787' title='bbox 3522 5141 3729 5213; x_wconf 66' lang='lat' dir='ltr'><strong>gloriae,</strong></span> <span class='ocrx_word' id='word_1_788' title='bbox 3754 5140 3922 5211; x_wconf 86' lang='lat' dir='ltr'><strong>quasi</strong></span> 
     </span>
    </p>
   </div>
   <div class='ocr_carea' id='block_1_114' title="bbox 2325 5233 3985 5310">
    <p class='ocr_par' dir='ltr' id='par_1_114' title="bbox 2325 5233 3985 5310">
     <span class='ocr_line' id='line_1_114' title="bbox 2325 5233 3985 5310; baseline -0.008 -9"><span class='ocrx_word' id='word_1_789' title='bbox 2325 5246 2544 5301; x_wconf 86' lang='lat' dir='ltr'><strong>lucerna</strong></span> <span class='ocrx_word' id='word_1_790' title='bbox 2599 5244 2652 5299; x_wconf 90' lang='lat' dir='ltr'><strong>in</strong></span> <span class='ocrx_word' id='word_1_791' title='bbox 2716 5240 2829 5297; x_wconf 89' lang='lat' dir='ltr'><strong>sole</strong></span> <span class='ocrx_word' id='word_1_792' title='bbox 2883 5238 3026 5293; x_wconf 90' lang='lat' dir='ltr'><strong>illico</strong></span> <span class='ocrx_word' id='word_1_793' title='bbox 3084 5237 3357 5307; x_wconf 85' lang='lat' dir='ltr'><strong>operitur;</strong></span> <span class='ocrx_word' id='word_1_794' title='bbox 3419 5246 3475 5292; x_wconf 90' lang='lat' dir='ltr'><strong>et</strong></span> <span class='ocrx_word' id='word_1_795' title='bbox 3525 5235 3653 5306; x_wconf 90' lang='lat' dir='ltr'><strong>quid</strong></span> <span class='ocrx_word' id='word_1_796' title='bbox 3693 5234 3820 5288; x_wconf 92' lang='lat' dir='ltr'><strong>dico</strong></span> <span class='ocrx_word' id='word_1_797' title='bbox 3848 5233 3922 5288; x_wconf 85' lang='lat' dir='ltr'><strong>de</strong></span> <span class='ocrx_word' id='word_1_798' title='bbox 3978 5300 3985 5310; x_wconf 27' lang='grc' dir='ltr'><em>Α</em></span> 
     </span>
    </p>
   </div>
   <div class='ocr_carea' id='block_1_115' title="bbox 2324 5324 3923 5404">
    <p class='ocr_par' dir='ltr' id='par_1_115' title="bbox 2324 5324 3923 5404">
     <span class='ocr_line' id='line_1_115' title="bbox 2324 5324 3923 5404; baseline -0.006 -13"><span class='ocrx_word' id='word_1_799' title='bbox 2324 5339 2531 5394; x_wconf 91' lang='lat' dir='ltr'><strong>visione</strong></span> <span class='ocrx_word' id='word_1_800' title='bbox 2560 5332 2884 5404; x_wconf 88' lang='lat' dir='ltr'><strong>majestatis,</strong></span> <span class='ocrx_word' id='word_1_801' title='bbox 2916 5345 3040 5385; x_wconf 87' lang='lat' dir='ltr'><strong>cum</strong></span> <span class='ocrx_word' id='word_1_802' title='bbox 3062 5329 3208 5384; x_wconf 90' lang='lat' dir='ltr'><strong>dicat</strong></span> <span class='ocrx_word' id='word_1_803' title='bbox 3235 5328 3329 5383; x_wconf 87' lang='lat' dir='ltr'><strong>sub</strong></span> <span class='ocrx_word' id='word_1_804' title='bbox 3352 5328 3591 5384; x_wconf 87' lang='lat' dir='ltr'><strong>universo</strong></span> <span class='ocrx_word' id='word_1_805' title='bbox 3613 5325 3782 5381; x_wconf 70' lang='lat' dir='ltr'><strong>caelo?</strong></span> <span class='ocrx_word' id='word_1_806' title='bbox 3813 5324 3923 5381; x_wconf 89' lang='lat' dir='ltr'><strong>sub</strong></span> 
     </span>
    </p>
   </div>
   <div class='ocr_carea' id='block_1_116' title="bbox 2325 5404 3996 5496">
    <p class='ocr_par' dir='ltr' id='par_1_116' title="bbox 2325 5404 3996 5496">
     <span class='ocr_line' id='line_1_116' title="bbox 2325 5404 3996 5496; baseline -0.01 -8"><span class='ocrx_word' id='word_1_807' title='bbox 2325 5430 2464 5488; x_wconf 69' lang='lat' dir='ltr'><strong>coelo</strong></span> <span class='ocrx_word' id='word_1_808' title='bbox 2493 5438 2705 5485; x_wconf 90' lang='lat' dir='ltr'><strong>montes</strong></span> <span class='ocrx_word' id='word_1_809' title='bbox 2733 5422 3077 5496; x_wconf 86' lang='lat' dir='ltr'><strong>Operiuntur,</strong></span> <span class='ocrx_word' id='word_1_810' title='bbox 3109 5437 3232 5477; x_wconf 89' lang='lat' dir='ltr'><strong>eum</strong></span> <span class='ocrx_word' id='word_1_811' title='bbox 3259 5436 3346 5488; x_wconf 90' lang='lat' dir='ltr'><strong>ea,</strong></span> <span class='ocrx_word' id='word_1_812' title='bbox 3378 5437 3500 5491; x_wconf 65' lang='lat' dir='ltr'><strong>qua:</strong></span> <span class='ocrx_word' id='word_1_813' title='bbox 3524 5421 3626 5477; x_wconf 89' lang='lat' dir='ltr'><strong>sub</strong></span> <span class='ocrx_word' id='word_1_814' title='bbox 3657 5419 3793 5484; x_wconf 90' lang='lat' dir='ltr'><strong>Deo,</strong></span> <span class='ocrx_word' id='word_1_815' title='bbox 3821 5417 3926 5487; x_wconf 85' lang='lat' dir='ltr'><strong>qui</strong></span> <span class='ocrx_word' id='word_1_816' title='bbox 3982 5404 3996 5419; x_wconf 61' lang='grc'><strong>⁸</strong></span> 
     </span>
    </p>
   </div>
   <div class='ocr_carea' id='block_1_117' title="bbox 2325 5513 3927 5588">
    <p class='ocr_par' dir='ltr' id='par_1_117' title="bbox 2325 5513 3927 5588">
     <span class='ocr_line' id='line_1_117' title="bbox 2325 5513 3927 5588; baseline -0.01 -9"><span class='ocrx_word' id='word_1_817' title='bbox 2325 5522 2520 5579; x_wconf 88' lang='lat' dir='ltr'><strong>coelum</strong></span> <span class='ocrx_word' id='word_1_818' title='bbox 2549 5532 2653 5588; x_wconf 88' lang='lat' dir='ltr'><strong>est,</strong></span> <span class='ocrx_word' id='word_1_819' title='bbox 2685 5525 2836 5582; x_wconf 89' lang='lat' dir='ltr'><strong>sunt,</strong></span> <span class='ocrx_word' id='word_1_820' title='bbox 2883 5513 3328 5578; x_wconf 86' lang='lat' dir='ltr'><strong>considerantur;</strong></span> <span class='ocrx_word' id='word_1_821' title='bbox 3378 5521 3435 5567; x_wconf 91' lang='lat' dir='ltr'><strong>et</strong></span> <span class='ocrx_word' id='word_1_822' title='bbox 3474 5528 3541 5568; x_wconf 86' lang='lat' dir='ltr'><strong>ex</strong></span> <span class='ocrx_word' id='word_1_823' title='bbox 3567 5526 3755 5568; x_wconf 90' lang='lat' dir='ltr'><strong>eorum</strong></span> <span class='ocrx_word' id='word_1_824' title='bbox 3779 5524 3927 5580; x_wconf 83' lang='lat' dir='ltr'><strong>pro—</strong></span> 
     </span>
    </p>
   </div>
   <div class='ocr_carea' id='block_1_118' title="bbox 2327 5599 3931 5685">
    <p class='ocr_par' dir='ltr' id='par_1_118' title="bbox 2327 5599 3931 5685">
     <span class='ocr_line' id='line_1_118' title="bbox 2327 5599 3931 5685; baseline -0.008 -15"><span class='ocrx_word' id='word_1_825' title='bbox 2327 5621 2514 5685; x_wconf 85' lang='lat' dir='ltr'><strong>specta</strong></span> <span class='ocrx_word' id='word_1_826' title='bbox 2563 5606 2825 5681; x_wconf 87' lang='lat' dir='ltr'><strong>quidquid</strong></span> <span class='ocrx_word' id='word_1_827' title='bbox 2882 5617 3096 5669; x_wconf 91' lang='lat' dir='ltr'><strong>sumus,</strong></span> <span class='ocrx_word' id='word_1_828' title='bbox 3156 5603 3242 5657; x_wconf 90' lang='lat' dir='ltr'><strong>vel</strong></span> <span class='ocrx_word' id='word_1_829' title='bbox 3294 5617 3413 5659; x_wconf 91' lang='lat' dir='ltr'><strong>esse</strong></span> <span class='ocrx_word' id='word_1_830' title='bbox 3466 5615 3755 5674; x_wconf 86' lang='lat' dir='ltr'><strong>possumus</strong></span> <span class='ocrx_word' id='word_1_831' title='bbox 3808 5599 3931 5657; x_wconf 83' lang='lat' dir='ltr'><strong>vile</strong></span> 
     </span>
    </p>
   </div>
   <div class='ocr_carea' id='block_1_119' title="bbox 2328 5692 3932 5768">
    <p class='ocr_par' dir='ltr' id='par_1_119' title="bbox 2328 5692 3932 5768">
     <span class='ocr_line' id='line_1_119' title="bbox 2328 5692 3932 5768; baseline -0.007 -7"><span class='ocrx_word' id='word_1_832' title='bbox 2328 5705 2563 5762; x_wconf 86' lang='lat' dir='ltr'><strong>videtur.</strong></span> <span class='ocrx_word' id='word_1_833' title='bbox 2594 5701 2727 5768; x_wconf 83' lang='lat' dir='ltr'><strong>Quis</strong></span> <span class='ocrx_word' id='word_1_834' title='bbox 2748 5696 2915 5759; x_wconf 89' lang='lat' dir='ltr'><strong>enim,</strong></span> <span class='ocrx_word' id='word_1_835' title='bbox 2949 5702 3007 5748; x_wconf 92' lang='lat' dir='ltr'><strong>ut</strong></span> <span class='ocrx_word' id='word_1_836' title='bbox 3032 5692 3099 5749; x_wconf 91' lang='lat' dir='ltr'><strong>de</strong></span> <span class='ocrx_word' id='word_1_837' title='bbox 3125 5692 3244 5748; x_wconf 90' lang='lat' dir='ltr'><strong>aliis</strong></span> <span class='ocrx_word' id='word_1_838' title='bbox 3276 5703 3505 5762; x_wconf 90' lang='lat' dir='ltr'><strong>taceam,</strong></span> <span class='ocrx_word' id='word_1_839' title='bbox 3557 5709 3623 5750; x_wconf 81' lang='lat' dir='ltr'><strong>ex</strong></span> <span class='ocrx_word' id='word_1_840' title='bbox 3665 5692 3932 5749; x_wconf 79' lang='lat' dir='ltr'><strong>contuitu</strong></span> 
     </span>
    </p>
   </div>
   <div class='ocr_carea' id='block_1_120' title="bbox 2331 5784 3935 5875">
    <p class='ocr_par' dir='ltr' id='par_1_120' title="bbox 2331 5784 3935 5875">
     <span class='ocr_line' id='line_1_120' title="bbox 2331 5784 3935 5875; baseline -0.009 -20"><span class='ocrx_word' id='word_1_841' title='bbox 2331 5794 2640 5870; x_wconf 86' lang='lat' dir='ltr'><strong>perminimi</strong></span> <span class='ocrx_word' id='word_1_842' title='bbox 2692 5786 3009 5863; x_wconf 76' lang='lat' dir='ltr'><strong>angelorum</strong></span> <span class='ocrx_word' id='word_1_843' title='bbox 3063 5786 3161 5845; x_wconf 78' lang='lat' dir='ltr'><strong>sibi</strong></span> <span class='ocrx_word' id='word_1_844' title='bbox 3212 5786 3314 5857; x_wconf 87' lang='lat' dir='ltr'><strong>ipsi</strong></span> <span class='ocrx_word' id='word_1_845' title='bbox 3368 5802 3476 5845; x_wconf 90' lang='lat' dir='ltr'><strong>non</strong></span> <span class='ocrx_word' id='word_1_846' title='bbox 3501 5784 3935 5875; x_wconf 25' lang='lat' dir='ltr'><strong>.sordeatiwset‘l</strong></span> 
     </span>
    </p>
   </div>
  </div>
