4062 6354
178 347 279 411 9'7

1284 324 2393 410 ’MonALtUM‘tﬁ'cENEsm‘LmiﬁT
2698 403 2709 411 .
3422 356 3495 416 as

184 460 525 526 notandum
557 467 700 539 quod
736 481 859 526 cum
883 430 1104 535 dicitur,
1135 466 1231 523 sub
1265 466 1413 531 cwlo,
1446 465 1660 521 additur
1688 463 1809 517 uni-
1835 463 1887 526 Α
1915 468 1997 517 tes
2027 462 2308 533 sapientiae
2338 463 2601 538 regimina
2628 463 2908 538 possident
2937 479 2954 522 :
2988 479 3087 540 per
3118 469 3494 526 centenarium

184 579 403 629 verso;
440 561 649 633 aliquas
678 562 824 618 enim
872 561 967 617 Dei
1015 561 1395 617 similitudines
1448 558 1574 613 licet
1606 556 1806 611 habere

185 655 488 720 dicamur,
518 655 571 709 in
604 662 812 710 tantum
842 663 1024 710 tamen
1054 654 1231 726 ipsum
1262 653 1577 707 universum
1607 649 1807 705 caelum

181 746 908 818 eminetacomparatione
957 755 1261 813 creaturze,
1309 753 1371 800 ut
1424 745 1476 799 in
1505 743 1806 797 bisiisdem

185 841 406 904 rebus,
454 852 620 910 super
672 840 868 911 quibus
903 837 992 912 [f.,
1035 838 1233 910 quibus
1282 835 1466 909 super]
1516 835 1804 906 imaginem

188 931 371 1000 quasi
401 929 630 987 ferimus
654 931 791 1000 ejus,
829 931 1226 1003 proprietatum
1263 930 1506 1002 ejusdem
1554 928 1803 983 conside-

193 1025 431 1081 ratione
469 1040 577 1082 non
611 1024 775 1082 modo
806 1025 883 1080 nil
923 1024 1146 1092 habere,
1194 1022 1288 1079 sed
1334 1022 1557 1079 omnino
1581 1020 1657 1077 nil
1686 1035 1805 1077 esse

193 1119 522 1176 credamur.

277 1212 452 1269 Vens.
488 1213 675 1270 20.—
704 1214 1016 1283 Quindecim
1065 1213 1256 1269 cubitis
1313 1213 1473 1269 altior
1502 1213 1616 1283 'fuit
1665 1229 1805 1284 aqua

195 1321 371 1375 super
396 1315 594 1362 montes
618 1325 746 1379 quos
776 1315 1070 1379 operuerat.
1111 1306 1428 1373 Quindecim
1481 1320 1547 1359 ex
1575 1312 1803 1375 septem,

198 1408 261 1452 et
289 1407 419 1454 octo
462 1408 745 1467 constant;
803 1398 1149 1470 septenarius
1206 1400 1272 1455 ad
1329 1397 1799 1469 spiritualitatem,

198 1489 372 1548 idest
412 1493 765 1563 sapientiam;
818 1493 1137 1549 octonarius
1190 1491 1258 1546 ad
1323 1489 1802 1562 temporalitatem,

196 1582 255 1637 id
274 1593 365 1640 est
386 1585 838 1658 scientiam,quze
872 1585 1104 1658 tempori
1133 1584 1439 1640 necessaria
1468 1591 1571 1649 est,
1601 1581 1805 1639 relera-

195 1683 314 1731 tur.
351 1677 623 1750 Quidquid
654 1679 836 1750 itaque
886 1679 1202 1736 subtilitatis
1256 1686 1312 1733 et
1347 1679 1711 1744 discretionis,
1740 1692 1805 1733 ac

192 1764 577 1838 intelligentiae
606 1770 921 1826 humanitus
948 1770 1262 1827 elaborasse
1300 1771 1639 1836 videbamur,
1674 1785 1805 1825 con-

192 1861 585 1932 templationis'
606 1862 843 1932 gratiam
875 1864 985 1920 Deo
1016 1863 1335 1920 infundentc
1360 1864 1579 1935 penitus
1620 1863 1804 1936 oppri-

191 1952 407 2017 mitur;
437 1961 488 2007 el
517 1967 620 2007 nec
647 1953 933 2008 scientiam
964 1956 1017 2008 in
1052 1954 1502 2013 administrandis
1537 1963 1808 2024 tempora-

195 2040 372 2108 libus,
422 2057 525 2097 nec
564 2043 887 2112 sapientiam
938 2043 992 2097 in
1053 2044 1370 2099 coelestibus
1424 2043 1807 2111 dignoscendis

194 2131 468 2189 habuisse
518 2148 623 2190 nos
669 2135 1059 2204 comperimus.
1099 2135 1410 2200 Quindecim
1453 2135 1641 2189 cubitis
1668 2151 1806 2204 aqua

195 2224 588 2294 superexcellit
646 2226 944 2291 montibus,
984 2240 1105 2296 quae
1157 2226 1397 2288 sciendo.
1445 2225 1809 2297 sapiendoque

193 2317 454 2372 exerceri
516 2327 745 2387 possunt
805 2318 1135 2384 virtutibus,
1188 2318 1374 2373 cubito
1430 2326 1696 2388 porrecta:
1742 2316 1808 2371 ad

195 2406 378 2463 Deum
425 2408 745 2463 intentionis
808 2408 1013 2464 eminet
1065 2406 1322 2476 maiestas
1381 2407 1802 2478 spceulationis:

193 2498 431 2555 brachio
478 2501 659 2567 enim,
710 2501 798 2556 cui
856 2499 1089 2557 inbuarct
1117 2502 1354 2567 cubitus,
1388 2510 1443 2556 et
1490 2515 1803 2570 operantur,

196 2590 466 2663 idemque
483 2594 550 2648 ad
582 2593 916 2650 metiendum
944 2594 1301 2650 intendimus.

277 2683 444 2739 Vnus.
497 2683 597 2750 21,
635 2684 741 2752 22,
780 2685 883 2752 25,
924 2685 1016 2741 24.
1045 2717 1117 2727 —
1140 2685 1568 2758 Consumptaque
1591 2696 1665 2743 est
1695 2704 1806 2742 om-

196 2777 283 2833 nis
333 2794 479 2844 caro,
526 2794 647 2849 qua:
680 2779 986 2833 movebatur
1039 2797 1199 2851 super
1241 2789 1458 2847 terram,
1506 2781 1801 2847 volucrum,

195 2871 587 2939 animantium,
651 2871 933 2928 bestiarum
980 2875 1316 2945 omniumque
1378 2874 1643 2944 reptilium
1687 2892 1805 2946 qua:

198 2973 404 3033 reptant
450 2981 613 3037 super.
656 2976 888 3033 terram;
948 2968 1176 3022 universi
1205 2967 1473 3033 homines;
1504 2978 1550 3021 et
1590 2978 1799 3034 cuncta,

197 3056 256 3111 in
284 3058 473 3128 quibus
502 3059 828 3131 spiraculum
873 3060 989 3116 vita:
1035 3062 1189 3115 estin
1220 3072 1385 3128 terra,
1415 3070 1626 3115 mortua
1657 3070 1800 3116 sunt.

197 3147 269 3202 Et
317 3150 502 3206 deleuit
542 3168 745 3208 omnem
790 3153 1165 3220 substantiam,
1215 3170 1334 3224 qua:
1363 3162 1473 3207 erat
1503 3170 1660 3223 super
1694 3163 1799 3208 ter-
1827 3186 1874 3251 ϐ

197 3240 337 3309 ram,
368 3244 435 3299 ab
474 3245 683 3301 homine
732 3263 893 3317 usque
934 3247 1004 3301 ad
1052 3263 1231 3317 pecus,
1268 3256 1375 3300 tam
1414 3246 1594 3315 reptile
1638 3263 1800 3317 quam

198 3339 438 3395 uolucres
466 3339 622 3405 mli;
653 3349 701 3393 et
745 3340 914 3393 deleta
964 3350 1086 3394 sunt
1139 3341 1204 3393 de
1249 3348 1413 3393 terra.
1448 3339 1559 3392 Deo
1589 3339 1799 3393 interna

204 3438 399 3484 nostra
448 3444 559 3483 suae
601 3430 830 3485 visionis
871 3431 1043 3485 radiis
1090 3430 1417 3494 illustrantc,
1470 3444 1627 3496 caro,
1680 3444 1801 3500 qua:

204 3534 373 3589 super
411 3528 617 3575 terram
665 3530 936 3587 movetur,
968 3522 1021 3577 id
1069 3532 1153 3577 est
1190 3521 1441 3577 carnales
1464 3531 1667 3589 motus,
1707 3523 1801 3593 qui

203 3617 390 3674 terrae,
422 3610 655 3665 rationis
682 3610 893 3666 scilicet
946 3611 1301 3667 stabilitatem
1337 3612 1600 3669 ﬂuctuare
1637 3628 1801 3686 coge-

200 3701 355 3768 bant,
384 3709 800 3770 consumuntur,
814 3701 1093 3758 volucrum
1118 3703 1406 3775 superbiae,
1436 3705 1797 3762 animantium

204 3793 545 3863 cupiditatis,
575 3794 875 3850 bestiarum
904 3793 1121 3851 ferociae
1170 3806 1225 3852 et
1254 3796 1476 3862 luroris,
1524 3797 1796 3869 reptilium

204 3884 459 3952 libidinis,
489 3886 697 3943 scilicet
727 3902 847 3957 quae
878 3888 1081 3944 nostris
1109 3887 1296 3943 furtim
1346 3890 1601 3945 cordibus
1652 3891 1794 3946 irre-

203 3987 364 4051 punt,
401 3979 684 4046 homines,
739 3981 793 4036 id
844 3994 927 4038 est
975 3982 1066 4037 illa
1122 3998 1243 4052 quae
1303 3999 1401 4054 pro
1451 3983 1562 4037 sola
1612 3985 1794 4040 saeculi

202 4079 489 4129 honestate
514 4074 671 4144 quasi
699 4075 1097 4131 rationabiliter
1127 4076 1477 4155 gerebantur,
1529 4086 1582 4131 et
1611 4078 1795 4133 omnia

204 4182 321 4237 qua:
351 4168 627 4237 spiramen
673 4168 876 4223 terreni
910 4166 1165 4224 desiderii
1215 4168 1357 4222 intra
1407 4183 1505 4222 nos
1550 4167 1799 4237 proferre

206 4267 490 4325 conantur,
522 4268 577 4313 et
601 4259 779 4315 omnis
807 4275 974 4331 prava
1000 4259 1272 4325 voluntas,
1314 4275 1432 4330 quae
1481 4261 1633 4329 quasi
1674 4260 1799 4314 iun-

206 4348 516 4403 damenlum
547 4349 748 4419 ineptis
779 4350 1203 4421 cogitationibus
1225 4349 1456 4415 snbstat,
1486 4359 1541 4403 et
1574 4350 1794 4415 rationi,

208 4459 321 4514 qua:
360 4445 429 4500 ob
460 4446 775 4503 ﬁrmitatem
809 4456 957 4503 terra
985 4448 1207 4513 dicitur,
1241 4448 1461 4520 indigne
1491 4459 1792 4520 superstat,

1908 550 2332 621 perfectionem;
2387 570 2485 625 per
2530 558 3053 631 quinquagenarium
3094 561 3332 618 diximus
3363 563 3497 635 ligu-

1912 647 2023 699 rari
2054 645 2318 715 requiem.
2350 648 2429 701 Ad
2463 658 2681 705 centum
2712 653 3105 725 quinquaginta
3136 656 3321 726 itaque
3368 673 3495 728 per-

1910 736 2061 791 venit
2100 738 2213 793 dies
2242 755 2365 794 cum
2398 741 2619 797 cuilibet
2642 747 2890 814 supernis
2923 747 3132 804 imbuto
3158 751 3497 821 respectibus

1909 829 2149 899 perfecta
2175 831 2303 888 licet
2334 834 2399 888 ad
2430 835 2723 904 modicum,
2751 839 3011 896 tribuitur
3035 843 3203 897 animi
3240 845 3494 916 requies;

1911 931 1994 979 ter
2017 925 2181 981 etiam
2219 927 2637 1001 quinquaginta,
2671 941 2888 987 centum
2922 933 3316 1008 quinquaginta
3346 947 3497 1006 sunt,

1910 1031 2013 1073 nec
2034 1033 2161 1074 vere
2190 1035 2428 1090 unquam
2471 1022 2836 1093 quiescimus,
2880 1025 3049 1083 donec
3094 1028 3161 1082 ad
3211 1027 3498 1085 Trinitatis

1908 1108 2171 1165 visionem
2204 1113 2503 1178 veniamus,
2536 1112 2646 1188 46
2677 1130 2841 1185 quam
2873 1116 3000 1171 dum
3035 1117 3088 1172 in
3115 1119 3367 1189 praesenti
3398 1118 3501 1176 all-

1909 1204 2227 1273 quantisper
2290 1205 2487 1260 smcuio
2532 1207 2863 1274 deiibamus,
2932 1208 3050 1263 sine
3088 1210 3319 1279 quadam
3359 1210 3489 1267 licet

1907 1294 2278 1365 perfunctorie
2345 1298 2524 1354 cordis
2584 1301 2811 1371 requie,
2864 1301 2914 1357 id
2970 1303 3238 1375 attingere
3274 1305 3498 1364 omnino

1909 1389 2222 1460 nequimus.

2508 1485 2737 1543 CAPUT
2780 1487 2911 1542 Vill.

1986 1574 2148 1631 Vens.
2174 1577 2227 1644 l,
2250 1576 2710 1635 2.—Recordatus
2741 1592 2917 1634 autem
2956 1580 3092 1635 Deus
3122 1581 3259 1649 Noe,
3288 1593 3502 1639 cuncto-

1908 1683 2125 1738 rumque
2174 1667 2549 1734 animantium,
2608 1680 2653 1723 et
2706 1671 2948 1725 omnium
2991 1672 3354 1742 jumentorum
3385 1690 3504 1744 qua:

1906 1771 2187 1814 erantcum
2218 1777 2277 1815 eo
2314 1763 2368 1814 in
2400 1777 2547 1826 arca,
2582 1761 2804 1815 adduxit
2832 1763 3075 1831 spiritum
3105 1779 3259 1833 super
3282 1775 3501 1830 terram,

1909 1860 1955 1905 et
1993 1851 2288 1906 imminuta:
2315 1861 2437 1906 sunt
2471 1870 2640 1923 aqum.
2668 1852 2734 1906 Et
2763 1852 2932 1907 clausi
2955 1865 3072 1907 sunt
3106 1855 3274 1924 fontes
3302 1855 3499 1925 abyssi,

1909 1955 1957 1999 et
1984 1955 2267 1999 catarach
2298 1946 2431 2009 caeli,
2463 1957 2510 1999 et
2541 1947 2813 2015 prohibin
2842 1958 2960 2001 sunt
3002 1948 3190 2017 pluvia:
3238 1948 3303 2002 de
3348 1954 3498 2005 aulo.

1911 2037 2179 2102 Diximus,
2210 2053 2334 2092 cum
2365 2055 2469 2092 non
2517 2048 2607 2091 est'
2643 2039 2833 2091 bonum
2879 2056 2990 2093 esse
3041 2041 3302 2095 hominem
3326 2042 3498 2097 solum

1912 2143 2334 2196 exponeremus,
2367 2128 2495 2197 quia
2519 2143 2624 2183 non
2651 2144 2876 2197 parvum
2908 2131 3104 2186 animae
3131 2141 3501 2198 eonstet,esse

1910 2219 2241 2289 periculum;
2270 2219 2313 2273 si
2347 2220 2413 2272 ad
2443 2228 2623 2272 votum
2658 2234 2812 2273 sutuu
2843 2220 3062 2289 quietis.
3089 2229 3142 2276 et
3169 2224 3502 2292 contempla-

1915 2310 2073 2366 tionis
2103 2310 2345 2379 potiatur
2398 2309 2739 2364 excellentia.
2796 2309 3135 2364 Recordatur
3191 2327 3319 2382 ergo
3351 2312 3495 2369 Deus

1910 2402 2107 2466 nostri,
2157 2416 2280 2455 cum
2337 2400 2708 2470 dispensative
2763 2401 2919 2456 nobis
2962 2401 3236 2456 subtrahit
3265 2402 3500 2474 gratiam

1909 2492 2174 2556 muneris,
2212 2506 2400 2545 revera
2438 2491 2480 2545 si
2504 2491 2817 2560 aliquandiu
2853 2493 3134 2547 nobiscum
3172 2507 3500 2563 persevera-

1908 2594 1994 2640 ret
2030 2586 2283 2640 nocituri.
2315 2584 2676 2638 Animantium
2711 2599 2775 2640 ae
2814 2586 3180 2655 jumentorum
3229 2588 3499 2657 meminit,

1908 2692 2031 2732 cum
2061 2676 2423 2748 spiritualium
2454 2677 2717 2732 bonorum
2750 2676 2947 2732 animm
2971 2688 3170 2733 nostra:
3192 2678 3487 2736 iusitorum

1909 2784 1961 2831 ct
2009 2790 2128 2845 quze
2174 2773 2535 2845 corporaliter
2588 2772 2912 2829 exhibemus
2966 2772 3380 2842 beneficiorum,
3429 2776 3500 2833 ad

1908 2871 2180 2926 salubrem
2231 2868 2556 2925 humilitatis
2605 2869 2927 2924 memoriam
2990 2870 3148 2926 nobis
3199 2870 3497 2928 ellieaciam

1908 2963 2215 3030 subtrahit;
2267 2960 2516 3031 jumenta
2565 2961 2873 3027 exteriora,
2930 2969 2985 3016 et
3039 2961 3194 3033 quasi
3226 2964 3499 3035 grossiora

1907 3072 2069 3127 Opera
2118 3056 2379 3118 dicimus,
2434 3070 2559 3109 nam
2604 3053 2850 3126 jumenta
2900 3069 2999 3124 pro
3030 3056 3349 3125 corporibus
3370 3057 3499 3128 poni

1909 3149 2117 3215 solent,
2164 3157 2223 3204 ut
2251 3158 2377 3204 est:
2429 3147 2676 3203 Jumenla
2722 3165 2904 3203 eorum
2946 3150 3000 3205 in
3037 3160 3202 3206 morte
3245 3151 3500 3206 conclusit

1908 3239 2080 3312 (Psal.
2113 3256 2319 3306 Lxxvn,
2345 3239 2436 3309 50)
2468 3254 2482 3292 :
2523 3240 2819 3295 animantia
2851 3250 3057 3306 autem,
3080 3244 3206 3312 quia
3231 3243 3295 3295 ab
3321 3244 3500 3297 anima

1905 3334 2181 3398 dicuntur,
2225 3333 2485 3387 interiora
2518 3334 2681 3399 bona,
2714 3342 2773 3387 ut
2799 3344 2884 3389 est
2914 3336 3178 3401 Charitas,
3203 3343 3257 3389 et
3280 3343 3499 3390 caetera.

1907 3425 2141 3481 Adducit
2169 3426 2312 3480 Deus
2349 3426 2625 3495 spiritum,
2653 3427 2971 3482 tcntationis
3019 3427 3230 3483 scilicet
3267 3436 3497 3496 motum,

1905 3517 1999 3573 sed
2052 3518 2179 3573 dum
2231 3526 2415 3585 terra,
2473 3533 2604 3574 caro
2658 3518 2933 3587 videlicet,
2981 3530 3075 3576 aut
3104 3536 3256 3576 mens
3285 3529 3495 3587 nostra,

1906 3610 2184 3681 insperato
2210 3612 2340 3666 ﬂatu
2381 3611 2647 3682 quatitur,
2701 3620 3015 3680 cataractae,
3061 3613 3114 3668 id
3154 3623 3239 3670 est
3284 3614 3503 3671 subtilis

1904 3701 2102 3756 divina:
2160 3701 2465 3772 maiestatis
2502 3702 2728 3757 intuitus
2783 3705 2940 3774 aquis
2990 3706 3210 3776 superni
3276 3706 3499 3778 illapsus

1906 3793 2214 3849 imminutis
2243 3794 2584 3859 obcluditur,
2639 3796 2838 3866 quibus
2884 3799 2947 3852 de
3000 3798 3365 3854 immensitate
3405 3799 3498 3854 illa

1905 3883 2053 3948 caeli,
2086 3884 2151 3939 de
2181 3900 2287 3954 quo
2333 3885 2571 3940 dicitur:
2606 3884 2651 3938 Α
2705 3902 2907 3941 summo
2953 3887 3079 3943 caelo
3124 3890 3347 3959 egressio
3381 3889 3497 3960 ejus

1904 3974 2079 4046 (Psal.
2132 3993 2290 4043 xvm,
2341 3979 2417 4045 7),
2475 3994 2667 4049 parum
2734 3981 2863 4050 quid
2908 3982 3310 4054 attingebatur,
3360 3984 3491 4054 quin

1901 4070 2067 4124 etiam
2098 4086 2304 4142 magum
2333 4070 2452 4126 fons
2487 4073 2777 4127 obturatur
2827 4074 3049 4145 abyssi,
3107 4075 3231 4129 dum
3272 4076 3386 4145 ipsa
3441 4078 3496 4133 in

1902 4163 2061 4217 nobis
2102 4162 2285 4218 delicit
2322 4165 2710 4232 consideratio,
2745 4174 2798 4222 et
2828 4168 3021 4222 notitia
3060 4169 3256 4233 nostri,
3288 4179 3343 4224 et
3375 4177 3496 4224 tur-

1901 4254 2028 4309 bata
2058 4255 2214 4325 quies
2243 4257 2406 4311 animi
2437 4272 2538 4313 nec
2577 4273 2637 4313 se
2666 4263 2809 4314 valet
2840 4274 3058 4328 capere,
3092 4275 3266 4331 neque
3295 4270 3496 4332 myste-

1901 4347 1981 4402 ria
2021 4349 2150 4415 Dei,
2203 4366 2325 4404 nam
2374 4334 2688 4420 passionum
2748 4354 2970 4410 incursu
3032 4356 3296 4409 avertitur
3326 4356 3492 4412 divini

1900 4441 2187 4511 placiditas
2213 4442 2497 4499 stillicidii.

214 4536 277 4591 ab
312 4536 394 4592 his
423 4554 542 4608 quae
569 4540 970 4597 rationabiliter
996 4541 1151 4611 quasi
1180 4540 1566 4608 defenduntur,
1620 4557 1791 4613 usque
1820 4550 1874 4611 D
1970 4535 2135 4591 VERSo
2178 4537 2230 4591 5-
2253 4568 2323 4577 —
2350 4537 2589 4593 Reversa?
2616 4549 2736 4593 sum
2767 4556 2920 4611 aqua?
2958 4556 3020 4595 ne
3048 4550 3187 4596 terra
3224 4551 3404 4597 euntes
3442 4552 3491 4600 et

210 4624 272 4679 ad
298 4640 361 4681 ea
391 4644 510 4698 qua:
541 4638 651 4685 tam
680 4632 886 4701 peculia
915 4641 1061 4699 sunt,
1095 4645 1155 4688 ut
1178 4633 1396 4689 delendi
1423 4649 1526 4689 non
1559 4635 1791 4704 possint,

212 4728 312 4772 tam
346 4732 504 4775 εωηο
556 4735 748 4792 repens
802 4722 1063 4790 luxuries,
1095 4739 1258 4794 quam
1288 4724 1595 4797 hypocrisis
1627 4725 1794 4782 coelos

206 4814 435 4883 petentis
482 4815 695 4884 rabies,
748 4833 777 4872 a
838 4818 1018 4873 subito
1084 4833 1239 4888 aquae
1300 4818 1541 4877 caelestis
1599 4818 1793 4889 illapsu

208 4907 461 4963 amittunt
492 4924 642 4975 suas,
676 4919 890 4967 nostras
919 4910 1171 4967 videlicet
1221 4922 1444 4982 pectora
1476 4913 1655 4979 sedes,
1682 4929 1791 4969 non

206 5005 339 5070 quod
371 5018 598 5073 prorsus
628 5003 905 5067 deficiant,
935 5006 1031 5060 sed
1056 5005 1197 5075 quod
1226 5007 1292 5060 ad
1322 5015 1533 5076 tempus
1560 5009 1672 5063 Deo
1692 5024 1791 5064 nos

204 5094 466 5152 invisente
514 5098 821 5169 quiescant.
864 5096 1136 5152 Remansit
1186 5107 1361 5152 autem
1392 5098 1533 5153 solus
1574 5098 1709 5165 Noe,
1742 5109 1791 5155 et

201 5189 283 5259 qui
333 5205 452 5243 eum
504 5207 565 5246 eo
622 5200 772 5246 erant
822 5191 876 5246 in
926 5206 1072 5245 arca.
1138 5188 1587 5263 Obtinueruntque
1638 5208 1790 5263 aqua:

205 5282 380 5337 diluvii
428 5292 599 5339 terras
648 5292 853 5339 centum
913 5282 1293 5355 quinquaginta
1341 5283 1543 5336 diebus.
1588 5282 1681 5337 llis
1713 5284 1787 5338 ita

205 5373 516 5442 exstinctis,
568 5374 725 5430 beata
787 5375 1021 5445 quadam
1073 5375 1365 5431 solitudine
1411 5389 1531 5428 eum
1560 5389 1782 5430 suarum

205 5468 460 5544 centuriis
489 5468 753 5524 virtutum
804 5468 917 5525 Noe
966 5478 1155 5528 noster
1194 5470 1307 5541 jam
1341 5469 1586 5540 placidus
1611 5485 1786 5525 rema-

206 5566 307 5614 net.
351 5559 582 5631 Aperuit
635 5563 781 5617 enim
827 5561 1024 5618 dilecto
1071 5562 1346 5632 pessulum
1386 5561 1565 5634 (Cant.
1612 5563 1783 5633 v.6);

207 5661 486 5725 cumatque
507 5655 1054 5728 cum‘ipso(Apoc.ttt,
1080 5657 1374 5727 20).Aqua:
1396 5656 1583 5712 diluvii
1610 5666 1785 5715 terras

205 5744 463 5813 obtinent,
492 5762 616 5803 cum
645 5749 887 5804 membra
917 5759 1123 5816 nostra,
1157 5765 1276 5819 quae
1306 5759 1434 5805 sunt
1486 5765 1650 5820 super
1677 5759 1784 5804 ter-

208 5852 315 5894 ram
344 5837 483 5911 (Col.
513 5857 598 5910 ut,
622 5842 700 5915 5),
735 5842 818 5897 vel
852 5843 994 5913 ipsas
1024 5852 1334 5901 nostrorum
1376 5858 1631 5901 sensuum
1658 5862 1781 5921 par-
1800 5910 1815 5919 Α

1899 4629 2194 4696 redeuntes,
2253 4640 2300 4684 et
2347 4641 2605 4700 coeperunt
2639 4632 2807 4686 minui
2851 4643 2964 4703 post
2989 4645 3192 4691 centum
3217 4639 3483 4711 quinqua-

1896 4722 2044 4791 ginta
2073 4721 2205 4775 dies.
2236 4723 2401 4792 Aqua!
2428 4722 2495 4777 de
2515 4731 2656 4778 terra
2682 4734 3053 4794 revertuntur,
3076 4743 3200 4784 cum
3223 4729 3289 4785 de
3317 4733 3480 4787 corde

1896 4830 2003 4869 non
2023 4813 2135 4883 jam
2166 4817 2436 4883 coelestia,
2469 4816 2563 4873 sed
2595 4826 2811 4874 terrena
2865 4823 3105 4879 versanti
3143 4824 3488 4882 intellectua-

1895 4906 2025 4961 littm
2049 4907 2290 4979 origines
2322 4909 2717 4980 cogitationum
2751 4912 2979 4969 sublata:
3009 4914 3077 4969 ad
3101 4925 3301 4971 statum
3338 4926 3487 4972 vete-

1896 5015 2012 5056 rem
2042 5001 2419 5069 revolvuntur,
2452 5004 2591 5059 sicut
2618 5006 2761 5061 enim
2792 5006 3011 5078 gla‘cies,
3063 5024 3183 5062 cum
3244 5010 3480 5065 diversis

1894 5109 1961 5149 ex
2013 5097 2191 5152 causis
2254 5098 2583 5169 congelascit
2631 5109 2687 5156 et
2737 5101 2994 5173 liquatur,
3056 5116 3272 5171 semper
3302 5112 3483 5159 tamen

1893 5202 2032 5257 aqua
2083 5196 2166 5243 est
2218 5190 2574 5257 naturaliter,
2628 5193 2707 5249 sic
2762 5194 3022 5263 cegitatio
3084 5203 3303 5261 nostra,
3358 5190 3485 5252 licet

1893 5282 2281 5353 contemplatio
2308 5298 2373 5337 ex
2404 5286 2673 5342 accidenti
2700 5296 2942 5354 vocetur,
2969 5301 3189 5357 semper
3228 5289 3488 5362 cogitatio

1893 5383 1996 5428 est.
2053 5377 2217 5445 Aqutv
2260 5376 2427 5447 igitur
2472 5379 2538 5431 ad
2572 5392 2631 5431 se
2660 5378 2723 5429 de
2754 5386 2919 5441 terra,
2954 5378 3006 5432 id
3056 5389 3140 5435 est
3182 5381 3251 5436 ob
3284 5383 3482 5437 terreni

1893 5466 2295 5523 immersionem
2346 5468 2573 5523 all‘ectus
2605 5479 2980 5536 revertuntur,
3033 5472 3159 5526 dum
3194 5490 3313 5543 quae
3342 5490 3478 5530 con-

1893 5561 2221 5633 templativa:
2276 5563 2491 5617 fuerant
2550 5564 2904 5635 cogitationes
2944 5565 3263 5623 relabuntur
3313 5571 3379 5625 ad
3428 5569 3481 5625 id

1893 5656 2037 5725 quod
2079 5656 2395 5710 humanitus
2428 5670 2547 5712 esse
2572 5657 2775 5726 solent;
2810 5658 2926 5725 sed,
2962 5660 3029 5714 ad
3061 5660 3278 5715 solitum
3328 5677 3476 5717 mor-

1893 5750 2115 5804 talitatis
2146 5766 2301 5805 usum
2328 5749 2582 5821 relapsze;
2606 5762 2661 5808 et
2681 5769 2780 5824 per
2800 5753 3109 5824 ingruentia
3140 5762 3474 5810 tentatnenta

1891 5847 1944 5901 in
1977 5845 2218 5902 deterius
2242 5860 2457 5917 semper
2486 5857 2687 5914 euntes,
2725 5847 2976 5915 redeunt,
3007 5848 3135 5919 quia
3176 5848 3242 5903 ad
3269 5864 3475 5933 mf:me

4024 4114 4025 4165 1

4021 4208 4023 4275 1

4018 4314 4021 4387 1

4016 4540 4017 4609 1

4013 4652 4015 4721 1

4010 4756 4013 4831 1
