4062 6354
555 304 624 364 99
659 303 674 333 "
1344 321 1402 376 v.
1443 315 1765 376 GUlBERTl
1804 313 2100 372 ABBATIS
2133 313 2191 371 s.
2223 313 2462 371 manus
2505 315 2593 372 ne
2621 315 3020 392 NOVlGENTO

3805 327 3942 384 100

543 449 684 500 riam
725 459 998 516 persensae
1048 440 1214 498 semel
1271 438 1572 495 dulcedinis
1633 436 2206 508 speculationisqueA
2236 432 2407 490 Adam
2455 443 2510 490 et
2566 432 2757 502 Evam,
2797 435 2890 508 qui
2947 436 3041 492 Dei
3096 435 3421 495 fruebantur
3459 439 3798 514 alloquio,
3873 456 3934 500 et

544 537 673 591 dum
733 552 896 606 sapor
949 535 1244 597 reducitur,
1293 531 1491 602 saepius
1543 530 1928 600 ingemiscunt,
1986 525 2128 581 unde

543 629 758 684 cuidam
782 628 978 682 dicitur
1003 645 1016 681 :
1051 625 1253 680 Memor
1275 634 1384 678 esto
1409 622 1550 676 unde
1574 620 1830 676 excideris
1853 618 2038 690 (Apoc.
2063 634 2126 685 ιι,

525 721 623 787 5),
653 732 706 778 et
732 732 843 792 post
870 729 1072 774 centum
1099 717 1484 790 quinquaginta
1508 715 1619 769 dies
1647 713 1814 768 minui
1843 711 2126 782 incipiunt,

543 814 668 885 quia
713 813 814 868 nisi
865 819 957 866 aut
997 807 1204 865 indulta
1233 808 1298 862 ad
1328 807 1518 862 horam
1546 805 1762 861 silentia
1793 802 2126 874 contempla-

543 906 704 962 tionis
735 905 1072 971 transierint,
1105 912 1199 957 aut
1246 900 1508 972 perfectio
1561 898 1758 969 quietis
1795 912 1860 953 ex
1903 897 2126 954 incursu

541 998 799 1054 molestia:
838 995 1072 1065 alicujus
1104 995 1388 1060 exciderit,
1434 993 1523 1048 ubi
1557 1006 1614 1048 se
1666 991 1974 1064 immergat,
2007 1005 2129 1062 quae

537 1093 786 1147 nostram
834 1089 1126 1144 imminuat
1163 1085 1542 1158 prudentiam,
1599 1083 1823 1140 tentatio
1883 1083 2129 1155 reperire

537 1198 643 1236 non
677 1192 904 1252 poterit.

609 1273 777 1328 Vnus.
819 1270 1352 1342 L—Requievitque
1398 1288 1523 1326 arca
1567 1288 1740 1326 mense
1769 1271 2008 1342 septimo,
2055 1271 2130 1328 vi-

544 1372 738 1425 cesima
764 1380 809 1424 et
839 1370 1056 1440 septima
1085 1369 1169 1421 die
1196 1368 1385 1422 mensis
1411 1383 1566 1438 super
1612 1377 1810 1421 montes
1841 1366 2122 1421 Armenia'.

543 1465 680 1518 Dum
719 1477 870 1532 aqua:
899 1470 1020 1530 post
1055 1459 1473 1532 dispensativam
1499 1459 1844 1515 amissionem
1875 1459 2128 1514 rediviva:

541 1555 697 1610 nobis
731 1554 978 1624 spiritum
1001 1531 1428 1627 recogitationis,
1457 1571 1520 1610 ac
1545 1555 1920 1622 castigationis
1945 1553 2128 1609 infun-

539 1648 692 1712 dunt,
735 1648 938 1703 mensis
983 1651 1246 1720 septimus
1286 1651 1488 1722 agitur,
1517 1652 1642 1721 quia
1676 1651 1982 1706 divinarum
2015 1663 2128 1704 me-

538 1739 710 1794 moria
738 1739 1185 1808 illustrationum,
1211 1741 1266 1796 in
1298 1743 1494 1811 quibus
1524 1741 1792 1812 quondam
1824 1741 2127 1796 sabbatiza-

2235 527 2380 581 nulla
2428 543 2537 582 sua:
2594 529 2774 583 carnis
2811 529 3082 585 incentiva
3130 531 3500 602 patiebantur,
3537 535 3924 592 attendunt

2234 637 2395 692 quam
2440 620 2598 678 facile
2655 623 2885 689 ruerint,
2935 633 2988 679 et
3036 625 3153 680 base
3203 625 3400 680 damna
3474 630 3925 683 excusatione

2234 719 2394 790 digna
2444 737 2544 792 pro
2590 721 2826 778 natur-ali
2881 723 3176 796 fragilitate
3230 713 3612 794 praetendunt.
3674 723 3750 778 Si
3798 723 3916 786 illi,

2235 808 2432 881 inquit,
2463 813 2589 879 hoc,
2642 824 2734 868 aut
2789 813 2920 870 illud
2957 815 3193 886 egerint,
3244 831 3344 887 ego
3385 815 3715 870 homuncio
3783 831 3918 884 qm:

2236 907 2435 962 robore
2470 909 2826 966 resisterem?
2879 913 3013 966 Dum
3052 928 3184 983 ergo
3232 929 3501 978 mensem,
3533 913 3587 967 id
3632 923 3750 968 est
3793 929 3916 966 nn-

2234 1013 2446 1055 merum
2495 1003 2652 1072 quasi
2717 1003 2927 1059 dierum
2996 1005 3300 1062 claritatem
3353 1007 3406 1061 in
3463 1006 3725 1062 decimo
3803 1007 3912 1060 illo

2233 1103 2542 1163 peccatore,
2576 1097 2750 1151 Adam
2785 1097 3028 1164 scilicet,
3077 1099 3446 1163 considerant,
3497 1099 3609 1154 sub
3701 1102 3907 1152 tantis

2235 1189 2553 1245 auctoribus
2579 1205 2638 1244 se
2669 1205 2830 1261 posse
2860 1207 3110 1262 peccare,
3152 1209 3276 1247 cum
3330 1200 3384 1246 et
3438 1192 3542 1262 ipsi
3577 1207 3902 1262 peccave-
3985 1189 3990 1260 ᾖ

2235 1279 2363 1345 rint,
2395 1282 2779 1337 excusabiliter
2798 1292 3012 1353 puta-ut.
3039 1283 3250 1338 Decimo
3279 1285 3416 1337 enim
3440 1299 3654 1344 mense,
3687 1283 3894 1351 prima
3981 1343 3984 1346 _

2235 1372 2319 1428 die
2343 1374 2532 1429 mensis
2563 1386 2921 1444 apparuerunt
2967 1377 3246 1430 cacumina
3297 1375 3582 1429 montium.
3639 1373 3722 1428 In
3762 1375 3890 1444 ipse
3993 1371 3995 1382 ’

2235 1479 2469 1537 namque
2503 1465 2680 1535 primo
2709 1476 2876 1532 statu,
2911 1483 3072 1538 quem
3097 1468 3368 1524 decimum
3399 1468 3656 1522 diximus
3705 1483 3886 1522 men-

2233 1569 2369 1620 sem,
2420 1557 2594 1626 prima
2639 1557 2750 1622 die,
2793 1556 2845 1611 id
2889 1567 2972 1613 est
3019 1557 3074 1612 in
3103 1557 3221 1628 ipso
3263 1555 3545 1612 felicitatis
3572 1557 3880 1622 introitu,

2232 1657 2584 1716 apparuerunt
2637 1651 2911 1704 cacumina
2967 1651 3245 1715 montium,
3297 1651 3348 1704 id
3383 1659 3468 1706 est
3497 1651 3762 1721 superbi
3797 1651 3883 1704 fa-

2235 1747 2351 1793 stus
2382 1737 2596 1793 illormn
2627 1740 2844 1810 generis
2896 1741 3066 1797 nostri
3096 1740 3432 1812 principum;
3477 1741 3674 1796 solent
3729 1758 3877 1797 sane

538 1832 736 1899 vimus,
780 1833 1110 1906 interimque
1146 1835 1272 1890 dum
1319 1836 1692 1897 recordamur,
1739 1833 2130 1905 aliquantisper
2161 1832 2206 1892 B
2234 1831 2399 1904 aliqui
2440 1833 2518 1888 sic
2559 1833 2779 1890 dicere:
2811 1833 2868 1890 Si
2918 1833 2993 1890 illi
3039 1835 3094 1889 in
3145 1833 3394 1905 superbia
3445 1851 3511 1890 ac
3563 1837 3869 1903 avaritia,

537 1925 974 1994 sabbatizamus,
1011 1927 1078 1982 ad
1130 1943 1224 1983 cor
1274 1935 1609 1983 revocatur:
1642 1927 1846 1982 mensis
1893 1942 2128 1996 namque

538 2018 746 2072 dierum
781 2018 1034 2074 collectio
1060 2027 1165 2086 est,
1199 2028 1254 2075 et
1291 2021 1554 2090 septimus
1581 2020 1866 2076 sabbatum
1891 2029 2005 2085 est;
2031 2019 2126 2074 sed

537 2109 582 2166 si
608 2111 810 2168 mensis
837 2111 1103 2184 septimus
1126 2113 1325 2170 bonum
1351 2113 1479 2184 quid
1504 2120 1741 2178 tnsonat,
1783 2112 2038 2168 vicesima
2071 2121 2127 2166 et

535 2205 764 2274 septima
807 2204 922 2260 dies
975 2204 1180 2261 mensis
1233 2205 1494 2275 quidquid
1541 2205 1668 2259 boni
1738 2204 2124 2276 praecinuimus

537 2298 752 2361 turbat;
784 2310 881 2364 per
919 2295 1110 2366 viginti
1158 2296 1303 2350 enim
1361 2295 1673 2366 duplicitas,
1706 2310 1804 2365 per
1838 2295 2123 2364 septimam

535 2385 834 2441 identidem
868 2387 1108 2456 requies,
1149 2401 1246 2456 per
1284 2385 1427 2442 diem
1474 2387 1616 2442 bona
1659 2385 1911 2440 voluntas
1945 2386 2129 2455 expri-

540 2477 740 2542 mitur;
774 2477 1009 2548 suppetit
1043 2493 1172 2547 ergo
1199 2479 1339 2532 bona
1373 2477 1440 2533 ad
1463 2477 1906 2534 sabbatizandum
1935 2479 2125 2533 volun-

545 2577 648 2635 tas,
700 2570 826 2624 dum
879 2585 1041 2640 quam
1095 2571 1166 2626 sit
1211 2571 1410 2626 bonum
1451 2585 1697 2626 securam
1751 2571 1951 2626 habere
1997 2586 2125 2626 con—

541 2663 829 2719 scientiam
867 2664 1177 2729 recolimus,
1205 2666 1298 2721 sed
1329 2681 1452 2721 cum
1489 2666 1572 2720 ad'
1595 2665 1894 2737 appetitum
1943 2665 2124 2721 carnis

539 2757 882 2827 respicimus,
932 2759 1035 2813 hoc
1088 2758 1231 2814 illico
1273 2759 1561 2830 dupliciter
1589 2774 1698 2814 non
1741 2757 1956 2814 sincere
1989 2758 2124 2813 velle

546 2851 873 2920 probamur;
914 2849 1035 2905 Vult
1087 2852 1265 2919 enim,
1319 2853 1395 2908 ait
1447 2849 1725 2918 Salomon,
1781 2861 1830 2906 et
1881 2851 2124 2906 nonvult

533 2942 680 3013 piger
707 2939 890 3012 (Prov.
921 2958 1040 3008 xm,
1066 2941 1144 3014 4),
1186 2943 1312 2997 dum
1360 2943 1562 2998 bonum
1594 2944 1816 3015 exsequi
1855 2943 2033 3009 vellet,
2077 2942 2123 2998 si

538 3033 657 3090 sine
686 3033 792 3089 ulla
821 3035 1002 3090 carnis
1027 3035 1364 3091 continentia
1403 3035 1521 3090 fieri
1551 3044 1756 3107 posset,
1785 3051 1909 3091 cum
1931 3051 2124 3091 secun-

534 3126 662 3182 dum
690 3127 795 3182 hoc
831 3141 956 3182 eum
987 3128 1128 3184 nolle
1151 3128 1366 3199 penitus
1411 3137 1642 3184 constet.
1701 3127 1876 3199 Super
1923 3138 2121 3184 montes

534 3232 715 3276 autem
743 3223 1006 3278 Armenia:
1033 3241 1159 3278 arca
1187 3225 1498 3294 requiescit,
1527 3223 1656 3294 quia
1701 3222 1756 3278 in
1805 3233 2120 3280 sanctorum

531 3312 819 3384 exemplis,
878 3314 968 3384 qui
1016 3330 1144 3371 vere
1189 3331 1288 3387 pro
1337 3315 1656 3372 excellentia
1715 3326 1768 3372 et
1823 3315 2122 3373 stabilitate

531 3414 730 3457 montes
786 3404 1069 3470 dicuntur,
1121 3417 1175 3462 et
1224 3409 1456 3464 maxime
1504 3408 1558 3464 in
1606 3407 1824 3464 illorum
1877 3409 1968 3479 qui
1999 3403 2132 3480 post

532 3493 744 3564 lapsum
773 3493 978 3564 aliquid
1007 3495 1312 3551 sanctitatis
1361 3497 1678 3567 attigerunt,
1734 3499 1921 3553 talium
1953 3502 2119 3570 torpi-

534 3583 727 3639 dorum
759 3585 1096 3640 conscientia
1130 3599 1188 3640 se
1217 3585 1466 3642 reflectit.
1499 3586 1558 3642 In
1598 3589 1703 3643 alia
1763 3590 2119 3646 translatione

533 3692 690 3746 super
716 3687 918 3731 montes
947 3676 1141 3731 Ararat
1169 3676 1395 3748 legitur;
1429 3679 1629 3733 Ararat
1681 3679 1825 3733 enim
1853 3678 2118 3735 Hebraice

538 3769 790 3824 Armenia
837 3777 1081 3835 vocatur,
1118 3770 1302 3826 et‘hoc
1327 3770 1502 3840 ipsum
1534 3787 1679 3825 mons
1722 3769 1900 3825 vulsus
1952 3772 2120 3828 inter-

542 3869 822 3931 pretatur;
856 3871 1205 3917 monsautem
1233 3853 1418 3918 vulsus
1451 3864 1712 3918 sanctitas
1733 3874 1815 3919 est
1838 3865 2116 3921 destituta.

535 3951 671 4010 Cum
715 3953 898 4024 itaque
947 3963 1186 4010 tentatur
1239 3956 1542 4027 cujuspiam
1596 3956 1832 4028 religiosi
1881 3957 2114 4026 animus,

537 4057 835 4104 occurrunt
905 4049 1073 4105 menti
1136 4051 1401 4106 montium
1462 4049 1770 4118 vulsiones,
1806 4062 2118 4108 sanctorum

533 4141 745 4198 scilicet
771 4141 974 4214 lapsus,
1017 4145 1108 4215 qui
1139 4153 1318 4200 tamen
1343 4146 1561 4210 adhoc,
1602 4154 1661 4201 ut
1718 4155 1932 4201 montes
1959 4162 2118 4202 voca-

534 4243 742 4299 rentur,
801 4237 982 4292 redire
1027 4238 1348 4293 studuerunt
1379 4239 1645 4309 reparatis
1692 4239 2118 4305 viribus;inbis

531 4319 670 4384 arca
707 4330 1048 4396 immoratur,
1091 4331 1216 4400 quia
1248 4331 1440 4385 horum
1476 4346 1659 4399 casus,
1691 4339 1745 4386 et
1774 4333 2117 4403 postmodum

532 4423 964 4480 resurreCtiones
1005 4424 1159 4494 quasi
1197 4424 1266 4479 ad
1291 4424 1613 4480 imitandum
1657 4425 1940 4497 possibilia
1969 4425 2120 4497 cogi-

535 4518 651 4566 tare
681 4513 1001 4570 delectatur.

610 4602 773 4660 Vnus.
813 4606 866 4661 5.
890 4637 960 4646 -
990 4607 1057 4660 At
1104 4624 1222 4663 vero
1261 4625 1412 4681 aqua:
1462 4609 1626 4676 ibant,
1674 4619 1720 4665 et
1755 4608 2119 4666 decrescebant

534 4711 697 4768 usque
743 4698 813 4750 ad
865 4699 1123 4752 decimum
1169 4717 1416 4755 mensem.
1466 4702 1630 4774 Aqua:
1658 4713 1788 4758 eunt
1819 4714 1872 4759 et
1901 4705 2120 4760 decres-

511 4794 686 4852 ‘cunt,
731 4786 858 4842 dum
892 4789 1194 4860 spiritualis
1249 4807 1279 4844 a
1313 4791 1467 4846 nobis
1503 4795 1804 4862 prudentia:
1849 4796 2118 4868 cogitatus

531 4881 812 4946 recedunt,
845 4881 939 4937 sed
971 4881 1097 4950 quia
1127 4883 1342 4951 spiritus
1364 4883 1556 4939 vadens
1587 4885 1759 4956 (Psal.
1787 4902 1992 4954 Lxxvu,
2024 4889 2116 4961 39)

531 4973 749 5043 quidem
776 4988 873 5044 per
901 4989 961 5028 se
987 4988 1197 5040 sumus,
1226 4973 1320 5029 sed
1343 4989 1441 5045 per
1462 4992 1520 5031 se
1545 4993 1647 5030 non
1672 4977 1873 5034 rediens
1899 4979 2115 5052 (Ibid.),

530 5067 598 5122 ad
629 5068 898 5123 decimum
933 5082 1175 5124 mensem
1229 5067 1556 5124 intendendo
1602 5072 1881 5128 deficiunt.
1915 5072 2117 5130 Mensis

530 5161 791 5228 decimus,
825 5162 951 5218 licet
975 5162 1157 5218 minus
1206 5163 1402 5218 usitata
1453 5164 1567 5218 haec
1611 5166 1991 5236 interpretatio
2018 5168 2117 5222 ha—

527 5252 745 5319 beatur,
791 5254 1040 5311 humanae
1080 5256 1404 5312 conditionis
1427 5255 1695 5330 47⁷οιἀο
1737 5275 1846 5314 non
1883 5260 2116 5316 absurde

527 5345 820 5421 accipitur,
864 5346 957 5417 qui
1006 5364 1198 5406 novem
1237 5351 1438 5406 creatis
1485 5351 1801 5423 angelorum
1834 5352 2116 5411 ordinibus

529 5438 775 5494 decimus
820 5448 904 5496 est
932 5449 1181 5508 creatus;
1225 5459 1345 5498 cum
1403 5458 1534 5517 ergo
1575 5444 1842 5500 illecebrae
1871 5445 2114 5504 animum

527 5529 777 5585 carnales
810 5541 1025 5603 urgent,
1059 5547 1165 5587 non
1206 5535 1366 5590 modo
1389 5552 1504 5604 eos,
1545 5538 1636 5608 qui
1677 5552 1777 5608 per
1803 5537 1932 5591 Adze
1980 5553 2113 5607 prae-

526 5618 917 5674 varicationem
951 5619 1092 5676 facta
1121 5623 1444 5678 necessitate
1473 5628 1732 5696 peccandi
1757 5643 1924 5699 grave
1951 5629 2109 5698 quid-

525 5708 670 5778 piam
705 5711 1114 5781 commiserunt,
1163 5713 1220 5769 in
1268 5715 1568 5786 exemplum
1607 5719 1953 5777 admittenda:
1979 5736 2108 5791 pra-

524 5802 710 5860 vitatis
738 5805 979 5875 adhibet,
1025 5808 1121 5866 sed
1173 5809 1321 5880 ipsos
1363 5808 1644 5890 principes
1691 5813 1908 5881 generis
1937 5813 2109 5870 nostri

2233 1940 2354 1994 qua:
2402 1925 2670 1982 naturalia
2721 1943 2827 1983 non
2861 1937 2989 1983 sunt
3017 1927 3150 1982 vitia
3182 1927 3547 1999 deliquerunt,
3585 1946 3703 1986 nos
3772 1933 3867 2002 qui

2235 2016 2287 2070 in
2313 2016 2456 2082 ciba;
2499 2033 2565 2073 ac
2588 2027 2740 2089 potu,
2775 2019 3024 2090 corporis
3053 2019 3349 2090 voluptate,
3379 2035 3498 2088 quae
3539 2020 3862 2093 originali-

2233 2117 2314 2162 ter
2354 2108 2602 2165 medullis
2650 2111 2851 2165 nostris
2901 2109 3066 2166 insita
3114 2121 3271 2177 sunt,
3319 2127 3658 2182 peccamus,
3724 2116 3860 2184 quid

2231 2201 2426 2256 mirum
2447 2187 2726 2258 facimus?
2756 2205 3032 2258 cacumina
3055 2203 3222 2274 igitur
3245 2206 3504 2260 utentium
3533 2205 3624 2262 sic
3657 2219 3854 2264 atten-

2229 2295 2383 2361 dunt,
2407 2295 2534 2350 dum
2565 2296 2780 2351 illorum
2803 2297 2952 2352 vitiis
2991 2313 3050 2352 se
3081 2297 3400 2353 defendunt.

2300 2387 2464 2444 Vsus.
2513 2389 2565 2456 6,
2632 2390 2784 2444 7.-
2832 2389 3069 2462 Cumque
3095 2392 3406 2447 transissent
3469 2395 3852 2467 quadraginta

2229 2477 2358 2545 dies,
2398 2482 2638 2550 aperiens
2671 2481 2788 2537 Noe
2837 2483 3118 2552 fenestram
3147 2501 3285 2539 arcae
3341 2483 3540 2538 dimisit
3593 2503 3848 2543 corvum.

2231 2569 2334 2637 Qui
2363 2574 2744 2642 egrediebatur,
2771 2586 2819 2628 et
2838 2592 2942 2630 non
2980 2577 3352 2641 revertebatur,
3385 2577 3551 2632 donec
3571 2579 3849 2636 siccaren-

2228 2674 2316 2717 tur
2340 2681 2492 2736 aqua:
2519 2682 2676 2736 super
2703 2677 2920 2722 terram.
2955 2653 3323 2740 Quadraginta
3374 2669 3485 2725 dies
3517 2681 3843 2742 transeunt,

2229 2753 2358 2810 dum
2416 2756 2796 2828 intelligentia,
2855 2775 3018 2830 quam
3041 2777 3107 2816 ex
3155 2761 3845 2839 DecalogiEvangeliique

2227 2849 2574 2916 observantia
2605 2850 2871 2906 habentes
2925 2851 3243 2917 claruimus,
3282 2853 3718 2924 superveniente
3747 2875 3843 2915 ne-

2227 2943 2413 3013 quitiae
2448 2955 2606 2998 nocte
2635 2943 2940 3014 privamur.
2966 2944 3034 2999 Et
3059 2953 3187 3000 tunc
3221 2945 3338 3001 Noe
3365 2947 3662 3017 fenestram
3691 2968 3838 3006 arcte

2230 3034 2426 3104 aperit,
2450 3049 2574 3090 cum
2603 3035 2823 3090 animus
2845 3034 3259 3091 sensualitatem
3303 3037 3550 3107 corporis
3581 3041 3830 3108 pessima

2231 3123 2482 3179 libertate
2530 3125 2598 3179 ad
2651 3125 2904 3181 haustum
2981 3123 3273 3195 cujuslibet
3331 3121 3626 3199 voluptatis
3668 3131 3830 3200 quasi

2149 3193 2195 3258 (ἶ
2226 3213 2496 3270 fenestras
2519 3215 2802 3286 eXpandit.
2830 3193 3058 3272 Corvum
3081 3216 3332 3286 dimittit,
3366 3193 3490 3273 cum
3521 3193 3821 3290 appetitum

2225 3305 2293 3360 ad
2334 3306 2590 3376 quaslibet
2624 3307 2806 3376 turpia
2833 3304 3090 3362 eﬂ'renem
3120 3308 3201 3362 ire
3225 3308 3374 3363 sinit.
3392 3309 3499 3366 lste
3521 3310 3809 3382 egreditur,

2225 3397 2279 3452 id
2325 3407 2412 3454 est
2449 3399 2691 3454 extraria
2744 3398 3188 3469 concupiscendo
3237 3409 3487 3471 vagatur,
3516 3409 3566 3455 et
3597 3416 3704 3455 non
3732 3418 3818 3458 re-

2224 3490 2475 3554 vertitur,
2503 3489 2669 3544 donec
2731 3505 2885 3561 aqua:
2924 3489 3200 3547 siccentur
3246 3491 3300 3546 id
3331 3501 3416 3548 est
3467 3507 3732 3563 nunquam
3757 3495 3808 3548 si

2226 3581 2327 3636 sibi
2352 3581 2511 3636 liceat
2544 3581 2776 3637 rationis
2811 3582 2936 3652 jura
2993 3582 3287 3656 colligitur,
3332 3583 3506 3641 donec
3559 3585 3800 3656 quidquid

2223 3675 2444 3746 pietatis
2496 3691 2559 3731 ac
2591 3676 2779 3746 gratia:
2828 3684 3043 3731 constat
3087 3675 3338 3733 interius.
3397 3678 3490 3748 qui
3541 3679 3729 3734 humor
3753 3679 3808 3736 in

2223 3723 2442 3746 ΓΜ---
2496 3723 2558 3731 -.-
2591 3723 2778 3746 om...
2831 3723 3043 3731 --.ψη
3399 3723 3490 3748 Ἰ-.
3541 3723 3718 3734 .......-.

2222 3766 2380 3822 nobis
2407 3776 2493 3822 est
2545 3766 2762 3822 divinus
2794 3767 3016 3823 omnino
3068 3768 3376 3825 exsiccetur
3407 3769 3460 3824 in
3512 3777 3672 3838 terra,
3708 3771 3808 3828 hoc

2227 3869 2316 3916 est
2350 3860 2403 3914 in
2433 3861 2726 3917 mentibus.
3979 3860 3984 3914 Τ

2294 3953 2462 4008 Vsus.
2498 3954 2556 4020 8,
2586 3954 2640 4010 9.
2664 3985 2734 3994 —
2757 3949 2950 4009 Emisit
2992 3970 3194 4026 quoque
3241 3955 3538 4012 columbam
3563 3966 3670 4028 post
3691 3975 3802 4014 eum

2222 4042 2395 4098 uidere
2437 4044 2483 4097 si
2533 4044 2642 4113 iam
2696 4053 2984 4100 cessassent
3036 4062 3190 4116 aqua:
3237 4063 3395 4116 super
3419 4048 3608 4117 faciem
3635 4042 3798 4104 terrte.

2226 4132 2357 4200 Quae
2381 4151 2498 4190 cum
2529 4153 2632 4191 non
2671 4137 2950 4192 invenisset
2993 4136 3082 4191 ubi
3130 4139 3474 4210 requiesceret
3537 4157 3622 4211 pes
3665 4143 3794 4211 ejus,

2223 4243 2428 4282 reversa
2451 4238 2525 4282 est
2556 4229 2626 4282 ad
2659 4227 2778 4283 Noe
2816 4231 2870 4284 in
2893 4246 3094 4284 arcam.
3126 4229 3278 4286 Licet
3323 4231 3561 4288 carnalis
3589 4231 3797 4290 affectus

2222 4319 2383 4376 facile
2405 4323 2510 4378 huc
2541 4321 2776 4394 illucque
2808 4323 3046 4390 labatur,
3083 4324 3225 4380 ratio
3256 4333 3435 4380 tamen
3469 4327 3790 4396 gemebunda

2223 4414 2572 4484 prosequitur
2620 4421 2676 4470 et
2721 4421 2932 4484 pensat,
2991 4414 3120 4470 licet
3169 4415 3312 4472 male
3353 4417 3611 4488 implicita
3635 4416 3792 4472 obniti

2145 4548 2199 4607 Β
2225 4522 2332 4563 non
2359 4507 2556 4574 valeat,
2595 4522 2692 4578 per
2712 4523 2833 4578 qua:
2855 4505 3069 4564 affectio
3102 4524 3196 4563 sua
3219 4508 3481 4564 vitiorum
3523 4508 3789 4567 volutabra

2224 4601 2582 4666 distrahatur,
2625 4610 2682 4656 et
2730 4609 2994 4670 quantum
3051 4601 3232 4657 cordis
3277 4601 3448 4657 facies
3493 4601 3562 4656 ab
3595 4601 3788 4658 interna

2223 4691 2590 4746 teneritudine
2648 4691 2807 4759 quasi
2867 4691 2984 4746 sine
3047 4692 3246 4762 pluviis
3285 4703 3432 4749 terra
3491 4693 3785 4748 obduretur.

2223 4783 2330 4840 Sed
2378 4799 2503 4838 cum
2553 4783 2731 4838 adhuc
2801 4782 3076 4854 religionis
3121 4774 3365 4840 fervente
3407 4785 3700 4850 memoria,‘
3735 4794 3789 4841 et

2218 4874 2442 4948 pudoris
2473 4873 2696 4928 humani
2756 4871 3054 4929 obsistente
3094 4874 3372 4946 repagulo,
3401 4893 3491 4945 pes
3519 4875 3782 4942 columbae,

2219 4969 2275 5025 id
2307 4976 2390 5023 est
2441 4965 2684 5023 ‘aﬂ‘ectus
2751 4967 2977 5024 rationis
3042 4969 3303 5038 peccandi
3325 4971 3780 5041 opportunitatem,

2220 5062 2391 5117 locum
2421 5060 2702 5128 videlicet,
2753 5077 2860 5132 quo
2912 5061 3221 5134 requiescat
3269 5079 3378 5119 non
3430 5064 3629 5120 invenit
3655 5064 3780 5118 intra

2219 5156 2570 5214 conscientia:
2611 5174 2816 5225 arcam,
2859 5151 3022 5226 quasi
3046 5155 3501 5227 concupiscentiae
3537 5155 3781 5228 paenitens

2219 5267 2279 5308 se
2303 5253 2516 5323 recipit,
2574 5253 2720 5309 unde
2771 5252 3021 5322 sequitur
3055 5267 3070 5305 :
3104 5251 3269 5322 Aqua:
3308 5251 3444 5304 enim
3474 5261 3616 5305 erant
3641 5264 3780 5320 super

2217 5347 2513 5401 universam
2563 5355 2778 5402 terram.
2837 5344 3190 5417 Extenditque
3243 5359 3493 5410 manum;
3529 5353 3576 5398 et
3614 5358 3778 5413 appre-

2217 5439 2641 5497 hensam.intulit
2663 5441 2720 5492 in
2759 5454 2960 5493 arcam.
2997 5437 3307 5508 Spiritualis
3331 5437 3541 5506 pondus
3569 5435 3774 5506 pruden-

2220 5532 2307 5588 tia:
2346 5531 2476 5588 solet
2532 5530 2829 5602 reprimere
2879 5529 3083 5584 diutius
3125 5529 3337 5600 ineptos
3385 5536 3563 5584 motus
3586 5525 3769 5582 animae.

2216 5625 2380 5696 Aqute
2411 5639 2540 5694 ergo
2565 5624 2739 5677 adhuc
2780 5621 3067 5678 imminent
3127 5629 3309 5688 terra),
3341 5636 3460 5692 quae
3499 5625 3665 5676 vetant
3697 5619 3770 5674 sui

2215 5715 2525 5771 reverentia
2587 5713 2860 5769 hominem
2916 5713 2982 5768 ad
3043 5711 3232 5768 illicita
3308 5715 3478 5767 exire.
3547 5710 3767 5766 Extendit

2214 5823 2450 5874 manum,
2507 5807 2684 5865 exerit
2735 5807 3109 5866 fortitudinem
3151 5807 3763 5878 operum,et'rationem
