4062 6354
252 356 348 413 101
1309 328 1675 399 nomnen
1710 325 1776 382 IN
1804 323 1860 381 Gl

1965 321 2099 380 ESIN
2136 320 2264 377 LIB.
2308 318 2396 376 111.
3418 314 3529 372 102

254 471 487 543 quadam
568 460 736 519 animi
797 456 1039 514 novitate
1100 457 1403 508 correctam
1465 442 1725 509 intrudit,
1782 448 1841 494 ut
1868 442 1921 505 Α
1948 435 2154 490 imbuta
2177 444 2282 498 est,
2308 446 2404 504 per
2424 443 2482 487 se
2513 442 2620 486 non
2644 428 2884 486 reditura
2914 426 3145 498 amplius
3185 441 3280 483 cor
3310 427 3531 499 depres-

255 538 371 619 sola
420 562 634 615 interna
686 560 855 616 curet,
924 549 978 603 in
1030 559 1235 609 arcam,
1289 543 1395 597 hoc
1449 546 1533 595 est
1582 538 1835 606 seipsam.

256 656 395 707 Dum
442 650 585 706 enim
645 653 886 702 mentem
927 640 1093 712 pudet
1156 635 1444 706 aliquoties
1504 628 1839 702 evagationis

254 763 400 809 suae,
450 740 688 798 instituit
732 739 870 793 irata
910 733 1014 789 sibi
1071 729 1325 786 arctioris
1374 724 1708 798 propositum
1757 720 1840 773 vi-

257 846 363 903 tae,
400 837 506 891 hoc
547 839 629 889 est
666 829 809 901 quod
853 826 985 883 dicit
1016 838 1140 879 eum
1192 818 1495 877 columbam
1541 813 1843 885 apprehen-

257 929 495 1074 dlslslilts.
537 1014 628 1081 10,
664 1013 751 1068 11.
778 1039 851 1051 —-
890 1005 1223 1079 Exspectatis
1263 1009 1436 1056 autem
1464 996 1605 1061 ultra
1650 1003 1842 1066 septem

259 1110 382 1165 aliis
404 1107 607 1171 diebus,
634 1119 845 1159 rursum
864 1099 1059 1155 dimisit
1083 1093 1375 1150 columbam
1397 1108 1461 1146 ex
1482 1106 1631 1144 arca.
1655 1086 1719 1139 At
1750 1085 1843 1140 illa

261 1202 393 1256 venit
427 1198 495 1251 ad
517 1211 635 1250 eum
656 1194 723 1248 ad
765 1182 1054 1262 vesperam,
1103 1195 1318 1257 portans
1350 1198 1555 1236 ramum
1587 1178 1736 1233 oliva:
1765 1177 1844 1231 ri-

263 1289 492 1343 rentibus
518 1285 663 1355 foliis
684 1286 737 1337 in
760 1299 849 1335 ore
869 1296 987 1335 suo.
1036 1276 1304 1332 lntellexit
1353 1289 1473 1343 ergo
1510 1270 1646 1334 Noe,
1706 1267 1844 1339 quod

265 1387 549 1433 cessassent
575 1391 725 1446 aqua:
752 1389 910 1443 super
953 1381 1169 1424 terram.
1210 1364 1395 1421 Pudor
1442 1364 1710 1416 humanus
1740 1373 1844 1413 non

265 1484 349 1530 est
372 1471 666 1528 exstinctio
691 1463 1063 1531 criminis,sed
1088 1461 1296 1516 dilatio.
1322 1456 1437 1512 Etsi
1465 1455 1610 1511 enim
1639 1453 1847 1507 animo-

263 1571 394 1625 sitas
430 1568 496 1621 ad
532 1567 720 1620 horam
771 1562 990 1616 videtur
1034 1555 1308 1619 contrahi,
1371 1550 1599 1607 intentio
1668 1554 1847 1600 tamen

262 1658 622 1730 prtestolatur,
650 1656 759 1710 imo
807 1652 949 1707 ultra
1008 1664 1067 1704 se
1120 1645 1374 1718 providet
1414 1639 1847 1712 opportunitates

261 1750 543 1821 peccandi.
583 1747 791 1816 Septem
820 1744 1001 1798 diebus
1028 1754 1271 1812 praesens
1311 1734 1567 1791 szeculum
1603 1730 1847 1793 deﬂuxit,

1944 528 2017 584 sit
2037 526 2375 582 immersam.

2013 621 2177 677 Vens.
2210 618 2299 683 15,
2341 617 2427 671 14.
2459 646 2528 657 -—-
2557 615 2732 687 Igitur
2770 614 3146 671 sexcentesimo
3178 614 3350 685 primo
3388 631 3528 669 attno

1941 717 1999 770 in
2024 715 2193 785 primo
2242 726 2434 776 mense,
2492 710 2665 779 prima
2711 709 2795 764 die
2840 710 3032 764 mensis
3090 709 3384 764 imminuta:
3409 718 3529 763 sunt

1945 820 2098 876 aqum
2145 818 2301 873 super
2348 812 2563 854 terram.
2614 798 2719 855 Per
2774 816 2999 863 annum,
3060 800 3151 869 qui
3200 798 3531 854 universitas

1946 898 2187 969 quaedam
2219 894 2478 962 temporis
2515 900 2620 956 est,
2679 892 2985 947 communis
3029 891 3371 947 saecularium
3401 905 3535 946 con-

1946 990 2183 1046 versatio
2231 986 2586 1057 intelligitur;
2636 998 2733 1055 per
2787 1000 3029 1039 mensem
3084 993 3276 1048 status,
3334 993 3389 1038 et
3438 984 3532 1039 ha-

1946 1085 2090 1140 bitus
2152 1083 2276 1136 vitae
2323 1080 2585 1151 cujusque
2657 1077 2894 1133 hominis
2955 1078 3293 1148 exprimitur.
3356 1076 3541 1133 Prima

1948 1179 2064 1235 dies
2085 1177 2199 1243 illa,
2234 1190 2357 1246 quae
2384 1173 2728 1244 potissimum
2755 1172 2807 1226 in
2841 1172 3042 1226 mundo
3066 1178 3257 1241 regnat
3284 1171 3540 1239 intentio,

1947 1273 2197 1342 voluptas
2234 1269 2445 1325 scilicet
2491 1265 2740 1336 corporis
2804 1265 3097 1335 accipitur.
3156 1264 3290 1320 Cum
3350 1281 3479 1336 ergo
3509 1283 3541 1322 a

1950 1364 2366 1425 sexcentesimo,
2400 1377 2429 1416 a
2471 1358 2699 1429 perfecti
2749 1356 3005 1413 videlicet
3027 1357 3211 1427 operis
3240 1358 3539 1426 proposito,

1950 1457 2004 1511 in
2044 1462 2323 1526 peccatum
2352 1452 2476 1522 quis
2530 1450 2753 1515 labitur,
2796 1450 3035 1520 primum
3062 1448 3331 1515 demigrat
3360 1448 3414 1502 in
3446 1464 3545 1502 an-

1950 1563 2099 1611 num,
2136 1546 2188 1600 id
2211 1554 2295 1600 est
2320 1544 2385 1599 ad
2417 1542 2663 1613 pristina:
2708 1541 3143 1597 conversationis
3167 1556 3232 1595 ac
3266 1540 3545 1595 cohabita-

1955 1637 2117 1693 tiouis
2138 1636 2322 1699 ritum,
2343 1648 2503 1703 quem
2519 1630 2772 1701 primitus
2796 1630 3006 1695 habuit,
3022 1645 3129 1699 quo
3151 1629 3299 1685 licite
3318 1645 3548 1698 peccare

1952 1732 2128 1797 licuit,
2183 1737 2565 1799 postremoque
2619 1725 2852 1796 primum
2904 1723 3107 1780 decidit
3159 1724 3213 1778 in
3280 1739 3545 1790 mensem,

262 1842 461 1912 quibus
487 1836 787 1907 intelligere
816 1848 1106 1905 possumus
1148 1829 1355 1884 ﬂuxum
1385 1824 1611 1887 mentis;
1642 1830 1847 1891 septem
1882 1816 1926 1870 B
1952 1830 2187 1900 priorem
2233 1826 2468 1891 scilicet,
2517 1823 2661 1879 unde
2708 1823 2981 1892 quondam
3032 1822 3264 1888 exierat,
3325 1820 3559 1883 vivendi

262 1932 382 1987 dies
403 1923 1085 2000 exspectantur;defectui
1140 1922 1374 1986 scilicet,
1430 1927 1485 1973 et
1545 1915 1635 1970 alii
1686 1928 1849 1984 (piam

265 2022 342 2078 illi
379 2020 762 2091 quadraginta,
822 2016 1019 2085 quibus
1066 2028 1248 2068 mores
1301 2009 1567 2079 legaliter,
1597 2016 1652 2061 et
1704 2005 1851 2057 Novo

265 2121 322 2167 et
352 2111 533 2165 Veteri
564 2109 930 2171 instruuntur,
960 2104 1085 2173 quia
1124 2100 1454 2156 remissioris
1484 2094 1851 2157 conseientiaz,

268 2217 394 2256 cum
447 2197 711 2254 memoria
768 2194 1072 2251 caelestium
1119 2189 1371 2259 intepuit,
1407 2200 1649 2256 tempora
1677 2182 1852 2255 provi-

268 2295 489 2359 dentur,
537 2302 595 2347 ut
647 2292 716 2347 ad
767 2289 1029 2362 patranda
1088 2285 1289 2357 ﬂagitia
1347 2284 1523 2338 nullus
1573 2282 1666 2336 Dei
1696 2282 1857 2335 timor

268 2387 595 2457 refragetur.
624 2383 884 2441 Columba
911 2382 1117 2449 itaque,
1136 2379 1189 2433 id
1213 2386 1298 2433 est
1327 2376 1487 2438 ratio,
1518 2389 1639 2443 qua:
1668 2387 1857 2427 revera

268 2480 389 2534 sine
428 2477 547 2533 felle
593 2476 850 2545 nequitia:
902 2483 1004 2538 est,
1062 2472 1105 2526 si
1139 2470 1278 2525 ratio
1307 2478 1413 2535 est,
1444 2470 1511 2524 ab
1538 2482 1665 2521 arca
1696 2466 1856 2520 emit-

274 2572 429 2636 titur,
453 2586 573 2625 cum
597 2566 1044 2623 irrationabiliter
1073 2565 1124 2618 in
1156 2561 1407 2618 aﬂ‘ectum
1439 2559 1620 2615 cordis
1655 2555 1854 2612 transi-

276 2670 382 2715 tur.
422 2659 600 2714 Prima
628 2658 849 2713 emissio
868 2656 1153 2711 delectatio
1172 2662 1273 2718 est,
1298 2651 1532 2707 secunda
1556 2660 1859 2705 consensus

277 2752 437 2808 tertia
463 2750 671 2822 peccati
721 2748 967 2804 effectus.
1035 2744 1284 2813 Quandiu
1326 2744 1467 2798 enim
1501 2757 1654 2799 mens
1686 2741 1740 2795 in
1767 2754 1860 2794 co-

276 2846 540 2917 gitatione
606 2842 857 2907 ﬂuctuat,
933 2854 1130 2910 pravos
1188 2852 1315 2892 suos
1380 2846 1577 2901 motus,
1637 2841 1731 2888 aut
1762 2831 1859 2886 Dei

278 2947 450 3003 metu,
478 2945 572 2992 aut
604 2937 846 2991 humano
894 2933 1103 3003 pudore
1137 2928 1374 3001 quadam
1408 2927 1637 2982 rationis
1697 2927 1859 2981 redu-

278 3031 464 3085 etione
518 3028 874 3092 reverberat,
935 3026 1107 3081 donec
1181 3021 1625 3094 imaginationum
1680 3019 1857 3075 illecta

276 3122 552 3178 blanditiis
581 3123 759 3179 cedat.
791 3121 951 3178 Redit
980 3133 1132 3187 ergo,
1162 3132 1268 3171 non
1315 3125 1372 3170 ut
1398 3123 1575 3169 errata
1599 3112 1857 3182 corrigat,

280 3215 377 3271 sed
398 3215 466 3268 ad
492 3232 775 3286 vesperam,
802 3224 861 3269 ut
905 3212 1000 3267 Dei
1048 3194 1246 3271 calore,
1299 3223 1365 3262 ac
1404 3206 1523 3261 luce
1551 3213 1744 3274 sponte
1767 3204 1863 3258 de-

280 3309 450 3374 ﬁciat,
472 3317 528 3363 et
553 3317 759 3361 ramum
782 3307 929 3360 oliva:
952 3322 1009 3359 tn
1056 3319 1144 3355 ore
1169 3316 1264 3355 suo
1294 3299 1520 3363 referat,
1544 3299 1594 3351 id
1618 3307 1702 3351 est
1740 3310 1862 3351 sen-

281 3407 507 3453 tentiam
540 3398 739 3451 divina:
768 3394 1157 3449 misericordiae
1179 3389 1523 3459 cogitationis
1554 3387 1863 3456 superﬁcie,

284 3490 390 3543 hoc
445 3498 527 3543 est
582 3502 698 3553 ore,
774 3500 881 3540 non
945 3480 1263 3538 intentionis
1334 3486 1457 3534 voto
1536 3476 1863 3547 promittat,

283 3583 426 3651 quod
458 3580 847 3652 paenitentibus
864 3577 1146 3647 plusquam
1171 3571 1461 3642 nonaginta
1487 3584 1681 3625 novem
1709 3566 1869 3636 justis

285 3673 426 3727 Deus
457 3667 928 3742 aggaudeat(Luc.
961 3683 1050 3729 xv,
1070 3666 1143 3733 7).
1162 3662 1329 3731 Cujus
1354 3661 1487 3715 rami
1515 3661 1688 3714 virent
1716 3657 1864 3722 folia,

284 3762 408 3829 quia
440 3761 622 3815 cordis
655 3759 968 3828 aSpectihus
1010 3755 1126 3810 haec
1156 3752 1321 3806 verba
1348 3751 1600 3806 videntur
1629 3764 1867 3819 superna

284 3850 612 3920 pinguedine
670 3848 879 3912 vivida,
955 3844 1047 3901 ubi
1117 3842 1283 3914 lapsis
1326 3841 1371 3896 si
1422 3842 1647 3895 redeant
1696 3838 1869 3907 major

286 3960 448 4015 quam
500 3942 663 4013 justis
722 3940 1058 4012 promittitur
1103 3936 1322 4009 gratia;
1402 3942 1457 3991 et
1509 3934 1652 4004 quod
1708 3948 1871 4002 quos-

288 4042 412 4097 dam
465 4038 747 4110 permittat
791 4036 934 4090 Deus
1000 4032 1225 4094 cadere,
1293 4040 1352 4084 ut
1410 4028 1696 4099 gloriosius
1758 4026 1870 4098 48

286 4133 534 4204 exemplo
572 4130 861 4186 multorum
900 4127 1064 4182 faciat
1114 4137 1432 4193 resurgere;
1472 4122 1610 4176 redit
1635 4120 1801 4189 igitur
1833 4135 1864 4173 a

287 4225 624 4297 dispersione
652 4238 769 4287 sua,
802 4229 861 4276 ut
890 4221 1005 4275 haec
1036 4217 1218 4272 animo
1262 4231 1384 4271 cum
1439 4213 1601 4267 fuerit
1624 4211 1870 4268 consulta

290 4318 647 4389 respondeat;
674 4324 729 4371 et
754 4315 856 4370 sub
905 4327 1002 4382 spe
1040 4309 1213 4365 venite
1257 4308 1324 4362 ad
1354 4306 1557 4377 ﬂagitia
1595 4304 1866 4366 inﬂectat;

291 4410 544 4480 intelligit
570 4423 702 4479 ergo
725 4407 891 4461 miser
917 4403 1130 4458 animus
1149 4399 1459 4471 spirituales
1491 4397 1544 4452 in
1578 4410 1636 4452 se
1664 4394 1872 4450 aruisse

1951 1919 2195 1976 habitum
2216 1929 2274 1972 et
2312 1931 2541 1982 morem,
2571 1915 2951 1987 contingitque
2994 1914 3160 1979 diem,
3194 1921 3253 1967 ut
3297 1912 3545 1968 intendat

1955 2014 2159 2079 carnis,
2187 2028 2293 2067 non
2331 2012 2426 2067 Dei
2459 2011 2642 2066 facere
2668 2010 3025 2074 voluntatem,
3056 2017 3112 2064 et
3136 2007 3537 2064 imminuantur

1958 2123 2109 2176 aqua:
2139 2121 2296 2173 super
2351 2114 2567 2168 terram,
2612 2104 2739 2172 quia
2789 2117 2899 2171 quo
2950 2101 3185 2172 amplius
3248 2100 3553 2157 insolentiae

1960 2195 2144 2250 carnis
2174 2206 2521 2259 excrescunt,
2563 2203 2717 2248 tanto
2741 2194 2921 2246 minus
2964 2191 3214 2245 animalis
3238 2190 3350 2257 jam
3375 2192 3552 2248 factus

1960 2287 2124 2340 homo
2153 2285 2299 2355 capit
2348 2300 2434 2349 ea,
2463 2298 2583 2353 quae
2627 2283 2720 2339 Dei
2750 2290 2906 2349 sunt;
2962 2296 3072 2337 non
3126 2292 3309 2336 tamen
3330 2283 3552 2337 omnino

1960 2394 2132 2447 aqum,
2159 2376 2263 2431 etsi
2314 2376 2732 2443 imminuuntur,
2784 2382 3019 2439 cessant,
3070 2374 3196 2444 quia
3244 2374 3551 2429 socordiam

1960 2468 2142 2535 iniqua
2165 2467 2405 2537 gerentis
2431 2481 2529 2537 per
2567 2465 2792 2535 spiritus
2819 2465 3080 2535 impetum
3126 2464 3414 2535 aliquoties
3468 2465 3551 2520 in-

1960 2569 2205 2630 crepant.
2238 2558 2306 2612 Et
2330 2558 2570 2629 aperiens
2601 2556 2718 2612 Noe
2751 2566 2943 2612 tectum
2969 2573 3124 2620 arce,
3145 2557 3372 2626 aspexit,
3393 2558 3553 2611 uidit—

1959 2669 2060 2724 que
2112 2651 2252 2723 quod
2300 2652 2564 2705 exsiccata
2607 2658 2681 2704 est
2718 2648 3019 2717 superﬁcies
3063 2656 3243 2703 terras.
3272 2645 3453 2702 Mense
3476 2663 3560 2702 se-

1962 2746 2158 2809 cundo,
2208 2746 2434 2811 septima
2490 2752 2540 2798 et
2570 2743 2816 2798 vicesima
2842 2741 2929 2796 die
2963 2741 3153 2796 mensis
3199 2741 3437 2811 arefacta
3477 2748 3557 2797 est

1965 2846 2125 2892 terra.
2172 2834 2289 2890 Noe
2336 2845 2527 2892 tectum
2574 2849 2713 2889 arcae
2761 2832 2956 2904 aperit,
3014 2846 3139 2887 cum
3184 2830 3417 2902 quilibet
3459 2846 3559 2902 per

1966 2928 2189 2984 evidens
2212 2927 2505 2996 pravitatis
2560 2941 2697 2996 opus
2747 2923 2878 2995 quid
2933 2924 3189 2993 nequitiae
3220 2924 3374 2979 intus
3404 2933 3559 2995 gerat

1963 3020 2235 3085 ostendit;
2266 3019 2484 3090 aspicit,
2511 3018 2771 3086 videtque
2800 3015 2944 3087 quod
2974 3015 3251 3072 exsiccata
3275 3016 3350 3071 sit
3373 3032 3559 3087 super-

1966 3112 2110 3182 ﬁcies
2134 3122 2313 3177 teme,
2353 3111 2480 3166 dum
2511 3110 2802 3165 videndum
2857 3108 3318 3178 spectandumque
3354 3110 3560 3179 praebet

1970 3216 2158 3278 aperte
2211 3206 2355 3277 quod
2407 3204 2483 3261 nil
2541 3204 2739 3260 divinae
2797 3202 3100 3259 dulcedinis
3152 3203 3418 3259 resederit
3449 3218 3557 3259 non

1971 3302 2134 3357 modo
2165 3302 2220 3356 in
2253 3299 2578 3362 intentione,
2626 3297 2721 3353 sed
2782 3297 2836 3350 in
2868 3296 3006 3365 ipsa,
3035 3310 3156 3365 quae
3202 3295 3427 3350 rationis
3474 3304 3560 3351 est

1974 3394 2294 3464 superﬁcies
2325 3390 2675 3461 cogitatione.
2730 3387 2787 3443 Si
2823 3402 2952 3444 vero
2994 3387 3198 3443 mensis
3222 3394 3306 3443 est
3328 3387 3556 3458 primus,

1974 3487 2170 3558 prioris
2190 3495 2391 3542 nostra:
2423 3486 2476 3540 in
2502 3482 2701 3540 saeculo
2741 3482 2865 3537 vitae
2894 3481 3110 3547 modus,
3139 3482 3344 3537 mensis
3366 3496 3559 3536 secun-

1975 3581 2076 3635 dus
2112 3580 2399 3645 habeatur,
2450 3587 2737 3648 postquam
2785 3590 2883 3646 per
2926 3575 3257 3644 apostasiam
3288 3574 3356 3629 ad
3384 3574 3438 3629 id
3469 3587 3558 3629 re-

1974 3673 2148 3741 gressi
2178 3670 2466 3736 fuerimus,
2489 3669 2674 3725 cordis
2704 3666 3125 3738 impoeuitentia,
3156 3677 3211 3722 et
3233 3665 3561 3734 obduratio;

1973 3764 2203 3834 septima
2233 3762 2503 3818 referatur
2531 3759 2598 3814 ad
2622 3759 2888 3831 gratiam;
2928 3758 3190 3814 vicesima
3212 3757 3280 3813 ad
3307 3758 3560 3829 hypocri-

1972 3854 2049 3909 sis
2070 3854 2471 3923 duplicitatem;
2535 3851 2654 3908 dies
2703 3864 2922 3922 quoque
2947 3851 3017 3906 ad
3048 3850 3393 3906 industriam.
3425 3849 3557 3905 Nam

1973 3961 2095 4000 cum
2124 3943 2507 4000 obstinationis
2535 3942 2918 3999 hebetudinem
2946 3941 3317 4007 inciderimus,
3348 3951 3404 3997 et
3432 3957 3556 3997 cum

1978 4036 2086 4090 Deo
2149 4035 2369 4090 inimica
2426 4050 2524 4090 nos
2578 4049 2740 4105 agere
2790 4033 3128 4098 noverimus,
3165 4048 3233 4089 ex
3286 4034 3557 4089 industria

1977 4136 2159 4182 tamen
2185 4129 2482 4184 secundum
2511 4124 2630 4195 eius
2662 4142 2762 4183 nos
2796 4128 3031 4197 gratiam
3088 4127 3273 4183 vivere
3329 4132 3429 4183 sub
3463 4128 3561 4200 hy-

1974 4219 2203 4289 pocrisis
2229 4219 2603 4289 integumento
2624 4217 3087 4282 simulaverimus,
3114 4229 3243 4273 tunc
3272 4220 3559 4288 reprobutn

1976 4327 2197 4367 sensum
2228 4326 2328 4366 nos
2359 4310 2660 4366 incurrisse
2708 4310 2979 4374 sciamus;
3007 4318 3063 4363 et
3104 4310 3231 4364 dum
3263 4311 3560 4379 spurcitias

1976 4405 2069 4474 pio
2102 4404 2288 4459 habitu
2340 4405 2724 4468 subornamus,
2774 4403 2922 4459 nullo
2976 4405 3147 4459 nostri
3188 4405 3254 4458 ad
3288 4407 3562 4473 paeniten-

294 4518 485 4572 aquas,
506 4510 561 4557 et
584 4510 765 4555 tamen
791 4495 1042 4562 consilio,
1074 4494 1217 4563 quod
1257 4493 1457 4548 malum
1484 4505 1591 4547 non
1639 4488 1860 4553 dubitat,

1982 4498 2111 4553 tiam
2146 4498 2349 4568 pudore
2381 4497 2685 4566 provocati,
2734 4511 2838 4551 nec
2878 4495 3127 4559 inferius,
3174 4511 3272 4551 nec
3316 4498 3565 4567 superius

297 4607 456 4649 aures
484 4590 747 4661 impendit
780 4587 1034 4645 infectas.

366 4703 529 4758 Vens.
554 4698 1066 4771 12.—Exspectavit
1123 4694 1462 4752 nihilominus
1484 4701 1680 4763 septem
1739 4694 1871 4747 alios

290 4799 421 4863 dies,
454 4805 505 4851 et
532 4794 701 4851 emisit
732 4792 1049 4857 columbam,
1086 4805 1203 4861 qua:
1242 4803 1347 4841 non
1368 4794 1444 4840 est
1491 4784 1632 4838 ultra
1668 4799 1873 4838 reversa

292 4891 359 4946 ad
388 4905 529 4945 eum.
583 4887 712 4943 Dies
761 4894 967 4955 septem
1020 4882 1331 4950 superiores
1393 4879 1462 4934 ad
1513 4875 1871 4933 defectionem

291 4982 489 5039 mentis
513 4980 820 5035 retulimus.
850 4976 959 5030 Nec
1005 4973 1296 5028 absurdum
1326 4984 1515 5025 rursus
1547 4978 1651 5033 est,
1712 4968 1754 5023 si
1780 4983 1875 5038 per

291 5074 391 5129 hos
413 5083 610 5142 septem
639 5080 855 5139 tempus
902 5069 1103 5137 ipsum,
1149 5063 1201 5117 id
1228 5071 1312 5117 est
1335 5061 1589 5130 temporis
1617 5070 1877 5131 opportu-

291 5165 543 5229 nitatem,
597 5179 704 5233 quo
752 5168 1077 5229 conceptum
1120 5155 1331 5210 facinus
1357 5154 1654 5223 peragitur,
1681 5152 1876 5208 intelli-

294 5274 505 5329 gamus.
536 5258 602 5312 Et
623 5258 724 5312 hoc
762 5255 944 5324 igitur,
975 5261 1031 5307 et
1076 5249 1204 5305 illud
1245 5247 1357 5303 Noe
1411 5256 1703 5315 exspectat,
1748 5248 1874 5301 dum

295 5362 387 5406 aut
423 5350 658 5406 deﬂuere
682 5363 741 5403 se
773 5347 1065 5401 introrsum
1117 5339 1257 5412 male
1298 5338 1511 5409 patiens
1536 5338 1751 5399 tolerat,
1778 5352 1877 5392 nec

294 5447 459 5502 obniti
486 5450 678 5507 tentat,
723 5450 819 5495 aut
869 5434 1208 5493 commodum
1267 5441 1476 5502 tempus
1530 5432 1596 5485 ad
1648 5444 1711 5485 ea
1758 5444 1878 5498 quae

297 5538 573 5605 concupiit
596 5530 945 5602 exsequenda
978 5525 1309 5584 considerat.
1352 5521 1457 5578 Sed
1488 5521 1737 5576 columba
1757 5536 1877 5575 cor-

297 5646 421 5684 vum
454 5638 639 5684 secuta
666 5642 774 5682 non
815 5623 978 5683 redit,
1011 5620 1137 5692 quia
1166 5619 1359 5673 ducem
1387 5622 1716 5686 praepostere
1739 5612 1877 5667 ratio

301 5722 563 5777 adhibens
606 5721 708 5776 sibi
765 5718 1043 5781 aﬂ'ectum,
1096 5721 1385 5783 postquam
1422 5709 1475 5763 in
1522 5707 1744 5763 sceleris
1770 5706 1877 5762 ruit

276 5814 569 5883 ‘eﬂ‘ectum,
598 5814 669 5870 ad
696 5813 786 5870 illa
809 5811 922 5883 jam
979 5806 1231 5873 amanda,
1283 5803 1480 5874 quibus
1506 5799 1675 5859 scinel
1707 5798 1879 5856 libens

1978 4590 2242 4659 irriguum
2286 4587 2400 4657 jam
2458 4588 2753 4651 habemus;
2806 4587 3043 4657 arefacta
3099 4596 3174 4643 est
3227 4589 3373 4642 enim
3423 4599 3568 4646 terra

1976 4682 2231 4753 penitus;
2274 4680 2367 4736 sed
2391 4680 2436 4736 si
2484 4679 2715 4734 miretur
2738 4678 2861 4749 quis
2893 4694 2994 4735 nos
3014 4679 3181 4747 diem,
3215 4695 3479 4748 mensem,
3509 4692 3566 4737 et

1977 4790 2177 4830 annum
2226 4774 2327 4829 sub
2370 4771 2495 4827 moli
2528 4780 2659 4843 typo
2704 4773 2972 4843 posuisse,
3006 4781 3270 4843 agnoscat
3297 4774 3439 4829 diem
3466 4789 3564 4844 pro

1978 4868 2139 4922 noxia
2164 4869 2217 4923 in
2244 4866 2547 4937 Scripturis
2576 4865 2776 4936 saepius
2820 4873 2916 4919 aut
2946 4865 3199 4934 scientia,
3230 4866 3315 4922 vel
3342 4882 3565 4937 prospe-

1962 4961 2139 5017 ritate
2166 4963 2313 5031 poni,
2339 4970 2395 5016 et
2436 4960 2480 5016 si
2513 4960 2630 5017 dies
2660 4957 2897 5029 ponitur,
2940 4957 3188 5019 collectio
3232 4956 3447 5021 talium,
3480 4958 3566 5012 vel

1977 5054 2139 5107 etiam
2193 5068 2402 5107 summa
2460 5052 2693 5117 dierum,
2743 5048 2886 5119 quod
2909 5058 2993 5104 est
3024 5047 3249 5112 mensis,
3280 5057 3336 5103 et
3362 5062 3563 5116 annus,

1980 5160 2151 5216 quare
2225 5160 2333 5201 non
2385 5145 2574 5201 itidem
2622 5143 2890 5215 ponatur?
2938 5139 3305 5210 Suppeterent
3362 5140 3429 5194 de
3480 5140 3565 5195 his

1979 5237 2227 5307 exentpla
2256 5252 2416 5307 quam
2453 5236 2707 5306 plurima.

2054 5329 2213 5385 Vens.
2248 5328 2574 5395 15,16,177,
2627 5327 2714 5390 18,
2769 5323 2937 5380 19.-
2974 5320 3206 5385 Locutus
3256 5331 3330 5378 est
3390 5330 3568 5377 autent

1978 5425 2120 5480 Deus
2145 5424 2215 5478 ad
2239 5421 2356 5477 Noe
2385 5422 2605 5476 dicens:
2642 5417 2908 5488 Egredere
2955 5418 3019 5471 de
3066 5432 3215 5481 arca,
3242 5426 3297 5470 tu
3365 5424 3411 5469 et
3430 5430 3566 5470 uxor

1980 5525 2087 5576 tua,
2120 5514 2215 5572 ﬁlii
2254 5513 2353 5576 tui,
2379 5521 2427 5565 et
2447 5526 2636 5565 uxores
2661 5507 2896 5579 ﬁliorum
2916 5520 3128 5564 tuorum
3150 5519 3340 5563 tecum.
3361 5506 3566 5562 Cuncta

1979 5608 2420 5675 animantiaqua:
2473 5612 2595 5658 sunt
2647 5603 2788 5673 apud
2820 5612 2867 5657 te
2893 5619 2957 5658 ex
2988 5602 3131 5657 omni
3166 5618 3345 5668 carne,
3371 5611 3479 5654 tam
3508 5601 3564 5654 in

1980 5699 2275 5757 volatilibus
2304 5714 2463 5769 quam
2484 5698 2537 5751 in
2569 5696 2768 5763 bestiis,
2799 5706 2845 5751 et
2868 5696 3122 5751 universis
3150 5693 3414 5763 reptilibus
3441 5706 3560 5762 qua:

1981 5803 2183 5865 reptant
2208 5809 2363 5863 super
2389 5802 2604 5861 terram,
2625 5792 2755 5849 educ
2775 5800 2964 5859 tecum,
2980 5797 3026 5845 et
3054 5786 3386 5858 ingredimini
3408 5798 3567 5854 super

4038 2946 4039 3017 ι

4037 3200 4039 3295 l
