4108 6324
512 329 616 387 103

1312 324 1376 379 V.
1417 316 1743 379 GUIBEBTI
1780 314 2072 373 ABBATIS
2112 314 2171 370 S.
2215 313 2454 370 MARL‘E
2486 314 2574 371 DE
2605 312 3001 372 NOVIGENTO

3686 313 3793 373 {05

524 456 760 501 terram:
824 442 1059 509 erescite,
1097 448 1145 496 et
1200 436 1616 508 multiplicamini
1659 451 1815 503 super
1834 450 1968 489 eam.
1997 431 2102 499 Qui
2130 435 2179 495 Α
2206 432 2553 501 cogitationis
2597 433 2941 501 pervenitur,
2971 439 3022 485 et
3053 431 3120 486 ad
3155 430 3548 487 exhibitionem
3586 431 3789 501 operis,

509 539 680 593 educit
717 540 911 593 vinctos
958 538 1011 591 in
1056 532 1378 595 fortitudine,
1400 546 1586 600 eosque
1635 530 1722 600 qui
1761 538 2093 598 exasperant,

508 628 597 699 qui
622 629 858 681 habitant
900 628 955 681 in
985 622 1233 693 sepulcris
1262 618 1436 692 (Psal.
1488 636 1619 685 Lvu,
1652 618 1728 689 7),
1776 632 2097 689 quocunque

513 723 672 777 modo
728 733 1014 792 peccemus
1064 715 1168 785 piis
1224 726 1439 784 semper
1483 713 1719 770 exundat
1776 712 2094 777 visceribus,

511 815 720 886 lapsum
747 815 911 881 igitur
936 809 1392 879 desperatumque
1409 806 1517 877 jam
1542 808 1755 863 interna
1774 806 2099 863 allocutione

512 919 607 960 cor
630 904 832 968 visitat,
858 910 913 957 et
941 908 1000 956 ut
1022 900 1090 955 ad
1116 915 1176 956 se
1207 900 1395 956 redeat
1430 899 1621 956 incitat
1663 916 1727 955 ac
1749 900 1792 956 si
1819 900 1868 954 ei
1902 899 2048 955 dicat
2080 916 2094 953 :

513 997 612 1066 Qui
644 997 696 1051 in
735 995 944 1066 peccati
974 995 1116 1065 apud
1156 1001 1208 1049 te
1260 993 1399 1049 lates
1454 994 1807 1061 conscientia,
1842 993 2099 1064 egredere

509 1087 851 1144 confessione
879 1086 1021 1143 facta
1052 1086 1305 1157 viamque
1358 1095 1506 1142 tuam
1554 1087 1685 1142 mihi
1737 1082 1916 1142 revela
1947 1100 2098 1155 ;quae

508 1179 652 1234 cutim
696 1186 1018 1252 arguuntur,
1075 1177 1502 1234 manifestantur
1549 1178 1617 1231 ab
1660 1178 1765 1243 his,
1821 1177 1913 1249 qui
1962 1176 2101 1231 ﬁunt

512 1272 714 1328 lumina
744 1272 958 1343 (Ep/tes.
991 1288 1045 1341 v,
1077 1272 1191 1341 15).
1225 1271 1329 1338 Τιι,
1386 1271 1583 1341 inquit,
1609 1281 1654 1325 et
1689 1287 1822 1325 uxor
1848 1281 1962 1336 tua,
1990 1285 2097 1324 non

512 1364 600 1421 illa
625 1380 744 1435 qua:
776 1380 958 1420 arcam
989 1363 1324 1420 intrantibus
1354 1364 1512 1418 adest
1540 1363 1788 1419 voluntas
1809 1363 1973 1429 bona,
2003 1362 2098 1418 sed

514 1456 1125 1527 concupiscentia,qua2
1169 1470 1237 1511 ex
1273 1456 1510 1527 ingestu,
1561 1454 1843 1511 fecundata
1898 1454 2099 1510 diaboli

420 1624 423 1629 Α
512 1548 723 1619 peperit
748 1547 841 1601 tibi
872 1556 1119 1617 peccata.
1174 1546 1276 1612 Tu,
1320 1547 1516 1617 inquit,
1554 1557 1601 1601 et
1635 1564 1770 1601 uxor
1797 1557 1908 1614 tua,
1943 1548 2103 1603 idest

513 1637 582 1691 de
634 1651 793 1692 scena
836 1638 1091 1693 vitiorum
1141 1637 1374 1709 teipsum
1406 1638 1580 1708 primo
1607 1638 1850 1705 elimina,
1883 1640 2100 1695 demum

514 1728 581 1783 de
644 1742 729 1795 ea,
774 1730 861 1785 cui
926 1728 1249 1801 subjacuisti
1300 1733 1563 1786 contitere
1635 1731 2098 1802 concupiscentia.

2203 523 2352 593 quasi
2382 526 2446 578 ad
2479 537 2746 577 summam
2778 522 3060 586 culminis;
3091 536 3199 575 non
3257 531 3441 577 autem
3470 531 3666 578 cuncta
3699 538 3792 592 pc-

2200 631 2347 682 cora,
2387 619 2480 671 sed
2531 616 2596 670 de
2641 617 2840 670 cunctis
2901 614 3021 669 tulit
3056 616 3359 684 pecoribus;
3413 631 3613 686 pecora
3660 616 3791 671 mihi

2198 710 2448 765 videntur
2470 723 2628 778 posse
2659 707 2883 778 intelligi
2921 706 3096 762 activa
3122 721 3289 776 opera
3340 716 3531 761 nostra
3567 722 3690 778 quae
3735 707 3788 762 in

2201 803 2488 858 dilectione
2525 801 2764 857 fraterna
2797 814 3140 865 exercemus,
3169 814 3290 869 qua:
3319 800 3561 870 quidem,
3597 814 3706 854 non
3732 808 3790 853 ut

2201 896 2524 952 deberemus
2548 904 2657 951 tota
2682 894 3015 967 peragimus,
3043 894 3137 949 sed
3166 900 3345 948 tamen
3373 893 3441 949 de
3472 891 3791 948 omnimodo

2202 1002 2400 1061 genere
2450 987 2668 1058 pietatis
2716 986 3065 1052 assumimus,
3102 985 3230 1055 quia
3279 984 3610 1040 desiderium
3637 984 3683 1038 si
3709 983 3793 1036 fa-

2202 1080 2376 1135 cultas
2406 1089 2721 1152 suppeteret
2753 1078 2865 1147 illa,
2897 1086 2957 1134 ut
2969 1076 3122 1147 jussa
3154 1085 3282 1132 sunt
3306 1076 3581 1147 explendi,
3611 1073 3795 1131 omnia

2200 1173 2485 1228 habemus.
2538 1173 2642 1228 Per
2682 1172 2934 1228 volucres
2964 1170 3226 1242 quidquid
3266 1169 3569 1239 spiritualis
3607 1167 3793 1223 subti-

2200 1265 2373 1321 litatis
2397 1274 2482 1322 est
2510 1265 2561 1319 in
2585 1264 2937 1336 dispiciendis
2976 1263 3201 1328 divinis,
3247 1262 3609 1332 humanisque
3636 1261 3796 1317 rebus

2203 1354 2547 1427 exprimitur.
2581 1354 2649 1408 Et
2701 1355 2817 1409 lucc
2862 1361 2989 1408 sunt
3035 1352 3261 1419 munda,
3302 1354 3429 1406 dum
3463 1352 3681 1422 quidem
3705 1350 3795 1405 illa

2203 1448 2320 1504 sine
2369 1447 2575 1502 favoris
2627 1446 2848 1507 humani
2903 1454 3239 1516 peraguntur
3278 1458 3444 1509 aura;
3500 1444 3617 1498 haec
3666 1457 3797 1500 vero

2205 1543 2554 1614 inquiruntur
2626 1541 2743 1596 sine
2803 1540 3008 1595 erroris
3056 1537 3293 1594 macula.
3353 1536 3462 1593 Nec
3505 1538 3726 1603 mirum,
3751 1536 3799 1593 si

2204 1636 2427 1699 munda,
2455 1634 2586 1704 quia
2641 1632 2987 1699 holocausta,
3035 1631 3157 1702 igne
3187 1631 3400 1687 scilicet
3421 1630 3651 1686 sincerae
3675 1644 3798 1684 ora.

2208 1730 2371 1784 tionis
2400 1744 2463 1783 ac
2490 1726 2927 1797 compunctionis
2980 1731 3242 1791 excocta;
3308 1726 3361 1780 in
3410 1724 3626 1780 fervore
3654 1723 3798 1779 enim

516 1820 665 1876 Multi
689 1836 925 1892 namque
953 1838 1048 1879 sua
1091 1823 1255 1880 facile
1283 1822 1527 1880 fatentur
1556 1824 1720 1891 mala,
1746 1824 1839 1881 sed
1863 1825 1962 1897 ipsi
1994 1839 2100 1881 non
2132 1807 2177 1866 Β
2206 1819 2429 1890 Spiritus
2490 1819 2647 1891 plene
2698 1818 3057 1873 discernimus
3109 1832 3177 1872 ³η
3207 1831 3344 1887 Dum
3368 1816 3496 1881 Sil“:
3522 1831 3589 1869 ³η
3620 1824 3797 1880 mela.

516 1920 717 1966 exeunt
746 1927 771 1966 a
796 1914 1188 1969 consuetudine
1214 1930 1403 1987 prava.
1441 1914 1533 1971 Sic
1558 1916 1716 1981 ﬁlios,
1749 1917 1800 1972 id
1827 1928 1913 1973 est
1935 1931 2101 1988 opera

518 2018 753 2073 nequam
803 2004 990 2074 prode,
1020 2014 1081 2060 ut
1109 2005 1186 2060 nil
1236 2007 1289 2061 in
1314 2014 1369 2062 te
1390 2007 1630 2062 residere
1652 2008 1879 2077 patiaris
1906 2008 1973 2063 de
2003 2008 2101 2062 ite-

517 2097 812 2151 randorum
869 2098 1187 2154 earumdem
1249 2112 1473 2169 operum
1556 2098 1935 2154 delectatione.
2003 2097 2105 2165 Tu,

517 2188 713 2259 inquit,
740 2200 789 2243 et
821 2206 973 2254 uxor,
1005 2190 1125 2259 ﬁlii,
1174 2205 1240 2246 ac
1290 2207 1523 2256 uxores;
1565 2192 1841 2251 accedenti
1865 2192 2009 2247 enim
2040 2190 2108 2246 ad

519 2281 875 2336 confessionis
938 2297 1226 2349 auroram,
1298 2284 1499 2339 veteris
1550 2283 2006 2355 concupiscentiae
2047 2297 2106 2339 se

518 2372 761 2428 nubilum
786 2374 1010 2446 ingerit,
1062 2384 1117 2429 et
1169 2375 1351 2447 operis
1396 2374 1661 2447 cujusque
1690 2376 1837 2431 noxii
1869 2389 2106 2432 consue-

520 2465 668 2529 tudo,
704 2480 768 2519 ac
825 2466 872 2521 si
920 2467 1166 2536 quaedam
1250 2467 1561 2538 importuna
1610 2468 1813 2539 jugalis
1868 2466 2113 2537 adjungit

516 2557 722 2614 Cuncta
779 2559 1092 2625 animantia,
1143 2560 1198 2614 id
1276 2568 1359 2615 est
1401 2561 1761 2630 cupiditatum
1808 2560 2105 2625 desideria,

514 2664 634 2722 quae
659 2666 823 2722 penes
844 2660 896 2707 te
918 2651 1086 2708 latent
1110 2668 1175 2707 ex
1204 2651 1441 2724 quolibet
1474 2653 1775 2709 affectionis
1791 2656 1954 2709 modo
1982 2666 2112 2722 pro-

515 2744 716 2814 genita,
747 2753 855 2799 tam
884 2745 937 2800 in
983 2746 1250 2816 superbiae
1283 2745 1564 2801 Stecularis
1605 2761 1769 2817 quam
1800 2745 1911 2818 49
1932 2744 2112 2801 inanis

514 2835 795 2908 religionis
820 2837 1021 2894 volatili
1044 2840 1275 2908 quadam
1302 2839 1641 2904 extollentia,
1667 2849 1721 2894 et
1750 2839 1844 2894 irce
1884 2838 2114 2893 furoris-

519 2943 626 2999 que
657 2930 903 2987 bestialis
924 2930 1155 2996 smvitia,
1208 2946 1419 2987 necnon
1469 2932 1705 2999 luxuria,
1737 2947 1857 3002 qua:
1906 2946 2116 3001 praepo-

523 3032 671 3079 stere
714 3039 836 3080 cum
864 3026 1090 3080 subesse
1120 3026 1316 3081 debeat
1349 3041 1512 3097 super
1537 3027 1723 3093 corda,
1756 3034 1841 3082 est
1882 3025 2112 3095 reptilis.

518 3114 672 3169 Educ
698 3127 889 3184 tecum,
919 3126 981 3172 ut
1029 3116 1301 3173 confessio
1350 3134 1456 3173 non
1491 3118 1587 3173 ﬁat
1623 3126 1968 3189 peccatorum
1998 3118 2114 3174 sine

518 3209 865 3263 correctione
917 3218 1187 3276 nostrum,
1226 3226 1329 3266 nec
1378 3220 1625 3266 nostrmn
1671 3211 1963 3275 correctio,
2005 3210 2111 3266 nisi

518 3303 849 3373 praevenitur
901 3302 1244 3360 confessione
1310 3304 1596 3359 malorum.
1651 3303 1719 3358 Et
1777 3303 2115 3375 ingredimini

520 3411 677 3467 super
704 3407 923 3463 terram,
954 3406 1009 3452 tu
1033 3398 1312 3462 videlicet,
1361 3406 1563 3469 tuaque
1610 3398 1921 3469 studiajam
1957 3413 2116 3469 pror-

523 3504 616 3546 sus
673 3490 725 3545 in
777 3490 1044 3561 justitiam
1092 3500 1449 3548 commutata.
1504 3491 1800 3563 Postquam
1846 3506 1942 3546 vos
1970 3490 2113 3546 foeda

523 3580 783 3636 exueritis
832 3580 1193 3645 conscientia,
1248 3596 1473 3638 necesse
1520 3592 1604 3637 est
1654 3581 2116 3653 ntingrediamini

523 3672 591 3726 ad
616 3672 897 3738 interiora,
944 3688 1065 3742 qua:
1107 3673 1481 3744 projeceratis,
1535 3683 1596 3729 ut
1634 3676 1895 3744 scriptum
1927 3682 2031 3738 est,
2060 3674 2114 3728 in

525 3765 635 3819 vita
666 3774 868 3832 vestra,
933 3775 994 3821 ut
1047 3767 1160 3823 sola
1212 3767 1279 3823 de
1337 3767 1567 3822 internis
1619 3767 1828 3837 gaudiis
1865 3767 1938 3822 sit
1964 3766 2116 3822 vobis

523 3873 676 3924 cura,
708 3859 775 3913 ad
800 3859 904 3914 hoc
931 3857 1160 3925 scilicet,
1188 3868 1249 3914 ut
1276 3857 1737 3915 constabiliamini
1784 3856 1899 3927 jam
1950 3871 2117 3929 super

526 3958 748 4014 terram,
780 3964 877 4020 pro
906 3949 1260 4006 fundamento
1284 3950 1537 4005 habeatis
1582 3950 1879 4016 rationem,
1922 3958 2117 4005 utnon

524 4040 985 4097 circumferamini
1043 4059 1142 4113 per
1197 4042 1435 4113 aliquam
1494 4043 1852 4099 tentationem
1894 4040 2113 4112 (Ephes.

526 4135 719 4204 mli).
753 4132 980 4191 Crescite
1018 4151 1149 4208 ergo
1176 4150 1339 4206 super
1362 4134 1505 4190 hanc
1531 4135 1756 4190 radicati
1797 4136 1848 4189 in
1878 4145 2118 4190 contem-

526 4226 803 4298 plationis,
853 4241 1014 4297 quam
1063 4227 1327 4282 amisistis
1366 4235 1685 4297 reparantcs
1735 4242 1829 4281 vos
1880 4225 2120 4280 altitudi-

529 4334 675 4385 nem,
703 4329 751 4374 et
774 4319 1200 4390 multiplicamini
1246 4320 1316 4373 ad
1368 4320 1675 4389 proximum
1720 4335 1815 4390 per
1837 4318 2119 4374 charitatis

486 4406 489 4411 ’
528 4411 970 4482 amplitudinem;
997 4412 1325 4466 emittuntur
1358 4412 1526 4481 igitur
1556 4413 1623 4467 ab
1645 4427 1769 4467 area
1796 4411 2116 4477 animantia,

2207 1928 2329 1983 quae
2351 1914 2593 1985 agimus;
2627 1913 2699 1968 ibi
2730 1927 2861 1984 ergo
2883 1927 2948 1967 ea
2979 1911 3343 1977 incendimus,
3404 1910 3456 1966 id
3484 1920 3568 1965 est
3598 1910 3800 1979 proba-

2207 2008 2337 2064 bilia
2360 2008 2675 2074 reddimus;
2715 2008 2858 2064 unde
2887 2016 2943 2062 et
2995 2007 3256 2061 Dominus
3296 2005 3501 2061 dicitur
3525 2007 3797 2069 odoratus,

2210 2101 2337 2170 quia
2361 2115 2391 2154 a
2431 2100 2661 2155 Domino
2688 2100 2847 2155 nobis
2868 2109 2952 2155 est
3001 2098 3375 2163 discretionis,
3417 2113 3482 2152 ac
3510 2097 3801 2168 providen-

2213 2195 2301 2251 tim
2341 2194 2553 2260 virtus;
2598 2194 2793 2250 odores
2825 2207 3064 2263 namque
3110 2207 3240 2247 nare
3276 2192 3661 2256 discernimus,
3694 2206 3806 2245 res-

2211 2301 2315 2356 que
2344 2301 2508 2356 porro
2558 2287 2766 2357 positas
2816 2285 3018 2341 olfactu
3091 2285 3497 2356 prmsentimus,
3552 2283 3699 2338 unde
3751 2290 3806 2337 et
3880 2326 3886 2337 .

2213 2380 2357 2450 apud
2408 2380 2747 2445 Terentium,
2796 2379 3018 2449 quidam
3064 2376 3315 2434 olfecisse
3375 2377 3599 2441 dicitur,
3661 2378 3804 2447 quod

2213 2471 2550 2541 conjiciendo
2589 2472 2934 2542 praeviderat.
2983 2470 3066 2525 Ex
3112 2470 3344 2525 odoratu
3383 2468 3549 2539 igitur
3575 2475 3805 2537 utraque

2213 2569 2438 2638 praefata
2467 2566 2641 2621 virtus
2671 2566 2961 2636 accipitur,
3013 2563 3157 2633 quod
3202 2562 3468 2618 Dominus
3496 2561 3700 2616 dicitur
3729 2560 3806 2616 fe-

2214 2663 2376 2729 cisse,
2408 2662 2533 2733 quia
2562 2661 2704 2717 idem
2737 2660 2789 2715 in
2848 2660 3006 2716 nobis
3035 2657 3166 2713 facit
3192 2657 3329 2727 ipse,
3354 2670 3550 2727 nempe
3564 2670 3687 2711 cum
3709 2669 3806 2725 per

2216 2755 2505 2811 elationem
2554 2768 2619 2809 ac
2671 2753 3021 2809 securitatem
3067 2752 3120 2806 in
3180 2751 3373 2806 vitium
3413 2749 3575 2820 lapsi,
3592 2748 3707 2818 jam
3738 2748 3805 2804 ad

2217 2845 2387 2901 Deum
2425 2844 2675 2909 redituri,
2708 2842 3036 2898 humilitatis
3064 2842 3116 2896 in
3148 2841 3307 2898 nobis
3326 2840 3498 2895 altare
3521 2840 3804 2911 erigimus,

2216 2946 2273 2994 et
2322 2937 2586 3009 quidquid
2640 2936 2858 3002 durum,
2902 2935 3167 3006 quidquid
3218 2934 3362 2989 male
3409 2933 3692 2988 humidum
3751 2934 3805 2988 in

2219 3029 2493 3085 mentibus
2542 3036 2625 3083 est
2674 3027 2886 3081 timoris
2922 3027 3044 3097 igne
3117 3038 3446 3089 cremamus,
3489 3024 3612 3094 quis
3631 3023 3810 3079 edicat

2219 3121 2349 3191 quid
2388 3118 2759 3183 discretionis,
2810 3117 3138 3187 prudentiae,
3170 3132 3234 3172 ac
3266 3125 3470 3171 sanctae
3527 3114 3809 3171 suavitatis

2219 3228 2285 3267 ex
2327 3212 2589 3266 virtutum
2655 3210 2924 3265 suavitate
2961 3210 3105 3264 intro
3167 3207 3491 3264 haurimus?
3541 3208 3612 3261 ibi
3661 3206 3808 3260 enim

2218 3312 2465 3375 gnstatur
2495 3316 2660 3371 quam
2685 3300 2868 3371 suavis
2895 3309 2979 3356 est
3008 3300 3271 3355 Dominus
3302 3297 3476 3371 (Psal.
3505 3313 3698 3361 xum,
3725 3296 3805 3366 9).

2217 3392 2287 3447 Et
2308 3394 2382 3447 ait
2436 3394 2503 3446 ad
2547 3407 2707 3447 eum:
2742 3388 3090 3463 Nequaquam
3129 3390 3270 3444 ultra
3319 3388 3624 3443 maledicum
3654 3397 3807 3440 terra:

2216 3495 2429 3557 propter
2461 3485 2732 3550 homines;
2778 3499 2959 3538 sensus
3012 3484 3151 3537 enim
3206 3491 3254 3536 et
3303 3481 3521 3535 humani
3567 3478 3810 3549 cogitatio

2218 3578 2391 3631 cordis
2417 3579 2473 3631 in
2501 3576 2701 3630 malum
2720 3591 2887 3646 prona
2908 3583 3031 3629 sunt
3062 3574 3127 3628 ab
3150 3572 3504 3628 adolescentia
3539 3588 3657 3625 sua.
3686 3568 3813 3626 Non

2220 3669 2386 3740 igitur
2415 3668 2557 3722 ultra
2606 3668 2897 3737 percutiant
2930 3682 3137 3720 omnem
3166 3664 3660 3730 animantem,sicut
3689 3662 3812 3733 feci.

2226 3764 2440 3819 Cunctis
2461 3763 2641 3817 diebus
2691 3772 2846 3816 teme
2901 3762 3165 3826 sementis,
3219 3771 3268 3815 et
3322 3760 3523 3825 messis,
3575 3759 3745 3829 frigus
3768 3766 3816 3812 et

2221 3864 2403 3922 cestus,
2434 3866 2590 3909 testas
2626 3863 2672 3908 et
2713 3853 2903 3919 hiems,
2935 3870 3041 3909 nox
3087 3863 3133 3908 et
3164 3854 3274 3908 dies
3324 3869 3428 3907 non
3470 3853 3812 3923 requiescent.

2222 3947 2654 4004 Maledictionem
2685 3962 2785 4018 pro
2838 3946 3053 4003 defectu
3094 3947 3221 4018 poni
3274 3946 3449 4003 solere
3474 3947 3733 4014 diximus,
3761 3952 3817 4002 et

2221 4049 2459 4107 constat,
2490 4055 2553 4096 ac
2593 4040 2638 4095 si
2668 4041 2874 4096 diceret
2906 4057 2918 4093 :
2956 4038 3311 4111 Nequaquam
3341 4040 3692 4106 maledicam,
3724 4039 3818 4095 de-

2222 4136 2388 4193 ﬁcere
2431 4137 2674 4208 profecto
2721 4135 2949 4190 ulterius
3001 4150 3108 4189 non
3150 4135 3464 4207 permittam
3505 4145 3736 4201 terram,
3761 4134 3815 4189 id

2223 4236 2307 4283 est
2335 4237 2535 4282 statum
2567 4228 2791 4282 humani
2824 4227 3031 4294 cordis,
3088 4236 3315 4298 propter
3359 4227 3631 4293 homines,
3692 4241 3817 4297 pro-

2222 4332 2347 4395 pter
2376 4322 2743 4393 quornmlibet
2794 4322 2979 4391 utique
3033 4320 3278 4392 exempla
3329 4329 3669 4387 sanctorum,
3725 4318 3817 4390 qui

2223 4414 2496 4481 homines,
2543 4413 2944 4470 rationabiliter
2990 4413 3200 4469 scilicet
3258 4427 3378 4470 sese
3431 4423 3682 4485 regentes
3718 4428 3818 4469 vo.

527 4503 580 4560 id
627 4513 712 4561 est
787 4498 1368 4575 concupiscibilitates,
1437 4506 1634 4575 quibus
1685 4504 1995 4558 animamur
2051 4506 2118 4560 ad
2152 4515 2655 4585 Dcantur,utest;
2701 4508 2940 4577 respiciet
2973 4507 3233 4573 homines,
3271 4517 3320 4561 et
3372 4510 3550 4563 dicet:
3606 4507 3814 4578 peccaui

527 4598 709 4664 noxia,
759 4599 939 4654 anima
974 4598 1122 4654 enim
1157 4597 1484 4654 naturaliter
1535 4596 1978 4670 concupiscibilis
2010 4605 2117 4663 est,

527 4699 583 4745 et
627 4690 871 4760 jumenta
941 4691 1330 4748 sensualitates
1406 4691 1684 4756 videlicet,
1765 4706 1885 4761 quze
1942 4700 2123 4747 motus

531 4784 726 4840 animm
773 4784 1007 4855 quodam
1060 4786 1280 4840 iucentu
1304 4784 1371 4839 ad
1406 4783 1605 4839 malum
1638 4781 1919 4853 adjuvant,
1954 4792 2009 4838 et
2033 4797 2124 4838 co-

530 4877 840 4949 gitationes,
877 4894 997 4950 quae
1034 4878 1190 4949 quasi
1241 4892 1449 4948 angues
1495 4877 1872 4933 indiderenter
1900 4875 2126 4931 lubricae

530 4988 630 5045 per
660 4973 850 5029 intima
897 4980 1138 5043 reptant,
1192 4978 1249 5026 et
1303 4978 1523 5037 cmtera,
1556 4980 1618 5026 ut
1666 4984 1832 5040 supra
1874 4969 2123 5041 exposita

532 5072 807 5122 constant.

600 5159 765 5213 Vens.
789 5156 882 5223 20,
903 5155 995 5223 2i,
1026 5155 1119 5213 22.
1140 5186 1211 5197 —
1232 5154 1547 5225 didi/icavit
1580 5164 1752 5211 autem
1787 5154 1902 5211 Noe
1956 5154 2125 5210 altare

529 5252 778 5317 Domino,
810 5260 857 5305 et
906 5250 1093 5306 tollens
1121 5250 1185 5303 de
1214 5250 1415 5303 cunctis
1441 5250 1715 5319 pecoribus
1742 5258 1792 5303 et
1827 5248 2123 5303 volucribus

532 5344 745 5397 mundis
797 5340 981 5396 obtulit
1035 5340 1346 5395 holocausta
1392 5356 1548 5412 super
1569 5340 1737 5395 altare
1769 5354 1787 5393 :
1822 5338 2123 5397 Oderatus-

528 5452 630 5507 que
659 5443 732 5488 est
787 5432 1048 5487 Dominus
1094 5433 1308 5487 odorem
1360 5434 1657 5488 suauitatis.
1689 5433 1867 5488 Altare
1898 5433 2025 5490 illud
2049 5434 2126 5489 nil

527 5523 921 5597 congruentius
952 5524 1083 5579 mihi
1112 5537 1234 5578 esse
1255 5526 1468 5581 videtur
1494 5541 1655 5596 quam
1685 5526 2123 5585 humilitas:sic-

532 5626 592 5670 ut
650 5614 797 5667 enim
848 5612 953 5667 nisi
1009 5615 1063 5669 in
1084 5614 1243 5669 altari
1306 5616 1484 5673 hostia
1530 5618 1673 5673 nulla
1720 5621 1887 5687 valet,
1913 5622 1991 5677 sic
2013 5621 2124 5679 Deo

532 5710 730 5770 virtus,
755 5704 857 5759 nisi
886 5719 1009 5761 cum
1052 5707 1359 5764 humilitate
1391 5711 1535 5767 nulla
1577 5713 1784 5783 placet;
1834 5715 1974 5771 hanc
1994 5715 2125 5771 tedi-

539 5802 795 5865 tlcamus,
834 5814 957 5857 cum
1007 5814 1038 5859 a
1089 5800 1778 5866 fundamentointentionis
1802 5808 1869 5865 ad
1890 5808 2126 5879 parietes

2229 4599 2351 4671 (Job
2404 4615 2596 4663 xxxm,
2626 4598 2738 4668 Π).
2790 4597 2927 4651 Dum
2976 4598 3121 4651 enim
3169 4612 3332 4669 super
3377 4608 3590 4654 montes
3615 4598 3818 4654 Ararat

2229 4709 2355 4750 arca
2386 4692 2698 4762 requiescit,
2732 4706 2829 4762 per
2855 4706 3080 4747 corvum
3132 4692 3486 4763 suggestorite
3542 4693 3820 4765 evagatio-

2226 4785 2314 4842 nis
2339 4784 2590 4841 columba
2638 4784 2906 4839 emittitur
2952 4784 3003 4839 in
3062 4785 3445 4843 delectationis
3497 4800 3815 4856 excursum,

2225 4880 2515 4950 operisque
2546 4892 2892 4933 consensum.
2948 4877 3058 4934 Deo
3112 4877 3297 4949 itaque
3350 4880 3639 4936 nobiscum
3672 4881 3819 4952 aspi-

2225 4972 2429 5028 ratorie
2497 4971 2773 5040 loquente,
2832 4980 2956 5041 post
3002 4970 3215 5042 lapsum
3268 4972 3536 5028 sentimus
3580 4974 3815 5043 quadam

2228 5063 2443 5119 interna
2501 5061 2799 5117 calliditate
2854 5063 2923 5118 de
2970 5063 3145 5119 ruinae
3174 5063 3551 5134 experimento
3581 5066 3817 5122 similem

2226 5155 2453 5211 ulterius
2492 5170 2590 5212 nos
2632 5154 2975 5225 fortiterjam
3000 5170 3161 5226 posse
3191 5171 3389 5213 cavere
3412 5156 3717 5225 defectum;
3750 5173 3817 5214 ex

2227 5246 2455 5302 alterius
2483 5262 2737 5317 namque,
2770 5247 3019 5317 quamvis
3046 5246 3239 5313 David,
3271 5249 3524 5317 quamvis
3565 5250 3817 5305 Salomo-

2228 5340 2313 5397 nis
2335 5356 2461 5396 casu
2494 5340 2675 5396 facere
2704 5353 2862 5396 suum
2908 5354 3027 5394 esse
3079 5339 3448 5409 dignoscimus
3500 5358 3567 5397 ex
3630 5342 3816 5397 damni

2234 5449 2447 5489 summa
2477 5433 2768 5489 dementia:
2803 5439 3141 5496 extremum;
3174 5440 3260 5485 est
3308 5433 3553 5501 quietiam
3583 5434 3818 5503 pueritia

2228 5541 2400 5596 nuper
2435 5526 2501 5580 ad
2549 5523 2961 5579 conversionem
3012 5521 3382 5587 venientium,
3426 5538 3564 5593 quos
3603 5525 3658 5579 in
3705 5523 3820 5579 suis

2229 5618 2373 5673 Deus
2397 5614 2709 5686 primordiis
2740 5627 2771 5666 a
2798 5612 2955 5667 bellis
2995 5620 3266 5682 temperat
3288 5612 3567 5681 vitiorum,
3599 5622 3657 5668 ut
3678 5613 3818 5669 ﬁlios

2229 5712 2501 5785 quondam
2525 5708 2710 5775 Israel,
2734 5722 2859 5763 cum
2887 5721 2953 5761 ex
2989 5706 3227 5777 Egypto
3266 5706 3531 5773 exissent,
3555 5706 3819 5763 noluiteis

2231 5806 2380 5864 illico
2410 5804 2659 5859 incutere
2713 5799 2994 5858 molestias
3030 5797 3363 5869 praeliorum,
3401 5801 3640 5869 pueriles
3670 5800 3816 5857 enim
