4062 6354
245 369 355 425 105

1321 365 1687 427 MOBALIUM
1714 366 1783 426 IN
1820 367 2117 430 GENESIN
2146 404 2214 416 —
2242 373 2369 431 LIB.
2412 373 2498 431 Ill.

3420 383 3527 445 100

240 490 404 542 erant
423 484 717 541 secundum
745 483 890 540 hunc
920 492 1105 556 typum
1127 483 1294 539 animi
1327 499 1535 540 eorum.
1573 485 1665 554 At,
1699 500 1821 542 cum
1853 491 1903 552 Α
1930 487 2083 554 vivit,
2114 490 2268 546 vobis
2298 491 2620 563 proponitur
2662 490 3007 549 .mttandum.
3058 494 3227 560 Quasi
3278 494 3422 553 olera
3449 500 3525 554 vi-

244 580 315 633 ad
341 577 558 648 aliquod
578 576 798 633 virtutis
847 577 1016 631 robur
1062 576 1373 632 venerimus
1394 585 1449 630 et
1474 578 1831 634 tentationum

242 671 516 728 caloribus
542 672 730 728 vexari
756 670 1109 740 coeperimus,
1127 670 1506 726 adolescentia:
1536 670 1834 740 spiritualis

244 772 458 837 tempus
518 766 888 837 ingredimur;
937 766 1083 821 unde
1136 764 1380 821 dicitur:
1428 762 1833 832 Fili,aceedens

242 857 313 911 ad
339 857 638 912 servitutem
666 855 789 925 Dei,
815 868 899 912 sta
919 859 975 912 in
987 857 1200 927 justitia
1230 866 1278 912 et
1300 858 1566 925 timore,et
1590 875 1834 929 praepara

241 949 481 1003 animam
509 958 656 1003 tuam
687 949 757 1003 ad
795 951 1135 1004 tentationem
1161 948 1333 1021 (Eccl.
1368 966 1431 1018 li,
1462 950 1539 1021 1).
1565 949 1833 1006 Cavemus

242 1057 372 1113 ergo
397 1040 694 1106 defectum,
721 1050 778 1097 et
806 1040 1131 1098 defectionis
1184 1042 1514 1112 exemplum,
1554 1044 1683 1113 quia
1708 1058 1832 1098 cum

245 1135 649 1204 colluctatione,
674 1150 796 1206 qure
818 1151 920 1192 nos
946 1137 1227 1208 impugnat
1251 1135 1510 1190 vitiorum
1543 1136 1833 1208 insurgen-

245 1235 356 1283 tem
404 1241 474 1283 ex
501 1226 705 1282 virtute
739 1226 894 1296 quasi
944 1240 1011 1281 ex
1060 1224 1430 1281 adolescentia
1479 1226 1837 1296 deprimimus

246 1327 455 1389 typum,
508 1316 636 1373 dum
694 1332 912 1373 sensum
969 1317 1303 1372 exteriorem
1358 1326 1410 1374 et
1438 1319 1837 1388 cogitationum

247 1409 689 1481 imaginationem
718 1423 937 1481 semper
966 1410 1070 1465 nisi
1099 1410 1313 1466 ratione
1354 1410 1638 1468 frenentur
1662 1428 1837 1484 prona

247 1499 512 1556 sentimus
562 1502 629 1555 ad
668 1502 911 1567 malum;
970 1502 1209 1572 dumque
1258 1503 1493 1574 prOprize
1545 1503 1654 1575 50
1688 1514 1836 1559 metu

244 1591 554 1664 fragilitatis
589 1592 775 1649 anima
828 1603 1082 1665 suspecta
1111 1603 1351 1668 tenetur,
1385 1612 1662 1667 nunquam
1690 1599 1757 1653 ad
1782 1598 1835 1653 id

244 1685 555 1742 detrimenti
596 1686 903 1754 deducitur,
959 1696 1020 1742 ut
1071 1688 1372 1744 animantia
1417 1691 1621 1757 omnia,
1652 1689 1839 1745 vitalia

245 1777 457 1834 scilicet
507 1779 713 1848 studia,
742 1780 799 1835 in
851 1794 912 1837 se
960 1782 1180 1852 penitus
1228 1782 1591 1854 perimantur.
1621 1782 1838 1838 Cunctis

244 1869 428 1941 itaque
456 1870 638 1926 diebus
688 1882 866 1939 terra’,
899 1848 979 1928 id-
999 1882 1086 1929 est
1119 1848 1434 1931 omnimoda
1485 1876 1841 1948 intelligentia
1872 1848 1917 1904 Β

245 1964 588 2021 terrenitatis
621 1980 687 2021 ac
716 1964 1054 2022 infirmitatis
1075 1976 1300 2033 nostra),
1330 1969 1458 2024 dum
1488 1968 1700 2025 scilicet
1718 1984 1845 2024 eam

247 2053 540 2123 diligenter
610 2055 1030 2119 attenderimus,
1092 2057 1356 2121 sementis,
1418 2058 1472 2113 id
1500 2067 1583 2113 est
1640 2068 1847 2113 nostra:

249 2143 628 2199 conversionis
657 2144 831 2207 initia,
856 2153 905 2198 et
956 2145 1163 2211 messis,
1210 2147 1351 2215 quod
1379 2156 1463 2201 est
1485 2162 1697 2201 summa
1722 2163 1847 2218 per-

253 2233 532 2301 fectionis,
560 2235 800 2306 aliquam
834 2250 865 2290 a
894 2235 1257 2292 tentationum
1293 2252 1573 2307 nunquam
1603 2239 1847 2311 requiem

253 2328 607 2383 inveniuntur
641 2329 845 2386 habere
880 2330 1154 2399 molestia,
1185 2332 1300 2387 sive
1332 2332 1386 2388 in
1420 2332 1625 2404 frigore
1663 2342 1849 2406 torpo-

253 2418 349 2486 ris,
374 2426 427 2474 et
456 2418 796 2491 negligentiae
823 2420 1159 2487 desidamus,
1191 2438 1287 2479 seu
1322 2424 1393 2479 ab
1420 2426 1577 2494 aquis
1615 2426 1847 2491 nivium,

254 2507 406 2579 iuxta
429 2509 558 2564 illud
602 2509 724 2577 Job,
775 2510 845 2565 ad
890 2519 1083 2566 mstum
1114 2512 1238 2581 (Job
1268 2529 1420 2580 xxiv,
1447 2514 1561 2587 l9),
1589 2515 1643 2570 id
1668 2525 1752 2571 est
1779 2517 1847 2571 ad

254 2603 491 2660 calorem
538 2602 837 2674 religionis
883 2605 1118 2661 nimium
1174 2607 1484 2674 veniamus,
1516 2608 1605 2664 vel
1648 2610 1849 2665 mentis

256 2694 589 2767 aliquantula
640 2696 812 2752 instar
862 2699 1069 2754 aestatis
1113 2701 1410 2757 serenitate
1438 2702 1726 2773 pollentes,
1763 2704 1851 2759 vel

257 2786 505 2844 nubilosa
529 2787 695 2843 animi
724 2790 1047 2861 aegritudine
1098 2792 1167 2846 ad
1198 2793 1416 2848 modum
1446 2786 1645 2850 hiemis
1671 2811 1851 2851 etcen-

256 2880 481 2948 tieutes,
508 2889 603 2936 aut
624 2890 781 2938 nocte
813 2883 1208 2941 adversitatum
1230 2887 1428 2957 pressi,
1458 2896 1554 2942 aut
1583 2889 1671 2945 die
1702 2904 1854 2960 pros-

258 2975 509 3047 peritatis
563 2974 718 3030 eﬂ‘usi
790 2991 1117 3047 quocunque
1178 2987 1326 3034 statu
1384 2979 1703 3047 vixerimus,
1735 2982 1853 3037 sine

259 3066 519 3139 maligna,
548 3069 676 3123 dum
725 3067 951 3139 spiritus
995 3069 1095 3124 hos
1143 3071 1285 3143 regit
1339 3081 1515 3133 artus,
1546 3073 1856 3130 titillatione

261 3172 384 3215 esse
410 3174 518 3215 non
570 3174 882 3231 possumus,
925 3167 985 3215 ut
1021 3176 1299 3232 nunquam
1342 3162 1407 3219 de
1431 3165 1639 3234 peccati
1667 3164 1857 3220 immu—
1884 3199 1932 3261 ο
1964 3208 2075 3255 tam
2107 3162 2160 3254 il"
2187 3162 2435 3271 corporis
2488 3213 2654 3269 quam
2704 3162 2760 3252 i'n
2829 3196 3050 3263 animae,

262 3251 433 3310 nitate
456 3253 777 3327 gaudentes,
811 3254 1014 3310 iterare
1039 3265 1261 3326 peccata
1292 3256 1538 3315 velimus.

908 3410 1137 3467 CAPUT
1167 3412 1258 3467 IX.

344 3527 514 3583 Vsus.
530 3528 583 3593 1,
596 3527 653 3592 2,
670 3526 724 3581 5.
737 3524 1195 3596 —Benedia;itque
1214 3525 1356 3580 Deus
1377 3524 1493 3580 Noe
1503 3533 1552 3579 et
1577 3524 1704 3595 ﬁliis
1720 3525 1860 3597 ejus,

267 3619 451 3674 dicens
478 3637 499 3675 :
526 3618 773 3685 Crescite,
805 3627 854 3672 et
881 3616 1394 3685 multiplicamini,et
1419 3616 1606 3687 replete
1634 3628 1860 3684 terram,

268 3720 317 3768 et
348 3723 520 3766 terror
543 3721 727 3777 vester,
759 3727 822 3764 ac
845 3720 1042 3765 tremor
1061 3709 1129 3762 sit
1159 3724 1317 3779 super
1337 3717 1527 3762 cuncta
1566 3709 1863 3763 animantia

268 3813 447 3870 teme,
473 3813 519 3858 et
544 3819 700 3872 super
724 3818 901 3857 omnes
926 3799 1161 3856 volucres
1183 3799 1298 3855 caeli
1322 3816 1440 3855 cum
1454 3800 1863 3870 universis,qua:

271 3907 547 3953 moventur
573 3896 627 3949 in
655 3907 814 3951 terra.
855 3894 1047 3949 Omnes
1071 3895 1237 3965 pisces
1268 3894 1433 3947 maris
1466 3893 1650 3947 manui
1677 3903 1864 3948 vestrm

273 3988 459 4041 traditi
486 3996 627 4042 sunt.
678 3985 745 4040 Et
782 4003 934 4042 omne
983 3987 1123 4058 quod
1163 3996 1396 4042 movetur
1423 3996 1470 4040 et
1504 3986 1623 4041 vivit
1644 3987 1741 4041 erit
1772 4003 1865 4042 vo-

278 4080 355 4136 bis
383 4082 438 4135 in
468 4081 660 4135 cibum.
690 4080 770 4137 Ad
804 4079 1152 4135 obtinendam
1180 4080 1450 4135 internam
1477 4080 1719 4150 requiem
1750 4077 1868 4135 Noe

278 4171 333 4227 id
364 4183 450 4228 est
478 4172 695 4242 spiritui
725 4180 937 4236 nostro,
998 4182 1053 4225 et
1110 4170 1259 4235 ﬁliis,
1321 4170 1580 4239 operibus
1614 4169 1869 4225 videlicet

281 4261 420 4332 ejus,
465 4261 905 4325 benedictionis,
936 4260 990 4316 id
1032 4268 1117 4315 est
1173 4261 1543 4315 exuberantia:
1581 4259 1867 4315 consilium

283 4353 464 4418 datur,
496 4355 730 4419 crescite,
755 4353 848 4418 ait,
883 4367 995 4422 spe,
1030 4352 1123 4407 sed
1151 4367 1217 4406 ne
1266 4352 1318 4407 id
1369 4351 1604 4407 inaniter
1632 4351 1867 4417 faciatis,

282 4444 713 4515 multiplicamini
744 4445 890 4500 bono
926 4444 1076 4515 prius
1116 4458 1300 4515 opere,
1332 4452 1379 4497 et
1426 4443 1614 4514 replete
1647 4453 1867 4507 terram,

288 4536 659 4607 spiritualibus
702 4538 909 4594 scilicet
934 4536 1126 4593 ciliciis
1168 4545 1427 4608 occupate
1460 4536 1867 4593 sensualitatem

290 4638 553 4697 vestram,
580 4640 627 4685 et
661 4640 829 4686 terror
862 4641 1047 4698 vester,
1083 4648 1145 4686 ac
1195 4641 1390 4685 tremor
1416 4631 1481 4685 sit
1504 4646 1661 4700 super
1688 4640 1877 4684 cuncta

290 4720 550 4776 animalia
581 4732 753 4779 terrte.
810 4724 863 4779 id
890 4731 974 4779 est
1018 4738 1185 4792 super
1235 4723 1388 4789 vitia,
1430 4738 1549 4779 uuze
1579 4738 1642 4777 ex
1670 4724 1879 4778 anima-

289 4814 447 4871 litate
477 4827 797 4885 nascuntur,
832 4832 940 4872 non
990 4818 1135 4887 quod
1196 4817 1313 4886 ipsa
1362 4815 1722 4871 substantiata
1748 4815 1875 4880 sint,

290 4918 351 4966 ut
380 4911 572 4968 terreri
630 4926 695 4967 ac
749 4918 987 4966 tremere
1016 4917 1239 4978 queant,
1265 4909 1358 4964 sed
1391 4910 1533 4980 quod
1560 4910 1627 4966 ad
1657 4909 1880 4980 spiritus

292 5004 674 5059 auctoritatem
712 5002 910 5059 vitiosa
956 5001 1150 5057 terreri
1189 5002 1524 5059 conscientia
1584 5019 1755 5074 usque
1810 5004 1878 5058 ad

292 5106 589 5154 tremorem
620 5096 816 5152 debeat
840 5095 1106 5166 corporis,
1161 5103 1209 5149 et
1252 5110 1408 5164 super
1449 5111 1625 5149 omnes
1646 5092 1882 5151 volucres

294 5191 430 5259 cali,
464 5192 519 5247 id
565 5199 653 5247 est
702 5204 870 5262 super
916 5203 1135 5246 omnem
1185 5188 1491 5244 daemonum
1550 5187 1879 5258 superbiam,

294 5301 414 5341 cum
444 5283 721 5349 universis,
765 5300 881 5356 qua:
922 5281 1067 5338 finde
1096 5296 1161 5337 ac
1213 5278 1508 5336 carnaliter
1531 5290 1801 5334 moventur
1829 5281 1883 5336 in

297 5393 524 5450 corpore
551 5386 755 5435 vestro.
780 5376 980 5435 Omnes
1022 5376 1223 5448 pisces,
1270 5374 1361 5445 qui
1388 5373 1769 5444 perambulant
1795 5390 1882 5430 se-

298 5472 463 5529 mitas
492 5472 663 5529 maris
710 5470 885 5543 (Psal.
918 5485 1041 5537 vni,
1082 5470 1161 5540 9).
1193 5468 1371 5523 omnis
1420 5465 1629 5522 scilicet
1686 5465 1883 5538 ingenii

300 5565 593 5637 sagacitas,
627 5581 748 5636 qua:
775 5565 1050 5621 discernat
1100 5576 1345 5633 quasque
1374 5560 1572 5616 mentis
1592 5560 1883 5625 versutias,

298 5658 510 5726 manui,
536 5658 590 5715 id
618 5667 702 5715 est
726 5658 876 5729 operi
904 5666 1086 5713 vestro
1114 5655 1268 5728 quasi
1314 5655 1532 5726 quidam
1590 5654 1890 5711 adminicu-

300 5751 424 5809 larii
449 5751 685 5821 adiuncti
714 5760 861 5817 sunt,
894 5751 986 5822 qui
1017 5766 1139 5822 qua:
1180 5749 1386 5821 agenda
1416 5750 1526 5805 sint
1547 5758 1845 5821 suggerunt
1872 5767 1887 5816 ;

303 5851 363 5902 et
410 5859 573 5902 omne
616 5846 761 5917 quod
810 5843 884 5915 pii
933 5843 1114 5915 operis
1157 5843 1324 5899 habet
1348 5849 1577 5909 motum,
1605 5851 1661 5897 et
1687 5857 1751 5896 ex
1786 5842 1889 5901 fide

597 5964 873 6027 PATROL.
921 5962 1136 6026 CLVI.

1910 4556 1955 4611 D

1939 588 2112 642 rentia
2139 588 2339 643 tradidi
2368 589 2507 644 vobis
2530 590 2727 645 omnia.

2009 705 2173 762 Vens.
2203 708 2257 774 4,
2299 708 2351 772 5,
2384 707 2438 771 6,
2473 709 2524 763 7.
2553 740 2623 750 --
2644 707 2896 781 Excepto,
2957 711 3095 783 quod
3141 729 3354 769 carnem
3396 729 3518 769 cum

1936 800 2191 861 sanquine
2224 816 2326 854 non
2359 801 2660 855 comedetis.
2698 800 3025 871 Sanguinem
3063 804 3200 858 enim
3220 805 3522 862 animarum

1937 903 2227 946 vestrarum
2251 894 2515 958 requiram
2567 894 2632 948 de
2672 910 2835 948 manu
2882 905 3190 950 cunctarum
3220 898 3529 964 bestiarum,

1936 984 2072 1039 etde
2115 1000 2276 1037 ntauu
2336 984 2585 1038 hominis.
2639 983 2717 1038 De
2746 1001 2907 1039 manu
2955 986 3052 1039 viri
3086 996 3133 1041 et
3176 988 3359 1057 fratris
3408 988 3523 1057 ejus

1938 1075 2201 1146 requiram
2228 1076 2461 1130 animam
2509 1076 2757 1132 hominis.
2806 1074 3114 1148 Quicunque
3158 1079 3401 1148 effuderit
3430 1081 3535 1134 Itu-

1937 1184 2153 1221 manum
2180 1170 2510 1239 sanguinem,
2543 1168 2796 1240 fundetur
2839 1170 3055 1240 sanguis
3096 1170 3263 1224 illius.
3284 1172 3367 1226 Ad
3390 1172 3532 1227 inta-

1938 1263 2107 1329 ginem
2148 1262 2339 1333 quippe
2391 1261 2488 1317 Dei
2533 1262 2704 1334 factus
2756 1271 2831 1317 est
2872 1264 3048 1317 homo.
3086 1262 3246 1317 Olera
3282 1265 3529 1333 virentia,

1939 1352 1994 1407 id
2022 1361 2107 1406 est
2159 1353 2326 1407 cruda
2377 1355 2520 1424 apud
2566 1369 2665 1408 nos
2722 1354 2836 1409 esui
2888 1364 3012 1424 apta
3062 1369 3171 1408 non
3200 1357 3536 1424 sunt;quasi

1941 1441 2087 1496 olera
2140 1457 2275 1514 ergo
2301 1444 2523 1498 virentia
2554 1443 2809 1514 praedicta
2837 1445 3017 1499 omnia
3054 1459 3082 1498 a
3107 1443 3218 1498 Deo
3249 1444 3401 1499 nobis
3425 1453 3537 1498 tra-

1941 1534 2165 1599 duntur,
2196 1550 2321 1589 cum
2351 1551 2457 1591 non
2485 1550 2583 1606 pro
2613 1535 2858 1590 szeculari
2894 1537 3199 1601 honestate,
3224 1550 3287 1591 ac
3310 1536 3538 1591 scientia

1939 1635 2295 1698 peraguntur,
2348 1643 2449 1683 nec
2505 1628 2765 1682 humanae
2813 1628 3191 1683 delectationis
3244 1643 3419 1699 aqua,
3483 1637 3541 1683 et

1941 1718 2256 1773 ambitionis
2310 1719 2434 1790 igne
2480 1726 2634 1774 cocta
2672 1718 2977 1785 solvuntur,
3022 1718 3116 1774 sed
3163 1732 3263 1787 pro
3307 1718 3419 1773 sola
3454 1717 3540 1773 in-

1941 1818 2113 1866 ternae
2159 1812 2272 1882 spei
2312 1810 2588 1867 viriditate
2622 1819 2897 1867 tenentur.
2926 1810 3020 1866 Sic
3053 1810 3221 1882 igitur
3247 1811 3543 1882 allegorice

1946 1904 2266 1974 accipiatur.
2303 1903 2528 1960 Carnem
2563 1913 2744 1960 autem
2783 1921 2903 1959 cum
2930 1904 3187 1975 sanguine
3219 1918 3323 1958 non
3354 1916 3539 1959 come-

1947 2000 2151 2066 dimus,
2177 2001 2221 2055 si
2250 2000 2485 2056 carnalis
2536 1999 2823 2070 cujuslibet
2862 2000 3080 2071 culpam
3107 2001 3172 2055 ad
3196 2000 3545 2069 instituenda:

1947 2093 2257 2163 exemplum
2286 2094 2413 2148 vitae
2444 2109 2549 2149 non
2582 2095 2936 2159 assumimus;
2986 2093 3208 2166 sanguis
3244 2094 3388 2148 enim
3419 2107 3548 2163 pec-

1951 2192 2132 2240 catum
2169 2193 2286 2250 est;
2313 2199 2441 2251 non,
2486 2185 2732 2254 inquam,
2764 2184 2974 2239 debetis
3016 2184 3219 2237 imitari
3265 2198 3542 2254 perversa,

1951 2290 2077 2333 cum
2111 2275 2179 2331 de
2208 2292 2370 2331 manu
2402 2285 2729 2332 cunctarum
2754 2275 3077 2337 bestiarum,
3100 2275 3153 2332 id
3179 2284 3265 2332 est
3286 2276 3352 2331 de
3383 2289 3550 2346 opere

1951 2376 2274 2425 cunctorum
2329 2368 2659 2434 daemonum,
2710 2369 2802 2440 qui
2845 2370 2911 2423 ad
2952 2368 3290 2439 peccandum
3318 2383 3414 2423 vos
3454 2383 3551 2422 tm-

1952 2459 2166 2531 pulere,
2201 2467 2415 2514 constet
2444 2474 2474 2513 a
2502 2475 2590 2514 me
2609 2458 2750 2530 exigi
2807 2458 3096 2529 supplicia,
3125 2466 3181 2513 et
3230 2457 3299 2513 de
3330 2457 3551 2513 homine

1956 2551 2051 2621 qui
2091 2565 2154 2606 ea
2207 2548 2805 2621 petpetravitexigitur
2833 2564 3033 2619 paena;
3068 2548 3288 2620 sanguis
3335 2548 3546 2603 anima-

1954 2660 2079 2701 rum
2106 2659 2257 2700 mors
2278 2652 2363 2700 est
2393 2644 2668 2715 ipsarum;
2696 2656 2846 2698 mors
2869 2650 3051 2695 autem
3071 2655 3262 2696 earum
3293 2654 3551 2695 aSSBDSIS

1956 2736 2403 2795 delectatiouum.
2432 2735 2511 2791 De
2544 2752 2709 2790 manu
2736 2736 2836 2790 viri
2881 2735 2936 2791 id
2962 2742 3044 2790 est
3061 2733 3322 2804 pastoris.
3345 2735 3432 2789 cui
3470 2734 3554 2787 vi-

1956 2829 2078 2885 rilis
2106 2829 2285 2885 inesse
2321 2831 2480 2884 debet
2540 2827 2758 2883 animus
2814 2827 2882 2883 ad
2933 2834 3371 2899 restrmgendam
3402 2825 3556 2881 femi.

1957 2936 2118 2976 ncam
2153 2922 2207 2976 in
2233 2920 2465 2976 subditis
2493 2918 2805 2985 mollitiem,
2833 2918 2976 2974 unde
3006 2925 3063 2974 et
3110 2916 3369 2973 annulum
3426 2916 3555 2987 quia

1960 3027 2215 3084 sponsam
2248 3012 2411 3067 habet
2435 3011 2576 3081 gerit
2600 3009 2908 3080 episcopus,
2944 3009 3210 3080 quaeritur
3248 3008 3431 3063 anima
3455 3009 3555 3064 ho-

1960 3106 2151 3171 minis,
2182 3112 2243 3159 ut
2274 3103 2362 3160 cui
2386 3118 2622 3176 praeesse
2654 3102 3125 3174 inpraesentiarum
3148 3102 3445 3169 consensit,
3477 3101 3557 3157 illi

3116 3205 3375 3267 tanquam
3429 3211 3556 3252 cum

2010 3304 2077 3346 eo
2140 3290 2264 3345 inde
2312 3298 2559 3353 acturus,
2626 3286 3049 3342 necessitatibus
3100 3301 3208 3341 non
3268 3285 3443 3349 desit;
3493 3284 3558 3339 de

1964 3398 2127 3436 manu
2152 3381 2335 3450 fratris
2366 3381 2547 3433 anima
2596 3377 2877 3447 quaeritur,
2941 3377 2987 3432 si
3022 3391 3086 3433 ea
3134 3391 3253 3446 qua;
3305 3375 3556 3446 proximo

1968 3470 2199 3526 debetur
2219 3470 2376 3540 juxta
2416 3483 2517 3523 nos
2552 3467 2733 3539 posito
2780 3467 2986 3522 homini
3029 3482 3058 3522 a
3102 3467 3259 3523 nobis
3289 3483 3417 3523 cura
3447 3483 3557 3524 non

1966 3560 2332 3632 impenditur;
2383 3560 2428 3617 si
2468 3560 2614 3615 enim
2654 3558 2984 3631 negligentia
3045 3566 3237 3615 nostra
3289 3569 3499 3630 pereat,
3528 3577 3563 3616 a

1966 3652 2127 3709 nobis
2150 3650 2273 3722 jure
2301 3650 2633 3723 requiritur;
2656 3649 2964 3721 sanguinem
2982 3650 3274 3704 humanum
3304 3648 3560 3716 elfundit,

1966 3744 2061 3815 qui
2087 3742 2320 3814 aliquem
2348 3743 2400 3797 in
2426 3747 2695 3811 conceptu
2729 3740 2941 3810 peccati
2967 3739 3322 3796 ﬂuctuantem
3354 3738 3564 3794 suasio-

1969 3832 2129 3888 nibus
2181 3834 2249 3887 ad
2300 3830 2759 3903 perpetrationcm
2811 3830 2983 3902 cogit:
3033 3828 3302 3886 titantem
3350 3830 3402 3884 id
3454 3845 3564 3887 non

1969 3918 2143 3981 solum
2170 3926 2470 3990 suadendo,
2506 3925 2602 3980 sed
2655 3932 2710 3979 et
2731 3923 2979 3996 exempla
3002 3923 3294 3995 praebendo
3328 3941 3341 3977 ε
3371 3931 3567 3993 penset

1971 4032 2102 4089 ergo
2135 4017 2391 4074 seductor
2418 4032 2581 4087 quam
2614 4015 2725 4071 Deo
2753 4014 3002 4085 supplicii
3032 4015 3229 4070 debeat
3276 4012 3562 4080 ultionem,

1971 4127 2063 4183 qut
2095 4111 2189 4166 Dci
2218 4112 2273 4165 in
2302 4110 2524 4166 homine
2547 4108 2816 4165 destruxit
2855 4108 3172 4179 imaginem,

2043 4224 2261 4280 Aliter:
2295 4223 2603 4293 sanguinem
2652 4223 2939 4276 humanum
2981 4220 3229 4285 eﬂ‘undit,
3273 4220 3364 4290 qui
3423 4218 3562 4275 alte-

1973 4318 2090 4374 rius
2145 4316 2321 4371 latens
2366 4315 2559 4368 vitium
2613 4313 2948 4368 detrahendo
2994 4312 3225 4382 detegit;
3256 4311 3348 4382 qui
3376 4311 3563 4379 itaque

1974 4408 2293 4466 utrumlibet
2323 4407 2518 4477 egerit,
2548 4407 2868 4478 sanguinem
2902 4404 3181 4475 proprium
3221 4401 3561 4457 fundendum

1980 4502 2216 4568 noverit,
2247 4500 2375 4571 quia
2422 4500 2517 4569 qui
2561 4498 2647 4554 vel
2692 4498 2859 4553 alium
2914 4496 3217 4560 seduxerit,
3248 4493 3332 4550 vel
3357 4493 3569 4550 crimen

1982 4596 2283 4666 cuiuspiam
2352 4593 2619 4658 emiserit,
2682 4590 2916 4662 idipsum
2991 4588 3281 4661 inﬂigendo
3338 4589 3569 4661 patitur,

1980 4685 2128 4759 quod
2154 4685 2313 4739 alteri
2346 4684 2563 4749 inflixit,
2600 4698 2700 4738 nec
2735 4684 2786 4737 id
2832 4682 3054 4751 injuria,
3111 4697 3234 4739 nam
3260 4682 3456 4754 dignus
3481 4692 3572 4739 est

1983 4778 2335 4844 discriminis,
2368 4778 2460 4849 qui
2504 4776 2773 4847 judicium
2833 4778 2939 4833 sibi
2992 4776 3190 4833 divinat
3244 4785 3473 4849 usurpat
3514 4786 3573 4833 et

1984 4875 2247 4931 honorem
2282 4871 2464 4928 invide
2505 4872 2735 4927 infamat
2784 4871 3061 4943 imaginis,
3110 4871 3312 4940 quique
3360 4885 3573 4925 naevum

1982 4965 2157 5022 eidem
2186 4964 2391 5036 irrogat
2453 4963 2852 5034 corruptionis;
2908 4964 2977 5018 ad
3024 4964 3306 5035 imaginem
3337 4977 3576 5033 namque

1984 5056 2084 5112 Dei
2105 5056 2276 5127 [actus
2306 5065 2380 5111 est
2409 5057 2584 5112 homo.
2629 5055 2733 5112 Vos
2776 5066 2951 5111 autem
2983 5058 3050 5113 ab
3092 5057 3178 5111 his
3204 5065 3455 5112 extorres
3484 5070 3575 5127 pe-

1984 5150 2181 5218 stibus,
2206 5151 2421 5207 crescite
2441 5150 2546 5221 piis
2568 5148 2848 5220 operibus,
2875 5147 3299 5219 multiplicamini
3353 5147 3567 5204 intelle-

1986 5245 2187 5312 ctibus,
2216 5243 2556 5317 ingredimini
2612 5243 2678 5298 ad
2708 5242 2804 5298 Dei
2839 5241 3048 5306 oculos,
3108 5255 3178 5296 ne
3218 5240 3568 5298 mulceamini

1987 5338 2133 5407 vulgi
2162 5336 2440 5395 favoribus
2490 5352 2648 5407 super
2694 5345 2910 5390 terram.
2954 5332 3057 5404 51
3112 5333 3164 5389 id
3190 5332 3571 5391 estChristuut

1989 5432 2413 5491 constabilimini
2464 5429 2726 5493 funditus,
2766 5437 2814 5481 et
2855 5426 3060 5497 implete
3102 5444 3240 5494 eam,
3267 5426 3441 5497 ipsum
3468 5428 3576 5485 sci-

1991 5529 2117 5586 licet
2144 5528 2346 5586 sanctis
2370 5524 2578 5598 pascite
2608 5522 2843 5593 actibus,
2869 5523 2961 5594 qui
3007 5522 3181 5579 esurit
3210 5521 3438 5579 salutem
3465 5537 3561 5579 ve-

1988 5629 2180 5679 stram.

2065 5748 2229 5804 Vens.
2255 5748 2310 5815 8,
2334 5748 2387 5815 9,
2414 5747 2498 5812 10,
2531 5748 2615 5803 il.
2644 5779 2712 5788 —
2742 5748 2870 5805 Han:
2906 5765 3110 5822 quoque
3153 5746 3288 5802 dixit
3335 5744 3473 5833 Deus
3505 5760 3573 5799 aa

2000 5841 2134 5911 Noe,
2168 5849 2215 5897 et
2245 5841 2314 5897 ad
2344 5839 2480 5912 filios
2512 5841 2630 5913 ejus
2657 5859 2775 5900 cum
2806 5861 2864 5899 eo
2895 5852 2913 5894 :
2941 5841 3081 5899 Ecce
3110 5856 3203 5912 ego
3227 5845 3459 5894 statuam
3486 5851 3580 5906 pa-

2984 5958 3016 6017 ὧ
