4062 6354
558 349 660 418 £67

1377 353 1436 408 V.
1476 350 1797 410 GUlBERTl
1825 347 2120 406 ABBATIS
2139 347 2204 405 S.
2230 346 2474 407 MANE.
2510 346 2600 404 DE
2637 345 3036 405 NOVIGENTO

3727 351 3854 409 ωε

558 485 701 530 ctum
725 478 898 529 meum
929 474 1210 539 vobiscum,
1239 481 1285 526 et
1319 487 1436 525 cum
1460 468 1652 524 semine
1689 477 1855 524 vestro
1883 475 1998 538 post
2025 482 2130 531 vos,
2163 467 2211 526 Α
2236 481 2344 522 non
2369 465 2686 535 desperetur
2712 465 2887 531 locus,
2917 464 3008 520 ubi
3025 464 3298 536 superbia,
3331 471 3427 522 'seu
3455 463 3666 538 ignavia
3692 481 3844 521 ωει-
3891 457 3896 459 ’

555 578 603 624 et
634 568 702 624 ad
735 584 935 622 omnem
956 568 1184 621 animam
1204 565 1468 628 viventem,
1489 579 1606 635 quae
1633 571 1710 618 est
1737 561 2000 616 vobiscum
2023 569 2134 614 tam

555 660 612 724 in
641 659 929 716 volucribus
961 673 1115 729 quam
1157 657 1210 709 in
1247 657 1524 724 jumentis,
1573 664 1621 708 et
1665 653 1945 724 pecudibus
1979 661 2133 705 terra:

557 753 779 818 cunctis,
805 767 918 822 qua:
943 765 1146 819 egressa
1176 757 1295 801 sunt
1325 747 1389 802 de
1427 763 1574 812 arca,
1602 756 1649 801 et
1681 747 1933 800 universis
1957 744 2131 799 bestiis

555 851 730 899 terrm.
776 841 1012 897 Statuunt
1057 850 1270 916 pactum
1317 855 1490 893 meum
1518 838 1815 904 vobiscum,
1843 847 1892 892 et
1938 854 2132 908 nequa-

554 923 711 1006 quam
738 931 870 984 ultra
895 931 1239 1000 interﬁcietur
1261 930 1411 1001 aquis
1437 928 1644 994 diluvii,
1676 945 1835 1000 neque
1862 931 1956 982 erit
1984 929 2132 982 dein-

553 1039 667 1091 ceps
703 1021 953 1076 diluvium
991 1023 1252 1090 dissipans
1275 1029 1486 1074 terram.
1518 1019 1652 1076 Cum
1681 1021 1894 1086 talibus,
1930 1020 2128 1090 inquit,

550 1111 740 1168 ofﬁciis
785 1129 880 1169 vos
910 1113 1313 1183 applicueritis,
1345 1129 1492 1176 ecce,
1540 1128 1639 1168 nec
1680 1128 1861 1176 mora,
1899 1121 2130 1167 statuam

546 1212 759 1272 pactum
785 1219 961 1258 meum
985 1205 1268 1270 vobiscum,
1293 1204 1549 1274 peculiari
1585 1219 1678 1259 vos
1703 1204 1833 1258 mihi
1865 1203 1916 1258 in
1947 1219 2131 1259 amore

552 1291 877 1366 astringam,
923 1305 976 1352 et
1025 1306 1144 1366 post
1167 1313 1280 1362 vos,
1332 1297 1382 1352 id
1427 1307 1506 1351 est
1539 1306 1822 1369 postquam
1871 1311 2132 1366 corporea

551 1395 729 1442 morte
760 1387 1086 1455 defeceritis,
1117 1405 1233 1443 cum
1264 1389 1476 1454 semine,
1501 1387 1646 1444 bono
1671 1389 1921 1444 videlicet
1945 1401 2127 1456 opere,

556 1489 975 1555 vestro‘paclnm
1021 1483 1190 1537 beatae
1245 1481 1600 1552 perenuitalis
1637 1480 1947 1545 stabiliam;
1988 1478 2130 1532 unde

550 1571 791 1641 psalmus
823 1589 837 1624 :
868 1561 935 1624 Et
959 1573 1058 1642 ﬁlii
1097 1591 1275 1628 eorum
1316 1590 1476 1644 usque
1520 1575 1574 1629 in
1605 1573 1852 1628 saeculum
1882 1570 2129 1626 sedebunt

548 1679 705 1732 super
740 1664 910 1717 sedem
937 1674 1079 1718 tuam
1111 1664 1284 1736 (Psal.
1311 1681 1472 1720 cxxxr
1493 1706 1506 1732 ,
1535 1666 1623 1737 12)
1644 1706 1657 1730 ,
1691 1665 1954 1720 habemus
1995 1661 2132 1716 ﬁlios

551 1768 736 1824 Opera,
779 1754 919 1810 ﬁlios
955 1756 1186 1812 ﬁliorum
1221 1771 1443 1827 operum
1491 1757 1730 1826 praemia.
1780 1754 1891 1809 Noe
1925 1754 2130 1824 itaque,

548 1823 603 1901 id
635 1855 716 1902 est
751 1849 973 1918 spiritus
1001 1859 1183 1904 noster
1212 1823 1388 1905 fdedus
1415 1823 1654 1904 divinum
1699 1846 1957 1916 suscipit,
2000 1823 2126 1900 dum
2156 1823 2206 1885 Β

543 1954 604 2008 se
635 1941 839 1996 arctius
872 1942 1064 1996 divinae
1090 1941 1349 1996 voluntati
1381 1941 1690 2012 subjungit,
1724 1957 1844 1996 cum
1872 1941 2128 2011 operibus

543 2033 747 2106 nostris
776 2033 895 2102 p’bst
931 2048 1029 2089 nos
1073 2041 1290 2105 pactum
1339 2033 1564 2100 stabilit,
1597 2049 1720 2090 cum
1752 2049 1850 2103 per
1882 2048 2128 2089 remune-

547 2125 772 2180 rationis
793 2126 1027 2196 gratiam
1051 2141 1112 2181 ea
1137 2126 1237 2181 sibi
1271 2125 1538 2196 placuisse
1570 2125 1621 2180 in
1659 2125 1838 2181 futuro
1865 2126 2123 2182 ostendit.

542 2217 625 2271 Ad
652 2235 856 2272 omnem
887 2219 1115 2274 animam
1148 2221 1427 2286 viventem,
1462 2219 1709 2275 volucres
1745 2218 1989 2285 scilicet,
2031 2219 2122 2289 ju-

543 2318 749 2374 meuta,
781 2319 838 2364 et
883 2311 1116 2379 pecudes
1137 2350 1151 2375 ,
1181 2319 1236 2364 et
1278 2309 1482 2365 bestias
1529 2321 1740 2379 pactum
1775 2309 1963 2372 initur,
1995 2311 2122 2363 dum

537 2416 642 2472 per
669 2415 812 2454 arca:
842 2401 1233 2470 egressionem,
1275 2400 1480 2468 peccati
1528 2399 1777 2453 videlicet
1820 2398 2124 2454 confessio-

542 2507 699 2558 nem;
747 2490 956 2545 Lazaro
988 2490 1129 2545 enim
1175 2489 1370 2545 dicitur
1412 2507 1425 2543 :
1473 2487 1602 2543 Veni
1639 2490 1781 2560 foras
1816 2488 1996 2561 (Joan.
2043 2505 2118 2552 Xl,

545 2581 682 2653 45),
711 2596 806 2647 ea,
856 2595 973 2650 quae
1021 2581 1236 2636 fuerant
1263 2579 1492 2650 superba
1515 2621 1528 2646 ,
1566 2579 1757 2650 cupida
1800 2590 1854 2634 et
1888 2579 2120 2646 lasciva,

545 2682 711 2742 atque
751 2671 988 2727 crudelia
1041 2671 1107 2727 ad
1161 2672 1400 2743 regulam
1445 2672 1721 2726 modestim
1754 2671 1936 2734 ducta,
1989 2669 2125 2725 ﬁunt

545 2764 731 2832 utilia;
761 2765 887 2820 boni
926 2779 1157 2835 namque
1199 2765 1473 2834 corruptio
1521 2763 1582 2819 lit
1608 2765 1733 2818 vitia
1761 2763 1853 2837 [f.,
1884 2759 2118 2838 vitium].

549 2853 620 2913 Et
653 2858 766 2913 haec
787 2873 883 2928 per
910 2857 1303 2914 confessionem
1336 2857 1450 2914 lota
1473 2857 1606 2912 ﬁunt
1629 2857 1822 2913 iterum
1843 2857 2036 2924 virtus,
2065 2869 2121 2914 et

531 2961 780 3024 _superna
838 2947 1150 3017 concipiunt
1201 2957 1358 3018 pacta
1415 2964 1536 3020 quae
1577 2948 1805 3019 quidem
1862 2947 2118 3020 praeteriti

540 3036 729 3106 lapsus
769 3054 985 3110 semper
1029 3039 1267 3094 animum
1314 3041 1648 3111 deprimente
1693 3040 1952 3094 memoria
1997 3055 2118 3110 per-

543 3140 766 3185 manent
796 3131 1094 3198 indivulsa,
1123 3141 1180 3187 ut
1226 3147 1332 3188 non
1371 3132 1731 3188 interﬁciatur
1777 3133 1952 3187 omnis
1991 3147 2116 3188 caro

546 3219 732 3277 diluvii
759 3238 920 3293 aqua,
954 3223 1006 3278 id
1033 3222 1114 3279 'est
1153 3239 1259 3278 non
1298 3233 1444 3278 tanta
1479 3224 1747 3279 habeatur
1786 3223 2118 3293 contempla-

539 3314 706 3371 tionis
733 3315 1074 3385 excellentia,
1103 3333 1222 3390 quae
1249 3317 1501 3373 universa
1542 3317 1606 3372 ad
1648 3316 1863 3388 plenum
1893 3316 2120 3372 subruat

538 3408 720 3463 carnis
747 3410 1066 3476 certamina,
1099 3407 1384 3480 quatenus,
1409 3408 1536 3464 dum
1570 3409 1776 3465 crebris
1799 3415 2119 3480 perurgetur

523 3500 794 3578 motibus,
829 3515 1042 3570 semper
1081 3501 1256 3571 seipsa
1291 3501 1545 3557 humilior
1573 3499 1849 3573 confugiat
1889 3500 1992 3554 sub
2023 3499 2115 3554 Dei

540 3590 932 3646 misericordiae
958 3591 1072 3645 alas
1101 3607 1252 3646 mens
1279 3591 1508 3656 devota;
1543 3593 1800 3647 diluvium
1828 3593 1974 3647 enim
2003 3589 2114 3645 dis-

515 3674 726 3754 sipans
753 3690 960 3738 terram
990 3691 1104 3748 est,
1151 3683 1325 3738 virtus
1363 3683 1746 3754 speculationis
1793 3682 2115 3738 humilitatis

539 3781 846 3842 respectum
889 3773 944 3828 in
975 3781 1156 3828 mente
1195 3771 1494 3829 destruens.
1528 3770 1606 3828 Ne
1635 3771 1948 3844 magnitudo
1984 3784 2116 3825 sane

538 3866 931 3922 i‘evelationum
952 3865 1234 3922 extolleret
1255 3865 1503 3933 Paulum,
1536 3867 1696 3922 datur
1722 3865 1824 3920 sibi
1865 3862 2114 3919 stimulus

537 3955 620 4028 (ll
654 3957 774 4012 Cor.
812 3974 912 4025 xu,
937 3958 1010 4029 7).

608 4047 769 4103 Vens.
800 4049 884 4112 19.,
913 4051 1000 4118 15,
1026 4047 1114 4116 14,
1149 4047 1234 4104 15.
1255 4079 1328 4090 --
1348 4045 1464 4103 Hoc
1487 4049 1693 4120 signum
1724 4046 1951 4117 fwderis,
1973 4046 2113 4114 quod

534 4138 602 4191 do
628 4138 762 4192 inter
791 4155 870 4194 me
912 4149 960 4194 et
994 4157 1104 4203 vos,
1131 4149 1178 4194 et
1220 4139 1288 4192 ad
1335 4155 1538 4193 omnem
1581 4138 1813 4191 animam
1864 4135 2112 4189 viventem

516 4230 649 4299 qua:
671 4236 748 4284 est
775 4231 1031 4286 vobiscum
1061 4231 1116 4286 in
1151 4231 1504 4300 generationes
1531 4229 1891 4297 sempiternas.
1916 4227 2112 4279 Arcum

515 4315 707 4378 meum
728 4339 919 4395 ponam
957 4324 1011 4378 in
1042 4323 1299 4389 nubibus;
1332 4334 1381 4376 et
1421 4323 1516 4376 erit
1542 4323 1747 4393 signum
1769 4321 1906 4374 inter
1932 4333 2028 4380 me,
2061 4327 2110 4372 σε

529 4417 666 4472 inter
717 4427 933 4472 terram.
1011 4415 1242 4488 Cumque
1304 4415 1569 4469 obduxero
1619 4413 1836 4468 nubibus
1891 4412 2106 4477 caelum,

532 4509 798 4581 apparebit
828 4525 984 4564 arcus
1024 4525 1170 4564 meus
1199 4510 1252 4561 in
1280 4505 1502 4561 nubibus
1528 4522 1546 4560 :
1577 4515 1626 4560 et
1676 4505 1990 4559 recordabar
2013 4504 2107 4574 fte-
2134 4524 2188 4586 D

529 4602 668 4658 deris
701 4601 799 4658 mei
829 4603 1112 4668 vobiscum,
1156 4611 1203 4656 et
1251 4615 1370 4654 cum
1417 4600 1556 4652 omni
1597 4599 1804 4664 anima,
1845 4611 1962 4668 qua:
1991 4611 2108 4650 car-

459 4709 474 4746 :
528 4709 645 4750 nem
677 4705 906 4765 vegetat;
934 4705 982 4749 et
1010 4709 1117 4749 non
1156 4701 1306 4747 erunt
1344 4691 1483 4745 ultra
1528 4707 1680 4762 aqua:
1706 4689 1891 4744 diluvii
1919 4689 1988 4742 ad
2022 4689 2107 4743 de-

468 4784 476 4852 ί
501 4801 504 4806 '
527 4785 737 4843 lendam
783 4788 1077 4842 universam
1112 4801 1342 4840 carnem.
1383 4785 1557 4840 Arcus
1586 4783 1765 4839 colore
1808 4781 1995 4848 rubeo,
2027 4780 2105 4836 si-

2238 567 2468 622 crescat,
2504 572 2612 612 non
2636 558 2688 612 in
2711 559 2893 612 animo
2925 557 3209 627 reperitur.
3237 557 3371 612 Dum
3399 557 3585 627 itaque
3607 557 3840 623 celum,

2237 663 2390 704 mens
2417 647 2690 713 videlicet,
2720 647 2963 711 nubibus,
3001 649 3054 702 id
3079 659 3165 704 est
3187 648 3578 720 cogitationum
3605 649 3844 706 nebulis

2236 741 2549 808 obducitur,
2578 754 2739 796 arcus
2765 741 2868 796 iste
2895 757 2992 811 per
3019 755 3182 811 quem
3211 741 3377 796 corda
3405 741 3672 796 charitate
3701 741 3838 797 vul—

2235 839 2514 897 nerentur,
2549 831 2705 901 quasi
2733 830 2928 887 lucifer
2969 832 3028 886 in
3068 831 3306 889 tenebris
3335 846 3702 904 appar-essene
3736 834 3840 890 in-

2234 922 2468 978 ducitur.

2306 1037 2472 1091 Vnns.
2504 1037 2597 1103 16,
2635 1036 2720 1092 17.
2747 1067 2816 1078 -
2858 1036 2928 1091 Ει
2975 1036 3311 1108 recordabor,
3357 1038 3574 1110 inquit,
3605 1041 3838 1112 {sederis

2234 1128 2335 1182 mei
2359 1128 2642 1197 vobiscum,
2677 1131 2730 1185 id
2755 1139 2839 1186 est
2865 1132 3145 1188 recordari
3171 1147 3268 1189 vos
3292 1132 3488 1188 faciam
3513 1137 3838 1204 sponsionis

2234 1227 2449 1287 vestrae,
2479 1235 2583 1291 qua
2614 1222 2746 1277 mihi
2776 1235 2872 1278 vos
2897 1237 2998 1294 pro
3026 1233 3330 1281 vestrorum
3379 1227 3533 1282 venia
3564 1243 3729 1298 pecca
3741 1239 3836 1286 to-

2236 1323 2385 1375 rum,
2407 1317 2465 1364 et
2509 1311 2730 1380 praemio
2759 1313 2885 1368 vitat
2927 1325 3146 1370 aiternae
3189 1316 3492 1372 servituros
3519 1317 3831 1376 obtulistis.

2235 1399 2350 1456 Hoc
2371 1399 2552 1457 foedus
2575 1402 2769 1458 initum
2803 1398 2889 1460 est
2928 1406 3093 1460 etiam
3125 1421 3242 1460 cum
3287 1409 3430 1462 omni
3458 1410 3636 1464 anima
3659 1451 3674 1476 ,
3709 1426 3832 1467 non

2237 1505 2400 1560 quam
2430 1505 2560 1546 caro
2586 1502 2785 1562 portat,
2835 1495 2929 1551 sed
2970 1507 3092 1566 qum
3140 1495 3512 1553 carnalitalem
3560 1500 3720 1571 regit,
3776 1510 3837 1556 et

2238 1597 2359 1638 cum
2398 1583 2698 1655 paralytico
2725 1587 3006 1657 grabatum
3053 1587 3257 1658 baiulat
3280 1630 3295 1655 ,
3325 1597 3384 1646 et
3413 1591 3542 1644 dum
3573 1605 3702 1662 spes
3753 1595 3835 1649 ti-

2236 1678 2407 1733 moris
2456 1679 2799 1749 providentia
2851 1690 3224 1752 temperatur,
3283 1683 3330 1738 si
3399 1697 3508 1754 qua
3568 1699 3835 1756 supernae

2238 1771 2585 1841 aspirationis
2635 1771 2983 1829 exuberantia
3034 1775 3327 1847 aliquando
3373 1786 3658 1849 suppetat,
3709 1794 3833 1836 non

2233 1862 2432 1917 valebit
2457 1861 2730 1918 intantum
2757 1874 2816 1920 ut
2869 1877 3051 1920 tumor
3075 1867 3204 1922 inde
3233 1877 3504 1936 nascatur,
3535 1870 3666 1940 quia
3695 1886 3835 1928 car-

2232 1955 2434 2010 nalium
2465 1959 2727 2014 memoria
2757 1971 2978 2030 operum
3007 1960 3074 2014 ab
3089 1959 3288 2028 animo,
3304 1963 3414 2018 Deo
3440 1965 3828 2036 dispensante,

2231 2061 2571 2118 nequaquam
2600 2047 2844 2118 deletur;
2887 2051 3087 2123 eritque
3117 2061 3276 2108 arcus
3313 2056 3370 2110 in
3415 2057 3656 2126 nubibus,
3685 2061 3828 2131 quia

2231 2152 2326 2195 cor
2350 2150 2595 2196 nostrum
2639 2144 2777 2199 sacri
2817 2142 3019 2215 eloquii
3063 2155 3148 2200 est
3175 2143 3325 2202 locus
3345 2188 3360 2214 ,
3383 2157 3432 2204 et
3457 2150 3635 2205 videbo
3671 2167 3827 2222 eunt,

2230 2231 2284 2286 id
2321 2242 2407 2288 est
2455 2236 2710 2291 continua
2757 2237 3108 2293 meditatione
3149 2241 3495 2298 versantibus
3541 2259 3823 2315 exponam

2229 2323 2358 2378 illud
2385 2325 2534 2381 clare
2563 2324 2873 2394 videndum,
2919 2339 2966 2383 et
3012 2332 3330 2386 recordabar
3374 2333 3605 2403 hederis,
3633 2338 3692 2393 id
3731 2349 3825 2396 est

2230 2416 2509 2473 recordari
2537 2417 2733 2475 iaciam
2764 2421 3065 2492 spiritualis
3085 2437 3199 2491 eos,
3229 2439 3336 2496 qua
3361 2427 3491 2482 mihi
3521 2441 3823 2488 annectun-

2228 2516 2338 2576 tur,
2363 2508 2686 2578 dulcedinis,
2702 2512 2910 2583 [aderis
2931 2515 3051 2570 dico
3079 2518 3393 2588 sempiterni,
3419 2523 3562 2591 quod
3589 2525 3815 2583 interim

2228 2600 2354 2656 dum
2395 2602 2630 2660 vivimus
2667 2619 2767 2661 nos
2811 2607 3089 2679 Deumque
3127 2611 3489 2684 constringat,
3519 2613 3612 2671 sed
3637 2617 3692 2671 in
3722 2619 3814 2674 fu-

2228 2701 2353 2748 turo
2394 2695 2700 2784 specialiter
2746 2699 2916 2754 uniat.
2967 2701 3076 2756 lloc
3111 2713 3321 2771 pactum
3367 2707 3434 2760 ad
3495 2709 3813 2768 universam

2227 2801 2470 2855 carnem,
2503 2789 2557 2844 id
2585 2799 2670 2846 est
2695 2791 3117 2861 humanitatem,
3150 2811 3266 2867 qua:
3301 2809 3379 2855 est
3404 2817 3562 2874 super
3587 2813 3809 2875 terram,

2225 2878 2279 2934 id
2309 2890 2390 2936 est
2416 2896 2536 2951 quae
2557 2884 2960 2955 supergreditur
2984 2887 3236 2959 seipsam.

2295 2997 2459 3056 Vens.
2490 3001 2576 3058 18.
2603 3033 2674 3044 —
2696 3004 2863 3060 Erant
2889 3007 3050 3078 igitur
3074 3009 3175 3080 ﬁlii
3197 3009 3331 3078 Noe,
3354 3017 3444 3086 qui
3469 3022 3658 3090 egressi
3682 3035 3808 3080 sunt

2223 3085 2288 3143 de
2333 3106 2478 3157 arca,
2507 3090 2651 3184 Sem,
2681 3091 2866 3161 Chmn,
2897 3107 2946 3151 et
2987 3097 3234 3170 Japhetlt.
3269 3085 3440 3161 Porro
3481 3085 3646 3165 Citam
3695 3114 3810 3184 ipse

2147 3175 2194 3238 Ο
2225 3192 2302 3236 est
2330 3194 2478 3253 pater
2502 3183 2784 3242 Chanaan.
2835 3187 2968 3246 Tres
2993 3192 3078 3248 isti
3113 3205 3240 3250 sunt
3267 3196 3362 3253 ﬁlii
3389 3195 3521 3268 Noe,
3547 3213 3602 3258 et
3627 3206 3695 3261 ab
3713 3175 3807 3265 his

2225 3277 2631 3340 disseminatum
2660 3290 2746 3337 est
2770 3297 2933 3340 omne
2960 3285 3239 3344 hominum
3271 3307 3440 3361 genus
3481 3311 3640 3368 super
3672 3301 3801 3356 uni-

2221 3386 2440 3426 versam
2473 3381 2696 3429 terram.
2725 3374 2804 3430 Ex
2835 3387 3024 3434 nostro
3043 3381 3237 3452 spiritu
3270 3385 3616 3454 spiritualiter
3637 3389 3788 3457 ﬁdes,

2223 3478 2372 3533 spes,
2402 3464 2642 3520 charitas
2686 3477 3072 3538 procreantur,
3117 3483 3176 3526 ut
3219 3489 3382 3545 supra
3419 3480 3520 3534 sub
3555 3483 3800 3550 personis

2220 3552 2386 3607 trium
2438 3551 2672 3609 ﬁliorum
2727 3556 3014 3614 dissertum
3061 3572 3164 3617 est.
3215 3561 3282 3619 lli
3337 3569 3688 3639 egrediuntur
3734 3575 3803 3630 de

2226 3657 2380 3710 arca,
2431 3648 2646 3714 quando
2695 3646 2760 3702 de
2800 3651 3008 3718 putenti
3051 3669 3148 3725 per
3191 3659 3589 3718 confessionem
3617 3667 3800 3737 egredi

2222 3749 2324 3829 nos
2345 3737 2677 3829 compellunt
2706 3743 3070 3829 conscientia;
3104 3748 3231 3804 talia
3255 3750 3398 3809 dicta
3419 3755 3474 3809 in
3505 3755 3803 3829 Scripturis

2221 3825 2521 3919 abundant,
2550 3836 2607 3883 ut
2635 3839 2720 3886 est
2747 3847 2762 3888 :
2789 3827 3025 3889 Possedit
3053 3855 3239 3908 agrum
3266 3841 3330 3897 de
3352 3848 3585 3903 mercede
3609 3825 3804 3919 iniqui-

2219 3918 2344 3970 tatis
2377 3919 2512 4004 (Act.
2545 3933 2585 3984 ι,
2624 3920 2733 3994 18),
2761 3921 2811 3977 id
2841 3935 2924 3980 est
2947 3929 3210 3996 possideri
3242 3932 3389 3990 fecit.
3418 3937 3588 3995 Porro
3627 3918 3798 4000 Cham

2219 4007 2334 4080 ipse
2357 4021 2440 4068 est
2468 4023 2623 4084 pater
2673 4025 2727 4072 et
2765 4029 2954 4074 auctor
2983 4019 3258 4092 Chanaan,-
3285 4030 3376 4099 qui
3412 4031 3802 4106 interpretatur

2217 4113 2388 4160 motus
2409 4123 2608 4163 eorum.
2646 4109 2781 4166 Dum
2807 4113 2952 4168 enim
2986 4117 3303 4178 multotiens
3336 4141 3498 4195 quam
3523 4130 3596 4184 sit
3626 4135 3797 4190 ardua

2215 4201 2388 4257 nostri
2412 4207 2685 4262 exsecutio
2725 4211 2986 4280 propositi
3013 4215 3439 4287 consideramus,
3467 4231 3522 4278 et
3545 4239 3798 4282 necessa-

2214 4294 2351 4350 riam
2387 4309 2688 4369 cazptorum
2739 4300 3004 4359 bonorum
3051 4313 3511 4375 perseverantiam
3554 4319 3794 4375 attendi-

2213 4401 2362 4455 mus,
2405 4403 2472 4444 ex
2519 4391 2757 4484 desidia,
2809 4405 2862 4450 et
2909 4397 3284 4468 desperatione
3330 4402 3530 4462 laboris
3581 4408 3644 4464 ﬁt
3684 4410 3793 4484 52

2213 4487 2415 4544 motus,
2465 4495 2528 4535 ac
2573 4483 2800 4538 mutatio
2830 4499 3040 4554 eorum,
3087 4490 3296 4546 scilicet
3340 4508 3566 4564 operum
3607 4515 3621 4552 :
3665 4483 3792 4555 nam

2214 4569 2346 4627 ﬁdes
2387 4589 2508 4626 cum
2551 4584 2839 4630 exercetur
2881 4593 2978 4647 per
3027 4579 3197 4638 olIicia
3244 4585 3554 4652 charitatis,
3584 4600 3640 4646 et
3667 4608 3793 4664 spes

2213 4665 2473 4721 delectari
2504 4667 2698 4722 nititur
2723 4667 3084 4729 invisibilibus
3109 4673 3284 4745 bonis,
3312 4679 3380 4735 ab
3401 4681 3640 4752 ipsorum
3667 4700 3792 4742 con-

2214 4759 2371 4824 tuitu,
2403 4760 2584 4830 operis
2611 4761 2751 4816 victa
2783 4761 3001 4820 fastidio
3036 4767 3355 4839 visibilibus,
3385 4787 3505 4843 qua:
3531 4779 3701 4850 magis
3730 4779 3788 4835 in

2207 4857 2462 4919 promptu
2505 4860 2656 4942 sunt,
2718 4865 2999 4912 amovetur
3053 4859 3343 4918 illecebris.
3398 4863 3564 4923 C/tam
3606 4871 3789 4942 itaque

2207 4950 2358 5010 pater
2385 4950 2460 4995 est
2492 4940 2767 5011 Chanaan,
2800 4949 2926 5019 quia
2975 4967 3101 5022 spes
3135 4957 3354 5026 proprio
3400 4957 3610 5018 defectu
3631 5005 3646 5029 ,
3675 4940 3786 5022 non

2208 5030 2356 5124 quod
2381 5029 2519 5086 bona
2545 5041 2746 5088 interna
2781 5035 3082 5108 discredat,
3116 5045 3209 5098 sed
3248 5049 3389 5116 quod
3416 5065 3478 5104 ea
3523 5055 3785 5124 consequi

2204 5137 2320 5194 prae
2345 5122 2544 5180 laboris
2566 5126 2704 5182 mole
2736 5129 2960 5198 diﬁidal,
2986 5133 3326 5204 potissimum
3371 5144 3567 5201 mentis
3602 5122 3783 5204 studia

2204 5224 2416 5282 movet,
2449 5233 2512 5274 ac
2557 5229 2756 5291 mutat;
2789 5227 3041 5283 Chanaan
3094 5231 3236 5286 enim
3281 5233 3480 5292 dlClllll‘
3524 5250 3778 5297 mutatus.

2203 5308 2285 5365 Ab
2313 5309 2399 5368 his
2445 5313 2634 5381 tribus,
2669 5318 2870 5374 nostris
2916 5321 3283 5390 Spiritualibus
3323 5323 3451 5387 ﬁliis
3478 5347 3639 5388 omne
3681 5333 3782 5388 ho-

2199 5401 2409 5457 minum
2437 5419 2626 5475 genus,
2660 5407 2711 5461 id
2747 5418 2827 5463 est
2868 5411 3043 5467 omnis
3089 5415 3296 5484 species
3338 5421 3780 5480 rationabilitatis

2227 5509 2361 5565 uper
2390 5504 2588 5552 terram
2618 5497 2864 5554 humanae
2886 5501 3210 5561 conditionis
3238 5507 3555 5568 infunditur.

523 4879 746 4952 mul‘qne
801 4879 961 4935 viridi
1024 4887 1274 4935 constare
1321 4877 1673 4949 dignoscitur.
1725 4877 1899 4931 Arcus
1947 4889 2104 4930 sacra

529 4971 809 5044 Scriptura
839 4980 942 5036 est,
975 4969 1042 5025 de
1071 4981 1175 5040 qua
1202 4969 1425 5040 sagittas
1454 4975 1579 5023 suas
1603 4967 1919 5023 ardentibus
1943 4961 2104 5018 eﬂiclt

493 5056 670 5121 ‘Deus
701 5063 874 5136 (Psal.
905 5077 998 5128 vn,
1025 5062 1134 5130 14).
1164 5061 1271 5117 Per
1290 5061 1520 5116 colorem
1549 5060 1768 5131 igneum
1800 5059 1980 5124 timor,
2009 5054 2101 5124 qui

522 5174 624 5214 nos
673 5153 995 5220 discruciat,
1044 5169 1140 5226 per
1181 5154 1416 5209 virorem
1465 5152 1726 5222 accipitur
1773 5161 1931 5220 spes,
1981 5157 2102 5216 quae

517 5261 737 5320 pascuae
780 5247 1148 5318 supercmlesti
1179 5245 1390 5312 inhiat;
1425 5259 1545 5316 quae
1576 5243 1682 5299 duo
1725 5253 1850 5295 cum
1894 5235 2098 5292 indesi-

519 5349 715 5397 nenter
769 5350 957 5396 nostra
1013 5340 1402 5410 occupaverint
1461 5338 1624 5394 corda
1681 5348 1750 5388 ex
1815 5345 1944 5386 arcu
2003 5328 2099 5383 Dei

518 5434 890 5510 procedentia,
923 5431 983 5488 lit
1023 5433 1238 5506 signum
1287 5433 1507 5488 foederis
1555 5432 1612 5483 in
1654 5434 1900 5490 nubibus,
1937 5425 1988 5480 id
2015 5433 2100 5480 est

504 5530 777 5587 indicium
823 5528 988 5586 divini
1025 5530 1228 5586 amoris
1275 5528 1330 5582 in
1358 5522 1799 5596 cegitationibus,
1825 5533 1933 5591 quo
1953 5520 2096 5576 bene

516 5623 662 5678 inter
709 5637 828 5688 nos,
867 5639 933 5679 ac
982 5622 1149 5678 Deum
1202 5619 1608 5710 conveniamus,
1659 5613 1990 5687 proﬁciendo
2039 5615 2092 5668 in
2267 5621 2431 5679 Vens,
2461 5623 2562 5689 20,
2605 5624 2701 5688 21,
2732 5625 2820 5680 22,
2859 5658 2927 5667 _
2954 5628 3220 5702 σωρειηηε
3263 5633 3379 5690 Noe
3421 5654 3499 5692 ω,-
3535 5641 3774 5710 agn-cola

514 5715 775 5772 virtutum
798 5716 1200 5789 generationes,
1231 5726 1351 5781 quae
1393 5726 1494 5766 nos
1530 5709 1597 5766 ad
1643 5710 1830 5766 beatas
1859 5711 2094 5767 evehant
2193 5732 2432 5771 exercere
2459 5725 2738 5800 terram,et
2759 5721 3011 5789 plantavit
3033 5725 3256 5781 vineam.
3281 5709 3773 5800 Bibensquevinum

509 5808 1001 5880 gempiteruitates;
1047 5820 1169 5873 cum
1207 5801 1350 5858 enim
1395 5800 1473 5855 sic
1521 5801 1773 5868 timetur,
1807 5811 1866 5857 ut
1913 5810 2091 5858 tamen

2223 5807 2476 5863 nebriatus
2499 5818 2596 5877 est,
2635 5820 2680 5865 et
2717 5812 2945 5868 nudatus
2967 5815 3141 5885 jacuit
3181 5820 3236 5874 in
3281 5821 3619 5879 tabernaculo
3644 5840 3767 5882 suo.
