4062 6354
1784 335 1811 349 v

296 439 400 497 109

1396 426 1756 489 MOBALIUM
1801 424 1865 481 ΙΝ
1903 423 2200 481 GENESlN
2245 423 2372 481 LIB.
2401 423 2484 481 Ill.

3443 398 3560 481 “iw

299 550 453 619 Quod
485 565 601 606 cum
648 547 851 604 vidisset
900 546 1088 613 Cham,
1119 556 1266 618 pater
1312 543 1597 607 Chanaan,
1652 540 1869 596 verenda
1900 558 1951 614 Α
1980 540 2037 592 in
2086 537 2437 592 tabernaculis
2464 534 2612 604 Sem,
2657 538 2723 591 sit
2769 534 3021 591 Chanaan
3056 534 3245 591 servus
3289 534 3425 608 ejus.
3475 533 3561 592 Es

299 643 497 699 scilicet
524 642 688 711 patris
716 641 797 695 sui
822 658 930 695 esse
958 641 1156 693 nudata
1175 679 1189 705 ,
1237 637 1492 691 nuntiarit
1523 634 1723 688 duobus
1755 633 1870 702 fra-

296 736 461 789 tribus
507 735 614 788 suis
665 735 831 803 foras.
883 732 1117 803 Spiritus
1173 741 1357 785 noster
1410 729 1610 799 requiei
1661 735 1872 780 amator

296 831 521 883 interna:
551 828 634 881 vir
664 827 895 898 agricola
923 838 1028 891 est,
1058 842 1180 881 cum
1207 826 1347 880 vires
1379 823 1575 893 ingenii
1599 822 1664 876 ad
1692 822 1873 891 exqui-

297 920 490 973 rendas
517 934 683 973 sacra:
710 919 918 989 paginae
955 918 1089 988 agri,
1122 916 1373 971 videlicet
1404 912 1722 985 spiritualis,
1755 912 1869 965 fru-

294 1025 389 1078 ges
418 1010 619 1074 exerit;
651 1020 845 1062 terram
874 1017 1108 1071 exercet,
1135 1022 1256 1061 cum
1288 1007 1496 1075 corpori
1520 1020 1617 1075 per
1641 1002 1873 1058 exactio-

296 1115 395 1155 nes
422 1101 671 1155 laborum
705 1100 981 1164 imminet;
1028 1102 1226 1153 vineam
1258 1098 1488 1168 plantat,
1521 1114 1643 1154 cum
1684 1114 1873 1168 corpo-

300 1192 466 1245 ralem
496 1208 592 1261 per
626 1207 682 1245 se
714 1192 996 1245 attendens
1025 1190 1471 1244 exercitationem
1500 1190 1566 1243 ad
1596 1191 1870 1244 modicum

299 1283 517 1347 utilem,
566 1284 845 1353 pietatem,
898 1282 1195 1351 spiritualia
1238 1282 1448 1336 scilicet
1492 1283 1634 1335 bona
1671 1284 1723 1336 in
1780 1283 1871 1336 Dei

299 1370 587 1425 dilectione
635 1371 855 1435 fundat,
899 1372 1039 1425 unde
1079 1372 1327 1440 palmites
1378 1372 1605 1426 intermc
1653 1371 1873 1426 virtutis

298 1462 533 1517 ellundat
559 1479 569 1513 :
596 1463 729 1515 bibit
761 1464 954 1527 vinum,
994 1477 1112 1515 cum
1143 1463 1389 1532 degustat
1422 1462 1638 1516 caeleste
1664 1463 1873 1516 deside-

296 1558 456 1609 rium.
488 1554 627 1620 lloc,
652 1554 804 1622 juxta
837 1554 1185 1621 Zachariam,
1230 1554 1499 1625 germinat
1527 1556 1760 1625 virgines
1788 1557 1869 1609 via

294 1666 422 1705 num
450 1647 637 1721 (Zach.
671 1666 742 1713 Ix,
774 1651 883 1723 17).
918 1651 1241 1716 Inebrialur,
1275 1666 1395 1704 cum
1427 1660 1639 1703 terrena
1679 1650 1871 1703 oblivi-

294 1757 423 1795 cens
464 1742 530 1795 ad
564 1757 793 1811 superna
826 1743 939 1797 sola
980 1744 1264 1815 cogitanda
1304 1743 1497 1814 gaudia
1531 1744 1866 1806 extenditur;

292 1835 386 1888 sed
414 1849 536 1889 cum
572 1835 637 1887 ad
687 1834 928 1889 coelestia
980 1835 1233 1904 sapicnda
1288 1835 1601 1904 porrigitur,
1634 1850 1753 1904 quae
1804 1835 1896 1889 sit.

1978 630 2119 693 vino,
2153 629 2201 682 id
2234 637 2315 683 est
2344 645 2409 683 ex
2445 630 2633 700 gratia:
2675 629 2814 683 dono
2856 628 2971 683 Noe
2999 627 3238 697 evigilat,
3285 642 3406 683 cum
3437 629 3557 683 ani-

1978 738 2100 777 mus
2128 731 2405 792 comperto
2448 723 2806 793 suggestionis
2853 722 2976 777 dolo
3020 730 3206 776 contra
3242 719 3359 790 ejus
3387 728 3559 778 tenta-

1978 824 2160 869 menta
2206 816 2499 869 restiturus
2561 828 2619 870 se
2666 816 2911 871 suscitat.
2962 814 3140 869 Minor
3186 823 3365 869 autem
3416 815 3559 885 ﬁlius

1978 918 2129 964 recte
2158 909 2375 974 dicitur,
2412 908 2537 979 quia
2586 908 2719 963 ﬁdes
2751 909 2803 963 in
2843 908 3024 978 aliquo
3059 907 3274 964 ditﬁcile
3316 909 3556 975 labitur;

1977 1000 2093 1055 haec
2118 1014 2247 1055 vero
2278 1000 2754 1070 perexcusationes
2780 1000 3272 1068 impossibilitatum
3300 999 3562 1054 citissime

1977 1093 2331 1165 congelascit,
2359 1104 2410 1145 ct
2445 1108 2538 1162 per
2569 1093 2738 1161 ipsam
2770 1091 2973 1160 pariter
3003 1092 3261 1156 charitas,
3293 1092 3396 1145 nisi
3421 1090 3563 1144 adsit

1979 1188 2142 1254 ratio,
2176 1187 2514 1257 refrigescit;
2550 1183 2897 1256 congelascit,
2947 1184 3190 1252 inquam,
3242 1184 3357 1237 haec
3413 1184 3556 1237 enim

1978 1289 2061 1333 est
2110 1296 2269 1333 ovum
2318 1278 2728 1349 evangelicum,
2786 1276 2927 1346 quod
2984 1284 3229 1329 materno
3285 1275 3564 1330 charitatis

1981 1371 2160 1424 calore
2192 1369 2431 1434 fovetur,
2464 1373 2605 1425 unde
2648 1380 2702 1425 et
2746 1369 2917 1426 Cham
2966 1368 3170 1421 calidus
3216 1367 3434 1431 dicitur,
3474 1369 3563 1422 cui

1978 1464 2129 1516 virus
2182 1464 2379 1531 scorpii
2430 1464 2765 1517 adversatur.
2817 1461 3158 1514 Maledictum
3209 1473 3307 1528 pro
3348 1456 3561 1512 defectu

1981 1559 2158 1615 solere
2206 1560 2331 1629 poni
2376 1575 2515 1629 saepe
2564 1573 2789 1613 numero
2828 1556 2939 1624 jam
2986 1556 3252 1620 diximus;
3305 1554 3565 1609 Chanaan

1977 1668 2106 1723 ergo
2149 1652 2387 1717 deﬁciat,
2435 1650 2487 1705 id
2522 1658 2606 1705 est
2658 1660 2833 1707 motus
2883 1648 3251 1704 instabilitatis
3294 1647 3563 1711 absistat;

1978 1747 2117 1801 servi
2151 1744 2378 1798 fratrum
2429 1753 2550 1799 sunt
2601 1743 2759 1808 ratio,
2795 1742 3062 1807 voluntas,
3094 1750 3148 1796 et
3173 1738 3417 1805 affectus,
3447 1754 3568 1808 qua

1979 1837 2143 1900 ﬁdei,
2193 1836 2343 1905 spei,
2390 1844 2444 1891 et
2476 1835 2729 1890 charitati
2775 1834 3068 1896 obcdiunt,
3111 1832 3193 1887 vel
3233 1845 3569 1902 quaecunque

291 1924 513 1979 miseria
563 1926 810 1980 humana:
842 1926 1187 1979 mortalitatis
1221 1934 1346 1979 tunc
1390 1926 1562 1995 primo
1595 1927 1871 1994 magisque
1905 1941 1949 1995 Β
1979 1927 2227 1989 interius,
2262 1925 2345 1979 vel
2376 1925 2617 1979 exterius
2651 1925 2789 1979 bona
2822 1940 2986 1995 opera
3020 1924 3174 1977 ﬁunt.
3207 1922 3302 1976 His
3346 1923 3566 1992 quidam

292 2016 666 2083 cognoscitur;
709 2017 762 2070 in
785 2016 1119 2070 tabernaculo
1145 2030 1273 2085 ergo
1313 2031 1371 2069 se
1411 2016 1593 2079 nudat,
1622 2016 1708 2083 qui
1742 2014 1880 2068 stola

289 2106 766 2177 impassibililatis,
794 2123 857 2161 ac
882 2108 1300 2161 iimnortalitatis
1324 2106 1609 2175 spoliatum
1636 2121 1692 2159 se
1716 2106 1877 2158 etiam

293 2199 351 2255 in
376 2201 491 2270 ipso
523 2215 768 2269 corpore,
806 2199 947 2269 quod
980 2198 1383 2253 tabernaculum
1429 2198 1625 2251 usitate
1656 2198 1707 2250 in
1735 2195 1883 2249 Scri-

291 2301 450 2365 ptura
494 2294 716 2359 dicitur,
748 2301 965 2363 pensat,
991 2293 1142 2361 juxta
1174 2291 1429 2357 Paulum,
1461 2292 1603 2345 enim
1640 2289 1878 2360 quandiu

293 2385 349 2438 in
386 2385 484 2438 hoc
520 2401 701 2439 sumus
749 2381 1090 2436 tabernaculo
1127 2382 1513 2452 ingemiscimus
1550 2381 1752 2451 gravati
1782 2379 1880 2448 (II

291 2476 416 2531 Cor.
455 2476 509 2543 5,
540 2477 621 2545 4),
655 2483 746 2529 aut
775 2490 840 2530 ex
886 2475 1002 2545 ipso
1032 2484 1188 2543 gustu
1236 2475 1439 2545 gloriae,
1465 2489 1625 2544 quam
1658 2475 1727 2529 sit
1764 2473 1876 2527 vir-

293 2570 424 2623 tutis
449 2583 618 2639 egena
649 2583 800 2623 mens
822 2568 1040 2637 cogitat.
1086 2567 1157 2621 At
1202 2568 1326 2622 dum
1356 2582 1496 2636 saepe
1530 2576 1583 2621 et
1612 2566 1877 2637 fragilitas

292 2660 435 2714 inter
460 2659 672 2715 labores
699 2661 944 2732 corporis
975 2668 1028 2716 et
1079 2661 1262 2731 gravia
1295 2661 1361 2715 ad
1391 2660 1713 2730 expiandum
1746 2672 1874 2729 pec-

290 2761 410 2806 cata
442 2762 737 2807 occurrunt
790 2753 977 2818 menti,
1007 2766 1235 2823 spesque
1266 2752 1439 2807 minor
1479 2751 1548 2806 ob
1580 2751 1661 2805 sui
1692 2751 1745 2805 in
1775 2751 1877 2807 hac

291 2852 449 2913 parte
482 2843 860 2898 remissionem
893 2843 1059 2899 frater
1100 2845 1422 2915 appellatur,
1452 2844 1678 2899 verenda
1708 2844 1874 2899 animi

290 2936 458 3005 patris
500 2936 711 2991 scilicet
754 2937 838 2991 sui
868 2938 1279 3007 contemplanda
1310 2937 1622 3008 prtctcndit,
1651 2948 1706 2992 et
1741 2936 1875 2992 diili-

291 3028 573 3094 cultatem,
604 3028 711 3081 imo
738 3028 1227 3097 impossibilitatem
1269 3028 1599 3097 pmnitentias
1622 3030 1874 3097 contuitu

291 3121 673 3186 verendorum,
704 3120 758 3175 id
793 3130 877 3176 est
919 3130 1282 3192 peccatorum,
1311 3123 1569 3194 objiciens
1616 3124 1769 3190 ﬁdei,
1821 3133 1876 3179 ct

292 3213 544 3269 charitati
597 3228 825 3282 quarum
863 3214 1001 3269 ratio
1028 3214 1314 3285 aliquoties
1352 3226 1506 3271 extra
1549 3232 1647 3277 nos
1673 3232 1866 3285 evaga-

1988 2019 2249 2071 militibus
2280 2017 2713 2071 succenturiatus
2740 2015 2918 2070 aiebat
2952 2034 2963 2068 :
2992 2015 3121 2069 Dico
3147 2016 3268 2068 huic
3296 2035 3314 2072 :
3339 2015 3467 2069 vade
3514 2015 3567 2068 in

1986 2110 2347 2163 exhibendum
2381 2110 2590 2164 actuale
2618 2108 2877 2173 cilicium,
2904 2118 2948 2163 et
2978 2110 3149 2173 vadit;
3189 2117 3238 2161 et
3261 2107 3354 2161 alii
3386 2122 3404 2159 :
3443 2105 3570 2162 Veni

1989 2199 2055 2251 ad
2091 2198 2485 2266 spiritualitatis
2514 2200 2780 2264 studium,
2814 2208 2861 2253 et
2891 2200 3057 2263 venit;
3105 2208 3151 2252 et
3197 2216 3372 2262 servo,
3406 2199 3458 2252 id
3488 2208 3573 2253 est

1987 2287 2200 2343 allectui
2240 2305 2420 2359 vago:
2455 2287 2567 2343 Fac
2615 2291 2736 2356 hoc,
2784 2301 2829 2343 et
2884 2288 3007 2359 facit
3056 2280 3279 2360 (Matth.
3326 2304 3453 2353 vni,
3484 2286 3569 2360 9).

1984 2383 2262 2437 Articulus
2301 2384 2420 2448 iste,
2455 2382 2594 2452 quod
2627 2391 2710 2437 est
2758 2383 2872 2445 hoc,
2915 2381 2979 2435 de
3025 2396 3115 2445 re,
3164 2396 3283 2450 qua:
3329 2396 3571 2451 praesens

1983 2482 2089 2539 est,
2127 2473 2262 2528 solet
2285 2472 2411 2527 dici.
2445 2471 2555 2527 Fac
2592 2466 2753 2541 igitur
2794 2472 2911 2537 hoc,
2939 2472 2990 2526 id
3014 2480 3114 2535 est,
3160 2487 3220 2526 ea
3250 2486 3347 2543 age
3375 2472 3571 2542 quibus

1983 2567 2103 2632 tibi,
2135 2566 2184 2620 id
2215 2575 2319 2632 est,
2344 2567 2537 2620 animze
2566 2574 2666 2620 tua:
2689 2580 2928 2637 praesens
2957 2566 3053 2631 sis,
3074 2575 3127 2620 et
3154 2565 3281 2636 quia
3313 2564 3572 2620 articulus

1982 2659 2442 2714 demonstrativus
2481 2667 2585 2724 est,
2610 2659 2726 2721 hoc,
2760 2673 2823 2712 ca
2855 2673 2951 2729 age
2972 2698 2987 2722 ,
3029 2657 3235 2727 inquit,
3263 2671 3383 2726 quae
3411 2656 3508 2711 tibi
3539 2671 3571 2711 a

1982 2752 2196 2805 ratione
2228 2751 2435 2821 agenda
2462 2766 2564 2805 non
2591 2758 2744 2805 extra
2772 2759 2844 2816 te,
2872 2750 2964 2804 sed
2987 2749 3129 2803 intra
3158 2749 3389 2819 teipsum
3422 2763 3570 2803 mon-

1981 2853 2246 2898 strantur.
2282 2843 2339 2898 Si
2383 2845 2549 2914 igitur
2579 2845 2720 2899 servi
2754 2854 2878 2898 sunt
2926 2844 3002 2909 hi,
3035 2844 3157 2915 quis
3207 2843 3420 2915 dignius
3466 2841 3571 2896 erit

1981 2937 2173 2992 horum
2226 2953 2414 2992 servus
2468 2952 2627 3007 quam
2677 2937 2960 3003 Cahanan,
3009 2936 3063 2992 id
3116 2944 3202 2992 est
3240 2933 3570 2991 mutabilitas

1981 3039 2143 3100 atque
2176 3040 2377 3095 motus,
2408 3037 2467 3083 ut
2509 3043 2615 3083 non
2664 3029 2924 3099 imperet,
2956 3038 3049 3084 aut
3092 3029 3145 3084 in
3191 3028 3299 3084 ullo
3333 3026 3569 3093 resistat,

1980 3124 2073 3177 sed
2105 3122 2171 3177 ad
2199 3137 2451 3177 coronam
2489 3121 2693 3175 serviat
2718 3122 3031 3177 virtutibus.

2049 3215 2154 3286 53
2201 3216 2363 3271 Vens.
2394 3215 2482 3268 26.
2509 3244 2579 3254 —
2609 3214 2926 3268 Benedictus
2980 3212 3115 3268 Deus
3157 3212 3311 3280 Sem;
3359 3212 3413 3266 in
3467 3211 3572 3267 fide

294 3310 405 3367 tur,
435 3305 588 3373 quasi
615 3305 818 3358 duobus
848 3305 993 3373 foras
1040 3307 1223 3375 positis
1265 3306 1518 3374 fratribus
1548 3309 1796 3373 nuntiat,
1824 3316 1880 3363 et
1905 3290 1948 3347 (ἶ
1985 3309 2191 3378 utique,
2223 3324 2341 3378 quae
2371 3324 2467 3379 per
2510 3307 2635 3361 Sem
2685 3307 2974 3375 accipitur,
3027 3306 3119 3360 Dei
3155 3305 3476 3367 benedictio,
3515 3304 3569 3359 id

294 3404 357 3449 ut
382 3411 412 3448 a
436 3397 1011 3465 prepositO'desinant,
1045 3398 1200 3467 quasi
1224 3398 1565 3453 subsannans
1595 3400 1764 3469 patris
1786 3401 1877 3470 qui

297 3487 577 3557 proposuit
606 3488 876 3558 ignaviam
900 3498 1079 3559 cogat.

366 3578 529 3634 Vens.
579 3580 671 3634 25.
702 3611 771 3622 -—
814 3582 881 3634 At
928 3598 1044 3636 vero
1096 3581 1217 3638 Sem
1276 3592 1325 3637 et
1370 3584 1599 3654 Japheth
1658 3584 1878 3655 pallium

292 3673 652 3742 imposuerunt
682 3675 932 3739 humeris,
965 3685 1013 3729 et
1034 3677 1325 3731 incedentes
1356 3686 1642 3732 retrorsum
1665 3696 1880 3748 operue-

295 3774 417 3819 runt
466 3767 690 3820 verenda
742 3768 909 3837 patris
959 3770 1088 3834 sui;
1130 3769 1395 3840 faciesque
1445 3786 1625 3825 eorum
1685 3789 1878 3828 aversa:

291 3869 464 3926 erant,
492 3870 541 3915 et
568 3862 734 3931 patris
768 3862 851 3915 sui
878 3862 1049 3916 virilia
1079 3879 1183 3917 non
1229 3862 1469 3918 viderunt
1528 3863 1670 3929 Sem,
1703 3874 1750 3919 et
1778 3864 1879 3919 Ja-

293 3953 448 4022 pheth
478 3953 699 4022 pallium
745 3954 1028 4023 imponunt
1074 3955 1337 4021 humeris,
1388 3958 1603 4026 quando
1657 3956 1789 4013 lldes
1824 3967 1879 4014 et

294 4047 533 4101 charitas
559 4048 639 4102 sui
688 4049 896 4102 ratione
936 4049 1320 4104 reviviscentes
1348 4051 1684 4105 nimietatem
1726 4067 1878 4108 vere-

296 4139 521 4206 cundiaa,
552 4156 668 4210 quae
697 4149 871 4195 mater
901 4150 983 4195 est
1024 4141 1440 4212 desperationis,
1474 4145 1878 4202 dissimulantes

297 4246 401 4285 non
434 4248 656 4301 prorsus
680 4232 953 4301 rejiciunt,
986 4236 1080 4290 sed
1108 4250 1164 4290 se
1194 4245 1399 4305 ponunt
1418 4251 1448 4290 a
1479 4246 1630 4308 tergo
1656 4239 1875 4294 mentis.

298 4323 450 4379 Unde
475 4326 675 4380 dicitur
709 4344 722 4379 :
753 4325 1072 4383 lncedentes
1114 4338 1281 4393 retro,
1312 4330 1437 4399 quia
1483 4330 1585 4384 etsi
1617 4332 1876 4400 pudorem

298 4417 350 4471 in
380 4427 642 4486 quantum
676 4420 874 4475 nimius
914 4430 998 4475 est
1023 4422 1292 4492 rejiciunt,
1334 4431 1513 4477 tamen
1550 4438 1648 4493 per
1676 4439 1879 4480 memo-

298 4509 432 4564 riam
459 4510 746 4580 praeterita:
772 4513 898 4567 vitae
932 4522 1080 4568 retro
1117 4513 1399 4580 incedunt;
1432 4530 1538 4568 non
1576 4516 1719 4569 enim
1752 4516 1880 4571 abo-

301 4598 455 4653 lenda
479 4610 560 4654 est
585 4605 791 4670 peccati
818 4606 1161 4669 verecundia,
1189 4605 1282 4660 sed
1306 4608 1688 4676 temperanda;
1717 4607 1878 4675 facies

300 4699 479 4746 autem
511 4703 844 4762 avertuntur,
890 4699 1104 4766 quando
1143 4699 1209 4752 tle
1252 4698 1630 4768 desperatione
1661 4703 1871 4768 tentati,

299 4783 364 4837 ad
392 4786 685 4851 anteriora,
728 4802 874 4857 spem
920 4790 1124 4846 scilicet
1152 4798 1510 4859 aeternorum,
1543 4802 1663 4861 qua:
1697 4795 1872 4864 penni-

298 4879 430 4932 tenti
478 4880 883 4949 promittuntur,
917 4882 1306 4939 intellectuales
1350 4886 1491 4941 oculi
1533 4888 1872 4959 diriguntur;

295 4982 481 5043 aperta
525 4974 688 5045 igitur
737 4979 905 5045 patris
958 4978 1130 5033 virilia
1177 4994 1282 5033 non
1333 4981 1623 5037 indiscrete
1672 4984 1876 5053 pudore

296 5065 521 5121 videnda
565 5069 839 5137 Operiunt,
889 5086 1009 5125 cum
1063 5072 1226 5134 ﬁdes,
1262 5084 1315 5127 et
1361 5074 1598 5129 charitas
1626 5086 1874 5145 correpta

290 5156 399 5225 jam
432 5159 533 5214 sibi
581 5175 675 5230 spe
723 5163 836 5217 suis
868 5173 1080 5220 utentes
1108 5166 1309 5221 viribus
1332 5208 1344 5231 ,
1396 5166 1658 5225 fructibus
1698 5172 1873 5240 poeni-

298 5252 476 5305 lentias
519 5252 697 5322 dignis
743 5263 1055 5325 contegunt.
1090 5256 1196 5313 Sed
1249 5258 1545 5313 notandum
1597 5264 1740 5330 quod
1790 5262 1877 5318 hic

296 5353 449 5411 pater
476 5344 735 5401 Chanaan
765 5349 937 5403 solum
980 5350 1137 5405 modo
1168 5363 1388 5406 vocetur
1411 5350 1604 5418 Cham,
1638 5354 1725 5409 ubi
1756 5369 1878 5426 sug-

299 5438 435 5509 gerit
466 5453 645 5507 pravae
667 5441 923 5496 motionis
957 5443 1187 5513 culpam.

371 5531 533 5586 Vens.
567 5532 658 5597 24,
690 5533 781 5599 25,
806 5533 908 5598 26,
932 5535 1023 5589 27.
1050 5568 1119 5577 --
1146 5535 1413 5607 Evigilans
1450 5548 1621 5593 autem
1658 5538 1774 5596 Noe
1820 5560 1883 5597 ea:

296 5622 416 5678 vino
435 5664 449 5687 ,
502 5641 619 5678 cum
651 5626 917 5682 dulicisset
946 5644 1062 5699 qua:
1091 5630 1282 5699 fecerat
1312 5630 1456 5700 filius
1500 5648 1629 5687 suus
1674 5636 1846 5689 minor
1866 5677 1880 5703 ,

300 5716 373 5770 ait
405 5734 424 5773 ε
453 5716 768 5774 Maledictus
800 5721 1077 5790 Chanaan,
1105 5739 1281 5779 servus
1327 5742 1594 5781 servorum
1642 5730 1738 5781 erit
1768 5727 1883 5798 fra-

296 5809 463 5864 tribus
494 5812 637 5878 suis;
682 5814 978 5869 benedictus
1003 5815 1257 5871 Dominus
1295 5817 1434 5873 Deus
1476 5818 1617 5885 Sem,
1650 5823 1713 5875 sit
1746 5819 1887 5876 Cha-

315 5916 442 5955 eaan
490 5919 666 5958 servus
692 5905 828 5975 ejus.
856 5905 1049 5959 Dilatct
1096 5907 1231 5961 Deus
1257 5907 1504 5977 Japheth,
1550 5920 1597 5964 et
1632 5912 1885 5978 inhabite;

1984 3409 2070 3455 est
2100 3411 2448 3470 augmentum
2476 3401 2671 3454 divinae
2704 3399 3032 3469 e0gnitionis
3062 3398 3316 3461 emineat,
3350 3406 3404 3453 et
3450 3396 3574 3452 sub-

1976 3493 2198 3564 jiciatur
2251 3494 2297 3546 ei
2346 3509 2525 3564 pravae
2572 3492 2951 3548 mutabilitatis
3003 3500 3202 3546 motus.
3234 3490 3420 3564 (Vens.
3452 3490 3569 3562 27.)

1983 3584 2343 3640 DilaletDeus
2367 3584 2578 3656 Japhet,
2613 3584 2665 3639 id
2695 3592 2778 3638 est
2806 3582 2851 3638 si
2892 3583 3134 3638 charitas
3166 3583 3371 3638 amicos
3398 3583 3564 3637 attin-

1983 3677 2082 3747 git,
2121 3692 2290 3746 usque
2321 3676 2389 3731 ad
2418 3676 2564 3745 ipsos
2594 3676 2759 3730 etiam
2806 3674 3056 3731 inimicos
3080 3690 3139 3730 se
3168 3672 3278 3729 Deo
3310 3675 3569 3729 dilatante

1983 3777 2269 3840 propaget;
2311 3767 2661 3823 tabernacula
2708 3766 3057 3822 militantium
3107 3782 3170 3823 ac
3213 3767 3566 3839 peregrinan-

1986 3864 2117 3917 tium
2142 3864 2357 3933 proprie
2389 3871 2515 3918 sunt
2548 3881 2561 3916 :
2598 3860 2729 3917 ﬁdes
2754 3877 2885 3917 vero
2909 3878 3031 3917 cum
3070 3861 3141 3917 sit
3174 3862 3567 3932 sperandarum

1985 3957 2196 4011 interim
2225 3958 2523 4011 substantia
2576 3971 2778 4019 rerum,
2826 3971 2947 4009 cum
2980 3955 3045 4008 ad
3076 3953 3195 4009 illas
3242 3969 3325 4009 res
3350 3960 3567 4009 ventum

1983 4048 2166 4115 fuerit,
2195 4064 2415 4119 prorsus
2436 4049 2671 4104 deﬁciet.
2702 4047 2900 4103 Militat
2932 4049 3136 4119 itaque,
3169 4056 3224 4103 et
3253 4049 3570 4117 peregrina-

1984 4150 2072 4195 tur
2106 4140 2259 4206 Scm,
2306 4141 2440 4195 ﬁdes
2474 4140 2685 4195 scilicet
2732 4139 2785 4193 in
2820 4139 3097 4209 przcsenti,
3138 4140 3229 4193 sed
3277 4140 3422 4193 iners
3452 4138 3569 4207 ejus

1984 4233 2175 4287 militia
2194 4233 2492 4303 judicatur,
2518 4233 2560 4287 si
2593 4232 2877 4287 charitatis
2900 4232 3258 4287 contubernio
3300 4233 3564 4302 privetur.

1987 4328 2043 4383 Si
2077 4344 2205 4399 ergo
2227 4327 2477 4383 volumus
2513 4341 2622 4381 non
2664 4328 2800 4380 mori
2830 4324 3011 4391 ﬁdem,
3060 4325 3253 4379 habitet
3280 4324 3471 4395 Japhet
3513 4325 3569 4379 in

1938 4428 1945 4435 '
1984 4420 2335 4475 tabernaculis
2364 4418 2505 4484 Sem,
2536 4434 2791 4474 ornemus
2823 4418 3027 4474 scilicet
3067 4416 3375 4472 dilectionis
3402 4430 3569 4486 opere

1984 4512 2383 4579 credulitatem,
2408 4520 2463 4567 et
2509 4513 2682 4567 subsit
2707 4511 2868 4566 nobis
2911 4512 3022 4582 spei
3054 4524 3329 4578 nunquam
3360 4509 3569 4564 labefa-

1912 4644 1954 4697 Β
1981 4604 2192 4661 claudae
2213 4612 2409 4660 motus.

2076 4696 2241 4752 Vsus.
2296 4696 2385 4751 29.
2427 4724 2500 4738 ι-
2552 4693 2696 4750 Vixit
2755 4703 2928 4750 autem
2979 4694 3096 4751 Noe
3148 4706 3262 4766 post
3311 4696 3568 4753 diluvium

1980 4798 2220 4852 trecentis
2266 4798 2652 4869 quinquaginta
2718 4799 2903 4864 annis;
2943 4809 2989 4854 et
3040 4798 3169 4869 facti
3220 4806 3340 4853 sunt
3390 4815 3565 4854 omnes

1980 4892 2089 4946 dies
2137 4893 2253 4947 vitm
2298 4892 2410 4962 ejus
2449 4903 2823 4964 nongentarum
2867 4894 3243 4965 quinquaginta
3283 4909 3565 4957 annorum,

1978 4994 2026 5037 et
2054 4993 2288 5039 mortuus
2320 4996 2413 5040 est.
2447 4985 2552 5043 Per
2582 5002 2752 5043 annos
2798 4990 3142 5043 conversatio
3168 4996 3353 5041 sancta
3380 4986 3565 5055 expri-

1981 5079 2167 5144 mitur,
2200 5094 2318 5149 qum
2340 5096 2403 5135 ex
2432 5081 2715 5147 virtutum,
2742 5082 2895 5150 quasi
2917 5097 2980 5135 ex
3013 5082 3219 5135 dierum
3250 5079 3566 5134 collectione

1983 5169 2302 5235 coniicitur;
2328 5186 2425 5240 per
2454 5179 2728 5226 trecentos
2751 5171 2898 5236 ﬁdei,
2925 5171 3062 5240 spei,
3090 5178 3140 5222 et
3173 5170 3474 5235 charitatis,
3499 5170 3566 5225 de

1980 5264 2176 5333 quibus
2205 5265 2364 5320 modo
2391 5265 2621 5337 egimus,
2654 5264 2924 5335 perfectio
2947 5264 3245 5334 accipitur;
3280 5281 3378 5336 per
3406 5266 3567 5337 quin-

1983 5354 2235 5428 quaginta
2266 5359 2501 5428 requies,
2535 5360 2587 5412 ln
2619 5373 2722 5428 qua
2757 5372 2854 5427 per
2881 5356 3073 5412 harum
3113 5360 3370 5415 exercitia
3397 5361 3568 5415 virtu-

1986 5455 2096 5501 tum
2151 5462 2214 5501 ac
2267 5448 2309 5502 si
2350 5449 2581 5517 quadam
2628 5444 2832 5515 jubilaei
2876 5447 3199 5507 remissmnc
3256 5468 3285 5505 a
3333 5466 3565 5521 nequam

1984 5539 2176 5594 studiis
2197 5547 2472 5603 cessatur;
2500 5548 2556 5593 et
2585 5538 2721 5593 ﬁunt
2744 5549 2926 5595 tamen
2951 5542 3132 5598 omnia
3162 5558 3280 5614 quae
3306 5544 3566 5612 gerimus,

1985 5648 2309 5703 quacunque
2352 5632 2631 5703 religionis
2675 5632 2796 5689 luce
2827 5634 3149 5705 iulgeamus,
3196 5638 3509 5707 imperfecte
3535 5652 3567 5690 a

1987 5725 2163 5791 nobis,
2209 5724 2349 5796 quod
2393 5738 2490 5795 per
2545 5736 2843 5798 nongentos
2893 5745 3085 5797 annos,
3141 5733 3231 5800 qui
3286 5731 3565 5787 denarium

1990 5820 2167 5875 minus
2217 5819 2443 5886 habent,
2492 5820 2836 5891 intelligitur,
2869 5824 2995 5892 quia
3026 5826 3082 5878 in
3124 5829 3416 5893 conspectu
3468 5823 3565 5893 Dei

1990 5911 2165 5967 omnis
2215 5912 2400 5969 vivens
2455 5930 2559 5969 non
2600 5912 2987 5983 justiﬁcabitur
3034 5916 3203 5987 (Psal.
3264 5933 3428 5983 cun,
3484 5919 3564 5989 2),
