4108 6324
518 375 622 440 HI

516 520 644 577 licet
702 530 939 575 numauo
985 509 1189 586 judicio
1240 502 1508 558 videatur.

515 609 661 682 quod
690 618 899 671 auctor,
946 581 1129 660 nescio
1157 596 1293 667 quis,
1344 592 1398 647 in
1428 605 1591 646 versu
1623 584 1889 643 oﬂ‘ertorii
1920 581 2107 637 novies

521 678 742 775 repetit,
794 708 851 754 ut
898 695 1100 749 videam
1147 688 1302 752 bona,
1345 682 1630 740 denarium
1664 678 1813 734 illum
1859 688 2111 748 quaerens

521 771 815 858 summum,
841 790 1038 845 bonum
1067 779 1398 853 perfectum,
1422 777 1518 850 qui
1544 776 1703 834 datur
1734 771 2112 829 laborantibus

1308 369 1366 425 V.
1404 358 1726 422 GUIBEBTI
1764 353 2055 413 ABBATlS
2083 352 2139 410 S.
2175 348 2413 408 lilARl/E
2453 346 2542 404 DE
2578 343 2972 407 NOVIGENTO

3691 337 3796 396 112

1562 496 1700 551 llinc
1749 501 1832 549 est
1875 490 2103 546 forsitan
2135 518 2183 577 Α
2210 488 2262 542 in
2279 481 2636 557 vinea;quod
2661 484 2822 540 etiam
2849 480 2938 537 hic
2966 472 3794 549 intelligiturperquinquagiuta

2209 595 2313 636 non
2359 578 2473 647 jam
2527 576 2580 630 in
2638 584 2898 644 tempore,
2947 570 3040 627 sed
3095 568 3311 639 requies
3365 566 3718 637 sempiterna,
3744 572 3794 620 et

2209 679 2447 726 mortuus
2476 676 2571 735 est,
2604 674 2866 738 quantum
2894 662 2962 721 ad
2987 660 3170 718 mundi
3208 659 3368 732 hujus
3393 659 3543 714 vitia.

1754 962 2005 1005 EXPLICIT
2047 955 2202 1001 LIBER
2234 954 2487 1002 TERTIUS.

519 1100 3778 1165 _________._______.___________——-—————-———--—

1414 1288 1881 1386 INCIPIT
1953 1280 2317 1374 LIBER
2388 1274 2939 1386 QUARTUS

1241 1548 1992 1676 MORALIUM
2119 1543 2265 1659 IN
2330 1619 2343 1631 -
2403 1526 3078 1653 GENESIM.

1122 1986 1352 2048 CAPUT
1389 1984 1505 2041 Xll.

595 2141 757 2203 Vens.
794 2136 818 2190 1
875 2164 941 2178 -ο
993 2130 1224 2191 locutus
1264 2135 1337 2180 est
1388 2119 1644 2180 Dominus
1691 2113 1759 2173 ad
1788 2110 2003 2178 Abram,
2030 2104 2115 2164 di-

523 2257 644 2296 cens
667 2254 685 2295 :
712 2235 973 2306 Egredere
1000 2230 1064 2284 de
1089 2238 1229 2282 terra
1261 2234 1372 2284 tua,
1405 2231 1451 2275 et
1497 2217 1561 2270 de
1595 2211 1901 2284 cognatione
1925 2216 2037 2271 tua,
2069 2212 2115 2257 et

518 2334 584 2388 de
610 2333 764 2385 domo
791 2326 957 2398 patris
1001 2323 1098 2386 lui,
1127 2328 1174 2374 et
1200 2318 1311 2374 veni
1336 2316 1391 2369 in
1415 2325 1634 2373 terram,
1666 2320 1821 2378 quam
1856 2308 2119 2355 monstra-

519 2442 643 2482 vero
695 2422 811 2486 tibi,
860 2415 1160 2472 benedicam
1232 2409 1345 2474 tibi,
1414 2416 1463 2460 et
1521 2396 1869 2471 magniﬁcabo
1930 2406 2118 2445 nomen

522 2480 693 2571 tuum.
727 2480 875 2568 Patri
922 2506 1158 2569 excelso,
1204 2501 1348 2572 quod
1393 2498 1781 2565 interpretatur
1807 2488 2032 2549 Abram,
2062 2480 2118 2537 id

525 2616 610 2663 est
639 2602 855 2674 spiritui
906 2607 1131 2669 paterna
1164 2599 1400 2647 mentem
1448 2582 1768 2640 auctoritate
1794 2585 2032 2637 recturo,
2065 2578 2120 2627 et

530 2715 563 2754 a
597 2665 812 2753 terrena
838 2665 1047 2746 vilitate
1080 2682 1331 2747 levando,
1383 2672 1730 2747 inspiratoria
1779 2671 1920 2723 Deus
1968 2665 2118 2719 locu-

521 2793 670 2848 tione
726 2789 844 2842 haec
883 2781 1159 2852 suggerit:
1201 2773 1458 2846 Egredere
1498 2771 1561 2822 de
1604 2777 1746 2820 terra
1782 2773 1896 2826 tua,
1951 2757 2005 2811 id
2035 2764 2119 2810 est

521 2890 781 2939 excutere
810 2872 1216 2937 deterrenitate
1237 2877 1352 2932 tua,
1368 2863 1453 2918 vel
1481 2860 1573 2932 qui
1600 2855 1739 2928 apud
1762 2854 1879 2909 tein
1894 2857 2116 2922 peccato

526 2970 845 3030 submersus
871 2982 952 3031 es,
981 2963 1068 3018 exi
1090 2957 1400 3025 conﬁtendo
1423 2955 1490 3009 de
1504 2947 1811 3023 peccatrice
1835 2941 2119 2998 conscien-

525 3064 626 3129 tia,
649 3072 704 3117 et
731 3062 796 3116 de
828 3056 1155 3129 cognatione
1192 3046 1668 3121 imaginationum,
1701 3035 2114 3108 cogitationum,

523 3154 939 3222 carnaliumque
994 3148 1243 3210 luxuum,
1314 3156 1433 3212 qua:
1490 3153 1558 3192 ex
1614 3132 1801 3189 eadem
1869 3126 2117 3182 exoritur

523 3260 699 3314 terra;
758 3256 806 3301 et
853 3246 917 3299 de
946 3243 1103 3297 domo
1140 3238 1305 3311 patris
1354 3235 1454 3300 tui,
1483 3229 1552 3287 de
1583 3243 1696 3298 ipsa
1733 3222 1943 3280 scilicet
1966 3227 2117 3314 exle-

521 3342 654 3399 riori
686 3335 1102 3396 conversatione
1140 3307 1358 3391 mundi,
1408 3337 1569 3394 quam
1606 3314 1915 3390 possidebat
1961 3307 2117 3381 pater
2145 3340 2191 3403 c

525 3435 802 3508 quondam
859 3437 1048 3486 noster
1093 3420 1341 3480 diabolus
1396 3414 1695 3500 praasidens
1738 3407 1879 3463 atrio
1913 3418 2010 3461 suo
2062 3402 2117 3456 in

524 3496 749 3587 modum
799 3525 959 3580 fortis
1010 3517 1236 3582 armati;
1303 3528 1412 3569 non
1460 3496 1606 3566 enim
1656 3503 1895 3563 cohiberi
1943 3509 2121 3572 potest

527 3622 810 3681 mobilitas
851 3614 1028 3671 intimi
1056 3608 1313 3673 hominis,
1355 3605 1459 3660 nisi
1487 3612 1642 3657 extra
1689 3597 1929 3667 fugiatur
1957 3592 2121 3648 coha-

524 3715 723 3773 bitatio
752 3708 962 3768 mundi.
1012 3704 1143 3759 Veni
1180 3715 1309 3770 ergo
1343 3700 1398 3752 in
1448 3706 1645 3750 terram
1671 3706 1831 3762 quant
1854 3693 2119 3742 monstra-

530 3825 655 3867 vero
681 3806 798 3869 tibi,
828 3805 881 3858 in
913 3816 1033 3857 eam
1077 3795 1333 3853 videlicet
1362 3788 1608 3861 corporis
1650 3801 1715 3839 ac
1744 3779 1913 3837 animi
1939 3776 2123 3833 solidi-

526 3912 697 3963 tatem
726 3912 890 3971 quam
916 3893 1009 3950 tibi
1058 3889 1345 3945 insinuabo
1375 3892 1467 3940 aut
1502 3896 1600 3952 per
1631 3880 1901 3934 internam
1930 3885 2122 3941 sugge-

531 3964 787 4055 stionem,
813 3996 907 4043 aut
920 4002 1016 4058 per
1050 3996 1216 4039 sacrae
1230 3978 1450 4048 Pagina:
1478 3972 1793 4033 lectionem,
1825 3964 2123 4035 faciamque

528 4100 579 4148 te
600 4088 653 4141 in
674 4093 875 4157 gentem
912 4094 1176 4150 magnam,
1208 4074 1471 4128 virtutum
1513 4065 1769 4121 videlicet
1813 4054 2122 4113 numerosi-

533 4188 647 4238 tate
674 4148 729 4230 te
753 4148 1041 4235 instruant,
1068 4168 1159 4222 ubi
1185 4155 1697 4235 gratimspiritualis
1721 4148 2124 4219 multiplicitate

530 4267 902 4331 benedicaris,
930 4274 985 4318 et
1012 4262 1253 4326 nomine,
1305 4256 1357 4311 id
1398 4263 1483 4309 est
1530 4249 1729 4308 eximia
1772 4238 2027 4316 opinione
2055 4238 2124 4293 ad

536 4361 777 4422 caelestis
795 4357 973 4413 Patris
1002 4354 1216 4410 laudem
1245 4342 1698 4420 maguiﬁcaberis.

613 4498 775 4554 Vens.
814 4495 867 4550 ’5.
898 4524 969 4534 -
988 4491 1308 4547 Benedicam
1335 4483 1691 4541 benedicentes
1720 4476 1835 4541 tibi,
1857 4470 2121 4540 multipli-

537 4590 673 4648 cabo
703 4588 891 4658 utique
909 4586 1031 4649 hos,
1065 4582 1158 4654 qui
1184 4576 1512 4652 praedicatio,
1537 4569 1785 4651 exempla
1810 4562 2121 4638 praebendo,

537 4680 648 4736 tuis
676 4674 1133 4734 adminiculantur
1155 4666 1481 4739 augmentis,
1507 4660 1922 4733 etcognationes
1938 4663 2119 4719 terrae,

537 4788 647 4829 non
678 4771 824 4828 illius
847 4770 915 4826 de
940 4782 1046 4838 qua
1074 4764 1282 4835 iuberis
1307 4759 1479 4823 exire,
1525 4756 1619 4813 sed
1646 4770 1676 4809 a
1708 4768 1795 4809 me
1841 4750 1937 4806 tibi
1964 4748 2125 4804 intel-

536 4863 845 4923 lectualiter
865 4855 1305 4917 demonstrandae
1327 4848 1635 4923 spirituales
1649 4846 1828 4903 cordis
1839 4842 2125 4915 progenies

537 4974 646 5015 non
671 4963 879 5011 tantum
903 4952 1063 5006 fama:
1089 4947 1436 5019 vulgaritate,
1463 4942 1557 4998 sed
1579 4942 1634 4995 in
1660 4950 1706 4993 te
1732 4936 2120 5000 benedicentur,

540 5050 595 5105 in
644 5047 720 5103 tui
777 5044 985 5101 scilicet
1036 5038 1236 5094 interni
1283 5036 1520 5098 habitus,
1563 5048 1626 5088 ac
1661 5030 1839 5102 operis
1870 5029 2119 5083 veritate.

538 5140 637 5196 Est
670 5144 851 5193 autem
881 5130 1131 5202 cognatio
1161 5129 1277 5199 ipsa
1306 5126 1568 5180 virtutum
1599 5137 1667 5178 ex
1694 5136 1815 5177 sese
1844 5119 2119 5190 prodeun-

540 5233 676 5287 tium
704 5228 937 5301 quadam
968 5219 1417 5277 concatenatioue
1443 5216 1585 5271 facta
1608 5213 1876 5286 gradatio.
1902 5211 2123 5266 Maledi-

540 5340 657 5378 cam
710 5313 1139 5375 maledicentibus
1190 5312 1301 5377 tibi,
1354 5308 1551 5379 inquit,
1602 5322 1665 5362 ea
1714 5304 1958 5375 profecto
2004 5316 2124 5372 qua:

474 5429 483 5441 '
539 5415 799 5470 damnum
827 5408 925 5464 tibi
951 5403 1269 5461 defectionis
1320 5401 1591 5459 incutiunt
1615 5399 1745 5455 vitia
1790 5397 1972 5455 carnis
2007 5405 2125 5469 ture

539 5505 784 5576 redigam
813 5502 866 5555 iu
898 5494 1191 5552 defectum.
1257 5494 1271 5506 '

610 5638 779 5693 Vens.
819 5635 873 5689 4.
904 5663 978 5674 ——
1002 5629 1258 5701 Egressus
1282 5640 1356 5685 est
1389 5631 1561 5701 itaque
1590 5628 1804 5691 Abram,
1832 5625 1964 5679 sicut
1988 5637 2126 5693 pra:—

542 5736 749 5802 ceperat
779 5727 827 5781 ei
866 5724 1162 5787 Dominus;
1194 5732 1242 5777 et
1268 5722 1355 5777 ivit
1379 5737 1495 5775 cum
1527 5738 1586 5775 eo
1628 5717 1783 5772 Loth.
1815 5717 1947 5772 Cum
1973 5727 2125 5785 egre-

541 5820 745 5885 diente,
773 5815 1147 5891 utexpositum
1171 5823 1276 5882 est,
1293 5814 1490 5870 Abram
1520 5813 1562 5868 it
1581 5809 1882 5879 Loth,quia
1903 5805 2127 5862 rationis

2152 1949 2200 2007 Β
2230 1960 2606 2018 auctoritatem
2618 1955 2824 2027 justum
2847 1958 3276 2023 estutsequatur
3296 1950 3533 2008 carnalis
3562 1948 3804 2017 aﬂectus,

2218 2055 2309 2131 qui
2339 2053 2537 2129 smptus
2566 2052 2616 2105 in
2664 2048 2817 2121 nobis
2865 2045 2973 2118 55
3018 2044 3254 2101 declinat
3284 2060 3313 2099 a
3339 2052 3513 2110 recto,
3547 2042 3807 2097 naturalis

2219 2154 2332 2209 vitii
2357 2146 2750 2209 consuetudine
2779 2146 2994 2205 tinctus
3024 2158 3038 2196 :
3070 2142 3209 2198 Loth
3236 2142 3385 2197 enim
3418 2142 3806 2212 interpretatur

2219 2246 2508 2312 declinans,
2554 2246 2637 2301 vel
2668 2246 2887 2299 vinctus.
2919 2237 3265 2313 Septuaginta
3294 2236 3519 2314 quinque
3544 2249 3803 2289 annorum

2219 2350 2330 2395 erat
2359 2340 2574 2402 Abram,
2601 2356 2719 2393 cum
2732 2337 3062 2409 egrederetur
3083 2336 3147 2389 de
3167 2335 3333 2388 Aran.
3358 2334 3507 2388 Aran
3538 2336 3804 2391 Interpre-

2221 2439 2369 2489 tatur
2390 2447 2470 2486 res
2497 2447 2615 2486 cum
2646 2447 2790 2484 arca.
2838 2428 2941 2483 Per
2976 2442 3160 2483 arcam
3185 2425 3500 2497 cupiditatis
3529 2428 3800 2497 capacitas

2220 2531 2459 2590 notatur,
2509 2538 2607 2593 per
2646 2538 2759 2577 rem
2800 2536 2864 2576 ea
2898 2536 3017 2592 quae
3046 2520 3357 2590 concupisci
3388 2529 3617 2591 possunt
3664 2518 3799 2589 ﬁgu-

2219 2628 2413 2673 rantur
2451 2634 2464 2670 :
2501 2616 2720 2688 quidam
2777 2614 2903 2670 dum
2963 2621 3372 2679 convertuntur,
3430 2628 3516 2667 res
3568 2611 3797 2683 quidem

2220 2709 2495 2772 abdicant,
2529 2709 2623 2762 sed
2660 2706 2890 2762 habendi
2942 2705 3259 2777 appetitum,
3292 2705 3345 2760 id
3372 2714 3457 2760 est
3482 2720 3662 2759 arcam
3695 2719 3800 2759 non

2220 2801 2489 2871 abnegant
2517 2817 2531 2854 :
2560 2799 2638 2853 De
2659 2800 2806 2853 Aran
2829 2813 2959 2869 ergo
2987 2799 3101 2853 exit
3127 2798 3374 2869 quisquis
3420 2797 3800 2868 cupiditatem,

2219 2898 2273 2947 et
2298 2906 2631 2961 qucecunque
2677 2898 2903 2961 possunt
2945 2888 3255 2959 concupisci
3302 2888 3528 2959 respuit.
3574 2885 3798 2957 Septua-

2219 2985 2365 3054 ginta
2401 2985 2628 3056 quinque
2648 2999 2771 3039 cum
2802 2984 3078 3056 egreditur
3108 2998 3367 3037 annorum
3407 2992 3511 3048 est,
3551 2982 3678 3037 dum
3708 2995 3804 3052 per

2221 3077 2589 3145 septenarium
2614 3075 2803 3147 gratiae
2830 3076 3157 3145 Decalogum
3188 3074 3321 3144 legis
3361 3073 3609 3145 implens,
3643 3074 3801 3144 quin-

2222 3182 2327 3237 que
2351 3168 2596 3253 corporis
2637 3168 2890 3227 sensibus
2913 3167 3123 3238 integra
3155 3167 3419 3222 virtutum
3456 3166 3613 3237 quasi
3638 3180 3800 3220 anno-

2226 3276 2346 3315 rum
2371 3260 2692 3316 collectione
2714 3270 2928 3332 praeest.

2295 3376 2456 3432 Vnns.
2484 3376 2539 3431 5.
2569 3407 2638 3417 —-
2670 3375 2911 3448 Tulitque
2954 3375 3115 3431 Sarai
3160 3391 3373 3430 uxorem
3393 3391 3565 3441 suam,
3597 3384 3644 3429 et
3670 3374 3802 3428 Loth

2221 3469 2389 3539 [ilium
2438 3469 2620 3539 fratris
2672 3470 2773 3535 sui,
2818 3470 3215 3541 universumque
3258 3468 3603 3522 substantiam
3648 3482 3807 3537 quam

2222 3561 2578 3632 possederant,
2637 3570 2684 3614 et
2730 3561 2935 3615 animas
2986 3577 3117 3630 quas
3166 3558 3395 3629 fecerant
3436 3559 3491 3613 in
3532 3560 3717 3623 Aran;
3760 3566 3807 3612 et

2222 3658 2414 3728 egressi
2438 3664 2581 3721 sunt,
2596 3664 2652 3707 ut
2676 3653 2893 3707 irent'in
2919 3662 3115 3707 terram
3131 3649 3405 3705 Chanaan.
3423 3648 3577 3705 Sarai
3606 3648 3807 3703 dicitur

2220 3750 2460 3819 princeps
2481 3764 2617 3811 mea,
2649 3754 2704 3801 et
2726 3744 2997 3815 signiﬁcat
3022 3743 3376 3806 voluntatem,
3396 3758 3513 3812 qum
3530 3742 3582 3795 in
3600 3756 3805 3797 morem

2224 3838 2469 3908 conjugis
2489 3836 2640 3890 unita
2668 3836 2891 3896 Abram,
2921 3833 2972 3889 id
2998 3842 3085 3887 est
3108 3833 3306 3887 marito
3333 3831 3566 3903 spiritui,
3593 3838 3649 3885 et
3672 3829 3808 3885 Loth

2224 3928 2337 3984 ﬁlio
2386 3928 2572 3987 fratris
2620 3928 2726 3993 sui,
2779 3926 2995 3982 aﬂ‘ectui
3037 3926 3245 3997 utique,
3286 3925 3378 3995 qui
3424 3940 3490 3979 ex
3536 3921 3810 3993 corporali

2224 4021 2454 4087 semine,
2502 4022 2587 4076 cui
2634 4020 2879 4091 quaedam
2920 4035 3042 4075 cum
3074 4018 3256 4072 anima
3286 4016 3551 4072 naturalis
3594 4030 3811 4086 germa-

2226 4113 2371 4169 nitas
2422 4113 2587 4177 inest,
2630 4111 2887 4183 gignitur,
2920 4118 3071 4164 recto
3107 4108 3299 4164 ordine
3333 4122 3455 4162 cum
3506 4106 3577 4160 ita
3608 4106 3811 4161 consti«

2228 4209 2352 4264 terit
2392 4207 2645 4261 ducitur:
2674 4220 2795 4261 cum
2842 4204 2927 4259 his
2976 4204 3158 4273 itaque
3201 4200 3403 4255 Abram
3458 4206 3645 4254 noster
3674 4198 3812 4253 tollit

2225 4301 2521 4355 universam
2571 4298 2939 4364 substantiam,
2989 4312 3144 4367 quant
3192 4294 3395 4364 pariter
3448 4292 3811 4361 possederant,

2225 4391 2353 4447 dum
2407 4391 2590 4446 omnia
2640 4405 2759 4460 qua:
2799 4387 3090 4443 intellectui
3125 4395 3313 4442 nostro
3361 4384 3640 4441 terrestria
3690 4383 3815 4454 jure

2226 4483 2497 4547 substant,
2532 4482 2586 4535 in
2611 4488 2882 4551 potestate
2907 4478 3191 4543 habemus,
3233 4490 3331 4531 nec
3368 4476 3436 4530 ab
3465 4475 3546 4529 eis
3573 4473 3686 4544 regi
3712 4488 3813 4528 nos

2226 4573 2498 4629 serviliter
2551 4571 2809 4642 patimur,
2857 4570 2950 4625 sed
3006 4583 3106 4624 nos
3170 4582 3230 4623 ea
3281 4567 3433 4637 quasi
3481 4563 3812 4635 paralyticus

2230 4668 2511 4739 grabatum
2560 4665 2795 4736 regimus
2846 4662 3026 4733 (Joan.
3076 4675 3129 4725 v,
3162 4659 3239 4729 9).
3289 4657 3444 4713 Unde
3490 4655 3591 4712 Job
3622 4673 3638 4713 :
3671 4656 3812 4721 Quia

2228 4759 2423 4829 inquit,
2464 4774 2569 4812 non
2601 4764 2720 4810 sunt
2746 4756 2801 4809 in
2828 4770 2989 4807 manu
3017 4768 3197 4807 eorum
3220 4750 3353 4805 bona
3385 4767 3501 4814 sua,
3533 4747 3812 4803 consilium

2227 4850 2509 4921 impiorum
2554 4846 2703 4916 longe
2729 4846 2793 4899 sit
2839 4862 2871 4898 a
2894 4860 2975 4898 me
3006 4842 3130 4911 (Job
3174 4858 3291 4906 xxx,
3322 4839 3430 4909 16).
3482 4838 3635 4905 Quod
3663 4837 3813 4893 enim

2229 4941 2369 4997 ratio
2418 4938 2726 4994 damnando
2755 4935 3080 5006 possederit,
3134 4933 3377 5001 profecto
3408 4940 3463 4987 et
3489 4931 3813 4997 voluntatis,

2230 5044 2285 5092 et
2339 5033 2566 5089 affectus
2617 5032 2799 5087 statim
2845 5029 3074 5100 imperio
3105 5029 3331 5083 suberit.
3367 5029 3436 5080 In
3479 5027 3623 5080 Aran
3674 5026 3814 5079 ﬁunt

2230 5128 2445 5192 animae,
2484 5126 2611 5180 dum
2638 5122 2823 5177 vitalia
2869 5136 2933 5176 ac
2973 5120 3272 5192 spiritualia
3300 5120 3439 5175 bona
3474 5126 3814 5189 peraguntur

2229 5218 2472 5292 perfecta
2530 5216 2716 5271 mundi
2774 5212 3267 5271 abrenuntiatione.
3322 5210 3690 5284 Egrediuntur
3738 5208 3813 5263 ad

2228 5324 2425 5369 terram
2465 5310 2740 5375 Chanaan,
2785 5310 2911 5363 dum
2964 5321 3175 5361 marum
3210 5320 3372 5375 quam
3406 5302 3633 5374 professi
3683 5308 3816 5357 sunt

2230 5409 2603 5479 adipiscuntur
2655 5402 2879 5460 solidam
2920 5400 3302 5465 mutationem;
3362 5398 3621 5454 Chanaan
3661 5395 3811 5451 enim

2231 5503 2431 5560 dicitur
2458 5508 2712 5554 mutatus.

2303 5616 2466 5687 Vnus.
2500 5615 2553 5669 6.
2581 5644 2651 5655 —
2680 5610 2914 5681 Cumque
2947 5607 3205 5663 venissent
3246 5608 3301 5660 in
3326 5620 3463 5669 eam,
3504 5604 3812 5672 pertransiit

2230 5710 2426 5763 Abram
2457 5717 2647 5761 terram
2699 5718 2859 5771 usque
2886 5700 2954 5754 ad
2982 5699 3155 5752 locum
3203 5696 3390 5751 Sichen
3440 5704 3489 5749 et
3530 5709 3693 5763 usque
3744 5692 3817 5747 ad

2233 5800 2515 5858 convallem
2560 5795 2837 5850 illustrem.
2868 5789 3208 5858 Attingentes
3247 5788 3410 5857 igitur
3436 5783 3819 5841 conversionis
