4062 6354
269 439 374 495 “'5

1205 453 1220 467 -
1303 423 1668 485 MORALIUM
1702 420 1772 480 ΙΝ
1808 418 2105 479 GENESIN
2143 417 2275 475 LIB.
2310 417 2396 475 ιν.

3429 406 3533 467 Hd

269 548 583 615 etiicaci'am,
607 546 899 619 pertransit
928 545 1153 618 spiritus
1174 555 1359 603 noster
1380 556 1610 603 terrenae
1635 544 1851 600 habita—
1878 545 1935 606 Α
1956 555 2077 609 quae
2103 540 2157 593 in
2184 536 2339 592 nobis
2369 535 2607 600 fuerunt,
2658 538 2754 587 aut
2780 545 2902 588 esse
2942 535 3191 601 possunt,
3213 526 3533 584 confusione

270 643 451 709 tionis,
493 656 611 711 quae
642 655 701 695 se
749 648 1031 711 aggravat,
1064 638 1282 705 molem,
1328 649 1383 694 et
1416 638 1567 693 venit
1592 638 1660 691 ad
1687 635 1857 691 locum

269 733 484 798 Sic-lien,
518 730 573 784 id
598 738 684 785 est
706 728 1029 786 obedientiae
1051 728 1456 799 perseverantis
1476 725 1853 791 stabilitatem;

1960 629 2294 697 inducimusf;
2326 628 2427 683 Hai
2457 639 2695 696 namque
2723 623 2965 695 quintio,
2996 621 3097 678 Gai
3132 619 3330 675 dicitur
3353 620 3537 689 confu-

1960 727 2037 781 sio
2062 739 2081 777 :
2114 723 2257 795 quod
2291 730 2463 779 totum
2492 728 2617 777 est:
2648 718 2715 773 In
2741 718 2824 772 die
2869 717 3123 771 bonorunt
3168 732 3231 770 ne
3270 714 3543 768 immemor

269 823 470 878 Sichen
533 822 679 878 enim
751 822 1141 891 interpretatur
1190 822 1461 885 humerus,
1507 826 1564 873 et
1628 818 1859 872 humero
1958 821 2033 876 sis
2058 819 2411 883 malorum,et
2436 814 2491 868 in
2514 814 2600 867 die
2624 810 2885 866 malorum
2911 827 2974 864 ne
2998 810 3269 864 immemor
3286 808 3359 862 sis
3384 808 3544 861 bono-

267 933 480 986 quoque
504 926 807 986 portamus,
831 928 930 984 per
958 914 1103 983 quod
1128 912 1497 969 obedientiam
1544 918 1693 966 recte
1721 908 1860 963 acci-

268 1010 468 1079 pimus,
494 1010 653 1081 cujus
683 1008 913 1078 imperio
941 1007 1220 1062 humiliter
1255 1006 1483 1061 terendo
1509 1018 1800 1059 curvamur
1842 1016 1857 1056 :

269 1101 449 1157 locum
478 1111 658 1157 autem
709 1100 877 1154 animi
914 1097 1349 1154 immobilitatem
1381 1094 1644 1160 dicimus;
1692 1093 1785 1148 sed
1815 1092 1862 1148 si

268 1195 573 1260 obedimus,
599 1194 666 1248 ad
696 1192 996 1248 convallem
1021 1190 1310 1256 illustrem,
1341 1187 1395 1243 id
1427 1196 1510 1244 est
1538 1183 1863 1241 humilitatis

270 1287 611 1341 nobilitatem
664 1300 887 1340 necesse
940 1294 1026 1339 est
1076 1282 1380 1348 veniamus,
1415 1289 1476 1335 ut
1519 1294 1628 1334 non
1659 1277 1863 1333 coacti-

274 1378 407 1432 tium
441 1377 696 1448 praelatis,
743 1386 798 1432 et
834 1377 999 1432 etiam
1042 1373 1362 1441 minoribus,
1416 1370 1512 1428 sed
1561 1368 1865 1425 ambientes

274 1480 627 1541 spontaneum
658 1470 939 1525 servitium
978 1468 1374 1538 impendamus.

344 1583 508 1639 Vsus.
540 1584 593 1637 7.
622 1613 692 1624 —
726 1582 1061 1637 Chananwus
1102 1589 1277 1635 autem
1328 1588 1451 1633 tunc
1477 1586 1591 1634 erat
1623 1578 1681 1632 in
1701 1585 1865 1631 terra.

268 1674 627 1745 Apparuitque
653 1674 911 1729 Dominus
934 1673 1146 1734 Abram,
1174 1681 1219 1725 et
1252 1670 1384 1724 dixit
1416 1670 1464 1723 ei
1496 1682 1515 1720 :
1546 1666 1746 1723 Semini
1778 1675 1868 1719 tuo

268 1765 406 1818 dabo
436 1775 634 1820 terram
667 1766 821 1819 hanc.
860 1764 964 1830 Qui
992 1762 1275 1832 wdiﬁcavit
1306 1760 1379 1815 ibi
1421 1759 1590 1814 altare
1614 1757 1867 1824 Domino,

268 1859 360 1929 qui
387 1868 706 1929 apparuerat
731 1859 797 1912 ei.
826 1856 943 1924 Quo
976 1856 1158 1925 itaque
1182 1856 1292 1910 Deo
1313 1862 1367 1909 et
1391 1851 1589 1909 saeculo
1614 1848 1868 1958 illustrio:
1897 1895 1950 1958 Β

274 1963 367 2005 res
418 1965 630 2017 sumus,
698 1956 849 2002 tanto
900 1946 1217 2001 humiliores
1265 1960 1385 1999 esse
1440 1942 1716 1999 debemus.
1762 1938 1871 1995 Sed

275 2040 619 2098 Cltananteus
661 2050 743 2096 est
786 2043 842 2095 in
880 2050 1041 2107 terra,
1072 2040 1197 2109 quia
1230 2038 1453 2107 spiritus
1483 2034 1794 2093 cenodoxite
1819 2043 1876 2089 et

273 2134 474 2203 inepta:
528 2145 691 2206 typus
742 2134 1084 2190 verecundiae
1125 2131 1423 2188 desaeviunt
1480 2132 1536 2185 in
1590 2128 1877 2185 adectione

279 2232 521 2281 terrena.
554 2225 901 2281 Cbananaeus
940 2225 1084 2279 enim
1135 2224 1336 2279 dicitur
1385 2224 1697 2293 negotiator,
1734 2220 1878 2291 quod

283 2326 368 2373 est
394 2318 571 2373 inanis
607 2317 792 2388 gloriae
817 2318 1109 2384 venalitas,
1142 2332 1261 2385 quae
1298 2317 1532 2371 maxime
1560 2315 1717 2369 bonis
1742 2311 1878 2368 acti-

274 2409 381 2465 bus
402 2424 462 2463 se
493 2408 715 2478 ingerit,
742 2424 865 2463 cum
890 2408 1054 2463 etiam
1079 2406 1308 2478 quilibet
1334 2422 1402 2461 ex
1433 2408 1546 2476 ipsa
1567 2421 1662 2460 sua
1693 2401 1877 2457 humi-

278 2502 437 2558 litate
483 2502 753 2573 superbit.
806 2501 1017 2556 Dicitur
1068 2516 1281 2571 quoque
1335 2500 1672 2554 Cbananmus
1694 2496 1876 2551 erube-

275 2611 450 2661 scens,
501 2596 677 2665 pudor
728 2593 939 2649 scilicet
993 2594 1267 2649 humanus
1291 2594 1359 2647 ad
1405 2592 1597 2647 viliora
1649 2592 1876 2661 imperia

285 2703 409 2743 sese
443 2689 611 2743 menti
667 2688 961 2744 incutiens.
995 2688 1061 2743 Hi
1094 2697 1219 2743 tunc
1266 2698 1423 2744 erant
1453 2690 1505 2742 in
1552 2698 1713 2751 terra,
1746 2687 1876 2740 dum

277 2780 333 2837 in
371 2782 576 2838 nostris
616 2782 1061 2855 praecordialibus
1102 2783 1262 2839 bonis
1321 2783 1593 2838 ferverent
1619 2781 1719 2836 sub
1746 2795 1874 2835 coni

278 2872 527 2929 scientia.
580 2874 822 2945 Apparet
872 2890 1003 2944 ergo
1056 2873 1319 2929 Dominus
1369 2872 1596 2940 Abram,
1640 2887 1762 2925 cum
1817 2885 1877 2926 se

278 2966 576 3034 excelsum,
639 2968 731 3023 sed
785 2960 1013 3023 humilia
1072 2976 1251 3023 tamen
1308 2966 1582 3035 respicere
1637 2962 1876 3019 evidenti

284 3057 654 3116 illustratione
678 3061 868 3117 edocet
889 3062 1177 3128 rationem,
1210 3068 1267 3116 et
1298 3060 1362 3113 ad
1389 3058 1584 3113 talibus
1613 3057 1878 3113 resisten-

284 3152 413 3207 dum
445 3153 512 3207 de
542 3154 654 3209 suis
683 3154 889 3210 viribus
917 3152 1245 3209 diuidentem
1274 3168 1370 3223 spe
1409 3149 1681 3206 conforlat
1706 3149 1879 3204 victo-

1963 930 2079 968 rum
2103 910 2274 984 (Eccl.
2297 926 2375 973 ιι,
2402 906 2521 977 27).
2551 902 2812 959 Ᾱὲόίίὶεειι
2833 902 2996 957 etiam
3014 902 3103 957 hic
3121 900 3323 955 Abram
3352 899 3543 964 altare,

1965 1005 2091 1060 dum
2141 1004 2285 1058 inter
2315 999 2575 1055 victorias
2628 996 3055 1063 circumspectus
3104 990 3210 1063 55
3256 991 3323 1046 ad
3372 990 3545 1046 Deum

1964 1114 2075 1155 suae
2130 1094 2327 1151 mentis
2374 1090 2611 1162 hospitio
2662 1085 3048 1151 invocandum,
3099 1085 3322 1154 spiritus
3360 1092 3548 1139 noster

1967 1190 2121 1246 ﬁrma
2168 1187 2280 1256 jam
2318 1194 2442 1256 post
2494 1181 2606 1252 spei
2658 1188 2905 1235 tenorem
2958 1174 3233 1231 radicatur
3256 1173 3547 1230 cliaritate.

1967 1282 2095 1337 Haec
2120 1279 2264 1336 enim
2313 1286 2440 1333 sunt
2489 1272 2683 1329 altaria
2738 1279 2850 1338 tua,
2887 1268 3114 1325 Domine
3158 1266 3441 1331 virtutum,
3493 1266 3552 1321 in

1968 1376 2162 1446 quibus
2211 1379 2389 1427 turtur
2448 1367 2636 1423 nidum
2689 1364 2921 1436 reperit,
2975 1372 3271 1431 passerque
3334 1356 3552 1413 domum

1970 1467 2374 1539 (Pmlmxxxm,
2418 1463 2499 1534 6);
2549 1462 2690 1516 unde
2727 1468 2781 1515 et
2810 1455 3203 1528 subiungitur"

2042 1577 2207 1633 Vens.
2248 1575 2302 1629 9.
2329 1601 2403 1614 —
2442 1568 2784 1640 Perrexitque
2823 1565 3019 1620 Abram
3057 1560 3277 1627 vadens,
3317 1568 3366 1614 et
3412 1556 3557 1613 ultra

1970 1667 2306 1739 progrediens
2359 1663 2427 1718 ad
2468 1661 2759 1718 meridiem.
2815 1656 2898 1710 Ad
2952 1652 3220 1708 meridiem
3260 1648 3535 1721 pergimus

1976 1774 2101 1815 cum
2130 1758 2196 1812 ad
2226 1754 2529 1827 plenarium
2569 1748 2871 1807 devotionis
2897 1746 3168 1801 fervorem
3198 1739 3554 1797 obtinendum

1976 1849 2391 1917 contendimus;
2451 1844 2736 1909 vadimus,
2794 1854 2917 1896 cum
2991 1835 3157 1891 animi
3222 1831 3561 1905 propositum

1978 1960 2141 2016 opere
2173 1955 2524 2005 exercemus;
2553 1936 2694 1991 ultra
2737 1950 2868 1990 vero
2905 1928 3303 2003 progredimur,
3343 1939 3466 1981 cum
3494 1919 3563 1977 ad

1979 2037 2184 2106 majora
2217 2034 2450 2105 gerenda
2479 2030 2887 2088 exardescimus
2921 2026 2996 2097 pii
3031 2020 3288 2080 desiderii
3330 2018 3561 2086 ambitu,

1980 2140 2140 2194 quam
2167 2122 2344 2178 facere
2369 2121 2734 2192 praepediente
2755 2116 3054 2187 fragilitate
3076 2114 3345 2169 sinamus.

2053 2241 2217 2294 Vens.
2262 2234 2349 2290 10.
2389 2264 2461 2275 -
2498 2231 2669 2286 Facta
2719 2237 2794 2285 est
2853 2237 3026 2281 autem
3069 2225 3235 2295 fames
3286 2225 3344 2278 in
3383 2232 3563 2287 terra;

1981 2331 2348 2400 descenditque
2378 2328 2573 2381 Abram
2614 2325 2668 2377 in
2702 2320 3016 2392 Egyptum,
3050 2326 3106 2372 ut
3141 2316 3566 2388 peregrinaretur

1980 2426 2076 2479 ibi.
2100 2423 2231 2478 Post
2254 2428 2459 2476 tantam
2492 2416 2681 2488 gratiae
2705 2411 3118 2468 exuberantiam
3152 2422 3379 2465 necesse
3399 2415 3485 2464 est
3505 2415 3570 2462 ut

1985 2514 2211 2572 tentatio
2234 2512 2616 2580 subsequatur,
2644 2520 2712 2561 ne
2733 2504 2789 2560 in
2822 2502 3132 2574 superbiam
3156 2499 3344 2572 gloriae
3373 2498 3571 2553 nimie-

1984 2618 2065 2664 tas
2114 2606 2429 2668 delabatur;
2485 2600 2547 2654 fit
2584 2613 2713 2670 ergo
2757 2597 2924 2668 {ames
2971 2595 3029 2648 in
3071 2602 3236 2658 terra,
3266 2606 3389 2647 cum
3413 2589 3477 2645 iit
3511 2589 3570 2644 in

1980 2707 2161 2755 mente
2181 2694 2349 2752 divini
2381 2691 2593 2763 saporis
2624 2688 2839 2760 inopia;
2877 2686 3145 2742 descendit
3169 2686 3228 2740 in
3253 2683 3570 2756 rEgyptum,

1981 2803 2104 2844 cum
2153 2787 2347 2858 spiritu
2398 2792 2585 2839 noster
2642 2779 3008 2836 tribulationis
3055 2792 3115 2833 se
3162 2774 3570 2847 coangustantis

1981 2879 2259 2935 humiliter
2296 2876 2514 2948 inspicit
2550 2874 2970 2937 detrimentum;
3022 2866 3293 2940 Egyptus
3332 2880 3571 2936 namque

1982 2972 2179 3028 dicitur
2232 2968 2503 3024 tribulatio
2561 2974 2953 3036 coangustans;
3021 2960 3096 3017 ibi
3155 2960 3567 3031 peregrinatur,

1981 3079 2104 3119 cum
2142 3063 2197 3117 in
2240 3061 2455 3116 fervore
2483 3056 2823 3121 tentationis,
2850 3055 3009 3126 iusta
3040 3050 3469 3122 apostolumqui
3498 3051 3568 3105 ad

1983 3154 2361 3225 probationem
2395 3150 2455 3205 fit
2500 3148 2559 3220 (Ι
2594 3146 2743 3203 Petr.
2790 3162 2867 3215 ιν,
2899 3144 3025 3218 12),
3054 3159 3209 3200 mens
3234 3159 3266 3198 a
3308 3157 3366 3199 se
3399 3141 3576 3214 pauli-

286 3241 383 3296 riae
434 3241 651 3310 dicens;
701 3245 886 3297 semini
915 3254 1026 3310 tuo,
1057 3244 1112 3297 id
1144 3253 1227 3298 est
1257 3242 1440 3312 operis
1490 3241 1565 3295 tui
1599 3241 1809 3303 merito,
1834 3238 1879 3293 si

1989 3261 2113 3317 sper
2147 3246 2379 3299 alienata
2425 3253 2686 3313 vagatur;
2729 3256 2832 3296 nec
2878 3240 2933 3295 id
2962 3237 3200 3307 injuria;
3228 3234 3575 3305 prtevaluerat

286 3333 573 3403 persistas,
629 3335 912 3405 subjiciam
967 3335 1171 3389 terreni
1213 3332 1439 3388 alieclus
1488 3347 1648 3401 quam
1696 3330 1882 3385 faleris

290 3428 609 3484 motionem.
636 3429 716 3484 lbi
753 3430 986 3499 denique
1024 3429 1193 3483 altare
1220 3428 1580 3488 mdiﬁcamus,
1612 3440 1735 3479 eum
1758 3438 1881 3492 spe-

291 3517 377 3573 cie
398 3517 501 3574 ista
527 3519 819 3590 superandi
848 3534 999 3588 spem
1033 3534 1249 3588 quoque
1293 3533 1403 3573 non
1430 3517 1484 3570 in
1514 3514 1670 3569 laude
1712 3513 1883 3579 inani,

291 3611 386 3668 sed
428 3612 653 3682 praemio
714 3611 922 3668 coelesti
978 3621 1300 3668 caeterarum
1353 3611 1581 3664 materie
1624 3609 1886 3663 virtutum

293 3703 507 3782 adjecta
530 3707 915 3762 construimus.
968 3705 1186 3761 Nullum
1230 3704 1375 3760 enim
1408 3711 1652 3758 nostrum
1683 3711 1766 3758 est
1792 3703 1888 3757 bo-

292 3810 447 3863 num,
476 3796 520 3851 si
545 3811 651 3852 non
675 3797 746 3852 sit
775 3797 891 3867 spei
917 3797 1113 3853 divinae
1135 3798 1402 3866 innixum,
1432 3796 1576 3853 sicut
1604 3796 1721 3852 sine
1750 3795 1887 3850 alta-

293 3888 378 3945 rio
409 3888 760 3944 sacriﬁcium.

366 4000 534 4057 Vens.
572 4001 625 4057 8.
657 4032 728 4042 —
760 4001 826 4055 Et
856 4003 977 4057 inde
1002 4002 1391 4073 transgrediens
1431 4002 1500 4056 ad
1531 4013 1775 4069 montem,
1798 4000 1890 4073 qui

295 4108 405 4153 erat
432 4106 617 4151 contra
657 4095 860 4161 Bethel,
905 4097 1118 4151 tetendit
1160 4097 1229 4150 ad
1276 4096 1673 4150 tabernaculum
1713 4112 1889 4160 suum,

306 4188 372 4243 ab
401 4189 671 4243 occidente
698 4190 893 4243 habens
917 4188 1120 4254 Bethel,
1147 4198 1194 4243 et
1228 4190 1291 4242 ab
1328 4189 1524 4243 oriente
1539 4187 1671 4242 Hai.
1702 4187 1891 4243 Bethel

299 4275 498 4332 dicitur
526 4279 713 4333 domus
738 4277 857 4333 Dei.
896 4278 972 4333 De
1012 4277 1133 4333 loco
1175 4278 1363 4335 altaris
1406 4278 1470 4332 ad
1502 4286 1739 4333 montem
1767 4292 1893 4348 pro—

304 4383 607 4436 movemur,
641 4384 764 4424 cum
789 4384 895 4424 non
934 4368 1105 4423 solum
1150 4369 1216 4423 de
1246 4369 1501 4424 vitiorum
1527 4369 1756 4424 victoria
1785 4386 1891 4425 non

303 4460 673 4532 desperemus,
703 4461 799 4517 sed
830 4462 994 4517 etiam
1041 4478 1382 4532 quarumque
1410 4463 1669 4517 virtutum
1720 4461 1894 4518 excel-

1988 3336 2125 3391 enim
2175 3335 2339 3405 fames
2388 3334 2443 3387 in
2495 3343 2657 3397 terra,
2714 3331 2768 3385 id
2816 3338 2924 3395 est,
2975 3327 3360 3391 dominabatur
3405 3323 3574 3381 divini

1989 3434 2204 3499 egestas
2230 3423 2439 3481 consilii
2469 3424 2523 3479 in
2550 3420 2906 3478 conscientia.

2062 3539 2227 3595 Vens.
2251 3541 2338 3605 il,
2370 3539 2457 3604 12,
2491 3538 2579 3594 15.
2610 3568 2683 3579 -
2708 3535 2940 3609 Cumque
2974 3553 3133 3609 prope
3158 3549 3289 3593 esset
3325 3548 3382 3593 ut
3406 3540 3579 3612 ingre-

1993 3632 2205 3687 deretur
2254 3629 2570 3702 ngyptum,
2630 3628 2766 3683 dixit
2822 3626 2981 3683 Sarai
3036 3630 3191 3684 uxori
3239 3647 3388 3687 sure:
3441 3631 3581 3688 Novi

1990 3724 2129 3796 quod
2169 3723 2389 3794 pulchra
2429 3723 2501 3777 sis
2533 3720 2743 3787 mulier,
2777 3728 2827 3775 et
2858 3737 2977 3774 cum
3001 3721 3224 3775 viderint
3257 3732 3305 3776 te
3337 3722 3583 3795 AE'gyptii

1992 3819 2189 3873 dicturi
2235 3828 2390 3873 sunt:
2427 3815 2573 3872 Uxor
2594 3816 2739 3872 illius
2771 3827 2879 3883 est;
2917 3827 2965 3871 et
2994 3817 3304 3886 interﬁciant
3331 3833 3429 3882 me,
3460 3826 3508 3871 et
3535 3825 3587 3871 te

1992 3913 2352 3968 reservabant.
2398 3912 2495 3967 Dic
2539 3929 2686 3984 ergo,
2743 3913 2956 3966 obsecro
2983 3922 3054 3979 te,
3092 3911 3232 3983 quod
3274 3927 3427 3967 soror
3468 3927 3587 3966 mea

1993 4007 2084 4073 sis,
2114 4016 2171 4060 ut
2209 4008 2334 4062 bene
2359 4006 2425 4061 sit
2452 4005 2579 4059 milii
2598 4015 2809 4076 prapter
2838 4016 2911 4072 te,
2941 4016 2990 4061 et
3013 4007 3150 4061 vivat
3177 4022 3355 4061 anima
3380 4021 3496 4060 mea
3520 4004 3584 4060 ob

1994 4100 2219 4178 gratiam
2257 4099 2355 4151 tui.
2403 4098 2698 4169 Postquam
2734 4099 2899 4170 igitur
2935 4100 3005 4156 ad
3030 4100 3227 4156 mentis
3271 4099 3585 4171 caliginem,

1996 4192 2139 4262 quod
2166 4190 2452 4264 Egyptus,
2482 4208 2601 4262 quae
2627 4190 3081 4261 diciturtenebrte,
3116 4203 3296 4260 sonat,
3320 4207 3583 4264 pervene-

1997 4285 2188 4352 rimus,
2250 4285 2303 4339 in
2364 4285 2484 4355 ipso
2537 4285 2716 4340 adhuc
2768 4286 3083 4342 tentationis
3140 4287 3352 4342 incerto
3400 4284 3580 4349 Sarai,

1998 4387 2199 4432 nostrae
2252 4376 2465 4431 scilicet
2517 4376 2782 4431 voluntati
2839 4375 3018 4431 adhuc
3074 4376 3142 4431 ab
3205 4375 3433 4445 imperio
3481 4388 3591 4428 non

2000 4466 2220 4522 divulsae
2246 4467 2425 4522 mariti
2460 4466 2709 4533 rationis,
2753 4465 3026 4521 dicimus:
3060 4464 3283 4521 Certum
3329 4473 3417 4521 est
3444 4463 3591 4535 quod

305 4552 526 4610 lentiam
558 4556 884 4627 appetimus.
917 4556 967 4611 ls
988 4571 1145 4612 mons
1170 4572 1362 4613 versus
1402 4558 1671 4613 orientem
1702 4559 1894 4615 domus
1920 4599 1975 4661 Β
1999 4561 2141 4617 bona
2192 4560 2400 4630 cupias,
2453 4569 2507 4613 et
2558 4559 2751 4614 habitu
2800 4558 3103 4614 honestatis
3148 4557 3307 4629 quasi
3352 4556 3591 4629 quadam

306 4647 402 4705 Dei
428 4649 565 4706 situs
615 4660 717 4719 est,
755 4653 883 4723 quia
916 4652 1179 4723 quidquid
1228 4652 1452 4708 virtutis
1490 4653 1779 4721 habemus,
1827 4652 1897 4707 ad

305 4741 509 4801 Christi
564 4746 998 4806 conformitatem
1032 4747 1230 4816 inhiat,
1272 4746 1474 4804 Christi
1516 4748 1727 4803 visione
1764 4749 1899 4802 irra-

305 4834 444 4891 diari
476 4836 585 4904 hic,
647 4848 704 4895 et
761 4841 813 4894 in
881 4840 1064 4895 futuro
1117 4840 1410 4909 desiderat,
1466 4839 1557 4911 qui
1604 4848 1689 4896 est
1736 4854 1899 4896 verus

305 4924 499 4983 Oriens
523 4930 715 4986 domus
746 4931 865 5000 Dei,
891 4931 945 4987 id
971 4940 1057 4987 est
1087 4930 1336 4987 minister
1379 4932 1596 4988 luminis
1625 4932 1901 4989 mentibus

306 5014 570 5086 ﬁdelium,
594 5020 647 5074 in
680 5022 878 5091 quibus
904 5032 988 5080 est
1012 5022 1279 5078 habitatio
1311 5024 1406 5078 Dei
1438 5039 1451 5078 :
1488 5024 1901 5081 tabernaculum

312 5112 479 5170 isthic
506 5118 804 5186 tendimus,
840 5134 961 5175 cum
992 5118 1061 5175 ad
1088 5118 1196 5174 Deo
1230 5119 1570 5174 militandum
1601 5121 1903 5191 appetitum

307 5207 534 5277 spiritus
579 5213 946 5281 provehimtts.
976 5213 1051 5267 Ab
1095 5212 1358 5267 occidente
1395 5211 1577 5267 Betltel
1620 5215 1901 5281 habemus,

309 5313 435 5355 cum
484 5300 717 5358 delectui
775 5314 985 5372 nostro,
1039 5305 1131 5374 qui
1180 5304 1468 5374 aliquoties
1517 5305 1783 5377 subrepit,
1820 5308 1906 5364 vel

310 5392 475 5447 etiam
500 5395 887 5466 desperationi,
935 5399 1127 5454 domus
1156 5398 1253 5453 Dei
1298 5414 1461 5469 super
1488 5397 1728 5454 caelestis
1749 5400 1908 5457 deco-

313 5499 455 5556 rem,
480 5489 567 5545 vel
589 5493 882 5561 praeteritte
934 5493 1165 5549 actionis
1191 5494 1489 5564 puritatem
1530 5495 1851 5566 opponimus
1889 5515 1905 5552 :

311 5580 378 5635 ab
406 5580 621 5639 Oriente
665 5601 798 5642 vero
838 5587 1102 5644 habemus
1145 5587 1276 5655 Hai,
1315 5588 1401 5646 vel
1425 5589 1589 5645 etiam
1612 5589 1909 5647 secundum

314 5674 481 5730 aliam
536 5679 951 5737 translationem
1000 5680 1124 5745 Gai,
1173 5698 1299 5739 cum
1346 5685 1629 5751 virtutum,
1660 5684 1813 5755 quasi
1843 5700 1911 5742 ex

316 5766 474 5823 nimii
514 5771 685 5842 gloria
716 5772 940 5831 luminis
988 5774 1305 5833 lasciviente
1348 5792 1623 5846 successu,
1649 5777 1912 5849 quaestio-

2002 4652 2181 4723 specie
2209 4650 2578 4706 benevolendo
2613 4666 2721 4706 non
2766 4664 2976 4717 careas,
3015 4651 3144 4708 licet
3171 4666 3336 4722 opere
3364 4652 3593 4723 exsequi

2005 4759 2268 4816 nequeas,
2301 4744 2396 4799 sed
2438 4744 2482 4798 si
2522 4743 2786 4816 Egyptii,
2837 4744 3087 4803 carnales
3115 4745 3389 4813 videlicet,
3423 4746 3516 4817 qui
3541 4754 3596 4801 te

2008 4838 2419 4906 contenebrant,
2463 4847 2655 4903 motus,
2688 4840 2862 4896 aciem
2891 4840 2987 4896 tibi
3008 4856 3121 4896 suae
3148 4840 3594 4912 impugnationis,

2007 4931 2133 5004 quia
2190 4932 2271 4988 eis
2312 4931 2585 4987 contraria
2636 4932 2806 4999 voles,
2860 4932 3213 4999 intenderint,
3266 4948 3490 4988 uxorem
3544 4939 3598 4988 te

2008 5040 2208 5091 meam,
2244 5025 2297 5080 id
2324 5032 2410 5080 est
2447 5025 2677 5082 rationis
2717 5042 2850 5082 meae
2896 5042 3084 5084 amore
3110 5036 3161 5082 te
3196 5025 3415 5082 ductam
3446 5024 3596 5081 aesti-

2009 5132 2242 5190 mantes,
2269 5122 2402 5179 mihi
2434 5122 2648 5193 spiritui
2676 5124 2857 5181 acrius
2886 5124 3163 5191 insistent,
3196 5100 3600 5180 tentationibus

2011 5221 2269 5289 obruent,
2298 5230 2352 5277 et
2394 5231 2447 5278 te
2481 5222 2605 5287 sibi,
2660 5228 2721 5276 ut
2758 5221 2868 5291 jam
2904 5234 3010 5274 non
3037 5218 3143 5274 nisi
3173 5217 3411 5274 carnalia
3441 5217 3600 5284 velis,

2012 5315 2368 5381 contrahent;
2392 5330 2500 5370 non
2529 5315 2713 5382 itaque
2737 5312 2989 5367 resistere
3013 5319 3091 5367 tot
3112 5310 3380 5367 malorum
3408 5308 3605 5382 impul-

2015 5409 2170 5464 sibus
2199 5408 2386 5475 valeo;
2415 5408 2606 5465 cedam
2635 5421 2782 5476 ergo,
2811 5405 2951 5460 unde
2983 5414 3038 5460 et
3060 5420 3306 5462 sororem
3336 5414 3391 5461 te
3424 5418 3605 5459 meam

2017 5511 2078 5557 ut
2103 5502 2251 5558 dicas
2274 5501 2525 5573 obsecro,
2559 5499 2611 5554 id
2633 5506 2712 5555 est
2759 5497 2949 5553 eadem
2979 5499 3185 5556 sentias
3225 5513 3346 5570 qua:
3379 5506 3435 5555 et
3478 5512 3609 5569 ego,

2018 5601 2079 5648 ut
2105 5594 2300 5648 obruta
2328 5591 2655 5647 auctoritate
2682 5590 2864 5647 mariti
2901 5590 3046 5649 idem
3097 5590 3316 5664 sapiant
3352 5590 3606 5647 voluntas

2022 5685 2261 5742 carnalis
2282 5693 2339 5742 et
2376 5684 2540 5753 ratio,
2573 5684 2792 5742 utbene
2818 5686 2889 5742 sit
2916 5687 3048 5743 mihi
3080 5694 3341 5758 quantum
3378 5685 3447 5741 ad
3473 5692 3609 5739 tem-

2022 5786 2263 5850 pestates
2320 5777 2509 5845 animi,
2546 5793 2683 5851 quas
2729 5779 3061 5852 suggestioni
3097 5777 3445 5835 consentiens
3481 5790 3610 5831 eva-

318 5873 447 5961 ncm
470 5864 654 5925 animo
683 5865 751 5927 de
775 5866 1004 5947 inferni,
1038 5867 1124 5955 vel
1152 5877 1499 5948 peccatorum
1544 5870 1915 5947 quorumlibet
2023 5884 2166 5941 sero,
2192 5876 2246 5927 et
2274 5868 2421 5930 vivat
2473 5869 2656 5956 anima
2691 5882 2830 5943 mea,
2862 5869 2916 5930 id
2955 5880 3055 5946 est,
3098 5868 3298 5929 sentiat
3340 5865 3449 5922 vita
3484 5879 3602 5927 mea
