4108 6324
487 427 603 502 ius

1253 414 1312 470 V.
1348 403 1671 468 G'UIBERTI
1703 401 1999 464 ABBATIS
2023 399 2085 458 Β.
2124 396 2370 460 MANE
2406 397 2498 456 DE
2531 396 2929 455 NOVIGENTO

3678 385 3780 446 116

487 500 628 610 ἐιιιιὶιι
681 535 982 602 dulcedinis
1011 532 1207 590 habeat
1250 523 1448 584 seculo
1477 521 1748 581 inservire
1784 517 2082 580 secundum
2111 500 2161 568 Α
2189 517 2316 576 tatis
2343 529 2450 574 non
2479 513 2770 572 cohibuisti
2794 511 3095 577 lasciviam,
3135 516 3193 564 et
3219 506 3317 563 tibi
3344 504 3468 608 jure
3504 501 3779 559 subditam

500 635 760 707 placitum
784 629 995 688 arbitrii
1027 624 1128 682 sui.

571 769 734 824 Vens.
768 767 854 829 14,
883 763 964 818 15.
994 757 1205 812 —-Cum
1229 757 1406 826 itaque
1441 754 1704 824 ingressus
1733 757 1863 805 esset
1888 749 2082 804 Abram

499 859 813 930 zEgyptum,
860 853 1096 908 viderunt
1151 847 1394 919 Egyptii
1436 845 1726 908 mulierem,
1767 842 1904 914 quod
1953 848 2084 895 esset

494 954 712 1021 pulchra
752 945 925 999 nimis.
963 941 1030 996 Et
1067 941 1435 995 nuntiaverunt
1475 938 1734 1008 principes
1781 932 2083 996 Pharaoni;

494 1053 540 1096 et
572 1040 914 1094 laudauerunt
939 1053 1053 1091 eam
1085 1036 1226 1108 apud
1251 1033 1428 1096 illum,
1467 1042 1513 1086 et
1546 1031 1753 1085 sublata
1780 1040 1854 1083 est
1892 1027 2088 1081 mulier

491 1136 547 1186 in
582 1132 795 1185 domum
845 1130 1162 1185 Pharaonis.
1216 1127 1556 1198 lngredimur
1609 1123 1922 1194 XEgyptum,
1963 1136 2085 1175 cum

490 1222 647 1278 bona:
670 1221 992 1276 intentionis
1018 1221 1220 1275 amisso
1242 1219 1443 1274 lumine
1469 1217 1860 1272 obscuritatem
1894 1211 2088 1267 incidi-

491 1329 616 1369 mus
664 1313 968 1368 mentium:
1001 1311 1241 1383 ﬁgyptii
1279 1309 1548 1365 mulierem
1580 1308 1718 1380 quod
1763 1307 1983 1376 pulchra
2019 1306 2089 1360 sit

491 1407 701 1471 vident,
735 1421 857 1461 cum
909 1405 1226 1476 corporales
1257 1413 1456 1470 motus,
1485 1403 1574 1472 qui
1607 1401 1893 1470 aliquoties
1921 1400 2088 1454 etiam

495 1496 616 1550 sine
643 1495 969 1563 cogitatione
1002 1495 1323 1549 naturaliter
1357 1501 1411 1549 et
1464 1501 1658 1563 sponte
1696 1493 1960 1552 citantur,
1987 1491 2090 1560 piae

495 1583 792 1641 voluntatis
820 1585 1209 1656 pulchritudini
1242 1584 1503 1648 invident,
1528 1591 1583 1636 et
1625 1582 1967 1638 sollicitando
1999 1598 2092 1636 ur-

497 1688 654 1748 gent;
685 1677 786 1732 etsi
817 1678 959 1730 cnim
991 1675 1311 1745 plerumque
1337 1690 1612 1741 erramus,
1639 1675 1862 1729 omnino
1909 1682 2090 1727 tamen

497 1783 597 1824 nos
625 1784 812 1823 errare
851 1768 1120 1834 dolemus,
1163 1768 1315 1837 quia,
1341 1767 1498 1836 juxta
1529 1766 1848 1838 Apostolum
1877 1784 1890 1819 :
1935 1765 2088 1832 Quod

495 1861 746 1918 nolumus
786 1861 1006 1926 ntalem,
1040 1861 1143 1916 hoc
1173 1859 1388 1931 agimus
1422 1860 1606 1929 (Rom.
1637 1877 1734 1926 vn,
1767 1859 1888 1930 i9).
1935 1857 2097 1912 Prin-
2129 1865 2174 1934 Β

499 1949 636 2018 eipes
684 1948 958 2004 Pharaoni
1009 1950 1286 2014 nuntiant,
1334 1963 1459 2004 cum
1505 1950 1560 2004 hi
1603 1949 1800 2027 quibus
1848 1948 2088 2002 dicitur:

498 2043 696 2102 Tollite
740 2051 949 2112 portas,
1002 2042 1297 2112 principes,
1341 2041 1766 2111 vestras(Psat.
1811 2055 1971 2104 χχιιι,
2000 2038 2092 2109 7),

497 2152 692 2192 sensus
733 2137 1039 2192 exteriores
1077 2136 1251 2190 nostri
1280 2134 1494 2189 all'ectui
1525 2134 1733 2190 carnali
1767 2134 1832 2188 de
1873 2131 2093 2186 residuo

499 2229 574 2300 pii
639 2227 893 2292 desiderii
932 2227 1217 2297 conquesti
1268 2227 1554 2292 intimaut;
1610 2242 1708 2296 per
1752 2225 2092 2282 Pharaonem

497 2319 642 2376 enim
664 2319 901 2378 carnalis
924 2328 1071 2376 recte
1117 2317 1345 2374 allectus
1365 2319 1650 2388 accipitur,
1681 2319 1773 2388 qui
1804 2320 2092 2388 dissipans,

498 2412 587 2468 vel
621 2413 1005 2480 discooperiens
1051 2428 1191 2475 eum,
1225 2411 1369 2466 haud
1405 2411 1626 2466 dubium
1675 2412 1804 2480 quin
1844 2410 2096 2478 spiritum

503 2504 795 2558 destruens
849 2503 1100 2567 interius,
1161 2511 1216 2558 et
1273 2504 1534 2573 detegens
1588 2513 1742 2558 veste
1810 2503 2095 2567 virtutum,

502 2597 941 2666 interpretatur;
976 2594 1122 2656 illam
1171 2603 1354 2652 autem
1401 2595 1645 2661 laudant,
1677 2611 1800 2650 cum
1834 2595 2100 2665 sagacita-

504 2694 613 2740 tem
641 2684 863 2755 ingenii,
894 2693 952 2740 et
989 2684 1232 2740 habitum
1261 2685 1510 2755 corporis
1535 2687 1602 2740 ad
1624 2684 1804 2741 saeculi
1831 2686 2100 2755 captanda

503 2777 788 2832 commoda
851 2777 1154 2834 adulatorie
1211 2779 1556 2850 suggerendo
1626 2779 1946 2850 praedicant.
2031 2778 2101 2832 lu

504 2868 719 2924 domum
773 2867 1072 2932 Pharaonis
1131 2869 1322 2926 mulier
1372 2869 1721 2938 translertur,
1763 2887 1886 2926 cum
1923 2870 2105 2925 mellis

497 2959 614 3028 jam
650 2960 972 3030 enervisque
1013 2961 1264 3026 voluntas
1303 2971 1720 3033 perseveranter
1742 2971 1933 3017 actura
1979 2978 2103 3017 eum

505 3051 702 3108 aiicctu
755 3053 962 3108 carnali
1007 3054 1315 3122 inducitur;
1347 3072 1445 3128 per
1467 3058 1685 3113 domum
1714 3057 1856 3113 enim
1889 3056 2102 3111 diutur-

505 3147 652 3206 nitas
675 3147 991 3220 intelligitur
1012 3149 1332 3212 mansionis.

578 3286 740 3342 Vens.
778 3285 862 3340 16.
905 3316 974 3325 —
1004 3285 1214 3339 Abram
1251 3302 1369 3340 vero
1427 3287 1550 3339 bene
1607 3302 1730 3339 usus
1769 3295 1840 3339 est
1898 3293 2109 3354 prapter
2137 3259 2182 3316 C

503 3375 690 3442 illam;
723 3376 1038 3447 fueruntque
1066 3376 1114 3430 ei
1163 3385 1278 3430 Oves
1327 3387 1372 3430 et
1402 3377 1570 3438 bores,
1603 3377 1738 3430 asini
1776 3386 1823 3429 et
1873 3376 2028 3440 servi,
2059 3383 2107 3429 et

506 3471 744 3540 famulae,
796 3482 843 3524 et
881 3473 1046 3525 asinw
1084 3480 1132 3524 et
1170 3470 1377 3524 cameli.
1426 3470 1556 3524 Oves
1591 3469 1920 3535 latuitatem,
1958 3469 2105 3523 bores

503 3564 766 3634 nequitias
808 3563 1296 3634 ponderositatem.
1340 3564 1476 3616 asini
1532 3562 1924 3632 petulantiam,
1973 3563 2106 3616 servi

502 3654 859 3726 proterviam,
891 3651 1107 3722 famula:
1129 3652 1502 3706 seductibilem
1532 3661 1586 3707 et
1618 3651 1682 3705 ad
1710 3653 1900 3708 oculos
1929 3653 2105 3708 solum

507 3749 778 3805 humanos
797 3747 1042 3802 timidam
1067 3745 1486 3811 conscientiam,
1521 3745 1687 3800 asina:
1719 3747 2106 3815 cogitationem

508 3843 768 3898 continua
814 3839 1111 3911 pollutione
1163 3829 1486 3904 fecundam,
1528 3839 1714 3892 cameli
1761 3854 1990 3908 pravum
2044 3855 2108 3895 ac

512 3934 804 3989 distortum
859 3930 1180 4002 appetitum,
1235 3938 1290 3984 et
1335 3929 1640 3984 admotum
1683 3931 1849 3985 totius
1886 3945 2104 3999 perver-

510 4027 693 4083 sitatis
720 4025 1015 4089 acclinem;
1042 4023 1286 4079 camelus
1307 4037 1542 4092 namque
1571 4037 1602 4076 a
1624 4024 1890 4078 curvitate
1915 4021 2104 4077 Graeca

505 4121 854 4178 derivatione
882 4127 1124 4173 vocatur.
1151 4117 1296 4172 Bene
1330 4125 1508 4172 autem
1541 4116 1804 4184 exterius,
1835 4132 1942 4172 non
1968 4117 2106 4170 inte-

509 4213 626 4268 rius
654 4213 865 4268 Pharao
911 4211 1116 4266 Abram
1161 4209 1354 4276 utitur,
1382 4208 1510 4263 dum
1541 4223 1648 4264 non
1675 4209 1818 4264 veris
1846 4209 1940 4263 sed
1972 4208 2105 4262 ima-

512 4309 763 4381 ginariis,
810 4307 864 4362 id
913 4314 997 4362 est
1038 4303 1425 4376 temporalibus
1476 4303 1654 4372 bonis,
1704 4316 1802 4373 pro
1830 4301 2107 4356 voluntate

511 4409 766 4472 corrupta
805 4399 948 4455 ratio
976 4399 1046 4453 ah
1080 4396 1278 4453 aﬂ'ectu
1311 4396 1590 4453 delinitur.

582 4495 748 4550 Vens.
783 4493 869 4557 i7,
915 4493 1000 4556 18,
1031 4491 1119 4546 19.
1150 4520 1222 4531 -—
1251 4488 1574 4561 Flagellaeit
1626 4497 1801 4543 autem
1847 4486 2102 4543 Dominus

2185 608 2362 670 sivisti
2419 617 2530 662 tam
2561 606 2750 660 leviter
2805 601 3034 660 distrahi
3081 617 3111 655 a
3159 609 3212 656 te
3262 613 3361 670 per
3411 597 3610 665 ineptae
3650 609 3783 650 mea:

2188 701 2486 762 allectionis
2516 696 2975 754 fraudulentiam?
3001 695 3218 750 Pacatis
3247 693 3432 762 itaque
3475 701 3612 744 mea:
3658 687 3783 741 irri-

2190 794 2413 850 tationis
2438 790 2647 846 cunctis
2689 788 3004 843 incursibus
3029 786 3206 853 accipe
3245 800 3381 848 eant,
3416 782 3470 836 id
3505 788 3614 847 est,
3649 776 3777 833 forti

2189 886 2520 945 continentia
2573 900 2602 938 τι
2652 883 2818 939 modo
2859 882 2954 938 tibi
3009 881 3280 950 restringe
3315 889 3646 940 connexam,
3691 869 3784 927 sed

2195 990 2372 1036 tamen
2404 976 2754 1047 postmodum
2803 973 3126 1044 quantocius
3162 977 3310 1035 uade,
3344 969 3396 1025 id
3441 978 3545 1032 est,
3584 967 3638 1022 in
3677 979 3792 1020 me-

2193 1071 2298 1126 lius
2337 1067 2606 1140 proﬁcere
2663 1069 2841 1134 stude,
2914 1065 3124 1120 declina
3183 1081 3210 1118 a
3255 1063 3418 1131 main,
3475 1071 3531 1116 et
3587 1060 3783 1114 deinde

2191 1163 2423 1234 impiger
2452 1161 2616 1217 facito
2642 1162 2844 1218 bonum
2878 1157 3052 1229 (Psal.
3082 1171 3274 1222 xxxvr,
3310 1154 3380 1208 27
3402 1155 3442 1225 ).

2265 1257 2429 1312 Vens.
2471 1254 2562 1310 20.
2600 1283 2670 1298 -—
2713 1253 3076 1323 Prcecepitque
3123 1250 3340 1304 Pharao
3387 1263 3548 1316 super
3595 1246 3792 1298 Abram

2195 1354 2353 1416 uiris,
2401 1360 2450 1404 et
2485 1350 2815 1406 deduxerunt
2842 1362 2962 1400 eum
3020 1355 3067 1400 et
3097 1358 3314 1398 uxorem
3364 1342 3502 1411 ejus,
3525 1349 3574 1394 et
3617 1337 3794 1392 omnia

2193 1461 2311 1512 qum
2353 1442 2591 1498 habebat.
2625 1473 2695 1483 —
2732 1441 2893 1513 (Car.
2959 1454 3080 1493 xm.
3123 1436 3283 1492 Vens.
3318 1435 3398 1507 1.)
3451 1433 3797 1502 Ascenditque

2198 1535 2402 1590 Abram
2431 1551 2496 1588 est
2533 1531 2760 1604 Egypto,
2800 1531 2910 1601 ipse
2934 1537 2982 1584 et
3021 1544 3156 1582 uxor
3183 1528 3324 1598 ejus,
3357 1534 3404 1580 et
3453 1523 3631 1578 omnia
3679 1537 3797 1591 qua:

2194 1627 2437 1690 habebat,
2470 1636 2516 1682 et
2553 1624 2684 1680 Loth
2718 1639 2836 1678 cum
2865 1639 2925 1678 eo
2961 1622 3029 1676 ad
3062 1619 3348 1674 australem
3392 1615 3622 1685 plagam.
3657 1610 3800 1664 Plia-

2197 1739 2291 1782 rao
2340 1738 2498 1792 super
2547 1720 2744 1776 Abram
2793 1720 2916 1776 uiris
2974 1713 3241 1787 praecipit,
3295 1728 3416 1768 cum
3467 1709 3563 1765 Dei
3605 1717 3803 1762 timore

2200 1824 2560 1886 compunctus
2611 1811 2850 1870 carnalis
2924 1806 3200 1880 appetitus
3257 1802 3510 1862 virilibus
3572 1796 3802 1854 rationis

2201 1908 2452 1966 sensibus
2484 1906 2870 1962 auctoritatem
2914 1901 3147 1972 propria:
3186 1892 3562 1969 opitulationis
3609 1888 3803 1958 adjun-

2199 2004 2309 2072 gil;
2344 2001 2615 2058 deducunt
2645 2012 2789 2061 eum,
2839 2005 2888 2050 et
2941 2009 3177 2056 uxorem,
3210 2002 3264 2046 et
3289 2003 3408 2059 qua:
3451 1985 3641 2050 habet,
3680 1994 3805 2040 cum

2201 2094 2268 2148 ad
2301 2089 2689 2161 expediendam
2743 2083 3290 2146 intellectualitatem,
3335 2075 3804 2147 subjungendam-

2201 2201 2307 2256 que
2360 2181 2658 2238 intellectui
2727 2179 3082 2244 voluntatem,
3131 2183 3188 2230 et
3267 2171 3543 2228 residuam
3609 2166 3807 2224 anima

2200 2276 2524 2341 bonitatem,
2583 2272 2846 2344 quidquid
2896 2279 2980 2325 est
3013 2267 3213 2324 virium
3254 2264 3356 2321 sibi
3401 2263 3620 2318 animus
3650 2258 3806 2312 exhi-

2201 2371 2339 2426 bet:
2381 2367 2616 2421 ascendit
2658 2366 2850 2418 Abram
2889 2378 3012 2417 cum
3070 2360 3203 2425 suis,
3237 2371 3429 2422 uxore,
3471 2364 3528 2412 et
3567 2353 3710 2410 Loth
3737 2367 3807 2408 ex

2204 2461 2457 2532 JEgypto,
2488 2474 2611 2514 cum
2639 2457 2863 2527 spiritus
2891 2463 3078 2510 noster
3108 2453 3341 2521 emigrat
3366 2465 3398 2504 a
3423 2445 3614 2504 mundi
3641 2443 3805 2512 huius

2205 2553 2498 2616 desiderio,
2541 2560 2594 2605 et
2649 2549 2928 2604 voluntate
2971 2563 3036 2602 ac
3099 2545 3294 2600 all‘ectu
3347 2557 3445 2598 suo
3484 2555 3516 2594 a
3571 2536 3810 2609 pristina

2207 2645 2572 2708 declinatione
2626 2652 2874 2698 correcto
2938 2640 3005 2694 ad
3059 2636 3347 2694 australem
3387 2631 3644 2690 concedit
3683 2646 3809 2699 par-

2208 2751 2330 2804 tem,
2390 2738 2455 2794 ad
2510 2736 2810 2808 spiritualis
2855 2735 3064 2790 scilicet
3107 2731 3232 2788 vitae
3281 2730 3575 2786 fervorem.
3612 2723 3811 2793 Surge,

2210 2832 2408 2902 inquit,
2435 2830 2638 2902 aquilo,
2663 2839 2708 2883 et
2743 2829 2882 2893 veni,
2911 2836 3092 2882 auster
3123 2823 3288 2896 (Con.
3325 2838 3398 2887 tv,
3445 2819 3567 2890 16).

2283 2923 2448 2979 Vens.
2490 2924 2546 2977 2.
2595 2953 2664 2962 -
2706 2918 2840 2974 Erat
2890 2929 3066 2974 autem
3106 2917 3246 2972 dives
3299 2913 3448 2978 valde
3493 2913 3547 2968 in
3601 2926 3813 2982 posses-

2211 3017 2356 3071 sione
2395 3014 2596 3086 argenti
2633 3023 2681 3067 et
2725 3011 2866 3066 auri.
2913 3009 3208 3079 Postquam
3257 3024 3287 3061 a
3323 3004 3534 3076 peccati
3590 3012 3812 3072 torpore

2215 3109 2282 3164 ad
2310 3105 2638 3163 ardentioris
2680 3103 2843 3160 studii
2876 3102 3125 3158 instituta
3149 3098 3551 3170 consurgimus,
3586 3101 3814 3166 argento

2215 3201 2458 3256 scicntia:
2515 3199 2770 3264 ditamur,
2827 3196 2952 3267 quia
3023 3193 3412 3251 discretionem
3494 3189 3812 3260 spirituum,

2214 3292 2580 3362 vitiorumque
2602 3301 2846 3356 naturas,
2875 3288 3127 3342 humana:
3169 3287 3336 3340 etiam
3380 3280 3813 3346 conversationis

2214 3388 2394 3442 varios
2436 3395 2612 3442 status
2666 3395 2818 3440 tanto
2855 3383 3018 3438 altius
3060 3380 3463 3454 cognoscimus,
3515 3383 3722 3448 quanto
3757 3384 3811 3430 et

2214 3480 2330 3534 haec
2377 3476 2667 3549 aliquando
2713 3476 2884 3547 passi,
2941 3474 3051 3546 jam
3105 3489 3250 3528 nunc
3300 3474 3409 3528 Deo
3447 3469 3674 3540 iuvante
3714 3482 3816 3522 nos

2213 3571 2454 3628 evasisse
2501 3571 2827 3640 gaudemus;
2885 3584 3018 3624 auro
3070 3565 3348 3638 sapientiae
3389 3562 3814 3634 iocupletamur,

2214 3681 2337 3722 cum
2360 3664 2471 3733 jam
2499 3663 2598 3717 Dei
2640 3661 3100 3732 contemplatione
3139 3660 3426 3724 satiamur,
3457 3665 3512 3712 et
3543 3656 3816 3710 virtutum

2214 3771 2312 3812 seu
2359 3753 2726 3825 quorumlibet
2773 3752 3158 3824 mysteriorum
3217 3747 3572 3818 intelligentia
3624 3744 3816 3814 perlu-

2213 3857 2476 3904 stramur.
2507 3845 2696 3899 Potest
2749 3852 2804 3896 et
2832 3843 3097 3912 sapientia
3143 3841 3209 3895 ad
3244 3839 3516 3911 religionis
3536 3836 3816 3892 excellen-

2214 3942 2372 4004 tiam,
2415 3938 2643 3993 scientia
2697 3950 2827 3991 vero
2877 3935 3050 4008 accipi
3096 3934 3395 3990 secundum
3454 3928 3814 3988 ecclesiastici

2214 4031 2528 4088 documenti
2561 4028 2937 4099 sagacitatem.

2284 4123 2450 4180 Vens.
2479 4122 2533 4188 5,
2559 4122 2613 4177 4.
2631 4120 3072 4190 —Reversusque
3094 4129 3167 4174 est
3195 4136 3284 4189 per
3307 4121 3425 4185 iter,
3453 4135 3556 4189 quo
3583 4124 3813 4181 venerat,

2214 4233 2245 4269 a
2273 4214 2492 4268 meridie
2521 4215 2574 4267 in
2617 4212 2821 4278 Bethel,
2856 4228 3017 4284 usque
3039 4212 3108 4266 ad
3139 4211 3310 4264 locant
3339 4210 3426 4264 ubi
3449 4209 3596 4278 prius
3621 4208 3815 4277 ﬁxerat

2212 4307 2612 4364 tabernaculum
2663 4309 2798 4362 inter
2849 4305 3028 4361 Betltel
3083 4314 3130 4359 et
3183 4302 3327 4358 Hai:
3373 4304 3426 4357 in
3470 4302 3584 4356 loco
3628 4301 3816 4356 altaris

2211 4401 2350 4472 quod
2381 4399 2573 4469 fecerat
2601 4401 2768 4470 prius,
2804 4409 2852 4454 et
2900 4398 3153 4452 invocavit
3188 4397 3259 4452 ibi
3283 4411 3474 4452 nomen
3503 4393 3742 4450 Domini.
3773 4393 3816 4446 Α

2210 4495 2430 4549 meridie
2454 4495 2507 4548 in
2537 4493 2714 4548 Betltel
2752 4494 3020 4559 venimus,
3045 4507 3168 4549 cum
3216 4507 3246 4545 a
3271 4491 3453 4547 calore
3504 4491 3647 4546 bene
3687 4501 3818 4558 ope-

509 4587 848 4642 Ρθιαναοηθηι
883 4585 1054 4656 ριαςιίε
1081 4585 1347 4649 maxim“:
1397 4593 1446 4638 ετ
1477 4583 1690 4638 domum
1731 4590 1866 4652 eius.
1894 4593 2107 4652 propter
2143 4621 2192 4676 Ι)
2215 4588 2386 4644 rantis
2423 4588 2546 4643 ﬁdei
2574 4588 2641 4643 ad
2675 4587 2850 4643 solum
2879 4586 3070 4642 domus
3103 4584 3218 4654 Dei,
3269 4586 3414 4656 quod
3473 4591 3557 4638 est
3599 4579 3820 4644 Betth-

511 4680 676 4737 Sarai
709 4695 924 4734 uxorem
950 4679 1168 4733 Abram.
1205 4677 1526 4748 Vocavitque
1559 4677 1776 4732 Pharao
1799 4677 2021 4742 Abram,
2056 4688 2108 4732 et

510 4775 646 4830 dixit
676 4773 762 4830 ei:
814 4773 1082 4839 Quidnam
1114 4781 1190 4827 est
1213 4771 1354 4844 quod
1385 4771 1557 4842 fecisti
1603 4771 1734 4824 mihi
1759 4771 1782 4826 ?
1817 4788 1980 4841 quare
2005 4789 2107 4827 non

508 4867 762 4924 iudicasti
823 4868 962 4937 quod
1002 4882 1139 4921 uxor
1190 4875 1280 4919 tua
1342 4863 1524 4918 esset?
1577 4861 1736 4918 Nunc
1785 4865 1946 4934 igitur
1993 4883 2108 4920 ecce

510 4964 709 5034 conjua:
729 4971 844 5028 tua,
877 4963 1056 5031 accipe
1077 4975 1216 5024 eam,
1242 4967 1290 5012 et
1312 4957 1461 5011 uade.
1487 4954 1824 5011 Pharaonem
1847 4955 2107 5013 Dominus

509 5056 767 5130 ﬂagellat,
821 5056 949 5111 dmn
987 5051 1312 5123 quandoque
1363 5065 1394 5105 a
1440 5064 1664 5105 suarum
1694 5048 1889 5105 effectu
1928 5050 2108 5106 libidi-

511 5167 641 5206 num
675 5158 982 5220 torpentem
1011 5143 1264 5199 aﬁ'ectum
1303 5141 1652 5213 praesentium
1689 5141 2108 5214 futurorumque

511 5243 782 5299 malorum
816 5241 958 5296 Deus
984 5235 1428 5295 consideratione
1456 5237 1746 5292 exterritat
1778 5255 1790 5291 :
1821 5240 1939 5308 ejus
1978 5254 2105 5309 per-

513 5336 650 5394 cutit
678 5337 918 5399 domum,
951 5335 1077 5390 dum
1125 5331 1440 5401 temporalis
1485 5330 1679 5386 timore
1723 5331 1966 5400 ultionis,
2022 5333 2107 5389 vel

513 5430 702 5487 ater-ni
721 5427 936 5501 judicii,
965 5424 1348 5498 perseverandi
1380 5425 1435 5480 in
1458 5424 1600 5480 malo
1615 5424 1724 5498 56
1739 5441 1899 5496 quem
1912 5442 2108 5499 propo-

515 5533 702 5580 suerat
721 5521 953 5578 destruit
983 5517 1317 5589 appetitum;
1350 5526 1405 5573 et
1430 5518 1533 5574 hoc
1559 5519 1619 5573 lit
1655 5529 1868 5590 propter
1886 5537 2106 5576 uxorem

511 5615 714 5670 Abram
752 5613 918 5672 Sarai
963 5610 1174 5670 scilicet
1213 5608 1388 5664 donec
1417 5609 1669 5667 voluntas
1697 5614 1854 5682 quasi
1890 5615 2106 5688 conjugi

510 5710 734 5780 proprio
779 5709 1042 5764 reddatur
1093 5703 1330 5758 rationi:
1384 5714 1543 5761 vocat
1613 5705 1830 5763 Pharao
1883 5709 2104 5776 Abram,

514 5805 736 5874 quando
763 5801 1121 5873 aﬂectusjam
1154 5797 1374 5854 humilis
1415 5799 1518 5854 sibi
1552 5801 1785 5870 applicat
1811 5805 2102 5861 rationem.

516 5897 645 5971 Cur,
675 5900 870 5974 inquit,
904 5915 940 5958 ο
984 5891 1364 5954 intellectualis
1416 5909 1644 5953 censura
1669 5895 1884 5968 judicii,
1917 5899 2108 5956 volun-

2218 4681 2469 4738 decorem
2501 4678 2855 4750 diligendum,
2897 4676 3402 4748 exquirendumque
3438 4673 3764 4742 attingimus
3797 4688 3810 4724 :

2216 4773 2408 4830 domus
2438 4780 2619 4826 autem
2652 4771 2770 4837 Dei,
2800 4780 2892 4826 aut
2920 4785 3073 4827 mens
3117 4779 3331 4836 nostra,
3364 4777 3458 4822 aut
3498 4767 3591 4822 illa
3618 4765 3815 4822 intelli-

2215 4865 2380 4938 gitur,
2438 4865 2490 4918 in
2537 4878 2642 4933 qua
2689 4863 2872 4918 multre
2925 4878 3046 4919 esse
3099 4862 3415 4920 mansiones
3461 4843 3814 4932 perhibentur

2216 4962 2401 5034 (Joan.
2436 4976 2549 5028 xrv,
2580 4961 2658 5032 2).
2699 4959 2871 5017 Porro
2908 4975 3004 5033 per
3049 4961 3192 5016 idem
3251 4961 3354 5016 iter
3402 4973 3510 5031 quo
3539 4955 3810 5020 venimus,

2215 5057 2282 5110 de
2331 5052 2569 5126 IEgypto
2618 5055 2965 5122 revertimur,
3016 5069 3138 5109 eum
3188 5069 3284 5125 per
3327 5051 3518 5107 eadem
3549 5049 3818 5104 virtutum

2215 5145 2497 5212 exercitia,
2545 5160 2574 5199 a
2617 5145 2813 5217 quibus
2842 5143 3162 5201 deﬂuximus
3216 5145 3269 5198 in
3300 5142 3538 5213 cuipam,
3565 5136 3810 5208 regredi-

2214 5255 2338 5295 mur
2367 5240 2420 5294 in
2448 5241 2702 5312 gratiam,
2736 5241 2944 5296 scilicet
2968 5255 3139 5311 usque
3169 5239 3237 5294 ad
3267 5239 3448 5295 locum
3476 5237 3574 5294 ubi
3604 5235 3803 5292 ﬁxera—

2214 5349 2337 5389 mus
2362 5332 2793 5401 tabernaculum,
2828 5334 2882 5389 id
2918 5342 3004 5390 est
3027 5349 3198 5404 usque
3228 5332 3296 5387 ad
3328 5333 3562 5390 sincerae
3593 5329 3810 5388 humilb

2215 5429 2344 5485 tatis
2373 5430 2756 5496 stabilitatem,
2799 5445 2920 5500 qua:
2952 5440 3264 5486 sanctarum
3293 5429 3553 5486 mentium
3592 5429 3646 5483 in
3674 5440 3820 5502 prte-

2214 5522 2354 5578 senti
2383 5523 2533 5580 locus
2559 5534 2663 5590 est,
2706 5523 2848 5578 sicut
2877 5540 3168 5593 pravarum
3219 5524 3497 5594 superbia,
3528 5523 3620 5580 ubi
3649 5520 3810 5594 spiri-

2215 5617 2416 5672 tualcm
2455 5634 2553 5674 nos
2607 5626 2849 5686 acturos,
2886 5617 3013 5674 dum
3060 5619 3283 5691 spiritus
3324 5620 3422 5674 hos
3463 5618 3604 5689 regit
3631 5628 3826 5683 artus,-

2215 5714 2607 5783 spopondimus
2658 5713 2930 5782 militiam,
2980 5714 3034 5769 in
3069 5713 3188 5770 loco
3219 5713 3432 5780 altaris,
3476 5711 3620 5782 quod
3669 5711 3810 5764 inter

2213 5805 2401 5860 Betth
2438 5815 2491 5860 et
2517 5805 2615 5860 Hai
2641 5807 2790 5877 prius
2814 5807 3063 5871 fecimus,
3103 5807 3158 5862 in
3189 5806 3298 5863 ﬁde
3321 5804 3576 5860 videlicet
3597 5801 3810 5860 Christi

2217 5906 2387 5953 totum
2421 5900 2522 5956 hoc
2552 5908 2791 5970 agentes,
2825 5901 2879 5957 in
2929 5915 3036 5972 quo
3065 5903 3222 5974 quasi
3262 5902 3618 5960 fundamento
3655 5913 3808 5974 spem
3905 5913 3914 5920 '
