4062 6354
210 448 329 504 tu

1350 431 1715 493 MORALIUM
1754 430 1821 488 IN
1856 407 2153 487 causam
2192 430 2320 486 ue.
2356 431 2439 485 IV.

3410 434 3511 493 H8
3562 460 3567 463 -

209 565 499 621 bonorum
562 568 872 618 nostrorum
930 555 1141 629 praemii
1196 553 1302 610 ﬁxe
1353 553 1675 618 locavimus,
1709 551 1826 605 sine
1854 551 1907 611 Α
1939 558 2120 603 utrum
2157 548 2419 613 invidere,
2450 548 2817 605 subversionis
2850 548 3001 607 dolos
3028 550 3343 619 obtendere,
3393 567 3512 623 quae

211 672 340 730 qua
378 668 633 725 tanquam
688 653 845 709 altari
874 666 980 707 non
1012 649 1313 706 offerimus.
1346 647 1493 702 Hinc
1526 644 1735 711 Bethel,
1769 645 1822 699 id

212 762 313 808 est
368 747 773 821 supercmlestis
811 746 1004 801 domus
1045 742 1160 806 Dei,
1193 739 1651 811 contemplatione
1692 754 1827 809 gau-

214 844 446 905 dentes,
483 830 630 896 illinc
655 838 849 911 gaudia
881 836 1003 901 Hai,
1038 836 1091 890 id
1135 843 1212 891 est
1248 844 1502 889 tartareae
1549 832 1826 889 confusio-

212 937 338 1003 nis,
377 936 576 990 intuitu
607 934 980 994 moderantes,
1011 929 1200 999 sicque
1228 927 1387 984 nobis
1412 943 1615 983 nomen,
1643 929 1824 984 Domi-

216 1031 309 1095 ni,
336 1029 483 1098 quod
520 1034 606 1083 est
630 1024 812 1090 Jesus,
842 1024 894 1078 id
922 1032 1006 1078 est
1032 1020 1306 1088 Salvator,
1333 1020 1667 1077 invocantes.

299 1161 469 1217 Vens.
495 1162 548 1229 5,
576 1161 629 1227 6,
654 1162 706 1215 7.
735 1190 806 1202 —
832 1159 935 1216 Sed
955 1169 1003 1215 et
1018 1159 1174 1227 Loth,
1203 1159 1293 1230 qui
1321 1166 1433 1213 erat
1452 1173 1570 1211 cum
1602 1156 1823 1222 Abram,

215 1256 447 1326 fuerunt
472 1270 649 1325 greges
676 1257 868 1322 ovium,
893 1264 943 1308 et
969 1263 1228 1321 armenta,
1253 1262 1299 1307 et
1320 1248 1683 1306 tabernacula.
1709 1246 1824 1302 Nec

216 1357 435 1418 poterat
469 1363 555 1401 eos
584 1363 767 1414 capere
798 1354 977 1411 terra,
1026 1355 1081 1399 ut
1125 1346 1421 1398 habitarent
1469 1342 1649 1397 simul.
1690 1338 1825 1395 Erat

217 1440 423 1510 quippe
450 1442 741 1494 substantia
769 1455 952 1494 eorum
986 1438 1175 1505 multa,
1215 1446 1263 1492 et
1294 1454 1397 1491 non
1429 1436 1646 1506 quibant
1676 1434 1824 1488 habi-

219 1540 346 1586 tare
368 1534 729 1588 communiter.
761 1532 912 1589 Unde
940 1543 986 1588 et
1010 1533 1155 1603 facta
1184 1542 1261 1587 est
1287 1532 1406 1586 rixa
1428 1532 1565 1585 inter
1587 1539 1823 1602 pastores

214 1642 447 1697 gregum
473 1626 668 1681 Abram
695 1637 743 1681 et
781 1627 933 1682 Loth.
968 1626 1126 1691 Loth,
1165 1625 1217 1680 id
1249 1634 1334 1681 est
1363 1624 1580 1701 aﬂ'ectui
1611 1632 1823 1689 nostro,

215 1718 471 1787 quandiu
516 1719 713 1774 rationi
750 1721 904 1789 quasi
945 1719 1149 1775 Abram
1183 1719 1432 1783 inhaeret,
1471 1734 1652 1789 greges
1697 1724 1825 1772 sunt

211 1812 425 1876 ovium,
498 1812 861 1868 numerositas
894 1814 1151 1869 videlicet
1188 1811 1516 1884 simplicium
1543 1810 1612 1865 ad
1658 1823 1738 1874 se,
1768 1816 1826 1864 et

1929 641 2211 697 dementire
2238 641 2590 696 extremitas?
2630 642 2767 699 Ecce
2793 644 3036 699 universa
3071 654 3210 699 terra
3256 660 3435 698 coram
3465 656 3514 700 te

1927 748 2022 805 est,
2055 737 2109 792 id
2140 745 2224 791 est
2261 736 2529 791 universae
2569 738 2902 793 terrenitatis
2932 738 3201 809 appetitus
3242 738 3296 793 in
3332 753 3516 808 prom-

1926 842 2019 905 ptu
2052 841 2163 900 est;
2197 832 2241 887 si
2273 841 2330 886 tu
2366 831 2742 886 sinistrorsum
2776 846 2875 901 per
2905 830 3231 903 ﬂagitiorum
3271 846 3514 888 convexa

1926 926 2294 1000 processeris;
2327 926 2589 980 virtutum
2622 925 2959 990 modestiam,
2995 926 3141 998 quod
3178 935 3261 982 est
3297 928 3509 995 dextra;

1927 1029 1986 1074 ut
2037 1019 2141 1074 dici
2190 1019 2349 1085 solet,
2388 1026 2567 1074 rostro
2610 1028 2663 1073 et
2713 1019 2985 1088 unguibus
3040 1035 3128 1075 me
3166 1019 3513 1076 defensuram

1926 1114 2180 1169 noveris?
2210 1113 2354 1183 quod
2387 1114 2432 1168 si
2483 1114 2549 1169 de
2593 1114 2709 1184 ipsa
2742 1114 2997 1177 dexterae,
3047 1113 3253 1169 scilicet
3297 1115 3515 1171 virtutis

1925 1208 2191 1273 custodia,
2210 1223 2303 1278 per
2323 1206 2573 1262 elationis
2602 1208 2858 1277 impetum
2882 1222 2969 1262 me
2991 1215 3201 1261 tentare
3219 1208 3519 1280 delegeris‘!

1926 1316 2025 1373 ego
2053 1301 2121 1354 ad
2164 1302 2433 1354 sinistram
2473 1310 2822 1369 peccatorum
2853 1314 2883 1354 a
2919 1314 3004 1354 me
3040 1299 3168 1354 olim
3199 1303 3517 1357 commisso-

1927 1412 2047 1450 rum
2076 1395 2271 1449 intuitu
2303 1395 2485 1450 cordis
2513 1410 2766 1466 pergens,
2790 1404 3087 1465 conceptos
3111 1393 3316 1449 reﬂabo
3340 1402 3515 1451 tumo-

1927 1505 2015 1546 res
2043 1490 2229 1545 aculeo
2253 1488 2617 1545 discretionis.

2002 1626 2160 1681 VERS.
2201 1625 2288 1680 10.
2310 1656 2379 1667 --
2404 1625 2637 1681 Elevatis
2665 1627 2843 1693 itaque
2874 1624 3003 1680 Loth
3041 1624 3207 1680 oculis
3240 1625 3368 1679 vidit
3393 1641 3511 1679 om-

1927 1735 2044 1775 nem
2074 1718 2217 1774 circa
2244 1734 2300 1774 se
2330 1719 2594 1788 regionem
2626 1717 2903 1781 Jordanis,
2929 1733 3046 1787 σιω
3096 1718 3340 1772 universa
3388 1716 3519 1770 irriv

1925 1814 2170 1885 gabatur,
2218 1822 2499 1884 antequam
2559 1811 2872 1867 subverteret
2934 1810 3076 1866 Deus
3132 1808 3418 1865 Sodomam
3466 1816 3519 1863 et

211 1902 593 1959 beneﬁcarnm
666 1905 733 1961 ad
800 1905 933 1961 alios
990 1908 1414 1978 cogitationum;
1499 1920 1607 1960 non
1674 1902 1821 1959 enim
1853 1933 1899 1993 Β
1928 1902 2300 1969 Gomorrham,
2350 1905 2486 1959 sicut
2518 1904 2803 1972 paradisus
2845 1902 3055 1957 Domini
3101 1912 3149 1957 et
3180 1903 3314 1957 sicut
3340 1900 3516 1971 Egy‘

216 1996 393 2050 modo
422 1996 549 2061 sibi,
594 1998 689 2052 sed
739 2007 795 2053 et
839 1999 962 2053 aliis
1018 2000 1216 2055 vellera
1270 2000 1454 2054 ferunt
1492 2012 1652 2062 oves;
1698 2004 1826 2051 sunt

214 2093 489 2153 armenta,
522 2088 682 2143 fortia
710 2091 918 2145 scilicet
941 2092 1201 2145 virtutum
1228 2107 1427 2161 opera;
1454 2092 1650 2145 adsunt
1671 2090 1823 2145 deni~

223 2188 338 2244 que
389 2176 753 2245 tabernacula,
800 2179 927 2231 dum
984 2179 1163 2234 sciens
1205 2180 1294 2234 hic
1352 2195 1410 2234 se
1459 2195 1567 2234 non
1620 2181 1826 2234 habere

221 2276 541 2325 ntanentem
572 2268 847 2325 civitatem
876 2268 1074 2341 (Hebr.
1106 2286 1226 2337 xm,
1259 2269 1371 2341 14),
1406 2271 1609 2342 cogitat
1645 2270 1699 2324 in
1722 2270 1828 2324 hoc

224 2358 434 2414 saeculo
458 2374 519 2415 se
547 2363 755 2416 versari
788 2376 852 2416 ac
883 2362 927 2416 si
965 2362 1019 2416 in
1051 2363 1286 2432 quadam
1327 2372 1631 2418 castrorum
1679 2361 1825 2416 mili-

224 2449 336 2516 tia;
384 2461 510 2507 sunt
555 2468 790 2524 namque
833 2452 1181 2510 militantium
1217 2455 1304 2510 vel
1353 2456 1823 2526 peregrinantium

224 2544 578 2601 tabernacula
607 2563 622 2606 ;
655 2561 758 2601 non
787 2555 962 2616 potest
995 2556 1173 2603 tamen
1203 2562 1299 2603 eos
1326 2555 1470 2602 terra
1516 2561 1732 2617 capere,
1763 2553 1825 2601 ut

228 2636 401 2690 simul
434 2638 705 2703 habitent,
742 2639 867 2708 quia
902 2641 1213 2706 terrenitas,
1245 2656 1365 2710 quae
1395 2650 1657 2711 aggravat
1700 2640 1824 2695 ani-

227 2742 375 2781 mam
427 2727 587 2798 (Sap.
644 2746 719 2797 ix,
775 2728 897 2803 15),
953 2747 1058 2786 non
1120 2732 1325 2802 patitur
1372 2731 1823 2788 intellectualitati

229 2817 681 2889 irrel‘ragabiliter
727 2836 792 2876 ac
843 2821 1117 2877 individue
1145 2824 1381 2893 quandiu
1428 2824 1479 2878 in
1526 2825 1629 2879 hac
1658 2838 1824 2878 carne

230 2911 445 2981 agimus
475 2914 772 2982 appetitum
818 2915 1131 2970 consentire
1163 2916 1439 2971 carnalem
1469 2934 1483 2969 :
1518 2915 1655 2970 Caro
1683 2918 1824 2969 enim

230 3006 550 3075 concupiscit
603 3009 849 3063 adversus
896 3011 1158 3080 spiritum,
1200 3021 1247 3064 et
1299 3012 1515 3081 spiritus
1573 3012 1825 3065 adversus

231 3111 442 3150 carnem
499 3096 643 3170 (Gal.
697 3118 750 3167 v,
802 3103 911 3172 Π).
965 3101 1101 3157 Nam
1131 3102 1453 3165 substantia,
1504 3103 1664 3159 idest
1709 3118 1827 3158 mo-

234 3193 405 3252 tuum,
439 3190 527 3257 qui
574 3193 740 3246 menti
796 3209 893 3247 ure
948 3193 1215 3260 substant,
1270 3195 1583 3250 inﬁmorum
1621 3197 1826 3250 discre-

1926 2009 2045 2071 plus
2078 1998 2401 2053 venientibus
2430 2000 2484 2052 in
2532 1997 2722 2068 Segor.
2762 1996 2896 2051 Loth
2942 1996 3130 2053 oculos
3166 1994 3351 2066 erigit,
3391 2008 3517 2049 cum

1928 2088 2164 2144 carnalis
2186 2090 2455 2157 appetitus
2487 2104 2552 2142 ex
2578 2088 2696 2158 ipsa
2731 2103 2913 2142 rerum
2942 2086 3297 2143 mundialium
3318 2084 3519 2154 cupida

1927 2180 2372 2235 consideratione
2430 2181 2712 2250 superbit;
2764 2179 2915 2233 videt
2957 2194 3063 2234 non
3110 2177 3424 2241 Iordanem,
3458 2176 3513 2229 id

1928 2282 2013 2329 est
2047 2271 2369 2328 descensum
2393 2287 2606 2337 eorum,
2636 2270 2847 2325 scilicet
2873 2256 3204 2339 iniquorum,
3262 2283 3368 2337 quo
3418 2280 3518 2337 per

1928 2380 2171 2420 amorem
2229 2364 2518 2419 visibilium
2560 2370 2615 2418 in
2662 2362 2987 2418 invisibilem
3034 2361 3291 2417 labuntur
3343 2361 3516 2415 inter-

1928 2460 2099 2524 itum,
2130 2457 2223 2514 sed
2266 2474 2469 2512 omnem
2518 2473 2637 2528 qua:
2691 2458 2833 2511 circa
2895 2464 2979 2511 est
3021 2457 3301 2526 regionem,
3344 2453 3399 2508 id
3434 2462 3517 2508 est
3601 2520 3617 2532 .

1928 2552 2101 2624 ipsius
2131 2551 2341 2622 peccati
2368 2549 2859 2616 circumstantiam,
2895 2545 3077 2604 saeculi
3105 2546 3313 2602 scilicet
3357 2543 3518 2615 hujus

1923 2643 2355 2714 jucunditalem;
2397 2643 2693 2698 descensus
2740 2655 2872 2697 sane
2915 2647 3201 2710 peccatum
3232 2646 3335 2703 est,
3369 2637 3519 2708 regio

1929 2739 2075 2794 circa
2122 2739 2463 2804 descensum,
2498 2734 2670 2808 gloria
2720 2732 3057 2805 temporalis.
3104 2730 3230 2786 Haec
3275 2729 3517 2784 universa

1928 2831 2186 2905 irrigatur
2214 2833 2290 2887 uti
2320 2832 2604 2903 paradisus
2642 2830 2759 2896 Dei,
2790 2830 2918 2901 quia
2946 2827 3108 2883 fallax
3147 2826 3311 2881 animi
3365 2825 3518 2896 cupi-

1928 2926 2073 2983 ditas
2130 2927 2196 2981 ad
2228 2925 2486 2981 utendum
2535 2924 2694 2981 bonis
2737 2920 3071 2978 transitoriis
3113 2920 3230 2975 sine
3268 2918 3377 2973 ullo
3414 2918 3521 2971 crio

1929 3019 2093 3075 minis
2139 3018 2356 3073 incursu
2406 3012 2671 3088 conﬁngit
2721 3015 2825 3070 sibi
2873 3014 3053 3069 inesse
3087 3012 3315 3083 gratiam
3347 3011 3519 3065 bene-

1930 3110 2107 3175 statis,
2142 3117 2196 3164 et
2227 3109 2333 3175 bis,
2358 3124 2479 3179 quae
2504 3107 2659 3177 quasi
2690 3107 2937 3176 quietiam
2967 3112 3097 3159 sunt
3139 3101 3423 3174 paradisus
3451 3100 3520 3156 ob

1932 3203 2159 3257 nimiam
2188 3202 2268 3257 sui
2300 3202 2536 3272 speciem
2566 3196 2660 3253 Dei
2694 3214 2857 3252 manu
2898 3194 3131 3257 consita,
3177 3192 3323 3248 licite
3366 3206 3520 3246 men—

234 3278 436 3346 palilia,
469 3294 573 3333 non
612 3277 718 3334 fert
763 3296 960 3352 corpus
990 3294 1045 3339 et
1097 3285 1350 3354 spiritum
1384 3300 1605 3354 semper
1632 3286 1687 3338 in
1728 3286 1826 3340 Dei
1856 3286 1902 3347 ε
1938 3304 2083 3358 tem,
2140 3304 2193 3349 et
2255 3310 2409 3347 usum
2476 3292 2675 3346 debere
2732 3288 2987 3353 attribui;
3045 3287 3161 3341 haec
3222 3282 3522 3339 honestatis

238 3370 437 3436 placito
482 3372 686 3427 sentire
715 3376 1059 3441 communia;
1101 3378 1229 3433 hinc
1256 3392 1386 3448 ergo
1414 3379 1473 3431 lit
1515 3379 1830 3434 indesinens

238 3459 380 3513 inter
426 3471 673 3530 pastores
729 3474 1086 3537 utrorumque
1140 3482 1362 3539 gregum
1410 3468 1551 3535 rixa,
1611 3469 1738 3523 dum
1777 3479 1831 3524 et

238 3548 495 3621 cogitatio
526 3554 864 3611 rationabilis
907 3571 1007 3626 per
1031 3558 1246 3614 virtutis
1271 3560 1419 3629 pasci
1450 3561 1599 3629 cupit
1626 3562 1826 3627 studia,

237 3649 329 3695 aut
365 3656 462 3711 per
489 3658 661 3701 sacrm
684 3645 895 3715 paginae
922 3647 1095 3715 dicta;
1125 3650 1363 3703 carnalis
1386 3666 1516 3706 vero
1542 3652 1826 3722 temporali

236 3734 517 3801 saginatur
539 3735 741 3806 gloria:
772 3749 1003 3809 pascunt
1038 3742 1333 3799 rationales
1364 3752 1541 3800 motus
1574 3746 1830 3817 lacrynue

236 3827 547 3897 corporales
577 3843 810 3901 quaeque
852 3832 1212 3902 joculatoria;
1252 3836 1417 3892 multa
1467 3837 1633 3908 igitur
1685 3839 1829 3894 inter

240 3928 493 3990 utrosque
527 3922 798 3979 discordia
828 3945 841 3979 :
888 3924 1152 3994 Fuerunt,
1187 3912 1389 3999 inquit,
1421 3931 1550 3984 mihi
1577 3930 1827 4002 lacryma:

242 4029 363 4067 mete
394 4031 554 4083 panes
585 4014 761 4087 (Psal.
796 4020 911 4087 x'LI,
941 4020 1030 4092 4).

310 4152 469 4212 Vens.
484 4158 541 4223 8,
564 4158 796 4215 9.—Eo
819 4172 991 4217 autem
1017 4173 1243 4236 tempore
1258 4163 1674 4233 Chananteus,et
1691 4166 1827 4224 Phe-

243 4266 432 4306 rezteus
463 4252 773 4310 habitabant
814 4258 869 4311 in
897 4269 1036 4315 terra
1072 4259 1188 4315 illa.
1214 4260 1356 4315 Dicit
1385 4278 1506 4333 ergo
1536 4263 1731 4317 Abram
1759 4264 1827 4318 ad

244 4341 402 4398 Loth:
428 4344 526 4413 Ne,
554 4364 758 4419 quwso,
780 4350 1096 4422 sitjurgiunt
1122 4354 1257 4407 inter
1282 4369 1362 4408 me
1391 4364 1437 4407 et
1461 4362 1526 4417 te,
1566 4352 1670 4425 57
1692 4355 1829 4409 inter

246 4447 472 4494 castores
509 4452 732 4509 meos,et
770 4452 1142 4514 tuos;,]ratres
1166 4447 1301 4500 enim
1330 4464 1532 4501 sumus.
1552 4445 1687 4502 Ecce
1711 4449 1829 4503 uni-

249 4546 388 4585 versa
416 4543 555 4588 terra
604 4553 784 4592 coram
829 4548 917 4594 te:
959 4541 1005 4594 si
1044 4550 1099 4594 tu
1136 4541 1203 4593 ad
1229 4541 1501 4595 sinistram
1547 4543 1690 4605 ieris,
1738 4559 1829 4613 ego

1934 3386 2133 3441 ﬁducia
2162 3384 2281 3438 fons
2312 3384 2400 3437 ille
2422 3392 2527 3447 est,
2551 3383 2639 3451 qui
2683 3380 2734 3435 in
2766 3380 2921 3433 initio
2952 3376 3109 3445 hujus
3152 3374 3271 3429 libri
3328 3373 3520 3444 legitur

1936 3487 2106 3534 totam
2141 3487 2298 3532 terrae
2334 3474 2676 3544 superliciem
2702 3472 2993 3542 irrigasse;
3022 3484 3187 3540 porro
3242 3466 3518 3539 regionem

1937 3570 2247 3640 irrigamus.
2301 3576 2488 3637 utpote
2554 3565 2862 3637 paradisum
2912 3564 3027 3629 Dei,
3078 3561 3202 3633 quia
3257 3560 3518 3616 mundum

1935 3677 2035 3716 nos
2059 3676 2217 3731 posse
2252 3660 2520 3731 religiose,
2568 3658 3027 3727 continenterque
3082 3665 3267 3710 tenere
3298 3653 3522 3725 pollice-

1934 3770 2076 3818 mur,
2114 3762 2300 3823 utpote
2352 3762 2462 3807 tam
2491 3752 2718 3823 pulchre
2750 3759 2925 3806 satum
2958 3750 3124 3805 verbo
3163 3748 3295 3813 Dei;
3344 3748 3441 3803 sed
3475 3748 3522 3802 is

1933 3851 2027 3920 qui
2058 3848 2341 3919 paradisus
2370 3863 2399 3902 a
2429 3848 2585 3903 nobis
2625 3846 2762 3901 falso
2778 3846 3041 3916 iactatur,
3089 3859 3348 3914 processu
3380 3852 3519 3899 tem-

1932 3941 2081 4011 poris
2131 3940 2189 3994 tit
2242 3939 2537 4012 ngyptus,
2590 3939 2643 3994 id
2692 3948 2778 3994 est
2854 3938 3090 3993 teneme
3144 3946 3200 3991 et
3236 3936 3522 3992 obduratio

1934 4030 2148 4096 cerdis,
2182 4045 2289 4085 non
2322 4029 2441 4084 aliis
2471 4039 2650 4085 tamen
2704 4044 2866 4100 quam
2898 4027 3219 4083 venientibus
3253 4028 3307 4081 in
3338 4026 3521 4098 Segor.

1932 4140 2030 4196 per
2065 4125 2233 4179 animi
2260 4124 2469 4179 scilicet
2489 4122 2692 4178 [luxum
2727 4121 3102 4178 delabentibus
3133 4123 3185 4176 in
3207 4120 3521 4185 lasciviam;

1935 4218 2108 4288 Segor
2133 4218 2277 4273 enim
2305 4217 2507 4273 dicitur
2534 4216 2719 4282 vitula,
2751 4215 2838 4270 vel
2870 4215 3200 4280 meridiana;
3237 4215 3289 4268 in
3323 4214 3520 4284 quibus

1935 4312 2253 4383 intelligitur
2291 4327 2488 4381 pravus
2537 4310 2702 4366 animi
2754 4320 2944 4375 aestus,
2991 4318 3154 4381 atque
3182 4309 3513 4381 petulantia;

1934 4405 2170 4475 dumque
2196 4404 2261 4458 de
2290 4404 2455 4467 bono,
2486 4402 2629 4472 quod
2655 4417 2759 4456 non
2785 4411 2889 4467 est,
2915 4401 3261 4469 confidimus,
3286 4402 3339 4455 in
3358 4414 3511 4463 vera,

1934 4512 2055 4568 qua:
2078 4496 2232 4552 nobis
2263 4497 2471 4562 insunt,
2496 4495 2639 4550 mala
2667 4495 2998 4551 corruimus.

249 4616 510 4678 dexteram
559 4628 783 4694 tenebo;
821 4632 868 4685 si
910 4641 967 4684 tu
1019 4632 1283 4687 dexteram
1329 4634 1566 4703 elegeris,
1619 4652 1711 4705 ego
1760 4635 1828 4688 ad
1861 4646 1907 4701 Ι)
2007 4633 2171 4689 Vens.
2210 4635 2297 4698 ll,
2325 4632 2414 4698 12,
2456 4634 2539 4687 l5.
2567 4631 2931 4706 --Elegitquc
2953 4632 3052 4687 sibi
3082 4630 3216 4687 Loth
3258 4632 3521 4705 regionem

247 4714 508 4769 sinistram
553 4734 786 4790 pergant.
833 4723 909 4778 Eo
940 4732 1181 4796 tempore
1224 4743 1331 4797 quo
1362 4736 1645 4797 pastorum
1683 4726 1824 4782 intra

247 4822 357 4875 nos,
419 4810 724 4867 omlestium
783 4816 992 4873 scilicet
1046 4828 1209 4888 atque
1267 4821 1606 4875 terrestrium
1648 4820 1826 4892 jurgia

249 4911 625 4968 conseruntur,
645 4905 980 4963 Chananwus
1006 4920 1160 4982 atque
1199 4909 1513 4967 Pherezwus
1561 4914 1610 4966 in
1645 4923 1829 4968 nostra

250 5002 453 5051 terrena
506 4998 793 5058 affectione
832 5013 1137 5060 versantur.
1175 5004 1512 5061 Chananzeus
1557 5007 1827 5077 interpre-

250 5093 380 5144 tatur
408 5106 641 5148 reversus
682 5105 782 5163 est,
812 5096 1133 5154 Plierezmus
1158 5113 1435 5173 superans,
1472 5099 1555 5154 vel
1591 5101 1830 5156 dissemi-

250 5194 393 5240 natus
417 5200 437 5240 :
470 5187 599 5243 dum
623 5191 767 5246 enim
797 5206 972 5263 neque
1020 5199 1203 5246 noster
1254 5191 1526 5260 appetitus
1553 5201 1676 5262 post
1719 5209 1831 5249 mo-

250 5289 577 5338 mentaneam
624 5299 815 5354 pacem
841 5285 995 5354 quasi
1018 5285 1087 5340 ad
1124 5282 1285 5340 solita
1335 5283 1474 5339 bella
1512 5287 1825 5356 revertitur,

248 5373 553 5442 cogitatum,
588 5377 1115 5449 delectationemque
1146 5378 1354 5435 semina
1382 5378 1579 5435 anima:
1622 5379 1831 5451 insper-

250 5477 453 5538 guntur,
498 5472 701 5541 quibus
741 5473 859 5545 ipsa
901 5473 1176 5530 multoties
1214 5483 1527 5547 superatur,
1575 5473 1830 5546 loquatur

253 5561 417 5633 itaque
459 5564 659 5621 Abram
710 5568 781 5622 ad
819 5564 982 5634 Loth,
1034 5583 1124 5634 ne,
1177 5568 1376 5641 inquit,
1409 5568 1549 5624 ratio
1588 5570 1654 5623 ad
1693 5567 1826 5625 aﬁ‘e-

253 5663 383 5713 ctum
436 5668 547 5717 tam
595 5663 870 5719 contraria
906 5677 1169 5719 exercere
1220 5679 1284 5721 ac
1327 5679 1551 5722 monere
1607 5665 1828 5722 studeas

250 5750 533 5824 honestati,
578 5772 702 5813 cum
745 5774 815 5815 ex
842 5772 952 5813 una
980 5758 1312 5830 prodeuntes
1358 5767 1540 5814 mente
1566 5758 1828 5830 quodam-

252 5846 401 5907 tnOdo
427 5865 526 5907 nos
550 5852 756 5910 vinciat
779 5867 1055 5926 germanae
1078 5852 1146 5908 ad
1180 5851 1412 5907 invicem
1442 5853 1616 5924 pietas
1636 5852 1826 5908 condi-

258 5938 429 6012 tionis;
477 5953 533 6002 ει
561 5945 655 6003 ubi
696 5955 847 6003 tanta
901 5953 1112 6003 naturae
1158 5954 1244 6003 est
1281 5944 1486 6015 unitas,
1522 5947 1626 6004 sibi
1662 5946 1895 6032 alter-ﬂ

1935 4730 2077 4783 circa
2105 4728 2417 4793 Jordanem,
2444 4737 2495 4781 et
2510 4729 2730 4782 recessit
2762 4728 2827 4783 ab
2859 4729 3088 4794 oriente;
3124 4728 3381 4800 divisique
3402 4740 3521 4782 sunt

1936 4821 2249 4875 alterutrum
2302 4838 2333 4874 a
2367 4820 2530 4890 fratre
2580 4837 2697 4876 suo.
2749 4820 2947 4877 Abram
2996 4839 3117 4877 vero
3158 4822 3413 4876 habitavit
3470 4823 3521 4875 in

1936 4925 2075 4970 terra
2138 4913 2412 4970 Chanaan.
2472 4914 2603 4969 Loth
2651 4926 2889 4971 moratus
2937 4927 3013 4971 est
3062 4917 3117 4971 in
3165 4917 3368 4987 Oppidis
3408 4928 3522 4985 qua:

1936 5021 2083 5065 erant
2101 5011 2261 5081 juxta
2300 5012 2612 5079 Iordanem,
2653 5022 2699 5066 et
2736 5012 2988 5067 habitavit
3020 5014 3075 5066 in
3106 5010 3372 5066 Sodomis.
3412 5007 3500 5061 Ηο

1934 5102 2100 5157 mines
2131 5112 2304 5158 autem
2353 5102 2642 5160 Sodomitte
2665 5105 2879 5177 pessimi
2914 5114 3060 5159 erant
3096 5118 3272 5157 coram
3304 5100 3522 5156 Domino

1936 5196 2113 5250 nimis.
2148 5196 2243 5252 Hae
2274 5206 2398 5253 tota:
2443 5199 2629 5268 igitur,
2679 5216 2819 5272 quas
2864 5197 3290 5269 przelibavimus,
3328 5196 3523 5253 mentis

1935 5288 2099 5346 fatuae
2128 5291 2580 5361 praesumptiones
2613 5294 2749 5348 ﬁunt
2771 5301 3064 5361 antequam
3113 5290 3257 5347 Deus
3286 5290 3339 5347 in
3370 5290 3523 5348 nobis

1935 5382 2321 5453 Gomorrham,
2356 5384 2409 5439 id
2440 5394 2523 5440 est
2550 5384 2730 5455 populi
2771 5385 3099 5450 seditionem,
3140 5385 3281 5455 quod
3315 5400 3418 5440 non
3444 5392 3520 5442 eat

1936 5479 2081 5535 aliud
2130 5494 2293 5549 quam
2338 5479 2593 5534 vitiorum
2660 5477 3044 5533 turbulentiam
3106 5479 3418 5543 subvertat,
3471 5487 3520 5533 et
3562 5544 3567 5549 ,

1935 5571 2255 5639 Sodomam,
2284 5572 2590 5638 siccitatem,
2643 5570 2896 5627 videlicet
2934 5572 3000 5627 de
3028 5573 3176 5627 vitiis
3223 5572 3519 5637 orientem;

1934 5663 2041 5718 hac
2101 5677 2339 5733 namque
2385 5671 2618 5735 utraque
2658 5664 2920 5720 subversa
2969 5681 3097 5720 mox
3139 5663 3322 5720 mundi
3370 5662 3524 5719 nobis

1934 5756 2225 5829 displicent
2255 5756 2530 5814 universa.
2583 5757 2810 5816 Recedit
2841 5758 2974 5814 Loth
3028 5760 3093 5813 ab
3130 5760 3348 5825 oriente,
3398 5770 3522 5811 cum
3594 5738 3603 5745 ⁴

1932 5861 2059 5933 post
2084 5851 2433 5924 aliquantulm
2463 5854 2614 5925 pacis
2651 5855 2911 5926 quietem,
2940 5870 3104 5925 quam
3137 5853 3190 5907 in
3219 5848 3521 5922 primordio

1932 5946 2308 6005 conversionis
2363 5947 2651 6021 aliquoties
2703 5950 3036 6023 experimur,
3096 5947 3207 6003 Deo
3232 5944 3369 6002 bella
3396 5934 3522 6015 per-
