4108 6324
530 412 632 471 H9

1165 418 1189 441 ο
1274 396 1335 452 v.
1369 383 1695 451 coioen'rt
1718 383 2009 443 seems
2047 382 2108 440 s.
2144 341 2386 437 minus
2416 373 2502 433 oe
2540 370 2935 432 nomenve

3684 351 3785 408 19.0

531 528 784 584 mittente
812 521 1106 579 salubriter
1130 515 1282 571 nobis
1318 510 1621 578 insurgere,
1650 502 1875 559 allectus
1922 509 2106 556 noster
2133 500 2183 560 Α
2210 492 2560 564 Evangelium
2609 505 2741 546 sane
2791 487 2972 541 dicere
3017 478 3397 552 praecipimur,
3457 486 3583 529 cum
3648 469 3785 523 bona

2609 579 2635 584 _
2733 581 2803 584 __
2910 575 2942 584 ,,
3415 566 3464 584 ν,
3530 561 3785 584 “_d,_‘____

531 621 707 677 resilit
743 619 810 672 ab
842 632 927 681 ea,
988 613 1071 667 cui
1123 607 1271 678 prius
1313 607 1639 664 assenserat,
1692 597 1920 653 rationis
1955 596 2106 660 luce;

533 716 795 785 regionem
833 706 1082 765 Iordanis
1107 699 1272 771 eligit,
1322 697 1448 767 quia
1497 711 1596 766 per
1634 693 1917 750 continuos
1944 704 2110 761 appe-

534 783 727 862 tit'uum
789 810 962 857 motus
1024 793 1252 865 gloriam
1306 806 1413 861 qua
1464 788 1791 844 destituatur
1842 783 2108 848 attendit;

533 898 792 951 adversus
862 887 1175 942 alterutrum
1242 882 1589 946 dividuntur,
1644 879 1771 935 dum
1837 875 2113 932 contraria

533 981 743 1055 Spiritui
774 992 990 1047 semper
1021 992 1053 1030 a
1104 989 1272 1031 carne
1311 980 1644 1044 quaeruntur.
1682 969 1878 1023 Abram
1907 965 2117 1023 habitat

530 1076 585 1128 in
626 1083 764 1126 terra
812 1069 1100 1134 Chanaan,
1169 1068 1295 1123 dum
1350 1065 1491 1121 ratio
1545 1078 1667 1119 cum
1716 1061 1828 1116 Deo
1875 1059 2117 1115 sentiens

528 1178 745 1234 semper
781 1162 1000 1218 allectat
1026 1175 1241 1217 morum
1268 1174 1432 1230 quam
1467 1156 1714 1228 professa
1752 1162 1837 1210 est
1862 1153 2120 1209 mutatio-

528 1269 656 1310 nem
685 1270 699 1309 :
730 1253 988 1309 Chanaan
1013 1252 1157 1309 enim
1183 1259 1414 1306 mutatus
1439 1248 1636 1305 dicitur
1667 1264 1682 1302 :
1714 1244 1849 1299 Loth
1878 1252 2120 1299 moratur

529 1348 585 1401 in
615 1348 820 1417 oppidis
874 1347 1021 1402 circa
1069 1343 1387 1409 Iordanem,
1436 1342 1564 1413 quia
1604 1341 1731 1395 dum
1786 1337 2008 1394 conlidit
2064 1337 2117 1390 in

532 1438 735 1494 virtute
762 1454 873 1494 suae
913 1436 1235 1500 honeStatis,
1284 1435 1441 1505 quasi
1491 1431 1813 1501 quibusdam
1865 1427 2121 1483 ﬁctilibus

535 1532 747 1603 oppidis
787 1530 1047 1601 paulatim
1076 1529 1348 1584 deﬂuente
1392 1525 1656 1598 propositi
1694 1523 2011 1590 simulacro,
2054 1521 2121 1577 ad

535 1625 641 1681 hoc
671 1624 837 1688 venit,
871 1633 929 1678 ut
958 1621 1166 1677 habitet
1206 1621 1260 1675 in
1316 1619 1587 1684 Sodomis,
1626 1618 1680 1672 in
1727 1614 2116 1672 conlormitate

533 1715 789 1771 videlicet
851 1715 977 1770 vita:
1030 1712 1363 1769 saecularis:
1419 1711 1653 1767 Sodoma
1702 1710 1864 1781 plane
1929 1707 2126 1763 dicitur

536 1807 833 1863 similitudo
861 1820 1071 1872 eorum,
1097 1805 1153 1861 id
1182 1815 1266 1861 est
1310 1806 1600 1867 malorum,
1642 1812 1694 1856 et
1734 1800 2004 1872 pessimus
2034 1812 2126 1852 co-

537 1914 658 1954 ram
690 1899 940 1963 Domino,
1007 1898 1062 1953 id
1111 1906 1196 1953 est
1239 1898 1293 1952 in
1344 1894 1588 1951 interiori
1648 1893 1867 1948 homine
1910 1890 2127 1945 habitus

539 1997 804 2067 ipsorum,
839 1995 966 2051 licet
1011 2007 1195 2049 coram
1242 1989 1556 2047 hominibus
1588 1988 1892 2043 aestimetur
1944 1984 2127 2053 aliqua

537 2088 787 2157 probitas
814 2101 1026 2141 eorum.

613 2220 777 2277 Vens.
822 2218 910 2274 14.
934 2248 1005 2258 -
1035 2216 1285 2287 Dixitque
1316 2214 1572 2270 Dominus
1621 2213 1690 2267 ad
1740 2211 1961 2275 Abram,
1988 2219 2130 2280 post-

536 2328 697 2383 quam
736 2311 935 2365 divisus
977 2317 1053 2365 est
1093 2311 1159 2362 ab
1202 2324 1262 2362 eo
1306 2304 1483 2361 Loth:
1511 2304 1650 2359 Leva
1691 2301 1870 2357 oculos
1917 2311 2052 2365 tuos,
2081 2306 2130 2353 et

536 2405 658 2461 vide
714 2423 745 2460 a
799 2406 911 2460 loco
952 2405 1010 2459 in
1073 2418 1174 2475 quo
1206 2417 1344 2469 nunc
1376 2416 1450 2465 es,
1498 2399 1567 2454 ad
1613 2396 1911 2469 aquilonem
1971 2404 2018 2449 et
2063 2392 2132 2448 ad

442 2519 461 2533 -
541 2496 835 2561 meridiem,
886 2496 954 2550 ad
1004 2494 1253 2548 orientem
1312 2500 1360 2545 et
1413 2490 1481 2544 ad
1526 2488 1876 2552 occidentem;
1920 2502 2131 2541 omnem

543 2583 740 2643 terram
772 2603 928 2659 quam
956 2585 1211 2655 conspicis
1250 2582 1343 2637 tibi
1388 2581 1559 2647 dabo,
1606 2591 1654 2635 et
1710 2580 1898 2635 semini
1950 2590 2038 2633 tuo
2078 2579 2133 2633 in

545 2683 940 2751 sempiternum,
974 2680 1270 2749 faciamque
1294 2692 1469 2731 semen
1496 2685 1646 2729 tuum
1686 2674 1820 2729 sicut
1868 2672 2132 2741 pulverem

550 2784 726 2830 terrae.
768 2771 993 2843 Spiritui
1024 2780 1213 2826 nostro
1236 2767 1492 2823 vitiorum
1527 2765 1801 2821 lenocinio
1835 2762 2133 2829 resistenti,

546 2877 700 2934 spem
731 2861 955 2918 meliora
985 2858 1229 2916 merendi
1257 2856 1448 2912 intima
1470 2857 1614 2911 Deus
1635 2853 1960 2910 allocutione
1984 2852 2133 2907 attri-

546 2956 685 3011 buit.
721 2956 887 3023 Leva,
944 2953 1151 3025 inquit,
1203 2950 1415 3016 oculos,
1464 2950 1532 3005 ab
1589 2948 1909 3005 inferiorum
1951 2947 2138 3017 utique

551 3051 991 3123 concupiscentia
1025 3049 1329 3120 specierum
1371 3047 1700 3101 intentiones
1747 3042 2137 3113 cogitationum

552 3146 786 3209 dimove,
821 3154 867 3199 et
894 3144 1029 3209 vide,
1063 3161 1093 3196 a
1119 3141 1255 3207 loco,
1296 3139 1347 3194 id
1373 3148 1458 3195 est
1490 3154 1521 3194 a
1556 3146 1700 3193 statu
1724 3136 1887 3191 animi
1933 3136 1987 3189 in
2036 3148 2137 3204 quo

551 3254 699 3294 nunc
711 3237 846 3308 agis,
870 3234 1165 3308 aquilonem
1194 3232 1572 3296 teutationum,
1593 3231 1701 3301 58
1723 3245 1842 3299 qua:
1872 3228 2139 3298 torpidam
2168 3206 2213 3268 (ἶ

553 3329 789 3385 reddunt
817 3337 1094 3392 mentem;
1132 3324 1402 3380 meridiem
1433 3322 1730 3394 spiritualis
1785 3323 1991 3392 gratiae,
2022 3333 2142 3390 qua:

554 3421 681 3477 ﬁdei
708 3421 852 3493 parit
882 3420 935 3475 in
967 3419 1126 3475 nobis
1159 3434 1255 3488 per
1282 3434 1445 3489 opera
1478 3418 1637 3488 digna
1676 3415 1938 3481 calorem;
1972 3415 2145 3468 orien-

556 3524 660 3571 tem
710 3514 903 3569 divinae
943 3512 1451 3583 contemplationis,
1496 3527 1615 3582 quae
1657 3510 1839 3565 radios
1865 3507 2143 3563 subtilium

557 3608 934 3664 intellectuum
982 3607 1290 3661 recessibus
1345 3615 1448 3660 tua:
1515 3613 1766 3677 suggerat
1824 3602 2049 3667 mentis,
2093 3608 2149 3656 et

559 3701 879 3755 occidentem
927 3700 1119 3754 activa:
1166 3697 1586 3769 procurationis,
1631 3712 1752 3767 quae
1798 3695 1940 3750 sicut
1968 3705 2146 3748 ortum

560 3791 765 3855 oriens,
801 3790 875 3845 ita
902 3789 1215 3845 oceubitum
1244 3772 1504 3858 suscipiat
1524 3787 1681 3854 solis,
1708 3785 1871 3841 linem
1917 3785 2146 3849 scilicet,

561 3880 1066 3951 perfectionemque
1120 3879 1432 3943 charitatis,
1484 3894 1605 3949 qua:
1654 3893 1685 3931 a
1735 3876 1918 3932 divino
1966 3888 2152 3932 amore

566 3970 783 4025 initium
840 3970 1037 4040 accipit
1086 3969 1403 4026 exercenda:
1463 3969 1530 4023 ad
1580 3967 1855 4024 hominem
1909 3967 2151 4037 pietatis.

563 4061 861 4132 Postquam
889 4060 1069 4131 itaque
1097 4060 1395 4132 aquilonem
1438 4058 1763 4122 obtinueris,
1801 4056 1900 4111 tria
1923 4070 2155 4125 sequen-

567 4156 645 4211 tia
674 4172 795 4212 mox
824 4155 1068 4221 habebis,
1106 4163 1160 4211 et
1204 4154 1413 4225 pariter
1448 4168 1653 4207 omnem
1707 4160 1924 4214 terram,
1975 4149 2029 4203 id
2072 4156 2157 4205 est

574 4249 987 4313 terreuilatem,
1037 4263 1141 4319 qua
1196 4252 1478 4316 suspectus
1526 4256 1594 4297 ne
1643 4242 1695 4297 in
1739 4255 1859 4295 eam
1905 4241 2156 4297 incurras

567 4341 774 4398 teneris
798 4382 815 4409 ,
845 4339 1023 4413 (Vers.
1054 4339 1143 4409 15)
1189 4338 1283 4393 tibi
1322 4336 1480 4400 dabo,
1507 4334 1618 4390 imo
1641 4333 1827 4388 semini
1857 4342 1968 4397 tuo,
1996 4331 2050 4387 id
2073 4340 2158 4387 est

568 4432 715 4503 quod
744 4432 840 4488 tibi
896 4432 1027 4487 vitia
1071 4429 1297 4486 subdam
1351 4442 1460 4483 non
1497 4434 1600 4481 tua:
1655 4434 1864 4479 natura:
1910 4424 2157 4479 ascribas

572 4526 881 4599 privilegio,
915 4525 1011 4581 sed
1039 4523 1228 4596 gratiae
1258 4536 1411 4585 meae,
1438 4528 1494 4575 et
1520 4519 1676 4575 bona:
1696 4518 1946 4584 actionis,
1994 4531 2157 4587 quam

572 4633 673 4689 per
701 4618 933 4689 gratiam
962 4631 1137 4671 meam
1192 4620 1477 4669 assecutus
1519 4625 1598 4677 es,
1631 4609 1848 4674 merito,
1899 4607 2042 4679 quod
2072 4614 2159 4663 est

572 4710 759 4765 semini
808 4720 930 4774 tuo;
975 4722 1140 4779 Opera
1196 4705 1340 4761 enim
1378 4704 1518 4759 bona
1550 4703 1758 4759 semina
1794 4709 1919 4757 sunt
1948 4709 2159 4767 nostra,

574 4802 717 4857 unde
763 4809 884 4857 est:
924 4798 994 4852 Et
1035 4813 1211 4852 semen
1254 4810 1521 4852 servorum
1562 4794 1678 4864 ejus
1730 4791 2009 4863 possidebit
2047 4806 2163 4846 eam

575 4894 750 4965 (Psal.
780 4908 973 4958 vaut,
1001 4890 1118 4960 37.)

652 5051 814 5107 Vens.
858 5049 959 5112 16,
1014 5046 1198 5101 i7.—
1236 5042 1558 5115 Faciamque
1608 5055 1783 5097 semen
1836 5048 1985 5092 tuum
2030 5036 2165 5091 sicut

578 5143 842 5215 pulverem
871 5151 1044 5196 terra’.
1088 5138 1271 5194 Pulvis
1298 5152 1421 5193 eum
1455 5136 1527 5191 sit
1549 5135 1614 5189 de
1640 5142 1807 5198 terra,
1833 5131 1951 5187 sine
1966 5128 2168 5184 damno

585 5247 743 5293 terra:
774 5252 804 5292 a
839 5245 982 5291 terra
1014 5232 1248 5299 tollitur;
1286 5232 1427 5287 bona
1459 5236 1645 5285 nostra
1691 5239 1858 5297 opera
1910 5237 2033 5278 cum
2061 5220 2171 5277 sint

579 5331 652 5390 nd
683 5344 900 5386 onmem
931 5335 1150 5381 ventum
1182 5325 1401 5382 mobilia
1431 5320 1773 5385 tentationis,
1826 5318 1945 5373 sine
1990 5316 2171 5386 aliquo

584 5420 818 5485 Christi,
869 5418 961 5488 qui
1009 5425 1153 5471 terra
1206 5425 1391 5473 nostra
1445 5424 1545 5480 est,
1581 5430 1613 5469 a
1643 5428 1750 5484 quo
1776 5410 2073 5483 poscimur,
2118 5416 2175 5462 et

583 5511 921 5573 sustinemur
952 5509 1173 5576 damno,
1200 5510 1286 5565 vel
1315 5508 1602 5564 commodo
1625 5516 1681 5562 et
1702 5505 2044 5561 adhaeremus
2072 5500 2170 5566 illi,

584 5616 643 5661 et
673 5599 955 5658 deﬁcimus
984 5601 1048 5655 ab
1077 5602 1213 5671 ipso.
1244 5601 1359 5658 Hoc
1387 5614 1518 5671 ergo
1543 5614 1728 5656 semen
1754 5597 1889 5651 sicut
1910 5594 2173 5667 pulverem

583 5695 739 5761 facit,
772 5711 892 5749 cum
917 5693 1193 5750 levitatem
1219 5694 1390 5750 nostri
1418 5694 1581 5748 totius
1604 5692 1733 5749 boni
1761 5690 1920 5746 nobis
1941 5688 2169 5753 indicat,

584 5790 690 5845 nisi
727 5789 959 5843 humore
981 5786 1247 5857 spirituali
1277 5797 1647 5859 respergatur,
1686 5797 1740 5842 et
1764 5786 1889 5856 quia
1915 5800 2021 5840 non
2075 5797 2175 5851 pro

580 5898 663 5959 se,
712 5884 805 5940 sed
831 5895 939 5967 pro
986 5881 1157 5969 nobis
1200 5882 1347 5969 ipsis-
1386 5882 1636 5941 laborare
1685 5881 1985 5956 iubemur:
2020 5878 2177 5949 juxta

2213 585 2549 643 fecerimus:
2598 579 2743 637 Servi
2785 575 2996 632 inutiles
3046 590 3262 637 sumus,
3326 566 3464 640 quod
3520 561 3791 618 debuimus

2214 680 2407 751 facere,
2433 678 2651 746 fecimus
2684 671 2837 746 (Luc.
2896 685 3031 735 xvn,
3059 667 3169 737 10);
3210 666 3313 720 hoc
3341 674 3524 717 scmen
3576 655 3790 724 aliquis,

2214 773 2318 831 etsi
2368 772 2643 843 pulverem
2689 772 2960 829 numerat,
3021 774 3309 817 numerare
3362 771 3467 810 non
3515 748 3792 823 praavalet,

2216 863 2345 935 quia
2369 838 2475 916 etsi
2511 856 2923 914 instabilitatem
2948 867 3109 923 quam
3139 848 3340 922 patitur
3362 845 3523 915 plene
3547 838 3793 903 metitur,

2218 934 2398 1012 tamen
2429 954 2573 1019 odio,
2604 950 2689 1006 vel
2724 964 2909 1004 amore
2956 946 3097 1018 apud
3132 945 3299 998 Deum
3343 950 3565 1011 prepter
3609 934 3795 992 eadem

2218 1064 2380 1120 opera
2411 1047 2620 1118 ignorat
2650 1042 2869 1099 omnino
2896 1055 2964 1095 an
2986 1037 3182 1109 dignus
3207 1034 3471 1089 habeatur
3493 1027 3664 1100 (Eccl.
3710 1041 3793 1092 xx,

2219 1139 2300 1211 1),
2329 1139 2456 1194 dum
2480 1135 2651 1192 nescit
2678 1132 2865 1204 quanti
2898 1132 2964 1185 ab
2991 1130 3106 1201 ipso
3127 1134 3454 1199 pensentur;
3490 1136 3651 1191 surge
3672 1130 3799 1189 ergo

2222 1231 2289 1287 ab
2314 1229 2460 1284 omni
2492 1227 2705 1291 inertia,
2738 1233 2937 1279 terram
2966 1218 3331 1280 conscientim,
3373 1224 3428 1271 et
3453 1210 3700 1282 corporis
3727 1209 3800 1263 tui

2223 1315 2731 1388 circumspiciendo,
2761 1328 2825 1368 ac
2855 1311 3206 1383 deprimendo
3232 1304 3569 1380 perambula,
3608 1315 3804 1357 secun-

2224 1419 2350 1473 dum
2402 1412 2794 1486 longitudinem
2840 1406 3290 1481 perseverantiae,
3345 1412 3399 1458 et
3462 1396 3803 1454 latitudinem

2224 1508 2539 1574 charitatis,
2588 1515 2644 1561 et
2685 1505 2784 1569 sic,
2832 1503 2943 1557 Deo
2974 1502 3160 1565 dante,
3222 1512 3343 1568 quae
3378 1494 3494 1549 vitii
3533 1487 3805 1561 quondam

2225 1612 2364 1661 erat.
2392 1600 2487 1655 ﬁet
2508 1597 2677 1654 nostri
2708 1596 2775 1651 ad
2813 1596 3077 1664 integrum
3105 1592 3214 1657 hic,
3241 1597 3295 1645 et
3316 1588 3369 1643 in
3398 1586 3582 1641 futuro
3601 1580 3764 1652 juris.

2297 1695 2461 1751 Vens.
2500 1694 2585 1749 18.
2621 1721 2691 1732 -
2724 1689 2935 1744 Moriens
2962 1687 3129 1757 igitur
3174 1684 3368 1739 Abram
3412 1672 3810 1733 tabernaculum

2230 1788 2384 1850 venit,
2408 1794 2455 1840 et
2491 1782 2742 1838 habitavit
2792 1783 2846 1834 in
2895 1776 3126 1834 convalle
3179 1774 3440 1838 Mambre,
3479 1767 3619 1843 quod
3651 1764 3812 1820 estin

2158 1852 2451 1939 BEbron;
2504 1873 2885 1943 aediﬁcavitque
2950 1870 3022 1923 ibi
3088 1868 3257 1922 altare
3323 1863 3567 1919 Domino.
3635 1858 3813 1912 Movet

2230 1967 2663 2031 tabernaculum,
2712 1980 2835 2020 cum
2887 1961 3113 2032 spiritus
3176 1968 3361 2013 noster
3413 1955 3465 2010 in
3528 1948 3811 2022 procinctu

2230 2064 2485 2120 vitiorum
2513 2060 2739 2131 positus,
2790 2057 2858 2110 ad
2905 2054 3191 2109 destinatre
3242 2049 3337 2105 Dei
3369 2045 3574 2103 militia:
3608 2058 3670 2098 se
3693 2056 3817 2113 pro-

2231 2161 2412 2209 movet
2442 2150 2794 2213 exercitium;
2828 2145 3038 2202 habitat
3062 2142 3256 2199 deinde
3281 2141 3333 2195 in
3372 2136 3608 2194 convalle
3642 2134 3818 2189 Manto

2234 2250 2343 2315 bre,
2375 2248 2427 2304 id
2474 2258 2557 2302 est
2599 2247 2652 2299 in
2699 2242 3024 2300 humilitatis
3058 2254 3119 2295 se
3166 2234 3421 2307 deprimit
3448 2232 3683 2295 vilitate,
3722 2243 3821 2299 per

2234 2356 2395 2411 quam
2424 2338 2674 2394 relloreat
2704 2333 2905 2405 ingenii
2932 2329 3368 2403 perspicacitate,
3398 2334 3454 2380 et
3482 2323 3610 2378 exin
3650 2321 3821 2376 bonae

2236 2450 2356 2489 rum
2408 2441 2463 2487 et
2507 2428 2775 2485 malarum
2833 2440 3016 2481 rerum
3064 2420 3342 2477 divisione.
3376 2414 3630 2493 Mambre
3673 2411 3821 2468 enim

2237 2524 2515 2581 divisiones
2567 2530 2621 2576 et
2651 2520 2926 2591 perspicua
2968 2522 3156 2581 sonat;
3189 2526 3292 2568 nec
3333 2506 3648 2563 immerito:
3684 2502 3822 2557 Nam

2236 2617 2470 2689 superbis
2498 2613 2640 2668 Deus
2663 2610 2871 2675 resistit,
2901 2606 3195 2664 humilibus
3218 2602 3445 2673 gratiam
3471 2598 3562 2654 dat
3585 2596 3822 2669 (lac.1v,

2238 2709 2314 2779 6),
2349 2718 2402 2764 et
2435 2721 2597 2776 super
2640 2700 2921 2765 humilem,
2968 2712 3032 2752 ac
3068 2695 3310 2775 quietum
3351 2690 3579 2762 spiritus
3628 2692 3826 2758 pausat

2240 2801 2378 2875 (Isa.
2409 2771 2555 2863 Lavi,
2596 2796 2687 2863 2);
2720 2795 2815 2850 sed
2844 2793 2961 2847 haec
3004 2771 3266 2846 convallis
3300 2784 3625 2840 divisionum
3669 2778 3826 2834 estin

2239 2892 2444 2959 Ebron,
2495 2888 2637 2960 quod
2670 2883 3002 2959 participatio
3057 2879 3318 2944 maeroris,
3359 2884 3452 2931 aut
3490 2880 3827 2943 augmentum

2239 2987 2607 3059 sempiternum
2655 2982 2883 3045 dicitur;
2923 2978 3000 3034 nil
3025 2977 3169 3032 enim
3198 2988 3387 3031 eorum
3423 2985 3544 3042 qua:
3588 2963 3829 3039 praetuli-

2241 3095 2364 3135 mus
2424 3074 2658 3135 obtineri
2718 3079 2924 3145 potest,
2978 3068 3084 3124 nisi
3146 3066 3323 3123 omnis
3392 3060 3595 3118 terreni
3646 3054 3829 3130 gaudii

2245 3170 2584 3242 repulsioue,
2635 3176 2686 3221 et
2753 3162 3028 3236 augmenti
3074 3155 3395 3230 sempiterni
3447 3150 3715 3209 desiderio
3772 3148 3830 3203 in

2246 3239 2397 3333 regni
2428 3262 2547 3316 Dei.
2583 3267 2636 3313 et
2658 3257 2887 3317 justitize
2914 3254 3031 3325 ejus
3051 3249 3391 3323 quaesrtionc.
3418 3244 3635 3300 Dicitur
3663 3239 3829 3295 etiam

2244 3330 2426 3419 Ebron
2470 3373 2597 3414 visio
2644 3354 2989 3421 sempiterna,
3044 3346 3097 3400 iu
3145 3357 3252 3414 quo
3302 3336 3620 3408 intelligitur
3646 3330 3832 3387 divina

2247 3446 2655 3519 contemplatio,
2687 3444 2776 3499 hic
2825 3440 3043 3511 quidem
3079 3433 3363 3504 incipiens,
3403 3429 3497 3485 sed
3540 3426 3594 3481 in
3648 3424 3834 3477 futuro

2246 3516 2598 3617 perﬁcienda,
2638 3536 2729 3592 ubi
2761 3531 2958 3589 mentis
2990 3536 3189 3585 nostra:
3240 3524 3413 3579 altare
3464 3516 3837 3591 spiritualibus

2248 3606 2485 3707 victimis
2539 3630 2754 3700 plenum
2797 3619 3194 3681 constabilitur,
3246 3612 3565 3671 coeuntibus
3593 3606 3836 3663 omnium

2250 3700 2563 3785 sanctarum
2602 3719 2799 3775 artium
2849 3714 3095 3786 partibus
3143 3711 3198 3765 in
3254 3707 3472 3762 modum
3527 3695 3837 3759 tediﬁciiad

2252 3813 2663 3888 intelligentiam
2692 3823 2864 3880 usque
2892 3802 3197 3862 divinitatis
3217 3797 3535 3872 porrigitur.

2854 3958 3082 4020 CAPUT
3111 3956 3253 4016 XIV.

2325 4105 2490 4162 Vsus.
2532 4103 2587 4170 l,
2612 4099 2669 4167 ἓ,
2700 4098 2753 4153 5.
2780 4126 2851 4137 -
2877 4091 3104 4147 Factum
3133 4098 3206 4144 est
3255 4087 3309 4141 in
3357 4093 3586 4153 tempore
3621 4074 3735 4139 illo,
3781 4080 3839 4127 ut

2256 4197 2539 4270 Amraphel
2594 4210 2685 4248 rea:
2737 4190 3011 4253 Sennaar,
3060 4192 3110 4239 et
3160 4179 3356 4235 Arioch
3409 4191 3500 4231 rex
3553 4170 3736 4235 Ponti,
3792 4173 3841 4221 et

2259 4259 2715 4348 Chodorlahomor
2740 4299 2832 4338 rea:
2856 4279 3234 4341 Elamitarum,
3264 4282 3310 4327 et
3339 4264 3546 4324 Thudal
3570 4279 3663 4317 rea:
3699 4259 3841 4316 Gen-

2260 4387 2410 4451 tium,
2435 4382 2623 4436 inirent
2648 4374 2783 4431 bella
2805 4372 3078 4426 adversum
3103 4364 3248 4419 Bara
3274 4376 3443 4433 regem
3467 4356 3841 4416 Sodomorum,

2261 4487 2309 4534 et
2355 4484 2538 4531 contra
2578 4470 2715 4525 Ersa
2744 4480 2911 4536 regem
2944 4457 3277 4522 Gomorrluv,
3306 4463 3354 4508 et
3387 4460 3566 4507 contra
3598 4440 3844 4501 Sennaab

2187 4582 2237 4643 ι)
2264 4588 2434 4643 regem
2464 4568 2706 4628 Adanue,
2748 4572 2795 4615 et
2834 4556 3082 4614 Semeher
3110 4566 3279 4621 regem
3322 4544 3538 4609 Seboin,
3566 4550 3615 4596 et
3662 4544 3845 4592 contra

2266 4630 2437 4735 regem
2485 4656 2665 4719 Balw;
2694 4653 2809 4723 ipsa
2835 4660 2909 4703 est
2949 4644 3130 4715 Segor.
3165 4638 3358 4695 Omnes
3404 4635 3458 4688 hi
3491 4630 3840 4687 convenerunt

3625 4720 3656 4735 ..
3742 4715 3840 4735 nn

2264 4715 2350 4810 in“
2365 4750 2549 4807 vallem
2591 4745 2901 4805 silvestrem,
2957 4752 3073 4808 qua:
3115 4749 3251 4788 nunc
3278 4738 3351 4785 est
3382 4740 3527 4781 mare
3556 4720 3704 4776 salis.
3742 4715 3849 4769 Per

2267 4846 2370 4901 hos
2408 4850 2659 4913 quatuor,
2689 4834 2780 4907 qui
2810 4832 3073 4886 adversus
3094 4824 3333 4894 quinque
3371 4814 3571 4872 bellum
3610 4810 3853 4865 inierunt

2269 4902 2439 5007 reges.
2466 4902 3046 5003 quatuor-principalia
3085 4918 3252 4983 mala,
3296 4908 3585 4971 delectatio
3619 4902 3851 4967 scilicet,

2271 5040 2590 5090 consensus,
2620 5038 2684 5077 ac
2710 5017 2976 5092 operatio,
3002 5030 3103 5071 nec
3131 5027 3236 5067 non
3259 5008 3424 5065 etiam
3465 4994 3800 5061 consuetudo
3823 5008 3854 5046 a

2272 5123 2430 5181 nobis
2473 5117 2758 5187 accipitur,
2813 5128 2934 5183 quae
2985 5110 3246 5163 adversus
3283 5096 3612 5159 exteriorem
3644 5085 3843 5160 appetio

2275 5216 2410 5287 tum,
2465 5216 2557 5287 qui
2615 5222 2766 5269 recte
2816 5209 3061 5279 signatur
3106 5217 3205 5273 per
3260 5194 3597 5268 quinarium,
3656 5196 3857 5256 magna

2274 5279 2674 5381 congressionis
2703 5302 2843 5359 mole
2870 5299 3177 5360 luctantur,
3228 5298 3284 5345 et
3326 5290 3431 5345 hoc
3480 5284 3570 5341 illo
3620 5279 3679 5334 ﬁt
3722 5286 3859 5331 tem-

2275 5378 2426 5482 pore,
2455 5420 2562 5477 quo
2606 5401 2746 5457 Loth
2776 5398 2829 5452 in
2877 5392 3073 5465 oppida
3102 5382 3399 5445 declinavit
3425 5378 3677 5482 Sodom‘m:
3707 5388 3721 5424 :
3758 5381 3859 5482 per

2276 5463 2612 5576 quinarium,
2647 5495 2887 5562 inquam,
2918 5502 3004 5550 ea,
3044 5497 3165 5555 quae
3205 5470 3547 5535 sensualitati
3585 5463 3858 5534 adjacent,

2276 5559 2612 5668 ﬁgurantur;
2645 5559 2915 5656 appetitus
2949 5591 3183 5646 namque
3228 5578 3439 5635 noster,
3477 5577 3598 5621 cum
3639 5559 3711 5668 siLt
3736 5568 3859 5668 ἰηι-

2280 5648 2530 5746 ιιῖιθειιίιθι·
2579 5648 2844 5737 bonorum
2892 5679 3149 5743 appetens
3186 5668 3382 5729 factus,
3430 5648 3867 5724 corruptibilitet'

2279 5781 2598 5839 interiorum
2627 5770 2904 5840 negligens
2931 5762 3202 5820 exteriora
3223 5755 3443 5828 quaerit;
3479 5750 3547 5807 ab
3571 5747 3658 5803 his
3679 5744 3864 5840 itaque

2281 5867 2556 5947 praedictis
2610 5830 2823 5932 regibus
2870 5858 2937 5914 ab
2989 5869 3090 5911 usu
3143 5844 3451 5909 reﬁciendae
3515 5830 3863 5899 necessitatis
