4062 6354
263 338 379 399 121

1415 320 1781 400 mensuum
1817 326 1887 397 1N
1921 336 2216 397 annnsm
2243 336 2373 396 LIB.
2401 337 2484 397 1v.

3449 337 3555 402 192

268 458 628 530 compellitur
655 456 721 515 ad
763 456 1017 517 libidines
1063 459 1344 532 explendae
1377 458 1661 531 superﬂuae
1711 457 1867 514 volu-
1899 459 1946 520 Α
1975 454 2340 535 obscuritate,
2398 468 2453 511 et
2500 457 2708 513 incuria
2754 459 3028 516 obtectam
3065 477 3080 527 ;
3139 461 3263 517 inde
3308 460 3368 516 ﬁt
3405 478 3554 519 mare

268 553 473 623 ptatis.
503 553 798 620 Quinarius
819 555 984 609 etiam
1024 570 1089 612 ex
1123 554 1479 626 quaternario
1536 562 1771 618 constat,
1818 560 1871 607 et

271 646 540 711 monade,
573 646 728 715 quasi
757 648 993 717 quodam
1025 645 1294 716 superiori
1344 645 1595 716 praeside,
1635 644 1777 699 unde
1820 650 1873 698 et

272 736 516 793 alfectus
548 746 733 794 noster
760 738 1138 809 temporalium
1168 737 1373 809 gloriie,
1413 752 1534 807 qua:
1580 743 1873 806 quaterna-

272 827 370 882 rio
400 827 722 901 ﬁgurantur,
748 839 1012 900 praestare
1055 830 1340 901 principali
1365 830 1648 901 majestate
1691 827 1872 883 debet.

273 919 384 975 Est
412 921 579 992 igitur
600 922 809 991 primus
835 922 1152 993 Amraphel,
1198 923 1290 993 qui
1322 922 1715 992 interpretatur
1739 919 1875 973 dixit

274 1022 340 1064 ut
374 1012 605 1078 caderet,
638 1014 781 1083 quod
810 1017 1081 1085 praecipue
1132 1015 1199 1071 ad
1252 1014 1689 1082 delectationem,
1722 1011 1874 1084 quasi

273 1102 353 1157 ad
385 1119 549 1159 casus
578 1106 1025 1164 deliberationem
1059 1109 1276 1164 attinet.
1304 1107 1615 1177 Secundus,
1649 1109 1873 1177 Arioch,

275 1196 381 1266 qui
411 1195 610 1253 dicitur
655 1199 849 1267 ebrius,
896 1200 976 1255 vel
1030 1201 1100 1256 ad
1151 1202 1485 1258 solitudinem
1532 1204 1788 1273 redigens,
1821 1202 1875 1258 in

276 1302 398 1361 quo
425 1292 691 1360 accipitur
732 1308 1031 1350 consensus
1083 1294 1377 1361 dementia,
1424 1296 1638 1353 consilii
1661 1312 1874 1367 expers,

278 1390 455 1452 atque
479 1384 586 1438 Deo
612 1386 820 1441 cultore
847 1387 1064 1458 repulso
1087 1388 1263 1444 solum
1285 1390 1388 1445 sibi
1412 1390 1686 1447 hominem
1715 1391 1878 1447 relin-

276 1488 464 1543 quens
498 1494 511 1529 :
555 1477 748 1534 tertius
779 1480 1012 1552 denique
1044 1492 1128 1537 est
1172 1481 1661 1552 Cbodorlahomor,
1696 1486 1790 1555 qui
1822 1494 1877 1541 et

274 1564 407 1635 ipso
458 1568 676 1625 nomine
718 1571 876 1641 quasi
902 1571 1151 1627 decorum
1176 1573 1505 1643 manipulum
1544 1586 1732 1642 sonat;
1763 1592 1880 1631 ma—

273 1658 505 1730 nipulus
548 1660 757 1718 fructus
807 1672 893 1718 est
950 1664 1170 1735 operis,
1223 1663 1431 1721 fructus
1481 1673 1661 1721 autem
1725 1666 1879 1737 pravi

273 1752 469 1820 operis
498 1754 611 1825 ipsa
644 1756 985 1826 voluptatum
1019 1758 1258 1814 suavitas
1278 1768 1381 1815 est.
1408 1758 1527 1815 Non
1550 1775 1681 1831 ergo
1712 1759 1876 1815 deco-

275 1859 403 1914 rus,
432 1849 528 1901 sed
562 1849 718 1918 quasi
743 1850 974 1921 decorus
995 1851 1302 1922 manipulus
1333 1863 1436 1919 est,
1462 1854 1589 1923 quia
1618 1869 1724 1909 non
1746 1870 1877 1910 vera

276 1939 521 2007 species,
548 1941 643 1995 sed
672 1939 855 2008 fallax,
884 1952 940 1995 et
966 1942 1284 2014 imaginaria
1318 1945 1550 2001 dulcedo
1594 1946 1647 2001 in
1681 1947 1881 2003 talibus

275 2030 697 2098 operationibus
725 2041 829 2087 est.
857 2031 1027 2087 Porro
1076 2044 1328 2105 quartus,
1372 2053 1463 2091 rex
1502 2038 1733 2107 gentium
1774 2050 1879 2106 est,

280 2121 419 2190 quia
450 2123 718 2193 reprobus
764 2139 959 2181 sensus
1005 2140 1075 2180 ex
1125 2126 1235 2198 59
1263 2128 1554 2184 criminum
1588 2140 1882 2186 consuetu-

281 2211 418 2267 dine
443 2223 548 2281 est,
578 2223 634 2270 et
655 2215 797 2271 sicut
829 2232 921 2272 rex
954 2220 1280 2286 exercitum,
1330 2219 1405 2276 ita
1449 2221 1564 2293 ipse
1609 2222 1714 2279 sibi
1745 2238 1881 2279 con-

282 2306 459 2359 trahit
501 2308 743 2363 omuimn
800 2310 1131 2383 ﬂagitiorum
1179 2324 1413 2383 cretum,
1469 2317 1625 2387 quasi
1688 2332 1882 2389 agmen

279 2397 584 2455 multarum
609 2402 876 2472 gentium.

357 2488 556 2546 Ineunt
579 2492 669 2546 isti
697 2492 900 2549 bellum
924 2494 1185 2553 adversus
1207 2509 1456 2555 nostrum
1488 2500 1763 2557 carnalem
1795 2500 1883 2557 af-

282 2579 514 2649 fectum,
546 2599 610 2640 ac
640 2586 684 2641 si
712 2586 945 2642 ﬂamma:
992 2589 1322 2647 admoveant
1371 2603 1617 2662 ventum,
1651 2596 1753 2651 sub
1784 2610 1884 2651 suo

286 2685 417 2726 eum
475 2673 706 2745 imperio
755 2678 1148 2744 attrahentes:
1190 2681 1399 2751 primus
1446 2682 1631 2753 itaque
1685 2692 1884 2739 nostra

293 2762 622 2823 defectionis
655 2779 837 2826 motus
885 2774 1042 2842 quasi
1087 2774 1309 2843 quidam
1363 2790 1461 2830 rex
1504 2792 1611 2832 non
1661 2792 1882 2847 regens,

290 2856 392 2912 sed
422 2857 734 2928 deprimens
766 2862 822 2915 iu
868 2861 1103 2917 Sodoma
1130 2873 1244 2930 est;
1295 2862 1531 2921 Sodoma
1572 2882 1704 2922 vero
1733 2877 1882 2923 muta

291 2947 719 3006 diciturzmuta
751 2960 836 3007 est
887 2968 1040 3009 mens
1091 2964 1301 3021 nostra,
1354 2972 1480 3013 cum
1533 2956 1609 3011 nil
1660 2958 1883 3028 dignum

293 3044 509 3099 ratione
542 3055 832 3116 respondet
861 3047 927 3103 ad
959 3048 1333 3106 delectationis
1357 3050 1613 3106 ludibria.
1648 3050 1881 3107 Gomor-

297 3134 401 3189 rha
429 3136 621 3192 seditio
654 3138 858 3207 populi,
906 3139 961 3195 in
1005 3156 1111 3210 quo
1153 3141 1298 3195 intra
1339 3143 1541 3198 mentis
1573 3145 1760 3198 urbem
1792 3159 1883 3199 co-

298 3226 625 3295 gitationum
673 3244 905 3299 nequam
944 3230 1230 3286 eﬂ‘renatio
1275 3232 1608 3287 tumultuosa
1640 3240 1881 3287 notatur.

268 3315 507 3370 ,Adama
552 3317 947 3387 interpretatur
988 3335 1256 3387 cruores;
1291 3322 1512 3392 sanguis
1545 3332 1727 3377 autem
1759 3332 1887 3378 tunc

300 3420 464 3461 cruor
512 3408 684 3463 solum
733 3425 833 3465 usu
888 3409 1085 3465 Latino
1130 3411 1350 3477 dicitur,
1402 3428 1525 3467 cum
1580 3428 1612 3466 a
1660 3428 1888 3483 corpore

301 3495 594 3553 decurrere
624 3498 878 3556 videtur:
912 3516 1134 3558 cruores
1169 3517 1298 3574 ergo
1334 3512 1461 3559 sunt
1489 3514 1736 3574 peccata,
1769 3521 1889 3576 quae

301 3587 356 3643 in
383 3604 520 3660 opus
569 3607 796 3661 pravum
846 3608 915 3649 ex
966 3594 1181 3649 interna
1239 3595 1508 3651 seditione
1561 3598 1883 3666 procedunt.

303 3678 523 3736 Seboim
572 3698 757 3753 capra.
801 3684 887 3739 vel
918 3685 1157 3753 damula,
1189 3685 1276 3741 vel
1301 3687 1465 3748 statio
1497 3688 1614 3760 ejus
1644 3688 1698 3744 in
1726 3689 1886 3757 mari,

301 3769 356 3825 in
405 3787 516 3842 quo
560 3773 885 3842 intelligitur
935 3776 1050 3847 ipse
1087 3786 1275 3834 noster
1326 3783 1573 3845 allectus,
1625 3780 1719 3851 qui
1762 3796 1888 3837 cum

303 3872 486 3919 mutus
527 3879 595 3920 ex
635 3863 892 3933 Sodoma,
939 3868 1233 3926 seditiosus
1270 3884 1337 3926 ex
1365 3869 1692 3940 Gomorrha,
1721 3870 1888 3929 fuerit

307 3956 540 4027 denique
587 3967 958 4032 transgressor
985 3978 1053 4018 ex
1090 3963 1458 4039 Adama,jam
1496 3967 1654 4038 quasi
1699 3983 1886 4039 capra,

305 4059 421 4114 qua:
451 4047 749 4103 arduorum
788 4059 873 4105 est
900 4060 1183 4122 appetens,
1234 4038 1331 4123 spe
1379 4055 1527 4110 inani
1572 4038 1889 4113 sublevatur

307 4134 370 4191 ad
400 4152 620 4209 supera,
656 4139 853 4196 dehinc
869 4151 933 4195 vtn
963 4158 1170 4199 morem
1200 4144 1449 4213 damulm,
1482 4162 1603 4217 quae
1631 4147 1889 4218 pavidum

307 4244 387 4291 est
434 4238 656 4306 animal,
703 4254 773 4294 ne
813 4241 997 4296 habita
1040 4242 1254 4313 perdat,
1292 4244 1487 4301 timore
1510 4246 1794 4322 descendit
1820 4246 1890 4303 ad

308 4329 503 4396 infera;
541 4333 730 4405 sicque
752 4336 914 4393 statio
937 4334 1053 4406 ejus
1083 4336 1142 4392 ﬁt
1169 4338 1223 4393 in
1250 4339 1410 4405 mari,
1441 4340 1570 4396 dum
1606 4357 1888 4413 nunquam

312 4434 341 4474 a
368 4432 513 4477 recto
541 4424 706 4479 animi
742 4435 885 4481 statu
916 4427 1338 4485 indesineutium
1377 4430 1614 4501 impulsu
1642 4442 1887 4488 motuum

1976 544 2123 611 salis,
2158 545 2210 600 id
2241 555 2325 602 est
2362 561 2429 600 ex
2472 547 2576 603 hoc
2617 549 2920 609 innascitur
2967 553 3163 609 anima:
3210 552 3424 623 repulsa
3458 552 3553 609 Dei

1977 642 2263 712 sapientia,
2296 642 2584 711 prudentia
2614 646 2797 701 carnis
2823 663 2837 701 :
2867 646 2944 701 sal
2976 647 3119 702 enim
3148 647 3275 718 quia
3305 647 3409 702 hoc
3437 644 3554 703 loco

1976 736 2146 793 maris
2192 735 2412 802 dicitur,
2454 736 2652 791 astutia
2698 739 2990 807 accipitur;
3043 755 3192 795 mare
3226 755 3332 795 non
3367 739 3553 794 incon-

1977 845 2109 902 grue
2137 830 2280 886 sicut
2307 828 2585 896 saeculum,
2616 833 2689 884 ita
2716 839 2772 885 et
2796 847 2925 886 caro
2956 831 3176 898 dicitur,
3199 847 3318 903 qua:
3341 844 3553 902 semper

1977 931 2174 979 aestuat
2229 921 2538 989 desideriis;
2609 923 2888 992 prudentia
2948 934 3129 979 autem
3183 923 3375 987 carnis,
3435 938 3554 993 quae

1980 1017 2049 1071 ab
2107 1016 2367 1087 Apostolo
2420 1032 2559 1070 mors
2613 1025 2844 1070 vocatur
2894 1014 3094 1086 (Rom.
3147 1031 3281 1082 vm,
3341 1014 3441 1086 6),
3499 1014 3555 1071 in

1979 1108 2113 1164 solis
2168 1108 2537 1182 voluptatibus
2576 1106 2901 1164 exercendis
2948 1123 3013 1164 ac
3052 1108 3405 1178 exquirendis
3443 1106 3558 1177 glo—

1980 1201 2172 1255 riatur.

2052 1293 2217 1348 Vens.
2254 1291 2308 1347 4.
2338 1324 2408 1333 -
2434 1290 2721 1346 Duodecim
2757 1288 2913 1344 annis
2939 1285 3225 1341 servierunt
3261 1283 3556 1343 Chodorla-

1980 1384 2164 1438 liomor
2190 1425 2201 1447 ,
2229 1394 2275 1438 et
2307 1385 2458 1437 tertio
2488 1382 2688 1437 decimo
2719 1396 2859 1435 anno
2888 1385 3206 1434 recesserunt
3241 1376 3306 1431 ab
3329 1392 3410 1431 eo.
3457 1376 3563 1433 Per

1982 1473 2459 1540 Cliodorlaliomor,
2507 1488 2667 1544 quem
2712 1472 2950 1527 diximus
2980 1469 3137 1542 quasi
3162 1468 3419 1525 decorum
3444 1484 3564 1524 ma-

1985 1568 2232 1639 nipulum
2283 1567 2570 1640 appellari,
2619 1565 2979 1635 voluptatem,
3010 1578 3129 1633 quae
3160 1560 3369 1617 fructus
3403 1562 3566 1617 totius

1982 1660 2255 1730 nequitiae,
2283 1670 2338 1716 et
2363 1660 2517 1731 quasi
2559 1659 2779 1729 quidam
2831 1658 2994 1713 decor
3043 1667 3148 1725 est,
3202 1657 3559 1727 intelligimus

1983 1755 2236 1827 ﬁgurari;
2295 1754 2395 1809 tria
2446 1768 2576 1809 vero
2620 1760 2817 1823 quater
2842 1752 3126 1808 duodecim
3158 1751 3402 1814 faciunt;
3435 1750 3569 1806 duoo

1984 1849 2159 1904 decim
2212 1849 2398 1919 itaque
2444 1847 2602 1902 annis
2653 1845 2729 1901 illi
2785 1845 3075 1909 servimus,
3111 1860 3231 1901 cum
3265 1843 3565 1900 trinitatem

1982 1942 2203 2005 mentis,
2253 1941 2521 1995 rationem
2568 1939 2797 2005 scilicet,
2846 1939 3207 2004 voluntatem,
3252 1952 3315 1994 ac
3362 1950 3567 1993 memo-

1983 2037 2124 2091 riam
2170 2037 2457 2107 voluptati,
2490 2051 2609 2105 quae
2638 2036 2691 2089 in
2722 2035 2905 2106 regnis
2930 2035 3191 2090 vitiorum
3228 2033 3565 2103 praeeminet,

1987 2129 2140 2199 quasi
2183 2130 2284 2185 sub
2335 2114 2688 2199 quater-nario
2728 2127 3146 2197 temporalitatis
3176 2126 3339 2194 hujus
3363 2126 3566 2181 addici-

1985 2236 2127 2277 mus.
2193 2220 2491 2275 Duodecim
2538 2218 2706 2274 etiam
2757 2217 2915 2273 annis
2972 2218 3051 2273 illi
3104 2218 3393 2285 servimus,
3446 2231 3570 2272 cum

1987 2314 2209 2375 mentis,
2242 2322 2300 2367 ut
2326 2312 2583 2377 diximus,
2632 2310 2954 2378 trinitatem,
2977 2318 3032 2366 et
3062 2324 3309 2380 corporis
3347 2308 3566 2380 quanti-

1988 2416 2155 2463 tatem
2192 2407 2370 2463 eidem
2406 2404 2641 2475 quadam
2683 2403 2903 2458 annuali
2956 2402 3293 2473 perlectione
3344 2400 3567 2471 subjici-

1986 2515 2135 2561 mus;
2164 2499 2257 2555 sed
2280 2497 2439 2553 tertio
2462 2496 2673 2553 decimo
2693 2497 2762 2552 ab
2782 2511 2848 2553 eo
2871 2495 3197 2563 recedimus,
3222 2509 3347 2551 cum
3372 2493 3567 2561 Deum,

1985 2594 2079 2665 qui
2114 2593 2297 2648 unitas
2338 2599 2440 2655 est,
2479 2589 2769 2661 praesidem
2798 2605 2862 2644 ac
2885 2598 3154 2645 rectorem
3184 2588 3340 2644 nobis
3368 2587 3425 2644 in
3450 2602 3572 2644 cor-

1987 2701 2120 2758 pore
2157 2701 2222 2741 ac
2253 2684 2436 2739 anima
2469 2682 2825 2738 instituimus.

2058 2775 2224 2831 Vens.
2258 2776 2312 2840 5,
2338 2774 2393 2835 6,
2420 2773 2473 2826 7.
2498 2802 2568 2812 —
2594 2771 2767 2843 Igitur
2793 2788 2932 2826 anno
2966 2780 3157 2842 quarto
3193 2770 3393 2825 decimo
3436 2768 3572 2824 venit

1988 2864 2461 2929 Chodorlaliomor,
2506 2872 2554 2917 et
2588 2878 2750 2932 reges,
2781 2862 2872 2931 qui
2901 2878 3019 2915 cum
3054 2878 3114 2915 eo
3151 2870 3325 2928 erant,
3354 2875 3569 2931 percus-

1987 2968 2266 3029 seruntque
2292 2955 2555 3024 Rapltaim
2593 2954 2647 3008 iu
2687 2953 2958 3019 Astarotli,
2996 2950 3268 3018 Carnaim,
3302 2962 3349 3007 et
3380 2948 3570 3005 Zuzim

1987 3069 2104 3107 cum
2121 3052 2216 3117 eis,
2244 3050 2421 3104 Emim
2458 3050 2512 3103 in
2544 3046 2675 3102 Save
2719 3043 3069 3112 Cariatliaim,
3109 3055 3157 3099 et
3200 3045 3477 3101 Chorrazos
3516 3045 3572 3099 in

1914 3172 1959 3234 ο
1990 3143 2253 3197 montibus
2295 3140 2438 3206 Seir,
2495 3156 2658 3210 usque
2696 3138 2766 3192 ad
2808 3138 3121 3208 campestria
3165 3135 3408 3205 Pltaran,
3460 3151 3576 3207 qua:

1990 3244 2065 3289 est
2115 3234 2170 3287 in
2218 3231 2532 3296 solitudine,
2568 3238 2615 3285 et
2648 3238 3018 3300 percusserunt
3066 3244 3270 3282 omnem
3314 3229 3577 3299 regionem

1993 3325 2407 3381 Amalecitarum
2436 3364 2451 3389 ,
2510 3332 2558 3376 et
2608 3320 3009 3386 Amorrliazum,
3061 3320 3151 3390 qui
3200 3319 3467 3373 habitabat
3523 3319 3577 3374 in

1992 3415 2429 3472 Asasonthamar.
2468 3412 2778 3482 Reversique
2821 3419 2943 3465 sunt
2977 3410 3046 3464 ad
3088 3410 3282 3480 fontem
3321 3408 3577 3479 Miapltat,

1992 3511 2107 3581 ipsa
2129 3518 2203 3564 est
2227 3506 2413 3563 Cades.
2436 3505 2732 3576 Postquam
2758 3504 2814 3559 in
2859 3502 3089 3559 convalli
3112 3501 3354 3558 Mambre
3372 3502 3576 3557 Abram

1992 3606 2111 3676 ﬁgit
2146 3600 2577 3666 tabernaculum,
2622 3598 2943 3655 dederamus
2971 3597 3081 3669 regi
3113 3595 3447 3667 nequissimo
3476 3609 3575 3651 vo-

1991 3696 2183 3768 luptati
2232 3682 2551 3766 repudium;
2601 3691 2718 3748 haec
2766 3690 2913 3746 enim
2958 3688 3303 3761 przecellitiu
3333 3688 3574 3760 regibus,

1992 3791 2119 3863 quia
2178 3789 2256 3845 nil
2305 3788 2582 3856 voluptate
2624 3784 2880 3845 cordibus
2935 3783 3218 3840 hominum
3266 3782 3577 3839 dominatur

1992 3883 2255 3941 tenacius.
2302 3882 2374 3938 At
2416 3880 2586 3936 animi
2634 3894 2843 3944 rursus,
2896 3886 2953 3933 ut
2997 3876 3221 3944 assolet,
3271 3885 3577 3949 tepescente

1992 3985 2160 4043 statu,
2190 3984 2247 4033 et
2272 3974 2557 4031 denarium
2588 3972 2786 4028 divinae
2815 3971 2953 4042 legis
2986 3970 3340 4042 quaternario
3371 3979 3577 4042 tempoo

1994 4069 2227 4125 ralitatis
2271 4073 2631 4138 supponente,
2681 4063 2948 4120 memoria
2990 4063 3305 4134 voluptatis.
3334 4061 3576 4119 delecta-

1995 4162 2179 4227 tionis,
2230 4175 2566 4225 consensus,
2614 4155 3137 4226 consuetudinisque
3187 4155 3435 4226 pristinae
3489 4170 3577 4211 ac.

1994 4252 2172 4309 cincta
2215 4249 2511 4322 suﬂ‘ragiis,
2560 4247 2797 4319 percutit
2829 4244 3092 4316 Rapliaim
3120 4246 3175 4298 in
3202 4243 3476 4311 Asturam,
3519 4244 3575 4301 id

1994 4352 2078 4401 est
2116 4341 2323 4399 imbelli
2369 4356 2466 4398 sua
2510 4337 2909 4402 teneritudine,
2965 4351 3071 4406 qua
3120 4334 3282 4391 nullis
3338 4336 3578 4392 motibus

1994 4436 2191 4498 obstat,
2237 4432 2444 4488 excitat
2482 4441 2538 4486 et
2583 4434 2892 4485 commovet
2932 4425 3200 4497 gigantes,
3233 4427 3375 4496 quod
3412 4425 3578 4481 inter-

312 4514 502 4569 desinit
545 4515 831 4577 ﬂuctuare.
858 4518 1117 4591 Sequitur
1164 4523 1329 4594 igitur
1373 4523 1487 4594 jam
1541 4525 1704 4593 Bale,
1770 4541 1891 4594 quae
1919 4527 2241 4599 Dpretatur
2296 4521 2597 4593 Raphaim,
2628 4519 2681 4573 id
2729 4526 2813 4572 est
2857 4516 3121 4586 superbos
3167 4516 3461 4585 daemones,
3513 4516 3579 4574 ad

310 4611 699 4685 interpretatur
737 4618 1026 4684 absorbuit,
1066 4618 1150 4673 vel
1184 4620 1566 4691 praecipitauit;
1624 4636 1751 4679 nam
1807 4621 1895 4677 his

313 4703 490 4758 anima
514 4705 582 4760 ad
613 4706 738 4763 vitae
783 4707 1193 4763 destitutionem
1239 4709 1580 4781 praecipitata
1631 4710 1894 4779 miseriis,

312 4798 541 4867 quodam
587 4800 875 4857 oblivionis
903 4802 1233 4857 absorbetur
1258 4803 1541 4871 barathro,
1564 4812 1623 4859 ut
1646 4804 1761 4874 jam
1802 4804 1895 4859 vix

224 4928 233 4943 .
310 4891 621 4948 meminisse
677 4892 829 4960 velit,
879 4894 934 4949 in
989 4910 1097 4964 quo
1152 4894 1223 4951 sit
1277 4897 1455 4967 posita
1512 4906 1893 4969 tempestatum

310 4983 441 5041 salo.
489 4987 666 5057 Super
710 4986 798 5043 his
842 4986 1029 5057 itaque
1076 4988 1330 5043 omnibus
1375 5005 1535 5061 reges
1574 5000 1718 5057 sunt,
1765 4991 1894 5048 dum

313 5075 488 5131 carnis
515 5085 696 5133 motus
727 5078 1120 5150 cogitationum
1157 5078 1371 5149 agmina
1400 5080 1505 5137 sibi
1538 5084 1890 5150 contrahunt,

312 5166 482 5239 Reges
524 5178 764 5240 quatuor
808 5171 1069 5227 adversus
1116 5169 1358 5239 quinque
1400 5186 1460 5227 se
1500 5172 1738 5244 erigunt,
1763 5172 1893 5229 dum

312 5260 576 5329 praedicta:
612 5262 944 5319 defectiones
989 5263 1157 5319 animi
1212 5262 1348 5319 alias
1389 5264 1444 5318 in
1481 5262 1679 5320 aﬂ‘ectu
1708 5273 1895 5324 nostro

316 5354 687 5425 remissiones,
726 5366 782 5414 et
807 5356 1107 5427 nequitias,
1144 5364 1240 5412 aut
1276 5355 1442 5412 etiam
1488 5357 1707 5414 easdem
1747 5360 1894 5431 ipsas

227 5496 233 5502 .
316 5458 667 5517 exaggerant,
722 5459 777 5507 et
832 5450 1158 5507 accendunt.
1220 5446 1373 5506 Unde
1428 5449 1673 5521 sequitur
1706 5465 1723 5506 :
1756 5452 1893 5521 Quia

315 5550 502 5596 omnes
549 5541 606 5597 hi
648 5553 1024 5602 convenerunt
1053 5544 1107 5599 in
1135 5542 1332 5600 vallem
1372 5543 1699 5613 silvestrem,
1728 5545 1781 5601 id
1810 5556 1895 5604 est

318 5633 489 5689 omnis
537 5637 874 5708 negligentiae
924 5639 1176 5693 examina
1222 5638 1486 5710 ,coierunt
1547 5639 1598 5694 in
1652 5650 1890 5697 mentem

318 5722 604 5794 humilem;
653 5730 747 5785 sed
786 5732 852 5786 ab
888 5730 1214 5788 excellentia
1250 5730 1558 5788 sanctitatis
1588 5731 1888 5804 deiectam,

322 5822 369 5875 et
422 5816 670 5876 silvatico
720 5820 976 5897 quodam
1009 5822 1233 5882 horrore
1279 5824 1508 5898 peccati,
1564 5824 1885 5886 multimoda

1998 4615 2305 4673 faciendam
2352 4612 2585 4683 lapsurae
2617 4607 2796 4665 menti
2825 4606 3259 4678 explorationem
3287 4627 3301 4664 :
3332 4610 3578 4665 Astarotlt

1998 4722 2154 4775 sane,
2184 4706 2392 4763 faciunt
2411 4704 2808 4776 exploratores,
2834 4700 3054 4758 dicitur.
3085 4701 3373 4761 Percussio
3398 4716 3578 4761 autem

1998 4804 2103 4860 ista
2133 4817 2238 4858 non
2270 4798 2617 4869 interemptio
2654 4806 2757 4864 est,
2787 4795 2883 4852 sed
2926 4810 3133 4852 securae
3159 4812 3223 4853 ac
3249 4798 3478 4855 nimium
3515 4798 3579 4854 de

1999 4909 2060 4952 se
2108 4892 2327 4950 ﬁdentis
2378 4891 2572 4947 animae
2626 4888 2960 4954 concitatio;
3022 4887 3200 4945 solent
3254 4890 3395 4946 enim
3449 4903 3579 4945 vasa

1996 4986 2231 5060 percuti,
2270 4994 2331 5041 ut
2357 4999 2593 5051 muscae,
2637 4982 2724 5037 vel
2752 4997 2884 5053 apes
2918 4978 3052 5036 inibi
3080 4982 3262 5051 quiete
3293 4980 3581 5038 considen-

2002 5087 2081 5136 les
2127 5078 2479 5143 sustinentur.
2526 5076 2669 5133 unde
2714 5083 2769 5128 el
2814 5076 3133 5154 percussum
3181 5076 3384 5132 dicitur
3434 5070 3579 5130 latus

1996 5169 2142 5227 Petri
2169 5171 2221 5227 in
2252 5186 2493 5227 carcere.
2539 5172 2670 5229 Post
2715 5172 3146 5243 explorationem
3174 5183 3305 5240 ergo
3344 5164 3577 5221 infirma:

2000 5264 2222 5333 mentis,
2263 5282 2384 5337 qua:
2412 5265 2477 5321 ad
2503 5280 2720 5322 omnem
2752 5264 3072 5321 memoriam
3107 5264 3174 5320 ad
3206 5262 3335 5320 Vttia
3369 5272 3574 5318 conca-

1998 5357 2175 5425 lescit,
2204 5359 2531 5428 percutitur,
2557 5357 2611 5413 id
2639 5366 2727 5413 est
2751 5367 3002 5414 movetur
3028 5355 3300 5422 Carnaim,
3327 5352 3472 5425 quod
3492 5357 3579 5407 est

1999 5462 2227 5514 cornua,
2256 5446 2310 5501 in
2338 5448 2536 5518 quibus
2565 5448 2824 5519 'signatur
2869 5448 3204 5521 repugnandi
3242 5453 3430 5502 contra
3462 5457 3581 5501 mea

1999 5542 2188 5598 moriae
2227 5540 2630 5611 suggestionem
2663 5539 2989 5597 confidentia
3020 5560 3034 5597 :
3060 5541 3239 5598 solent
3265 5552 3458 5609 nempe
3486 5549 3579 5593 se-

1998 5651 2131 5691 cure
2154 5634 2317 5703 aliqui
2344 5633 2396 5688 in
2423 5633 2663 5705 cogitatu
2688 5634 2977 5703 delectari,
3006 5636 3073 5692 de
3095 5636 3209 5692 suis
3231 5633 3315 5689 ﬁsi
3344 5631 3574 5698 viribus,

1999 5728 2145 5802 quod
2171 5742 2338 5798 pravo
2359 5729 2570 5799 possint
2594 5729 3053 5800 operi‘reluctari.

2070 5821 2459 5881 Percutiunt‘ur
2500 5838 2632 5898 ergo
2678 5838 2905 5894 cornua,
2946 5820 3074 5881 dum
3104 5820 3174 5881 ad
3200 5813 3577 5877 delectationis
