4062 6354
539 303 642 358 123

1361 304 1422 362 ν.
1447 307 1772 364 GUlBERTl
1813 307 2106 366 ABBATIS
2135 308 2196 365 5.
2234 308 2475 370 MANE.
2513 311 2603 368 DE
2645 310 3052 372 NOVIGENTO'

3735 313 3885 369 124

544 434 811 477 venenum
844 419 1076 478 dulciter
1101 421 1453 477 hauriendum
1486 421 1666 478 fallax.
1681 425 2016 495 permittitur
2048 425 2114 481 ad
2143 426 2190 484 A
2215 423 2444 482 bitatum
2497 443 2698 500 genera
2753 429 2995 486 membra
3053 428 3428 500 corruperint‘,
3486 439 3823 486 rationem
3847 471 3872 501 ,

535 505 792 571 effectum
841 517 1062 573 sceleris
1108 519 1456 590 repugnantia
1495 537 1506 572 :
1551 520 1810 577 cornibus
1857 521 2000 576 enim
2051 538 2111 578 se

543 607 843 664 defendunt
863 609 1144 676 animalia;
1175 609 1266 665 sed
1293 608 1500 676 Zuzim,
1527 612 1618 681 qui
1644 620 1697 667 et
1720 611 2110 668 Zomzommim

542 700 677 757 alias
720 701 990 766 dicuntur,
1034 717 1150 755 cum
1189 703 1263 757 eis
1306 705 1511 773 pariter
1552 705 1884 776 excitantur;
1914 707 2109 764 vitiosa

539 792 820 864 so'enim
850 808 969 847 cum
1002 792 1072 848 sit
1101 803 1295 850 nostra
1339 805 1554 864 natura,
1603 798 1856 853 vitiorum
1899 801 2107 855 semina

541 883 596 938 in
627 898 685 938 se
704 889 902 953 portat,
946 891 1001 938 et
1037 883 1155 939 bzcc
1199 885 1338 954 ipsa,
1391 887 1562 942 donec
1592 889 1791 944 excitet
1819 889 1900 944 vis
1930 898 2107 944 tenta-

539 974 710 1041 tionis,
762 989 821 1030 se
869 968 982 1046 pati
1032 975 1702 1048 ignorat:Zomzommim
1729 990 1907 1036 autem
1941 981 2106 1038 dictio

533 1064 763 1136 integra,
825 1066 1012 1122 Zuzim
1064 1084 1196 1125 vero
1251 1087 1348 1142 per
1391 1073 1753 1130 concisionem
1803 1085 1885 1130 est
1928 1077 2102 1144 dicta;

528 1153 920 1212 Zomzommim
951 1159 1133 1228 itaque
1163 1161 1380 1230 dicitur,
1410 1180 1528 1234 qua:
1559 1174 1642 1221 est
1672 1167 1788 1221 haec
1830 1184 1988 1237 aqua,
2020 1169 2105 1223 vel

525 1251 822 1320 praeparati
853 1252 906 1306 in
934 1253 1069 1308 acie.
1101 1255 1237 1309 Dum
1267 1273 1504 1328 namque
1529 1275 1757 1327 cornua,
1791 1261 1843 1316 id
1876 1271 1958 1318 est
1991 1263 2104 1318 for-

539 1340 829 1396 titudinem
871 1348 1205 1416 repugnandi
1269 1360 1459 1406 contra
1511 1369 1676 1422 prava
1710 1345 1896 1425 "opera
1950 1372 2104 1413 mens

532 1427 799 1486 fallaciter
839 1435 1013 1506 erigit,
1068 1448 1122 1492 et
1164 1439 1350 1510 prima:
1403 1443 1779 1501 delectationis
1820 1447 2100 1504 mollitiem

533 1519 724 1579 leviter
765 1526 929 1598 ducit,
977 1541 1196 1601 repente
1244 1538 1721 1594 concrescenlibus
1771 1540 2101 1610 cogitatuum

533 1620 996 1694 corporaliumque
1025 1636 1266 1682 motuum
1295 1630 1492 1698 ventis,
1525 1634 1677 1702 quasi
1714 1634 1960 1702 quaedam
1983 1635 2097 1705 gla-

527 1707 628 1762 ciei
673 1712 871 1769 duritia
918 1717 1135 1773 admoto
1167 1719 1290 1790 igne
1328 1722 1637 1789 resolvitur,
1671 1732 1723 1778 et
1747 1724 1928 1779 dicere
1959 1726 2100 1795 apud

530 1797 717 1864 sejam
748 1803 992 1875 relapsus
1018 1811 1085 1863 ab
1107 1809 1197 1865 illo
1227 1818 1376 1868 tanto
1403 1812 1599 1868 robore
1622 1814 1850 1884 cogitur,
1873 1830 1992 1885 quae
2017 1825 2100 1870 est

532 1891 646 1949 haec
681 1911 840 1968 aqua,
893 1901 948 1956 id
985 1911 1069 1958 est
1121 1904 1262 1959 unde
1299 1905 1430 1959 mihi
1455 1922 1518 1960 ex
1551 1907 1825 1976 insperato
1857 1917 1935 1962 tot
1967 1918 2100 1962 tam-

529 2003 632 2055 que
654 1988 795 2045 lluxa
823 1991 1127 2051 desideria?
1156 1996 1289 2053 Cum
1315 1999 1564 2068 proprios
1601 1999 1742 2054 enim
1785 2007 1964 2055 motus
1999 2001 2099 2055 sub

530 2095 628 2136 suo
655 2082 856 2140 habere
880 2101 938 2141 se
962 2097 1179 2157 putaret
1218 2089 1363 2160 jure,
1412 2093 1590 2147 subito
1640 2095 1867 2148 attendit
1905 2102 2096 2149 contra

526 2177 585 2225 Se
605 2184 938 2243 praeparatos
961 2178 1013 2233 in
1042 2179 1174 2236 acie.
1213 2179 1386 2236 Emim
1418 2182 1580 2237 etiam
1613 2183 1666 2237 in
1696 2183 1833 2240 Sabe
1862 2200 2097 2240 commo-

521 2274 734 2333 ventur,
767 2268 893 2323 dum
916 2270 1185 2327 horrenda
1215 2276 1470 2342 quaelibet
1497 2292 1605 2330 non
1635 2277 2092 2338 modonaturalia

525 2359 662 2413 mala
721 2375 749 2415 a
815 2363 1028 2433 captiva
1084 2375 1266 2422 mente
1306 2367 1420 2435 jam
1477 2379 1888 2438 proponuntur;
1959 2371 2095 2424 Sabe

522 2452 735 2521 captiva
789 2453 1197 2524 interpretatur,
1251 2458 1336 2512 vel
1386 2475 1610 2528 vepres;
1663 2475 1854 2530 vepres
1901 2474 2083 2516 autem

523 2544 938 2615 desideriorum,
989 2565 1107 2620 quae
1161 2565 1258 2606 nos
1297 2550 1558 2620 lacerant,
1589 2553 1887 2608 carnalium
1917 2555 2097 2609 multi-

521 2633 734 2706 plicitas
755 2648 908 2706 sunt;
939 2639 991 2695 in
1015 2641 1474 2699 emendatioribus
1503 2659 1608 2698 non
1633 2643 1790 2712 Sabe,
1816 2645 1910 2700 sed
1937 2645 2090 2712 Save,

524 2728 605 2782 vel
648 2729 811 2784 etiam
856 2729 1023 2786 Sac/te
1071 2733 1318 2801 habetur,
1363 2736 1506 2806 quod
1539 2735 1699 2807 digne
1742 2736 1828 2792 vel
1865 2736 2097 2793 elevatio

523 2821 930 2892 interpretatur,
956 2840 1157 2883 sonans
1185 2829 1386 2898 utique,
1416 2829 1556 2899 quod
1587 2829 1746 2900 digne
1781 2831 1879 2885 hos
1909 2833 2094 2885 incur-

440 2905 452 2917 ’
523 2929 616 2968 sus
656 2926 874 2986 propter
905 2916 1191 2974 elationem
1237 2934 1389 2973 suam
1441 2919 1620 2973 anima
1671 2920 1943 2990 patiatur;
1986 2937 2092 2976 non

523 3004 694 3059 solum
727 3021 858 3063 vero
887 3007 942 3062 in
971 3010 1250 3078 vepribus,
1283 3010 1332 3065 id
1359 3019 1441 3065 est
1469 3011 1522 3066 in
1553 3013 1832 3081 corporeis
1861 3014 2096 3069 motibus

522 3097 614 3150 sed
639 3096 801 3150 etiam
843 3097 896 3151 in
939 3097 1288 3167 Cariathaim,
1321 3100 1463 3170 quod
1494 3110 1575 3155 est
1609 3102 1662 3155 in
1689 3101 1906 3157 civitate
1935 3103 2096 3157 silva-
2123 3135 2164 3193 ο
2198 3104 2529 3177 profanitate
2553 3104 2721 3159 Deum
2745 3103 3033 3169 amaricat,
3067 3111 3122 3158 et
3152 3102 3278 3157 dum
3309 3100 3577 3172 aliquibus
3607 3099 3778 3165 vitiis,

520 3202 661 3254 rum,
695 3203 800 3259 quo
829 3190 1075 3261 signatur
1125 3191 1347 3259 inculta,
1377 3201 1432 3246 et
1469 3194 1691 3248 obsessa
1734 3194 2092 3262 pravitatibus

519 3295 690 3346 mens,
743 3282 1076 3339 horribilitas
1108 3284 1469 3354 nequitiarum
1507 3286 1782 3340 excitatur
1811 3303 1823 3340 :
1857 3285 2093 3342 Cliorrtet'

517 3373 679 3427 etiam
716 3374 770 3429 in
809 3377 1072 3430 montibus
1120 3376 1236 3432 Seir
1280 3377 1385 3434 isto
1430 3379 1734 3434 certamine
1781 3379 2088 3446 irritantur,

517 3463 643 3532 quia
674 3479 863 3520 sensus
911 3468 1232 3535 exteriores,
1283 3484 1421 3539 quos
1474 3469 1714 3526 Cborrtei
1757 3471 2086 3542 significant,

517 3553 574 3608 in
604 3553 911 3611 altitudines
949 3559 1213 3629 superbiae
1249 3561 1316 3616 de
1356 3561 1722 3618 exuberantiis
1757 3573 2089 3634 perpetrata-

517 3647 642 3701 rum
673 3647 956 3705 libidinum
982 3651 1215 3722 gloriose
1237 3654 1603 3721 extolluntur;
1633 3655 1872 3711 Chorraei
1899 3671 2090 3726 nempe

518 3737 586 3792 de
628 3738 982 3798 foraminibus
1031 3743 1476 3814 interpretantur,
1519 3755 1573 3802 et
1616 3762 1812 3817 corpus
1842 3757 2089 3802 nostrum

519 3833 764 3890 sensibus
791 3835 922 3900 suis,
960 3836 1035 3891 uti
1065 3839 1385 3904 quibusdam
1422 3841 1695 3910 aperturis
1739 3840 2086 3909 foraminum,

519 3943 702 3986 rerum
733 3929 1026 3986 forensium
1061 3935 1298 3990 tactibus
1320 3944 1649 4004 permeatur.

590 4021 712 4076 Seir
737 4035 866 4078 vero
884 4023 1069 4080 hircus
1095 4027 1310 4089 dicitur,
1339 4027 1392 4082 in
1425 4043 1531 4096 quo
1570 4027 1710 4082 fetor
1743 4027 1968 4082 luxuriae
1996 4041 2090 4082 ac-

519 4113 743 4181 cipitur;
777 4131 937 4186 usque
964 4116 1034 4170 ad
1058 4120 1366 4188 cantpestria
1406 4119 1622 4174 Pharan
1648 4138 1765 4192 qua:
1790 4123 1942 4176 estin
1965 4121 2092 4175 soli-

519 4207 718 4271 tudine,
749 4207 818 4262 ab
845 4207 1033 4264 iisdem
1079 4211 1295 4282 regibus
1342 4211 1474 4279 itur,
1523 4214 1648 4283 quia
1697 4215 1809 4284 ipsa
1858 4214 2090 4270 tumoris

517 4311 704 4353 eorum
753 4299 954 4368 rabies,
1005 4316 1110 4372 qua
1157 4301 1224 4356 de
1273 4303 1385 4359 suis
1428 4302 1731 4360 malefactis
1765 4305 2086 4374 gloriantur,

516 4391 614 4445 sub
640 4391 876 4448 rediviva
918 4391 1239 4466 ﬂagitiorum
1275 4395 1641 4462 quorumlibet
1671 4396 1972 4462 ferocitate,
2004 4411 2089 4450 re-

2215 534 2334 589 quie
2355 519 2468 574 sola
2493 530 2769 590 superstes
2789 520 3111 592 plerumque
3138 520 3413 576 miseriam
3443 535 3601 575 suam
3633 509 3867 594 videt,

2213 624 2267 668 et
2321 613 2562 686 ingemit,
2611 613 2959 685 exstinguere
3014 620 3295 684 appetunt,
3348 626 3416 667 ne
3472 611 3594 684 ipsa
3659 611 3862 668 mala

2211 706 2486 774 pensando
2531 704 2710 760 doleat
2753 719 2873 774 quae
2903 704 3006 760 sibi
3047 705 3252 760 insunt.
3298 701 3504 759 Occisis
3551 719 3860 774 namque

2211 796 2358 860 ﬁliis,
2411 795 2686 852 Sedeebiae
2721 795 2861 852 oculi
2895 803 3196 860 eruuntur;
3241 794 3352 863 ipsa
3394 807 3614 864 quoque
3661 793 3855 849 ratio

2210 898 2284 944 est
2325 886 2524 944 Cades:
2547 888 2711 944 Cades
2743 904 2872 944 vero
2899 897 3086 943 sancta
3117 886 3204 942 vel
3231 893 3437 942 mutata
3467 886 3852 956 interpreta-

2213 990 2301 1035 tur
2328 998 2342 1034 :
2367 997 2486 1051 quae
2507 981 2650 1037 enim
2679 989 2866 1036 sancta
2895 981 3091 1044 fuerat,
3123 978 3328 1035 carnali
3365 978 3633 1050 appetitui
3672 979 3846 1034 resi-

2209 1074 2420 1142 stendo,
2467 1082 2521 1129 et
2543 1089 2574 1127 a
2596 1073 2737 1128 Loth
2767 1073 3058 1128 divortium
3099 1071 3368 1138 faciendo,
3401 1086 3544 1126 vera:
3571 1071 3840 1142 perspi-

2210 1165 2448 1230 cuitatis,
2500 1165 2554 1219 id
2599 1174 2684 1218 est
2723 1163 3201 1234 contemplationis
3248 1163 3496 1232 adempto
3542 1161 3658 1216 sibi
3717 1161 3830 1215 ln-

2209 1255 2356 1310 mine
2408 1262 2773 1320 commutata,
2827 1268 3013 1322 regum
3071 1253 3461 1323 pessimorum,
3511 1252 3608 1320 qui
3671 1259 3832 1320 post

2207 1349 2496 1404 criminum
2542 1347 2936 1402 revolutionem
2988 1345 3054 1399 ad
3085 1347 3227 1400 hanc
3267 1344 3496 1399 redeunt
3524 1343 3827 1397 obsiden-

2209 1441 2352 1506 dam,
2382 1441 2663 1496 substituit
2691 1440 2755 1494 ad
2787 1448 2998 1509 tempus
3030 1437 3281 1493 arbitrio.
3319 1435 3644 1492 Percutiunt
3674 1450 3820 1490 om-
4014 1495 4015 1510 γ

2206 1546 2328 1586 nem
2373 1539 2571 1586 terram
2612 1529 3060 1594 Amalecitarum,
3110 1527 3234 1598 quia
3279 1524 3553 1594 affectum,
3591 1525 3822 1580 volun-

2209 1631 2394 1690 tatem,
2449 1622 2804 1688 intellectum,
2845 1620 3362 1689 sensualitatemque
3411 1617 3505 1672 Dei
3539 1615 3820 1672 inimico-

2203 1733 2326 1774 rum
2375 1717 2533 1786 juxta
2587 1717 2930 1772 Psalmistam
2985 1725 3187 1772 terram
3239 1714 3560 1785 lingentium
3605 1709 3812 1770 (Psal.

2205 1828 2356 1877 uxr,
2395 1811 2450 1882 9)
2498 1827 2602 1866 non
2641 1811 2812 1866 solum
2847 1811 2913 1865 ad
2942 1811 3228 1881 cupienda,
3261 1809 3355 1864 sed
3393 1811 3558 1864 etiam
3597 1804 3818 1860 adula-

2205 1901 2528 1961 tionibus’ad
2550 1905 2830 1959 lambenda
2854 1903 3036 1960 szeculi
3059 1903 3216 1973 hujus
3236 1900 3518 1956 commoda
3541 1898 3812 1964 irritant,

2203 2009 2260 2054 et
2312 1999 2634 2054 accendunt.
2693 1995 2960 2053 Amalech
3021 1996 3222 2052 etenim
3283 1993 3511 2066 populus
3573 1991 3814 2060 lingens

2203 2092 2404 2147 dicitur
2461 2106 2555 2147 eos
2613 2091 2973 2162 significans,
3026 2091 3117 2160 qui
3180 2089 3324 2159 quod
3372 2087 3426 2142 vi
3461 2094 3807 2156 nequeunt,

2201 2184 2500 2256 hypocrisi,
2532 2183 2838 2255 linguaeque
2861 2182 3230 2237 blandimento
3260 2179 3600 2249 praeripiam.

2269 2275 2578 2330 Percutitur
2596 2264 2760 2329 etiam
2785 2274 3152 2338 Amorrhaeus,
3175 2272 3264 2345 qui
3293 2270 3561 2325 habitabat
3583 2271 3640 2322 in
3661 2275 3806 2322 Asa-

2199 2368 2540 2432 sonthamar,
2594 2366 2646 2420 id
2679 2374 2760 2420 est
2813 2366 3084 2420 excitatur
3139 2364 3315 2418 inanis
3370 2361 3539 2433 gloria
3604 2358 3796 2416 Deum

2201 2459 2406 2526 absque
2440 2456 2602 2510 dubio
2636 2455 2964 2520 amaricans,
3008 2455 3132 2524 quia
3183 2460 3598 2524 perseveranter
3646 2451 3799 2506 obti-

2201 2559 2332 2604 nere
2380 2563 2440 2602 se
2486 2547 2705 2602 simulat
2771 2547 3028 2602 vitio‘rum
3078 2559 3419 2617 quorumque
3486 2543 3792 2614 przesidia,

2201 2643 2523 2699 indesineuti
2579 2643 2841 2714 potiundo
2886 2643 3135 2698 victoria.
3190 2642 3529 2696 Amorrliceus
3580 2640 3795 2695 dicitur

2199 2734 2534 2800 amaricans;
2565 2733 2981 2789 Asasonthamar
3000 2741 3183 2788 autem
3204 2733 3332 2787 urbs
3359 2730 3691 2801 palmarum,
3735 2731 3792 2785 in

2197 2829 2393 2900 palmis
2413 2843 2628 2898 quoque
2649 2826 2893 2883 victoriae
2919 2825 3250 2898 ﬁgurantur;
3294 2825 3558 2879 honorem
3595 2823 3791 2892 itaque

2199 2920 2310 2974 Deo
2334 2919 2574 2974 debitum
2604 2919 2671 2974 de
2697 2917 2909 2988 peccati
2935 2917 3190 2982 victoria,
3217 2932 3341 2973 eum
3372 2914 3472 2970 sibi
3508 2912 3790 2968 fallaciter

2200 3027 2354 3068 mens
2401 3018 2662 3082 arrogat,
2717 3009 2951 3080 quadam
3019 3007 3340 3064 idololatrias
3393 3022 3457 3062 ac
3504 3002 3783 3074 sacrilegii

2197 3212 2227 3252 a
2275 3198 2470 3267 quibus
2523 3195 2589 3250 ad
2642 3195 2832 3250 horam
2880 3195 3060 3249 minus
3113 3193 3420 3264 impetitur,
3472 3205 3655 3247 carere
3708 3205 3776 3245 se

2197 3288 2435 3354 simulat,
2466 3288 2533 3344 de
2558 3287 2748 3342 urbica
2773 3286 3008 3358 quadam
3047 3285 3352 3340 munitione
3384 3283 3490 3349 sui,
3518 3290 3567 3336 et
3593 3281 3766 3333 vieto-

2193 3382 2274 3436 ria
2305 3381 2541 3454 glorians
2584 3379 2814 3451 peccati,
2846 3379 3002 3448 quasi
3040 3393 3135 3433 rex
3166 3392 3289 3433 sese
3327 3375 3625 3431 inhabitat:
3655 3386 3769 3426 non

2194 3473 2338 3528 enim
2379 3473 2560 3527 omnia
2593 3486 2691 3526 nos
2720 3470 2928 3541 pariter
2955 3470 3086 3524 vitia
3117 3468 3356 3540 pulsant,
3401 3468 3493 3522 sed
3526 3481 3644 3520 cum
3671 3480 3776 3519 nos

2191 3563 2335 3618 malo
2373 3561 2590 3632 capitali
2625 3560 3065 3630 constringimur,
3095 3559 3162 3615 ab
3188 3558 3308 3614 aliis
3334 3557 3546 3612 interim
3571 3555 3772 3621 feriati,

2194 3655 2434 3724 ipsorum
2457 3651 2607 3722 quasi
2633 3651 2867 3706 victores
2892 3665 3012 3705 esse
3041 3649 3310 3715 videmur,
3338 3647 3536 3718 quibus
3565 3654 3774 3712 tamen,

2194 3759 2318 3800 cum
2361 3758 2522 3798 causa
2563 3743 2808 3807 redierit,
2861 3752 3110 3813 prompta
3141 3757 3264 3796 mox
3299 3741 3575 3795 voluntate
3603 3737 3776 3807 subji-

2195 3838 2390 3894 cimur.
2423 3835 2546 3890 Haec
2572 3835 2733 3907 igitur
2765 3843 2898 3900 tota,
2931 3838 3032 3890 etsi
3092 3851 3198 3889 non
3232 3834 3393 3890 simul
3421 3834 3604 3887 animo
3631 3831 3772 3900 ejus,

2193 3930 2285 4001 qui
2331 3935 2576 3984 tentatur
2617 3943 2674 3982 se
2722 3929 3003 3998 ingerunt,
3060 3935 3240 3982 tamen
3291 3925 3622 3996 pedetentim
3673 3937 3780 3993 per

2194 4023 2508 4080 tentationis
2530 4036 2727 4086 moras,
2747 4021 3088 4085 delectando,
3109 4018 3510 4080 consentiendo,
3539 4017 3769 4086 agendo,

2192 4117 2460 4174 visitando
2523 4132 2810 4188 erumpere
2863 4124 3282 4172 consueverunt.
3336 4113 3588 4184 Quinque
3635 4126 3771 4182 ergo

2193 4226 2348 4282 reges
2376 4209 2755 4282 egrediuntur,
2781 4217 2833 4264 et
2865 4209 3100 4279 dirigunt
3125 4215 3314 4262 contra
3342 4213 3576 4276 quatuor
3595 4201 3767 4257 aciem

2193 4303 2246 4358 in
2279 4303 2418 4358 valle
2447 4301 2708 4368 silvestri,
2757 4301 2883 4356 dum
2934 4299 3160 4354 affectus
3201 4307 3403 4361 noster,
3432 4296 3521 4365 qui
3550 4293 3766 4348 aeternis

2198 4395 2356 4451 debet
2396 4395 2698 4460 intendere,
2732 4391 3133 4464 quaternitatis,
3165 4392 3218 4446 id
3249 4401 3330 4447 est
3356 4386 3766 4460 temporalitatis

511 4481 651 4540 ’lli-xa
703 4490 1076 4545 consternitur
1119 4491 1173 4544 in
1216 4492 1388 4562 campi
1439 4505 1666 4559 morem,
1720 4500 1775 4546 et
1823 4489 2084 4560 quidquid
2119 4487 2300 4543 Dsum
2350 4487 2590 4542 motibus
2627 4485 2988 4555 constipatus,
3046 4484 3302 4539 delectari
3356 4481 3660 4554 c0gitando,
3699 4495 3770 4534 ac

513 4577 706 4634 divina:
748 4583 1024 4639 memoriae
1055 4584 1108 4638 in
1139 4593 1319 4639 mente
1355 4585 1653 4650 resederat,
1691 4585 1831 4639 redit
1867 4584 1922 4638 in
1957 4583 2084 4640 soli-

513 4672 714 4727 tudinis
747 4671 1061 4741 horrorem;
1105 4676 1160 4729 in
1201 4675 1484 4731 solitudine
1518 4677 1675 4746 plane
1703 4685 1807 4742 est,
1839 4675 2082 4747 quisquis

513 4764 629 4816 sine
655 4762 763 4819 Deo
793 4765 1101 4822 habitatore
1132 4776 1246 4835 est;
1279 4767 1494 4823 Pharan
1533 4783 1661 4825 vero
1695 4769 2084 4840 interpretatur

510 4853 768 4912 ferocitas
802 4872 1010 4922 eorum,
1045 4859 1188 4914 haud
1215 4861 1433 4917 dubium
1470 4862 1599 4932 quin
1661 4862 1936 4924 vitiorum,
1967 4874 2085 4928 qua:

511 4949 770 5003 utentium
801 4950 1130 5007 munitiones
1158 4953 1468 5024 campestri,
1503 4953 1735 5024 quadam
1768 4952 2085 5016 inﬁrmitate

506 5038 854 5108 compellant.
907 5040 1278 5098 Revertuntur
1307 5043 1375 5097 ad
1403 5043 1599 5114 fontem
1637 5043 1904 5115 Masphat,
1941 5042 2084 5114 quod

506 5138 585 5206 est
631 5133 1125 5204 contemplationis,
1164 5150 1233 5192 ex
1260 5150 1367 5205 quo
1395 5136 1676 5190 haurimus
1708 5150 1888 5190 rorem
1921 5133 2084 5189 totius

508 5219 701 5276 divinae
754 5234 811 5280 et
839 5227 1087 5282 humana:
1130 5229 1392 5295 rationis;
1434 5226 1557 5283 fons
1591 5229 1733 5284 enim
1768 5236 1974 5293 noster,
2017 5226 2082 5282 ad

507 5309 667 5384 quem
701 5321 1056 5385 recurrimus,
1081 5329 1137 5377 et
1162 5337 1229 5378 ex
1259 5337 1366 5394 quo
1392 5321 1807 5378 sensualitatem
1840 5329 2081 5375 nostram

510 5411 577 5464 ad
635 5413 878 5467 carnalia
931 5413 1315 5485 deﬁcientem,
1361 5417 1515 5488 quasi
1551 5416 1866 5473 fatiscentes
1925 5431 2082 5486 agros

497 5493 882 5593 perfundimus
912 5506 1054 5562 ratio
1078 5516 1189 5575 est;
1229 5506 1475 5578 Masphat
1521 5517 1700 5563 autem
1750 5506 2083 5578 contempla-

505 5594 731 5667 tionem,
775 5598 859 5656 vel
877 5597 1141 5668 judicium
1167 5611 1362 5669 sonat;
1389 5604 1529 5659 ratio
1558 5605 1701 5658 enim
1725 5601 1932 5670 judicat
1965 5617 2079 5656 om-

503 5691 614 5757 nia,
659 5690 785 5761 quia
829 5693 1051 5762 spiritus
1079 5703 1181 5762 est,
1216 5704 1271 5752 et
1292 5713 1322 5751 a
1352 5696 1568 5752 nemine
1595 5694 1894 5766 iudicatur.
1923 5694 2075 5750 Post-

497 5795 666 5874 ;quam
691 5784 860 5860 igitur
886 5788 1174 5849 exterioris
1203 5789 1440 5850 hominis
1465 5806 1562 5865 per
1585 5789 1839 5864 quaelibet
1879 5789 2078 5862 impro-

2189 4583 2420 4638 videndo
2463 4582 2565 4636 ista
2604 4580 2722 4636 vult
2753 4579 2994 4649 quidem,
3047 4579 3142 4633 sed
3168 4585 3358 4632 contra
3385 4584 3563 4630 actum
3598 4574 3762 4644 ipsius

2187 4673 2394 4744 peccati
2453 4673 2608 4744 quasi
2676 4671 2746 4727 ad
2795 4670 3155 4726 resistendum
3213 4676 3483 4739 praaparat
3538 4665 3760 4720 rationis

2191 4766 2380 4832 aciem,
2421 4767 2524 4839 61
2555 4767 2680 4820 dum
2713 4765 2816 4820 sibi
2846 4763 3009 4820 etiam
3047 4760 3150 4834 ipsi
3182 4761 3400 4816 nomine
3429 4757 3760 4814 necessitatis

2188 4857 2386 4929 levigat
2442 4873 2624 4912 rerum
2695 4855 3056 4926 corporalium
3112 4852 3524 4910 delectati-onem
3554 4890 3568 4914 ,
3628 4861 3756 4917 quas

2190 4958 2372 5005 tamen
2405 4948 2573 5020 diligit
2596 4963 2699 5004 non
2734 4956 2840 5003 tam
2868 4947 2935 5002 ad
2964 4962 3116 5002 usum
3169 4961 3328 5018 quam
3359 4944 3425 4998 ad
3449 4941 3748 5004 libidinem;

2188 5055 2418 5118 quatuor
2456 5060 2585 5101 vero
2633 5045 2882 5100 adversus
2933 5045 3158 5114 quinque
3214 5045 3567 5110 consurgunt,
3633 5034 3752 5089 dum

2188 5139 2246 5193 id
2268 5138 2410 5210 quod
2447 5138 2546 5193 sub
2580 5138 2757 5208 specie
2792 5137 2884 5192 Dei
2913 5143 3176 5191 creatura:
3200 5133 3452 5202 religiose
3475 5127 3754 5184 videbatur

2189 5229 2383 5294 amari,
2425 5229 2773 5299 spurcissime
2816 5225 3089 5281 hominem
3129 5221 3437 5279 ostenditur
3477 5217 3746 5283 delectari,

2190 5323 2334 5380 unde
2382 5323 2659 5392 contingat
2686 5323 2739 5378 in
2769 5321 3055 5394 pravitatis
3081 5332 3407 5374 consensum
3451 5315 3578 5378 labi,
3607 5322 3658 5368 et
3686 5311 3752 5366 ab

2187 5420 2384 5477 affectu
2435 5419 2487 5474 in
2533 5418 2975 5474 consuetudinem
3025 5415 3198 5480 volvi,
3259 5413 3450 5482 sicque
3496 5407 3746 5481 paulatim

2187 5513 2434 5570 affectum
2480 5528 2602 5568 cum
2651 5511 2736 5566 his
2777 5524 2807 5563 a
2839 5511 3035 5580 quibus
3080 5507 3283 5579 regitur
3314 5505 3480 5561 animi
3529 5501 3744 5573 torpori-

2188 5604 2310 5668 bus,
2351 5600 2622 5673 praedictis
2664 5598 2926 5654 malorum
2959 5597 3350 5654 suborientium
3383 5592 3634 5666 gradibus
3668 5591 3748 5647 in-i

2185 5693 2428 5844 $11212;
2457 5783 2541 5842 l0.
2569 5814 2638 5826 -
2676 5780 2839 5840 Vallis
2859 5790 3032 5840 autem
3051 5779 3300 5839 silvestris
3328 5777 3550 5836 habebat
3570 5781 3744 5850 unum
