4108 6324
195 323 332 394 ’ἳὸ

1309 332 1670 409 ΜοΒΑιιυΜ
1705 333 1774 392 1N
1800 333 2097 421 causam
2127 334 2253 394 LIB.
2287 335 2368 392 tv.
2557 309 2561 322 ’
2719 355 2726 360 -
3319 279 3326 288 ’
3441 333 3550 400 iss

226 445 444 506 multos
477 448 791 508 bituminis.
828 450 992 510 Vallis
1029 463 1134 506 non
1166 458 1249 508 est
1283 451 1429 510 aliud
1455 468 1618 524 quam
1653 451 1719 506 ad
1755 418 1862 516 ima
1892 455 1940 512 A
1967 453 2170 514 morari
2215 452 2446 519 solebat,
2483 466 2606 523 quae
2653 449 2919 507 convallis
2960 448 3202 505 Humbre
3241 397 3546 504 Amorrhml

250 537 532 596 demersio
588 545 829 611 mentis,
879 542 1158 610 silvestris,
1213 543 1423 602 incuria
1483 543 1860 615 cogitationis,

257 649 376 706 qua:
433 634 491 688 in
539 637 821 706 profundo
867 653 988 692 cum
1041 637 1214 692 ruerit
1261 638 1573 705 criminum,
1619 638 1861 702 bitumen

263 727 675 785 inextricabilis
715 729 956 786 inveniet
996 729 1375 801 obligatiouis;
1421 732 1512 803 qui
1561 730 1706 788 enim
1734 731 1860 800 facit

265 828 564 893 peccaturo,
591 837 777 877 servus
797 830 872 878 est
894 821 1094 894 peccati
1118 820 1302 893 (Joan.
1331 838 1450 888 vni,
1483 820 1606 895 54);
1637 821 1862 893 spiritus

265 928 506 986 namque
561 914 774 972 vadens
826 927 923 983 per
958 928 1040 982 se,
1093 914 1190 970 sed
1223 928 1322 986 per
1381 929 1440 970 se
1490 930 1599 970 non
1649 913 1862 970 rediens

265 1023 457 1065 sumus
489 1025 502 1062 :
537 1023 607 1064 ex
659 1008 819 1065 nobis
867 1008 1131 1076 habemus
1161 1010 1356 1066 cadere
1376 1050 1392 1077 ,
1430 1019 1486 1066 et
1511 1025 1578 1066 ex
1607 1009 1721 1066 solo
1752 1009 1864 1068 Deo

264 1123 585 1181 resurgere.
613 1108 806 1181 Itaque
830 1126 923 1164 rex
960 1109 1310 1166 Sodomorum
1339 1118 1390 1164 et
1430 1126 1524 1166 rea:
1553 1108 1863 1166 Gomorrhts

265 1211 414 1274 terga
459 1210 753 1268 verterunt;
801 1201 1198 1274 cecideruntqtte
1237 1203 1342 1270 ibi;
1384 1211 1434 1260 et
1470 1204 1563 1274 qui
1604 1219 1866 1259 remanse-

267 1307 388 1351 rant
425 1297 499 1352 ad
528 1304 780 1352 montem.
812 1295 928 1352 Rex
979 1295 1340 1354 Sodomorum
1388 1307 1444 1355 et
1501 1313 1600 1355 res
1635 1297 1866 1354 Gomor.

269 1391 386 1446 rba:
445 1399 603 1459 terga
661 1399 908 1457 vertunt,
970 1405 1094 1460 cuin
1154 1391 1491 1449 conscientia
1543 1393 1610 1449 ad
1651 1393 1865 1463 peccati

267 1483 676 1553 suggestionem
703 1482 965 1549 imbellis,
996 1492 1053 1539 et
1081 1493 1252 1552 muta,
1277 1493 1333 1541 et
1352 1485 1590 1556 quadarn
1614 1485 1865 1557 populari

269 1589 512 1643 nequam
540 1572 889 1630 carnalitatis
933 1589 1046 1630 suae
1089 1583 1336 1632 motuum
1373 1577 1644 1633 seditione
1683 1577 1863 1649 plena,

271 1667 430 1736 quasi
472 1681 580 1721 una
636 1665 850 1722 duobus
897 1676 1018 1724 acta
1065 1668 1286 1734 regibus
1327 1669 1627 1739 provincia,
1676 1686 1868 1727 aversa

271 1760 666 1818 rationalitatis
703 1776 868 1830 quam
905 1774 1268 1834 proposuerat
1292 1765 1433 1830 acie,
1477 1765 1732 1834 pessimae
1770 1780 1868 1836 pa-

1964 555 2068 610 est.
2104 545 2290 602 fratris
2321 545 2539 612 Eschol,
2583 554 2638 600 et
2675 543 2864 598 fratris
2891 543 3059 608 Aner,
3091 540 3216 611 quia
3249 539 3545 608 humilitas,

1964 652 2086 708 quae
2147 651 2245 692 nos
2298 636 2438 691 inter
2530 637 2732 691 bonum
2795 635 3106 704 malumque
3158 631 3549 703 perspicaciter

1965 729 2206 786 dividere
2238 728 2388 795 facit,
2420 721 2832 782 amaricationis
2867 737 2924 782 et
2972 724 3308 797 poenitentia:
3349 731 3410 778 ut
3433 722 3547 792 jam

1965 822 2038 878 sit
2096 834 2320 876 necesse
2371 827 2476 884 est,
2529 817 2620 886 qui
2675 817 3030 885 pomitudinis
3095 826 3273 870 motus
3331 813 3548 884 igneam

1965 915 2268 986 quamdam
2318 911 2485 966 animi
2543 911 2833 981 puritatem
2898 909 3131 964 naturali
3186 907 3548 980 germanitate

1967 1007 2070 1064 sibi
2115 1004 2410 1069 contrahit,
2460 1003 2600 1056 unde
2626 1010 2682 1056 et
2721 999 2894 1055 altera
2941 1001 3098 1071 quasi
3147 998 3550 1055 necessitudine

1967 1115 2093 1154 mox
2131 1097 2342 1161 fratris,
2379 1095 2432 1150 id
2461 1105 2543 1178 est
2589 1092 2816 1148 affectus
2853 1091 3156 1162 corporalis
3179 1093 3399 1146 lucerna
3433 1089 3546 1144 ﬁat.

1967 1191 2320 1248 Amorrhseus
2367 1189 2512 1244 enim
2571 1187 2902 1250 amaricans,
2966 1181 3304 1250 Escholignis
3349 1179 3549 1244 omnis,

1966 1287 2116 1340 Aner
2164 1285 2384 1338 lucerna
2441 1281 2644 1336 dicitur
2697 1297 2710 1334 :
2754 1279 2821 1332 ab
2889 1273 3254 1330 amaritudine
3310 1270 3552 1340 profecto

1969 1376 2304 1448 paenitentia:
2341 1372 2659 1444 pervenitur
2685 1371 2755 1424 ad
2787 1371 3056 1438 integrum
3101 1363 3371 1418 fervorem
3402 1363 3554 1430 puri-

1972 1479 2249 1538 talemque
2282 1467 2500 1533 animai,
2527 1481 2646 1534 qua:
2687 1463 2966 1518 obtinetur
3003 1456 3267 1530 appetitui
3303 1455 3556 1512 restricto

1969 1563 2072 1618 sub
2133 1561 2333 1616 ducatu
2383 1558 2608 1614 rationis
2676 1553 2943 1618 luciferas;
2999 1565 3124 1605 cum
3183 1549 3269 1602 bis
3322 1559 3558 1614 namque

1971 1661 2175 1710 sanctte
2204 1651 2434 1707 statibus
2459 1650 2656 1705 mentis
2676 1647 3064 1719 pepigeramus
3085 1641 3267 1696 fmtlus
3309 1640 3363 1692 in
3400 1637 3557 1694 initio

1971 1745 2248 1818 quondam
2285 1743 2678 1806 conversionis,
2727 1740 2856 1794 dum
2903 1735 3288 1808 profiteremur
3315 1740 3557 1786 tenorem

277 1852 490 1910 tientia:
543 1861 692 1922 terga
733 1852 924 1920 vertit,
952 1862 1008 1908 et
1045 1855 1409 1911 clamantibus
1452 1855 1642 1912 vitiis:
1674 1817 1865 1912 lnchr—

1986 1817 2250 1911 religionis
2316 1839 2458 1892 inter
2511 1850 2682 1907 aquas
2733 1829 3117 1903 baptismatis,
3173 1825 3245 1880 ibi
3307 1820 3559 1892 lampada

275 1964 408 2004 vare
441 1956 502 2002 ut
528 1956 890 2012 transeamus,
931 1949 1095 2003 totius
1117 1949 1351 2020 rigorem
1383 1948 1612 2005 inﬂectit
1641 1953 1870 2007 rectitu-

281 2041 471 2105 dinis,
541 2048 597 2094 et
649 2039 901 2094 incidunt
952 2050 1146 2110 puteos
1209 2042 1515 2098 bituminis.
1572 2043 1675 2111 Qui
1736 2059 1868 2100 vero

287 2143 567 2189 remanent
591 2133 654 2187 ad
679 2142 918 2188 montem
944 2133 1176 2204 fugiunt,
1203 2135 1330 2205 quia
1357 2135 1483 2189 dum
1509 2136 1870 2207 cogitationes

297 2235 502 2280 nostra:
549 2224 722 2295 lapsus
770 2226 854 2280 sui
895 2225 1192 2282 discrimen
1233 2228 1528 2298 aspiciunt,
1579 2230 1648 2283 ab
1685 2230 1770 2285 his
1813 2231 1867 2284 in

293 2318 492 2387 quibus
515 2316 615 2371 labi
653 2317 912 2387 deinceps
960 2327 1211 2388 possunt,
1253 2319 1422 2390 priori
1450 2335 1578 2375 casu
1609 2331 1872 2378 correctae

288 2412 359 2466 ad
385 2412 604 2467 virtutis
637 2411 909 2472 desideria
939 2412 1275 2484 profugiunt.

355 2501 523 2558 Vsus.
585 2503 672 2569 ll,
730 2502 820 2556 12.
857 2532 928 2542 ——
963 2502 1218 2559 Tulerunt
1270 2520 1474 2559 onmem
1521 2505 1870 2560 substantiam

280 2593 530 2650 Sosianus
573 2602 624 2649 et
668 2593 997 2672 Gomorrhaa,
1049 2604 1098 2649 et
1151 2595 1392 2650 universa
1423 2613 1541 2667 qua:
1587 2597 1656 2650 ad
1697 2596 1872 2650 cibum

279 2689 570 2758 pertinent,
592 2697 639 2741 et
665 2686 902 2741 abierunt
927 2701 946 2738 .·
971 2703 1169 2742 necnon
1195 2697 1244 2742 et
1273 2689 1422 2744 Loth.
1450 2701 1496 2742 et
1527 2685 1873 2743 substantiam

281 2780 422 2851 ejus,
449 2780 625 2849 ﬁlium
647 2779 836 2848 fratris
857 2781 1074 2846 Abram,
1095 2783 1186 2852 qui
1219 2783 1490 2836 habitabat
1520 2785 1572 2836 in
1601 2782 1868 2838 Sodomis.

281 2875 365 2930 Ab
422 2875 607 2929 anima
674 2873 978 2943 pecualiterv
1029 2874 1232 2942 silenti,
1286 2877 1389 2930 hoc
1439 2875 1586 2930 enim
1641 2873 1876 2929 Sodoma

285 2977 468 3036 sonat,
509 2977 564 3024 et
611 2969 911 3023 secundum
954 2968 1274 3024 Gomorrbae
1311 2983 1530 3024 sensum
1567 2967 1878 3024 constituite

287 3064 341 3120 in
381 3062 720 3118 turbulentis
759 3063 968 3133 peccati
999 3062 1303 3117 substantia
1337 3061 1565 3128 tollitur,
1597 3076 1721 3115 cum
1757 3069 1879 3130 post

287 3155 508 3211 ruinam
567 3153 980 3208 fundamentum
1022 3153 1187 3208 etiam
1241 3153 1396 3208 home
1439 3152 1765 3218 voluntatis,
1826 3161 1955 3238 etC

289 3245 523 3300 allectus
584 3244 884 3316 ptenitendi
956 3244 1234 3298 adimitur.
1301 3242 1570 3298 Universa
1639 3258 1759 3310 quae
1815 3243 1880 3294 ad

290 3340 475 3394 cibum
525 3338 805 3408 pertinent
847 3335 1190 3404 auferuntur,
1242 3335 1458 3404 quando
1508 3335 1674 3390 totius
1718 3349 1887 3389 sacra:

291 3427 600 3498 Scriptores
667 3425 938 3492 consilia,
998 3426 1198 3496 quibus
1248 3426 1561 3491 reticimur,
1619 3441 1650 3479 a
1707 3433 1889 3479 mente

291 3518 568 3575 tolluntur
607 3524 938 3586 :postquam
1003 3515 1120 3568 haec
1173 3512 1435 3578 fecerint,
1490 3515 1712 3581 abeunt,
1763 3515 1888 3583 quia

288 3611 396 3667 sibi
429 3608 652 3664 subdita
679 3621 902 3678 prorsus
935 3604 1141 3660 infelici
1167 3606 1369 3674 anima,
1399 3615 1455 3661 ut
1483 3615 1608 3675 pote
1629 3605 1886 3660 obedien-

293 3710 410 3756 tem
470 3699 751 3755 daemones
801 3697 1120 3768 impugnare
1171 3696 1462 3752 desistunt.
1517 3695 1671 3752 Unde
1708 3706 1888 3750 autem

294 3793 556 3850 Sodomae
576 3800 746 3845 restet
767 3789 1126 3860 paenitudinis
1144 3790 1392 3861 gerendae
1416 3790 1739 3857 substantia,
1765 3805 1887 3844 cum

295 3886 462 3952 Loth,
518 3884 572 3939 id
620 3891 705 3940 est
757 3881 980 3938 allectus
1040 3892 1227 3938 noster
1273 3899 1303 3936 a
1360 3883 1515 3938 bonis
1571 3881 1888 3940 declinando

299 3978 600 4034 distractus
643 3991 753 4030 non
803 3976 1022 4043 habeat,
1055 3977 1142 4031 cui
1181 3975 1339 4031 bona:
1379 3975 1646 4030 voluntati
1691 3975 1890 4030 innita-

303 4078 416 4136 tur,
462 4082 586 4138 qua:
610 4066 714 4123 sibi
747 4066 803 4121 in
851 4067 1072 4123 modun
1118 4066 1386 4122 naviculae
1419 4067 1648 4134 substet,
1683 4067 1754 4137 lin
1782 4079 1890 4134 quo

304 4161 422 4232 ipse
450 4159 716 4216 subsidat.
769 4158 924 4215 Unde
963 4161 1064 4214 sub
1093 4159 1396 4228 cuiuspiam
1423 4173 1559 4213 voce
1592 4157 1729 4228 lapsi
1759 4157 1892 4211 dici-

307 4264 440 4311 tur;
477 4252 685 4321 lnfixus
711 4268 828 4307 sum
864 4253 920 4306 in
960 4252 1088 4306 limo
1129 4253 1403 4324 profundi,
1435 4264 1480 4308 et
1525 4269 1628 4307 non
1666 4261 1742 4307 est
1770 4251 1892 4305 sub-

306 4352 505 4407 stantia
547 4346 722 4421 (Psal.
774 4365 967 4417 vam,
1014 4349 1074 4421 5)
1104 4367 1118 4406 :
1152 4349 1322 4405 frater
1350 4365 1502 4417 vero,
1548 4348 1704 4420 cujus
1749 4348 1892 4403 ﬁlius

306 4445 446 4502 Loth
478 4454 582 4515 est,
611 4462 810 4517 corpus
830 4454 1077 4503 nostrum
1113 4456 1217 4514 est,
1249 4449 1393 4519 quod
1433 4447 1649 4518 spiritui
1683 4455 1889 4512 nostro,

309 4541 516 4597 scilicet
542 4541 766 4608 Abram,
793 4542 930 4595 mira
950 4541 1312 4611 germanitate
1335 4555 1666 4604 connexum,
1695 4554 1892 4594 carna-

312 4633 413 4688 lem
446 4634 500 4688 in
529 4633 710 4687 anima
740 4633 1102 4704 imprimendo
1131 4649 1158 4687 a
1190 4633 1319 4688 foris
1353 4641 1575 4703 generat
1618 4630 1890 4699 affectum,

313 4726 400 4795 qui
447 4733 701 4781 versatur
728 4725 782 4779 in
836 4724 1113 4794 Sodomis,
1169 4725 1295 4796 quia
1332 4733 1652 4795 perseverat
1695 4723 1740 4778 si
1791 4722 1893 4777 sibi

315 4819 473 4876 liceat
503 4819 556 4874 in
586 4819 950 4890 negligentiis.

382 4912 548 4967 Vsus.
587 4911 674 4965 i5.
700 4939 773 4952 -—
802 4909 872 4964 Et
911 4927 1028 4965 ecce
1073 4926 1210 4964 unus
1244 4911 1331 4982 qui
1363 4918 1595 4965 evaserat
1639 4909 1898 4964 nuntiavit

317 5003 510 5058 Abram
545 5001 796 5068 Hebraeo,
837 5003 927 5075 qui
981 5003 1251 5056 habitabat
1285 5005 1340 5057 in
1387 5003 1617 5058 convalle
1661 5001 1900 5056 Humbre

319 5096 633 5164 Amorrhazi,
675 5097 858 5167 fratris
905 5095 1119 5163 Eschol,
1153 5105 1202 5150 et
1231 5096 1414 5166 fratris
1455 5096 1632 5162 Aner;
1671 5097 1724 5150 hi
1761 5097 1900 5150 enim

320 5193 619 5262 pepigerant
638 5191 806 5260 fmdus
827 5206 944 5244 cum
960 5189 1176 5244 Abram.
1196 5188 1344 5245 Unus
1370 5188 1460 5258 qui
1493 5188 1671 5244 evadit
1697 5187 1899 5243 Abram

323 5283 546 5342 Hebraeo
573 5285 814 5352 nuntiat,
843 5284 968 5354 quia
997 5281 1265 5338 memoria
1290 5281 1592 5353 perpetrati
1621 5280 1898 5346 facinoris,

321 5394 434 5448 qua:
506 5378 624 5435 sola
676 5377 897 5434 interim
969 5391 1077 5432 non
1133 5375 1349 5446 potuit,
1411 5372 1609 5429 rationi
1664 5388 1724 5428 se
1778 5388 1902 5427 cum

319 5473 561 5529 mordaci
620 5471 919 5527 acerbitate
975 5470 1261 5540 ingerens,
1307 5477 1361 5522 et
1417 5481 1514 5522 sua
1572 5464 1901 5520 conscientia

320 5567 608 5623 malefacta
658 5580 988 5638 proponens,
1041 5563 1235 5619 suadet
1278 5570 1337 5618 ut
1399 5568 1672 5626 transeat,
1724 5559 1776 5614 id
1820 5567 1906 5614 est

317 5657 553 5723 Hebraei,
598 5656 696 5728 qui
743 5657 1132 5728 interpretatur
1172 5653 1443 5708 transiens
1473 5668 1503 5706 a
1536 5650 1705 5716 vitiis,
1759 5665 1908 5703 rece-

318 5753 494 5809 dendo
540 5766 744 5807 nomen
785 5750 1048 5820 impleat,
1101 5748 1191 5820 qui
1247 5746 1518 5817 quondam
1568 5743 1622 5798 in
1663 5740 1908 5798 convalle

316 5846 588 5916 Mambre,
619 5846 674 5902 id
710 5853 795 5901 est
821 5844 1130 5902 humilitate
1162 5839 1505 5899 discretionis
1534 5845 1709 5894 matre
1752 5850 1906 5892 com-

1972 1935 2305 2004 acccpimus,
2332 1939 2387 1986 et
2415 1930 2734 2002 mysterium
2765 1925 3010 1981 candidae
3034 1919 3223 1975 vestis.

2045 2027 2208 2081 Vsus.
2240 2025 2324 2087 M,
2372 2024 2459 2089 15,
2491 2022 2577 2076 16.
2607 2051 2676 2062 --
2699 2018 2852 2085 Quod
2887 2033 3004 2071 cum
3052 2013 3286 2067 audisset
3335 2008 3557 2074 Abram,

1974 2131 2183 2191 captum
2219 2117 2454 2173 videlicet
2476 2116 2608 2169 Loth
2639 2116 2855 2184 fratrem
2885 2126 3059 2173 suum,
3089 2105 3382 2161 nunceravit
3409 2117 3563 2171 expe-

1973 2216 2111 2270 ditos
2144 2212 2446 2269 vernaculos
2477 2219 2731 2264 trecentos
2767 2207 2942 2259 decem
2991 2212 3037 2256 et
3063 2211 3202 2265 octo,
3246 2208 3296 2252 et
3319 2211 3563 2267 persecu-

1976 2315 2060 2359 tus
2106 2313 2180 2357 est
2211 2320 2298 2357 eos
2326 2318 2489 2372 usque
2523 2299 2663 2352 Dan.
2697 2295 2765 2349 Et
2808 2294 2990 2348 divisis
3033 2292 3190 2345 sociis
3225 2288 3381 2342 irruit
3410 2301 3565 2356 super

1975 2415 2062 2452 eos
2099 2407 2265 2455 nocte,
2299 2393 2554 2463 percussit
2576 2408 2661 2446 eos
2715 2398 2762 2443 et
2794 2394 3095 2459 persecutus
3127 2391 3200 2437 est
3225 2396 3388 2449 usque
3417 2378 3560 2434 Saba

1979 2489 2096 2562 [al.,
2150 2485 2350 2558 Habe],
2400 2500 2517 2555 quae
2552 2491 2628 2536 est
2677 2480 2746 2533 ad
2777 2480 2960 2533 lteram
3005 2473 3280 2536 Damasci,
3321 2478 3370 2523 et
3403 2482 3566 2536 usque

1977 2559 2246 2636 lt‘enicem.
2299 2577 2634 2645 Reduxitque
2676 2586 2882 2626 omnem
2919 2565 3291 2628 substantiam,
3353 2569 3401 2615 et
3432 2559 3565 2612 Loth

1980 2675 2202 2745 fratrem
2225 2687 2380 2726 suum
2408 2686 2526 2724 cum
2553 2665 2849 2723 substantia
2870 2661 3034 2725 illius,
3068 2657 3314 2713 mulieres
3342 2667 3568 2724 quoque,

1979 2777 2025 2821 et
2051 2766 2325 2838 populum.
2348 2762 2516 2818 Audit
2538 2761 2742 2816 Abram
2766 2765 2984 2826 captum
3013 2750 3149 2807 Loth
3172 2748 3418 2812 fratrem,
3443 2758 3568 2838 eum

1979 2837 2204 2928 spiritus
2241 2865 2427 2912 noster
2477 2852 2664 2908 multis
2709 2849 2978 2904 malorum
3019 2842 3292 2899 illecebris
3327 2837 3567 2892 irretitus

1982 2951 2256 3020 captivam
2287 2945 2540 3015 intelligit
2581 2941 2720 2996 trahi
2763 2940 2816 2994 in
2866 2935 3160 3007 voragines
3199 2928 3569 2987 colluvionum

1983 3040 2321 3096 aﬁ‘cctionem
2370 3051 2522 3107 :per
2575 3037 2852 3088 trecentos
2895 3028 2965 3082 ob
3032 3022 3351 3084 ternarium,
3399 3027 3564 3086 atque

1985 3131 2358 3189 centenarium
2403 3125 2704 3198 perfectum
2744 3119 3042 3190 accipimus
3087 3110 3378 3169 Trinitatis
3417 3123 3573 3171 amo-

1992 3243 2104 3282 rem
2131 3243 2145 3279 :
2171 3239 2270 3295 per
2316 3219 2601 3275 denarium
2646 3215 2740 3268 Dei
2799 3210 3176 3266 mandatorum
3221 3201 3575 3258 custodiam:

1990 3336 2086 3391 per
2111 3314 2454 3372 octonarium
2485 3312 2551 3367 de
2584 3311 2756 3364 beatae
2786 3299 3208 3360 resurrectionis
3253 3307 3578 3351 remunera-

1997 3390 2164 3475 tione,
2209 3425 2328 3478 quu:
2360 3421 2460 3460 nos
2504 3403 2572 3457 ad
2614 3403 2752 3455 bene
2796 3396 3068 3467 agendum
3115 3390 3359 3452 roborat,
3391 3399 3575 3454 spem;

1993 3505 2080 3559 his
2131 3476 2260 3572 ergo
2305 3491 2823 3554 adminiculantihus
2871 3485 3024 3558 quasi
3075 3481 3344 3553 indigenis
3379 3476 3580 3532 anima:

1996 3606 2195 3651 nostrae
2221 3590 2552 3655 vernaculis,
2594 3587 2665 3642 ab
2700 3585 2849 3642 omni
2891 3581 3150 3636 vitiorum
3177 3575 3364 3632 debito
3405 3585 3578 3642 expc-

1995 3689 2164 3753 ditis,
2225 3683 2605 3756 persequimur
2654 3694 2718 3734 ea
2767 3675 2970 3745 quibus
3028 3667 3302 3742 quondam
3357 3661 3582 3720 obnoxii

1993 3782 2196 3837 fuimus
2223 3787 2465 3849 peccata,
2495 3788 2665 3843 usque
2706 3772 2840 3832 Dan,
2875 3769 2930 3823 id
2981 3775 3066 3821 est
3089 3762 3380 3835 judicium,
3409 3771 3584 3826 usque

1993 3875 2061 3928 ad
2103 3874 2324 3942 dignum
2379 3867 2590 3923 scilicet
2623 3863 2732 3936 62
2783 3860 3160 3930 pcenitentiae,
3202 3868 3310 3924 quo
3357 3855 3580 3921 peccata

1994 3967 2310 4023 ulciscimur
2350 3963 2626 4025 fructum;
2662 3957 2722 4012 Si
2753 3955 2900 4010 enim
2944 3950 3286 4019 nosmetipsos
3317 3944 3586 4015 dijudica-

1994 4074 2190 4123 remus,
2225 4053 2515 4126 Apostolus
2540 4051 2635 4114 ait,
2667 4065 2772 4102 non
2790 4046 2972 4116 utique
2985 4041 3358 4114 judicaremur
3383 4036 3436 4106 (1
3453 4033 3582 4088 Cor.

1994 4168 2072 4219 ιι,
2116 4151 2206 4215 l5)
2242 4164 2256 4202 :
2290 4147 2583 4202 dividimus
2630 4143 2828 4206 socios,
2873 4147 2930 4193 et
2985 4135 3248 4190 irruimus
3282 4144 3446 4201 super
3488 4141 3585 4182 eos

1993 4251 2176 4302 nocte,
2216 4255 2340 4296 cum
2369 4239 2510 4293 bona
2534 4250 2654 4306 quae
2683 4234 2898 4302 agimus
2923 4230 3065 4285 sicut
3095 4235 3244 4282 recte
3270 4222 3582 4283 offerimus,

1996 4338 2072 4393 ita
2105 4344 2252 4390 recte
2290 4331 2618 4394 dividimus;
2648 4329 2763 4382 haec
2791 4325 2940 4381 enim
2967 4321 3122 4392 quasi
3151 4313 3588 4383 connnanipula-

1995 4446 2087 4486 res
2132 4429 2414 4488 habemus,
2452 4434 2506 4480 et
2559 4437 2724 4493 super
2761 4435 2824 4474 ea
2872 4433 2991 4486 quae
3045 4427 3144 4468 nos
3185 4414 3588 4480 oppresse-runt

1923 4546 1972 4604 ι)
2005 4523 2138 4577 vitia
2189 4536 2288 4590 per
2317 4516 2714 4573 confessionem
2769 4508 2980 4580 peccati
3008 4499 3382 4574 opprimenda,
3432 4495 3588 4597 quasi

1999 4629 2096 4684 per
2123 4586 2454 4682 agnitionem
2479 4603 2658 4659 noctis
2685 4613 2886 4656 nostra:
2930 4595 3190 4650 irruimus
3217 4609 3232 4644 :
3262 4603 3328 4644 ea
3351 4586 3586 4660 percuti-

2000 4682 2144 4771 mus,
2171 4718 2298 4758 eum
2345 4705 2606 4770 regnandi
2640 4696 2722 4751 eis
2763 4695 2818 4748 in
2857 4690 3016 4746 nobis
3069 4688 3218 4742 vires
3250 4682 3588 4741 debilitanth

2003 4801 2316 4864 adimimus,
2347 4805 2401 4852 et
2428 4807 2600 4864 usque
2625 4790 2769 4846 Seba
2797 4782 3204 4859 persequimur,
3233 4794 3360 4834 cum
3379 4777 3435 4831 in
3462 4774 3591 4845 ipsis

2002 4893 2164 4951 bonis
2230 4889 2540 4947 actionibus
2601 4899 2751 4954 spem
2809 4879 2988 4936 laudis
3034 4873 3368 4931 transitoria:
3434 4865 3592 4921 nobis

2006 5000 2351 5050 resecamus;
2393 4981 2535 5037 Soba
2584 4981 2786 5034 etenim
2832 4984 2986 5032 secta
3030 4969 3232 5028 dicitur
3262 4981 3294 5023 ει
3343 4958 3589 5019 secando.

1997 5083 2176 5141 Nemo
2238 5097 2371 5138 sane
2419 5096 2452 5134 a
2493 5077 2652 5134 malis
2703 5075 2970 5137 abstinet,
3018 5067 3125 5125 nisi
3187 5063 3361 5136 ipsius
3425 5057 3588 5112 etiam

2012 5176 2354 5234 abstinentiae
2401 5183 2605 5244 typum,
2659 5183 2784 5224 cum
2822 5161 3128 5225 emerserit,
3179 5162 3418 5213 resecet;

2023 5281 2108 5328 est
2161 5270 2370 5326 scilicet
2421 5236 2566 5336 Seba
2611 5265 2680 5316 ad
2729 5261 2918 5316 laevam
2971 5251 3262 5314 Damasci,
3315 5245 3446 5314 quia
3486 5236 3595 5296 etsi

2011 5360 2294 5417 favoribus
2322 5367 2635 5414 sanctorum
2661 5355 2771 5408 vita
2800 5352 2868 5405 ab
2893 5345 3164 5416 aliquibus
3209 5338 3442 5402 tollitur,
3462 5336 3593 5390 sunt

2011 5465 2190 5511 tamen
2232 5455 2412 5526 plures
2490 5452 2689 5523 quibus
2737 5454 2822 5502 est
2860 5443 3052 5499 oculus
3085 5435 3386 5509 sanguinis,
3428 5430 3483 5487 id
3512 5434 3600 5484 est

2011 5524 2246 5606 intentio
2270 5545 2501 5618 peccati,
2533 5553 2588 5598 et
2618 5543 2739 5612 pios
2766 5550 3011 5610 quosque
3040 5535 3106 5590 ad
3140 5533 3330 5587 laevam
3369 5524 3594 5586 habent,

2011 5645 2064 5699 id
2123 5653 2208 5698 est
2261 5638 2681 5696 adversitatihus
2743 5640 2994 5705 urgent:
3053 5629 3355 5683 Damascus
3413 5622 3598 5705 autem

2011 5735 2202 5792 oculus
2226 5731 2507 5802 sanguinis
2551 5727 2788 5791 dicitur;
2823 5731 2970 5778 secta
3021 5720 3208 5786 itaque
3232 5715 3302 5769 sit
3333 5727 3360 5764 a
3386 5702 3601 5776 cupidis.

2017 5839 2132 5888 tate
2154 5800 2379 5884 favoris.
2409 5825 2543 5898 Nam
2577 5839 2699 5880 cum
2731 5818 2942 5876 laudari
2969 5813 3075 5872 viri
3110 5808 3283 5868 sancti
3313 5800 3604 5872 incipiunt,
