4062 6354
568 331 673 393 127
1381 333 1441 390 V.
1478 332 1803 391 GUlBER'l‘l
1838 331 2133 393 ABBATIS
2161 332 2221 392 S.
2248 332 2489 392 MANE
2536 334 2624 391 DE
2655 331 3052 392 NOVIGENTO
3776 326 3895 387 128

570 444 805 500 nequam
831 428 1081 486 homines
1109 425 1305 484 exinde
1345 426 1409 481 ad
1435 427 1689 483 invidiam
1735 428 2100 484 exardescunt
2127 445 2142 484 :
2173 438 2224 498 Α
2252 427 2620 484 sacerdotium
2654 427 2983 492 intellectus,
3010 437 3068 482 ut
3098 426 3360 498 quidquid
3386 427 3506 483 sine
3537 441 3610 482 eo
3633 426 3893 497 profero

573 524 671 577 liat
707 537 925 593 quoque
966 522 1198 578 resectio
1225 534 1352 590 erga
1383 519 1482 574 hos
1511 520 1581 575 ab
1614 521 1766 575 omni
1796 520 2147 591 subreptione
2253 529 2340 575 tur
2371 520 2443 576 sit
2473 519 2759 583 frivolum;
2807 517 3019 590 profert
3059 534 3190 574 vero
3222 534 3417 589 panem
3448 528 3503 573 et
3531 518 3756 572 vinum
3787 532 3897 587 per

577 614 843 669 rancoris.
891 612 1032 669 Soba
1057 613 1220 668 etiam
1270 611 1660 682 interpretatur
1689 613 2039 679 mandatum;
2081 612 2150 668 ad
2251 612 2641 669 exhibitionem
2694 612 2904 682 piorum
2941 626 3208 681 operum;
3267 612 3541 667 benedicit
3602 611 3891 675 Abram,

577 702 767 760 laevam
802 721 929 776 ergo
974 703 1217 759 Damasci
1263 711 1347 759 est
1398 703 1564 770 Soba,
1597 705 1816 774 quando
1855 705 2152 777 principale
2252 723 2541 781 prosperos
2587 707 2795 763 scilicet
2841 707 3064 761 ellectus
3110 722 3207 761 suo
3261 706 3429 777 ipsius
3486 706 3709 761 merito
3774 705 3890 759 sibi

581 795 866 851 charitatis
907 794 1225 849 mandatum
1266 793 1579 848 extenditur
1617 809 1787 865 usque
1816 798 1882 851 ad
1928 796 2153 866 diligen-
2255 801 2355 872 ipsi
2379 801 2587 857 obtinet
2622 799 2852 871 gratiam
2885 816 2897 853 :
2927 814 3026 869 per
3054 798 3444 853 Melchisedech
3491 798 3648 853 enim
3708 796 3893 851 veni-

581 888 679 943 dos
727 902 818 942 eos
872 888 963 958 qui
1014 886 1264 956 irrogant
1316 885 1583 950 adversa,
1632 886 1739 941 huc
1793 902 1960 957 usque
2007 888 2152 943 enim
2261 904 2347 949 tur
2387 894 2454 948 ad
2506 894 2727 955 Abram,
2791 891 2918 946 licet
2972 892 3025 945 in
3077 906 3243 944 unum
3297 898 3513 953 coeant,
3566 889 3721 958 quia
3780 902 3893 957 per

583 981 955 1051 persequenda
981 978 1265 1034 suntvitia
1298 996 1310 1031 :
1342 992 1511 1047 usque
1548 978 1865 1034 Phoenicem
1900 979 2155 1050 deinceps
2259 1001 2489 1057 regnum
2546 985 2775 1056 justiti-.e
2830 983 3047 1039 venitur
3101 982 3168 1035 ad
3227 980 3615 1036 excellentiam
3671 980 3839 1033 vita:
3876 997 3889 1031 :

585 1070 790 1141 agenda
822 1079 971 1135 sunt,
1015 1070 1070 1123 id
1115 1077 1202 1123 est
1230 1083 1402 1139 usque
1436 1068 1503 1123 ad
1545 1070 1859 1138 passionum
1890 1070 2153 1137 omnium,

2294 1079 2539 1143 ’roﬁciat,
2611 1076 2824 1148 inquit,
2884 1074 3221 1130 rationalitas
3280 1073 3476 1129 divina:
3534 1071 3889 1127 celsitudini

576 1176 698 1231 qua:
722 1178 790 1217 ex
820 1160 1003 1215 carnis
1025 1159 1371 1228 corruptione
1406 1169 1732 1226 nascuntur,
1762 1159 2155 1215 subactionem.

2294 1172 2602 1235 ontuendae,
2633 1186 2754 1240 quae
2796 1169 3007 1225 creavit
3032 1168 3085 1222 in
3138 1168 3251 1237 ipsa
3283 1167 3481 1221 coelum
3511 1165 3889 1235 contempla-

574 1251 681 1308 Per
726 1252 1061 1316 Pbtenicem,
1100 1266 1220 1320 quae
1272 1251 1467 1308 rubros
1529 1252 1700 1323 gignit
1757 1251 1983 1323 populos
2030 1260 2087 1306 et
2126 1265 2159 1305 a

2294 1266 2386 1320 ivaa
2437 1264 2761 1334 sapientiae,
2817 1271 2873 1316 et
2919 1270 3121 1317 terram
3179 1260 3407 1315 actualis
3453 1259 3768 1322 scientiae,
3832 1266 3885 1312 et

576 1346 780 1399 ΐυδοτε
810 1357 1004 1397 nomen
1034 1344 1920 1415 θεοθρῑινοονροτίείιιιειιίείωυε
1947 1342 2161 1398 desme'
2263 1358 2544 1428 multiplex
2596 1355 2853 1428 potentiae
2904 1353 3002 1408 Dei
3061 1351 3367 1408 sublimitas
3423 1351 3714 1412 laudetur,
3788 1350 3881 1419 qui

579 1436 685 1498 ria,
729 1448 849 1502 qua:
878 1450 943 1489 ex
986 1435 1247 1505 sanguine
1296 1436 1576 1501 oriuntur;
1607 1436 1746 1491 unde
1793 1445 1848 1490 et
1893 1435 2041 1490 color
2073 1434 2161 1488 ille

2294 1450 2416 1515 'itia,
2465 1462 2586 1518 qua:
2633 1446 2831 1501 rationi
2880 1442 3153 1499 hostiliter
3194 1448 3484 1512 praeerant,
3527 1439 3644 1509 juri
3698 1439 3884 1509 ipsius

582 1525 934 1595 sanguineus,
982 1528 1075 1597 qui
1108 1528 1436 1583 vermiculus
1483 1528 1703 1593 dicitur,
1754 1527 2092 1584 Phtenicium
2130 1541 2162 1580 a

2294 1542 2623 1613 lefringenda
2656 1538 2961 1596 resubdidit
2991 1555 3005 1591 :
3033 1537 3149 1591 haec
3189 1550 3297 1589 non
3339 1542 3446 1587 tam
3475 1533 3663 1586 verbo
3707 1546 3882 1601 quam

579 1615 853 1688 plerisque
907 1628 1132 1673 vocatur
1194 1636 1206 1673 :
1262 1620 1333 1673 ita
1393 1618 1532 1674 Loth
1589 1620 1907 1685 reducitur,
1967 1619 2021 1673 id
2081 1626 2164 1673 est

2294 1636 2485 1692 ealiter
2534 1634 2678 1689 dicta
2712 1640 2859 1687 sunt.
2894 1630 2996 1684 Dat
3043 1629 3246 1683 Abram
3291 1626 3533 1681 decimas
3564 1622 3885 1678 Melchise~

583 1707 812 1764 affectus
838 1721 1024 1766 noster
1047 1727 1173 1765 cum
1208 1711 1473 1781 spirituali
1503 1711 1827 1775 substantia,
1866 1726 2075 1766 necnon
2110 1718 2164 1765 et
2267 1728 2404 1783 dcc],
2455 1741 2522 1781 εχ
2572 1724 2862 1787 omnibus,
2911 1736 3033 1775 cum
3081 1719 3198 1789 ipse
3243 1715 3553 1771 intellectus
3598 1713 3724 1768 sibi
3783 1712 3883 1783 ipsi

587 1802 819 1872 populus
880 1804 1310 1875 cogitationum‘,
1363 1816 1419 1859 et
1468 1804 1721 1860 mulieres
1770 1805 2164 1859 desideriorum

2294 1816 2655 1873 ilenitudinem
2700 1811 3152 1870 remunerationis
3195 1808 3449 1878 acquirit,
3480 1807 3533 1861 in
3581 1804 3753 1860 nullo
3811 1812 3885 1858 te-

590 1892 877 1950 lluidorum
910 1898 977 1951 ad
1010 1898 1236 1952 rationis
1274 1896 1559 1968 imperium
1594 1897 1925 1967 rediguntur.

664 1987 824 2043 Vens.
857 1989 944 2043 l7.
976 2019 1044 2029 —
1070 1988 1327 2059 Egressus
1348 1999 1421 2044 est
1437 2000 1611 2044 autem
1635 2006 1727 2043 rex
1742 1988 2088 2044 Sodomorum
2114 1989 2167 2043 in

587 2096 862 2136 occursum
911 2082 1043 2152 ejus,
1082 2094 1355 2154 postquam
1397 2100 1629 2138 reversus
1670 2094 1742 2138 est
1779 2102 1810 2136 a
1855 2083 1996 2138 crede
2031 2082 2169 2137 Cho-

587 2169 925 2227 dorlaltomor
978 2182 1025 2226 et
1082 2189 1262 2243 regum
1314 2174 1404 2244 qui
1458 2190 1576 2227 cum
1625 2190 1683 2227 eo
1733 2182 1882 2228 erant
1932 2174 1988 2227 in
2037 2171 2169 2227 valle

586 2260 743 2328 Save,
777 2280 894 2334 qua:
937 2273 1013 2318 est
1060 2263 1211 2318 vallis
1254 2263 1429 2335 Regis.
1474 2264 1766 2335 Postquam
1802 2262 2172 2319 Chodorlaho-

590 2369 730 2418 mor,
772 2355 825 2409 id
874 2365 960 2410 est
996 2355 1296 2425 voluptatis
1329 2364 1534 2409 motum
1571 2371 1693 2410 cum
1742 2356 1856 2409 suis
1890 2354 2171 2424 complici-

588 2448 712 2511 bus,
742 2448 833 2516 qui
864 2462 930 2501 ex
963 2462 1129 2503 carne
1157 2448 1463 2518 spirituque
1492 2449 1783 2518 prodeunt,
1818 2448 2168 2513 evicerimus,

589 2553 716 2594 cum
757 2539 823 2593 de
852 2539 994 2595 bello
1031 2540 1238 2594 reversi
1269 2538 1531 2595 fuerimus
1558 2540 1625 2594 ad
1658 2548 1854 2595 nostrte
1889 2539 2170 2595 examina-

597 2631 762 2686 tionis
810 2642 1046 2701 portam,
1107 2634 1349 2687 occurrit
1407 2646 1502 2687 rex
1548 2631 1929 2697 Sodomorum,
1989 2632 2040 2686 id
2090 2638 2174 2686 est

594 2722 819 2794 pecualc
845 2724 1116 2793 quoddam
1144 2724 1439 2788 silentium,
1471 2725 1747 2797 suggestio
1776 2724 1983 2780 scilicet
2012 2738 2171 2779 secu-

596 2814 778 2870 ritatis
832 2830 930 2885 pro
998 2815 1224 2871 victoria
1300 2816 1604 2882 vitiorum;
1668 2819 1858 2873 suadet
1910 2818 2055 2872 enim
2114 2824 2175 2871 ut

597 2905 760 2961 sileat
788 2922 817 2961 a
843 2905 1088 2975 jejuniis,
1128 2908 1352 2978 vigiliis,
1387 2918 1442 2963 et
1486 2910 1653 2964 animi
1684 2910 1928 2966 custodia
1981 2909 2177 2965 remis-

599 2998 717 3055 sius
766 3000 880 3070 jam
941 3000 1099 3071 quasi
1152 3001 1329 3056 victor
1390 3010 1553 3072 agat,
1612 3004 1664 3059 id
1720 3012 1806 3058 est
1862 3011 1922 3059 ut
1976 3004 2172 3059 iterum

599 3092 895 3162 pecualiter
924 3103 1071 3148 muta
1099 3102 1290 3149 contra
1332 3095 1539 3165 peccati
1581 3095 1818 3168 jurgium
1845 3096 2178 3152 canscientia

2270 1909 2394 1980 pide
2432 1907 2639 1979 agendo
2679 1922 2745 1961 ex
2800 1906 2885 1961 his
2923 1920 3045 1974 quae
3096 1901 3372 1972 superavit
3422 1897 3721 1960 omnibus,
3766 1910 3873 1950 nec

2272 2001 2469 2055 mirum
2506 2000 2577 2054 sit
2604 1998 2800 2069 cuique
2826 2012 2925 2051 nos
2961 1996 3104 2051 idem
3152 2009 3251 2063 per
3286 1989 3702 2048 Melchisedech
3734 1987 3883 2059 quod

2270 2108 2369 2163 per
2404 2092 2606 2147 Abram
2650 2088 2883 2144 voluisse
2919 2086 3203 2156 accipere,
3250 2098 3373 2137 cum
3402 2083 3708 2135 innumera
3759 2077 3883 2132 talia

2279 2182 2625 2252 reperiantur
2655 2180 2710 2234 in
2746 2176 3062 2248 Scripturis,
3095 2173 3393 2244 praesertim
3433 2186 3559 2226 cum
3598 2168 3885 2239 etymolo-

2277 2275 2363 2344 gia
2409 2273 2687 2328 nominum
2724 2268 2969 2324 arrideat
3017 2266 3156 2333 loco,
3192 2273 3246 2320 et
3284 2263 3535 2319 Sodoma:
3572 2261 3702 2331 regi
3749 2275 3885 2329 pra:-

2274 2366 2461 2431 niisso,
2489 2365 2632 2436 quod
2667 2364 2719 2418 in
2746 2360 3069 2433 Apocalypsi
3112 2357 3365 2414 similiter
3393 2355 3477 2425 agi
3507 2361 3752 2409 constat
3784 2368 3879 2423 per

2278 2457 2542 2528 angelos,
2599 2456 2742 2510 idem
2801 2469 2910 2508 uno
2973 2453 3027 2506 in
3097 2450 3216 2504 loco
3272 2445 3706 2516 signiﬁcantes,
3777 2456 3881 2513 quo

2278 2556 2469 2603 contra
2494 2545 2685 2601 eadem
2715 2544 2988 2599 diversum
3018 2541 3255 2608 signant,
3290 2544 3349 2589 ut
3373 2542 3460 2590 est
3484 2552 3497 2586 :
3524 2532 3881 2603 Regnabunt,

2277 2638 2476 2707 inquit,
2515 2636 2684 2691 sancti
2724 2651 2842 2689 cum
2886 2632 3093 2687 Christo
3133 2627 3277 2683 mille
3313 2625 3489 2680 annis.
3516 2623 3587 2679 Et
3635 2624 3753 2679 sub
3781 2623 3884 2676 alio

2278 2730 2461 2787 statim
2506 2744 2667 2785 sensu
2699 2744 2713 2782 :
2742 2725 3051 2796 Postquam,
3117 2721 3211 2785 ait,
3270 2716 3625 2773 consummati
3671 2714 3881 2784 fuerint

2277 2823 2421 2880 mille
2459 2823 2609 2888 anni,
2651 2819 2878 2875 solvetur
2898 2815 3127 2872 Satanas
3154 2812 3341 2882 (Apoc.
3370 2825 3465 2873 xx,
3500 2808 3577 2875 6).

2356 2918 2516 2972 Vens.
2551 2915 2641 2979 21,
2670 2913 2763 2977 22,
2790 2911 2881 2965 25.
2906 2939 2976 2951 -
3006 2907 3151 2962 Dixit
3179 2914 3354 2959 autem
3391 2918 3482 2956 rea:
3516 2898 3886 2955 Sodomorum

2281 3009 2350 3063 ad
2394 3002 2817 3060 Abraham:Da
2870 3000 2998 3055 mihi
3047 2997 3287 3061 animas,
3336 3001 3527 3047 uetera
3574 2990 3703 3044 tolle
3764 2989 3883 3043 tibi.

2285 3097 2389 3164 Qui
2439 3094 2706 3166 respondit
2755 3093 2801 3148 ei
2830 3088 3025 3154 :Levo,
3072 3088 3170 3154 ait,
3215 3100 3431 3140 manum
3468 3098 3660 3146 nteam,
3707 3094 3885 3149 Opera

600 3192 788 3238 nostra
817 3184 1001 3250 vivat;
1041 3183 1277 3240 Sodoma
1309 3200 1543 3257 namque
1571 3202 1736 3258 pecus
1763 3187 1928 3243 silens
1950 3188 2176 3253 dicitur;
2207 3157 2252 3220 (ἶ
2286 3207 2404 3247 mea
2440 3190 2687 3245 referens
2728 3187 2796 3242 ad
2830 3185 3002 3239 Deum
3053 3197 3161 3237 non
3208 3194 3308 3250 pro
3339 3173 3754 3247 temporalibus,
3783 3172 3886 3226 sed

601 3283 659 3331 et
688 3275 789 3331 hoc
828 3285 999 3332 totum
1031 3275 1185 3346 facit,
1223 3288 1281 3334 ut
1327 3280 1379 3334 in
1430 3278 1728 3349 dejectione
1774 3280 1990 3344 mentis,
2038 3279 2179 3349 quod

599 3382 699 3438 per
724 3368 919 3425 vallem
950 3370 1197 3443 signatur
1236 3386 1333 3427 nos
1380 3371 1645 3438 detineat,
1676 3386 1796 3442 quae
1852 3371 2005 3427 vallis
2041 3370 2186 3442 regis

602 3470 729 3527 est,
786 3479 907 3529 qua:
962 3465 1218 3522 videlicet
1282 3465 1559 3536 pessima,
1615 3480 1680 3520 ac
1733 3474 1926 3535 puteus
1990 3464 2188 3519 mentis

604 3553 886 3610 humilitas
937 3556 1138 3610 rectori
1191 3554 1407 3611 diabolo
1452 3555 1763 3627 specialiter
1811 3555 2025 3610 addicta
2080 3561 2184 3608 est.

606 3644 795 3701 Potest
826 3662 925 3716 per
954 3646 1150 3701 vallem
1178 3646 1340 3712 Save,
1367 3648 1511 3717 quod
1539 3656 1623 3702 est
1651 3647 1902 3709 elevatio,
1936 3646 2188 3715 superbia

614 3738 813 3808 accipi,
858 3754 979 3809 quae
1026 3755 1150 3795 cum
1198 3739 1252 3794 in
1302 3740 1479 3810 seipsa
1517 3738 1861 3804 destituatur,
1912 3738 2054 3809 regis
2089 3747 2187 3803 est,

609 3830 737 3901 quia
755 3830 1002 3886 diabolus
1032 3832 1156 3887 [iliis
1184 3832 1453 3902 superbia:
1480 3830 1838 3902 principatur.

682 3923 849 3980 Vens.
885 3926 973 3989 i8,
1004 3926 1091 3992 19,
1119 3924 1210 3980 20.
1237 3955 1309 3966 -
1331 3927 1397 3979 At
1432 3942 1553 3981 vero
1588 3942 1679 3980 rex
1717 3923 1896 3980 Salem
1928 3923 2199 3979 Melchise-

614 4015 744 4071 dech
770 4017 1040 4086 proferens
1064 4035 1249 4086 panem
1283 4029 1332 4073 et
1372 4026 1576 4085 vinum,
1615 4028 1729 4073 erat
1774 4020 1911 4073 enim
1947 4017 2193 4072 sacerdos

618 4108 719 4164 Dei
752 4110 1015 4178 altissimi,
1048 4112 1306 4167 benedixit
1334 4114 1402 4177 ei,
1433 4123 1480 4167 et
1508 4113 1583 4167 ait
1610 4126 1627 4165 :
1656 4111 1970 4166 Benedictus
2000 4111 2196 4165 Abram

616 4201 728 4257 Deo
748 4203 971 4269 excelso,
1011 4206 1099 4276 qui
1121 4206 1312 4261 creavit
1337 4204 1522 4260 calum
1573 4215 1619 4260 et
1655 4215 1884 4271 terram;
1913 4214 1960 4259 et
1995 4204 2201 4258 benedi-

613 4305 729 4350 ctus
758 4295 902 4353 Deus
924 4297 1179 4366 excelsus,
1204 4317 1306 4370 quo
1336 4309 1633 4370 protegente
1671 4301 1844 4354 hostes
1874 4298 1927 4351 in
1958 4296 2200 4352 manibus

611 4390 716 4445 tuis
739 4401 897 4455 sunt;
925 4401 973 4446 et
1002 4392 1144 4447 dedit
1170 4393 1218 4447 ei
1261 4393 1491 4448 decimas
1524 4410 1589 4449 ea:
1612 4392 1875 4448 omnibus.
1920 4390 2203 4447 Melchise-

2283 3293 2505 3358 propter
2559 3283 2731 3352 ipsum
2784 3276 2999 3333 excelse
3045 3272 3465 3343 attingendum,
3512 3266 3594 3339 qui
3656 3263 3883 3358 caelum

2287 3356 2669 3435 rationalitatis
2720 3383 3035 3442 terramque
3088 3364 3491 3423 aﬂectualitatis
3555 3373 3681 3415 mea:
3724 3356 3882 3410 inte.

2288 3471 2405 3525 rius
2453 3468 2689 3537 aspirata
2737 3462 3014 3535 possidet,
3069 3457 3211 3530 quod
3276 3470 3306 3509 a
3358 3454 3448 3508 {ilo
3489 3445 3879 3520 subtegminis,

2290 3563 2399 3635 63
2448 3576 2613 3631 opera
2676 3575 2743 3613 ne
2806 3555 3025 3611 eﬂluant
3094 3550 3325 3608 solidata
3382 3541 3811 3635 constringiinus
3859 3552 3882 3595 :

2294 3631 2482 3725 (Visus.
2528 3651 2644 3709 24.)
2694 3648 2797 3714 Ne,
2852 3645 3045 3716 inquit,
3077 3644 3222 3696 dicas
3251 3653 3269 3691 .'
3298 3638 3411 3708 Ego
3466 3632 3624 3689 ditari
3655 3631 3881 3695 Abram,

2293 3764 2363 3803 ne
2412 3746 2622 3802 scilicet
2680 3759 2747 3798 ex
2784 3742 2964 3811 aliqua
3025 3733 3332 3809 hypocrisis
3379 3727 3735 3792 admissione,
3776 3738 3884 3794 qua

2295 3839 2638 3912 potissimum
2698 3836 2921 3890 vitiatur
2990 3830 3250 3896 intentio,
3306 3822 3584 3879 induxisse
3642 3827 3696 3872 te
3746 3815 3886 3870 mihi

2297 3911 2535 4006 gaudeas
2569 3930 2791 4000 spiritus
2834 3924 3186 3999 opulentiam,
3232 3921 3285 3976 id
3315 3927 3401 3974 est
3448 3916 3517 3971 de
3555 3912 3774 3985 peccati
3806 3911 3885 3965 vi-

2299 4025 2470 4082 ctoria
2507 4022 2816 4093 superbiam
2848 4039 2861 4074 :
2897 4018 3243 4088 excipiuntur
3268 4028 3386 4083 qua:
3425 4009 3656 4078 juvenes
3700 4019 3885 4059 come-

2302 4118 2458 4182 dunt,
2490 4117 2616 4187 quia
2643 4124 2796 4170 extra
2824 4110 3091 4167 mercedis
3131 4121 3283 4177 spem
3308 4117 3429 4159 esse
3465 4098 3773 4157 timendum
3804 4104 3886 4151 est

2302 4212 2524 4282 cuique,
2572 4208 2715 4279 quod
2751 4204 3093 4261 titillationes
3127 4193 3583 4271 praesumptionis,
3617 4200 3715 4245 aut
3752 4189 3887 4282 laeti-

2304 4304 2395 4360 tiae
2417 4280 2500 4357 de
2527 4302 2671 4357 bono
2700 4304 2965 4369 proventu
3010 4289 3365 4362 subripientis
3391 4329 3406 4353 ,
3442 4284 3544 4341 sibi
3593 4280 3886 4351 aliquoties

2307 4400 2542 4455 latenter
2596 4396 2873 4466 abripiunt
2907 4411 2919 4446 :
2948 4391 3205 4461 juventus
3229 4401 3359 4443 sane
3397 4399 3494 4455 pro
3538 4378 3795 4451 superbia
3840 4386 3892 4432 et

613 4482 749 4537 decli
782 4483 898 4550 ipse
936 4492 1019 4539 est
1048 4494 1233 4541 noster
1262 4485 1591 4551 intellectus,
1624 4484 1716 4555 qui
1760 4482 1885 4552 quia
1936 4498 2034 4537 nos
2057 4480 2202 4550 iuSle
2232 4522 2283 4584 Β
2308 4492 2561 4548 fatuitate
2611 4487 2736 4558 poni
2783 4484 2963 4541 solet:
2995 4484 3135 4535 Aner
3173 4470 3351 4533 autem
3382 4517 3397 4542 ο
3462 4484 3507 4529 ει
3559 4468 3788 4584 Εδεξιοξυ
3844 4476 3891 4521 ⁸³

614 4576 775 4641 regit,
830 4577 1130 4648 appellatur
1172 4579 1582 4651 interpretando
1634 4594 1727 4633 rex
1773 4578 1994 4648 justus,
2041 4576 2200 4646 juxta

617 4670 760 4737 quod
793 4668 1155 4727 Samaritana:
1184 4673 1384 4728 dicitur
1413 4693 1427 4728 :
1462 4671 1603 4727 Voca
1632 4671 1801 4726 virum
1837 4682 1985 4725 tuum
2008 4669 2192 4742 (Joan.

618 4774 698 4824 tv,
729 4759 855 4833 16);
909 4763 1002 4816 sed
1038 4763 1166 4833 quia
1196 4764 1436 4835 tepidum
1481 4764 1555 4819 nil
1601 4765 1712 4820 Deo
1743 4762 1940 4835 placet,
1983 4763 2205 4819 additur

620 4850 830 4920 Salem,
861 4855 1006 4924 quod
1055 4864 1139 4911 est
1170 4857 1411 4927 perfecta
1455 4866 1510 4913 et
1540 4867 1928 4919 consummata,
1976 4865 2037 4912 ut
2084 4870 2209 4911 cum

621 4944 697 5000 sit
744 4959 839 4999 rex
877 4943 1105 5015 justitiae
1154 4947 1256 5018 ipsi
1291 4948 1504 5004 studeat
1550 4948 1817 5005 inhaerere
1863 4947 2122 5020 perfecte.
2160 4945 2211 5003 ls

622 5037 987 5095 Sodomorum
1041 5055 1169 5112 rege
1219 5042 1468 5108 remissa;
1512 5050 1567 5096 et
1620 5042 1870 5113 languida
1921 5042 2204 5105 suadente,

622 5134 831 5203 profert
856 5150 1045 5204 panem
1074 5133 1242 5188 divini
1271 5133 1474 5205 eloquii
1504 5149 1598 5189 cor
1625 5134 1858 5190 hominis
1878 5133 2210 5189 conﬁrman-

624 5231 759 5289 tem,
792 5237 842 5280 et
866 5208 1045 5280 vinum
1078 5225 1380 5296 spiritualis
1406 5227 1596 5298 gratiae
1622 5243 1651 5281 a
1684 5224 1947 5281 mundiali
1991 5222 2211 5296 negotio

622 5321 892 5385 perpetua
941 5314 1214 5372 oblivione
1276 5332 1376 5373 nos
1427 5316 1714 5385 debrians;
1780 5316 1888 5372 tale
1934 5324 2017 5371 est
2064 5313 2210 5371 enim

2314 4581 2573 4647 Mambre,
2636 4578 2726 4648 qui
2781 4576 3060 4630 nobiscum
3114 4571 3356 4632 veniunt,
3416 4573 3603 4637 partes
3662 4561 3888 4623 habent,

2314 4673 2441 4743 quia
2473 4672 2614 4727 inter
2662 4670 2824 4731 bona,
2858 4679 2976 4734 quae
3014 4678 3081 4717 ex
3110 4660 3220 4715 Deo
3251 4656 3582 4728 accepimus,
3632 4668 3702 4708 ex
3742 4659 3898 4721 parte

2315 4776 2504 4823 nostra
2537 4762 2781 4834 quaedam
2819 4758 3060 4829 improha
3088 4755 3490 4816 admiscemtts;
3519 4757 3732 4819 partem
3765 4759 3899 4815 ergo

2314 4858 2489 4917 nostri
2513 4854 2810 4925 accipiunt,
2840 4866 2961 4905 cum
2987 4849 3088 4923 pia:
3124 4854 3324 4901 nostra:
3356 4850 3570 4898 mentes
3599 4854 3695 4894 sua
3744 4836 3797 4890 in
3838 4849 3899 4889 se

2314 4951 2680 5007 additamenta
2709 4944 2958 5015 puniunt.
2988 4941 3122 4996 Cum
3150 4940 3288 4993 bona
3318 4951 3383 4990 ex
3420 4936 3527 4989 Deo
3550 4931 3682 4996 sint,
3706 4936 3896 4998 partes

2311 5044 2561 5099 humanae
2585 5036 2923 5095 admistionis
2958 5035 3101 5103 igne,
3127 5040 3180 5087 et
3213 5029 3415 5084 lumine
3445 5024 3626 5081 divino
3678 5018 3900 5075 lustrati

2316 5133 2649 5205 accipimus,
2712 5128 2766 5184 id
2817 5136 2901 5183 est
2958 5124 3084 5179 forti
3141 5118 3472 5177 continentia
3528 5114 3898 5184 corripimus;

2316 5227 2578 5300 quidquid
2599 5224 2744 5282 enim
2772 5238 2840 5279 ex
2866 5229 3019 5294 parte
3042 5226 3228 5274 nostra
3257 5225 3360 5283 est,
3393 5220 3675 5286 peccatum
3714 5215 3810 5262 est.

1877 5552 2123 5594 EXPLICIT
2162 5550 2319 5591 LIBER
2347 5546 2592 5599 OUAR‘I‘US
