4062 6354
208 310 332 369 129

1284 324 1651 386 MORALIUM
1688 324 1756 383 IN
1795 324 2091 384 GENESIN
2132 326 2259 385 LIB.
2300 328 2364 387 ν.

3394 333 3500 395 ιω

214 556 3490 602 .._________________________.____________________

1132 764 1599 857 INCIPIT
1670 764 2032 855 LIBER
2103 768 2638 873 QUINTUS

969 1007 1720 1141 MORALIUM
1837 1019 1990 1134 IN
2104 988 2778 1136 GENESIM.

304 1498 435 1554 Scio
459 1492 719 1567 quosdam
750 1505 858 1547 non
892 1490 1059 1562 aequis
1087 1487 1260 1545 oculis
1295 1501 1357 1542 ea
1399 1500 1520 1554 qua:
1548 1484 1816 1540 dictamus
1839 1471 1894 1527 Α
1919 1482 2293 1540 bmreditatem
2317 1492 2579 1556 nostram,
2595 1489 2820 1559 praemia
2841 1491 3045 1548 scilicet
3067 1508 3186 1563 quae
3211 1510 3503 1566 meremur,

224 1587 536 1651 attendere,
566 1583 711 1639 etde
744 1596 923 1638 rerum
953 1596 1214 1637 novarum
1263 1576 1634 1633 molitionibus
1661 1591 1820 1633 coar-

224 1689 411 1749 gutos,
442 1676 510 1731 ad
540 1675 728 1729 vitium
759 1688 879 1743 quae
905 1673 991 1744 pie
1018 1673 1254 1743 gerimus
1300 1668 1682 1739 intorquendo,
1719 1681 1820 1723 nos

223 1772 330 1828 etsi
376 1771 605 1825 latenter
641 1777 822 1823 tamen
864 1764 1209 1821 mordacibus
1257 1763 1497 1819 susurris
1535 1762 1814 1832 impetere.

223 1862 439 1919 Novum
469 1861 626 1932 plane
659 1868 743 1914 est
772 1858 915 1929 quod
950 1857 1219 1920 cudimus,
1256 1855 1309 1909 in
1349 1854 1495 1909 nullo
1536 1852 1740 1909 dissoni
1786 1868 1818 1908 a

223 1955 524 2016 veteribus,
570 1959 665 2006 aut
710 1950 834 2015 fide,
885 1958 980 2003 aut
1025 1948 1295 2012 sensibus,
1348 1946 1474 2016 quia
1522 1945 1818 2000 secundum

226 2048 358 2101 novi
393 2043 632 2099 mandati
673 2042 993 2096 charitatem
1039 2040 1270 2108 agimus,
1299 2046 1353 2093 et
1381 2038 1425 2093 si
1454 2037 1522 2091 ab
1551 2036 1821 2106 aliquibus

229 2136 502 2199 rodimur,
532 2147 654 2188 cum
686 2132 770 2186 bis
788 2146 923 2201 quos
950 2139 1158 2186 veteres
1187 2138 1241 2184 et
1275 2130 1524 2197 antiquos
1557 2128 1819 2195 vocitant,

230 2225 612 2296 mquanimiter
655 2224 771 2278 rodi
810 2237 908 2279 nos
946 2222 1201 2292 patimur.
1240 2220 1384 2275 ldcm
1436 2217 1678 2290 profecto
1708 2219 1822 2274 suis

233 2317 537 2374 toleravere
571 2315 921 2386 temporibus,
955 2314 1095 2369 unde
1146 2322 1201 2367 et
1250 2327 1347 2367 nos
1395 2311 1631 2366 scientes
1663 2307 1820 2377 juxta

230 2406 548 2478 Apostolum
590 2404 674 2475 (II
707 2404 830 2460 Cor.
871 2421 911 2471 ι,
945 2404 999 2475 6)
1039 2402 1282 2458 eamdem
1336 2401 1645 2472 passionum
1681 2400 1818 2454 tole-

232 2500 468 2557 rantiam
512 2498 584 2562 ei,
615 2513 736 2569 quae
777 2497 830 2551 in
877 2496 1075 2552 mundo
1117 2504 1219 2560 est,
1258 2504 1456 2550 nostrae
1492 2492 1819 2549 fraternitati

234 2590 383 2657 fieri,
412 2604 479 2646 ex
506 2590 615 2645 Deo
645 2589 871 2644 tutiores
902 2597 1075 2657 coepta
1107 2589 1505 2657 prosequimur.

842 2679 1068 2735 CAPUT
1100 2678 1217 2733 XV.

306 2773 471 2828 Vens.
507 2774 558 2827 1.
589 2801 663 2817 —
693 2771 887 2826 Factus
925 2782 996 2826 est
1036 2788 1202 2825 sermo
1250 2770 1460 2825 Domini
1507 2771 1575 2822 ad
1621 2769 1817 2824 Abram

1919 1586 2207 1648 asportat:
2242 1578 2385 1635 illius
2432 1594 2562 1649 opes
2608 1591 2895 1655 assumpta:
2924 1601 3020 1656 per
3048 1586 3213 1642 lilium
3252 1605 3507 1659 procura-

1920 1670 2075 1739 toris,
2101 1671 2153 1726 id
2183 1680 2267 1727 est
2299 1687 2397 1743 per
2425 1687 2587 1745 opera
2618 1677 2885 1747 appetitus
2920 1679 3154 1746 fuerant,
3184 1679 3268 1735 cui
3301 1680 3504 1737 dictum

1918 1771 2043 1818 est:
2076 1761 2331 1835 Recepisti
2357 1765 2490 1821 bona
2532 1766 2587 1820 in
2622 1767 2725 1822 vita
2770 1778 2863 1824 tua
2899 1769 3050 1841 (Luc.
3100 1787 3211 1841 xvr,
3243 1772 3369 1843 25);
3402 1775 3505 1829 Da-

1919 1869 2137 1910 mascus
2184 1871 2418 1926 namque
2484 1859 2802 1930 sanguinem
2850 1860 3042 1920 bibens
3087 1864 3167 1919 vel
3229 1866 3508 1936 sanguinis

1918 1948 2107 2004 oculus
2156 1950 2371 2004 dicitur.
2422 1949 2527 2006 Iste
2578 1960 2660 2007 est
2703 1968 2861 2023 quem
2914 1956 3172 2013 Dominus
3227 1958 3508 2016 sinistram

1920 2049 2081 2094 vocat
2108 2039 2321 2109 (Matth.
2351 2057 2425 2108 vt,
2472 2043 2550 2109 5),
2589 2059 2617 2096 a
2645 2060 2753 2113 quo
2790 2061 2982 2100 cavere
3009 2046 3229 2115 jubetur
3262 2049 3505 2115 dextera,

1921 2133 2012 2201 qui
2034 2132 2171 2186 bibit
2200 2133 2559 2201 iniquitatem,
2580 2135 2630 2188 id
2652 2145 2736 2190 est
2762 2139 3269 2209 sanguinem,quasi
3287 2156 3508 2211 aquam,

1922 2233 1976 2277 et
2004 2224 2239 2290 oculum,
2272 2225 2322 2279 id
2344 2234 2427 2279 cst
2452 2226 2825 2294 intentionem,
2860 2229 3020 2285 habet
3045 2230 3110 2285 ad
3133 2240 3353 2300 peccata
3378 2247 3508 2302 pro-

1921 2316 2111 2372 clivem
2141 2331 2155 2370 :
2181 2316 2387 2372 Eliezer
2411 2327 2591 2371 autem
2621 2318 2761 2373 Deus
2791 2334 2941 2375 meus
2966 2320 3196 2390 adjutor,
3229 2338 3334 2378 non
3365 2324 3510 2393 quod

1922 2407 2216 2462 Damascus
2248 2406 2300 2461 in
2341 2408 2611 2477 adjutorio
2645 2409 2908 2465 Altissimi
2943 2422 3330 2480 commoretur,
3364 2424 3423 2469 ut
3455 2415 3507 2470 in

1920 2498 2101 2553 anima
2149 2498 2406 2565 salvetur,
2456 2500 2547 2553 sed
2588 2501 2729 2570 quod
2769 2501 2880 2574 64
2922 2503 3086 2558 Deum
3127 2503 3423 2573 adjutorem
3455 2507 3510 2562 in

1920 2588 2052 2644 solis
2082 2588 2181 2643 sibi
2216 2589 2582 2659 corporalibus
2610 2590 2950 2659 deprecetur,
2985 2592 3127 2647 unde
3154 2602 3238 2647 est
3268 2610 3281 2646 :
3314 2592 3501 2648 Oratio

1921 2681 2036 2751 ejus
2079 2682 2173 2751 ﬁat
2206 2682 2259 2735 in
2286 2692 2555 2751 peccatum
2592 2680 2764 2753 (Psal.
2815 2684 2990 2754 cvm),
3038 2684 3091 2738 id
3127 2693 3211 2740 est
3245 2693 3365 2741 oret
3405 2700 3505 2756 pro

1925 2772 2307 2843 temporalibus
2335 2772 2525 2827 solum.
2552 2772 2620 2827 Et
2645 2791 2659 2827 :
2692 2772 3039 2844 Conﬁtebitur
3068 2777 3180 2840 tibi,
3208 2792 3327 2831 cum
3356 2777 3511 2832 bene-

234 2880 326 2933 per
353 2863 602 2918 visionem
630 2864 804 2919 dicens
826 2881 844 2918 :
878 2862 1004 2917 Noli
1032 2866 1227 2927 timere,
1260 2863 1477 2927 Abram,
1515 2879 1605 2932 ego
1644 2871 1815 2932 prote-
1854 2845 1897 2899 Β
1923 2861 2107 2932 feceris
2135 2864 2182 2917 ei
2212 2862 2388 2934 (Psal.
2424 2880 2611 2932 XLVIII,
2651 2866 2761 2936 I9).
2802 2866 3136 2924 Vernaculus
3179 2870 3377 2941 quippe
3404 2878 3508 2938 est,

236 2964 349 3008 ctor
373 2966 492 3010 tuus
515 2972 652 3021 sum,
676 2964 722 3010 et
751 2972 943 3009 merces
977 2965 1066 3008 tua
1094 2972 1283 3026 magna
1321 2956 1495 3008 nimis.
1524 2953 1817 3022 Postquam

237 3057 459 3116 paterae
522 3048 790 3103 internam
846 3047 1145 3113 familiam,
1200 3048 1553 3119 cogitationes
1613 3046 1821 3103 scilicet

239 3151 384 3201 suas,
432 3153 538 3193 non
590 3139 783 3194 timore
822 3138 1003 3195 servili
1033 3139 1315 3211 religiosus
1357 3140 1586 3210 quisque
1632 3133 1820 3209 regere

241 3231 485 3298 coeperit,
516 3230 762 3286 excelsus
815 3229 939 3299 jure
987 3230 1201 3295 dicitur,
1242 3230 1332 3299 qui
1376 3231 1443 3284 ad
1482 3228 1619 3283 bene
1658 3243 1821 3299 agen-

243 3320 364 3374 dum
392 3337 499 3375 non
533 3330 746 3377 terreno
782 3322 999 3387 damno,
1033 3330 1128 3376 aut
1164 3321 1469 3385 commodo,
1521 3328 1614 3374 aut
1657 3321 1818 3375 etiam

241 3414 506 3484 gebenna,
529 3415 624 3470 sed
646 3415 849 3470 ctelesti
873 3414 1095 3483 prtemio
1119 3413 1332 3468 ducitur
1359 3430 1370 3465 :
1397 3412 1485 3468 isti
1514 3428 1644 3484 ergo
1669 3422 1820 3482 post-

241 3521 400 3576 quam
432 3506 769 3577 temporalia,
800 3522 919 3578 quze
958 3516 1190 3577 quatuor
1239 3506 1524 3578 signantur
1579 3505 1816 3575 regibus,

239 3606 425 3652 contra
454 3600 693 3669 quinque
728 3608 942 3654 nostros
972 3614 1162 3655 sensus
1201 3599 1336 3654 alios
1376 3596 1625 3652 videlicet
1664 3613 1820 3668 reges

238 3689 485 3746 bellantia
534 3692 896 3761 percusserit,
942 3700 1000 3746 et
1043 3691 1297 3756 decimas,
1350 3691 1402 3746 id
1451 3699 1532 3746 est
1576 3691 1818 3748 victoria:

239 3781 617 3852 perfectionem
683 3783 794 3855 regi
848 3786 996 3854 pacis
1047 3783 1480 3848 Melchisedech,
1546 3798 1654 3839 non
1713 3785 1813 3841 sibi

241 3874 564 3941 attribuerit,
614 3876 758 3941 huic,
806 3876 1044 3946 inquam.
1095 3875 1240 3932 Patri
1278 3891 1404 3930 vere
1442 3874 1675 3940 excelso,
1720 3890 1816 3945 per

242 3966 518 4033 visionem,
549 3967 600 4023 id
624 3976 707 4024 est
736 3967 898 4023 corde
926 3966 1192 4036 vigilanti,
1222 3967 1314 4022 sed
1346 3980 1571 4035 corpore
1608 3980 1637 4019 a
1668 3966 1815 4021 curis

244 4057 536 4115 forensibus
587 4061 866 4130 consopito
916 4060 1143 4129 inspirat
1191 4058 1373 4124 Deus;
1424 4058 1623 4112 Abram
1668 4058 1812 4111 enim

244 4150 431 4205 dicitur
456 4163 611 4223 pater
631 4152 895 4208 excelsus.
924 4150 1042 4207 Noli
1074 4152 1288 4218 timere,
1320 4150 1511 4220 inquit,
1536 4149 1657 4219 quia
1690 4157 1813 4204 tuus

246 4242 294 4297 in
338 4244 481 4298 omni
526 4259 620 4300 ero
674 4245 969 4300 tentatione
1019 4253 1313 4314 protector,
1366 4258 1434 4297 ne
1471 4242 1708 4304 labaris,
1757 4252 1810 4297 ct

245 4350 424 4404 magna
456 4352 662 4392 merces
700 4337 752 4391 in
783 4335 987 4406 praemii
1013 4336 1294 4407 largitione
1324 4334 1599 4403 reponitur
1623 4333 1813 4389 tibi.—

249 4425 420 4495 (Veas.
447 4428 524 4498 2.)
554 4429 798 4500 Dixitque
820 4429 1011 4482 Abram
1033 4442 1051 4479 :
1078 4428 1302 4482 Domine
1317 4427 1479 4493 Deus,
1509 4425 1634 4497 quid
1664 4424 1810 4478 dabis

249 4518 406 4571 mihi?
432 4518 567 4586 Quid
596 4521 800 4592 praemii
828 4520 957 4575 mihi
998 4519 1287 4590 polliceris,
1322 4519 1411 4589 qui
1450 4532 1641 4573 causas
1668 4532 1809 4587 prce—

249 4609 491 4674 miorum,
523 4612 661 4667 bona
713 4613 919 4669 scilicet
966 4627 1129 4682 opera
1180 4626 1345 4682 negas
1398 4610 1575 4663 mihi?
1624 4607 1809 4662 Sancti

245 4702 338 4757 viri
369 4719 477 4773 quo
512 4705 683 4777 magis
719 4721 777 4761 se
819 4706 1123 4769 attendunt,
1155 4718 1219 4758 eo
1263 4718 1320 4758 se
1362 4701 1415 4756 in
1457 4701 1566 4756 suis
1601 4700 1810 4755 actibus

246 4795 584 4866 vilipendunt.
618 4797 730 4869 Ego
767 4797 955 4853 vadam
992 4796 1184 4866 absque
1213 4794 1408 4858 liberis,
1455 4791 1508 4847 id
1548 4798 1629 4847 est
1665 4788 1810 4843 nulla

245 4888 386 4943 herili
442 4889 736 4945 stabilitate
789 4904 942 4944 meus
992 4902 1109 4942 mea
1155 4886 1440 4953 consistit,
1493 4884 1585 4939 sed
1629 4880 1810 4937 servili

246 4979 545 5048 evagatione
579 4979 853 5045 discurrit,
885 4993 983 5034 nec
1019 4977 1087 5031 ad
1117 4978 1417 5033 libertatem
1453 4974 1679 5046 justitice
1716 4987 1808 5027 seu

245 5072 378 5141 regni
428 5072 628 5128 liberos
676 5080 965 5146 procreat.
1012 5072 1105 5127 sed
1156 5070 1222 5125 ad
1266 5069 1451 5141 jugum
1504 5066 1700 5123 diaboli
1748 5080 1811 5123 ac

244 5162 407 5218 saeculi
442 5180 625 5234 opera,
659 5182 778 5238 quae
805 5175 927 5222 sunt
951 5164 1067 5230 filii,
1097 5163 1362 5221 servitura
1388 5169 1667 5233 propagat.

307 5252 460 5310 Vens.
493 5256 545 5310 5.
572 5288 643 5297 —
669 5256 843 5312 Filius
873 5258 1230 5328 procuratoris
1258 5255 1361 5309 mei
1392 5256 1487 5308 iste
1518 5254 1809 5309 Damascus

244 5344 434 5402 Eliezer
469 5349 635 5404 lateres
662 5368 805 5405 meus
847 5352 964 5416 erit,
998 5348 1306 5404 vernaculus
1334 5364 1478 5403 meus
1506 5363 1523 5402 :
1559 5348 1685 5401 mihi
1713 5364 1809 5401 au-

243 5446 333 5495 tem
350 5457 518 5496 semen
541 5458 643 5497 non
666 5444 875 5498 dedisti.
897 5444 1223 5499 Procurator
1243 5441 1456 5506 dicitur,
1479 5441 1619 5510 quod
1647 5455 1808 5510 porro

1923 2968 2027 3007 non
2078 2956 2293 3008 domum
2344 2964 2601 3025 expetens
2648 2967 2974 3026 manentem,
3027 2961 3121 3014 sed
3170 2960 3511 3029 quantulam-

1919 3061 2131 3116 cunque
2164 3048 2531 3117 temporaliter
2569 3052 2895 3119 mercedem,
2927 3066 3026 3106 nec
3060 3051 3364 3120 Dominum,
3411 3050 3508 3107 sed

1920 3137 2132 3193 Domini
2164 3140 2540 3194 munusculum
2575 3150 2746 3207 amat;
2788 3143 2918 3197 mihi
2956 3151 3135 3197 autem
3178 3157 3284 3198 non
3314 3139 3511 3198 dedisti

1921 3248 2126 3297 semen,
2150 3232 2295 3301 quia,
2325 3232 2527 3287 carnali
2558 3248 2681 3287 meo
2712 3235 2963 3305 appetitu
2986 3243 3188 3289 terram
3213 3234 3509 3298 lambente,

1924 3325 2139 3396 dignam
2171 3335 2372 3379 aeterna
2409 3326 2659 3381 mercede
2703 3327 2756 3380 in
2800 3341 2887 3381 me
2935 3340 3040 3380 non
3095 3325 3304 3396 reperio
3345 3324 3513 3379 actio-

1922 3430 2071 3471 nem.

1993 3505 2155 3562 Vens.
2172 3506 2227 3574 4,
2252 3506 2305 3561 5.
2330 3537 2402 3547 --
2419 3503 2542 3561 Νοη
2567 3506 2685 3572 erit,
2714 3505 2885 3577 inquit
2907 3506 3184 3570 Dominus,
3225 3505 3307 3560 hic
3341 3504 3509 3557 luere:

1920 3608 2064 3665 tuus,
2092 3600 2182 3653 sed
2212 3600 2301 3668 qui
2330 3600 2627 3670 egredietur
2671 3600 2736 3654 de
2782 3608 2930 3653 utero
2970 3608 3061 3653 tuo
3090 3599 3257 3667 ipsum
3294 3594 3508 3651 habebis

1920 3688 2196 3743 bteredem.
2235 3687 2536 3759 Eduxitque
2580 3706 2697 3743 eum
2746 3688 2892 3757 foras
2938 3699 2987 3744 et
3035 3690 3106 3743 ait
3142 3688 3259 3744 illi:
3291 3686 3510 3756 Suscipe

1918 3780 2102 3835 calum
2144 3791 2191 3835 et
2236 3798 2455 3836 numera
2489 3781 2698 3849 stellas,
2749 3781 2795 3836 si
2839 3791 3003 3852 potes.
3060 3780 3151 3838 Sic
3193 3781 3290 3836 erit
3335 3794 3510 3835 semen

1916 3881 2085 3926 tuum.
2114 3872 2214 3927 Per
2240 3883 2454 3928 uterum
2486 3874 2835 3929 secretiorem
2878 3873 3051 3928 nostri
3102 3872 3376 3929 interioris
3411 3874 3511 3927 bo-

1916 3965 2077 4021 minis
2128 3974 2376 4035 partem,
2434 3965 2855 4021 rationalitatem
2909 3966 3171 4022 debemus
3217 3964 3507 4036 accipere,

1917 4076 2080 4131 quam
2142 4070 2399 4130 provocat
2450 4058 2657 4114 David:
2694 4059 2906 4126 Omnia,
2953 4059 3047 4127 ait,
3081 4058 3329 4113 interiora
3370 4074 3508 4125 mea,

1918 4155 2197 4211 benetlicite
2245 4153 2469 4208 Domino
2517 4152 2691 4223 (Psal.
2737 4168 2831 4219 cu,
2868 4153 2953 4223 I);
2990 4160 3045 4207 et
3094 4151 3258 4207 alibi:
3293 4150 3359 4206 In
3403 4152 3507 4205 vita

1916 4261 2013 4297 sua
2049 4243 2265 4315 projecit
2291 4243 2476 4297 intima
2503 4260 2600 4298 sua
2632 4242 2825 4313 (Eccli.
2859 4259 2915 4307 Χ,
2951 4241 3062 4312 10).
3106 4241 3207 4308 Qui
3240 4256 3369 4311 ergo
3399 4256 3506 4296 non

1915 4336 1980 4391 de
2025 4336 2376 4391 sensualitate
2410 4352 2569 4405 vaga,
2600 4337 2691 4391 sed
2735 4336 2802 4390 de
2851 4335 3097 4391 interiori
3136 4351 3199 4391 ac
3242 4334 3505 4405 superiori

1913 4434 2094 4481 nostra
2125 4427 2359 4481 essentia
2388 4425 2827 4480 intellectualiter
2868 4424 3135 4480 emittitur
3160 4432 3332 4487 actus,
3355 4423 3400 4477 is
3426 4431 3509 4478 est

1912 4519 2086 4572 haeres
2112 4528 2314 4582 noster,
2360 4517 2404 4571 si
2431 4515 2696 4579 volumus,
2734 4515 2858 4584 quia
2902 4515 2966 4569 ad
3015 4514 3189 4585 ipsum
3234 4512 3326 4583 qui
3353 4512 3506 4583 origo

1913 4609 2081 4678 ipsius
2110 4616 2212 4675 est,
2242 4607 2639 4678 quodammodo
2676 4605 2826 4673 boni,
2861 4605 2905 4660 si
2940 4613 3090 4661 caste
3136 4604 3250 4671 fiat,
3296 4614 3506 4676 spectat

1911 4699 2197 4754 retributio
2229 4697 2383 4763 boni;
2408 4697 2453 4752 is
2482 4698 2624 4753 enim
2653 4698 2863 4754 fructus
2885 4707 3007 4770 post
3033 4707 3261 4755 mortem
3287 4707 3459 4753 restat
3487 4714 3503 4754 :

1911 4790 2091 4846 educit
2120 4806 2217 4847 nos
2245 4791 2382 4846 Deus
2404 4789 2549 4846 foras
2568 4833 2582 4857 ,
2607 4807 2727 4847 cum
2758 4791 3086 4864 speculando
3109 4792 3237 4847 facit
3264 4808 3362 4848 nos
3384 4809 3505 4848 car-

1911 4884 1995 4938 nis
2026 4882 2285 4938 excedere
2306 4882 2581 4954 angustias
2609 4901 2621 4937 :
2657 4884 2981 4954 suscipimus
3003 4883 3218 4947 ccelum,
3245 4898 3367 4937 cum
3400 4882 3501 4938 etsi

1910 4994 2017 5034 non
2046 4976 2405 5048 pervidemus,
2437 4975 2823 5047 aliquantisper
2851 4984 3027 5030 tamen
3057 4974 3418 5032 scin'tillamus
3450 4976 3501 5028 in

1910 5072 2078 5126 Deum
2111 5089 2123 5124 :
2156 5070 2338 5127 stellas
2384 5070 2730 5136 attendimus,
2761 5086 2881 5123 cum
2932 5070 2983 5124 in
3033 5069 3147 5140 ipso
3174 5067 3379 5139 positas
3420 5067 3502 5121 in-

1909 5165 2326 5222 numerabilium
2380 5171 2687 5218 sanctorum
2749 5161 3135 5217 retributiones
3186 5175 3497 5229 pensamus.

1910 5257 2115 5313 Ctelum
2146 5268 2325 5312 autem
2371 5254 2548 5311 vocari
2582 5256 2747 5310 Deum
2782 5253 2975 5309 creber
3017 5253 3069 5306 in
3122 5251 3343 5323 psalmis
3374 5270 3503 5308 usus

1909 5358 2009 5414 est,
2041 5358 2097 5403 ut
2135 5358 2257 5405 est‘:
2291 5349 2490 5403 Caelum
2528 5349 2640 5403 caeli
2672 5345 2895 5400 Domino
2924 5342 3096 5417 (Psel.
3129 5362 3261 5411 cxu,
3293 5346 3404 5418 16).
3443 5347 3500 5400 In

1910 5441 2011 5495 hoc
2036 5441 2215 5511 itaque
2244 5450 2425 5496 nostra
2455 5439 2556 5493 fixa
2583 5446 2707 5493 sunt
2735 5438 2976 5508 prtemia,
3006 5453 3125 5509 qua:
3151 5437 3250 5493 etsi
3283 5453 3312 5490 a
3341 5436 3498 5491 nobis

243 5541 397 5597 curet,
431 5534 482 5589 id
510 5543 595 5591 est
618 5537 876 5602 exterius,
909 5552 1031 5593 cum
1079 5535 1305 5592 Domino
1337 5533 1802 5603 attineatgrandia
1838 5569 1884 5629 ι)
1912 5533 2101 5605 procul
2153 5534 2275 5588 inde
2320 5530 2625 5603 jucentibus
2667 5540 2945 5601 putantur,
2994 5530 3215 5586 forsitan
3253 5530 3496 5595 minima,

244 5639 452 5696 quaeque
476 5644 669 5685 curare
711 5631 953 5697 interius,
994 5630 1260 5702 appetitus
1301 5643 1428 5699 ergo
1479 5628 1682 5692 carnis,
1717 5629 1806 5695 qui

243 5719 495 5779 exteriora
522 5732 777 5794 procurat
819 5732 872 5781 et
917 5724 1058 5781 ﬁlius
1098 5722 1216 5794 ejus
1251 5737 1385 5794 opus
1427 5720 1540 5795 ejus
1586 5731 1687 5789 est,
1715 5736 1807 5792 qui
1839 5759 1842 5762 ~

1914 5629 1991 5683 uti
2022 5628 2340 5698 parvissima
2372 5627 2685 5693 creduntur,
2723 5641 2844 5681 cum
2885 5627 3118 5681 maxima
3150 5626 3259 5681 sint
3296 5624 3495 5690 sidera,

1916 5737 2016 5779 nec
2046 5720 2339 5788 numerari,
2388 5735 2485 5776 nec
2536 5720 2917 5793 comprehendi
2960 5719 3142 5775 valent
3179 5732 3342 5789 quam
3387 5715 3497 5771 sint
