4108 6324
1349 317 1413 379 ν.
1453 314 1779 404 ϐυΙΒΕΠᾘ
1819 309 2110 368 ABBATIS
2151 310 2208 366 S.
2235 308 2476 364 MANE
2506 309 2592 362 DE
2625 303 3026 364 NOVIGENTO

3746 300 3848 380 tea

565 443 840 518 praecipua
866 459 880 497 :
915 442 992 498 sic
1021 441 1116 497 erit
1143 452 1314 494 semen
1343 430 1578 495 tuum,id
1592 435 1674 483 est
1695 447 1708 482 :
1729 427 1842 483 Etsi
1870 426 2056 482 videas
2081 425 2147 480 ad
2177 431 2227 487 Α
2253 437 2414 494 quam
2449 419 2642 476 melius
2671 421 2733 475 fit
2759 435 2924 518 quam
2954 417 3224 518 divisione
3245 417 3358 484 illa,
3516 423 3700 518 tamen
3728 415 3848 518 i'rri:

563 545 786 616 plenum
814 550 1073 612 quantum
1101 537 1327 592 labores,
1360 529 1546 582 videre
1580 526 1727 581 nullo
1764 527 1922 582 modo
1948 525 2150 603 poteris

563 638 620 692 in
656 635 907 708 praesen-ti
934 633 1058 702 quid
1090 630 1140 682 in
1171 625 1350 678 futuro
1378 621 1626 691 recipies.
1668 621 1736 675 Et
1764 629 1823 674 ut
1861 629 2012 675 certo
2038 620 2150 674 haec

566 727 966 794 teneas,recole
987 717 1558 792 quia—(Vens.7)ego
1574 715 1847 781 Dominus,
1875 715 1962 786 qui
1993 713 2151 768 eduxi

565 832 612 876 te
643 823 706 874 de
735 819 811 872 Ur
833 813 1220 876 Cltaldworum,
1251 821 1307 863 ut
1357 810 1539 862 darent
1583 809 1674 862 tibi
1729 818 1922 861 terram
1968 807 2148 872 istam,

562 922 611 966 et
652 907 943 978 possideres
981 921 1118 958 eam.
1172 902 1249 958 Ur
1297 896 1710 969 iguis,Chaldei
1760 900 1912 971 quasi
1958 900 2148 965 ubera,

561 1001 714 1071 quasi
757 999 874 1062 feri,
906 998 1063 1068 quasi
1111 997 1402 1052 daemones.
1454 995 1529 1050 De
1573 995 1696 1065 igne
1739 995 1922 1066 igitur,
1970 993 2024 1048 id
2067 1001 2150 1049 est

559 1101 690 1146 aestu
722 1089 1028 1156 libidinum,
1063 1090 1259 1159 quibus
1292 1105 1386 1144 rex
1417 1085 1704 1160 Babylonis
1739 1095 1984 1143 nostrum
2015 1101 2147 1141 con-

559 1191 640 1238 tra
691 1198 748 1238 se
799 1183 1136 1254 decoquebat
1190 1184 1451 1252 rigorem,
1497 1184 1730 1252 primmn
1782 1181 1936 1253 quasi
1983 1181 2144 1235 ubera

557 1277 936 1349 Suggestionis,
967 1278 1183 1333 demum
1222 1277 1489 1332 feritatem
1531 1275 1926 1342 delectationis,
1960 1275 2026 1329 ad
2059 1275 2148 1330 ui=

559 1369 747 1424 titnum
784 1369 958 1440 quasi,
991 1370 1043 1424 id
1079 1377 1164 1424 est
1186 1384 1314 1424 vere
1346 1369 1699 1424 dazmonicam
1732 1369 1935 1423 rabiem
1967 1369 2147 1439 operis

555 1471 609 1516 ct
632 1462 1038 1516 consuetudinis
1065 1460 1322 1526 inferens,
1355 1476 1451 1515 nos
1481 1463 1618 1529 Deus
1647 1462 1807 1525 eruit,
1835 1471 1890 1515 et
1923 1469 2144 1527 terram,

559 1561 829 1608 terrenam
855 1551 1062 1608 scilicet
1082 1551 1412 1608 voluntatem
1434 1553 1587 1608 nobis
1614 1551 1965 1607 excolendam
1989 1568 2147 1608 evan-

555 1645 725 1718 gelico
749 1656 932 1702 aratro
960 1644 1216 1716 injunxit,
1254 1654 1310 1702 et
1356 1655 1416 1700 ut
1449 1662 1572 1702 cum
1614 1645 1838 1701 mitibus
1876 1647 1927 1700 in
1963 1645 2146 1702 futuro

555 1740 939 1810 impassibilem
1012 1756 1130 1796 eam
1200 1739 1600 1812 possideremus
1681 1758 1903 1814 sperare
1982 1743 2144 1797 etiam

549 1833 732 1903 jussit.

629 1928 790 1983 Vens.
823 1929 875 1984 8.
902 1960 974 1969 —
1000 1929 1065 1982 At
1093 1929 1217 1987 ille:
1247 1929 1468 1986 Domine
1499 1932 1660 1998 Deus,
1692 1948 1829 1986 unae
1863 1933 1996 1986 scire
2023 1948 2145 2002 pos-

553 2035 667 2072 sum
696 2019 836 2088 quod
863 2037 1194 2081 possessurus
1221 2023 1320 2076 sim
1346 2024 1498 2077 eam?
1528 2022 1641 2076 Hoc
1668 2031 1752 2077 est
1778 2040 1789 2075 :
1813 2019 1965 2078 Unde
1997 2037 2146 2092 spem

554 2127 697 2166 nunc
743 2112 942 2168 habere
970 2129 1162 2183 queam
1190 2116 1332 2184 quod
1356 2132 1478 2170 cum
1504 2113 1721 2170 mitibus
1761 2117 2061 2183 possideam
2095 2119 2145 2169 in

553 2203 731 2260 futuro
755 2208 990 2262 terram?
1015 2239 1083 2248 —
1104 2209 1292 2280 (Vrsas.
1317 2209 1369 2277 9,
1397 2209 1509 2282 10.)
1541 2209 1607 2262 Et
1639 2207 1897 2264 Dominus
1920 2223 1937 2259 :
1963 2208 2144 2274 Sume,

551 2301 749 2372 inquit,
783 2304 911 2357 mitti
941 2320 1152 2358 vaccam
1201 2306 1474 2368 triennem,
1507 2314 1553 2358 et
1591 2320 1804 2374 capram
1836 2303 2066 2368 trimam,
2099 2313 2147 2358 et

551 2398 767 2451 arietem
809 2414 1065 2452 annorum
1115 2399 1294 2463 trium,
1330 2409 1586 2452 turturem
1626 2413 1826 2467 quoque
1859 2406 1906 2450 et
1943 2395 2144 2449 colum-

552 2487 690 2544 bam.
728 2488 831 2556 Qui
877 2489 1063 2545 tollens
1101 2493 1362 2557 universa,
1395 2493 1506 2547 lucc
1543 2492 1716 2545 divisit
1763 2507 1854 2560 per
1895 2490 2143 2554 medium,

551 2592 598 2637 et
630 2593 877 2655 utrasque
918 2595 1091 2654 partes
1131 2586 1474 2654 altrinsecus,
1519 2597 1568 2642 et
1617 2599 1800 2643 contra
1841 2605 1895 2642 se
1928 2589 2144 2656 posuit:

552 2692 670 2730 aves
701 2686 872 2731 autem
914 2694 1016 2731 non
1053 2679 1248 2734 divisit.
1281 2680 1386 2736 Per
1431 2697 1678 2747 vaccam,
1715 2698 1834 2752 qum
1872 2699 2036 2753 grave
2063 2694 2148 2739 est

551 2771 775 2836 animal,
819 2772 1164 2837 sensualitas,
1220 2790 1339 2843 qua:
1385 2785 1673 2846 aggravata
1729 2793 2006 2847 nunquam
2054 2792 2148 2837 aut

550 2867 641 2920 vix
669 2865 880 2920 levatur
905 2867 972 2923 ab
1000 2869 1122 2923 imis
1151 2887 1165 2935 ;
1198 2885 1295 2940 per
1321 2887 1562 2941 capram,
1593 2891 1712 2942 qua:
1746 2875 2039 2931 arduorum
2063 2889 2146 2934 est

553 2970 813 3030 appetens
851 2971 905 3017 et
945 2962 1229 3032 perspicax
1278 2975 1438 3036 atque
1489 2967 1676 3022 calidae
1728 2977 1961 3034 naturae,
2003 2972 2145 3038 quod

551 3056 846 3110 secundum
877 3057 1155 3128 physicam
1199 3060 1534 3130 sapientibus
1577 3064 1770 3119 attinet
1807 3065 2146 3122 intellectua-

552 3149 718 3216 litas;
782 3165 877 3220 per
926 3152 1185 3218 arietem,
1234 3156 1324 3224 qui
1375 3157 1711 3212 cervicosum
1768 3169 1851 3214 est
1902 3163 2142 3228 animal,
2171 3151 2218 3214 C

551 3244 868 3314 imaginatio
899 3245 1132 3300 carnalis
1181 3249 1463 3318 accipitur,
1494 3252 1616 3322 quia
1660 3254 1916 3309 cornibus
1955 3272 2146 3327 super-

547 3335 652 3392 bire
678 3337 889 3408 spiritui
923 3337 1257 3406 reluctatur;
1304 3351 1479 3407 potest
1513 3353 1568 3400 et
1596 3360 1691 3413 per
1720 3348 1942 3402 arietem
1982 3352 2142 3417 ratio,

549 3447 671 3502 qua:
702 3433 809 3488 dux
835 3442 918 3488 est
944 3442 997 3488 et
1029 3436 1223 3504 praevia
1254 3447 1444 3504 nostri,
1470 3455 1569 3509 per
1603 3456 1824 3498 vaccam
1867 3443 2143 3512 voluntas,

550 3537 671 3595 quae
697 3525 838 3580 inter
867 3527 1133 3582 rationem
1164 3531 1340 3599 posita
1377 3540 1433 3586 et
1478 3535 1775 3603 appetitum
1807 3537 2006 3603 carnis,
2039 3539 2145 3593 nisi

551 3619 762 3674 ratione
795 3620 1056 3688 frenetur,
1109 3625 1444 3682 seductibilis
1487 3627 1772 3684 admodum
1806 3645 1984 3686 vacca:
2020 3641 2142 3687 est:

551 3727 648 3781 per
687 3729 902 3785 capram
971 3715 1268 3774 ‘obécenum
1311 3721 1512 3776 animal
1556 3725 1826 3793 appetitus
1878 3739 2142 3796 nequam;

551 3807 668 3862 hmo
711 3816 766 3863 et
807 3808 860 3863 in
899 3809 1098 3865 bonum
1135 3821 1190 3868 et
1237 3814 1290 3868 in
1340 3815 1540 3870 malum
1586 3815 1714 3870 ferri
1749 3825 1983 3886 queunt,
2019 3820 2147 3888 quia

550 3909 606 3954 et
661 3902 796 3958 ratio
851 3904 1146 3973 spiritualis
1187 3916 1374 3963 contra
1423 3909 1712 3964 humanam
1761 3909 2048 3976 dividitur,
2092 3921 2148 3968 et

553 3995 826 4065 appetitus
877 4013 940 4052 ac
985 3999 1234 4056 voluntas
1279 4002 1404 4058 boni
1444 4012 1630 4059 contra
1681 4004 1821 4059 mala
1877 4003 2144 4062 feruntur.

553 4088 689 4155 Quid
727 4099 906 4146 autem
935 4091 1076 4148 inter
1111 4093 1443 4150 voluntatem
1488 4105 1544 4152 et
1592 4095 1843 4153 affectum
1882 4100 2062 4170 distet,
2093 4104 2148 4159 in

555 4191 786 4238 tractatu
839 4183 1076 4240 secundo
1122 4187 1374 4244 diximus.
1423 4189 1608 4245 Trium
1655 4202 1834 4248 autem
1881 4173 2147 4254 annorum

552 4282 969 4351 essejubentur,
1007 4293 1067 4337 ut
1114 4284 1402 4340 Trinitatis
1446 4302 1630 4342 amore
1677 4289 2012 4359 imbuantur,
2055 4303 2149 4348 aut

551 4377 798 4432 oratione
839 4387 1001 4446 atque
1050 4381 1387 4447 operatione,
1417 4389 1470 4434 et
1511 4382 1693 4447 tertia,
1727 4398 1848 4452 qua:
1896 4385 2000 4440 duo
2045 4387 2147 4442 ista

2176 1789 2223 1849 B

2257 526 2372 572 tare
2404 516 2678 579 desinunt,
2717 514 2812 568 sed
2849 511 3052 567 Abram
3100 511 3350 579 abigente
3400 507 3711 578 diffugiunt.
3745 507 3845 564 Sed

2255 610 2546 665 notandum
2585 607 2638 662 in
2686 603 2982 677 praemissis
3023 603 3204 659 verbis
3257 604 3399 674 quod
3448 602 3671 656 dicitur.
3707 617 3844 656 sume

2254 704 2402 758 mihi.
2433 702 2533 770 Qui
2569 702 2624 755 in
2655 700 2767 755 suis
2798 699 2911 754 sive
2940 697 3184 752 externis
3215 711 3310 751 seu
3355 694 3584 750 internis
3613 694 3846 750 motibus

2251 794 2410 852 laxus
2463 803 2522 852 et
2573 793 2766 850 ﬂuidus
2805 799 2913 855 cit,
2969 792 3068 846 bos
3129 805 3266 861 opus
3302 797 3387 844 est
3445 795 3644 847 sumat.
3690 787 3740 840 id
3770 796 3848 841 est

2255 899 2530 947 correctos
2581 895 2849 960 potestate
2891 885 3184 946 contineat,
3231 883 3326 938 sed
3372 897 3478 936 non
3522 895 3621 951 pro
3669 879 3847 934 favore

2253 985 2418 1055 vulgi.
2467 993 2521 1038 at
2550 985 2675 1048 Deo,
2721 981 2776 1036 id
2824 991 2909 1036 est
2946 978 3014 1032 ad
3063 977 3324 1032 honorem
3368 973 3488 1028 Dei.
3516 971 3707 1042 (Vens.
3737 971 3844 1039 i2.)

2253 1077 2489 1148 Cumque
2511 1075 2589 1131 sol
2617 1073 2963 1138 occumberet,
2991 1085 3146 1140 sopor
3188 1068 3342 1122 irruit
3373 1082 3527 1135 super
3555 1064 3773 1129 Abram,
3801 1074 3846 1117 et

2252 1172 2440 1225 ltorror
2465 1186 2684 1240 magnus
2714 1178 2760 1222 et
2792 1165 3096 1221 tenebrosus
3120 1162 3308 1216 invasit
3335 1176 3473 1213 eum.
3505 1157 3598 1211 Sol
3627 1172 3844 1212 occum-

2249 1264 2347 1324 bit.
2379 1277 2499 1316 cum
2531 1260 2754 1330 iustitia:
2794 1259 2974 1312 fervor
2999 1257 3052 1310 in
3082 1253 3246 1310 corde
3277 1261 3590 1307 sanctorum
3617 1249 3683 1302 ad
3716 1257 3847 1303 tem-

2250 1372 2372 1426 pus,
2407 1356 2515 1410 Deo
2557 1355 2926 1423 dispensante,
2970 1348 3423 1419 tepescit:50por
3465 1358 3628 1412 super
3653 1357 3746 1396 cos
3773 1342 3844 1395 ir-

2251 1451 2378 1513 ruit,
2413 1463 2536 1503 cum
2565 1447 2842 1516 inepinata
2875 1451 3101 1513 repente
3126 1439 3383 1508 segnities
3410 1435 3574 1491 animi
3608 1435 3790 1489 oculos
3817 1451 3844 1488 a

2252 1539 2332 1596 sui
2375 1541 2541 1610 ipsius
2588 1535 2923 1609 Providentia
2975 1533 3364 1604 aliquantisper
3412 1528 3650 1584 occludit
3689 1543 3701 1579 :
3736 1526 3840 1598 65

2251 1634 2446 1689 horror
2487 1647 2711 1703 magnus
2747 1637 2800 1684 et
2840 1627 3156 1682 tenebrosus
3206 1623 3447 1684 invadit,
3489 1635 3613 1675 cum
3660 1634 3837 1674 comes

2254 1727 2464 1782 inertia)
2492 1721 2806 1781 tentationis
2834 1719 3118 1776 insolentia
3149 1725 3346 1772 statum
3377 1713 3557 1770 cordis
3589 1713 3843 1777 concutit,

2253 1829 2306 1875 et
2337 1819 2566 1888 quadam
2610 1813 2839 1887 caligine
2892 1811 3102 1868 consilii
3149 1823 3286 1880 pene
3326 1808 3506 1862 lumen
3533 1805 3840 1875 exstinguit,

2253 1913 2378 1980 quia
2407 1923 2666 1980 quorsum
2695 1908 2964 1963 divertere
3001 1904 3192 1960 debeat
3228 1915 3332 1958 non
3377 1901 3604 1966 invenit,
3629 1908 3686 1954 et
3713 1897 3845 1953 dici-

2253 2015 2341 2060 tur
2367 2005 2414 2060 ei
2444 2023 2457 2058 :

2325 2097 2598 2156 “235.15,
2636 2097 2722 2151 14.
2754 2125 2825 2136 ——
2861 2093 3004 2150 Scito
3040 2095 3391 2162 praenoscens,
3435 2087 3572 2158 quod
3618 2084 3836 2155 peregri-

2253 2209 2375 2246 num
2407 2193 2642 2258 futurum
2683 2190 2751 2244 sit
2796 2205 2966 2244 semen
2999 2197 3148 2241 tuum
3199 2186 3254 2239 in
3304 2193 3444 2238 terra
3498 2198 3602 2236 non
3632 2195 3753 2244 sua,
3795 2187 3840 2232 st

2251 2282 2525 2350 subjicient
2568 2297 2654 2335 eos
2690 2279 2928 2334 servituti
2967 2275 3365 2349 quadringentis
3413 2273 3590 2328 annis.
3631 2269 3842 2325 Verum-

2255 2382 2426 2426 tamen
2463 2382 2663 2442 gentem
2713 2371 2797 2425 cui
2823 2369 3066 2425 servituri
3091 2377 3214 2423 sunt
3251 2383 3342 2438 ego
3357 2364 3639 2437 judicabo,
3662 2373 3709 2416 et
3730 2371 3841 2432 post

2250 2465 2360 2518 haec
2391 2463 2720 2533 egrediantur
2751 2479 2868 2516 cum
2898 2477 3088 2531 magna
3112 2459 3429 2514 substantia.
3472 2455 3720 2512 Scintilla
3746 2455 3840 2525 igi-

2252 2568 2338 2612 tur
2365 2559 2593 2613 rationis
2631 2558 2846 2613 cmlitus
2876 2555 3160 2611 illustratze
3204 2552 3468 2624 suggerit,
3518 2549 3664 2621 quod
3705 2547 3840 2604 bona

2252 2668 2348 2706 sua
2403 2667 2569 2721 opera
2620 2658 2937 2706 extraneum
2981 2647 3145 2717 quid.
3204 2655 3260 2700 et
3295 2645 3451 2700 valde
3502 2642 3840 2714 peregrinum

2247 2759 2478 2816 passura
2505 2744 2614 2798 sint
2639 2744 2691 2797 in
2723 2741 3169 2797 colluctationnm
3213 2738 3498 2802 molestiis,
3531 2737 3659 2791 dum
3693 2749 3840 2790 acce-

2251 2835 2396 2889 denti
2424 2835 2489 2888 ad
2513 2833 2624 2888 Deo
2649 2833 2989 2888 serviendum
3023 2847 3118 2886 cor
3165 2831 3231 2886 ad
3259 2830 3617 2886 teutationem
3643 2841 3840 2897 paran-

2251 2932 2376 2984 dum
2409 2927 2690 2999 est(l:‘ect.
2725 2943 2784 2990 ιι,
2826 2927 2902 2998 i),
2947 2934 3001 2980 et
3051 2939 3238 2980 eorum
3289 2925 3344 2978 in
3403 2919 3586 2975 futuro
3642 2919 3841 2976 differri

2249 3023 2588 3086 mercedem;
2625 3028 2778 3075 porta
2812 3019 2956 3073 enim
2993 3015 3169 3073 ferrea
3203 3017 3354 3072 duxit
3377 3015 3603 3071 Petrum
3627 3015 3694 3069 ad
3717 3013 3841 3068 civi-

2251 3113 2571 3184 tatem(.4ct.
2590 3113 2784 3183 3:11.10)
2813 3132 2826 3168 :
2851 3113 2904 3167 in
2937 3124 3080 3167 terra
3107 3112 3289 3182 itaque
3315 3126 3420 3165 non
3448 3124 3543 3165 sua
3573 3107 3770 3170 ferant,
3789 3115 3841 3160 ut

2251 3203 2304 3259 in
2332 3215 2473 3261 terra
2499 3220 2592 3259 sua
2610 3204 2841 3274 duplicia
2872 3203 3203 3274 possideant.
3225 3197 3661 3269 Subjicimurhic
3685 3198 3842 3254 servi-

2252 3300 2374 3364 tuti,
2399 3297 2524 3354 ilum
2561 3298 2773 3368 corpori
2799 3306 2985 3353 nostro
3002 3296 3227 3352 velimus
3251 3294 3484 3349 nolimus
3524 3305 3715 3348 sumus
3745 3292 3840 3346 tri-

2254 3393 2486 3460 butarii,
2515 3403 2570 3448 et
2599 3392 3022 3462 constringimur
3043 3387 3369 3445 necessitate
3404 3387 3688 3458 peccandi,
3714 3383 3817 3440 allii
3841 3413 3845 3415 λ

2261 3485 2442 3558 gimur
2475 3485 2887 3555 quadringentis
2925 3483 3114 3549 annis,
3146 3482 3291 3537 omni
3349 3493 3583 3536 excursu
3641 3479 3847 3558 scilicet

2251 3555 2538 3649 przesentis
2577 3577 2856 3647 temporis,
2888 3575 3030 3645 quod
3081 3583 3299 3630 constat
3341 3581 3578 3644 quatuor
3628 3555 3844 3642 qualer-

2252 3672 2515 3727 nitatibus
2549 3670 2739 3735 nobis;
2773 3678 3008 3738 quatuor
3060 3669 3204 3722 enim
3250 3667 3420 3730 venti,
3460 3673 3696 3735 quatuor
3746 3663 3841 3719 cli-

2253 3771 2419 3829 mata,
2466 3771 2701 3832 quatuor
2749 3763 3038 3826 elementa,
3079 3769 3313 3832 quatuor
3341 3760 3506 3814 etiam
3540 3765 3743 3820 motus,
3778 3756 3841 3811 de

2253 3855 2449 3923 quibus
2471 3867 2615 3924 saepe
2637 3853 2869 3923 agimus,
2900 3854 3083 3908 insunt
3132 3852 3336 3907 homini
3373 3867 3388 3906 :
3427 3859 3667 3905 attamen
3717 3865 3840 3920 gen-

2253 3955 2384 4013 tem,
2412 3947 2714 4018 cujusjugo
2737 3946 3111 4016 deprimimur,
3149 3946 3198 4000 id
3242 3954 3326 4001 est
3356 3945 3507 4011 vitia,
3543 3943 3842 4010 Deusjudi-

2251 4047 2362 4103 cat,
2393 4040 2519 4094 dum
2575 4041 2780 4110 potenti
2822 4050 2884 4094 ea
2935 4040 2987 4093 in
3039 4040 3195 4095 nobis
3227 4039 3439 4094 ratione
3479 4037 3743 4094 discernit
3789 4047 3840 4091 et

2174 4171 2180 4177 -
2255 4139 2565 4202 temperat:
2618 4133 2710 4186 sed
2745 4132 2870 4184 dum
2917 4129 3298 4201 aequanimiter
3347 4130 3662 4198 aliquandiu
3697 4131 3836 4200 pati-
3915 4191 3924 4204 ι

2253 4241 2397 4282 mur.
2427 4240 2548 4278 cum
2577 4225 2788 4295 magnis
2829 4223 3102 4293 patientiae
3138 4225 3312 4294 copiis
3341 4229 3499 4295 quasi
3543 4239 3735 4278 aurum
3776 4223 3838 4278 de

2253 4319 2466 4374 camino
2499 4317 2565 4370 ad
2601 4332 2863 4372 coronam
2896 4317 3228 4387 egredimur.

2327 4409 2485 4465 Vens.
2517 4411 2604 4472 l5,
2637 4409 2720 4464 16.
2765 4440 2835 4449 --
2868 4407 2946 4461 Tu
2974 4417 3148 4462 autem
3179 4407 3276 4462 ibis
3318 4407 3386 4460 ad
3423 4417 3599 4477 patres
3631 4416 3746 4462 tuos
3787 4405 3840 4460 in

551 4469 805 4572 instrual’
833 4469 1678 4572 [Patior]?perfecfeﬁﬂnemur'
1721 4474 1824 4530 Per
1853 4482 2140 4572 turturem,
2171 4508 2226 4569 Ῑ)
2247 4520 2397 4572 pace,
2425 4501 2657 4572 sepultus
2700 4502 2754 4554 in
2785 4508 3043 4554 senectute
3087 4499 3242 4552 bona.
3274 4493 3622 4552 Generatione
3664 4507 3838 4552 autem

551 4565 644 4634 qui
671 4567 921 4636 egregius
943 4567 1114 4635 magis
1138 4573 1239 4630 est,
1273 4567 1365 4622 Dei
1393 4567 1631 4632 dilectio,
1664 4583 1782 4638 quae
1809 4571 2140 4642 contempla-

552 4657 691 4714 tivos
734 4659 882 4714 facit.
937 4660 1037 4715 Per
1067 4660 1396 4726 columbam,
1440 4675 1557 4731 quae
1585 4664 1831 4733 gregaria
1875 4673 1976 4726 est,
2010 4663 2144 4720 dile-

551 4752 659 4807 ctio
697 4753 953 4824 proximi,
1003 4769 1122 4823 quae
1165 4763 1220 4810 et
1268 4755 1474 4811 activos
1509 4757 1699 4811 nutrit.
1747 4755 1949 4811 Natura
1980 4766 2145 4829 tgttur

549 4855 757 4910 nostra,
796 4847 1054 4916 peccandi
1093 4850 1412 4905 necessitate
1434 4859 1719 4920 corrupta,
1761 4851 2048 4906 adversum
2085 4867 2144 4907 se

551 4943 878 4997 necessario.
916 4942 968 4997 in
1027 4944 1198 5000 tribus
1252 4944 1524 5016 praedictis
1580 4946 1867 5009 dividitur,
1915 4947 2144 5002 virtutes

549 5052 680 5091 vero
711 5037 793 5092 hae
838 5047 891 5092 et
941 5038 993 5092 in
1035 5053 1095 5092 se
1145 5040 1466 5094 naturaliter
1510 5041 1710 5095 eaedem
1760 5050 1906 5106 sunt,
1949 5049 2003 5095 et
2045 5056 2145 5097 nos

550 5130 712 5182 etiam
764 5131 993 5194 uniunt:
1034 5147 1160 5186 caro
1202 5133 1344 5188 enim
1397 5135 1735 5204 concupiscit
1774 5135 1828 5188 in
1873 5134 2142 5205 spiritum,

550 5232 605 5276 et
628 5223 850 5294 spiritus
872 5225 926 5278 in
954 5240 1171 5280 carnem
1219 5224 1419 5296 (Galat.
1453 5243 1504 5292 v,
1539 5227 1625 5300 17)
1654 5245 1666 5282 :
1695 5228 1929 5299 Spiritus
1963 5236 2143 5284 autem

552 5315 668 5381 Dei,
692 5317 783 5386 qui
815 5333 967 5372 amor
1007 5327 1109 5384 est,
1142 5327 1195 5376 et
1240 5320 1293 5374 in
1329 5336 1388 5376 se
1430 5320 1793 5392 indisjunctus
1817 5329 1902 5376 est
1933 5337 2142 5393 nosque

552 5411 656 5466 sibi
677 5411 968 5483 subiungit.

626 5506 788 5562 Vens.
823 5510 910 5564 H.
936 5541 1007 5550 —
1035 5509 1520 5571 descenderuntaue
1545 5509 1777 5564 volucres
1798 5526 1953 5576 super
1978 5527 2143 5566 caaa-

551 5617 698 5667 vera,
729 5613 776 5658 et
811 5605 1044 5675 abigebat
1070 5622 1159 5661 eas
1187 5604 1404 5658 Abram.
1441 5604 1722 5658 Daemones
1759 5605 1871 5674 qui,
1917 5605 2040 5674 quia
2090 5623 2143 5662 tn

553 5696 657 5752 alta
686 5700 1047 5770 superbiendo
1091 5699 1359 5763 feruntur,
1407 5696 1655 5752 volucres
1702 5706 1988 5765 vocantur,
2017 5714 2146 5754 con-

554 5801 870 5852 sternantur
911 5812 1074 5867 super
1118 5793 1538 5852 mortiftcatione
1590 5801 1792 5862 nostra,
1842 5809 1962 5864 qua:
2007 5811 2145 5850 nuu-

2247 4603 2434 4665 quarta
2462 4600 2784 4646 revertentur
2827 4593 2970 4644 huc:
3004 4591 3223 4645 necdum
3249 4591 3385 4644 enim
3414 4589 3682 4659 completa:
3721 4599 3839 4646 sunt

2248 4686 2551 4757 iniquitates
2585 4684 3012 4738 Amorrlueorum
3051 4699 3214 4754 usque
3251 4684 3320 4737 ad
3357 4697 3587 4753 praesens
3615 4692 3834 4753 tempus.

2249 4777 2316 4831 At
2341 4785 2632 4845 antequam
2670 4776 3036 4846 egrediamur,
3073 4775 3138 4830 ad
3193 4783 3376 4846 patres
3424 4783 3640 4832 nostros
3674 4777 3838 4842 imus,

2248 4867 2376 4921 dum
2400 4883 2584 4921 eorum
2611 4881 2838 4935 quorum
2871 4866 3135 4920 miramur
3165 4862 3408 4936 exempla
3435 4867 3680 4935 prmisse,
3709 4882 3839 4922 con-

2249 4955 2475 5012 ferimus
2500 4972 2598 5012 nos
2621 4957 2843 5024 merito,
2866 4965 2920 5012 et
2947 4957 2997 5011 in
3029 4973 3162 5028 pace
3192 4957 3448 5013 vitiorum
3472 4959 3584 5029 jam
3627 4959 3834 5025 statuti,

2250 5058 2302 5102 et
2334 5048 2757 5118 pratsumptione
2787 5049 3016 5119 juvenili
3050 5049 3317 5120 deposita,
3370 5061 3616 5105 nostram
3665 5049 3836 5105 humi-

2249 5141 2372 5196 liter
2397 5149 2721 5196 vetustatem
2754 5141 2991 5197 confessi
3043 5141 3365 5210 sepelimur,
3416 5154 3447 5196 a
3492 5143 3835 5197 saecularium

2249 5235 2454 5291 scilicet
2501 5234 2776 5290 turbidine
2835 5235 3176 5307 negotiorum
3219 5235 3365 5290 intra
3419 5235 3621 5293 mentis
3684 5247 3836 5292 antra

2248 5327 2611 5382 recondimur.
2659 5325 2984 5398 Egredimur
3014 5327 3259 5398 corporis
3285 5325 3460 5382 marte
3490 5329 3558 5384 ad
3587 5331 3832 5399 preemia,

2251 5419 2345 5473 sed
2373 5419 2501 5484 huc,
2536 5418 2588 5472 id
2636 5427 2721 5473 est
2767 5419 2834 5473 ad
2864 5429 3087 5484 terram,
3120 5434 3241 5489 qua:
3269 5419 3610 5490 promittitur
3661 5419 3834 5492 possi-

2249 5511 2446 5575 denda,
2503 5520 2830 5567 revertimur
2877 5513 3226 5582 generatione
3279 5498 3506 5584 quarta,
3558 5517 3704 5586 quod
3753 5523 3834 5572 est

2249 5607 2648 5663 resurrectione
2701 5605 2923 5671 ultima;
2983 5607 3158 5676 primo
3218 5623 3453 5676 namque
3515 5623 3834 5679 generamur

2249 5717 2314 5757 ex
2351 5715 2536 5760 carne.
2562 5699 2902 5754 secundo-ex
2931 5699 3278 5771 baptismate,
3312 5703 3475 5756 tertio
3501 5705 3734 5759 transitu
3765 5703 3832 5759 ad

2251 5794 2490 5864 requiem
2516 5793 2731 5858 animm,
2761 5801 2960 5862 quarto
2981 5793 3224 5864 corporis
3254 5797 3652 5854 resurrectione
3684 5815 3699 5854 :
3736 5796 3834 5854 sed
