4062 6354
188 336 326 393 155

1258 326 1621 387 MORALIUM
1656 326 1728 385 IN
1757 326 2051 387 GENESIN
2079 331 2207 389 LIB.
2236 333 2299 390 V.

3380 346 3492 413 ιω

183 453 251 509 s’i
285 452 574 508 animabus
597 450 829 523 primam
861 448 1185 519 stolamjam
1209 448 1535 505 habentibus
1554 448 1802 505 differtur
1827 459 1876 518 Α
1901 456 2037 510 mine
2061 454 2224 526 Agar,
2249 455 2384 512 dixit
2417 458 2608 513 marito
2648 475 2745 515 suo
2767 476 2786 515 :
2826 460 2961 517 Ecce
2989 460 3243 517 conclusit
3266 479 3344 519 me
3378 462 3495 523 Do-

186 544 410 609 altera,
443 546 710 614 patienter
735 544 1061 609 sustineant,
1104 542 1344 598 scientes
1379 540 1620 597 nondum
1652 557 1806 597 com-

188 635 392 708 pletas
410 636 880 703 Amorrhzeorum,
916 636 969 692 id
1005 645 1092 692 est
1121 635 1538 691 amaricantium
1573 635 1687 690 suis
1715 649 1809 690 ne-

190 731 406 800 quitiis
437 730 605 784 Deum
636 729 978 799 iniquitates,
1008 737 1065 783 et
1116 728 1174 784 hi
1224 728 1405 794 bonis,
1449 742 1680 797 quorum
1708 743 1810 782 nu-

192 837 402 878 merus
425 821 871 892 exspectatur,ita
901 820 1202 877 necessarii
1226 829 1371 887 sunt,
1402 828 1463 875 ut
1488 819 1629 889 ignis
1650 834 1805 887 auro,

194 926 264 971 et
316 915 562 985 purgatis
611 914 680 970 ad
734 913 956 984 plenum
999 929 1097 985 per
1135 914 1285 984 ipsos
1339 914 1501 985 justis
1544 913 1809 970 sistentur

197 1008 478 1079 puniendi
504 1007 735 1076 judicio.

285 1099 456 1155 Vens.
492 1100 580 1167 l8,
613 1098 702 1166 l9,
725 1100 815 1166 ΞΟ,
846 1099 937 1154 2|.
963 1130 1033 1141 —
1065 1099 1139 1153 In
1163 1099 1250 1154 die
1278 1097 1370 1152 illo
1405 1099 1599 1169 pepigit
1628 1098 1809 1155 Domi-

197 1206 310 1243 nus
366 1204 485 1243 cum
522 1188 719 1243 Abram
748 1190 959 1259 Haedus,
1009 1190 1235 1246 dicens:
1297 1187 1501 1244 Semini
1550 1199 1639 1243 tuo
1673 1190 1808 1244 dabo

200 1290 413 1336 terram
441 1284 578 1336 hanc
617 1301 650 1337 a
683 1284 845 1353 ﬂuvio
876 1282 1094 1353 Aiggpti
1124 1299 1286 1353 usque
1333 1284 1402 1336 ad
1432 1283 1654 1352 ﬂuvium
1697 1300 1811 1337 ma-

199 1390 373 1442 gnum
401 1374 742 1443 Euphratem,
774 1375 1000 1443 Cinteos,
1024 1387 1073 1431 et
1117 1376 1412 1443 Cenezwos,
1450 1376 1809 1446 Cedmontcos,

204 1466 488 1533 Hetlucos,
533 1480 581 1523 et
613 1468 943 1536 Pherezaea,
978 1470 1245 1541 Rapltaim
1289 1487 1492 1541 quoque
1525 1480 1574 1524 et
1619 1471 1811 1525 Amor-

204 1558 406 1623 rhwos,
441 1568 488 1611 et
520 1558 869 1627 Chananeus,
901 1558 1227 1631 Gergesteos,
1268 1570 1317 1613 et
1345 1558 1639 1615 Jebuswos.
1670 1560 1810 1615 Cum

201 1652 291 1706 sol
328 1652 494 1724 igitur
521 1652 740 1721 divinae,
773 1664 834 1709 ut
867 1655 1127 1721 diximus,
1158 1656 1565 1725 compunctioni
1610 1656 1679 1710 ad
1712 1659 1813 1710 ho-

203 1759 333 1799 ram
357 1745 593 1812 abesset,
644 1755 883 1816 apparet'
899 1746 1150 1801 clibanus
1178 1746 1413 1812 fumans,
1443 1747 1499 1801 id
1530 1754 1618 1802 est
1643 1755 1809 1802 aestus

1912 547 2109 612 minus,
2142 565 2203 602 ne
2232 566 2493 618 parerem,
2524 552 2793 621 ingredere
2815 555 2883 608 ad
2918 554 3172 609 ancillam
3212 572 3404 621 meam,
3447 555 3496 616 si

1911 637 2049 706 forte
2073 654 2138 691 ea;
2175 638 2269 693 illa
2292 643 2573 710 suscipiam
2597 642 2806 699 liberos.
2836 645 2982 701 Duas
3016 661 3136 702 esse
3177 648 3231 702 in
3272 648 3495 706 homine

1909 729 2232 797 voluntates,
2259 748 2419 787 unam
2443 734 2737 803 carnalem,
2752 738 3086 807 spiritualetn
3102 739 3213 811 66
3240 739 3495 808 alteram,

1910 832 2138 895 experto
2192 826 2461 881 novimus.
2523 826 2678 883 Sarni
2735 838 2917 886 autem
2982 831 3181 887 dicitur
3241 832 3495 905 princeps

1912 932 2054 984 mea,
2093 927 2149 972 et
2176 918 2423 974 voluntas
2446 929 2658 987 nostra,
2688 924 2733 977 si
2765 924 2963 991 reginae
2991 924 3254 982 innitatur
3278 926 3494 993 rationi,

1910 1015 2161 1085 princeps
2201 1014 2318 1082 ejus
2348 1014 2606 1083 edicitur;
2651 1018 2766 1072 hazc
2809 1034 2940 1089 ergo
2964 1019 3154 1089 juncta
3187 1022 3408 1086 Abram,
3440 1022 3496 1078 id

1912 1118 1996 1164 est
2047 1110 2279 1179 spiritui,
2330 1118 2386 1164 et
2431 1110 2638 1165 caelesti
2691 1110 2981 1167 fecuntlata
3027 1113 3251 1179 semine,
3308 1114 3496 1184 dignos

1916 1199 2165 1255 libertate
2198 1242 2211 1266 ,
2266 1210 2449 1271 utpote
2502 1218 2637 1272 quos
2689 1203 2891 1258 veritas
2948 1203 3245 1271 liberavit,
3298 1205 3499 1261 liberos

1914 1300 2200 1362 procreat;
2231 1293 2323 1347 sed
2358 1296 2539 1349 animo
2573 1296 2624 1349 in
2655 1293 2868 1350 fervore
2909 1295 3267 1349 lentationum
3318 1311 3348 1350 a
3381 1297 3499 1352 dul-

1914 1386 2102 1441 cedine
2151 1389 2369 1457 superni
2404 1389 2782 1460 peregrinante
2829 1387 3075 1456 aﬂ‘ectus,
3129 1387 3336 1457 torpida
3385 1388 3497 1458 jam

1913 1479 2167 1534 voluntas
2198 1482 2324 1535 dum
2348 1481 2493 1536 videt
2520 1483 2586 1536 ad
2611 1493 2796 1537 votum
2823 1481 2926 1537 sibi
2952 1481 3132 1536 divina
3164 1494 3270 1535 non
3298 1492 3495 1549 suppe-

1916 1578 2053 1634 tere,
2085 1572 2483 1641 quodammodo
2512 1575 2590 1629 sic
2634 1575 2872 1645 loquitur
2913 1571 3112 1627 rationi
3150 1585 3301 1627 sum:
3335 1569 3498 1637 Deus,

1917 1661 2116 1733 inquit,
2151 1679 2346 1719 munus
2370 1667 2557 1736 gratiae
2580 1666 2648 1721 ad
2669 1666 2806 1721 bene
2827 1666 3096 1733 agendum
3128 1664 3259 1718 mihi
3284 1663 3503 1717 subtra-

1918 1754 2019 1821 xit,
2042 1763 2097 1809 et
2125 1755 2251 1811 dum
2281 1757 2347 1812 ad
2372 1756 2675 1827 spiritualia
2700 1773 2809 1813 non
2840 1757 3187 1827 prmvaleam,
3218 1768 3337 1823 quae
3358 1752 3501 1807 ratio

202 1836 442 1892 interior
470 1838 787 1893 tentationis
806 1839 976 1893 aciem
1006 1840 1203 1895 mentis
1223 1839 1561 1907 obnubilans,
1585 1847 1642 1895 et
1665 1840 1802 1894 lam-
1837 1819 1885 1879 Β
1912 1819 2087 1901 estut
2114 1862 2140 1900 a
2171 1819 2416 1902 saeculari
2445 1847 2610 1901 etiam
2635 1819 2859 1902 honest;
2902 1847 3082 1916 aliqua
3124 1819 3336 1898 actiune
3365 1857 3495 1897 ces-

200 1944 312 2002 pas
339 1931 481 2001 ignis
520 1932 814 1997 transiens,
844 1932 1041 1987 divinae
1066 1932 1320 1988 videlicet
1349 1933 1579 1988 rationis
1596 1933 1805 1997 radius,

205 2026 309 2081 sed
334 2034 685 2080 transeunter
712 2025 1010 2090 illustratus,
1040 2034 1095 2080 et
1116 2026 1434 2080 divisionem
1460 2026 1602 2080 inter
1630 2025 1808 2079 lucem

205 2126 267 2172 et
295 2120 550 2172 tenebras
598 2115 870 2171 subtiliter
916 2116 1142 2179 docens,
1188 2124 1245 2169 et
1289 2116 1356 2169 ad
1395 2127 1604 2185 tempus
1651 2116 1807 2169 dese—

210 2210 388 2267 rendo
415 2209 563 2280 quod
586 2222 657 2263 ex
684 2223 744 2264 se
770 2210 844 2264 sit
877 2208 1038 2264 homo
1079 2206 1369 2263 salubriter
1408 2208 1700 2271 intnnans;
1754 2205 1810 2260 in

210 2303 455 2368 hocdie,
492 2302 548 2356 in
576 2302 682 2356 hac
724 2300 935 2356 scilicet
985 2299 1251 2370 lampadis
1297 2298 1416 2354 luce
1456 2297 1635 2354 ftedus
1665 2297 1810 2352 Deus

207 2395 498 2450 nobiscum
525 2393 847 2463 paciscitur,
878 2393 1005 2447 dum
1027 2408 1095 2446 ex
1124 2392 1206 2446 sui
1232 2390 1640 2461 perseverantia
1658 2403 1811 2444 amo-

208 2486 293 2540 ris
323 2499 477 2554 spem
504 2483 743 2539 nobisin
791 2481 1046 2538 conﬂictu
1077 2482 1318 2536 victoriae
1360 2481 1651 2552 aspirando
1694 2479 1810 2550 pol-

208 2576 659 2634 licetur:semini
699 2584 914 2642 nostro,
966 2589 1073 2629 non
1119 2574 1277 2628 nobis
1314 2574 1502 2642 utique
1530 2573 1808 2628 sterilibus

209 2671 469 2726 daturum
520 2668 660 2725 hanc
694 2676 919 2733 terram,
952 2667 1052 2721 hos
1099 2664 1341 2736 profecto
1392 2679 1529 2735 quos
1566 2664 1809 2734 patimur

212 2772 465 2819 terrenos
507 2771 706 2828 motus,
748 2761 804 2816 id
855 2770 939 2817 est
992 2770 1212 2830 propter
1258 2758 1397 2813 bona
1428 2769 1612 2814 nosu'a
1642 2773 1806 2828 opera

210 2870 378 2912 senos
417 2855 576 2910 nobis
604 2853 969 2918 subditurum,
1012 2869 1042 2906 a
1077 2852 1238 2906 ﬂuvio
1265 2850 1508 2921 Egypti,
1551 2851 1694 2919 qttod
1724 2856 1811 2904 est

212 2948 469 3014 scientia,
526 2962 631 3016 qua
682 2961 770 3001 res
819 2944 1141 3016 Egyptias,
1197 2943 1484 2999 saeculares
1534 2944 1807 3009 videlicet,

212 3040 491 3097 discutere
512 3039 786 3105 novimus,
808 3038 1092 3109 incipient,
1117 3045 1173 3090 et
1201 3036 1267 3090 ad
1298 3034 1518 3090 ﬂuvium
1549 3043 1807 3104 maﬁium

212 3132 569 3202 Euphratem,
581 3131 901 3200 sapientiam
923 3128 1151 3195 scilicet,
1165 3142 1271 3197 qua
1286 3128 1463 3181 divina
1478 3125 1811 3197 contempla-
1836 3182 1845 3202 λ

215 3239 342 3279 mur
370 3223 651 3287 inducens,
680 3222 775 3292 qui
820 3223 1213 3291 interpretatur
1253 3234 1530 3285 crescens,
1572 3234 1700 3272 nam
1740 3219 1808 3274 de

215 3314 597 3384 speculatione
644 3312 862 3382 proﬁcit
913 3312 969 3367 in
1005 3327 1121 3366 rem
1153 3330 1166 3365 :
1201 3318 1383 3365 motus
1411 3318 1593 3366 autem
1622 3309 1807 3364 decem

222 3409 562 3469 inseruntur,
592 3421 688 3476 per
715 3407 860 3461 hunc
896 3420 1183 3460 numerum
1229 3420 1495 3459 summam
1526 3404 1811 3458 universa-

220 3498 330 3557 lem
357 3496 643 3568 ligurando
668 3496 945 3550 vitiorum.
985 3495 1119 3550 tium
1143 3496 1194 3549 ei
1230 3493 1484 3549 dicuntur
1528 3492 1812 3564 possiden-

220 3599 303 3645 tes
338 3590 406 3644 ad
435 3598 598 3659 caput
628 3588 894 3646 malorum
926 3588 1212 3643 avaritiam
1254 3586 1513 3658 pertinet,
1542 3585 1811 3654 Cenezzei,

221 3682 486 3754 Zelotypi,
516 3692 573 3738 et.
609 3683 713 3738 hoc
743 3684 811 3737 ad
854 3682 1020 3736 ﬁliam
1046 3680 1164 3750 ejus
1195 3680 1455 3735 invidiam
1488 3698 1501 3733 :
1546 3678 1811 3751 Cedmon,

220 3775 443 3844 antiqua
488 3772 738 3838 tristitia;
765 3772 880 3827 haec
898 3772 1047 3828 enim
1088 3772 1195 3825 duo
1223 3779 1354 3826 sunt
1379 3783 1499 3838 quae
1526 3768 1812 3838 antiquum

224 3870 276 3923 iu
318 3868 506 3938 primis
529 3866 845 3936 parentibus
870 3864 1027 3921 nobis
1049 3862 1294 3918 indixere
1318 3876 1647 3928 maerorem;
1672 3861 1813 3916 iuvi-

222 3962 402 4016 dentia
434 3974 626 4030 nempe
655 3957 855 4012 diaboli
916 3972 1016 4027 per
1067 3955 1353 4010 avaritiam
1385 3964 1611 4008 ruerunt
1644 3972 1655 4007 :
1707 3952 1811 4009 lle-

224 4056 345 4109 thmi
375 4063 686 4123 stupentes;
720 4051 965 4122 sequitur
1009 4050 1156 4105 enim
1209 4050 1325 4104 haec
1372 4047 1591 4119 reprobi
1619 4061 1813 4103 sensus

226 4148 533 4204 stoliditas:
572 4145 871 4211 Pherezaai,
918 4153 1268 4213 superantes,
1316 4141 1402 4195 vel
1447 4140 1810 4207 dissetninati,

222 4242 435 4297 scilicet
469 4250 657 4309 turpes
694 4238 895 4307 ubique
939 4236 1052 4306 jam
1102 4247 1308 4301 motus,
1345 4243 1399 4291 et
1450 4234 1663 4291 illiciti:
1706 4234 1814 4289 Ra-

228 4335 431 4405 pliaim,
452 4334 739 4406 gigantesj;
794 4331 912 4386 haec
939 4340 1024 4385 est
1057 4329 1330 4400 superbia,
1375 4343 1500 4384 cum
1539 4330 1607 4384 de
1630 4328 1815 4383 crimi-

233 4442 355 4483 num
383 4428 538 4497 quasi
584 4426 859 4497 prosperis
885 4424 1169 4479 eventibus
1201 4423 1400 4479 crescit
1440 4423 1817 4493 peccatoribus

232 4520 452 4573 audacia
484 4537 498 4573 ε
536 4518 838 4574 Amorrhaei
868 4519 1252 4581 amaricautes,
1296 4531 1421 4569 nam
1452 4514 1647 4569 talibus
1667 4529 1817 4568 ama-
1838 4553 1894 4615 Β

240 4611 440 4665 ricatur
460 4610 632 4676 Deus;
668 4610 986 4676 Chananasi,
1019 4611 1431 4673 erubescentes,
1458 4607 1541 4661 vel
1573 4608 1817 4679 negetia-

238 4712 410 4769 tores;
442 4719 565 4757 nam
596 4704 682 4758 his
704 4703 896 4758 imbuti
919 4704 1249 4758 erubescunt
1275 4703 1342 4757 de
1366 4702 1686 4772 puzttitcntia
1724 4715 1817 4756 co-

228 4795 424 4864 gitare,
464 4802 652 4865 utpote
698 4793 896 4864 quibus
944 4794 1001 4849 in
1036 4794 1358 4849 exercendis
1390 4792 1538 4847 vitiis
1577 4791 1821 4847 diabolus

223 4883 565 4955 dignoscitur
613 4886 726 4940 otia
776 4899 1010 4957 negare;
1072 4884 1349 4954 negotium
1401 4884 1545 4938 enim
1597 4883 1818 4949 dicitur,

230 4978 358 5047 quia
390 4986 551 5047 neget
595 4978 767 5031 otium
811 4994 825 5029 :
878 4975 1170 5047 Gergesaei,
1217 4975 1470 5030 colonum
1514 4975 1818 5046 ejicientes,

222 5071 441 5140 wseipsos
472 5085 604 5125 sane
634 5071 893 5140 primum,
917 5078 972 5123 et
1002 5070 1123 5124 ideo
1155 5068 1290 5124 alios
1329 5068 1397 5122 ab
1427 5068 1823 5124 iubabitatione

234 5176 467 5232 superna
516 5162 583 5215 ad
611 5176 775 5230 quam
818 5160 998 5216 vocati
1053 5166 1181 5214 sunt
1232 5156 1516 5227 ejicientes
1545 5177 1558 5212 :
1590 5157 1823 5214 Jebusaai

240 5267 366 5324 ergo
399 5254 469 5308 ad
511 5254 761 5308 ultimum
807 5254 1067 5308 dicuntur
1094 5250 1308 5316 calcati,
1356 5251 1409 5305 in
1450 5250 1542 5307 illo
1574 5252 1826 5308 videlicet

248 5345 378 5411 lacu,
411 5347 503 5416 qui
547 5347 849 5402 calcabitur
884 5346 1041 5416 juxta
1070 5344 1451 5416 Apocalypsim
1495 5346 1678 5417 (Apoc.
1709 5363 1823 5414 xrv,

247 5439 332 5513 id)
352 5449 506 5496 extra
536 5442 833 5520 civitatem,
860 5442 953 5498 ubi
974 5440 1193 5512 passuri
1216 5452 1343 5498 sunt
1367 5448 1584 5497 aeternae
1603 5440 1827 5497 damna-

250 5532 408 5592 tienis
428 5549 618 5606 pressu
627 5550 763 5590 ram.

626 5690 629 5693 η
842 5629 1069 5688 CAPUT
1096 5627 1236 5686 XVI;

320 5723 480 5780 Vnus.
509 5725 564 5791 1,
591 5726 647 5780 2.
674 5754 745 5767 -
771 5724 948 5796 Igitur
977 5725 1139 5780 Sarai
1187 5741 1324 5780 uxor
1353 5725 1549 5779 Abram
1584 5738 1690 5779 non
1738 5740 1829 5793 ge-

256 5828 433 5875 atterat
463 5819 687 5881 liberos.
715 5821 805 5876 sed
840 5821 1033 5876 habent
1059 5819 1310 5876 ancillam
1336 5819 1644 5885 Iquatiam
1669 5858 1684 5882 ,
1730 5834 1829 5873 no-

1910 1950 2030 1990 sarc
2062 1936 2281 1991 debeam
2310 1954 2325 1990 :
2354 1936 2399 1991 si
2431 1938 2614 2007 itaque
2646 1937 2857 1991 interna
2891 1948 2996 1991 non
3027 1944 3201 2007 potes,
3232 1933 3358 2004 quia
3387 1946 3494 1987 non

1908 2028 2023 2083 vult
2058 2030 2217 2095 Deus,
2257 2031 2445 2085 saltem
2471 2031 2601 2085 utile
2645 2030 2845 2100 aliquid
2884 2032 3128 2087 exterius
3152 2029 3494 2096 administra,

1910 2120 2051 2174 unde
2081 2121 2297 2191 juvetur
2326 2123 2623 2191 proximus,
2661 2139 2728 2177 ne
2773 2139 2803 2175 a
2833 2121 3013 2176 fructu
3042 2123 3335 2177 inveniaris
3357 2135 3481 2176 om-

1913 2209 2045 2264 nino
2092 2224 2315 2265 vacuus.
2380 2210 2504 2266 Haec
2550 2221 2633 2265 cst
2672 2210 2922 2283 Egyptia
2962 2211 3179 2275 ancilla,
3212 2209 3494 2265 saecularis

1910 2302 2101 2371 utique
2138 2318 2288 2367 cura,
2335 2317 2454 2373 quae
2478 2302 2623 2373 Agar
2648 2300 2868 2369 dicitur,
2900 2303 2952 2358 id
2997 2311 3079 2358 est
3106 2303 3332 2367 advena,
3376 2313 3497 2370 qua

1910 2396 2093 2451 nonin
2125 2396 2330 2451 sanctis
2363 2397 2636 2451 mentibus
2666 2395 2919 2467 indigena
2940 2404 3039 2459 est,
3059 2395 3153 2450 sed
3175 2393 3495 2461 adventitia,

1908 2489 2213 2560 procaciter
2237 2501 2296 2544 se
2323 2488 2596 2560 ingerens,
2630 2504 2733 2542 non
2766 2496 2918 2559 grate
2945 2496 3215 2556 suscepta.

1989 2585 2149 2640 Vens.
2179 2584 2234 2639 5.
2264 2616 2333 2626 -
2380 2585 2611 2657 Cumque
2658 2582 2737 2638 illi
2788 2583 3136 2654 acquiesceret
3180 2581 3498 2651 deprecanti,

1911 2677 2029 2733 tulit
2084 2679 2228 2748 Agar
2280 2676 2593 2748 zEgyptiam
2641 2673 2889 2730 ancillam
2946 2683 3061 2745 post
3109 2689 3274 2728 annos
3322 2671 3499 2727 decem

1913 2789 2071 2844 quam
2101 2772 2341 2825 habitare
2370 2778 2628 2840 coeperant
2676 2770 2729 2821 in
2774 2777 2913 2821 terra
2946 2764 3224 2831 Chanaan,
3272 2775 3316 2818 et
3356 2764 3500 2818 dedit

1910 2850 2025 2917 eam
2064 2862 2173 2917 viro
2217 2877 2312 2917 suo
2348 2876 2583 2916 uxorem.
2617 2858 2720 2925 Qui
2746 2859 3008 2928 ingressus
3042 2866 3117 2912 est
3144 2856 3211 2911 ad
3242 2872 3355 2911 eam
3379 2868 3398 2907 :
3444 2861 3499 2909 at

1910 2949 2005 3005 illa
2045 2951 2338 3020 concepisse
2379 2966 2432 3003 se
2473 2949 2675 3012 videns,
2723 2946 2953 3017 despexit
3009 2948 3272 3000 dominam
3322 2959 3494 2997 suam.

1912 3030 2061 3093 Multi
2092 3054 2217 3095 cum
2248 3054 2311 3094 ea
2342 3054 2461 3109 qua:
2488 3037 2822 3109 prastulimus
2846 3037 2947 3092 sibi
2973 3036 3157 3091 dicunt
3184 3034 3490 3105 gratantius

1912 3152 1972 3191 se
2007 3137 2204 3191 divinis
2228 3134 2422 3191 ciliciis
2451 3135 2735 3189 instituros
2767 3132 2910 3187 inter
2934 3130 3169 3202 agendas
3193 3127 3373 3185 smculi
3410 3142 3500 3186 res

1913 3229 2014 3285 sibi
2049 3229 2180 3299 ipsis
2204 3228 2531 3298 promittunt
2558 3244 2568 3279 :
2612 3233 2733 3295 post
2763 3224 2946 3279 decem
2982 3236 3109 3294 ergo
3149 3236 3317 3276 annos
3344 3220 3489 3277 acci-

1910 3318 2058 3389 pitur
2086 3318 2254 3388 Agar,
2285 3318 2430 3385 quia,
2460 3325 2801 3385 transgresso
2843 3314 3038 3366 divinas
3070 3310 3203 3380 legis
3246 3310 3494 3380 imperio,

1911 3416 2200 3479 postquam
2236 3408 2290 3461 in
2322 3416 2465 3462 terra
2491 3404 2769 3471 Chanaan,
2821 3405 2876 3458 in
2931 3402 3205 3459 soliditate
3250 3403 3499 3460 videlicet

1914 3512 2129 3574 morum
2162 3498 2475 3555 mutationis
2514 3495 2822 3554 conversari
2868 3497 3218 3560 devoverant,
3257 3502 3383 3551 tota:
3411 3511 3502 3550 ra-

1919 3591 2080 3647 tionis
2108 3592 2253 3646 vires
2277 3591 2329 3645 in
2355 3593 2601 3660 ingressu
2642 3589 2871 3657 ancillat,
2896 3587 2950 3643 id
2971 3596 3055 3643 est
3085 3587 3136 3641 in
3160 3580 3495 3659 experientia

1915 3682 2206 3739 mundialis
2230 3682 2682 3753 concupiscentia:
2734 3694 2852 3737 sese
2894 3678 3201 3747 debilitant;
3235 3680 3494 3735 Chanaan

1914 3777 2060 3834 enim
2091 3784 2361 3831 mutatum
2393 3783 2564 3840 sonat,
2616 3783 2669 3829 et
2709 3782 2931 3839 terram,
2978 3773 3102 3842 quia
3150 3770 3345 3827 stabile
3389 3770 3497 3827 ele-

1914 3877 2157 3925 mentum
2212 3876 2317 3934 est,
2367 3880 2465 3938 pro
2520 3867 2793 3923 soliditate
2849 3862 2976 3936 poni
3036 3872 3288 3919 constat:
3342 3863 3495 3932 quasi

1914 3978 2051 4019 uxor
2093 3978 2222 4035 ergo
2258 3962 2562 4027 asciSt-itur,
2609 3961 2733 4015 dum
2784 3957 2953 4014 menti
3006 3954 3274 4010 tenaciter
3320 3955 3497 4025 agglu-

1916 4057 2242 4123 tinatur,ast
2267 4057 2353 4111 ubi
2377 4054 2555 4124 aliqua
2579 4053 2873 4123 cupiditate
2896 4049 3116 4115 letatur,
3139 4049 3262 4119 quia
3286 4057 3495 4103 utrum-

1916 4167 2021 4222 que
2066 4150 2185 4205 lieri
2234 4164 2340 4204 non
2392 4155 2591 4217 potest,
2640 4152 2695 4202 et
2749 4144 2859 4199 Deo
2915 4144 3157 4205 servire,
3206 4150 3257 4195 et
3303 4140 3498 4195 saeculo

1918 4244 2270 4308 incumbere,
2327 4241 2576 4296 voluntas
2622 4236 2918 4309 spiritualis
2962 4251 2991 4290 a
3047 4233 3250 4290 carnali
3316 4233 3491 4303 primo

1917 4338 2306 4395 contemnitur.

1990 4434 2154 4489 Vens.
2196 4431 2250 4496 5,
2288 4430 2342 4485 6.
2388 4458 2459 4470 —
2486 4426 2695 4498 Inique,
2718 4426 2794 4479 ait
2825 4423 2984 4479 Sarai
3028 4423 3096 4476 ad
3140 4422 3355 4485 Abram,
3387 4421 3498 4491 agis

1918 4537 2104 4582 contra
2132 4540 2212 4579 me
2238 4539 2258 4578 :
2286 4521 2400 4593 Ego
2435 4520 2555 4575 dedi
2581 4516 2829 4572 ancillam
2854 4530 3023 4567 meam
3046 4514 3104 4565 in
3125 4512 3295 4565 sinum
3327 4521 3495 4577 tuum,

1920 4634 2038 4689 qua:
2062 4617 2237 4673 videns
2259 4612 2397 4683 quod
2424 4605 3009 4679 conceperit,|despectui
3031 4620 3111 4657 me
3136 4603 3287 4657 habet
3314 4619 3332 4657 :
3358 4603 3501 4672 judi-

1923 4720 2000 4765 cet
2024 4709 2278 4763 Dominus
2326 4707 2464 4758 inter
2500 4719 2579 4757 me
2633 4711 2680 4755 et
2714 4709 2784 4757 te.
2810 4698 2908 4753 Cui
2939 4697 3172 4752 Abram:
3202 4696 3357 4766 Ecce,
3401 4698 3499 4764 ait,

1922 4796 2117 4852 ancilla
2145 4806 2254 4855 tua,
2291 4802 2433 4846 utere
2478 4807 2541 4844 cu
2576 4798 2635 4843 ut
2683 4788 2826 4842 libet.
2870 4786 3136 4859 Afﬂigente
3182 4786 3341 4857 igitur
3387 4802 3502 4840 eam

1925 4888 2081 4943 Sarai
2122 4886 2301 4956 {ngam
2348 4884 2487 4939 iniit.
2534 4882 2612 4938 Ac
2640 4881 2686 4936 si
2718 4881 2805 4950 pla
2836 4881 3085 4935 voluntas
3119 4877 3319 4950 praprii
3349 4877 3504 4932 meti-

1925 4977 2111 5033 culosa
2154 4975 2338 5046 lapsus
2390 4974 2585 5029 rationi
2625 4970 2822 5028 inferat
2855 5011 2870 5037 ,
2926 4971 3229 5041 iniquitatis
3282 4967 3503 5038 coargui

1925 5072 2111 5138 debes,
2147 5085 2265 5140 qua:
2313 5067 2587 5134 ancillam,
2640 5081 2761 5136 qua:
2809 5081 2930 5120 meo
2974 5065 3196 5119 suberat
3251 5062 3504 5131 imperio,

1924 5163 2082 5236 quasi
2108 5161 2397 5233 quemdam
2429 5160 2575 5215 intra
2600 5159 2778 5215 sinum
2818 5157 2918 5212 sub
2948 5164 2998 5210 te
3028 5152 3373 5210 ambiendam
3402 5167 3505 5209 co-

1927 5257 2327 5325 hibendamque
2368 5254 2691 5323 susceperis,
2735 5258 2793 5304 ut
2834 5249 2913 5303 sic
2962 5255 3179 5302 curaret
3225 5246 3505 5316 forutica,

1926 5358 2198 5421 quatenus
2226 5348 2369 5402 intro
2389 5360 2495 5401 non
2534 5344 2880 5408 minuereris,
2909 5349 2964 5395 et
2993 5340 3154 5395 modo
3177 5338 3245 5393 ab
3279 5354 3343 5394 ea
3376 5355 3508 5395 con-

1930 5440 2154 5509 temptui
2198 5453 2284 5492 me
2314 5437 2501 5492 haberi
2539 5450 2643 5489 non
2669 5435 2784 5488 sine
2810 5432 3009 5502 probro
3040 5438 3130 5487 tuo
3160 5431 3383 5503 pateris.
3413 5429 3510 5489 ita;

1931 5533 2072 5588 dicet
2104 5531 2385 5596 Dominus,
2419 5529 2471 5583 id
2515 5537 2598 5583 est
2640 5526 2936 5591 discernat,
2987 5522 3129 5594 quod
3172 5533 3276 5590 est,
3306 5522 3509 5579 discer-

1931 5642 2063 5682 nere
2089 5634 2143 5680 te
2170 5623 2357 5689 faciat,
2398 5622 2540 5692 quod
2571 5621 2703 5676 mihi
2736 5620 2915 5690 potius
2950 5633 3114 5689 quam
3139 5616 3215 5670 illi
3251 5626 3300 5672 te
3344 5617 3512 5671 inhae-

1931 5735 2054 5775 rere
2078 5725 2426 5774 convenerat.
2461 5716 2528 5771 Et
2566 5716 2704 5772 ratio
2737 5715 2781 5772 si
2827 5724 2938 5781 tua,
2966 5724 3022 5767 ut
3051 5712 3269 5777 asseris,
3314 5710 3511 5769 ancilla

1935 5824 2071 5882 crat,
2102 5830 2222 5870 eam
2254 5813 2384 5870 milii
2432 5813 2682 5885 ingerere
2729 5826 2835 5870 non
2878 5810 3185 5876 debueras;
3233 5804 3509 5869 ancillatui
