4108 6324
586 332 689 390 155

1485 326 1541 380 ν.
1568 320 1894 382 GUlBERTI
1917 322 2211 383 ABBATIS
2250 325 2309 384 S.
2352 322 2591 383 MARLE
2623 323 2712 382 DE
2746 324 3141 387 NOVIGENTO

3754 331 3856 392 136

584 462 716 520 ergo
744 460 865 503 eam
897 455 989 504 tuo
1018 445 1305 517 subjice,et
1327 457 1370 498 st
1401 439 1628 495 rationis
1643 440 1721 494 uti
1746 440 1878 495 libet
1907 440 2159 512 imperio,
2190 444 2239 502 Α
2263 442 2532 515 guationis
2557 443 2831 499 incussum
2864 445 2959 500 tibi
2997 460 3027 500 a
3054 444 3345 515 ‘spirituali
3377 445 3656 503 voluntate
3683 454 3856 505 terro-

582 543 699 615 ipsa
741 544 816 599 uti
865 542 1057 598 ancilla
1094 549 1287 595 utere:
1336 534 1523 605 aﬂligit
1574 535 1756 605 itaque
1806 550 1927 589 eam
1983 536 2159 602 Sarai,

583 652 707 708 quae
760 636 960 692 dicitur
1009 633 1130 688 ideo
1184 630 1440 700 princeps
1492 642 1611 682 mea
1661 627 1788 698 quia
1834 628 2163 699 principium

584 730 754 786 sumit
798 729 975 784 omnis
1004 724 1160 795 vigor
1185 722 1412 777 rationis
1458 723 1526 777 ab
1580 722 1721 792 ipsa,
1774 723 1900 793 quia
1954 723 2164 780 crebris

583 820 1037 884 restrictionibus,
1086 825 1143 874 et
1190 817 1403 873 timoris
1452 816 1545 871 Dei
1575 814 1790 886 obiectu
1820 826 2162 889 coangustat,

583 918 678 974 sed
725 915 812 969 illa
865 912 1044 979 fugam
1098 910 1223 978 init,
1279 910 1406 981 quia
1457 910 1557 966 sub
1611 910 1936 965 auctoritate
1991 909 2164 980 magi-

581 1020 705 1064 stra:
754 1015 862 1060 tam
911 1004 1149 1077 potentis
1206 1003 1445 1060 timendo
1493 1019 1523 1059 a
1576 1002 1874 1074 petulantia
1925 1017 1985 1059 se
2031 1016 2164 1057 con-

581 1098 773 1153 trahit.

650 1237 1322 1309 Vens.7.8,9.—Cumque
1351 1237 1623 1293 inuenisset
1644 1236 1790 1290 illam
1812 1235 2028 1307 angelus
2058 1234 2163 1290 Do-
2222 1284 2225 1287 ,

577 1333 707 1389 mini
718 1332 878 1403 juxta
895 1332 1090 1403 fontem
1112 1350 1264 1404 aqua:
1275 1334 1328 1388 in
1344 1331 1647 1398 solitudine,
1665 1348 1781 1403 qum
1797 1341 1871 1385 est
1894 1331 1945 1384 in
1960 1330 2161 1384 deserto

579 1424 635 1481 in
662 1426 743 1479 via
775 1425 905 1491 Sur,
937 1426 1069 1480 dixit
1095 1427 1165 1480 ad
1194 1425 1339 1479 illam
1367 1441 1386 1479 :
1408 1425 1569 1494 Agar,
1597 1422 1791 1478 ancilla
1821 1423 2002 1489 Sarai,
2028 1425 2163 1477 unde

580 1518 742 1584 venis,
776 1527 822 1572 et
857 1534 958 1587 quo
991 1518 1176 1572 uadis?
1202 1518 1246 1572 Α
1289 1517 1425 1585 facie
1453 1516 1611 1571 Sarai
1637 1517 1864 1571 dominae
1912 1531 2038 1570 mea:
2069 1531 2162 1585 ego

578 1609 743 1680 fugio.
774 1608 1065 1675 Revertere,
1098 1609 1194 1673 ait,
1226 1609 1295 1662 ad
1316 1608 1583 1663 dominam
1613 1618 1779 1673 luant,
1810 1621 1857 1663 et
1882 1605 2163 1662 humilium

576 1701 672 1757 sub
692 1718 851 1756 manu
873 1702 1056 1774 ipsius.
1086 1701 1325 1775 Angelus
1362 1701 1601 1767 Domini,
1635 1710 1731 1756 aut
1757 1700 1939 1757 divina
1986 1699 2159 1770 inspi-

577 1793 718 1849 ratio
739 1802 845 1860 est,
877 1803 970 1848 aut
1000 1792 1168 1849 divini
1199 1793 1424 1849 monitio
1448 1794 1670 1866 eloquii,
1709 1809 1830 1864 quze
1867 1808 1967 1849 nos
2011 1793 2160 1850 inve-
2193 1804 2236 1860 Β
2262 1792 2277 1866 ς

577 1885 757 1952 niunt,
787 1902 909 1942 cum
941 1902 1044 1942 nos
1078 1887 1130 1943 in
1162 1894 1348 1943 nostra
1380 1887 1643 1957 nequitia,
1685 1902 1809 1944 cum
1857 1902 1963 1943 non
2010 1902 2157 1957 quae-

578 1990 774 2038 runtur
797 1996 824 2035 a
857 1982 1033 2047 nobis,
1067 1981 1495 2053 deprehendunt:
1534 1980 1694 2036 Juxta
1725 1980 1928 2037 fontem
1974 1989 2157 2036 autem

577 2088 730 2144 aqum
757 2089 963 2138 sumus,
1005 2074 1130 2129 dum
1176 2073 1276 2139 illi,
1304 2074 1356 2128 in
1389 2089 1494 2143 quo
1543 2082 1669 2128 sunt
1699 2088 1888 2129 omnes
1918 2072 2157 2130 thesauri

575 2165 854 2235 sapientiae
880 2179 943 2220 ac
957 2164 1219 2229 scientiae,
1250 2164 1513 2219 inhaerere
1536 2164 1875 2234 appetimus;
1906 2165 1998 2235 qui
2027 2164 2155 2220 l‘ons

573 2255 628 2312 in
657 2255 947 2312 solitudine
974 2255 1262 2325 reperitur,
1287 2256 1413 2326 quia
1452 2256 1649 2311 divina:
1694 2254 2038 2327 profunditas
2077 2256 2160 2311 in-

574 2347 901 2420 telligentize,
929 2363 1035 2404 non
1066 2348 1171 2404 nisi
1201 2348 1384 2405 abhis
1421 2348 1514 2419 qui
1542 2348 1609 2404 de
1652 2348 1969 2420 evagatione
2022 2348 2162 2404 fora-

575 2440 711 2495 stica
751 2440 1013 2496 redierint
1040 2440 1109 2494 ad
1154 2454 1268 2504 cor,
1320 2439 1611 2511 attingitur
1644 2458 1656 2494 :
1704 2440 1798 2496 sed
1839 2440 2073 2496 solitudo
2102 2440 2159 2495 in

578 2531 797 2587 deserto
846 2530 1097 2595 habetur,
1127 2530 1277 2600 quia,
1308 2529 1521 2586 nonnisi
1554 2530 1937 2602 cupiditatibus
1978 2531 2159 2587 saeculi

584 2622 651 2676 ad
710 2620 927 2691 plenum
978 2621 1228 2687 desertis,
1284 2621 1397 2677 haec
1440 2620 1638 2675 mentis
1691 2620 1847 2690 quies
1897 2629 1951 2675 et
1982 2621 2160 2676 unitas

578 2711 819 2785 perfecte
850 2712 1110 2778 sentitur;
1150 2721 1205 2768 et
1261 2713 1365 2768 hoc
1410 2712 1462 2767 in
1493 2712 1577 2767 via
1633 2710 1738 2767 Snr
1775 2728 1789 2765 :
1848 2710 1956 2767 Sur
1992 2710 2161 2766 inter-

578 2811 830 2877 pretatur
870 2804 1107 2874 nigredo,
1157 2802 1242 2858 vel
1279 2804 1544 2875 angustia,
1596 2803 1681 2859 vel
1728 2803 1983 2874 fortitudo
2008 2820 2027 2859 :
2063 2820 2161 2875 per

579 2897 915 2969 nigrediuem
968 2896 1492 2977 cognitiopeccati,
1541 2911 1711 2953 comae
1759 2896 1901 2952 enim
1950 2911 2162 2967 sponsa:

576 2987 743 3057 nigrae
771 2989 925 3057 quasi
990 3001 1186 3042 corvus
1219 2985 1395 3058 (Cant.
1455 3001 1505 3052 v,
1556 2986 1685 3058 ll);
1732 2982 1829 3057 per
1855 2986 2160 3057 angustiam

573 3080 984 3137 commissorum
1024 3078 1323 3151 pmnitudo,
1355 3088 1409 3134 et
1448 3078 1641 3134 deinde
1682 3089 1870 3135 contra
1905 3080 2162 3136 adverso-

577 3185 698 3228 rum
729 3168 1009 3225 molestias
1044 3168 1289 3239 sequitur
1321 3166 1599 3224 fortitudo.
1633 3167 1774 3223 Dicit
1816 3182 1945 3238 crgo
1993 3168 2158 3239 Agar,
2187 3157 2233 3221 C

576 3280 696 3336 qua:
720 3263 835 3335 jam
889 3264 978 3320 hic
1007 3264 1386 3334 interpretaris
1419 3278 1706 3329 conversa,
1738 3272 1793 3318 et
1841 3261 1995 3317 Sarai
2042 3263 2155 3333 jam

576 3358 817 3415 nosceris
846 3356 1107 3428 principis
1140 3356 1358 3423 ancilla,
1387 3356 1607 3412 attende
1646 3363 1910 3428 quantum
1948 3356 2162 3412 dilferat

574 3453 720 3510 inter
766 3453 819 3509 id
849 3452 992 3508 unde
1021 3451 1199 3517 venis,
1245 3450 1560 3507 saecularem
1594 3450 1801 3506 scilicet
1843 3464 2156 3516 excursum,

580 3554 636 3601 et
661 3544 790 3599 illud
828 3544 896 3599 ad
930 3544 1073 3614 quod
1112 3541 1271 3598 modo
1298 3541 1496 3609 tendis,
1536 3541 1702 3597 divini
1756 3540 1992 3607 praesidii
2026 3555 2160 3596 cou-

576 3634 782 3707 fugium
807 3652 820 3688 :
848 3647 879 3688 a
905 3633 1063 3699 facie,
1094 3632 1287 3703 inquit,
1319 3631 1371 3687 id
1401 3640 1484 3688 est
1510 3646 1541 3687 a
1577 3631 2014 3687 consideratione
2052 3630 2163 3701 spi-

578 3727 794 3784 ritualis
816 3725 1108 3781 voluntatis
1137 3725 1265 3780 mihi
1303 3723 1668 3795 praesidentis,
1710 3732 1764 3779 et
1798 3723 1980 3778 divina
2027 3722 2162 3778 mihi

576 3817 781 3890 judicia
814 3815 1136 3888 opponentis
1178 3815 1524 3888 pertimesco.
1562 3813 1883 3878 Revertere,
1935 3812 2032 3877 ait,
2094 3811 2162 3867 ad

578 3909 751 3976 illam,
783 3908 835 3964 id
862 3917 946 3964 est
973 3924 1001 3962 a
1032 3922 1137 3978 qua
1171 3906 1461 3963 immaturo
1499 3906 1676 3962 adhuc
1704 3904 1899 3960 timore
1921 3903 2157 3974 dill‘ugis,

577 4004 645 4060 ad
667 4003 783 4076 ejus
809 4003 1151 4074 exsequenda
1184 4010 1239 4059 et
1267 4001 1497 4056 amanda
1527 4008 1793 4071 praecepta
1819 4007 2159 4064 convertere,

578 4107 633 4155 et
652 4095 905 4168 operibus
927 4096 1044 4168 ejus
1069 4095 1122 4150 in
1151 4093 1296 4150 nullo
1322 4092 1682 4165 suggruniens
1706 4089 1985 4145 humiliter
2006 4090 2159 4160 quasi

579 4189 761 4248 manui
784 4188 901 4259 ejus
934 4187 1150 4243 subdita
1181 4199 1331 4257 pare.

655 4322 814 4377 Vens.
847 4319 936 4384 10,
968 4320 1055 4385 M,
1092 4318 1181 4374 12.
1220 4347 1293 4359 -—
1330 4315 1713 4385 Multiplicans,
1752 4313 1948 4384 inquit,
1979 4313 2160 4369 multi-

578 4418 779 4492 plicabo
815 4431 987 4470 semen
1012 4423 1183 4478 tuum,
1230 4420 1278 4466 et
1319 4427 1422 4466 non
1466 4408 1828 4463 numerabitur
1849 4425 1956 4479 pra:
1983 4408 2163 4463 multi-

2264 550 2400 592 rem.
2434 536 2554 600 Hic,
2600 536 2791 607 inquit,
2820 536 3028 607 primus
3072 539 3445 594 conversionis
3502 547 3609 594 tum
3654 548 3853 609 status,

2265 629 2427 685 homo
2454 628 2671 700 quidem
2707 629 2813 684 erit
2859 639 3081 700 propter
3107 631 3354 686 assiduos
3384 631 3689 687 carnalium
3737 640 3855 688 ten-

2265 726 2530 783 tationum
2559 725 2836 797 impulsus,
2873 725 2969 781 sed
3007 724 3154 780 ferus
3181 736 3402 797 propter
3429 726 3618 783 viriles
3639 741 3855 783 earum-

2267 817 2388 871 dem
2424 831 2530 871 non
2580 815 2812 871 feminea
2864 814 3210 883 lentitudine,
3278 817 3371 873 sed
3412 817 3560 890 regia
3618 819 3855 889 quadam

2264 909 2590 965 auctoritate
2631 908 2901 979 repulsus,
2946 922 3140 964 manus
3173 907 3314 979 ejus,
3367 911 3614 981 potentia
3663 911 3855 983 utique

2264 1011 2454 1057 contra
2480 1015 2669 1056 omnes
2704 1000 2893 1065 animi,
2922 999 3006 1054 vel
3037 1001 3217 1056 carnis
3243 1001 3503 1065 assultus,
3533 1012 3589 1057 et
3612 1002 3855 1059 omnium

2264 1109 2453 1150 rursus
2507 1108 2694 1149 eorum
2755 1094 2810 1149 iu
2859 1092 3109 1150 eumdem
3143 1095 3407 1163 dirigetur
3456 1095 3751 1161 incursus;
3802 1104 3855 1152 et

2266 1186 2630 1249 tabernacula,
2664 1185 2718 1240 id
2765 1194 2850 1242 est
2888 1187 3177 1257 quemdam
3215 1186 3423 1241 militiae
3450 1186 3794 1242 devotionem
3823 1201 3855 1242 e

2265 1283 2485 1351 regione
2528 1282 2756 1337 fratrum
2793 1296 3039 1346 suorum,
3067 1290 3311 1337 motuum
3343 1280 3602 1336 videlicet
3648 1280 3852 1334 anima-

2265 1372 2396 1429 lium
2425 1389 2493 1429 ex
2522 1375 2710 1430 eodem
2754 1374 2952 1429 mentis
2978 1375 3172 1445 gradu,
3206 1373 3297 1444 qui
3328 1383 3556 1430 vocatur
3584 1373 3850 1443 appetitus

2266 1480 2447 1523 secum
2481 1466 2913 1538 progenitorum;
2955 1481 3023 1522 ex
3058 1466 3160 1521 hoc
3181 1466 3325 1522 enim
3353 1476 3408 1520 et
3442 1466 3581 1521 bene
3611 1476 3665 1520 et
3714 1463 3850 1522 male

2265 1559 2573 1630 appetimus
2605 1577 2617 1612 :
2655 1558 2802 1630 figet,
2826 1557 3041 1613 scilicet
3067 1556 3176 1611 lixa
3222 1556 3520 1611 indictione
3565 1564 3845 1626 proponet,

2263 1652 2490 1708 utsicut
2517 1650 2844 1707 desiderium
2881 1649 3129 1720 corporis
3172 1647 3371 1703 militat
3424 1647 3685 1703 adversus
3737 1648 3847 1719 spi-

2268 1746 2430 1800 ritum
2465 1784 2480 1811 ,
2539 1744 2618 1799 sic
2674 1742 2898 1813 spiritus
2949 1755 3112 1813 super
3141 1740 3388 1812 equitare
3431 1740 3713 1796 contendit
3770 1739 3848 1795 id-

2262 1854 2457 1910 ipsum.

2331 1933 2495 1987 Vens.
2543 1931 2627 1999 l5,
2670 1932 2759 1986 Η.
2781 1961 2852 1973 --
2899 1929 3113 1985 Vocavit
3152 1940 3327 1984 autem
3356 1929 3501 1999 Agar
3527 1944 3714 1983 nomen
3744 1927 3846 1983 Do-

2260 2025 2411 2091 mini,
2437 2025 2526 2096 qui
2576 2024 2881 2096 loquebatur
2920 2024 2990 2078 atl
3017 2040 3132 2077 eam
3156 2039 3176 2077 :
3211 2021 3288 2076 Tu
3320 2021 3483 2088 Deus,
3533 2022 3625 2092 qui
3676 2021 3845 2076 vidisti

2259 2120 2383 2173 me.
2412 2116 2657 2187 Profecto
2701 2117 2784 2170 hic
2810 2116 2913 2171 vidi
2948 2116 3238 2187 posteriora
3286 2114 3505 2169 videntis
3559 2131 3663 2169 me.
3720 2113 3845 2168 Pro-

2260 2223 2436 2285 pterea
2483 2210 2757 2281 appellavit
2787 2220 2999 2282 puteum
3039 2208 3192 2263 illum
3220 2222 3239 2261 :
3269 2207 3500 2263 Puteum
3533 2208 3767 2271 viventis,
3797 2217 3846 2262 et

2260 2304 2482 2361 videntis
2537 2320 2638 2358 me.
2673 2302 2793 2374 Ipse
2836 2313 2910 2357 est
2936 2304 3072 2357 inter
3097 2302 3267 2357 Cades
3312 2313 3361 2357 et
3406 2302 3606 2357 Barad.
3641 2301 3843 2357 Nomen

2262 2393 2355 2450 Dei
2388 2409 2585 2449 vocare
2616 2401 2717 2457 est,
2760 2392 3053 2448 secundum
3084 2392 3135 2446 id
3156 2393 3299 2462 quod
3326 2392 3619 2447 introrsum
3649 2392 3845 2447 discre-

2262 2486 2463 2542 tionem
2496 2485 2650 2539 nobis
2704 2484 2881 2540 dando
2914 2484 3175 2555 loquitur,
3224 2484 3292 2539 de
3339 2484 3456 2553 ejus
3512 2485 3844 2555 benignitate

2263 2594 2366 2649 qua
2403 2594 2503 2633 nos
2526 2578 2697 2644 videt,
2727 2579 2850 2648 quia
2876 2576 3120 2647 profecto
3151 2587 3393 2634 nostrum
3419 2578 3472 2633 in
3500 2593 3611 2649 quo
3631 2593 3845 2635 eramus

2263 2684 2506 2725 errorem
2538 2669 2693 2723 nobis
2730 2669 2991 2736 insinuat,
3020 2685 3258 2741 congrua
3291 2671 3590 2741 gratiarum
3636 2672 3845 2727 actione

2262 2763 2567 2818 :estimare:
2600 2762 2875 2817 anteriora
2926 2762 3041 2829 Dei,
3078 2763 3217 2818 visio
3241 2763 3424 2834 gloria:
3466 2763 3583 2833 ejus
3622 2773 3707 2820 est
3737 2782 3751 2820 :
3781 2763 3845 2819 In

2263 2852 2497 2922 reliquiis
2525 2852 2669 2906 enim
2717 2853 2843 2915 tuis,
2890 2852 2966 2906 ait
3010 2853 3276 2918 psalmus,
3306 2855 3635 2924 prwparubis
3677 2852 3843 2909 vultus

2263 2960 2441 3000 eorum
2473 2940 2646 3015 (Psal.
2675 2958 2766 3009 xx,
2801 2942 2888 3013 15)
2921 2961 2934 2997 :
2966 2944 3288 3012 posteriora,
3312 2952 3519 2999 aeterna
3540 2944 3842 3011 damnatio;

2262 3039 2531 3111 percussit
2557 3054 2792 3110 namque
2821 3039 3071 3095 inimicos
3094 3055 3220 3096 suos
3248 3040 3301 3095 in
3332 3042 3631 3110 posteriora
3672 3039 3842 3111 (Psal.

2263 3146 2466 3195 Lxxvn,
2498 3129 2613 3199 66).
2644 3129 2743 3187 llic
2786 3145 2940 3201 ergo,
2990 3131 3042 3187 id
3073 3140 3157 3187 est
3201 3132 3255 3187 in
3316 3132 3489 3188 nostri
3519 3133 3843 3205 cognitione,

2262 3225 2531 3290 videmus,
2546 3222 2756 3278 scilicet
2783 3223 3155 3295 intelligimus,
3187 3239 3348 3295 quam
3373 3224 3528 3281 triste
3548 3235 3633 3282 est
3663 3241 3844 3298 quem-

2262 3319 2406 3391 piam
2436 3317 2563 3389 poni
2593 3317 2835 3384 dorsum,
2864 3318 3116 3373 amittere
3142 3318 3330 3389 utique
3356 3318 3448 3373 Dei
3478 3318 3706 3384 vultum,
3725 3335 3845 3376 cum

2264 3400 2373 3466 iam
2396 3399 2618 3466 malum
2647 3410 2718 3465 sit
2743 3410 2930 3465 vivere
2969 3410 3272 3480 quemlibet
3318 3410 3520 3481 absque
3549 3411 3645 3467 Dei
3673 3420 3730 3467 et
3763 3410 3843 3469 sui

2260 3503 2432 3575 ipsius
2461 3512 2712 3573 respectu
2750 3502 3049 3560 secundum
3100 3518 3326 3575 pravum
3377 3509 3620 3559 animum
3669 3519 3843 3560 suum.

2262 3596 2465 3652 Puteus
2496 3604 2677 3650 autem
2700 3603 2785 3650 est
2810 3595 3078 3665 profunda
3111 3596 3237 3651 vitae
3266 3604 3485 3662 nostrae,
3517 3604 3573 3651 et
3598 3596 3845 3653 instantis

2262 3699 2319 3746 et
2352 3688 2644 3761 praeteritae
2687 3688 3075 3755 consideratio,
3126 3689 3193 3744 de
3232 3704 3341 3759 qua
3378 3690 3674 3759 saepissime
3715 3690 3843 3745 hau-

2263 3783 2403 3838 ritur
2453 3780 2780 3836 dulcissimae
2830 3780 3264 3852 compnnctionis
3312 3782 3644 3836 inundatio:
3704 3784 3844 3838 hunc

2265 3874 2431 3946 igitur
2453 3873 2804 3945 appellamus,
2837 3875 2981 3944 quod
3004 3883 3088 3929 est
3121 3874 3603 3930 animadvertendo
3646 3874 3843 3930 discer-

2265 3967 2445 4023 nimus
2487 3966 2778 4038 quamdam
2814 3965 2995 4021 vitalis
3037 3965 3347 4022 intellectus
3398 3967 3688 4037 originem,
3742 3981 3845 4037 quo

2262 4062 2317 4109 ct
2345 4069 2442 4110 nos
2471 4054 2617 4125 ipsos
2637 4053 3031 4124 cognoscimus,
3071 4068 3304 4124 eumque
3335 4069 3365 4108 a
3414 4069 3521 4124 quo
3565 4056 3844 4126 cognosci-

2259 4162 2413 4212 mur;
2445 4146 2562 4202 haec
2607 4155 2693 4202 est
2735 4146 2880 4201 enim
2913 4146 3024 4199 vita
3054 4153 3278 4211 :eterua,
3311 4154 3369 4199 ut
3400 4156 3733 4217 cognoscant
3774 4157 3843 4211 te,

2263 4238 2438 4307 inquit
2483 4238 2666 4309 (Joan.
2725 4253 2873 4302 xvn,
2937 4237 3013 4307 5).
3065 4237 3241 4292 Cades
3290 4239 3678 4307 interpretatur
3727 4256 3843 4293 mu-

2263 4330 2403 4392 tata,‘
2424 4328 2505 4384 vel
2536 4338 2748 4394 sancta;
2774 4328 2946 4385 Barad
2973 4328 3293 4393 benedictio;
3319 4329 3443 4384 dum
3469 4331 3844 4401 namque'hinr

2268 4422 2580 4489 admoram
2618 4428 2866 4475 veterum
2912 4420 3267 4475 mutationem
3301 4434 3397 4489 per
3425 4436 3588 4491 quam
3619 4423 3829 4494 attinga

583 4513 777 4569 tudine.
807 4508 1118 4579 Concepisti,
1148 4518 1195 4561 et
1222 4508 1393 4577 paries
1414 4503 1617 4574 ﬁlium:
1643 4503 1950 4573 vocabisque
1972 4520 2158 4558 nomen
2186 4508 2239 4571 Ι)
2266 4527 2387 4566 mus
2415 4512 2759 4566 sanctitatem
2785 4525 3125 4576 exercemur,
3155 4521 3211 4566 et
3241 4511 3389 4567 illinc
3412 4514 3479 4567 ad
3511 4529 3844 4586 conseque".

579 4609 694 4680 ejus
722 4603 941 4667 Ismael,
972 4619 1032 4656 eo
1080 4600 1217 4672 quod
1255 4599 1481 4653 audierit
1530 4597 1787 4652 Dominus
1831 4597 2159 4669 aﬂlictionem

579 4708 743 4752 tuam.
770 4694 874 4749 Hic
904 4693 1001 4748 erit
1028 4697 1171 4762 ferus
1197 4695 1370 4758 homo,
1395 4707 1582 4745 ntanus
1607 4688 1719 4759 ejus
1748 4699 1931 4743 contra
1957 4704 2159 4753 omnes,

578 4798 624 4845 et
654 4804 838 4843 manus
865 4788 1095 4841 omnium
1125 4795 1306 4839 contra
1336 4799 1485 4848 eum;
1507 4791 1555 4836 et
1577 4798 1603 4835 e
1630 4781 1837 4852 regione
1856 4789 2161 4834 cunctorum

579 4884 804 4955 fratrum
844 4896 1060 4936 suorum
1094 4877 1214 4948 ﬁget
1260 4874 1623 4931 tabernacula.
1674 4871 1731 4928 Si
1778 4886 2056 4936 aerumnae,
2105 4879 2161 4926 et

579 4983 871 5044 conceptus
888 4972 1041 5041 juxta
1077 4970 1219 5039 quod
1245 4967 1369 5022 Eva:
1396 4966 1600 5021 dictum
1644 4970 1752 5028 est,
1782 4963 1878 5018 tibi
1923 4976 2010 5017 me
2033 4975 2159 5032 per-

577 5068 828 5124 mittente
856 5061 1304 5130 multiplicantur,
1347 5074 1415 5113 ne
1459 5058 1801 5118 extimescas,
1846 5054 1974 5125 quia
1999 5067 2158 5109 acce-

578 5160 827 5216 dentibus
842 5157 909 5212 ad
938 5155 1105 5208 Deum
1125 5150 1548 5207 innumerabiles
1572 5149 1929 5204 tentationum
1959 5156 2157 5213 motus,

578 5264 697 5321 qua:
721 5259 848 5304 sunt
876 5246 1082 5303 semina
1110 5246 1311 5309 carnis,
1350 5250 1690 5314 exsurgunt:
1726 5240 2022 5310 concepisti
2061 5255 2161 5312 ego

579 5356 731 5413 spem
759 5339 1123 5411 quarumlibet
1148 5337 1524 5409 cupiditatum,
1557 5336 1650 5391 sed
1696 5335 1791 5390 tibi
1823 5350 1919 5406 per
1948 5334 2162 5390 confes-

580 5432 786 5486 sionem
814 5441 894 5487 est
922 5429 1263 5501 pariendum,
1296 5442 1600 5497 nomenque
1654 5427 1746 5482 filii
1777 5425 1953 5494 hujus,
1987 5427 2040 5482 id
2079 5435 2163 5483 est

580 5520 837 5577 discretio
864 5521 994 5577 boni
1041 5520 1197 5590 primi
1244 5520 1403 5591 hujus
1431 5561 1445 5585 ,
1490 5519 1633 5590 quod
1691 5529 1773 5573 est
1821 5520 2160 5588 pmnitentia,

579 5611 795 5679 lsmael,
828 5613 884 5668 id
918 5619 1004 5667 est
1025 5612 1227 5669 auditio
1253 5613 1347 5668 Dei
1374 5622 1621 5678 vocatur,
1664 5627 1731 5667 eo
1756 5612 1865 5684 67
1900 5612 2041 5682 quod
2068 5626 2159 5667 au-

566 5692 764 5783 :dierit,
785 5705 840 5761 id
869 5713 956 5760 est
980 5704 1150 5760 audiri
1178 5705 1385 5772 fecerit,
1417 5707 1558 5778 quod
1585 5721 1690 5760 non
1720 5714 1805 5760 est
1826 5705 1968 5759 aliud
1998 5721 2159 5775 quam

566 5790 811 5866 tintslligi
853 5794 1197 5859 aﬂlictionetn
1250 5805 1418 5873 tuam,
1457 5812 1703 5869 superna:
1754 5796 1961 5853 scilicet
2021 5797 2160 5854 indi-

2263 4606 2384 4661 dam
2416 4604 2563 4676 regni
2597 4603 2813 4674 superni
2839 4604 3266 4660 benedictionem
3294 4606 3626 4677 porrigimur
3648 4648 3662 4672 ,
3693 4606 3845 4679 quasi

2261 4697 2316 4753 in
2344 4695 2579 4766 quodam
2626 4692 2924 4748 meditullio
2972 4694 3134 4764 positi
3169 4693 3277 4749 hac
3309 4694 3541 4765 illacque
3587 4697 3833 4753 distrahi-

2260 4803 2403 4852 mur,
2455 4793 2511 4840 et
2562 4793 2815 4840 neutrum
2857 4785 3034 4841 adhuc
3075 4787 3317 4857 perfecte
3347 4788 3844 4857 apprehendimus:

2261 4894 2327 4935 ex
2357 4878 2461 4933 hoc
2489 4887 2667 4931 autem
2692 4886 2853 4946 puteo
2881 4876 3025 4933 vires
3056 4879 3340 4944 sumimus,
3368 4880 3511 4935 unde.
3535 4879 3604 4934 ad
3643 4889 3843 4937 utrum.

2263 4983 2368 5040 que
2392 4969 2675 5023 tendamus
2709 4986 2720 5021 :
2757 4968 2958 5023 dicitur
2994 4969 3160 5024 etiam
3196 4968 3371 5024 Barad
3399 4970 3582 5026 verius
3619 4975 3839 5027 transla-

2262 5070 2399 5125 tum,
2444 5059 2686 5131 grando:
2743 5060 2886 5129 quod
2935 5060 3113 5115 innuit
3149 5061 3502 5117 conscientia:
3539 5065 3843 5120 concussio-

2262 5165 2408 5214 nem,
2436 5152 2563 5221 quia
2589 5166 2742 5206 mens
2762 5151 2888 5207 hinc
2917 5152 3132 5222 quidem
3171 5166 3269 5222 per
3301 5155 3683 5221 mutationem,
3726 5172 3843 5212 san-

2263 5244 2614 5316 ctitatemque
2638 5246 2793 5316 quasi
2843 5246 3166 5313 defenditur,
3214 5250 3308 5305 sed
3365 5265 3463 5321 per
3510 5251 3845 5323 frequentem

2262 5347 2629 5411 peccatorum,
2672 5347 2728 5393 et
2766 5339 3123 5397 humanitatis
3152 5344 3517 5399 incursionem
3573 5358 3841 5414 accusata,

2265 5446 2329 5485 ac
2349 5429 2393 5484 si
2423 5429 2655 5499 quodam
2686 5428 2812 5484 hinc
2858 5430 2981 5484 inde
3015 5432 3402 5501 cogitationum
3434 5434 3594 5503 juxta
3623 5437 3843 5508 Aposto-

2265 5521 2373 5575 lum
2404 5520 2797 5585 accusantium,
2836 5529 2928 5574 aut
2949 5522 3109 5577 etiam
3141 5523 3542 5581 defendentium
3579 5527 3756 5599 (Rom.
3782 5545 3844 5598 ιι,

2266 5613 2353 5682 l5)
2389 5612 2653 5683 grandine
2684 5612 3020 5669 molestatur.

2335 5704 2503 5759 Vens.
2532 5704 2995 5777 l6.—0ctoginta
3018 5718 3067 5761 et
3093 5724 3184 5763 sea:
3205 5726 3461 5766 annorum
3483 5723 3598 5768 erat
3624 5714 3841 5780 Abram,

2264 5798 2476 5869 quando
2523 5801 2718 5870 peperit
2771 5801 2819 5857 ei
2869 5800 3015 5873 Agar
3062 5801 3359 5859 Ismaelern.
3413 5805 3738 5867 Octonarius
3773 5822 3843 5866 ex
