4062 6354
211 420 310 473 157
1388 415 1747 476 MORALIUM
1784 413 1801 468 l

1902 413 2175 470 IENESIN
2210 417 2331 472 LIB.
2379 418 2437 472 ν.
3360 429 3458 483 153

212 530 578 601 quaternarii:
616 541 874 589 constans
907 533 1140 589 refertur
1187 534 1253 588 ad
1286 532 1623 602 temporalia.
1658 544 1789 599 qno-
1822 531 1867 589 Α
1900 536 2077 580 autem
2104 539 2282 584 nostra
2312 532 2412 586 hoc
2435 532 2507 587 fa:
2532 534 2609 589 Tus
2638 544 2896 589 aeternum
2920 537 3163 606 cst,quia
3188 537 3237 591 in
3261 516 3467 595 carnali"

213 633 333 672 rum
357 630 596 690 patimur
626 624 678 678 in
727 628 926 681 nostris
954 626 1123 681 initiis
1155 626 1448 695 appetitum
1479 640 1493 677 :
1542 624 1789 679 senarius

212 711 282 765 ad
314 713 575 769 bonorum
620 732 844 786 operum
890 735 1009 788 quae
1058 734 1220 789 agere
1249 718 1617 772 desideramus
1670 731 1792 785 pro-

211 799 443 870 fectum;
496 806 598 861 etsi
647 811 788 863 enim
837 794 975 865 bene
1026 811 1266 864 exterius
1315 824 1474 878 agere
1523 807 1791 871 videmur,

215 902 397 950 tamen
426 897 745 970 plerumque
770 902 1008 972 graviter
1030 902 1172 955 intro
1186 900 1538 970 cupiditatum
1561 897 1793 953 stimulis

214 989 645 1057 compungimur.
711 990 992 1045 lsmaelem
1062 1002 1185 1045 tunc
1244 990 1515 1060 parimus,
1576 988 1792 1058 quando

215 1074 485 1136 audiente,
539 1078 591 1131 id
630 1088 713 1133 est
760 1080 1061 1149 intelligere
1115 1095 1211 1135 nos
1263 1078 1498 1134 faciente
1534 1079 1791 1148 ineptiam

218 1173 459 1218 nostram
504 1166 637 1231 Deo,
668 1169 736 1222 ad
773 1168 1166 1224 confessionem
1198 1170 1403 1241 peccati
1449 1169 1793 1237 perducimus

216 1251 417 1309 ﬂuxum
453 1258 691 1314 carnalis
726 1258 966 1315 allectus.

790 1351 1016 1408 CAPUT
1065 1350 1219 1406 XVII.

505 1441 688 1496 Totum
703 1455 856 1514 caput
877 1446 1169 1514 promiscue
1195 1444 1504 1513 explicatur.

289 1530 416 1597 Quae
458 1544 758 1602 sequuntur
800 1549 827 1587 a
874 1534 1061 1590 multis
1101 1536 1264 1588 etiam
1312 1535 1638 1605 tropologice
1667 1543 1795 1588 sunt

217 1632 446 1678 tractata
481 1623 814 1690 doctoribus,
848 1634 1058 1681 etsunt
1106 1642 1225 1695 quze
1263 1641 1359 1696 per
1406 1641 1463 1680 se
1508 1625 1641 1680 satis
1680 1625 1793 1679 elu-

212 1722 392 1773 ceant,
435 1714 664 1781 sparsim
708 1730 839 1785 ergo
870 1716 1048 1770 minus
1076 1717 1313 1784 patentia
1353 1730 1522 1783 usque
1551 1714 1617 1767 ad
1667 1728 1789 1767 eum

212 1802 411 1868 locum,
447 1806 558 1869 uhi,
606 1808 864 1876 Apparuit
896 1807 1120 1861 Abrahae
1154 1806 1410 1861 Dominus
1458 1808 1511 1861 in
1561 1804 1792 1860 convalle

213 1895 471 1959 Mambre,
504 1907 630 1952 sunt
668 1899 1006 1954 discutienda
1052 1900 1403 1954 succinctius.

272 1984 433 2041 Vsus.
458 1989 581 2040 l.—
599 1986 901 2058 Nonaginta
927 2005 1101 2043 novem
1134 2006 1391 2042 annorum
1418 2004 1526 2041 esse
1550 1995 1794 2055 coeperat,

212 2089 334 2129 cum
350 2078 397 2129 ei
413 2093 605 2133 nomen
623 2077 763 2132 Deus
776 2079 1045 2141 immutat,
1064 2079 1188 2146 quia
1202 2078 1267 2130 ad
1282 2077 1650 2132 centenarium
1666 2076 1798 2129 divi-

217 2180 298 2216 na:
323 2165 817 2234 contemplationis,
835 2167 924 2236 qui
950 2165 1340 2220 transferturin
1362 2166 1662 2228 dexteram,
1683 2180 1800 2219 nec—

216 2251 345 2307 dum
361 2252 521 2307 homo
534 2254 760 2309 interior
771 2264 1084 2324 pervenerat
1098 2296 1111 2319 ,
1127 2254 1352 2324 quicum
1368 2252 1797 2323 paterexcelsus,

218 2345 363 2413 quod
390 2354 471 2400 est
504 2346 727 2412 Abram,
760 2357 978 2417 propter
1018 2348 1277 2417 quasdam
1314 2347 1649 2401 exlrinsecas
1673 2361 1803 2401 con-

216 2436 491 2501 tinentias,
551 2452 688 2507 quas
739 2440 1034 2509 attigerat,
1090 2439 1192 2493 sibi
1244 2438 1533 2493 videretur.
1574 2436 1800 2492 Ambula

211 2544 390 2582 coram
415 2545 515 2593 me,
549 2541 595 2583 et
626 2540 733 2584 esto
762 2532 1042 2601 perfertur,
1076 2531 1123 2585 ei
1178 2530 1397 2593 dicitur,
1451 2540 1511 2584 ut
1552 2545 1657 2584 non
1690 2538 1798 2584 tam

211 2636 395 2675 coram
423 2622 730 2677 hominibus
771 2639 931 2693 quam
962 2624 1013 2677 in
1040 2623 1305 2688 interiori,
1335 2622 1477 2693 quod
1505 2604 1587 2677 est
1615 2637 1798 2676 coram

214 2708 329 2764 Deo
377 2713 676 2782 prolicere,
727 2722 783 2767 et
832 2712 1018 2782 perlici
1077 2713 1318 2766 studeas.
1369 2704 1527 2766 Cadit
1570 2711 1636 2763 al
1687 2709 1802 2765 haec

214 2803 418 2858 Abram
446 2804 499 2859 in
529 2804 743 2872 faciem,
773 2806 897 2874 quia
922 2805 1010 2875 qui
1038 2821 1096 2861 se
1123 2804 1299 2859 meriti
1331 2803 1555 2874 putabat
1597 2800 1802 2856 habere

214 2894 614 2959 celsitudinem,
644 2896 710 2951 de
754 2896 965 2951 interna
998 2896 1141 2951 illico
1166 2894 1482 2965 indignitate
1506 2894 1799 2962 reprelien-

217 3000 311 3039 sus
337 3002 489 3041 suam
512 2989 783 3045 erubescit
806 2988 1126 3054 foeditatem,
1146 2989 1287 3061 quod
1306 2998 1388 3043 est
1419 2988 1471 3042 in
1501 2987 1801 3058 Scripturis

217 3078 415 3132 cadere
452 3078 503 3135 in
550 3080 762 3136 faciem.
796 3080 980 3151 (Vsus.
1023 3082 1103 3151 ιι.)
1142 3080 1274 3153 Ego,
1310 3081 1503 3149 inquit,
1550 3098 1690 3145 sum,
1750 3080 1802 3135 id

219 3173 325 3230 est,
358 3168 719 3225 essentialiter
746 3169 1122 3235 immutabilis,
1147 3178 1201 3224 et
1230 3170 1352 3225 inde
1381 3181 1595 3240 pactum
1622 3184 1799 3223 meum

223 3263 422 3319 tecum,
456 3256 499 3311 si
540 3256 693 3313 fortis
720 3268 776 3314 et
822 3260 1196 3316 substantivns
1232 3269 1418 3314 contra
1453 3258 1642 3312 intima
1671 3258 1800 3313 vitia

222 3344 343 3399 sis:
392 3361 496 3399 non
530 3363 658 3417 ergo
710 3357 765 3403 te
817 3350 1017 3403 frustra
1056 3347 1169 3415 jam
1222 3347 1471 3419 glorieris
1502 3346 1799 3413 excelsum,

223 3436 322 3489 sed
344 3447 552 3506 patrem
582 3438 870 3492 multarum
901 3440 1087 3509 procul
1113 3440 1277 3493 dubio
1306 3439 1545 3511 gentium
1580 3438 1721 3493 scias
1753 3446 1805 3493 te

221 3527 605 3595 constitutum,
620 3539 678 3582 ut
704 3537 929 3599 paterna
948 3529 1353 3601 dispensatione
1372 3543 1560 3599 regere
1590 3528 1805 3583 noveris

221 3617 495 3673 inteStinte
520 3620 819 3675 insolentia:
846 3620 1119 3691 populum.
1143 3619 1345 3674 Ponam
1375 3629 1424 3673 te
1448 3619 1498 3673 in
1528 3618 1799 3688 gentibus,

219 3710 347 3781 quia
381 3726 487 3780 quo
519 3712 687 3782 magis
724 3712 1062 3781 proveheris,
1109 3712 1260 3766 tanto
1298 3710 1532 3780 majores
1578 3708 1803 3779 patieris

218 3802 606 3873 strepitus,sed
630 3804 695 3856 ad
719 3804 815 3857 hos
841 3801 1219 3873 deprimendos
1242 3815 1417 3871 reges,
1438 3800 1489 3855 id
1511 3810 1596 3855 est
1625 3808 1802 3855 motus

220 3902 471 3959 petentes
513 3892 761 3957 rationis,
800 3894 888 3962 qui
927 3894 1042 3948 luce
1074 3893 1392 3948 contineant
1420 3907 1485 3947 ex
1533 3901 1587 3947 te
1640 3909 1800 3965 egre-

219 3984 458 4038 dientur.
492 3984 597 4039 Ero
630 3983 768 4038 Deus
797 3984 1021 4039 seminis
1048 3985 1119 4039 tui
1146 3993 1270 4054 post
1313 3992 1382 4049 te,
1421 3984 1669 4053 provisor
1694 3983 1802 4038 sei-

222 4075 349 4131 liCet
379 4077 451 4131 tui
482 4076 663 4146 operis
708 4085 765 4131 et
807 4088 1202 4138 remuneratur,
1257 4092 1379 4133 cum
1435 4076 1803 4147 temporalitcr

220 4182 343 4221 esse
369 4165 619 4222 desieris.

298 4259 457 4313 Vrsas.
510 4259 593 4313 12.
634 4291 683 4300 —
742 4258 930 4330 Infans
986 4273 1097 4314 ouo
1150 4262 1355 4314 dierum
1404 4259 1805 4313 circumcidetur

225 4353 280 4406 in
306 4352 468 4405 vobis.
494 4350 587 4406 Ille
612 4358 741 4407 sane
764 4353 855 4422 qui
880 4367 945 4406 ex
977 4362 1206 4421 quatuor
1223 4351 1504 4405 elementis
1527 4359 1801 4416 constans,

228 4456 427 4509 corpus
470 4440 746 4511 proprium
797 4441 1162 4511 superaverit,
1217 4451 1272 4493 et
1322 4440 1635 4509 temporalia
1692 4440 1807 4495 ιιιυο

1824 1878 1870 1939 Β

1897 630 2082 674 nostro
2113 621 2330 686 affectu,
2363 626 2451 692 qui
2504 627 2749 694 superius
2803 636 2943 681 terra
2986 631 3460 700 peregrinationis,

1892 719 1947 765 et
1993 710 2268 773 Chanaan,
2322 714 2463 780 quod
2499 728 2526 766 a
2580 726 2723 769 statu
2781 726 2927 772 recto
2974 732 3070 787 per
3115 735 3237 774 eum
3268 735 3462 791 evaga-

1896 816 2037 870 mur,
2067 811 2122 856 ct
2159 802 2499 856 mutabilitati
2544 804 2879 874 subjieimur,
2918 808 3256 877 appellatur:
3312 822 3466 865 tenor

1895 888 2260 953 continenti-.13,
2290 905 2396 959 qua
2448 890 2557 947 Deo
2604 896 2999 961 connectimnr,
3021 912 3247 952 necesse
3279 898 3467 953 obser-

1896 988 2071 1034 vetur.

1968 1071 2127 1126 Vens.
2163 1072 2247 1125 H.
2273 1104 2338 1112 -—
2366 1073 2656 1141 Masculus,
2682 1076 2831 1144 cujus
2865 1094 2986 1130 caro
3033 1080 3337 1133 circumcisa
3367 1098 3469 1134 non

1900 1164 2081 1232 fuerit,
2109 1166 2296 1233 peribit
2347 1166 2522 1219 anima
2574 1167 2665 1221 illa
2702 1169 2766 1221 de
2804 1168 2993 1237 populo
3037 1186 3151 1223 suo.
3213 1171 3363 1237 Quod
3393 1183 3473 1226 est

1897 1255 2116 1309 dicere:
2152 1255 2330 1310 Fortis
2380 1257 2614 1323 animus,
2666 1274 2763 1314 nec
2797 1259 3023 1313 feminea
3059 1259 3283 1316 mollitie
3311 1264 3472 1332 dege-

1895 1363 2016 1414 ner,
2046 1349 2135 1417 qui
2160 1350 2409 1405 carnales
2438 1351 2664 1407 allectus
2703 1368 2810 1406 non
2865 1354 3175 1419 absciderit,
3209 1371 3272 1409 ex
3309 1358 3471 1411 nimia

1896 1440 2285 1495 suborientinm
2317 1443 2641 1513 vulgaritate
2691 1444 3084 1499 desideriorum
3111 1488 3124 1508 ,
3167 1456 3221 1501 et
3255 1452 3475 1519 propria

1894 1537 2229 1591 animalitate
2257 1539 2473 1607 peribit.
2521 1539 2675 1594 Sarai
2706 1550 2908 1605 autem,
2948 1544 2998 1596 id
3031 1552 3115 1598 est
3143 1546 3475 1600 voluntatem

1894 1632 2102 1701 spiritui
2131 1648 2193 1687 ac
2218 1635 2261 1688 si
2288 1636 2481 1691 marito
2505 1652 2769 1692 annexam
2803 1639 3103 1710 conjugem,
3134 1658 3238 1697 non
3256 1620 3476 1698 vocabis

1895 1725 2206 1792 specialiter
2251 1727 2543 1782 extrinseei
2595 1728 2668 1783 tui
2719 1740 2891 1796 actus,
2943 1746 3050 1800 quo
3079 1732 3325 1788 excelsus
3381 1735 3475 1789 tibi

1896 1818 2137 1883 videris,
2187 1827 2242 1872 et
2290 1835 2450 1889 quem
2505 1835 2602 1891 pro
2653 1822 2830 1875 saeculi
2892 1824 3175 1879 honestate
3226 1841 3473 1889 exerces,

1898 1910 2193 1981 principem
2224 1925 2422 1975 meam,
2452 1913 2543 1965 sed
2575 1913 2897 1982 generaliter
2937 1925 2992 1970 et
3031 1917 3277 1975 absolute
3326 1920 3475 1990 prin-

1898 2002 2091 2072 eipem,
2138 2002 2301 2055 totius
2356 2003 2562 2058 scilicet
2628 2005 2727 2075 pia:
2782 2007 3010 2063 actionis
3066 2012 3239 2081 mag's
3297 2021 3474 2067 tamen

1900 2092 2174 2147 interioris
2202 2107 2360 2160 quam
2386 2093 2674 2149 exterioris
2701 2095 2924 2161 ducem;
2962 2100 3180 2168 preprie
3207 2101 3349 2156 enim
3375 2103 3477 2157 sibi

1900 2182 2252 2253 principatur,
2283 2183 2525 2252 quisquis
2568 2183 2704 2238 bona
2752 2201 2856 2241 non
2912 2203 3009 2257 pro
3056 2190 3184 2255 Deo,
3226 2195 3319 2247 sed
3354 2211 3478 2263 pro-

1902 2274 2081 2343 aliquo
2107 2290 2206 2329 suo
2252 2274 2458 2329 honore
2484 2289 2717 2344 eperans
2744 2292 2803 2331 se
2832 2278 3088 2335 eohibere
3116 2280 3348 2337 videtur.
3397 2284 3475 2339 Ex

1902 2366 2006 2422 hoc
2018 2366 2237 2437 spiritus
2260 2365 2616 2420 etvolnntatis
2637 2365 2885 2437 coniugio
2904 2369 3072 2436 Isaac,
3093 2386 3215 2441 spes
3232 2373 3479 2429 videlicet

1901 2458 2117 2527 superni
2149 2458 2325 2529 gaudii
2352 2458 2614 2523 nascitur,
2641 2458 2725 2513 cui
2752 2460 2990 2516 cmlestis
3019 2462 3481 2537 multipliCuIionis

1902 2552 2090 2622 illapsu
2122 2553 2481 2609 benedicitur.
2515 2583 2584 2592 —
2632 2553 2820 2623 (Vsus.
2855 2554 2967 2626 17.)
3024 2555 3186 2610 Ridet
3231 2557 3284 2612 in
3316 2559 3482 2613 corde

1902 2661 1999 2700 suo
2027 2644 2324 2712 Abraham,
2354 2653 2408 2699 et
2448 2645 2498 2699 in
2540 2644 2729 2707 faciem
2774 2646 2939 2714 cadit,
2980 2647 3106 2718 quia
3156 2664 3263 2719 quo
3307 2652 3481 2722 magis

1903 2738 2259 2810 spiritualiter
2282 2738 2566 2804 imbuitur,
2594 2754 2658 2795 eo
2689 2740 2862 2812 magis
2890 2740 2957 2796 de
2987 2741 3198 2798 interna
3226 2759 3322 2799 sua
3354 2762 3481 2801 eru-

1903 2830 2107 2886 ditione
2156 2829 2476 2902 gratulatur,
2523 2839 2578 2885 et
2625 2832 2908 2901 gratulans
2958 2832 3318 2890 humiliatur:
3370 2836 3483 2890 Pu-

1904 2931 2087 2990 tasne,
2146 2924 2348 2993 inquit,
2400 2926 2695 2979 centenario
2743 2934 2987 2978 nascetur
3036 2924 3202 2994 filius,
3249 2938 3299 2982 et
3341 2928 3482 2984 Sara

1905 3016 2257 3086 nonagenaria
2286 3017 2450 3087 pariet
2478 3017 2501 3071 ?
2527 3016 2678 3084 Quod
2712 3027 2796 3073 est
2836 3028 2985 3074 recto
3020 3020 3209 3074 ordine
3261 3021 3479 3097 dicere;

1904 3107 1985 3161 An
2011 3110 2280 3179 sperabile
2306 3109 2436 3163 mihi
2480 3124 2603 3165 esse
2641 3112 2842 3181 poterit
2879 3114 3020 3183 quod
3061 3117 3331 3182 voluntas,
3378 3119 3483 3174 etsi

1828 3212 1873 3275 ρ
1906 3200 2078 3257 adhuc
2104 3202 2155 3256 in
2184 3202 2549 3271 nonagenario
2578 3204 2773 3273 posita,
2802 3206 3083 3263 denarium
3130 3210 3484 3279 perfectionis

1906 3293 2085 3348 minus
2131 3293 2337 3348 habet:
2379 3293 2517 3348 velle
2564 3294 2707 3349 enim
2755 3294 2856 3350 sibi
2910 3296 3123 3365 adjacet
3153 3339 3167 3365 ,
3221 3302 3485 3370 perlicere

1906 3394 2089 3439 autem
2111 3400 2214 3437 non
2250 3384 2450 3437 invenit
2475 3382 2653 3455 (Rom.
2686 3384 2805 3456 vn),
2845 3387 2910 3441 ad
2943 3385 3193 3444 effectum
3225 3392 3483 3456 desiderii

1906 3491 1970 3530 ac
1994 3475 2038 3528 si
2068 3475 2135 3528 ad
2165 3484 2377 3543 partum
2426 3475 2726 3544 perveniat,
2766 3484 2821 3531 et
2851 3477 3073 3548 spiritus
3095 3480 3186 3551 qui
3217 3496 3482 3540 summam

1900 3565 2012 3632 jam
2040 3565 2518 3636 contemplationis
2543 3567 2742 3639 attigit.

1984 3683 2143 3737 Vens.
2178 3680 2261 3736 18.
2286 3712 2352 3721 —
2392 3679 2604 3736 Utinam
2655 3680 2850 3737 lsmael
2890 3685 3021 3739 t'ivat
3058 3702 3236 3741 coram
3266 3697 3333 3742 te.
3378 3689 3484 3744 Sed

1904 3778 2033 3848 quid
2058 3777 2124 3833 de
2146 3776 2408 3831 virtutum
2431 3776 2749 3833 excellentia
2771 3776 2969 3849 loquor
2994 3782 3086 3852 qui
3106 3782 3411 3851 lsmaelem,
3432 3788 3483 3842 id

1907 3880 1993 3927 est
2017 3868 2268 3926 affectum
2298 3868 2571 3924 carnalem
2610 3870 2929 3942 sibimetipsi
2973 3889 3079 3930 non
3128 3877 3234 3935 Deo
3260 3880 3482 3936 obedire

1904 3963 2174 4019 volentem
2205 4001 2220 4025 ,
2308 3960 2444 4018 mori
2502 3961 2647 4016 inter
2703 3963 2831 4019 vitia
2889 3966 3064 4024 adhuc
3141 3976 3373 4029 vereor.‘
3409 4005 3480 4015 ._..

1904 4056 2093 4127 (Vsus.
2146 4056 2258 4128 l9.)
2312 4054 2470 4117 Sara.
2513 4058 2589 4110 ait
2635 4056 2797 4121 Deus,
2850 4060 3016 4126 pariet
3061 4063 3156 4117 tibi
3196 4065 3402 4133 ﬁlium,
3435 4080 3482 4123 et

1905 4151 2218 4205 constituam
2268 4158 2477 4214 pactum
2524 4165 2698 4203 meum
2742 4151 2820 4205 illi
2872 4154 2929 4206 in
2989 4155 3158 4225 [trdus
3204 4169 3482 4215 wternum.

1907 4241 2021 4297 Non
2078 4242 2251 4297 solum
2302 4256 2407 4296 non
2464 4242 2728 4299 morietur
2774 4245 2965 4301 lsmael
3020 4252 3484 4321 concupiscentiis

1907 4333 2268 4397 assentiendo,
2294 4335 2387 4389 sed
2417 4333 2573 4400 Sara,
2599 4336 2850 4394 voluntas
2876 4339 3085 4396 scilicet
3118 4341 3229 4412 ipsa
3257 4344 3485 4399 interius

1906 4426 2254 4497 exteriusque
2273 4426 2386 4495 jam
2418 4427 2752 4498 principans,
2773 4444 2838 4484 ex
2874 4431 3107 4500 puritate
3136 4434 3485 4489 conscientiae

232 4531 454 4585 totidem
506 4532 880 4587 disterminata
942 4533 1250 4586 nominibus
1300 4533 1558 4585 virtutum
1590 4571 1604 4597 ,
1647 4546 1711 4586 ac
1757 4532 1799 4585 si
1834 4550 1882 4607 ο
1909 4516 2019 4587 Spei
2056 4516 2344 4585 ἐειηάίοδτθ
2390 4514 2627 4570 [meum
2674 4518 2981 4586 concipiet.
3021 4533 3085 4573 ex
3124 4535 3230 4590 quo
3282 4525 3487 4601 amoris

231 4608 443 4676 dierum
497 4622 616 4676 luce
671 4623 982 4688 mutaverit,
1041 4623 1108 4686 is,
1154 4622 1397 4691 inquam,
1448 4638 1475 4675 a
1519 4638 1805 4691 pravarum

229 4713 611 4768 admistionum
660 4713 966 4769 incursibus
1022 4729 1409 4784 usquequaque
1465 4712 1805 4782 purgabitur.

230 4805 367 4861 Nota
411 4805 789 4861 discretionem
821 4806 1059 4877 Apostoli
1105 4804 1360 4875 (Philipp.
1417 4820 1510 4869 ιιι,
1570 4805 1627 4868 2)
1670 4804 1811 4857 inter

225 4897 340 4970 68
365 4896 750 4963 concisionem,
787 4904 843 4951 et
882 4894 1374 4956 circumcisionem,
1413 4908 1512 4949 nec
1553 4892 1679 4949 illud
1715 4908 1809 4949 ex-

230 4990 387 5044 cedat
419 4988 651 5045 feminas
689 4988 1030 5045 Pbaraonem
1057 4987 1287 5059 jussisse
1335 4987 1563 5053 servari,
1595 4996 1650 5041 ct
1681 5003 1811 5055 ,ma-

230 5080 408 5135 sculos
456 5081 688 5137 interfici
718 5122 732 5147 ,
790 5082 879 5136 hic
929 5081 996 5135 de
1049 5079 1263 5134 feminis
1297 5080 1483 5145 taceri,
1540 5083 1810 5137 masculos

229 5172 579 5227 circumcidi:
604 5180 659 5227 et
682 5172 773 5242 qui
796 5187 900 5228 non
923 5171 1083 5226 fuerit
1109 5171 1172 5226 de
1197 5169 1363 5241 stirpe
1390 5179 1572 5225 nostra
1590 5171 1810 5242 jubetur

223 5264 566 5329 circumcidi,
604 5264 729 5335 quia
760 5273 885 5321 sunt
925 5264 1173 5328 virtutes,
1210 5270 1268 5317 ut
1300 5263 1370 5316 ita
1410 5263 1611 5327 dicam,
1663 5265 1807 5334 plus-

230 5373 393 5427 quam
439 5357 733 5423 naturales,
783 5366 843 5412 ut
904 5366 1029 5412 sunt
1070 5355 1353 5426 virginitas
1398 5364 1453 5411 et
1505 5355 1808 5413 voluntaria

230 5449 576 5514 mendicitas,
606 5464 837 5519 quarum
864 5450 1038 5519 prima
1067 5451 1201 5505 adeo
1217 5448 1452 5513 excellit,
1478 5456 1536 5502 ut
1564 5446 1615 5501 in
1648 5462 1809 5503 carne

228 5552 429 5614 praeter
472 5556 695 5596 carnem
724 5543 907 5597 vivere
938 5553 997 5596 ut
1034 5558 1157 5599 vere
1205 5541 1447 5613 angelica
1501 5539 1643 5594 dicta
1689 5539 1805 5594 sit:

232 5636 425 5689 horum
456 5630 812 5702 iusuperﬂuis
844 5635 1100 5705 prteputia
1133 5635 1556 5704 circumquaque
1591 5631 1807 5686 aeduo-

230 5737 354 5791 tur;
383 5723 615 5780 Iustitiae
646 5725 791 5780 enim
823 5734 1012 5781 nostra:
1042 5727 1192 5797 quasi
1233 5736 1439 5797 pannus
1468 5732 1809 5781 menstruam

229 5821 286 5887 in
319 5826 607 5888 conspectu
632 5826 748 5881 tuo,
774 5816 903 5872 dicit
936 5816 1098 5872 Isaias
1120 5819 1253 5887 (Ira.
1284 5834 1428 5886 thv,
1456 5818 1530 5890 6)’.
1564 5818 1618 5872 lu
1645 5834 1808 5874 carne

516 5908 788 5967 Parant.
836 5908 1045 5969 CLVI.

1910 4610 2097 4664 aeterni
2129 4609 2453 4665 soliditatem
2485 4623 2635 4662 mens
2662 4608 2772 4677 ipsa
2790 4611 3348 4686 suscipiet.-—(Vsns.
3368 4598 3485 4683 ΞΟ.)

1912 4704 2085 4774 Super
2119 4702 2311 4758 lsmael
2333 4716 2568 4770 quoque,
2593 4716 2754 4771 quem
2781 4711 2836 4757 tu
2867 4706 3221 4762 tentationum
3254 4709 3485 4765 molibus

1910 4798 2067 4852 obrui
2101 4797 2357 4867 trepidas,
2382 4794 2690 4851 exaudieris
2717 4812 2730 4849 :
2760 4796 3040 4854 duodecim
3065 4800 3232 4856 duces
3256 4816 3485 4873 genera-
3533 4840 3536 4844 ι
3620 4826 3625 4829 >

1910 4889 2180 4952 bit,lldem
2210 4889 2419 4944 scilicet
2449 4888 2732 4945 Trinitatis
2760 4906 2880 4945 cum
2898 4892 3190 4962 evangelici
3219 4895 3484 4947 sermonis

1908 4983 2153 5040 custodia
2195 4982 2411 5037 dncatui
2443 4998 2541 5037 suo
2569 4983 2809 5038 interiori
2840 4984 3077 5039 cllicacia
3126 4985 3436 5054 procreabit
3462 5003 3477 5050 ;

1910 5083 2144 5145 quatuor
2168 5072 2311 5127 enim
2342 5081 2446 5137 ter,
2472 5080 2527 5125 et
2560 5073 2659 5126 tria
2694 5082 2887 5142 quater
2916 5074 3198 5128 duodecim
3237 5073 3437 5128 faciunt
3468 5093 3479 5127 :

1910 5175 1966 5222 et
1996 5166 2129 5219 fides
2150 5165 2202 5218 in
2231 5164 2489 5229 ternario,
2522 5173 2732 5218 mortua
2758 5174 2841 5219 est
2869 5165 2983 5219 sine
3013 5165 3285 5233 operibus.
3320 5164 3371 5218 i.|
3404 5176 3486 5219 est

1910 5260 2029 5314 sine
2058 5256 2486 5329 evangeliorum.
2520 5271 2611 5311 seu
2654 5265 2886 5324 quatuor
2916 5256 3177 5309 virtutum
3209 5256 3481 5327 principa-

1910 5354 2039 5410 lium
2094 5350 2444 5422 quaternario
2487 5366 2501 5403 :
2568 5347 2850 5402 duodecim
2902 5347 3068 5401 duces
3119 5356 3379 5417 generat,
3440 5352 3484 5403 si

1911 5444 2260 5516 apostolicam
2304 5442 2607 5498 dot-trinam
2639 5438 2862 5494 allectus
2891 5439 3314 5509 prtecordialiter
3357 5454 3485 5494 con-

1911 5538 2042 5609 cipit
2075 5546 2128 5594 et
2154 5537 2389 5591 allectat.
2426 5534 2702 5603 —-—(Vr.ns.
2745 5532 2863 5603 2t.)
2898 5531 3117 5588 Pactum
3171 5549 3342 5587 meum
3384 5534 3483 5586 erit

1912 5630 1981 5683 ad
2012 5628 2191 5692 Isaac,
2227 5642 2378 5697 quem
2404 5625 2568 5695 pariet
2598 5624 2690 5676 tibi
2714 5620 2848 5678 Sura
2881 5636 3105 5696 tempore
3133 5627 3229 5679 isto
3256 5626 3308 5679 in
3341 5641 3479 5678 anno

1913 5722 2096 5775 altero.
2127 5720 2207 5774 Ad
2235 5718 2385 5774 Isaac
2411 5724 2627 5787 pactum
2647 5716 2944 5781 stabilitur,
2980 5731 3099 5769 cum
3132 5717 3239 5784 spei
3283 5722 3482 5767 nostra:

1914 5816 1981 5870 ad
2013 5813 2213 5868 amoris
2242 5811 2573 5866 incentivum
2605 5821 2807 5865 acterna
2846 5809 2987 5864 Deus
3014 5804 3235 5877 prmmia‘
3262 5806 3482 5875 pollice-

2778 5901 2819 5962 5
