4108 6324
590 354 696 410 159

1382 344 1443 397 V.
1485 339 1806 398 GUIBERTI
1844 340 2139 397 ABBATIS
2170 340 2227 395 S.
2259 340 2499 400 MANE
2535 343 2621 400 DE
2653 344 3046 406 NOVIGENTO

3740 356 3841 415 HO

592 473 680 519 tur
709 480 722 515 :
756 475 917 531 quem
956 459 1091 514 Sara
1134 464 1374 525 tempore
1419 453 1521 507 isto
1555 451 1608 506 in
1642 466 1784 508 anno
1811 452 1981 508 altero
2004 453 2165 523 parit,
2196 452 2244 510 Α
2269 454 2531 524 Spirituali
2561 455 2859 515 intellectu.
2906 460 3094 519 Elevat
3120 462 3328 531 oculos,
3368 480 3492 523 cum
3533 471 3599 526 ad
3632 472 3841 530 intelle-

588 554 715 609 dum
742 552 993 607 voluntas
1023 550 1123 603 hac
1151 548 1263 616 ipsa
1294 545 1460 599 animi
1493 545 1776 615 temperie,
1808 561 1930 601 cum
1956 546 2167 601 scilicet

587 646 733 701 Deus
791 656 972 700 secum
1022 638 1246 694 rationis
1281 637 1637 693 illustratione
1690 637 1949 707 loquitur,
2001 647 2057 693 et
2111 637 2163 693 in

588 739 779 801 anno,‘
802 751 909 792 non
954 730 1113 787 modo
1160 732 1289 797 isto,
1325 732 1416 787 ubi
1466 731 1640 787 adhuc
1691 731 1999 786 decertatur
2041 746 2164 787 cum

584 827 733 881 vitiis
781 838 878 894 per
924 820 1317 891 plenitudinem
1372 820 1652 875 luminosae
1697 819 1947 884 actionis,
1977 819 2070 875 sed
2108 819 2162 873 in

585 918 776 976 altero,
826 913 917 967 ubi
973 916 1163 981 neque‘
1185 911 1502 983 strepitibus
1544 910 1840 981 conSOpitis
1886 908 2164 980 perficitur

583 1005 833 1062 annualis
861 1005 1182 1061 solemnitas
1231 1004 1622 1077 sperandarum
1664 1012 1882 1058 aeterna:
1923 1002 2160 1057 beatitu-

581 1100 768 1154 diuum
794 1097 1283 1169 contemplationis.
1323 1113 1472 1169 spem
1507 1096 1855 1168 prosequitur
1893 1110 2066 1164 usque
2093 1098 2162 1149 ad

581 1192 973 1247 exhibitionem
999 1200 1055 1246 et
1083 1189 1427 1265 efﬁcientiam
1451 1190 1597 1261 digni
1626 1197 1683 1245 et
1713 1187 1891 1244 idonei
1937 1188 2157 1257 operis;

581 1298 690 1340 non
722 1283 869 1340 enim
896 1292 979 1339 est
1000 1282 1231 1338 dicenda
1262 1297 1406 1352 spes,
1447 1281 1491 1336 si
1532 1282 1675 1336 hanc
1716 1278 1825 1334 ulla
1869 1296 1973 1336 non
2016 1295 2161 1336 com-

582 1375 805 1430 mendat
833 1375 969 1429 vivae
997 1372 1361 1428 exsecutionis
1384 1386 1491 1427 res.

653 1462 818 1519 Vens.
847 1463 938 1518 22.
969 1493 1038 1503 -
1077 1462 1257 1517 Finito
1306 1475 1559 1516 sermone
1600 1460 1851 1515 ascendit
1899 1460 2041 1516 Deus
2092 1460 2159 1517 ad

581 1555 877 1618 Abraham,
909 1569 1034 1608 cum
1066 1552 1338 1608 interdum
1366 1564 1486 1606 sese
1515 1550 1911 1620 dispensatorie
1945 1552 2162 1606 subtra-

583 1646 760 1700 hendo
813 1644 1052 1699 ostendit
1097 1643 1334 1698 humano
1391 1640 1606 1713 Spiritui
1669 1657 2007 1713 nequaquam
2062 1660 2160 1699 suo

580 1735 804 1790 subesse
829 1733 1056 1790 arbitrio
1085 1732 1281 1788 divinae
1308 1732 1657 1803 aspirationis
1679 1733 1932 1803 gratiam,
1960 1733 2055 1787 sed
2093 1734 2158 1788 de

581 1826 832 1895 supernis
891 1841 924 1880 a
985 1825 1148 1880 Patre
1206 1825 1469 1879 luminum
1542 1824 1682 1880 hanc
1722 1825 2046 1907 petendam.
2088 1857 2161 1867 —

581 1920 773 1987 (Vsus.
799 1917 890 1984 24,
921 1918 1040 1990 25.)
1082 1916 1382 1986 Nonaginta
1407 1930 1538 1986 ergo
1568 1932 1834 1972 annorum
1880 1928 1935 1972 et
1970 1932 2163 1973 novem

580 2014 857 2069 Abraham
900 2012 1332 2079 circumciditur,
1367 2013 1493 2067 dum
1528 2013 1598 2068 ad
1642 2013 1923 2069 dexteram
1969 2016 2164 2071 divinae

579 2106 823 2169 visionis,
849 2114 903 2160 et
926 2105 1110 2175 gloriae
1139 2107 1306 2162 etiam
1336 2107 1391 2163 in
1415 2107 1670 2178 praesenti
1701 2108 2139 2179 pnegustandam

577 2213 697 2267 quae
723 2199 1025 2269 pnelibatio
1068 2200 1317 2269 quaedam
1358 2199 1527 2256 futuri
1571 2202 1779 2257 denarii
1815 2209 1923 2268 est,
1972 2201 2164 2257 oculus

577 2291 800 2360 spiritus
821 2299 1175 2363 expurgatur.
1209 2290 1574 2348 Centenarius
1598 2307 1858 2363 namque,
1886 2293 2161 2349 utdictum

577 2392 683 2448 est,
745 2383 941 2438 transit
995 2383 1050 2438 in
1104 2384 1410 2451 dexteram,
1470 2399 1632 2455 quam
1682 2384 1773 2440 hic
1821 2386 2165 2455 assequimur

577 2473 871 2543 aliquando
949 2474 1264 2545 speculante
1319 2474 1673 2531 beatitudinis
1734 2485 1934 2532 nostrae
1992 2477 2162 2532 Deum

579 2580 867 2619 summam.
894 2564 1086 2620 lsmael
1113 2567 1525 2636 quatuordecim
1568 2581 1831 2622 annorum
1875 2568 2163 2622 circumci-

579 2669 674 2709 sus
697 2655 913 2719 dicitur,
940 2656 1065 2727 quia
1100 2657 1336 2712 carnalis
1365 2655 1592 2712 affectus
1634 2672 1733 2727 per
1783 2658 2024 2728 decalogi
2065 2658 2163 2713 ob-

580 2747 931 2815 servantiam,
960 2757 1013 2802 et
1030 2748 1448 2819 Evangeliorum
1476 2749 1781 2805 custodiam
1814 2749 1881 2805 ad
1904 2750 2162 2821 puritatis

579 2838 833 2893 virtutem
861 2840 1168 2894 adducitur.

647 2933 811 2989 Vens.
842 2933 933 3000 26,
974 2934 1062 2987 27.
1128 2934 1184 2988 in
1222 2935 1337 3005 ipso
1378 2934 1466 2990 die
1523 2950 1701 2990 mares
1740 2950 1929 2991 omnes
1972 2938 2161 2991 domus

580 3022 697 3091 ejus
744 3023 1246 3089 circumciduntur,
1305 3027 1430 3096 quia
1509 3028 1563 3081 in
1629 3028 1816 3082 eadem
1870 3045 1990 3098 quae
2043 3029 2159 3085 barc

2267 545 2462 600 ctualia
2516 549 2629 604 sola
2685 552 2992 606 contuenda
3045 554 3207 625 erigit
3263 558 3442 613 cordis
3488 561 3712 619 obtutus
3775 568 3843 621 ab

2266 638 2414 692 omni
2458 639 2640 696 infima
2675 642 3062 714 imaginatione
3114 646 3374 705 seclusos.
3429 649 3563 708 Tres
3590 656 3694 709 viri
3739 658 3840 713 sibi

2265 740 2528 799 apparent
2556 741 2781 798 stantes,
2831 749 2955 790 cum
3008 739 3353 804 sensualitas,
3410 741 3729 813 imaginatio
3778 764 3842 803 ac

2264 821 2700 880 intellectualitas
2742 827 2809 880 ad
2866 840 3195 885 momentum
3239 833 3365 887 dum
3402 850 3554 890 mens
3604 839 3842 896 tenditur

2266 912 2318 968 in
2346 914 2525 970 divina
2557 917 2878 987 subsistunt,
2904 928 2957 975 et
2982 932 3204 992 propter
3228 940 3347 989 nos,
3369 926 3419 980 id
3439 937 3525 981 est
3541 927 3697 996 juxta
3723 947 3839 995 nos.

2264 1001 2333 1056 ab
2359 1012 2584 1060 externa
2617 1009 2941 1076 cvagatione
2969 1014 3251 1078 cessande,
3296 1015 3424 1070 dum
3469 1017 3609 1074 Deus
3647 1021 3718 1075 ab
3742 1022 3840 1076 hu-

2264 1091 2375 1147 mili
2408 1105 2589 1149 mente
2613 1098 2963 1164 persentitur,
2989 1114 3046 1154 se
3069 1101 3398 1169 deprimunt.

2340 1182 2501 1239 Vens.
2526 1184 2583 1251 5,
2611 1185 2666 1240 4.
2712 1216 2783 1227 --
2808 1186 2951 1254 Quos
2985 1206 3104 1245 cum
3138 1193 3367 1259 vidisset,
3411 1200 3646 1253 cucurrit
3672 1203 3727 1254 in
3755 1219 3839 1256 oc-

2263 1293 2474 1331 cursum
2501 1294 2682 1332 eorum
2706 1280 2771 1333 de
2797 1281 2930 1335 ostio
2958 1283 3284 1340 tabernaculi
3303 1287 3408 1353 sui,
3441 1299 3492 1342 et
3511 1291 3754 1346 adoravit
3786 1296 3837 1349 in

2262 1378 2424 1424 terra.
2462 1368 2532 1423 Et
2554 1370 2689 1425 dixit
2714 1388 2733 1425 :
2768 1371 3011 1438 Domine,
3065 1376 3113 1429 si
3140 1377 3314 1432 inveni
3342 1380 3567 1447 gratiam
3594 1382 3647 1437 in
3676 1386 3836 1440 oculis

2262 1460 2389 1521 tuis,
2448 1475 2510 1512 ne
2548 1467 2787 1514 transeas
2814 1478 3017 1516 servum
3043 1472 3188 1517 tuum
3220 1480 3240 1520 :
3261 1468 3353 1520 sed
3374 1469 3596 1537 dferam
3625 1474 3834 1539 pauxil-

2262 1550 2370 1604 lum
2397 1567 2565 1621 aqute,
2589 1561 2637 1605 et
2661 1552 2900 1607 laventur
2922 1556 3076 1624 pedes
3105 1559 3290 1622 vestri,
3322 1567 3371 1613 et
3417 1563 3719 1630 requiescite
3746 1568 3836 1620 sub

2261 1642 2462 1697 arbore.
2488 1641 2622 1697 Cum
2646 1643 2909 1700 animales
2946 1646 3161 1703 habitus
3187 1658 3405 1706 nostros
3433 1658 3835 1723 supervenienti

2261 1734 2449 1804 gratiae
2510 1734 2762 1792 substare
2803 1738 3187 1807 conspicimus,
3238 1741 3293 1796 in
3324 1757 3611 1801 occursum
3652 1764 3836 1805 eorum

2265 1823 2559 1889 currimus,
2598 1826 2723 1881 dum
2752 1826 2988 1881 studium
3038 1829 3206 1885 nostri
3229 1829 3385 1888 liberi
3418 1834 3630 1891 arbitrii
3655 1838 3722 1892 ad
3746 1855 3836 1896 ex-

2263 1913 2574 1983 cipiendum
2602 1916 2746 1984 quod
2770 1916 2946 1999 influit
2964 1933 3355 1989 praeparamus,
3378 1933 3430 1979 et
3455 1924 3557 1981 hoc
3579 1928 3647 1981 de
3675 1934 3835 1997 ostio,

2263 2004 2330 2060 de
2370 2020 2464 2075 spe
2501 2005 2728 2072 scilicet,
2767 2022 2871 2077 qua
2918 2010 2970 2064 in
3002 2025 3233 2081 superna
3285 2031 3436 2070 mens
3463 2018 3637 2073 inhiat
3665 2021 3837 2076 taber-

2264 2095 2464 2162 naculi,
2505 2096 2558 2152 id
2584 2106 2668 2152 est
2696 2098 2900 2154 militia:
2929 2114 3129 2157 nostra:
3152 2105 3417 2162 habemus
3447 2124 3462 2161 :
3493 2110 3686 2165 adorat
3712 2128 3836 2184 ergo

2264 2187 2318 2242 in
2344 2198 2512 2254 terra,
2556 2189 2876 2245 humiliatur
2899 2193 3227 2249 conditionis
3259 2198 3467 2253 vilitate
3491 2202 3728 2271 cognita.
3758 2206 3835 2270 Si,

2264 2277 2465 2349 inquit,
2492 2281 2773 2337 oculorum
2796 2283 3157 2353 spiritualium
3189 2288 3397 2345 scilicet
3419 2291 3685 2349 donorum
3719 2306 3833 2352 tuo-

2263 2385 2383 2426 rum
2409 2373 2583 2443 gratia
2624 2388 2710 2429 me
2736 2374 2999 2446 dignaris,
3031 2393 3099 2434 ne
3134 2392 3515 2440 momentanee
3548 2395 3608 2440 ut
3632 2388 3835 2459 aliquos

2263 2463 2405 2521 soles
2431 2481 2517 2521 me
2538 2468 2799 2538 attingas,
2827 2470 2920 2523 sed
2950 2471 3029 2525 sic
3058 2472 3246 2528 adesto
3282 2483 3339 2528 ut
3370 2475 3696 2542 immoreris,
3726 2496 3837 2536 mea

2262 2570 2369 2625 que
2390 2554 2705 2626 aliquandiu
2747 2559 3065 2625 consoleris,
3096 2561 3317 2617 aﬂ‘eram
3346 2566 3641 2633 pauxillum
3667 2586 3835 2639 aqua',

2263 2646 2316 2701 id
2349 2656 2435 2702 est
2477 2647 2768 2704 elaborabo
2811 2651 3085 2722 quippiam
3135 2657 3535 2726 compunctioni
3559 2669 3765 2730 aptum,
3786 2674 3834 2715 et

2262 2739 2478 2809 gratiae,
2503 2749 2565 2794 ut
2592 2740 2770 2807 vobis,
2795 2757 2829 2798 o
2854 2744 3199 2813 sensualitas,
3245 2748 3559 2818 imaginatio
3579 2767 3644 2807 ac
3681 2753 3835 2807 intel-

2263 2829 2600 2899 lectualilas,
2666 2834 2833 2905 pedes
2878 2834 3161 2901 laventur,
3234 2838 3550 2895 mobilitatis
3595 2843 3836 2899 videlicet

2260 2930 2476 2989 vestrae,
2501 2937 2607 2993 qua
2634 2939 2732 2993 per
2767 2932 2979 2981 terrena
3027 2925 3269 2982 labimini
3304 2941 3549 2999 peccata,
3580 2936 3838 2989 mundeu-

2265 3023 2379 3079 tur,
2410 3030 2440 3068 a
2481 3028 2589 3083 quo
2617 3014 2863 3070 discursu
2898 3015 3091 3070 saltem
3126 3015 3254 3072 dum
3292 3020 3452 3075 modo
3482 3025 3719 3091 suppetit
3742 3027 3841 3079 sub

580 3111 722 3168 Deus
786 3115 951 3169 menti
1035 3115 1404 3170 ratiocinando
1467 3115 1706 3186 loquitur
1781 3118 2161 3188 aspiratione,

2270 3104 2467 3160 arbore
2503 3104 2787 3174 quiescite,
2818 3106 2871 3161 id
2913 3116 2996 3162 est
3024 3108 3125 3163 sub
3153 3107 3387 3179 Spiritus
3408 3114 3610 3180 sancti,
3633 3131 3753 3186 qua:
3773 3119 3841 3173 ab

579 3205 841 3275 quidquid
906 3207 1126 3262 virtutis
1201 3207 1431 3263 interius
1506 3216 1631 3273 est,
1711 3223 1846 3278 quas
1914 3210 2162 3279 palmes,

579 3294 668 3362 qui
710 3293 816 3349 fert
875 3294 1131 3360 fructum,
1192 3306 1252 3351 ut
1316 3297 1488 3368 magis
1546 3298 1760 3364 all'crat,
1802 3299 1988 3353 sedula
2045 3309 2166 3371 eget

576 3385 995 3452 eintmdatione;
1048 3387 1385 3458 alienigenae,
1429 3398 1484 3443 et
1525 3389 1578 3443 bi
1629 3389 1719 3459 qui
1766 3405 1871 3445 non
1925 3401 2048 3446 sunt
2098 3392 2165 3448 de

579 3485 765 3531 nostra
833 3478 1027 3547 stirpe,
1069 3480 1256 3533 eadem
1318 3489 1661 3550 exponuntur
1698 3482 1988 3548 sententia,
2020 3485 2164 3553 quod

578 3567 937 3636 prtemisimus
995 3584 1182 3638 supra,
1226 3569 1292 3624 de
1337 3559 1557 3639 reliquis
1607 3571 1957 3629 tractabimus
1998 3574 2162 3634 infra.

1142 3658 1372 3714 CAPUT
1412 3660 1595 3717 XVlll.

652 3747 814 3803 Vens.
838 3750 891 3813 1,
928 3749 983 3803 2.
1009 3780 1081 3791 -
1105 3750 1362 3821 Apparuit
1392 3761 1567 3807 autem
1599 3754 1856 3811 Dominus
1894 3757 2161 3816 Abraham

576 3840 634 3890 in
668 3837 901 3892 convalle
931 3836 1173 3893 Mambre
1209 3840 1410 3895 sedenti
1444 3843 1500 3896 in
1514 3842 1656 3897 ostio
1697 3844 2025 3902 tabernaculi
2052 3851 2158 3918 sui,

577 3932 635 3985 in
666 3930 777 3999 ipso
818 3930 1021 4001 fervore
1046 3931 1173 3986 diei.
1205 3930 1439 4004 Cumque
1465 3934 1712 3990 eleuasset
1758 3938 1957 4006 oculos,
1995 3957 2161 4011 appa-

575 4032 795 4077 ruerunt
828 4023 889 4076 ei
934 4030 1037 4076 tres
1082 4023 1182 4077 viri
1228 4033 1423 4078 stantes
1478 4041 1638 4097 prope
1680 4044 1821 4083 eum.
1864 4029 2159 4101 Postquam

576 4113 874 4179 Abraham,
904 4114 1069 4170 idest
1094 4123 1252 4184 pater
1282 4116 1473 4173 videns
1513 4120 1794 4189 populum,
1844 4122 2160 4181 discernens

578 4204 789 4261 scilicet
818 4206 1007 4261 turbas
1026 4205 1450 4277 cogitationum,
1483 4209 1697 4278 lsmael,
1720 4213 1773 4268 id
1799 4221 1884 4269 est
1910 4214 2014 4269 sibi
2052 4229 2159 4271 non

580 4300 689 4353 Deo
715 4298 1075 4365 obedientem,
1107 4299 1452 4356 circumcidit
1482 4301 1758 4360 affectum.
1796 4305 1988 4362 lsmael
2007 4306 2158 4363 enim

577 4388 778 4443 dicitur
801 4389 1041 4444 obediens
1061 4390 1183 4456 sibi,
1213 4400 1269 4447 et
1289 4393 1612 4449 vernaculos
1643 4396 1879 4466 ingenita
1908 4396 2011 4451 sibi
2058 4411 2155 4453 na-

573 4479 825 4534 turaliter
852 4479 1013 4546 bona,
1044 4490 1100 4535 et
1126 4482 1432 4554 empl-itios,
1462 4483 1648 4540 labore
1686 4485 1929 4556 quolibet
1966 4489 2156 4560 acqui-
2183 4503 2236 4564 ι)

560 4569 797 4638 'quisita.
828 4579 883 4625 et
907 4570 1262 4643 alienigenas,
1292 4574 1425 4629 vitia
1448 4575 1562 4647 69
1593 4577 1952 4648 undecunque
1981 4582 2155 4637 conti-

576 4674 703 4728 gua,
730 4660 818 4714 illa
844 4662 1185 4729 examinans,
1226 4664 1329 4721 ista
1354 4680 1579 4737 prorsus
1604 4666 1911 4737 abscidens,
1933 4683 2157 4743 apparet

578 4752 630 4805 ei
660 4751 923 4808 Dominus
951 4754 1002 4808 in
1036 4756 1266 4811 convalli
1308 4756 1551 4813 Manbre.
1583 4758 1856 4818 Convallis
1880 4761 2156 4821 humilitas

580 4848 664 4894 est
681 4855 708 4896 ,ε
749 4838 970 4897 Manbre
1021 4842 1335 4910 divisiones,
1388 4845 1474 4902 vel
1523 4847 1805 4918 perspicua
1861 4861 2046 4919 sonat;
2100 4854 2157 4912 in

580 4928 884 4987 humilitate
913 4933 1057 4988 enim
1095 4936 1376 4992 constituti
1405 4938 1797 5007 perspicaciter
1840 4942 2154 5013 dividimus,

581 5023 737 5077 idest
766 5022 1148 5089 discernimus,
1201 5034 1259 5080 et
1301 5027 1431 5096 quid
1480 5042 1668 5083 sumus
1702 5038 1770 5084 σοι
1820 5032 1950 5102 quid
1993 5047 2158 5105 agere

581 5114 894 5170 debeamus.
921 5115 1353 5173 Tabernaculum
1385 5126 1564 5174 autem
1586 5128 1670 5176 est
1689 5120 2026 5193 obsequium,
2050 5141 2157 5196 quo

584 5206 692 5262 Deo
719 5207 1056 5264 militamus:
1090 5209 1142 5262 in
1181 5223 1287 5278 quo
1309 5210 1507 5266 ostium
1542 5219 1645 5277 est,
1671 5214 1799 5283 quia
1827 5215 1900 5270 ibi
1930 5231 2057 5286 spes
2083 5234 2155 5275 ex

582 5297 687 5352 hoc
732 5298 1041 5367 egrediendi
1080 5299 1152 5354 ad
1186 5300 1426 5369 requiem
1457 5310 1578 5358 est:
1626 5303 1681 5359 in
1728 5304 1832 5361 hoc
1882 5308 2151 5375 sedemus,

578 5389 707 5457 quia
735 5389 788 5443 in
813 5390 916 5444 hac
936 5405 1032 5459 spe
1057 5402 1466 5460 perseveranter
1481 5393 1831 5464 quiescimus,
1864 5414 1989 5454 nam
2028 5401 2156 5457 dor-

584 5482 748 5534 mitur
776 5481 918 5537 inter
941 5482 1148 5538 medios
1176 5483 1351 5539 cleros
1373 5484 1545 5557 (Psal.
1563 5503 1728 5551 uvn,
1759 5490 1867 5561 M).
1892 5502 1947 5548 et
1965 5494 2154 5552 sedere

578 5582 934 5637 perseverare
982 5579 1087 5635 est,
1134 5580 1194 5626 ut
1242 5573 1411 5630 illud:
1446 5576 1514 5631 In
1563 5580 1812 5635 cathedra
1848 5583 2155 5653 pestilentia:

576 5673 688 5711 non
716 5658 846 5711 sedit
876 5656 1112 5727 (Pw/.1,
1147 5663 1196 5733 1)
1225 5680 1237 5717 :
1277 5663 1329 5718 in
1378 5666 1493 5736 ipso
1525 5666 1737 5725 fervore
1762 5671 1887 5736 diei,
1924 5672 2027 5728 hoc
2070 5684 2155 5730 est

578 5747 640 5803 iu
665 5750 854 5805 eodem
878 5765 989 5825 quo
1012 5752 1351 5814 circumcisio
1394 5759 1650 5829 praedicta
1679 5772 1799 5818 acta
1842 5772 1929 5820 est
1960 5764 2154 5823 tuentis

2267 3207 2402 3253 aestu
2451 3199 2707 3254 vitiorum
2734 3214 2831 3255 vos
2876 3209 3147 3273 protegat,
3187 3216 3387 3273 vosque
3420 3204 3552 3272 alat,
3580 3210 3842 3277 respirate

2264 3290 2492 3345 virtute.

2342 3379 2498 3435 Vens.
2525 3380 2580 3435 5.
2620 3410 2691 3421 —
2721 3378 2927 3435 Ponam
2956 3380 3238 3435 buccellam
3267 3399 3443 3452 panis,
3466 3393 3516 3439 et
3550 3386 3843 3455 confortate

2263 3488 2354 3526 cor
2379 3483 2629 3537 vestrum,
2656 3480 2835 3541 postea
2861 3457 3153 3526 transibitis
3177 3490 3197 3538 ;
3228 3474 3423 3529 idcirco
3445 3476 3581 3530 enim
3610 3478 3843 3532 declina-

2262 3564 2356 3616 stis
2381 3562 2449 3615 ad
2473 3577 2679 3615 servum
2700 3572 2922 3615 uestrum
2947 3574 2967 3612 :
2997 3558 3133 3628 Fac,
3162 3562 3433 3634 inquiunt,
3457 3576 3511 3618 ut
3532 3566 3739 3621 locutus
3766 3586 3842 3624 es.

2262 3653 2565 3709 Buccellam
2592 3653 2748 3723 panis
2771 3652 3046 3722 ponimus,
3070 3668 3193 3709 cum
3224 3669 3392 3710 sacra:
3424 3655 3722 3728 Scriptura:
3752 3662 3847 3716 ali-

2263 3745 2414 3815 quid,
2445 3748 2587 3801 unde
2615 3746 2875 3803 reddatur
2914 3748 3191 3815 fervidior,
3236 3749 3419 3804 animo
3456 3751 3846 3809 ruminandnm

2261 3835 2567 3900 offerimus,
2620 3850 2680 3891 ut
2724 3836 2849 3893 inde
2892 3840 3135 3897 vivacius
3164 3840 3378 3896 fortiori
3424 3825 3567 3895 facta
3627 3843 3850 3900 ratione

2263 3927 2375 3982 Deo
2397 3942 2671 3984 vacemus.
2703 3928 2897 3985 Postea
2929 3931 3253 3995 transibitis,
3287 3932 3339 3986 id
3368 3938 3473 3997 est,
3505 3947 3627 3987 cum
3661 3936 3849 3989 cordis

2260 4025 2387 4071 voto
2424 4017 2822 4087 satisfeceritis,
2854 4020 2922 4075 ad
2946 4031 3156 4093 tempus
3194 4029 3254 4076 ut
3289 4022 3489 4077 assolet
3516 4024 3852 4081 subtrahere

2259 4110 2440 4166 oblata
2490 4113 2759 4183 poteritis,
2794 4114 2917 4169 ideo
2965 4130 3199 4186 namque
3234 4115 3302 4170 ad
3336 4131 3548 4171 servum
3573 4131 3847 4182 vestrum,

2261 4204 2372 4259 Deo
2401 4204 2636 4274 rigorem
2670 4213 2907 4261 vestrum
2950 4205 3277 4272 inﬂectcnle,
3310 4207 3624 4263 declinastis
3655 4210 3849 4264 :servi

2260 4303 2439 4349 autem
2472 4304 2781 4350 nostrorum
2832 4295 3076 4351 omnium
3116 4306 3361 4352 motuum
3390 4313 3599 4362 sumus,
3639 4300 3853 4367 quibus

2260 4394 2368 4441 tam
2383 4385 2569 4441 sedulo
2583 4385 2936 4443 observandis
2954 4387 3277 4443 inserviinus
3298 4406 3311 4442 :
3339 4389 3642 4445 asscntiunt
3674 4391 3854 4462 igitur

2260 4473 2456 4529 divina:
2486 4474 2703 4530 rationi.

2334 4563 2496 4620 Vens.
2528 4565 2582 4631 6,
2616 4567 2667 4620 7.
2700 4596 2772 4607 --
2801 4565 3092 4623 Festinavit
3125 4568 3391 4624 Abraham
3431 4569 3486 4624 in
3524 4570 3856 4627 tabernacu-

2256 4655 2363 4709 lum
2375 4656 2443 4709 ad
2467 4654 2656 4711 Suram
2687 4670 2705 4708 :
2726 4656 2959 4728 dixitque
2976 4660 3024 4711 ei
3047 4676 3067 4714 :
3096 4659 3361 4726 Accelera,
3384 4661 3486 4715 tria
3506 4671 3623 4715 sata
3646 4664 3857 4717 similae

2256 4748 2552 4813 commisce,
2606 4758 2654 4802 et
2712 4748 2797 4817 [ac
2834 4748 3203 4807 subcinericios
3245 4769 3426 4823 panes.
3472 4751 3595 4822 Ipse
3624 4770 3750 4808 vero
3779 4755 3859 4809 ad

2256 4849 2553 4893 armentum
2606 4842 2858 4905 cucurrit,
2898 4853 2945 4897 et
2966 4843 3084 4898 tulit
3110 4846 3230 4899 inde
3250 4845 3469 4899 vitulum
3494 4847 3859 4902 tenerrimum

2256 4938 2301 4983 et
2330 4929 2606 4996 Optimum,
2646 4929 2891 5001 deditque
2934 4950 3117 5003 puero.
3176 4934 3278 5000 Qui
3304 4935 3587 5005 festinavit,
3620 4947 3669 4992 et
3695 4940 3861 4993 coxit

2256 5018 2428 5073 illum.
2468 5018 2603 5074 Cum
2642 5036 2773 5091 ergo
2819 5026 3217 5093 opportunitas,
3278 5037 3331 5083 ct
3372 5028 3635 5085 habitudo
3668 5032 3862 5087 animi

2257 5109 2323 5165 ad
2364 5108 2473 5164 Deo
2529 5110 2938 5180 supplicandum
2985 5116 3248 5184 arrident,
3289 5115 3861 5187 festinetAbrabam,

2257 5216 2420 5272 quem
2474 5212 2626 5272 pater
2671 5204 2846 5259 videns
2898 5206 3147 5276 populum
3198 5208 3543 5279 interpretari
3574 5210 3861 5281 diximus,

2255 5300 2643 5371 quiapaterna
2695 5301 2899 5371 pietate
2940 5316 3006 5357 ac
3057 5300 3299 5373 legitima
3334 5314 3603 5371 potestate
3632 5309 3867 5379 populo

2256 5390 2424 5457 videt,
2459 5390 2513 5446 id
2557 5401 2640 5447 est
2668 5391 2944 5462 providet;
2985 5392 3225 5458 festinet,
3263 5394 3503 5463 inquam,
3533 5396 3867 5465 spiritualis

2255 5484 2359 5539 iste
2382 5482 2655 5538 Abraham
2686 5484 2740 5539 in
2773 5485 3179 5540 tabernaculum
3231 5488 3297 5540 ad
3322 5485 3536 5551 Saram,
3573 5504 3703 5558 qua:
3731 5492 3866 5561 jam

2257 5578 2346 5633 hic
2372 5578 2768 5648 interpretatur
2789 5578 2974 5644 virtus,
3007 5578 3176 5633 ascita
3213 5578 3400 5648 utique
3428 5579 3528 5635 sibi
3552 5580 3870 5639 voluntate

2255 5671 2399 5727 bona
2433 5670 2551 5725 sine
2569 5686 2675 5739 qua
2698 5671 2959 5742 quidquid
2986 5671 3196 5741 agimus
3224 5687 3328 5726 non
3369 5680 3453 5727 est
3474 5672 3675 5737 virtus,
3709 5676 3871 5730 divi-

2254 5777 2387 5819 nam
2431 5759 2772 5832 aggrediatur
2813 5762 3087 5830 militiam,
3139 5764 3388 5831 dicatque
3440 5763 3489 5819 ci
3529 5766 3871 5824 secundum
