4108 6324
241 388 333 451 ut

1427 394 1792 457 MORALIUM
1831 394 1899 451 ῐΝ
1931 394 2228 454 GENESIN
2256 396 2382 453 LIB.
2414 398 2476 453 γ.

3418 397 3520 451 149.

242 522 421 568 rerum
452 511 831 579 mnam.
857 515 1005 585 Sata,
1033 514 1226 587 inquit,
1255 516 1447 571 similae
1478 516 1604 579 tria,
1634 526 1830 585 purum
1864 518 1907 575 Α
1937 511 2100 565 surde
2150 513 2432 567 moraliter
2460 512 2605 567 aliud
2633 510 2912 584 accepisse
2937 508 3224 566 Dominum
3254 524 3521 583 apparen:

247 606 499 661 videlicet
548 608 882 667 exteriorem
943 609 1250 674 hominem,
1302 623 1492 679 puram
1557 606 1833 661 interioris

252 696 593 760 memoriam,
651 699 1011 757 subtilitatem
1070 699 1544 768 contemplationis
1600 697 1835 765 denique

253 803 462 858 puram,
492 790 757 842 adiuuant
796 789 893 845 Dei
919 787 1101 863 placiti
1125 787 1482 843 intentionem
1511 785 1831 847 commisce,

252 888 303 933 et
331 878 414 932 fac.
438 893 639 948 panes,
668 878 871 933 nitidos
900 878 1109 935 scilicet
1132 878 1346 933 vivendi
1380 876 1600 931 institue
1630 888 1832 936 mores,

256 983 384 1031 otios
425 978 612 1023 tamen
638 969 778 1038 ignis
806 969 1026 1034 veteris,
1064 969 1162 1026 sed
1179 969 1431 1025 exstincti
1455 968 1659 1030 cinere,
1691 965 1836 1036 quod

256 1070 330 1114 cst
382 1060 623 1129 peccati,
679 1060 735 1115 in
787 1069 841 1116 te
880 1061 1153 1130 quondam
1213 1060 1491 1130 regnantis
1550 1060 1833 1124 memoria,

256 1161 440 1205 contra
471 1152 844 1223 insurgentem
864 1151 1132 1221 superbiae
1152 1162 1334 1224 typum
1351 1167 1558 1223 preme.
1576 1153 1835 1207 Armenta

257 1243 341 1297 Dei
371 1252 525 1308 sunt,
580 1244 842 1298 virtutum
874 1259 1219 1314 quarumque
1255 1244 1476 1302 fortium
1516 1247 1789 1316 proposita
1821 1264 1834 1299 :

257 1343 500 1388 armenta
552 1344 735 1390 autem
767 1336 1026 1390 dicuntur
1069 1337 1137 1392 ab
1167 1337 1357 1404 armis,
1382 1338 1509 1408 quia
1543 1338 1670 1394 inde
1698 1338 1841 1393 anti—

258 1424 440 1493 quitus
470 1440 649 1491 arma,
681 1425 881 1489 loricae,
913 1427 1080 1498 galeae
1096 1427 1299 1484 ﬁebant
1328 1441 1383 1484 et
1409 1439 1561 1486 scuta
1595 1449 1608 1485 :
1637 1432 1704 1486 ad
1737 1431 1840 1486 hoc

258 1524 571 1570 armentum
628 1516 923 1587 spiritualis
966 1519 1197 1591 quisque
1234 1520 1510 1577 Abraham
1539 1523 1842 1581 devotionis

258 1607 543 1662 celeritate
592 1609 890 1674 concurrit,
953 1618 1009 1664 et
1060 1610 1288 1666 vitulum
1348 1629 1546 1668 novum
1614 1614 1838 1680 scilicet,

256 1707 495 1755 attamen
513 1698 836 1754 intentionis
851 1700 1119 1769 gravitate
1136 1712 1427 1769 maturum,
1446 1704 1655 1774 ahjecta
1673 1722 1843 1762 smcu-

253 1785 348 1841 lari
380 1796 675 1851 vetustate,
699 1797 862 1858 atque
882 1791 1249 1847 obstinatione
1263 1796 1637 1860 teneri-imum,
1658 1806 1712 1850 et
1728 1797 1845 1851 sine

1938 613 2067 664 tem,
2096 603 2239 657 aliud
2265 616 2376 657 tres
2400 602 2546 658 viros
2574 614 2804 660 stantes.

2008 691 2151 746 Dixit
2182 706 2314 762 ergo
2348 691 2607 748 Dominus
2637 713 2651 748 :
2681 697 2853 765 prima
2888 693 2983 751 Det
3018 695 3289 766 apparitio
3316 695 3519 759 homini

1936 784 1991 838 in
2019 784 2390 839 conversione.
2417 783 2517 849 Qui
2552 794 2728 840 tamen
2757 802 2788 841 a
2818 787 2971 843 nobis
2997 802 3105 842 non
3136 802 3236 842 nos
3264 787 3527 842 deserens

1937 888 2333 943 usquequaque
2392 874 2726 944 digreditur,
2787 876 2913 929 dum
2977 892 3076 946 per
3126 876 3524 947 experientiam

1938 966 2134 1031 nostri,
2163 965 2488 1035 peccatique
2516 967 2799 1020 victoriam
2840 982 2937 1022 nos
2967 968 3167 1033 erudit,
3196 970 3431 1037 tuncque
3455 970 3524 1023 ad

1941 1070 2039 1111 nos
2082 1055 2253 1127 gloria
2304 1056 2643 1126 opulentiorc
2714 1056 3004 1110 revertitur
3056 1075 3070 1110 :
3111 1073 3180 1115 ne
3230 1060 3414 1129 itaque
3461 1060 3529 1127 de

1941 1162 2038 1202 suo
2073 1146 2328 1203 imbecilli
2385 1155 2529 1202 statu
2561 1145 2991 1202 interior.ltomo
3019 1160 3314 1221 quaeratur,
3350 1151 3394 1205 si
3418 1149 3527 1205 vita

1941 1254 2125 1294 comes
2162 1238 2350 1303 fuerit,
2371 1240 2425 1293 id
2459 1248 2544 1294 est
2575 1239 2619 1293 si
2660 1239 2712 1293 in
2743 1238 2870 1294 vitae
2899 1239 3181 1309 proposito
3211 1255 3527 1308 persevera-

1941 1322 2100 1395 verit,
2131 1339 2188 1387 et
2216 1339 2430 1401 tempus
2455 1330 2618 1391 idem.
2647 1330 2699 1386 id
2729 1339 2814 1385 est
2846 1329 3135 1399 temperies
3162 1340 3221 1384 ut
3245 1331 3326 1384 sic
3351 1333 3532 1389 dicam

1945 1422 2160 1487 eadem,
2221 1421 2591 1493 habitudoque
2642 1421 2807 1476 animi
2870 1421 3211 1493 perstiterit;
3246 1419 3536 1479 inferiore

1944 1514 2089 1568 enim
2118 1514 2225 1569 diei
2249 1514 2515 1570 Dominus
2543 1528 2605 1569 ea
2634 1515 2914 1570 locuturus
2942 1515 3215 1584 apparuit,
3242 1522 3529 1583 postquam

1947 1605 2090 1662 inter
2127 1607 2457 1662 tentationes
2495 1606 2925 1662 conversationis
2961 1606 3225 1661 unitatem
3258 1604 3533 1660 tenuerit:

1950 1695 2101 1750 Sarae
2149 1696 2292 1752 ﬁlius
2339 1697 2519 1762 datur,
2550 1698 2679 1767 quia
2718 1698 2985 1752 voluntati
3009 1697 3122 1765 jam
3164 1713 3271 1753 non
3298 1696 3535 1759 novitite.

1946 1788 2039 1842 sed
2060 1788 2291 1843 viriliter
2313 1788 2536 1844 militari
2560 1792 2792 1858 quadam
2816 1789 3041 1844 audacia
3067 1798 3259 1845 contra
3288 1789 3415 1843 vitia
3446 1792 3538 1843 de-

254 1879 560 1933 voluntaria
610 1880 953 1937 carnalitatis
1002 1896 1067 1939 ac
1115 1884 1456 1954 negligentia:
1510 1887 1840 1943 admissionc
1873 1869 1915 1928 Β
1945 1877 2159 1932 sudanti
2192 1892 2316 1947 Spes
2361 1895 2468 1933 "“n
2503 1889 2561 1933 ιιι
2598 1880 2751 1949 Prius
2785 1880 3005 1945 Umida»
3047 1880 3141 1936 se"
3173 1880 3536 1943 de'ecwbuisv

259 1970 521 2038 optimum
553 1968 747 2047 arripit
786 1971 1101 2042 principalis
1130 1972 1419 2041 cujuslibet
1441 1976 1659 2031 virtutis
1684 1977 1842 2032 insti-

264 2069 468 2126 tutum;
518 2062 692 2116 sancti
728 2063 871 2117 enim
899 2062 1028 2119 licet
1079 2066 1293 2120 cunctis
1335 2067 1622 2122 videantur
1651 2067 1845 2123 florere

268 2152 573 2217 virtutibus,
605 2152 796 2223 gratiis
823 2163 1001 2209 tamen
1031 2156 1354 2225 quibusdam
1381 2157 1690 2213 innituntur
1715 2174 1841 2229 spe—

280 2242 504 2296 cialihus
519 2258 535 2306 ;
552 2243 837 2319 divisiones
852 2244 996 2298 enim
1011 2246 1305 2313 gratiarum
1317 2256 1465 2314 sunt,
1479 2256 1639 2318 prout
1650 2249 1845 2319 cuique

276 2332 576 2401 impertitur
590 2317 811 2403 spiritus
828 2334 879 2405 (I
902 2334 1025 2389 Cor.
1046 2352 1142 2403 xu,
1167 2337 1246 2408 4).
1268 2336 1421 2393 Hunc
1442 2317 1633 2395 damus
1654 2317 1841 2410 puero,

270 2425 482 2493 quando
505 2423 647 2479 illius
679 2426 805 2480 novi
850 2425 1089 2483 hominis
1112 2428 1311 2483 Christi
1348 2431 1551 2485 bonum
1594 2444 1841 2487 nostrum

265 2516 682 2571 examinandum
720 2532 785 2572 ac
814 2517 859 2573 si
887 2519 953 2571 ad
980 2534 1163 2573 veram
1193 2519 1435 2591 regulam
1464 2523 1844 2593 mancipamus

264 2605 508 2675 exemplo
536 2625 550 2661 :
579 2607 669 2678 qui
694 2606 1017 2664 festinanter
1036 2610 1240 2679 coquit,
1257 2626 1377 2665 cum
1394 2612 1656 2683 quidquid
1685 2615 1841 2670 ηοιήε

264 2709 328 2749 es
359 2697 514 2753 nobis
535 2698 737 2755 accidit
755 2700 967 2756 duritia:
992 2702 1215 2772 spiritus
1241 2702 1323 2757 sui
1359 2702 1573 2759 flamma
1607 2706 1843 2762 velocius

264 2782 456 2843 mollit.

338 2877 500 2936 Vsus.
532 2881 589 2948 8,
618 2882 673 2950 9,
712 2881 798 2938 10.
829 2915 900 2924 ——
930 2883 1069 2939 Tulit
1098 2903 1301 2958 quoque
1322 2888 1566 2959 butyrum
1588 2899 1637 2944 et
1661 2890 1767 2957 lac,
1795 2901 1843 2947 et

263 2971 484 3025 uitulum
506 2989 659 3044 quem
688 2984 922 3040 coxerat,
973 2986 1020 3030 et
1048 2978 1219 3044 posuit
1243 2994 1422 3032 coram
1444 2981 1540 3033 eis.
1576 2979 1699 3051 Ipse
1720 2998 1840 3036 vero

264 3064 433 3117 stabat
472 3066 638 3135 juxta
676 3082 763 3121 eos
814 3068 909 3121 sub
954 3069 1157 3123 arbore.
1211 3070 1445 3142 Cumque
1474 3074 1838 3135 comedissent,

263 3156 509 3210 dixerunt
538 3158 608 3211 ad
631 3174 749 3211 eum
780 3172 801 3212 .'
838 3157 940 3214 Ubi
963 3170 1038 3214 est
1062 3160 1199 3216 Sara
1222 3178 1357 3216 uxor
1384 3174 1477 3217 tua
1503 3165 1528 3217 7
1554 3165 1709 3231 Ecce,
1740 3168 1837 3235 ait,

264 3248 315 3302 in
337 3249 681 3305 tabernaculo
729 3258 825 3305 est.
851 3248 950 3306 Cui
989 3253 1124 3307 dixit
1157 3267 1176 3305 :
1206 3252 1482 3309 Revertens
1506 3257 1616 3327 70
1642 3260 1844 3315 veniam

265 3339 330 3393 ad
359 3350 408 3395 te
429 3349 663 3410 tempore
713 3341 812 3395 isto
839 3343 943 3397 vita
971 3344 1178 3409 comite,
1211 3354 1260 3398 et
1284 3345 1490 3399 habebit
1516 3348 1684 3415 ﬂium
1709 3348 1846 3405 Sara

262 3447 393 3488 uxor
418 3442 538 3487 tua.
563 3432 679 3497 Quo
709 3434 886 3487 audito
927 3433 1065 3489 Sara
1093 3436 1206 3489 risit
1234 3445 1348 3505 post
1379 3438 1568 3491 ostium
1599 3440 1848 3495 taberna-

265 3522 380 3577 culi.
416 3522 684 3593 Butyrum
713 3522 949 3578 tollimus
976 3539 1098 3578 cum
1129 3524 1389 3581 beneﬁcia
1412 3527 1694 3585 charitatis
1723 3530 1849 3587 aliis

264 3614 630 3685 impendenda
685 3615 1072 3685 aggredimur:
1113 3615 1195 3671 lac
1220 3618 1503 3685 sumimus,
1537 3635 1657 3674 cum
1688 3621 1848 3676 inno-

263 3714 452 3761 center
498 3706 554 3761 in
595 3705 754 3761 nobis
791 3706 920 3776 ipsis
967 3707 1230 3770 vivimus;
1271 3716 1404 3763 sunt
1450 3710 1594 3765 enim
1624 3712 1714 3782 qui
1743 3713 1846 3768 sibi

263 3798 484 3853 innoxie
523 3797 733 3864 vivunt,
774 3798 867 3853 sed
912 3798 1034 3854 aliis
1070 3799 1207 3853 nihil
1241 3799 1460 3870 pietatis
1487 3801 1843 3871 impendunt:

265 3888 523 3961 butyrum
546 3898 727 3944 autem
754 3904 861 3944 non
884 3889 1057 3945 solum
1089 3890 1205 3946 esui
1228 3905 1394 3945 suave
1420 3902 1522 3958 est,
1553 3895 1646 3949 sed
1671 3896 1844 3950 etalia

266 3979 589 4051 impingnat,
624 3980 766 4035 unde
790 3988 847 4036 et
876 3980 1193 4051 obsequium
1225 3982 1510 4038 charitatis
1539 3984 1841 4054 signiﬁcat;

264 4066 406 4124 idem
436 4070 489 4123 in
518 4071 781 4140 propheta
808 4071 1095 4134 sentimus,
1128 4071 1217 4127 ubi
1249 4071 1446 4143 legitur
1477 4088 1492 4127 :
1518 4071 1774 4144 Bulyrum
1797 4087 1845 4129 et

264 4157 363 4212 mel
390 4160 625 4213 comedet
684 4158 819 4230 (Isa.
851 4175 952 4226 vn,
990 4160 1106 4231 l5),
1136 4168 1191 4215 et
1239 4170 1457 4217 cmtera.
1516 4162 1649 4217 Cum
1682 4164 1848 4235 igitur

264 4246 388 4304 boni
417 4265 606 4305 sumus
636 4249 689 4304 in
719 4249 895 4316 nobis,
927 4258 981 4305 et
1010 4249 1307 4306 bonitatem
1332 4252 1695 4322 impendimus
1723 4269 1848 4324 pro-

263 4340 446 4406 ximis,
475 4349 603 4395 tunc
634 4348 782 4395 recte
825 4338 1053 4393 vitulum
1078 4347 1281 4395 sanctas
1317 4340 1617 4411 cujuspiam
1642 4342 1847 4413 profes-

264 4435 457 4500 sionis,
496 4443 714 4489 coctum
744 4434 866 4503 igne
894 4433 1150 4503 puritatis
1176 4432 1462 4491 inferimus
1491 4451 1505 4488 :
1537 4450 1721 4491 coram
1742 4437 1846 4502 eis,

1944 1972 2001 2019 et
2023 1966 2353 2022 certitudiue
2410 1967 2595 2037 plena,
2632 1969 2842 2025 ratione
2866 1969 3081 2025 coalitus
3113 1969 3378 2025 illustrata
3405 1985 3538 2039 pro-

1947 2056 2201 2110 mittitur.
2263 2058 2398 2112 Sara
2439 2059 2508 2114 ad
2540 2060 2653 2114 hate
2684 2060 2823 2123 risit,
2869 2060 2996 2129 quia
3046 2060 3300 2115 voluntas
3348 2070 3531 2115 nostra

1945 2147 2048 2202 etsi
2087 2148 2154 2203 ad
2193 2148 2334 2204 bona
2363 2150 2585 2216 nitatur,
2610 2166 2678 2206 ex
2715 2152 2948 2222 propria:
2980 2161 3160 2208 tamen
3191 2152 3532 2208 inﬁrmitatis

1947 2238 2385 2295 consideratione
2399 2256 2553 2310 quas:
2585 2257 2929 2297 suusannans
2958 2259 3078 2313 qtae
3100 2259 3129 2297 a
3161 2258 3256 2313 spe
3285 2245 3387 2299 sibi
3414 2254 3542 2300 sunt

1947 2329 2217 2385 destinata
2266 2332 2480 2397 diﬁidit,
2541 2334 2683 2387 unde
2714 2341 2769 2387 et
2797 2342 2917 2403 post
2964 2334 3163 2389 ostium
3201 2335 3539 2391 tabernaculi

1948 2422 2152 2477 dicitur
2203 2424 2413 2489 risisse,
2444 2435 2505 2479 ut
2539 2425 2869 2497 intelligatur
2894 2427 2978 2481 sui
3005 2426 3223 2483 laboris.
3244 2428 3538 2484 dillidentia

1947 2513 2016 2565 ab
2031 2527 2125 2582 spe
2138 2514 2413 2582 paululum
2430 2516 2698 2571 decidisse
2726 2530 2742 2570 :
2770 2516 2909 2572 ﬁlios
2938 2527 3119 2571 autem
3146 2526 3385 2581 nostros,
3416 2535 3541 2589 spes

1950 2610 2166 2658 nostras
2210 2605 2279 2659 ob
2332 2605 2707 2674 posteritatem
2764 2606 2973 2661 scilicet
3025 2606 3267 2664 solemus
3316 2624 3535 2681 vocare.

1951 2689 2087 2746 Sara
2116 2693 2296 2764 itaque
2335 2694 2502 2750 tilium
2542 2710 2650 2751 non
2684 2696 2865 2763 habet,
2896 2698 3134 2766 quandiu
3174 2699 3391 2753 animus
3416 2713 3543 2769 pas-

1951 2784 2166 2838 sionum
2224 2785 2434 2842 nebulis
2487 2787 2811 2843 obscuratus
2848 2799 3056 2859 quanto
3102 2789 3332 2845 inferius
3358 2791 3539 2851 timet,

1951 2876 2131 2932 minus
2155 2879 2407 2947 superius
2430 2894 2641 2941 amans.
2671 2881 2850 2936 minus
2869 2882 3034 2937 etiam
3060 2892 3269 2952 sperat,
3287 2883 3340 2938 in
3358 2883 3540 2952 δείρει-

1950 2967 2133 3022 adhuc
2181 2964 2603 3025 fluctuabundus
2631 2968 2842 3025 bzeret:
2882 2982 2940 3025 at
2965 2971 3191 3026 Domino
3213 2981 3335 3042 post
3359 2983 3542 3028 tcnta~

1953 3058 2157 3113 tionum
2190 3076 2288 3115 nos
2324 3060 2590 3117 invisente
2628 3063 2982 3134 triumphum,
3018 3080 3139 3119 cum
3169 3064 3332 3133 plena
3354 3065 3542 3120 hilari-

1959 3160 2040 3207 tas
2078 3153 2227 3207 cordi
2272 3153 2588 3217 infunditur,
2627 3156 2853 3226 suscipit
2882 3156 3127 3227 profecto
3164 3157 3300 3213 Sara
3344 3159 3539 3215 ﬁlium.

2023 3243 2186 3298 Vsus.
2214 3244 2303 3311 ll,
2333 3244 2421 3299 l2.
2449 3274 2520 3287 —
2549 3245 2718 3301 Erant
2747 3257 2922 3302 autem
2977 3249 3129 3303 σηιὸο
3158 3266 3322 3309 senes,
3357 3267 3541 3319 prore-

1949 3344 2147 3404 eltrque
2176 3337 2367 3396 celatis.
2392 3346 2438 3390 et
2462 3338 2723 3392 desierant
2752 3336 2901 3394 Sara:
2929 3340 3232 3395 muliebria.
3260 3342 3393 3407 Quae
3424 3343 3541 3396 risit

1950 3426 2148 3481 occulte
2176 3428 2354 3483 dicens
2380 3446 2394 3481 :
2423 3426 2711 3499 Postquam
2742 3431 3011 3494 consenui,
3047 3441 3094 3486 et
3118 3432 3363 3487 dominus
3392 3450 3540 3489 meus

1952 3518 2154 3573 vetulus
2202 3530 2300 3580 est,
2334 3519 2587 3591 voluptati
2633 3538 2843 3591 operam
2893 3522 3030 3578 dabo
3057 3525 3084 3579 7
3107 3524 3188 3580 Ac
3219 3526 3263 3581 si
3288 3526 3539 3582 voluntas

1952 3610 2163 3665 diceret
2194 3628 2207 3664 :
2239 3611 2351 3682 Ego
2381 3611 2679 3668 inveteravi
2734 3613 2875 3668 inter
2898 3629 3089 3670 omnes
3117 3616 3366 3672 inimicos
3389 3634 3541 3674 meos

1951 3699 2004 3753 in
2038 3712 2181 3756 terra
2209 3703 2383 3758 aliena
2410 3703 2585 3775 (Psal.
2636 3720 2711 3769 vr,
2744 3706 2778 3761 8
2805 3722 2819 3770 ;
2864 3705 3095 3763 Baruclt.
3127 3724 3211 3777 tu,
3239 3711 3348 3782 ll),
3380 3720 3436 3768 et
3456 3715 3543 3769 vir

1949 3807 2102 3848 meus
2131 3794 2447 3864 spiritualis,
2496 3795 2706 3852 scilicet
2746 3798 3072 3863 intellectus,
3107 3815 3210 3857 non
3244 3802 3357 3872 jam
3397 3806 3542 3874 sapit

1948 3883 2053 3939 nisi
2084 3884 2256 3941 veteri
2319 3886 2525 3942 homini
2563 3902 2823 3960 congrua,
2872 3890 3147 3947 incassum
3199 3897 3541 3966 contempla-

1949 3976 2117 4032 tionis
2147 3977 2347 4033 divinae
2404 3979 2749 4051 acquirendae
2782 3982 3043 4054 voluptati
3072 4000 3103 4039 a
3135 4001 3222 4041 me
3263 3987 3540 4057 impende-

1949 4078 2103 4125 retur
2132 4084 2322 4139 opera,
2346 4072 2433 4127 cui
2472 4073 2646 4142 prima
2677 4072 2830 4130 deest
2846 4079 3288 4147 compunctionis
3314 4080 3487 4150 gratia
3520 4096 3536 4135 :

1949 4161 2233 4219 muliebria
2255 4173 2436 4220 autem
2469 4176 2747 4222 menstrua
2798 4178 2945 4235 sunt,
2985 4185 3251 4239 quaecum
3277 4172 3405 4229 ﬁeri
3425 4189 3538 4228 mu-

1948 4253 2176 4312 lieribus
2218 4257 2493 4322 desinunt,
2542 4273 2738 4329 parem
2776 4260 3067 4317 desistunt.
3120 4263 3260 4331 Quid
3284 4278 3415 4337 ergo
3440 4281 3539 4335 per

1948 4356 2230 4403 menstrua
2258 4350 2363 4406 nisi
2390 4350 2725 4407 internarum
2774 4353 2970 4408 animae
3004 4354 3245 4410 sordium
3279 4371 3380 4426 per
3407 4372 3538 4412 con-

1950 4436 2244 4495 fessionem
2285 4440 2626 4497 vacuel'actio
2653 4442 2677 4496 ?
2705 4442 2839 4498 Cum
2870 4459 3106 4514 namque
3148 4446 3405 4502 voluntas
3434 4438 3537 4505 nec

265 4526 481 4596 ingenio
505 4525 735 4589 scilicet,
761 4524 1019 4579 memoria
1042 4533 1096 4580 et
1127 4525 1377 4580 sensibus
1401 4526 1621 4593 nostris,
1648 4534 1705 4581 ut
1734 4527 1847 4582 haec
1875 4549 1925 4608 ι)
1952 4529 2191 4599 perfecta
2222 4531 2326 4587 sibi
2354 4531 2532 4587 inesse
2557 4533 2827 4603 conspicit
2854 4534 2908 4589 in
2941 4534 3265 4591 conﬁtendis
3294 4540 3536 4595 rentibus

263 4615 365 4670 sibi
413 4615 797 4671 inviscerando
844 4629 908 4670 ac
946 4614 992 4670 si
1030 4615 1210 4670 cibum
1258 4615 1573 4672 reﬁciantur
1617 4630 1686 4673 ex
1719 4617 1843 4673 his:

261 4706 559 4761 comedunt
581 4720 735 4776 ergo,
772 4713 828 4760 et
863 4712 1013 4760 tanto
1049 4704 1230 4760 acrius
1266 4705 1333 4759 de
1358 4705 1441 4760 sui
1465 4713 1638 4761 status
1667 4705 1847 4761 humi-

263 4795 415 4853 litate
438 4809 745 4869 queruntur
770 4816 783 4852 :
819 4798 922 4855 Ubi
953 4807 1055 4861 est,
1081 4799 1253 4864 aiunt,
1285 4798 1419 4854 Sara
1447 4815 1588 4855 uxor
1613 4809 1702 4855 tua
1731 4801 1755 4856 τ
1782 4817 1847 4857 ac

264 4891 311 4945 si
331 4890 648 4947 diceretur:
692 4890 749 4946 Si
783 4899 841 4946 tu
887 4890 1045 4946 modo
1081 4891 1251 4946 Deum
1279 4889 1374 4946 tibi
1405 4892 1722 4949 inclaruisse
1742 4893 1843 4949 ali-

263 4994 537 5053 quatenus
566 4984 773 5040 sentire
796 4983 1032 5054 coepisti,
1078 4997 1245 5055 pensa
1272 4983 1363 5039 ubi
1391 4983 1526 5040 Sara
1563 4986 1844 5051 consistat,

265 5077 320 5131 id
350 5087 435 5132 est
460 5092 716 5148 quanam
761 5076 892 5133 insit
920 5075 1149 5131 ﬁrmitas
1193 5083 1298 5130 tua:
1333 5091 1503 5146 nuper
1532 5076 1847 5134 illuminatze

264 5169 559 5236 voluntati;
590 5184 699 5241 quo
712 5169 855 5225 enim
878 5168 1040 5224 altius
1055 5166 1348 5232 reﬁcimur,
1374 5182 1441 5224 eo
1467 5170 1669 5227 arctius
1691 5170 1851 5242 quid-

264 5278 390 5319 nam
429 5264 606 5319 simus
660 5273 998 5319 contuemur.
1048 5261 1209 5326 Ecce,
1249 5259 1352 5326 ait,
1404 5260 1460 5315 in
1497 5260 1846 5318 tabernaculo

265 5364 371 5419 est,
399 5356 529 5425 quia
558 5368 620 5411 se
646 5362 836 5411 contra
862 5355 1122 5410 vitiorum
1148 5353 1401 5411 examina
1432 5352 1688 5418 militare,
1716 5371 1847 5411 con-

266 5448 509 5504 scientiae
530 5448 827 5518 “proﬁcere
889 5447 1199 5519 incipientis
1241 5462 1559 5518 responsum
1581 5448 1844 5519 est;'ipsa

266 5524 504 5613 namque
525 5539 712 5605 infert,
738 5541 850 5610 ipsa
875 5539 1078 5596 refert:
1105 5540 1204 5596 Cui
1233 5540 1385 5597 dixit.

339 5632 646 5693 Notandum
678 5642 763 5689 est
793 5634 934 5704 quod
965 5649 1087 5690 cum
1110 5635 1360 5705 superius
1395 5633 1597 5690 dictum
1621 5635 1694 5690 sit
1716 5635 1844 5706 quia

268 5727 625 5779 comederunt
652 5733 708 5779 et
734 5725 986 5781 dixerunt
1011 5744 1024 5779 :
1054 5725 1155 5781 Ubi
1179 5734 1262 5781 est
1281 5724 1414 5780 Sara
1437 5726 1619 5781 ?nunc
1649 5727 1846 5781 dicitur

267 5816 390 5882 quia
420 5815 773 5887 singulariter
808 5818 942 5874 dixit
972 5832 985 5871 :
1020 5818 1108 5873 ubi
1146 5816 1471 5888 intelligatur
1494 5832 1591 5872 nos
1619 5834 1722 5873 non
1752 5818 1845 5872 ab.

1948 4622 2325 4678 conversionis
2361 4623 2537 4690 initia,
2566 4631 2854 4694 postquam
2892 4624 3048 4694 juxta
3078 4629 3317 4699 propriae
3355 4633 3536 4687 consi-

1949 4711 2253 4769 derationis
2283 4714 2650 4771 humilitatem
2674 4719 2972 4774 senectutis
3003 4720 3198 4791 typicze
3230 4722 3369 4778 intra
3397 4740 3533 4780 con-

1949 4804 2234 4860 scientiam
2273 4807 2594 4876 provehitur
2640 4809 2861 4877 inertia,
2898 4827 3003 4866 non
3035 4813 3200 4870 habet
3227 4829 3295 4871 ex
3322 4831 3402 4883 se,
3434 4834 3535 4873 nec

1949 4895 2095 4952 circa
2138 4911 2198 4953 se
2250 4897 2487 4964 invenit,
2536 4901 2680 4956 unde
2719 4900 2823 4956 sibi
2877 4904 3155 4960 nascitura
3203 4921 3534 4977 pra-sumere

1947 4988 2121 5059 possit
2162 4990 2301 5060 ejus,
2344 5005 2463 5060 qua:
2488 5005 2588 5062 per
2631 4992 2876 5048 intimam
2929 5008 2960 5049 a
2990 4995 3099 5052 Deo
3139 4999 3524 5068 aspirationem

1948 5082 2305 5152 promittitur,
2329 5084 2577 5151 sincerae,
2609 5093 2666 5140 et
2691 5085 2977 5157 intrepidae
3014 5086 3127 5159 spei
3165 5090 3360 5159 gaudia
3391 5106 3407 5143 :
3434 5093 3528 5156 qui

1948 5175 2093 5230 enim
2123 5176 2256 5232 nihil
2283 5190 2545 5246 meretur,
2581 5177 2626 5234 si
2655 5180 2877 5248 praemia
2906 5196 3127 5250 sperare
3147 5179 3392 5250 iubetur,
3426 5185 3531 5241 nisi

1949 5267 2208 5336 respiciat
2234 5269 2301 5323 ad
2331 5269 2591 5340 gratiam.
2630 5285 2738 5325 non
2764 5279 2876 5325 tam
2908 5272 2975 5326 de
3006 5272 3279 5339 promisso
3307 5275 3527 5344 gaudet,

1947 5371 2110 5426 quam
2139 5358 2266 5428 quia
2291 5375 2394 5415 non
2424 5360 2622 5416 meruit
2648 5359 2865 5415 irrideri
2887 5372 3125 5417 veretur.

2020 5448 2126 5506 Sed
2183 5450 2443 5507 Dominus
2490 5452 2558 5507 ad
2609 5450 2885 5506 Abraham
2922 5450 3164 5523 loquitur
3209 5455 3528 5513 dicens:—

1949 5542 2137 5613 (Vsus.
2171 5543 2260 5609 1'5,
2295 5543 2408 5612 M.)
2449 5542 2626 5610 Quare
2657 5542 2770 5596 risit
2818 5542 2954 5598 Sara
3005 5562 3142 5600 uxor
3176 5556 3288 5610 tua,
3326 5550 3525 5612 dicens,

1950 5634 2095 5688 Num
2121 5651 2237 5689 vere
2255 5636 2495 5703 paritura
2517 5650 2630 5689 sunt
2658 5650 2791 5688 anus
2813 5634 2838 5687 τ’
2858 5633 3114 5708 Nunquid
3137 5638 3248 5693 Deo
3275 5651 3348 5693 est
3376 5642 3529 5708 quid-

1947 5743 2103 5795 quant
2153 5727 2360 5796 difﬁcile
2391 5728 2418 5782 ?
2440 5726 2607 5803 Juxta
2642 5727 2937 5782 condictum
2993 5741 3224 5785 revertar
3250 5733 3320 5786 ad
3351 5743 3400 5785 te
3431 5733 3528 5784 hac

1947 5821 2127 5875 eodem
2176 5829 2404 5890 tempore
2428 5820 2554 5898 .vito
2585 5821 2793 5886 comite,
2846 5828 2894 5873 et
2923 5822 3127 5877 habebit
3160 5822 3525 5882 Sarafﬁlium.
