4062 6354
619 387 721 442 ηδ
1390 374 1450 428 v.
1486 370 1804 429 GUIBERTI
1844 366 2133 423 manus
2163 365 2219 421 s.
2263 363 2500 422 unum:
2540 363 2627 420 ns
2661 362 3053 423 NOVIGENTO
3798 369 3921 424 tu

615 500 694 554 Ac
720 497 764 553 si
802 496 943 551 Deus
968 499 1151 562 aperte
1181 489 1417 544 diceret:
1461 484 1518 540 Si
1552 485 1619 540 de
1648 492 1739 538 tua
1774 482 1990 537 inﬁrma
2024 482 2182 535 homo
2212 483 2258 542 Α
2288 479 2604 548 introgerit,
2638 478 2750 534 Deo
2792 486 3106 548 przestaute,
3135 478 3199 533 ad
3238 479 3466 549 pristina
3495 480 3633 536 bene
3670 484 3917 551 agendi

617 587 895 642 voluntate
923 583 1150 644 dubitas,
1178 579 1262 634 cui
1292 591 1414 632 cum
1460 590 1561 631 nec
1592 574 1732 630 velle
1759 573 1828 628 ad
1865 574 2002 627 bene
2021 586 2182 642 agen-
2287 583 2347 624 se
2384 569 2683 622 rediturum
2717 568 2996 624 exercitia.
3023 567 3252 637 Propter
3275 568 3546 623 Abraham
3583 570 3753 625 enim
3799 573 3917 625 atl-

620 676 747 731 dum
788 675 1043 743 adjaceat,
1075 670 1336 741 perﬁcere
1377 682 1484 722 non
1514 666 1659 730 dico,
1691 663 1785 718 sed
1813 678 1912 718 nec
1944 662 2183 731 incipere
2286 658 2434 714 ducit
2460 658 2719 714 Dominus
2741 674 2862 729 quae
2896 660 3110 714 locutus
3137 667 3221 714 est
3243 660 3443 725 omnia,
3476 661 3603 714 dum
3647 670 3919 731 propter

623 768 886 829 invenias,
912 765 1003 818 Dei
1023 759 1472 829 omnipotentiam
1489 772 1588 811 cur
1604 753 1941 822 desperando
1962 751 2186 807 subsan-
2287 748 2598 805 interiorem
2632 750 2875 805 animide
2899 764 2994 805 sua
3022 765 3182 820 quam
3208 749 3455 817 attendit,
3484 766 3584 806 nec
3614 751 3915 807 evincere

626 874 743 921 nas,
772 872 890 912 cum
934 870 1042 924 pm
1081 853 1258 909 oculis
1304 850 1383 906 tot
1411 848 1529 919 ejus
1572 848 1626 902 in
1665 845 1811 901 omni
1840 852 2184 914 peccatorum
2284 841 2488 896 sufﬁcit
2530 842 2798 910 pravitate
2851 841 3108 911 rugitum,
3133 840 3285 910 quasi
3308 841 3489 897 lsraeli
3522 842 3574 896 in
3604 841 3909 912 Egyptia

621 962 817 1021 genere
847 943 1254 1000 misericordias
1276 941 1479 995 habeas
1505 939 1527 991 ?
1555 937 1672 992 Vita
1696 951 1858 1006 quam
1884 934 1981 988 tibi
2013 932 2185 1002 inspi-
2286 936 2548 990 servitute
2591 933 2866 1000 clamanti,
2895 933 3135 988 victoria:
3170 933 3459 1001 aliquando
3497 934 3916 990 subministrat

620 1042 788 1094 tando
835 1035 1163 1099 eontradidi,
1220 1033 1292 1087 sit
1324 1029 1864 1103 perseverantissima
1904 1026 1959 1080 in
2011 1024 2188 1081 omnis
2294 1027 2578 1081 auxilium.
2606 1025 2841 1081 Suscitat
2873 1024 3020 1080 enim
3055 1025 3228 1079 viduae
3254 1023 3510 1079 Dominus
3543 1024 3760 1092 ﬁlium,
3784 1039 3912 1080 ma-

615 1131 741 1187 boni
763 1128 946 1199 operis
965 1124 1302 1181 exhibitione
1342 1120 1543 1189 eomes',
1574 1130 1627 1177 et
1673 1122 1754 1176 sic
1794 1121 1846 1174 in
1875 1119 1977 1173 hoc
2000 1116 2188 1172 eodem
2289 1118 2389 1172 tris
2410 1118 2695 1173 miseratus
2723 1114 2975 1172 aﬁ'ectum
3010 1113 3128 1187 (III
3159 1113 3284 1184 Reg.
3311 1130 3444 1182 xvn,
3466 1114 3579 1185 22).

617 1233 884 1291 tempore,
912 1221 1015 1274 hoc
1037 1216 1244 1272 scilicet
1268 1216 1385 1285 ipso
1408 1213 1684 1269 interioris
1715 1210 1792 1265 tui
1822 1208 2056 1264 hominis
2077 1206 2189 1262 fer-
2362 1207 2523 1265 Vsus.
2574 1207 2666 1275 20,
2712 1207 2803 1261 21.
2846 1236 2917 1247 —
2945 1205 3093 1261 Dixit
3120 1206 3294 1274 itaque
3323 1204 3576 1259 Dominus
3607 1220 3626 1257 :
3661 1204 3913 1261 Clamor

617 1331 753 1373 vore
804 1312 1089 1384 perdures,
1126 1318 1185 1364 ut
1223 1321 1437 1377 semper
1484 1307 1680 1361 horum
1725 1301 1966 1359 subsidio
2003 1308 2189 1356 motus
2290 1295 2638 1353 Sodomorum
2682 1308 2731 1352 et
2775 1296 3230 1351 Gomorrlueorum
3269 1296 3649 1367 multiplicatus
3699 1309 3823 1361 est,
3858 1312 3909 1352 et

622 1405 859 1461 carnalis
893 1401 1185 1459 voluntatis
1213 1399 1429 1455 studeas
1478 1396 1669 1451 rationi
1703 1393 1991 1464 subjugare
2019 1391 2194 1446 rebel—
2290 1397 2555 1458 peccatum
2582 1403 2761 1441 eorum
2785 1396 3121 1457 aggravatum
3147 1396 3221 1441 est
3249 1386 3420 1441 nimis.
3450 1387 3831 1452 Descendam,
3860 1401 3907 1442 et

625 1497 725 1563 les,
755 1507 810 1552 et
841 1504 967 1551 tunc
994 1495 1061 1549 ad
1098 1491 1526 1547 remunerandus
1574 1502 1661 1542 me
1697 1487 1764 1541 ad
1811 1494 1863 1540 te
1886 1492 2194 1539 revertente
2291 1477 2472 1530 videbo
2522 1486 2699 1530 utrum
2725 1477 3007 1531 clamorem
3053 1477 3144 1547 qui
3189 1479 3321 1531 venit
3346 1478 3415 1531 ad
3441 1494 3520 1531 me
3546 1494 3712 1548 opere
3743 1497 3907 1533 com-

624 1585 1271 1659 uiumphos,clurissimaa
1294 1584 1388 1637 tibi
1420 1582 1533 1651 spei
1560 1580 1768 1635 oriatur
1800 1576 1979 1645 proles
2005 1593 2017 1629 :
2042 1574 2195 1644 prius
2291 1566 2559 1637 pleverint,
2584 1585 2783 1623 annon
2809 1570 3015 1635 estita,
3047 1580 3101 1622 ut
3135 1569 3318 1623 sciam.
3357 1568 3665 1625 Gomorrha
3710 1576 3911 1641 papaii

622 1658 816 1736 exerce
868 1679 1212 1739 medicinam,
1256 1690 1360 1744 qua
1408 1673 1645 1727 febribus
1687 1682 1907 1733 careas,
1945 1674 2069 1737 post
2096 1664 2192 1719 tibi
2293 1658 2505 1724 εεάίιὲο,
2547 1660 2629 1714 νει
2670 1661 2822 1714 (imor
2843 1660 3073 1726 ἀίεῖίυΐὶ
3118 1660 3171 1714 in
3204 1668 3385 1715 meme
3415 1675 3658 1730 namque
3697 1678 3908 1718 θνετεδ

620 1772 1189 1839 virtutumsuggeram
1214 1768 1398 1835 dapes,
1427 1764 1622 1833 quibus
1642 1760 2195 1826 abinﬁrmitale,qute
2230 1838 2255 1839 ί
2294 1748 2498 1818 populi,
2545 1749 2842 1803 carnalium
2880 1749 3066 1839 utique
3098 1747 3418 1839 tumultuum
3444 1749 3674 1839 seditio,
3727 1761 3795 1805 et
3839 1766 3909 1806 ex

623 1861 865 1917 febribus
883 1838 1162 1915 contracta
1188 1865 1274 1911 est
1298 1856 1601 1910 revaleseas
1625 1871 1638 1907 :
1668 1853 1713 1907 si
1744 1852 1937 1907 ieceris
1962 1850 2063 1920 71
2098 1862 2195 1917 pro

2301 1855 2478 1910 pravae
2498 1840 2842 1897 conscientiae
2866 1838 3080 1907 objecta
3106 1838 3264 1892 timor
3286 1853 3393 1893 non
3421 1838 3537 1907 Dei,
3570 1839 3679 1893 sed
3716 1840 3910 1894 homi-

627 1953 804 2007 salute
852 1952 924 2006 tui
974 1950 1115 2020 quod
1169 1947 1403 2012 condixi,
1444 1946 1585 2016 quod
1617 1953 1671 1999 et
1722 1943 1865 1998 factu
1903 1940 2059 1996 facile
2090 1951 2191 2007 est,
2299 1947 2426 1985 num
2485 1933 2724 2002 suspicio
2771 1939 3039 1986 Versaim-
3102 1930 3183 1986 EX
3230 1929 3464 1985 50d0ma
3515 1944 3654 1999 ergo
3687 1940 3748 1985 el
3795 1931 3908 1986 GO-

625 2044 957 2099 incrementa
997 2019 1064 2096 de
1089 2040 1286 2110 quibus
1314 2039 1605 2109 desperare
1625 2036 1825 2092 videris
1861 2035 1953 2090 tibi
1985 2034 2192 2089 submi-
2295 2024 2536 2090 mOI‘l'ha,
2574 2024 2753 2080 cordis
2785 2022 3269 2088 εοὶιίεθιοωθὶίθῑθ,
3298 2036 3361 2074 ac
3385 2019 3728 2110 ﬂagitiorum
3752 2026 3906 2078 εθάί-

622 2136 862 2190 nistrare
886 2109 1112 2187 dimcile
1132 2130 1261 2188 mihi
1290 2145 1396 2185 non
1426 2139 1529 2184 est.
1559 2128 1709 2183 Victa
1735 2126 2074 2183 convenienti
2109 2140 2194 2180 ra-

2301 2114 2441 2169 tione
2466 2114 2670 2170 clamor
2694 2114 2959 2180 oboritur,
2983 2127 3105 2167 cum
3137 2111 3341 2182 pudore
3366 2109 3587 2181 depulso
3612 2111 3907 2181 quidquid

624 2226 769 2281 tione
806 2224 1076 2290 voluntas,
1103 2236 1163 2278 se
1191 2222 1341 2291 quasi
1375 2236 1480 2275 non
1517 2221 1836 2291 desperasse
1861 2219 2190 2285 dissimulat,
2295 2221 2525 2276 ηεαυειηι
2564 2215 2620 2261 ει
2647 2205 2974 2275 ίιηβυάίουῐη
3003 2211 3087 2259 εει
3120 2204 3262 2258 intra
3291 2202 3554 2268 animum,
3594 2213 3701 2257 ³1η
3722 2207 3899 2258 ﬁliam

620 2328 676 2373 et
697 2318 811 2387 jam
852 2317 920 2371 ad
954 2316 1176 2371 meliora
1219 2314 1511 2385 gerendum
1541 2312 1995 2382 pollicitationum
2031 2310 2194 2378 maje-
2295 2298 2534 2354 θιῑθνίυε
2553 2305 2862 2362 θκθτεθίυνς
2891 2296 2937 2349 i5
2963 2293 3329 2387 ιίηυιιῖβμίοξῑθτ
3358 2300 3723 2387 εκετξνθιυτ,
3760 2295 3897 2387 dum

625 2382 767 2463 ειεζιθ
817 2421 1096 2470 succensa,
1143 2382 1413 2459 ετάιηεείι
1464 2404 1747 2474 cogitando
1793 2404 2052 2473 replicare
2074 2418 2194 2473 qua,
2297 2389 2653 2445 diuturnitate
2692 2386 3098 2443 consuetudinis
3144 2385 3445 2440 induratur.
3482 2382 3627 2439 Deus
3658 2400 3804 2440 vero
3831 2386 3899 2439 ad

624 2506 893 2561 senserat,
924 2512 1084 2566 quam
1117 2503 1300 2549 tamen
1346 2509 1509 2549 verus
1564 2495 1716 2550 testis
1745 2504 1802 2549 ut
1831 2496 1897 2550 ad
1927 2496 2195 2564 pteniten.

2301 2481 2570 2535 Abraham
2623 2480 2739 2534 lucc
2786 2478 3045 2548 loquitur,
3088 2491 3211 2532 cum
3263 2475 3333 2529 ab
3362 2475 3477 2544 ipso
3515 2476 3699 2530 nostri
3733 2478 3895 2531 nobis

628 2590 758 2644 tiam
775 2589 942 2660 ipsius
967 2589 1162 2658 inepta:
1182 2586 1571 2655 desperationis
1592 2595 1864 2655 provocet,
1890 2586 2194 2641 intellectus

2301 2571 2506 2642 peccati
2559 2570 2867 2625 immanitas
2916 2569 3220 2624 intimatur.
3269 2567 3398 2622 Inde
3448 2574 3505 2622 et
3557 2567 3892 2633 descendit,

629 2659 1024 2751 improperator
1049 2687 1268 2735 accusat
1292 2697 1303 2731 :
1330 2679 1469 2733 unde
1493 2680 1687 2734 dicenti
1715 2697 1726 2732 :
1769 2709 1837 2719 —
1860 2678 2049 2750 (Vsus.
2080 2678 2192 2750 l5.)

2301 2663 2348 2717 id
2364 2671 2445 2719 est
2464 2680 2527 2718 ex
2550 2662 2813 2732 superbia:
2832 2672 3029 2717 nasute
3045 2659 3184 2715 fastu
3198 2659 3522 2715 descendere
3540 2674 3643 2713 nos
3655 2660 3819 2725 facit,
3841 2670 3894 2714 et

631 2750 751 2826 Non
773 2750 886 2837 risi,
908 2771 1091 2835 risisti,
1122 2770 1316 2840 inquit.

2301 2752 2459 2819 videt,
2483 2760 2664 2807 nostra
2689 2765 2788 2806 nos
2803 2751 3007 2807 scilicet
3023 2750 3289 2805 desideria
3313 2765 3380 2803 an
3402 2764 3566 2820 opere
3580 2751 3648 2804 ad
3662 2751 3834 2821 plenu
3860 2770 3887 2804 ιι

700 2863 861 2918 Vsus.
896 2862 980 2916 16.
1012 2890 1082 2903 ——
1121 2858 1353 2928 Cumque
1390 2862 1733 2916 surrexissent
1790 2861 1909 2915 inde
1947 2862 2065 2927 viri,
2108 2863 2192 2916 di-

2301 2845 2706 2915 citpleverimus,
2730 2843 2914 2899 videre
2946 2857 3044 2898 nos
3069 2840 3229 2908 facit;
3254 2841 3370 2911 ipsa
3395 2857 3633 2912 namque
3675 2843 3890 2899 clamor

630 2964 869 3008 rexerant
895 2952 1071 3007 oculos
1095 2969 1217 3007 suos
1242 2960 1419 3006 contra
1447 2952 1747 3018 Sodomam,
1773 2963 1818 3007 et
1840 2954 2100 3007 Abraham
2121 2956 2193 3008 si-

2301 2945 2417 2989 sunt
2436 2935 2486 2987 iu
2516 2934 2736 2988 auribus
2756 2932 2869 2997 Dei,
2893 2942 2949 2985 ut
2974 2934 3155 2999 sciam,
3179 2932 3370 3001 inquit,
3396 2940 3456 2986 ut
3476 2934 3621 2989 scire
3637 2934 3889 3003 profecto

629 3044 736 3097 mut
759 3043 1094 3114 grudiebatur
1113 3042 1372 3097 deducens
1391 3059 1496 3096 eos.
1521 3044 1652 3099 Cum
1679 3059 1784 3099 non
1810 3044 1911 3099 nisi
1932 3044 1999 3099 ab
2020 3045 2193 3099 humi.

2301 3023 2491 3079 faciam
2516 3065 2532 3090 ,
2560 3025 2613 3078 in
2642 3039 2804 3093 quam
2837 3022 3233 3078 destitutionem
3259 3022 3456 3078 misera
3481 3036 3638 3079 meus
3689 3026 3889 3090 ruerit,

631 3134 769 3189 libus
798 3144 851 3188 et
880 3134 1060 3188 divino
1108 3132 1304 3188 timore
1332 3134 1623 3189 contractis
1669 3135 1931 3198 sensibus,
1970 3144 2025 3188 et
2063 3150 2195 3204 quo-

2301 3116 2425 3186 quid
2449 3116 2750 3189 appetierit,
2775 3114 2904 3186 quid
2940 3115 3232 3185 appetitum
3254 3129 3465 3184 quoque
3491 3117 3785 3186 peregerit.

631 3227 917 3282 dammodo
954 3225 1283 3290 sedentibus,
1309 3226 1524 3295 superni
1564 3227 1793 3280 convivii
1821 3227 2043 3284 dulcedo
2072 3241 2197 3299 gus-

2375 3208 2533 3263 Vsus.
2564 3208 2656 3262 22.
2696 3236 2764 3248 —-
2795 3205 3264 3276 Converteruntque
3301 3222 3355 3261 se
3392 3206 3532 3273 inde,
3558 3218 3606 3263 et
3635 3209 3885 3263 abierant

634 3323 796 3381 tetur,
820 3324 964 3371 recte
986 3313 1287 3369 surrexisse
1308 3313 1575 3377 dicuntur,
1604 3330 1725 3370 cum
1751 3316 1817 3369 ad
1838 3325 2059 3371 externa
2081 3296 2200 3372 sut-

2302 3300 2616 3360 Sodomam;
2668 3297 2933 3352 Abraham
2980 3312 3100 3351 vero
3150 3296 3322 3351 adhuc
3350 3298 3523 3353 stabat
3557 3314 3729 3352 coram
3758 3299 3885 3353 Do-

632 3407 719 3461 dia
740 3406 972 3461 sollicito
991 3405 1155 3460 animi
1175 3405 1352 3477 rigore
1378 3406 1687 3461 tenduntur.
1706 3405 1903 3462 Contra
1917 3407 2200 3463 Sodomam

2303 3393 2461 3445 mino.
2501 3391 2637 3445 Dum
2685 3388 2923 3444 exterior
2964 3387 3129 3443 homo
3178 3397 3367 3444 noster
3388 3389 3501 3459 jam
3548 3388 3879 3459 cogitatione

633 3508 814 3551 autem
869 3496 1046 3550 oculos
1093 3497 1350 3567 dirigunt,
1400 3513 1521 3551 eum
1577 3499 1645 3553 ad
1686 3499 2089 3557 similitudinem
2139 3516 2200 3557 ac

2301 3497 2561 3551 perversa
2594 3480 2792 3537 sarculo
2840 3477 3167 3534 conformari
3221 3478 3508 3546 desiderat,
3535 3478 3678 3543 inde,
3705 3478 3765 3533 id
3793 3490 3884 3536 est

635 3585 1070 3642 eonformitatem
1108 3586 1402 3641 carnalium
1457 3598 1718 3655 motuum,
1772 3592 1852 3646 vel
1897 3592 2200 3659 hominum,

2302 3588 2370 3629 ex
2390 3574 2473 3631 sui
2495 3575 2664 3644 ipsius
2682 3586 2911 3629 necesse
2931 3578 3017 3627 est
3040 3569 3227 3626 humili
3248 3571 3399 3643 prius
3421 3570 3876 3640 consideratione,

641 3674 965 3730 intentiones
1017 3674 1218 3744 ﬁgunt;
1262 3675 1493 3730 Sodoma
1530 3693 1760 3747 namque
1789 3680 2072 3734 similitudo
2120 3699 2201 3736 eo-
2305 3681 2467 3734 «ιυειηι
2503 3666 2612 3722 Deo
2641 3670 2706 3720 ad
2742 3666 3011 3722 Abraham
3036 3671 3278 3719 “05mm
3312 3662 3565 3733 Ῑοίίυθηῑθ
3602 3665 3873 3734 conecti“.

2223 3173 2267 3231 Ο

636 3784 778 3832 rum,
807 3776 899 3821 aut
920 3768 1149 3829 ca'citas,
1177 3776 1268 3820 aut
1287 3782 1441 3835 pecus
1466 3767 1621 3820 silens
1646 3769 2056 3837 interpretatur;
2085 3782 2207 3841 post

632 3858 1066 3914 conformitatem
1089 3872 1217 3912 sane
1237 3858 1372 3921 vitii,
1394 3868 1483 3911 aut
1504 3859 1866 3925 saecularium,
1883 3860 2206 3917 incurrimus

642 3952 939 4007 caecitatem
973 3950 1249 4015 cordium,
1298 3958 1352 4003 et
1390 3948 1651 4004 distracta
1691 3950 2039 4006 sensualitate
2082 3967 2205 4007 cum

639 4041 1116 4114 imaginationibus
1137 4041 1191 4095 in
1222 4041 1428 4104 luxum,
1456 4041 1669 4094 venitur
1699 4044 1763 4095 ad
1788 4040 2005 4110 pecuale
2044 4042 2208 4096 silen-

639 4135 792 4196 tium,
825 4133 948 4189 dum
978 4131 1119 4186 nulla
1146 4131 1372 4186 rationis
1399 4132 1706 4202 congressio
1735 4132 1793 4187 ﬁt
1812 4141 1997 4188 contra
2028 4134 2206 4189 carnis

641 4224 926 4290 assultum,
955 4224 1048 4279 sed
1077 4223 1375 4293 perniciosa
1414 4238 1545 4293 pace
1579 4232 1791 4278 tenctur
1817 4224 1882 4277 ad
1906 4224 2205 4295 cujuspiam

637 4315 846 4387 peccati
870 4316 1199 4379 dominium;
1249 4314 1402 4370 sileat
1430 4315 1609 4379 enim,
1655 4329 1750 4370 usu
1800 4329 1966 4370 sacrae
2001 4319 2206 4386 paginae.

632 4408 827 4464 teritur
848 4422 946 4477 pro
970 4408 1273 4477 quiescere,
1296 4415 1351 4461 et
1381 4422 1486 4460 non
1513 4409 1777 4467 resistere,
1808 4416 1862 4460 ut
1886 4415 1969 4460 est
2003 4425 2016 4459 :
2042 4406 2203 4463 Sileat

2306 3758 2372 3812 ab
2402 3758 2625 3835 ipsoque
2656 3756 2765 3812 Deo
2811 3772 2871 3813 se
2898 3746 3200 3822 convertat,
3228 3763 3286 3809 ut
3311 3754 3522 3809 bestiali
3542 3753 3687 3820 vitae,
3714 3754 3770 3810 id
3796 3764 3879 3810 est

2307 3848 2554 3904 Sodoma:
2611 3849 2935 3903 intendcndo
2983 3847 3249 3903 excutiat.
3276 3845 3381 3901 Sed
3403 3845 3577 3900 adhuc
3612 3844 3876 3900 Abraham

2307 3956 2481 3994 coram
2499 3940 2716 3995 Domino
2735 3949 2862 4004 stat,
2881 3940 3009 4010 quia
3040 3938 3341 3994 intellectus
3361 3937 3617 3993 divinitus
3640 3940 3879 3995 sentiens

2308 4032 2451 4087 intra
2492 4033 2725 4103 seipsum
2763 4031 2816 4085 in
2864 4047 2986 4102 quae
3035 4031 3174 4087 mala
3216 4038 3466 4101 properet
3507 4030 3879 4100 gemebundus

2306 4134 2525 4193 pensat;
2552 4127 2652 4180 iste
2682 4124 2907 4179 Domino
2960 4122 3374 4192 appropinquat,
3404 4136 3527 4177 cum
3580 4125 3873 4179 secundum

2308 4219 2649 4287 Scripturas,
2679 4224 2852 4272 status
2901 4230 3145 4286 quosque
3192 4216 3385 4269 mentis
3429 4214 3773 4282 examinans,
3813 4220 3878 4275 de

2306 4311 2530 4382 singulis
2552 4311 2819 4365 discutere
2845 4308 2986 4379 apud
3014 4324 3072 4364 se
3096 4309 3304 4373 nititur,
3331 4307 3459 4377 quid
3486 4307 3629 4364 Deus
3658 4314 3875 4367 sentiat.

2303 4434 2372 4443 —
2399 4405 2583 4475 (Vsus.
2609 4401 2724 4472 εδ).
2759 4400 3014 4472 Nunquid
3057 4401 3257 4472 perdes,
3286 4400 3479 4471 inquit,
3511 4400 3718 4469 justum
3758 4423 3876 4458 eunt

630 4500 800 4555 omnis
822 4509 960 4554 terra
987 4516 1019 4552 a
1044 4498 1178 4567 facie
1200 4496 1414 4551 Domini
1436 4495 1663 4566 (Habac.
1700 4511 1760 4561 ιι,
1783 4496 1898 4565 9.0).
1931 4498 2201 4552 Abraham
2236 4511 2279 4565 ι)
2304 4496 2497 4564 impio?
2534 4495 2614 4548 Ac
2644 4494 2689 4548 si
2719 4493 2922 4548 diceret
2952 4492 3239 4563 :Nunquid
3261 4494 3362 4547 etsi
3405 4507 3470 4546 ex
3498 4493 3681 4548 carnis
3702 4493 3872 4549 imbe-

632 4601 812 4648 autem
845 4592 946 4646 bos
995 4591 1264 4644 deducens
1294 4588 1451 4642 simul
1481 4587 1740 4656 graditur,
1763 4588 1887 4641 dum
1913 4587 2047 4642 ratio
2060 4587 2197 4654 visu,

634 4694 691 4741 et
716 4683 956 4754 cogitatu
1005 4679 1344 4750 phantastico
1372 4677 1618 4749 perpulsa
1664 4678 1731 4731 ad
1759 4677 2016 4747 proclivia
2059 4678 2198 4733 faci-

631 4791 825 4834 norum
857 4772 1091 4837 ducitur,
1122 4771 1224 4828 scit
1251 4785 1490 4826 errorem
1521 4783 1816 4833 suum,nec
1840 4768 2197 4838 praeinﬁrmi-

632 4880 745 4925 tate
774 4863 1051 4929 renititur,
1079 4862 1181 4918 hoc
1209 4861 1324 4917 ﬁeri
1371 4860 1531 4927 solet,
1559 4860 1700 4915 scire
1738 4857 1945 4912 scilicet
1964 4873 2111 4923 suos,
2135 4873 2200 4914 ac

628 4961 986 5033 ingemiscere
1009 4957 1211 5027 lapsus,
1236 4965 1523 5024 antequam
1551 4951 1767 5008 eaeitas
1792 4950 2099 5007 omnimoda
2124 4950 2200 5005 in-

626 5059 885 5111 nascatur
913 5046 1201 5102 mentibus.

703 5140 864 5197 Vsus.
897 5138 983 5192 17.
1000 5166 1072 5177 -
1094 5134 1339 5202 Dixitque
1360 5130 1647 5185 Dominus:
1665 5126 1808 5183 Num
1837 5128 2003 5184 celare
2022 5140 2197 5200 potero

628 5232 894 5284 Abraham
927 5242 1044 5299 qua:
1071 5237 1310 5297 gesturus
1335 5238 1449 5276 sum
1467 5222 1494 5275 2
1515 5219 1668 5276 Unde
1710 5230 1766 5275 et
1800 5220 2052 5276 Dominus
2090 5236 2195 5277 non

626 5340 689 5381 se
717 5336 875 5393 posse
895 5320 1073 5387 celare
1112 5316 1388 5374 Abraham
1413 5314 1557 5384 quod
1583 5322 1831 5385 gesturus
1858 5321 1943 5368 est
1981 5312 2198 5382 proﬁte-

631 5425 741 5481 tur,
789 5428 914 5473 cum
969 5411 1024 5475 in
1073 5418 1291 5479 gentem
1347 5418 1617 5476 magnam,
1666 5417 1731 5458 ac
1768 5401 2194 5458 robustissimam

627 5508 845 5562 futurus
898 5504 969 5560 sit
1004 5499 1155 5572 (Gen.
1190 5514 1298 5567 xu,
1332 5496 1412 5567 2),
1468 5496 1592 5565 quia
1621 5496 1722 5566 ipsi
1754 5503 1943 5569 nostro
1983 5494 2194 5563 spiritui

626 5613 724 5667 per
751 5595 882 5650 vitia
905 5592 1168 5649 violenter
1191 5598 1334 5655 acto,
1382 5586 1627 5658 quaedam
1673 5585 1988 5655 plerumque
2025 5582 2197 5638 infun-

626 5690 773 5745 ditur
802 5700 913 5743 suze
951 5686 1143 5741 futurae
1172 5681 1339 5737 ruina:
1366 5696 1430 5735 ac
1459 5678 1869 5734 resurrectionis
1908 5677 2194 5746 providen-

626 5783 725 5847 tia,
756 5791 808 5835 et
839 5781 962 5834 dum
995 5794 1053 5851 se
1079 5775 1221 5833 videt
1250 5772 1428 5845 spargi
1452 5787 1546 5842 per
1571 5770 1821 5835 crimina,
1846 5784 1993 5838 spem
2019 5779 2193 5823 tamen

2303 4586 2527 4641 t-illitate
2574 4584 2628 4639 in
2659 4584 2846 4637 vitium
2879 4584 3050 4651 labor,
3097 4599 3196 4656 ego
3235 4585 3454 4653 spiritus
3486 4584 3578 4654 qui
3623 4587 3876 4640 eondele-

2301 4689 2421 4733 etor
2472 4677 2576 4747 legi
2632 4674 2773 4741 Dei,
2819 4684 2877 4731 et
2922 4676 3214 4731 secundum
3250 4676 3561 4731 interiorem
3598 4676 3874 4733 hominem

2301 4770 2484 4823 vivere
2512 4771 2720 4838 gratius
2758 4766 2952 4834 habeo,
2981 4782 3048 4822 ne
3074 4767 3306 4831 videam,
3358 4776 3451 4821 aut
3504 4767 3694 4823 videns
3717 4783 3874 4825 exse-

2301 4860 2391 4927 qui
2418 4859 2634 4926 cupiam
2667 4858 2810 4927 quod
2827 4856 3030 4926 justum
3056 4867 3161 4924 est,
3188 4859 3351 4912 etiam
3381 4859 3625 4913 etecitate
3649 4859 3870 4915 damna-

2300 4949 2430 5003 bor?
2443 4979 2509 4988 -—
2522 4947 2705 5017 (Vsus.
2720 4948 2835 5019 24.)
2849 4948 2906 5004 Si
2917 4950 3109 5019 fuerint
3133 4950 3510 5021 quinquaginta
3522 4950 3657 5019 justi
3679 4952 3733 5005 in
3752 4955 3876 5008 cisi-

2301 5048 2406 5093 tate
2432 5041 2668 5109 peribunt
2687 5041 2884 5095 simul?
2909 5043 3012 5096 Per
3037 5041 3557 5112 quinquagenarium
3587 5058 3871 5099 numerum

2299 5131 2615 5202 paenitentia
2668 5132 2948 5202 accipitur,
2973 5132 3114 5202 quod
3141 5147 3206 5187 ex
3248 5132 3456 5201 psalmo
3491 5132 3872 5206 quinquagesi-

2299 5238 2389 5279 mo
2410 5232 2594 5293 aperte
2613 5225 2901 5295 probatur;
2934 5206 3310 5295 quinquaginta
3339 5238 3468 5296 ergo
3485 5224 3621 5293 justi
3648 5237 3779 5282 sunt
3816 5230 3871 5282 in

2298 5314 2523 5381 civitate,
2555 5328 2678 5369 cum
2707 5314 2852 5385 digni
2900 5315 3232 5383 pmuitentia:
3274 5323 3450 5370 motus
3499 5327 3788 5389 versantur
3817 5320 3868 5372 in

2297 5412 2497 5459 mente.
2510 5403 2770 5475 ——(Vsus.
2782 5403 2896 5476 26.)
2914 5405 2973 5459 Si
2995 5406 3257 5471 invenero,
3275 5404 3466 5475 inquit,
3490 5407 3867 5479 quinquaginta

2290 5496 2463 5564 justas
2494 5497 2550 5551 in
2587 5498 2757 5551 medio
2786 5496 3030 5561 civitatis,
3056 5497 3315 5551 dimittam
3328 5498 3467 5551 omni
3504 5498 3618 5553 loco
3661 5512 3869 5570 propter

2297 5603 2406 5642 eos.
2450 5585 2519 5642 In
2561 5587 2732 5643 media
2759 5588 2983 5642 civitatis
3021 5588 3150 5657 justi
3186 5587 3695 5656 inveniuntur,eum
3718 5606 3866 5647 eom-

2297 5680 2606 5748 punetionis
2640 5688 2818 5735 motus
2847 5679 2898 5732 in
2951 5680 3068 5751 ipso
3116 5679 3292 5735 cordis
3325 5680 3620 5736 meditullio
3649 5697 3754 5736 non
3803 5686 3868 5739 ad

2299 5770 2508 5837 horam,
2548 5766 2639 5827 aut
2662 5786 2729 5827 ex
2775 5770 2962 5840 latere,
2994 5782 3055 5827 ut
3084 5774 3303 5842 assolet,
3334 5776 3426 5830 sed
3454 5786 3865 5845 perseveranter
