4062 6354
206 414 320 471 M3

1336 413 1699 470 MORALlUM
1731 412 1797 468 IN
1836 411 2132 469 GENESIN
2173 413 2297 469 LIB.
2345 415 2407 468 Υ.

3379 415 3484 469 146

208 537 269 582 et
324 540 446 579 cum
496 524 703 594 integro
755 524 881 577 vitia
936 524 1243 595 corrigendi
1294 533 1421 578 voto
1470 533 1794 587 nascuntur;
1829 530 1874 590 Α
1905 524 1991 578 rio.
2013 523 2201 593 pedem
2250 523 2414 577 animi
2460 523 2740 593 ponimus;
2783 540 2887 580 non
2920 524 3082 596 igitur
3114 525 3166 580 in
3211 524 3311 579 hoc
3342 533 3486 579 statu

209 618 361 671 omni
406 624 583 670 autem
622 614 743 670 loco
791 615 1111 677 dimittitur,
1145 630 1267 669 cum
1304 614 1472 669 menti
1500 630 1527 667 a
1568 629 1663 667 sua
1700 613 1807 668 dis-

213 708 470 776 persione
497 706 756 773 collectae,
800 715 855 762 et
900 707 1006 778 72
1051 708 1277 761 omnino
1302 706 1413 777 jam
1452 705 1608 761 factae
1650 704 1807 760 locali

213 798 551 867 indulgetur,
580 815 649 854 ne
694 799 746 854 in
780 799 1051 854 deteriora
1086 798 1318 853 labatur.

290 888 452 945 Vens.
498 890 588 957 27,
635 891 725 945 ‘28.
769 922 839 930 -—
882 889 1113 961 Loquar,
1146 891 1245 956 ait,
1283 890 1353 944 ad
1382 888 1664 943 Dominum
1690 903 1807 941 cum

212 983 317 1034 sint
344 982 533 1050 pulvis,
555 992 602 1037 et
626 982 776 1036 cinis.
813 981 966 1049 Quod
992 982 1037 1036 si
1066 982 1441 1054 quinquaginta
1464 982 1627 1051 justis
1654 982 1810 1051 quin-

211 1088 317 1139 que
343 1073 515 1126 minus
545 1073 739 1142 fuerint
762 1074 992 1128 inventi?
1019 1074 1163 1139 Non,
1191 1074 1264 1128 ait
1294 1073 1572 1137 Dominus,
1604 1073 1807 1139 delebo,

212 1164 263 1215 si
322 1164 563 1218 invenero
609 1165 963 1236 quadraginta
1006 1166 1250 1236 quinque.
1294 1164 1375 1217 Ad
1415 1165 1695 1219 Dominum
1728 1164 1806 1217 lo-

215 1250 464 1319 quimur,
496 1268 617 1307 cum
636 1254 700 1309 de
724 1264 901 1309 nostra
936 1257 1201 1325 pravitate
1228 1256 1367 1326 apud
1402 1257 1575 1326 ipsum
1603 1257 1808 1310 orando

217 1344 641 1412 conquerimur;
680 1344 956 1416 pulverem
998 1363 1096 1403 nos
1128 1348 1380 1410 fatemur,
1424 1363 1546 1402 cum
1591 1357 1683 1402 aut
1709 1363 1809 1403 nos

216 1444 562 1502 peccatores,
591 1447 684 1491 aut
714 1439 778 1493 ad
810 1454 1027 1495 omnem
1069 1440 1383 1495 tentationis
1406 1449 1605 1495 statum
1638 1440 1808 1496 insta-

217 1524 359 1579 biles
396 1542 493 1581 nos
534 1543 654 1583 esse
682 1530 1089 1601 cognoscimus;
1134 1534 1382 1603 peccanti
1430 1533 1573 1589 enim
1604 1534 1806 1589 dictum

215 1624 346 1670 est:
390 1618 570 1674 Pulvis
605 1637 659 1675 es
702 1619 856 1694 (Gen.
905 1640 990 1691 ιιι,
1041 1624 1155 1696 19).
1188 1623 1340 1681 Cinis
1380 1641 1507 1681 vero
1546 1627 1685 1697 ignis
1713 1628 1808 1682 ab-

212 1710 420 1779 sumpti
474 1711 732 1769 indicium
784 1725 899 1785 est,
948 1717 1089 1788 quod
1118 1718 1806 1790 significatpraeteritorum

212 1810 563 1866 peccatorum
606 1808 946 1875 memoriam,
987 1826 1106 1880 qua:
1137 1812 1277 1866 sicut
1311 1812 1450 1867 cinis
1480 1813 1677 1882 ignem,
1724 1812 1805 1869 sic

1908 613 2292 680 interfectioni,
2321 614 2413 669 sed
2444 614 2725 670 salvationi
2750 614 2899 671 locus
2926 625 3025 672 est.
3050 646 3121 657 -
3151 615 3337 687 (Vens.
3370 617 3485 687 51.)

1909 706 2167 775 Sequitur
2215 706 2525 761 vicenarius
2551 722 2807 763 numerus
2834 708 2885 764 itt
2919 724 3027 780 quo
3055 710 3231 764 adhuc
3261 724 3366 763 non
3396 723 3487 779 pe-

1907 799 1979 853 rit
2009 799 2234 864 civitas;
2276 799 2584 855 vicenarius
2606 814 2675 854 ex
2704 800 3026 871 septenariis
3067 800 3295 867 duobus,
3323 809 3379 856 et
3401 815 3487 856 se-

1909 892 2063 947 nario
2102 900 2343 954 constat;
2381 904 2480 960 per
2515 906 2680 945 unttm
2720 905 2850 961 ergo
2887 892 3252 962 septenarium
3278 900 3487 964 tempo-

1908 984 2059 1051 ralia,
2101 998 2223 1053 quze
2269 991 2474 1053 septem
2525 982 2814 1038 volvuntur
2854 984 3075 1049 diebus,
3119 998 3216 1053 per
3259 984 3487 1040 alterum

1908 1085 2151 1131 nostrum
2197 1089 2426 1145 corpus,
2459 1083 2514 1129 et
2552 1074 2762 1139 anima;
2795 1087 2891 1143 per
2924 1076 3200 1130 senarium
3241 1074 3491 1144 spiritua-

1906 1165 1973 1221 lis
1994 1175 2258 1221 creatura:
2287 1165 2551 1235 accipitur
2572 1164 2868 1237 gratia,cui
2894 1164 3047 1233 quasi
3077 1164 3346 1235 magistrae
3367 1163 3495 1220 sub-

1900 1256 2122 1325 jieimur
2173 1256 2533 1326 restringendi
2564 1271 2684 1322 nos,
2730 1264 2787 1311 et
2824 1268 3053 1326 quaeque
3082 1254 3267 1309 mundi
3296 1270 3495 1312 concu-

1907 1345 2203 1415 piscibilia;
2237 1346 2397 1399 homo
2427 1345 2568 1400 enim
2594 1345 2766 1401 factus
2794 1354 2877 1401 est
2906 1345 2992 1399 die
3022 1352 3172 1399 sexta
3208 1361 3221 1398 :
3252 1344 3353 1398 sub
3387 1361 3494 1415 qua

1907 1451 2029 1490 cum
2069 1450 2187 1499 nos,
2232 1443 2287 1489 et
2315 1434 2588 1490 exteriora
2618 1443 2804 1490 nostra
2849 1434 3215 1505 posuerimus,
3246 1434 3314 1489 ad
3342 1447 3499 1502 regu-

1909 1523 2012 1577 lam
2068 1524 2299 1594 primam
2346 1524 2630 1580 charitatis
2669 1524 2919 1579 videlicet
2954 1524 3218 1579 unitatem
3246 1524 3498 1594 perveni-

1909 1630 2051 1683 mus,
2084 1616 2136 1669 in
2168 1630 2270 1684 qua
2308 1616 2487 1685 perire
2515 1632 2620 1671 non
2654 1631 2959 1687 possumus.

1981 1703 2141 1761 Vens.
2174 1705 2262 1761 52.
2303 1736 2375 1747 -
2412 1705 2657 1770 Obsecro,
2709 1707 2909 1778 inquit,
2961 1722 3024 1759 ne
3069 1706 3341 1772 irascaris,
3392 1704 3496 1760 Do-

1908 1799 2067 1873 mine,
2096 1800 2141 1853 si
2165 1798 2352 1869 loquar
2380 1800 2552 1853 adhuc
2593 1799 2772 1854 semel.
2821 1798 2961 1865 Quid
2991 1800 3037 1853 si
3068 1798 3263 1853 inventi
3296 1798 3493 1871 fuerint

213 1884 366 1944 fovet
394 1901 447 1945 et
476 1893 697 1951 refricat
731 1897 845 1953 vitii
875 1899 1137 1973 cujusque
1167 1903 1423 1959 calorem.
1451 1904 1600 1960 Cinis
1627 1905 1805 1975 itaque

1915 1890 1980 1944 ibi
2004 1890 2221 1945 decem?
2248 1891 2619 1948 Animadverti
2647 1891 2827 1957 debet,
2856 1889 2999 1962 quod
3022 1888 3184 1945 semel
3216 1905 3275 1947 se
3307 1888 3374 1944 ad
3402 1891 3499 1946 Do-

213 1995 427 2047 sumus,
444 1986 654 2053 quoties
677 1990 902 2057 pristina
924 2004 1110 2049 nostra
1129 1994 1269 2050 mala
1281 1995 1600 2065 voluptuosa
1626 2012 1808 2052 recor-

214 2072 442 2129 datione
468 2078 772 2146 nutrimus;
803 2082 895 2137 sed
927 2100 1032 2139 non
1065 2085 1328 2153 delemur,
1360 2088 1406 2141 si
1430 2089 1807 2161 quinquaginta

214 2161 381 2230 justis
411 2168 637 2237 quinque
673 2173 844 2227 minus
880 2174 1141 2233 habentes
1185 2179 1514 2244 invenimur,
1544 2182 1670 2251 quia
1710 2183 1808 2238 etsi

217 2264 661 2325 pCt'petratorum
695 2279 793 2318 nos
826 2267 1075 2335 poenitet,
1115 2278 1170 2323 et
1214 2270 1557 2328 imbecillitas
1590 2274 1813 2331 interio-

218 2347 300 2401 ris
333 2348 568 2406 hominis
591 2354 657 2407 ad
688 2355 958 2426 integrutn
992 2362 1323 2434 restringere
1366 2366 1605 2437 quinque
1633 2368 1813 2424 carnis

218 2454 417 2496 sensus
454 2458 561 2499 non
590 2446 755 2514 valet,
799 2458 977 2506 tamen
1003 2453 1184 2509 divina
1222 2454 1508 2512 clementia
1543 2459 1810 2514 tantillum

216 2533 520 2604 paenitendi
564 2540 862 2609 appetitum
903 2559 1012 2599 non
1055 2556 1266 2615 renuet,
1296 2563 1395 2604 nec
1418 2550 1689 2606 residuum
1717 2552 1810 2607 bo-

219 2640 306 2681 na:
349 2626 643 2685 introrsum
702 2634 996 2691 voluntatis
1043 2638 1208 2707 delet,
1250 2656 1375 2696 cum
1427 2658 1582 2698 mens
1631 2644 1812 2701 minus

217 2735 384 2789 quam
411 2725 666 2779 convenit
687 2728 1092 2785 sensualitatem
1123 2746 1229 2787 non
1257 2732 1508 2800 audacia,
1537 2736 1633 2792 sed
1661 2736 1811 2790 inﬁr-

219 2811 415 2868 mitate
443 2827 682 2874 coercet.
715 2819 1085 2892 Quadraginta
1111 2834 1291 2880 autem
1322 2827 1547 2898 quinque
1577 2829 1628 2883 iu
1655 2828 1811 2885 nobis

220 2906 594 2975 reperiuntur,
625 2925 748 2965 eum
797 2928 896 2982 per
922 2916 1152 2985 gratiam
1194 2917 1489 2990 Evangelii,
1521 2936 1640 2989 qua:
1670 2937 1809 2991 qua-

222 3000 463 3055 ternario
507 3002 774 3073 signatur,
830 3016 887 3061 et
940 3007 1103 3064 ductu
1147 3010 1417 3081 DeCalogi,
1464 3014 1554 3083 qui
1586 3014 1810 3071 denario

221 3088 507 3156 accipitur,
530 3094 855 3151 sensualitas
883 3097 1132 3165 interior,
1164 3102 1216 3156 id
1248 3112 1330 3156 est
1357 3103 1670 3173 imaginatio
1699 3106 1810 3176 ple-

225 3192 295 3233 ne
326 3180 567 3250 regitur;
594 3184 694 3238 nisi
719 3185 863 3240 enim
882 3202 1073 3243 sensus
1102 3189 1154 3244 hi
1180 3194 1424 3261 corporis
1446 3196 1650 3250 arctius
1672 3196 1811 3258 mul-

1908 1980 2113 2035 minum
2155 1979 2299 2051 loqui
2322 1982 2553 2051 coepisse
2578 1989 2991 2036 commemorat.
3024 1980 3206 2036 Semel
3244 1980 3298 2034 in
3347 1978 3497 2035 Scri-

1906 2072 2084 2143 pluris
2106 2087 2203 2142 pro
2224 2087 2288 2127 eo
2312 2072 2453 2143 quod
2499 2081 2581 2127 est
2610 2072 3128 2128 incommutabiliter
3151 2073 3388 2140 positum
3417 2086 3502 2125 re-

1907 2164 2181 2236 perimus;
2210 2164 2724 2218 incommutabiliter
2756 2164 2920 2233 igitur
2945 2165 3012 2217 ad
3038 2163 3324 2217 Dominum
3352 2162 3502 2231 loqui

1913 2256 2102 2326 incipit
2123 2256 2370 2326 quisquis
2391 2254 2515 2309 vitae
2527 2255 2871 2325 perfectioris
2897 2254 3201 2309 institutum
3224 2254 3502 2323 precibus,

1912 2357 1966 2403 et
2010 2349 2191 2402 studio
2219 2362 2443 2417 operum
2477 2355 2893 2416 perseveranter
2938 2360 2968 2399 a
3005 2344 3117 2401 Deo
3145 2345 3368 2415 expetit.
3404 2344 3506 2399 De-

1912 2441 2097 2496 narius
2126 2454 2255 2509 ergo
2284 2438 2349 2493 ad
2378 2446 2680 2493 extremum
2705 2439 2942 2508 ponitur,
2962 2437 3053 2508 qui
3088 2437 3140 2492 in
3168 2437 3325 2492 vinea
3356 2434 3504 2491 labo-

1910 2530 2157 2585 rantibus
2178 2529 2508 2599 promittitur
2539 2527 2756 2600 (Matth.
2784 2528 2982 2595 xx,2);
3012 2528 3126 2583 haec
3160 2534 3245 2582 est
3270 2526 3359 2581 illa
3387 2527 3505 2582 uni-

1908 2622 2137 2679 versalis
2158 2621 2657 2692 perfectio,wterna
2682 2620 2909 2686 scilicet,
2930 2620 3013 2675 cui
3040 2620 3093 2673 in
3118 2618 3300 2674 futuro
3322 2618 3506 2675 viden-

1910 2714 1992 2770 da:
2018 2729 2161 2769 nunc
2182 2712 2597 2777 insudatur,Dei
2631 2712 2786 2778 visio,
2804 2727 2923 2783 qua:
2946 2721 3029 2768 est
3058 2712 3234 2767 omnis
3264 2711 3504 2782 plenaria

1911 2805 2187 2861 felicitatis
2209 2805 2381 2876 origo,
2406 2805 2547 2859 sicut
2576 2804 2830 2861 denarius
2856 2805 3101 2874 qtttedam
3133 2805 3346 2861 numeri
3371 2820 3501 2861 con-

1910 2905 2017 2951 stat
2041 2903 2188 2951 certa
2225 2894 2506 2965 perfectio,
2539 2906 2594 2951 et
2616 2896 2732 2951 sine
2760 2911 2869 2966 quo
2898 2895 3127 2950 aliorum
3150 2896 3242 2967 qui
3273 2912 3492 2968 sequun-

1910 2995 2029 3053 tur,
2068 3001 2174 3040 non
2209 2987 2637 3042 litnumerorum
2676 2985 2782 3041 ulla
2804 2986 3357 3057 collectio.—(Vcns.
3390 2987 3508 3058 55.)

1909 3078 2048 3131 Abiit
2078 3077 2355 3143 Dominus,
2374 3090 2647 3149 postquam
2672 3080 2886 3132 cessavit
2908 3078 3049 3149 loqui
3065 3078 3133 3131 ad
3146 3077 3443 3144 Abraham,
3460 3087 3508 3133 et

1910 3167 1998 3223 ille
2024 3185 2254 3222 reversus
2285 3179 2357 3222 est
2388 3170 2440 3223 in
2472 3168 2642 3223 locum
2668 3185 2843 3222 suum.
2875 3167 3005 3225 Post
3049 3169 3191 3224 hanc
3212 3184 3342 3240 ergo
3373 3184 3508 3225 con-

227 3279 283 3324 to
309 3273 503 3328 anima:
527 3275 785 3342 inessent,
804 3295 1078 3350 nunquam
1102 3259 1310 3349 eorum,
1339 3301 1460 3355 qua:
1488 3289 1810 3354 audhimus,
1841 3266 1885 3325 C
1918 3260 2157 3355 59‘9""?
2185 3259 2621 3355 umsua‘ifncm’
2649 3277 2757 3355 qm!
2778 3276 2897 3355 Qui”
2916 3262 3120 3332 agenda
3147 3261 3509 3355 "Obissumciu

231 3363 526 3433 tetigimus,
551 3367 855 3437 olfecimus,
892 3380 1052 3427 tanta:
1084 3389 1141 3429 se
1164 3375 1212 3428 ei
1247 3378 1559 3433 memoriter
1578 3379 1814 3435 delecta-

232 3451 407 3506 tiones
438 3453 844 3527 immergercnt.

304 3542 465 3598 Vens.
492 3544 583 3600 ‘29.
604 3546 779 3603 ——Sin
803 3561 979 3605 autent
1001 3554 1349 3625 quadraginta
1377 3559 1566 3613 inventi
1587 3560 1782 3629 fuerint
1800 3602 1816 3626 ,

227 3631 355 3722 quid
379 3633 576 3703 facies?
606 3639 730 3694 Ait:
755 3638 878 3694 Non
900 3647 1187 3711 percutiam
1208 3657 1419 3717 propter
1439 3651 1812 3722 quadraginta.

230 3720 286 3776 In
317 3724 752 3796 quadragenario
793 3744 1001 3798 sumus,
1053 3749 1175 3788 cum
1206 3744 1299 3789 aut
1342 3753 1537 3807 corpus
1568 3720 1811 3796 nostrum

230 3823 464 3884 quatuor
493 3816 793 3876 subsistens
846 3822 1128 3880 elementis
1178 3827 1403 3883 denario
1443 3829 1579 3901 legis
1606 3834 1814 3891 addici-

235 3922 372 3971 mus,
410 3919 507 3962 aut
532 3910 658 3979 quia
685 3911 942 3970 denarius
969 3932 1035 3972 ex
1061 3926 1264 3989 septem
1296 3928 1353 3975 et
1377 3921 1548 3978 tribus
1578 3934 1812 3991 constat,

237 4001 579 4068 septenarius
618 4019 747 4059 vero
782 4020 848 4061 ex
878 4017 1111 4077 quatuor
1136 4019 1192 4065 et
1220 4010 1422 4080 tribus,
1476 4030 1676 4086 corpus
1718 4033 1816 4072 no-

234 4098 405 4146 strum
444 4097 795 4163 quaternario
829 4096 1139 4166 figuratum,
1182 4104 1527 4176 animamque
1577 4110 1816 4163 ternario

238 4198 331 4253 per
356 4196 591 4254 quatuor
612 4187 1029 4260 Evangeliorum
1060 4196 1385 4265 custodiam,
1439 4205 1533 4251 aut
1585 4208 1818 4269 quatuor

239 4276 612 4348 principalium
668 4284 927 4339 virtutum
969 4287 1373 4344 observantiam
1414 4291 1481 4344 ad
1532 4289 1818 4347 Trinitatis

242 4369 544 4429 inducimus
587 4376 859 4445 notitiam,
912 4393 1074 4449 quam
1127 4379 1205 4435 nil
1248 4381 1394 4436 aliud
1426 4382 1677 4449 dicimus,
1712 4384 1817 4439 nisi

242 4475 487 4532 corpore,
535 4476 590 4522 et
636 4469 815 4525 anima
842 4470 953 4527 Deo
976 4472 1297 4529 observandi
1327 4473 1681 4545 diligentiam.
1709 4474 1819 4531 No-

248 4554 388 4608 tandi
436 4565 614 4612 autern
655 4570 781 4615 sunt
819 4577 918 4632 per
945 4578 1201 4621 numeros
1225 4573 1464 4620 statuum
1506 4566 1730 4637 gradus,
1763 4567 1816 4621 in

246 4645 438 4712 quibus
478 4663 507 4701 a
534 4652 850 4717 ptenitentia
881 4657 1231 4713 continentia:
1259 4657 1476 4727 prolicit
1495 4659 1693 4726 virtus,
1719 4673 1820 4714 nec

242 4736 327 4806 pia
346 4737 575 4794 intentio
594 4745 831 4811 perversi
847 4755 1002 4802 actus
1016 4749 1206 4804 merito
1218 4750 1467 4821 exigente
1487 4750 1816 4806 concutitur.

240 4855 311 4871 —
338 4828 528 4899 (Vens.
555 4829 669 4902 30.)
702 4833 864 4903 Quid,
887 4837 1074 4907 inquit,
1109 4840 1155 4892 si
1186 4840 1439 4894 inveneris
1472 4840 1543 4894 ibi
1565 4841 1822 4910 triginta?

244 4919 376 4989 Non,
408 4926 504 4990 ait,
533 4926 846 4995 inter/icium
871 4939 1081 4998 propter
1105 4931 1342 5001 triginta.
1374 4930 1726 5003 Trigenarius
1753 4949 1820 4989 ex

246 5016 442 5071 sexties
468 5017 651 5087 quinis
671 5028 904 5074 constat.
921 5017 1179 5076 Senarius
1199 5034 1401 5090 autem,
1431 5026 1557 5095 quia
1583 5040 1678 5081 sex
1711 5025 1820 5081 die~

246 5104 341 5161 bus
367 5122 464 5163 sua
496 5109 642 5165 Deus
671 5124 835 5179 opera
864 5112 1151 5181 peregerit,
1180 5128 1278 5182 pro
1309 5114 1641 5184 perfectione
1676 5116 1821 5171 acci-

248 5198 416 5266 pitur;
446 5201 735 5271 quinarius
795 5217 924 5257 vero
980 5219 1085 5258 non
1134 5205 1305 5259 solum
1330 5208 1395 5261 ad
1418 5210 1721 5265 exteriores
1768 5220 1825 5264 et

251 5287 567 5346 intrinsccos
596 5308 812 5358 sensus,
835 5293 929 5348 sed
958 5294 1119 5349 etiam
1143 5295 1208 5350 ad
1235 5311 1397 5365 opera
1421 5298 1533 5369 ipsa
1558 5298 1822 5363 refertur;

249 5378 683 5451 quinquepartita
711 5384 855 5438 enim
885 5394 968 5439 est
992 5400 1375 5457 corporearttm
1403 5404 1583 5443 rerum
1607 5391 1823 5455 divisio,

250 5474 301 5527 in
327 5487 611 5542 personam
660 5476 889 5543 scilicet,
918 5493 1039 5548 qua:
1065 5479 1340 5549 quippiam
1373 5480 1508 5551 agit,
1540 5482 1821 5537 materiam

252 5564 386 5619 unde
413 5564 541 5634 agit,
572 5573 777 5622 motum
810 5582 907 5637 per
927 5583 1086 5638 quem
1119 5569 1269 5634 facit,
1288 5570 1626 5627 occasionem
1655 5588 1826 5642 quare

251 5652 392 5716 facit,
424 5653 674 5710 etii-ctum
731 5659 874 5728 quod
931 5659 1078 5716 facit.
1111 5660 1244 5716 Cum
1277 5677 1404 5733 ergo
1430 5662 1497 5716 ad
1527 5662 1824 5733 perlectum

255 5746 679 5813 sensualitatem,
710 5749 1173 5822 imaginationem,
1198 5769 1531 5824 operumque
1556 5753 1824 5819 ordinem,

254 5846 409 5905 prout
459 5838 783 5896 humanitati
818 5842 1073 5913 suppetit,
1121 5844 1483 5914 producimus,
1514 5845 1563 5899 in
1592 5844 1825 5916 trigena.

1916 3352 2147 3406 diversis
2169 3352 2293 3405 vita:
2326 3351 2581 3417 statibus,
2606 3350 2760 3420 quasi
2786 3352 2896 3406 Deo
2922 3367 3019 3421 per
3046 3360 3307 3406 attactum
3349 3353 3512 3407 ratio-

1918 3442 2001 3497 nis
2032 3458 2129 3497 nos
2152 3442 2459 3513 alloquente
2487 3443 2774 3513 vigilanter
2793 3444 3123 3498 attendimus
3152 3458 3166 3497 :
3190 3443 3307 3498 Abit
3332 3443 3513 3498 Domi-

1918 3552 2045 3603 nus,
2068 3535 2196 3605 quia
2220 3544 2441 3590 ostenso
2469 3536 2591 3591 vita:
2620 3536 2836 3591 tramite
2877 3535 3132 3606 relinquit
3167 3535 3323 3591 nobis
3354 3534 3511 3590 liberi

1919 3626 2129 3681 arbitrii
2161 3642 2375 3692 munus,
2407 3634 2462 3681 et
2486 3626 2641 3696 quasi
2688 3626 2947 3682 secedens
2981 3627 3047 3681 ad
3088 3634 3299 3697 tempus
3348 3640 3511 3697 expe-

1918 3720 2109 3774 riendo
2136 3736 2235 3774 nos
2260 3719 2526 3789 permittit
2548 3732 2709 3790 agere
2732 3735 2851 3789 qua:
2876 3719 3151 3785 volumus;
3182 3718 3509 3789 praesidente

1919 3811 2103 3881 itaque
2135 3810 2244 3865 Deo
2266 3810 2431 3865 menti
2456 3820 2657 3865 nosu'ae
2683 3825 2845 3881 supra
2869 3826 2965 3866 nos
2989 3826 3201 3875 sumus,
3224 3810 3513 3865 recedente

1918 3912 2100 3957 autem
2131 3901 2501 3973 dispensative
2531 3902 2669 3971 ipso,
2693 3901 2759 3955 ad
2796 3900 2971 3957 locum
3008 3911 3252 3958 nostrum
3283 3900 3512 3956 reverti-

1919 4010 2062 4060 mur,
2090 3993 2217 4064 quia
2244 3993 2310 4047 ad
2345 4008 2465 4048 eam
2492 3992 2657 4047 animi
2691 3993 2956 4062 torpidam
2987 3993 3356 4049 habitudinem
3373 3992 3511 4048 rela-

1915 4085 2097 4141 bimur
2123 4085 2290 4153 illico,
2331 4101 2493 4155 quam
2518 4099 2585 4141 ex
2616 4100 2749 4153 pura
2777 4084 3113 4139 humanitate
3150 4083 3432 4152 habemus,
3462 4084 3509 4139 si

1917 4177 2063 4232 enim
2086 4177 2480 4247 perpendamus
2506 4176 2634 4246 quid
2657 4191 2723 4231 ex
2756 4176 2911 4232 nobis
2939 4178 3129 4243 simus,
3169 4177 3509 4233 mendacium

1919 4268 2091 4334 verbi,
2114 4280 2168 4324 et
2192 4268 2371 4339 operis
2398 4268 2738 4324 solummodo
2764 4267 2819 4322 in
2849 4268 3005 4323 nobis
3048 4269 3403 4324 advertimus.

2515 4382 2747 4439 CAPUT
2786 4380 2928 4436 th.
3038 4457 3043 4462 ‘

1994 4474 2100 4546 73
2120 4471 2284 4527 Vens.
2308 4472 2359 4538 1,
2380 4471 2509 4525 2.-
2520 4470 2884 4544 Veneruntque
2903 4472 3008 4527 duo
3036 4473 3208 4543 angeli
3222 4470 3509 4527 Sodomam

1923 4584 2159 4637 vespere,
2200 4565 2408 4622 sedente
2459 4562 2556 4618 Lot
2617 4565 2674 4619 in
2711 4564 2915 4634 foribus
2962 4564 3207 4619 civitatis.
3240 4563 3344 4631 Qui
3390 4578 3510 4620 cum

1852 4635 1898 4689 D
1927 4635 2137 4714 vidisset
2165 4673 2275 4723 eos,
2318 4654 2551 4710 surrexit
2591 4663 2641 4709 et
2676 4654 2765 4708 ivit
2790 4654 2992 4710 obviam
3036 4658 3132 4721 eis,
3173 4656 3513 4729 adorauitque

1927 4764 2122 4818 pronus
2143 4747 2199 4800 in
2222 4754 2499 4812 terram,et
2530 4743 2663 4799 dixit
2688 4762 2705 4799 :
2732 4741 2980 4812 Obsecro,
3006 4746 3230 4813 domini,
3258 4747 3511 4803 declinate

1929 4842 1983 4895 in
2018 4840 2232 4894 domum
2275 4839 2422 4910 pueri
2448 4839 2626 4901 vestri,
2662 4846 2711 4893 et
2748 4849 2951 4894 manete
2986 4839 3057 4895 ibi
3086 4853 3105 4892 :
3141 4841 3311 4895 lavate
3357 4843 3511 4911 pedes

1929 4942 2149 4999 vestros,
2185 4942 2233 4987 et
2265 4949 2418 4987 mane
2441 4932 2846 5003 proﬁciscemini
2872 4934 2926 4988 in
2969 4935 3105 4988 viam
3132 4945 3375 4989 vestram.
3407 4933 3511 4989 Per

1931 5024 2068 5080 duos
2118 5022 2340 5092 angelos
2384 5022 2712 5079 sensualitas
2760 5031 2816 5078 et
2863 5023 3183 5094 itnaginatio
3222 5023 3503 5091 accipitur,

1927 5130 2047 5186 qua:
2069 5122 2216 5171 recte
2242 5113 2440 5184 angeli,
2473 5113 2524 5167 id
2552 5123 2637 5169 est
2676 5114 2846 5167 nuntii
2869 5113 3143 5175 dicuntur,
3167 5113 3290 5183 quia
3319 5128 3509 5179 sensus

1928 5210 2175 5264 exterior
2207 5207 2601 5277 cogitationum
2662 5205 2877 5260 nuntiat
2933 5205 3163 5267 visioni,
3224 5220 3344 5276 quae
3376 5202 3511 5262 foris

1929 5300 2184 5364 senserit,
2214 5313 2512 5367 rursusque
2536 5295 2905 5367 imaginalitas
2933 5294 3101 5350 refert
3132 5295 3511 5353 intellectuali-

1933 5392 2051 5455 tati,
2089 5405 2209 5461 qua:
2238 5390 2339 5445 sibi
2368 5387 2696 5443 sensualitas
2731 5386 2983 5441 forastica
3017 5387 3372 5458 impresserit,
3396 5390 3511 5443 haec

1931 5481 2036 5535 duo
2066 5480 2284 5534 veniqu
2331 5462 2641 5542 Sodomam,
2667 5492 2789 5531 cum
2818 5491 3069 5532 curarum
3112 5478 3508 5533 mundanarum

1934 5574 2153 5628 irruunt
2180 5572 2504 5637 caecitatem,
2546 5580 2600 5625 et
2632 5585 2877 5642 vespere,
2917 5571 3113 5628 divina:
3159 5574 3369 5631 scilicet
3394 5575 3507 5645 spei

1932 5661 2217 5716 deliciente
2274 5660 2478 5716 calore.
2539 5658 2637 5715 Lot
2685 5670 2868 5715 autem
2928 5662 2983 5717 in
3036 5663 3237 5733 foribus
3282 5664 3508 5719 civitatis

1933 5752 2104 5816 sedet,
2137 5751 2260 5821 quia
2292 5752 2507 5807 animus
2528 5762 2713 5808 noster
2738 5768 2768 5807 a
2797 5754 2935 5809 linea
2956 5756 3181 5826 iustitiae
3202 5754 3313 5825 jam
3343 5755 3514 5811 decli-

1933 5860 2086 5910 nans,
2121 5851 2173 5898 ct
2203 5840 2619 5901 delectationum
2651 5846 2858 5903 retibus
2885 5847 3120 5915 vinctus,
3161 5845 3513 5903 llammasoue
