  <div class='ocr_page' id='page_1' title='image "/cluster/home/n/w/nwhite01/storage/ocr_20150623/156/hvd.32044010683712/079.png"; bbox 0 0 4108 6324; ppageno 0'>
   <div class='ocr_carea' id='block_1_1' title="bbox 596 404 3850 476">
    <p class='ocr_par' dir='ltr' id='par_1_1' title="bbox 596 404 3850 476">
     <span class='ocr_line' id='line_1_1' title="bbox 596 404 3850 476; baseline 0.006 -18"><span class='ocrx_word' id='word_1_1' title='bbox 596 412 693 460; x_wconf 81' lang='lat' dir='ltr'><strong>M&#39;t</strong></span> <span class='ocrx_word' id='word_1_2' title='bbox 1360 408 1421 465; x_wconf 73' lang='grc' dir='ltr'><strong>ν.</strong></span> <span class='ocrx_word' id='word_1_3' title='bbox 1459 404 1784 467; x_wconf 71' lang='lat' dir='ltr'><strong>GUIBER‘H</strong></span> <span class='ocrx_word' id='word_1_4' title='bbox 1821 410 2113 473; x_wconf 74' lang='lat' dir='ltr'><strong>ABBATIS</strong></span> <span class='ocrx_word' id='word_1_5' title='bbox 2144 413 2202 472; x_wconf 88' lang='lat' dir='ltr'><strong>S.</strong></span> <span class='ocrx_word' id='word_1_6' title='bbox 2244 413 2483 475; x_wconf 53' lang='lat' dir='ltr'><strong>MARIJE</strong></span> <span class='ocrx_word' id='word_1_7' title='bbox 2522 412 2608 472; x_wconf 85' lang='lat' dir='ltr'><strong>DE</strong></span> <span class='ocrx_word' id='word_1_8' title='bbox 2646 411 3040 476; x_wconf 72' lang='lat' dir='ltr'><strong>NOVIGENTO</strong></span> <span class='ocrx_word' id='word_1_9' title='bbox 3753 416 3850 476; x_wconf 74' lang='lat'><strong>“8</strong></span> 
     </span>
    </p>
   </div>
   <div class='ocr_carea' id='block_1_2' title="bbox 591 520 3853 598">
    <p class='ocr_par' dir='ltr' id='par_1_2' title="bbox 591 520 3853 598">
     <span class='ocr_line' id='line_1_2' title="bbox 591 520 3853 598; baseline 0.001 -20"><span class='ocrx_word' id='word_1_10' title='bbox 591 523 740 578; x_wconf 84' lang='lat' dir='ltr'><strong>avari</strong></span> <span class='ocrx_word' id='word_1_11' title='bbox 775 523 1025 579; x_wconf 80' lang='lat' dir='ltr'><strong>desiderii</strong></span> <span class='ocrx_word' id='word_1_12' title='bbox 1064 523 1302 594; x_wconf 86' lang='lat' dir='ltr'><strong>spirans,</strong></span> <span class='ocrx_word' id='word_1_13' title='bbox 1333 520 1401 574; x_wconf 86' lang='lat' dir='ltr'><strong>ad</strong></span> <span class='ocrx_word' id='word_1_14' title='bbox 1446 521 1724 594; x_wconf 84' lang='lat' dir='ltr'><strong>ingressus</strong></span> <span class='ocrx_word' id='word_1_15' title='bbox 1768 528 2169 595; x_wconf 73' lang='lat' dir='ltr'><strong>suggesdonum</strong></span> <span class='ocrx_word' id='word_1_16' title='bbox 2201 539 2245 595; x_wconf 78' lang='grc' dir='ltr'>Α</span> <span class='ocrx_word' id='word_1_17' title='bbox 2272 529 2341 583; x_wconf 90' lang='lat' dir='ltr'><strong>ad</strong></span> <span class='ocrx_word' id='word_1_18' title='bbox 2384 545 2555 584; x_wconf 84' lang='lat' dir='ltr'><strong>senem</strong></span> <span class='ocrx_word' id='word_1_19' title='bbox 2603 529 2771 582; x_wconf 88' lang='lat' dir='ltr'><strong>omnis</strong></span> <span class='ocrx_word' id='word_1_20' title='bbox 2800 529 3024 598; x_wconf 87' lang='lat' dir='ltr'><strong>populus</strong></span> <span class='ocrx_word' id='word_1_21' title='bbox 3052 527 3229 581; x_wconf 85' lang='lat' dir='ltr'><strong>siuml.</strong></span> <span class='ocrx_word' id='word_1_22' title='bbox 3275 526 3697 597; x_wconf 76' lang='lat' dir='ltr'><strong>Vocaveruntqus</strong></span> <span class='ocrx_word' id='word_1_23' title='bbox 3732 528 3853 596; x_wconf 80' lang='lat' dir='ltr'><strong>Lat,</strong></span> 
     </span>
    </p>
   </div>
   <div class='ocr_carea' id='block_1_3' title="bbox 590 612 2169 684">
    <p class='ocr_par' dir='ltr' id='par_1_3' title="bbox 590 612 2169 684">
     <span class='ocr_line' id='line_1_3' title="bbox 590 612 2169 684; baseline 0.004 -16"><span class='ocrx_word' id='word_1_24' title='bbox 590 616 808 684; x_wconf 82' lang='lat' dir='ltr'><strong>segnis,</strong></span> <span class='ocrx_word' id='word_1_25' title='bbox 849 624 902 668; x_wconf 90' lang='lat' dir='ltr'><strong>et</strong></span> <span class='ocrx_word' id='word_1_26' title='bbox 953 612 1233 682; x_wconf 83' lang='lat' dir='ltr'><strong>languidus</strong></span> <span class='ocrx_word' id='word_1_27' title='bbox 1288 619 1502 683; x_wconf 90' lang='lat' dir='ltr'><strong>torpet;</strong></span> <span class='ocrx_word' id='word_1_28' title='bbox 1552 615 1812 673; x_wconf 80' lang='lat' dir='ltr'><strong>adversus</strong></span> <span class='ocrx_word' id='word_1_29' title='bbox 1860 615 1974 674; x_wconf 67' lang='lat' dir='ltr'><strong>haec</strong></span> <span class='ocrx_word' id='word_1_30' title='bbox 2023 621 2169 674; x_wconf 81' lang='lat' dir='ltr'><strong>enim</strong></span> 
     </span>
    </p>
   </div>
   <div class='ocr_carea' id='block_1_4' title="bbox 581 702 2161 772">
    <p class='ocr_par' dir='ltr' id='par_1_4' title="bbox 581 702 2161 772">
     <span class='ocr_line' id='line_1_4' title="bbox 581 702 2161 772; baseline 0.003 -12"><span class='ocrx_word' id='word_1_31' title='bbox 581 702 839 760; x_wconf 79' lang='lat' dir='ltr'><strong>standum</strong></span> <span class='ocrx_word' id='word_1_32' title='bbox 866 715 969 767; x_wconf 73' lang='lat' dir='ltr'><strong>est,</strong></span> <span class='ocrx_word' id='word_1_33' title='bbox 1004 704 1053 757; x_wconf 83' lang='lat' dir='ltr'><strong>id</strong></span> <span class='ocrx_word' id='word_1_34' title='bbox 1082 712 1163 756; x_wconf 89' lang='lat' dir='ltr'><strong>est</strong></span> <span class='ocrx_word' id='word_1_35' title='bbox 1197 703 1618 772; x_wconf 88' lang='lat' dir='ltr'><strong>decertandum;</strong></span> <span class='ocrx_word' id='word_1_36' title='bbox 1665 723 1786 760; x_wconf 92' lang='lat' dir='ltr'><strong>cum</strong></span> <span class='ocrx_word' id='word_1_37' title='bbox 1821 709 1966 763; x_wconf 87' lang='lat' dir='ltr'><strong>enim</strong></span> <span class='ocrx_word' id='word_1_38' title='bbox 1998 710 2161 765; x_wconf 77' lang='lat' dir='ltr'><strong>dixis~</strong></span> 
     </span>
    </p>
   </div>
   <div class='ocr_carea' id='block_1_5' title="bbox 588 791 2166 866">
    <p class='ocr_par' dir='ltr' id='par_1_5' title="bbox 588 791 2166 866">
     <span class='ocr_line' id='line_1_5' title="bbox 588 791 2166 866; baseline 0.003 -14"><span class='ocrx_word' id='word_1_39' title='bbox 588 807 671 852; x_wconf 89' lang='lat' dir='ltr'><strong>set</strong></span> <span class='ocrx_word' id='word_1_40' title='bbox 701 794 984 865; x_wconf 82' lang='lat' dir='ltr'><strong>Apostolus</strong></span> <span class='ocrx_word' id='word_1_41' title='bbox 1011 810 1027 847; x_wconf 90' lang='lat'><strong>:</strong></span> <span class='ocrx_word' id='word_1_42' title='bbox 1055 791 1201 847; x_wconf 83' lang='lat' dir='ltr'><strong>State</strong></span> <span class='ocrx_word' id='word_1_43' title='bbox 1226 794 1279 848; x_wconf 87' lang='lat' dir='ltr'><strong>in</strong></span> <span class='ocrx_word' id='word_1_44' title='bbox 1300 796 1427 863; x_wconf 80' lang='lat' dir='ltr'><strong>ﬁde,</strong></span> <span class='ocrx_word' id='word_1_45' title='bbox 1454 809 1849 866; x_wconf 84' lang='lat' dir='ltr'><strong>consequenter</strong></span> <span class='ocrx_word' id='word_1_46' title='bbox 1878 801 2166 856; x_wconf 80' lang='lat' dir='ltr'><strong>stationem</strong></span> 
     </span>
    </p>
   </div>
   <div class='ocr_carea' id='block_1_6' title="bbox 585 882 2165 964">
    <p class='ocr_par' dir='ltr' id='par_1_6' title="bbox 585 882 2165 964">
     <span class='ocr_line' id='line_1_6' title="bbox 585 882 2165 964; baseline 0.004 -24"><span class='ocrx_word' id='word_1_47' title='bbox 585 886 732 940; x_wconf 85' lang='lat' dir='ltr'><strong>illam</strong></span> <span class='ocrx_word' id='word_1_48' title='bbox 756 883 1002 952; x_wconf 79' lang='lat' dir='ltr'><strong>exposuit</strong></span> <span class='ocrx_word' id='word_1_49' title='bbox 1023 883 1212 939; x_wconf 89' lang='lat' dir='ltr'><strong>dicens</strong></span> <span class='ocrx_word' id='word_1_50' title='bbox 1241 901 1255 938; x_wconf 93' lang='lat'><strong>:</strong></span> <span class='ocrx_word' id='word_1_51' title='bbox 1290 882 1522 940; x_wconf 81' lang='lat' dir='ltr'><strong>Viriliter</strong></span> <span class='ocrx_word' id='word_1_52' title='bbox 1542 887 1677 957; x_wconf 83' lang='lat' dir='ltr'><strong>agite</strong></span> <span class='ocrx_word' id='word_1_53' title='bbox 1699 889 1749 959; x_wconf 90' lang='grc'><strong>(1</strong></span> <span class='ocrx_word' id='word_1_54' title='bbox 1773 888 1893 944; x_wconf 82' lang='lat' dir='ltr'><strong>Cor.</strong></span> <span class='ocrx_word' id='word_1_55' title='bbox 1917 907 2029 956; x_wconf 78' lang='lat' dir='ltr'><strong>xvr,</strong></span> <span class='ocrx_word' id='word_1_56' title='bbox 2054 892 2165 964; x_wconf 78' lang='grc'><strong>15).</strong></span> 
     </span>
    </p>
   </div>
   <div class='ocr_carea' id='block_1_7' title="bbox 582 972 2166 1047">
    <p class='ocr_par' dir='ltr' id='par_1_7' title="bbox 582 972 2166 1047">
     <span class='ocr_line' id='line_1_7' title="bbox 582 972 2166 1047; baseline 0.004 -20"><span class='ocrx_word' id='word_1_57' title='bbox 582 974 673 1028; x_wconf 83' lang='lat' dir='ltr'><strong>ille</strong></span> <span class='ocrx_word' id='word_1_58' title='bbox 702 974 882 1041; x_wconf 84' lang='lat' dir='ltr'><strong>itaque</strong></span> <span class='ocrx_word' id='word_1_59' title='bbox 928 972 1021 1041; x_wconf 89' lang='lat' dir='ltr'><strong>qui</strong></span> <span class='ocrx_word' id='word_1_60' title='bbox 1074 975 1222 1043; x_wconf 87' lang='lat' dir='ltr'><strong>prius</strong></span> <span class='ocrx_word' id='word_1_61' title='bbox 1256 975 1529 1030; x_wconf 79' lang='lat' dir='ltr'><strong>Abraham</strong></span> <span class='ocrx_word' id='word_1_62' title='bbox 1582 987 1805 1047; x_wconf 82' lang='lat' dir='ltr'><strong>propter</strong></span> <span class='ocrx_word' id='word_1_63' title='bbox 1850 995 1880 1033; x_wconf 89' lang='lat' dir='ltr'><strong>a</strong></span> <span class='ocrx_word' id='word_1_64' title='bbox 1933 980 2044 1036; x_wconf 90' lang='lat' dir='ltr'><strong>Deo</strong></span> <span class='ocrx_word' id='word_1_65' title='bbox 2101 981 2166 1035; x_wconf 87' lang='lat' dir='ltr'><strong>il-</strong></span> 
     </span>
    </p>
   </div>
   <div class='ocr_carea' id='block_1_8' title="bbox 581 1063 2169 1142">
    <p class='ocr_par' dir='ltr' id='par_1_8' title="bbox 581 1063 2169 1142">
     <span class='ocr_line' id='line_1_8' title="bbox 581 1063 2169 1142; baseline 0.007 -27"><span class='ocrx_word' id='word_1_66' title='bbox 581 1063 825 1117; x_wconf 69' lang='lat' dir='ltr'><strong>lustrata:</strong></span> <span class='ocrx_word' id='word_1_67' title='bbox 860 1063 1206 1121; x_wconf 75' lang='lat' dir='ltr'><strong>discretionis</strong></span> <span class='ocrx_word' id='word_1_68' title='bbox 1231 1065 1640 1137; x_wconf 88' lang='lat' dir='ltr'><strong>intelligentiam</strong></span> <span class='ocrx_word' id='word_1_69' title='bbox 1673 1069 1848 1124; x_wconf 83' lang='lat' dir='ltr'><strong>dictus</strong></span> <span class='ocrx_word' id='word_1_70' title='bbox 1876 1080 1979 1137; x_wconf 88' lang='lat' dir='ltr'><strong>est,</strong></span> <span class='ocrx_word' id='word_1_71' title='bbox 2021 1081 2169 1142; x_wconf 90' lang='lat' dir='ltr'><strong>post-</strong></span> 
     </span>
    </p>
   </div>
   <div class='ocr_carea' id='block_1_9' title="bbox 578 1155 2166 1234">
    <p class='ocr_par' dir='ltr' id='par_1_9' title="bbox 578 1155 2166 1234">
     <span class='ocr_line' id='line_1_9' title="bbox 578 1155 2166 1234; baseline 0.008 -28"><span class='ocrx_word' id='word_1_72' title='bbox 578 1168 741 1224; x_wconf 82' lang='lat' dir='ltr'><strong>quam</strong></span> <span class='ocrx_word' id='word_1_73' title='bbox 776 1155 844 1210; x_wconf 88' lang='lat' dir='ltr'><strong>ad</strong></span> <span class='ocrx_word' id='word_1_74' title='bbox 884 1155 1062 1212; x_wconf 92' lang='lat' dir='ltr'><strong>locum</strong></span> <span class='ocrx_word' id='word_1_75' title='bbox 1098 1173 1255 1213; x_wconf 88' lang='lat' dir='ltr'><strong>suum</strong></span> <span class='ocrx_word' id='word_1_76' title='bbox 1308 1162 1617 1225; x_wconf 87' lang='lat' dir='ltr'><strong>revertitur,</strong></span> <span class='ocrx_word' id='word_1_77' title='bbox 1668 1162 1770 1218; x_wconf 89' lang='lat' dir='ltr'><strong>Lot</strong></span> <span class='ocrx_word' id='word_1_78' title='bbox 1818 1164 2037 1231; x_wconf 83' lang='lat' dir='ltr'><strong>dicitur,</strong></span> <span class='ocrx_word' id='word_1_79' title='bbox 2073 1166 2166 1234; x_wconf 87' lang='lat' dir='ltr'><strong>qui</strong></span> 
     </span>
    </p>
   </div>
   <div class='ocr_carea' id='block_1_10' title="bbox 574 1244 2165 1324">
    <p class='ocr_par' dir='ltr' id='par_1_10' title="bbox 574 1244 2165 1324">
     <span class='ocr_line' id='line_1_10' title="bbox 574 1244 2165 1324; baseline 0.006 -23"><span class='ocrx_word' id='word_1_80' title='bbox 574 1244 734 1314; x_wconf 82' lang='lat' dir='ltr'><strong>juxta</strong></span> <span class='ocrx_word' id='word_1_81' title='bbox 763 1249 907 1319; x_wconf 89' lang='lat' dir='ltr'><strong>quod</strong></span> <span class='ocrx_word' id='word_1_82' title='bbox 938 1265 1102 1321; x_wconf 82' lang='lat' dir='ltr'><strong>supra</strong></span> <span class='ocrx_word' id='word_1_83' title='bbox 1133 1254 1436 1324; x_wconf 90' lang='lat' dir='ltr'><strong>expositum</strong></span> <span class='ocrx_word' id='word_1_84' title='bbox 1466 1264 1570 1320; x_wconf 91' lang='lat' dir='ltr'><strong>est,</strong></span> <span class='ocrx_word' id='word_1_85' title='bbox 1616 1256 1903 1321; x_wconf 82' lang='lat' dir='ltr'><strong>declinans,</strong></span> <span class='ocrx_word' id='word_1_86' title='bbox 1944 1258 2025 1313; x_wconf 92' lang='lat' dir='ltr'><strong>vel</strong></span> <span class='ocrx_word' id='word_1_87' title='bbox 2055 1263 2165 1313; x_wconf 84' lang='lat' dir='ltr'><strong>vin-</strong></span> 
     </span>
    </p>
   </div>
   <div class='ocr_carea' id='block_1_11' title="bbox 579 1342 2165 1419">
    <p class='ocr_par' dir='ltr' id='par_1_11' title="bbox 579 1342 2165 1419">
     <span class='ocr_line' id='line_1_11' title="bbox 579 1342 2165 1419; baseline 0.009 -27"><span class='ocrx_word' id='word_1_88' title='bbox 579 1350 719 1407; x_wconf 86' lang='lat' dir='ltr'><strong>ctus,</strong></span> <span class='ocrx_word' id='word_1_89' title='bbox 764 1342 848 1397; x_wconf 86' lang='lat' dir='ltr'><strong>vel</strong></span> <span class='ocrx_word' id='word_1_90' title='bbox 879 1345 1084 1398; x_wconf 82' lang='lat' dir='ltr'><strong>utinam</strong></span> <span class='ocrx_word' id='word_1_91' title='bbox 1122 1346 1533 1416; x_wconf 91' lang='lat' dir='ltr'><strong>interpretatur,</strong></span> <span class='ocrx_word' id='word_1_92' title='bbox 1572 1349 1625 1403; x_wconf 92' lang='lat' dir='ltr'><strong>in</strong></span> <span class='ocrx_word' id='word_1_93' title='bbox 1654 1365 1763 1419; x_wconf 82' lang='lat' dir='ltr'><strong>quo</strong></span> <span class='ocrx_word' id='word_1_94' title='bbox 1789 1351 1998 1404; x_wconf 78' lang='lat' dir='ltr'><strong>utinam</strong></span> <span class='ocrx_word' id='word_1_95' title='bbox 2038 1350 2165 1407; x_wconf 89' lang='lat' dir='ltr'><strong>illud</strong></span> 
     </span>
    </p>
   </div>
   <div class='ocr_carea' id='block_1_12' title="bbox 580 1437 2165 1507">
    <p class='ocr_par' dir='ltr' id='par_1_12' title="bbox 580 1437 2165 1507">
     <span class='ocr_line' id='line_1_12' title="bbox 580 1437 2165 1507; baseline 0.008 -24"><span class='ocrx_word' id='word_1_96' title='bbox 580 1440 705 1499; x_wconf 88' lang='lat' dir='ltr'><strong>apte</strong></span> <span class='ocrx_word' id='word_1_97' title='bbox 736 1442 977 1499; x_wconf 88' lang='lat' dir='ltr'><strong>notatur,</strong></span> <span class='ocrx_word' id='word_1_98' title='bbox 1028 1437 1171 1504; x_wconf 84' lang='lat' dir='ltr'><strong>quod</strong></span> <span class='ocrx_word' id='word_1_99' title='bbox 1202 1438 1399 1507; x_wconf 79' lang='lat' dir='ltr'><strong>legitur</strong></span> <span class='ocrx_word' id='word_1_100' title='bbox 1431 1453 1446 1490; x_wconf 92' lang='lat'><strong>:</strong></span> <span class='ocrx_word' id='word_1_101' title='bbox 1478 1438 1546 1493; x_wconf 84' lang='lat' dir='ltr'><strong>In</strong></span> <span class='ocrx_word' id='word_1_102' title='bbox 1576 1440 1849 1494; x_wconf 74' lang='lat' dir='ltr'><strong>desideriis</strong></span> <span class='ocrx_word' id='word_1_103' title='bbox 1884 1451 1959 1496; x_wconf 85' lang='lat' dir='ltr'><strong>est</strong></span> <span class='ocrx_word' id='word_1_104' title='bbox 1997 1442 2165 1496; x_wconf 89' lang='lat' dir='ltr'><strong>omnis</strong></span> 
     </span>
    </p>
   </div>
   <div class='ocr_carea' id='block_1_13' title="bbox 580 1522 2164 1602">
    <p class='ocr_par' dir='ltr' id='par_1_13' title="bbox 580 1522 2164 1602">
     <span class='ocr_line' id='line_1_13' title="bbox 580 1522 2164 1602; baseline 0.01 -29"><span class='ocrx_word' id='word_1_105' title='bbox 580 1522 774 1576; x_wconf 87' lang='lat' dir='ltr'><strong>otiosus</strong></span> <span class='ocrx_word' id='word_1_106' title='bbox 816 1522 1000 1595; x_wconf 82' lang='lat' dir='ltr'><strong>(Prov.</strong></span> <span class='ocrx_word' id='word_1_107' title='bbox 1038 1542 1151 1590; x_wconf 84' lang='lat' dir='ltr'><strong>xxi,</strong></span> <span class='ocrx_word' id='word_1_108' title='bbox 1194 1526 1327 1598; x_wconf 75' lang='lat'><strong>25);</strong></span> <span class='ocrx_word' id='word_1_109' title='bbox 1371 1531 1575 1584; x_wconf 86' lang='lat' dir='ltr'><strong>utinam</strong></span> <span class='ocrx_word' id='word_1_110' title='bbox 1606 1532 1750 1586; x_wconf 88' lang='lat' dir='ltr'><strong>enim</strong></span> <span class='ocrx_word' id='word_1_111' title='bbox 1790 1533 2029 1602; x_wconf 82' lang='lat' dir='ltr'><strong>Optantis</strong></span> <span class='ocrx_word' id='word_1_112' title='bbox 2076 1544 2164 1590; x_wconf 88' lang='lat' dir='ltr'><strong>est</strong></span> 
     </span>
    </p>
   </div>
   <div class='ocr_carea' id='block_1_14' title="bbox 577 1615 2168 1697">
    <p class='ocr_par' dir='ltr' id='par_1_14' title="bbox 577 1615 2168 1697">
     <span class='ocr_line' id='line_1_14' title="bbox 577 1615 2168 1697; baseline 0.01 -32"><span class='ocrx_word' id='word_1_113' title='bbox 577 1615 838 1677; x_wconf 84' lang='lat' dir='ltr'><strong>verbum;</strong></span> <span class='ocrx_word' id='word_1_114' title='bbox 881 1618 1075 1674; x_wconf 85' lang='lat' dir='ltr'><strong>sedere</strong></span> <span class='ocrx_word' id='word_1_115' title='bbox 1122 1620 1288 1674; x_wconf 88' lang='lat' dir='ltr'><strong>etiam</strong></span> <span class='ocrx_word' id='word_1_116' title='bbox 1335 1619 1636 1690; x_wconf 74' lang='lat' dir='ltr'><strong>iudicantis</strong></span> <span class='ocrx_word' id='word_1_117' title='bbox 1671 1633 1776 1679; x_wconf 89' lang='lat' dir='ltr'><strong>est.</strong></span> <span class='ocrx_word' id='word_1_118' title='bbox 1809 1622 1971 1681; x_wconf 89' lang='lat' dir='ltr'><strong>Sedet</strong></span> <span class='ocrx_word' id='word_1_119' title='bbox 2002 1626 2168 1697; x_wconf 86' lang='lat' dir='ltr'><strong>igitur</strong></span> 
     </span>
    </p>
   </div>
   <div class='ocr_carea' id='block_1_15' title="bbox 577 1701 2166 1777">
    <p class='ocr_par' dir='ltr' id='par_1_15' title="bbox 577 1701 2166 1777">
     <span class='ocr_line' id='line_1_15' title="bbox 577 1701 2166 1777; baseline 0.011 -22"><span class='ocrx_word' id='word_1_120' title='bbox 577 1701 675 1757; x_wconf 89' lang='lat' dir='ltr'><strong>Lot</strong></span> <span class='ocrx_word' id='word_1_121' title='bbox 717 1704 773 1759; x_wconf 88' lang='lat' dir='ltr'><strong>in</strong></span> <span class='ocrx_word' id='word_1_122' title='bbox 814 1706 1019 1776; x_wconf 86' lang='lat' dir='ltr'><strong>foribus</strong></span> <span class='ocrx_word' id='word_1_123' title='bbox 1061 1711 1308 1777; x_wconf 75' lang='lat' dir='ltr'><strong>civitatis,</strong></span> <span class='ocrx_word' id='word_1_124' title='bbox 1342 1713 1470 1767; x_wconf 91' lang='lat' dir='ltr'><strong>dum</strong></span> <span class='ocrx_word' id='word_1_125' title='bbox 1521 1715 1760 1771; x_wconf 87' lang='lat' dir='ltr'><strong>humano</strong></span> <span class='ocrx_word' id='word_1_126' title='bbox 1788 1717 1925 1771; x_wconf 88' lang='lat' dir='ltr'><strong>ratio</strong></span> <span class='ocrx_word' id='word_1_127' title='bbox 1952 1735 1981 1772; x_wconf 88' lang='lat' dir='ltr'><strong>a</strong></span> <span class='ocrx_word' id='word_1_128' title='bbox 2014 1726 2166 1773; x_wconf 90' lang='lat' dir='ltr'><strong>recto</strong></span> 
     </span>
    </p>
   </div>
   <div class='ocr_carea' id='block_1_16' title="bbox 577 1794 2165 1876">
    <p class='ocr_par' dir='ltr' id='par_1_16' title="bbox 577 1794 2165 1876">
     <span class='ocr_line' id='line_1_16' title="bbox 577 1794 2165 1876; baseline 0.011 -29"><span class='ocrx_word' id='word_1_129' title='bbox 577 1794 707 1850; x_wconf 89' lang='lat' dir='ltr'><strong>licet</strong></span> <span class='ocrx_word' id='word_1_130' title='bbox 750 1797 1073 1867; x_wconf 84' lang='lat' dir='ltr'><strong>declinans,</strong></span> <span class='ocrx_word' id='word_1_131' title='bbox 1122 1808 1180 1857; x_wconf 71' lang='lat' dir='ltr'><strong>et</strong></span> <span class='ocrx_word' id='word_1_132' title='bbox 1228 1803 1444 1860; x_wconf 89' lang='lat' dir='ltr'><strong>vinculo</strong></span> <span class='ocrx_word' id='word_1_133' title='bbox 1492 1807 1943 1876; x_wconf 67' lang='lat' dir='ltr'><strong>concupiscentiae</strong></span> <span class='ocrx_word' id='word_1_134' title='bbox 1992 1817 2165 1864; x_wconf 87' lang='lat' dir='ltr'><strong>tracta</strong></span> 
     </span>
    </p>
   </div>
   <div class='ocr_carea' id='block_1_17' title="bbox 2270 618 3852 690">
    <p class='ocr_par' dir='ltr' id='par_1_17' title="bbox 2270 618 3852 690">
     <span class='ocr_line' id='line_1_17' title="bbox 2270 618 3852 690; baseline 0 -15"><span class='ocrx_word' id='word_1_135' title='bbox 2270 633 2319 675; x_wconf 87' lang='lat' dir='ltr'><strong>et</strong></span> <span class='ocrx_word' id='word_1_136' title='bbox 2348 622 2592 675; x_wconf 73' lang='lat' dir='ltr'><strong>dixerunt</strong></span> <span class='ocrx_word' id='word_1_137' title='bbox 2631 621 2680 675; x_wconf 87' lang='lat' dir='ltr'><strong>ei</strong></span> <span class='ocrx_word' id='word_1_138' title='bbox 2724 638 2738 674; x_wconf 90' lang='lat'>:</span> <span class='ocrx_word' id='word_1_139' title='bbox 2780 618 2883 674; x_wconf 88' lang='lat' dir='ltr'><strong>Ubi</strong></span> <span class='ocrx_word' id='word_1_140' title='bbox 2917 630 3037 674; x_wconf 87' lang='lat' dir='ltr'><strong>sunt</strong></span> <span class='ocrx_word' id='word_1_141' title='bbox 3077 620 3198 684; x_wconf 85' lang='lat' dir='ltr'><strong>viri,</strong></span> <span class='ocrx_word' id='word_1_142' title='bbox 3233 621 3324 690; x_wconf 85' lang='lat' dir='ltr'><strong>qui</strong></span> <span class='ocrx_word' id='word_1_143' title='bbox 3354 620 3666 674; x_wconf 86' lang='lat' dir='ltr'><strong>introierunt</strong></span> <span class='ocrx_word' id='word_1_144' title='bbox 3704 620 3775 673; x_wconf 89' lang='lat' dir='ltr'><strong>ad</strong></span> <span class='ocrx_word' id='word_1_145' title='bbox 3805 630 3852 675; x_wconf 86' lang='lat' dir='ltr'><strong>te</strong></span> 
     </span>
    </p>
   </div>
   <div class='ocr_carea' id='block_1_18' title="bbox 2272 707 3850 778">
    <p class='ocr_par' dir='ltr' id='par_1_18' title="bbox 2272 707 3850 778">
     <span class='ocr_line' id='line_1_18' title="bbox 2272 707 3850 778; baseline -0.001 -16"><span class='ocrx_word' id='word_1_146' title='bbox 2272 711 2462 763; x_wconf 84' lang='lat' dir='ltr'><strong>nocte?</strong></span> <span class='ocrx_word' id='word_1_147' title='bbox 2490 709 2641 763; x_wconf 81' lang='lat' dir='ltr'><strong>Educ</strong></span> <span class='ocrx_word' id='word_1_148' title='bbox 2668 726 2755 764; x_wconf 86' lang='lat' dir='ltr'><strong>eos</strong></span> <span class='ocrx_word' id='word_1_149' title='bbox 2794 711 2918 773; x_wconf 80' lang='lat' dir='ltr'><strong>huc,</strong></span> <span class='ocrx_word' id='word_1_150' title='bbox 2961 720 3014 761; x_wconf 90' lang='lat' dir='ltr'><strong>ut</strong></span> <span class='ocrx_word' id='word_1_151' title='bbox 3043 724 3415 778; x_wconf 74' lang='lat' dir='ltr'><strong>cognoscamus</strong></span> <span class='ocrx_word' id='word_1_152' title='bbox 3446 725 3552 762; x_wconf 91' lang='lat' dir='ltr'><strong>eos.</strong></span> <span class='ocrx_word' id='word_1_153' title='bbox 3588 707 3733 762; x_wconf 88' lang='lat' dir='ltr'><strong>imus</strong></span> <span class='ocrx_word' id='word_1_154' title='bbox 3761 725 3850 761; x_wconf 87' lang='lat' dir='ltr'><strong>cu-</strong></span> 
     </span>
    </p>
   </div>
   <div class='ocr_carea' id='block_1_19' title="bbox 2271 799 3851 873">
    <p class='ocr_par' dir='ltr' id='par_1_19' title="bbox 2271 799 3851 873">
     <span class='ocr_line' id='line_1_19' title="bbox 2271 799 3851 873; baseline 0 -19"><span class='ocrx_word' id='word_1_155' title='bbox 2271 804 2452 861; x_wconf 87' lang='lat' dir='ltr'><strong>bitum.</strong></span> <span class='ocrx_word' id='word_1_156' title='bbox 2500 802 2715 873; x_wconf 81' lang='lat' dir='ltr'><strong>quando</strong></span> <span class='ocrx_word' id='word_1_157' title='bbox 2746 802 2797 856; x_wconf 92' lang='lat' dir='ltr'><strong>in</strong></span> <span class='ocrx_word' id='word_1_158' title='bbox 2832 800 2989 855; x_wconf 89' lang='lat' dir='ltr'><strong>nobis</strong></span> <span class='ocrx_word' id='word_1_159' title='bbox 3044 801 3325 870; x_wconf 84' lang='lat' dir='ltr'><strong>quiescere</strong></span> <span class='ocrx_word' id='word_1_160' title='bbox 3371 800 3563 868; x_wconf 90' lang='lat' dir='ltr'><strong>incipit</strong></span> <span class='ocrx_word' id='word_1_161' title='bbox 3592 799 3851 868; x_wconf 85' lang='lat' dir='ltr'><strong>strepitus</strong></span> 
     </span>
    </p>
   </div>
   <div class='ocr_carea' id='block_1_20' title="bbox 2270 893 3850 963">
    <p class='ocr_par' dir='ltr' id='par_1_20' title="bbox 2270 893 3850 963">
     <span class='ocr_line' id='line_1_20' title="bbox 2270 893 3850 963; baseline 0 -17"><span class='ocrx_word' id='word_1_162' title='bbox 2270 895 2608 963; x_wconf 64' lang='lat' dir='ltr'><strong>negotiorum</strong></span> <span class='ocrx_word' id='word_1_163' title='bbox 2649 893 2978 959; x_wconf 73' lang='lat' dir='ltr'><strong>forensium;</strong></span> <span class='ocrx_word' id='word_1_164' title='bbox 3024 894 3177 963; x_wconf 91' lang='lat' dir='ltr'><strong>prius</strong></span> <span class='ocrx_word' id='word_1_165' title='bbox 3222 901 3404 947; x_wconf 89' lang='lat' dir='ltr'><strong>autem</strong></span> <span class='ocrx_word' id='word_1_166' title='bbox 3451 908 3614 962; x_wconf 87' lang='lat' dir='ltr'><strong>quam</strong></span> <span class='ocrx_word' id='word_1_167' title='bbox 3662 893 3730 946; x_wconf 83' lang='lat' dir='ltr'><strong>ab</strong></span> <span class='ocrx_word' id='word_1_168' title='bbox 3769 893 3850 946; x_wconf 86' lang='lat' dir='ltr'><strong>his</strong></span> 
     </span>
    </p>
   </div>
   <div class='ocr_carea' id='block_1_21' title="bbox 2270 981 3849 1052">
    <p class='ocr_par' dir='ltr' id='par_1_21' title="bbox 2270 981 3849 1052">
     <span class='ocr_line' id='line_1_21' title="bbox 2270 981 3849 1052; baseline -0.002 -15"><span class='ocrx_word' id='word_1_169' title='bbox 2270 984 2617 1052; x_wconf 89' lang='lat' dir='ltr'><strong>consopiatnr</strong></span> <span class='ocrx_word' id='word_1_170' title='bbox 2661 985 2905 1050; x_wconf 81' lang='lat' dir='ltr'><strong>animus,</strong></span> <span class='ocrx_word' id='word_1_171' title='bbox 2952 984 3052 1039; x_wconf 87' lang='lat' dir='ltr'><strong>viri</strong></span> <span class='ocrx_word' id='word_1_172' title='bbox 3101 984 3360 1050; x_wconf 84' lang='lat' dir='ltr'><strong>civitatis,</strong></span> <span class='ocrx_word' id='word_1_173' title='bbox 3400 982 3612 1038; x_wconf 79' lang='lat' dir='ltr'><strong>feroces</strong></span> <span class='ocrx_word' id='word_1_174' title='bbox 3664 981 3849 1035; x_wconf 83' lang='lat' dir='ltr'><strong>videli-</strong></span> 
     </span>
    </p>
   </div>
   <div class='ocr_carea' id='block_1_22' title="bbox 2270 1075 3847 1148">
    <p class='ocr_par' dir='ltr' id='par_1_22' title="bbox 2270 1075 3847 1148">
     <span class='ocr_line' id='line_1_22' title="bbox 2270 1075 3847 1148; baseline 0 -18"><span class='ocrx_word' id='word_1_175' title='bbox 2270 1085 2357 1130; x_wconf 85' lang='lat' dir='ltr'><strong>ect</strong></span> <span class='ocrx_word' id='word_1_176' title='bbox 2385 1088 2566 1131; x_wconf 90' lang='lat' dir='ltr'><strong>motus</strong></span> <span class='ocrx_word' id='word_1_177' title='bbox 2592 1078 2841 1148; x_wconf 87' lang='lat' dir='ltr'><strong>corporis</strong></span> <span class='ocrx_word' id='word_1_178' title='bbox 2875 1078 3097 1133; x_wconf 87' lang='lat' dir='ltr'><strong>domum</strong></span> <span class='ocrx_word' id='word_1_179' title='bbox 3126 1077 3351 1137; x_wconf 88' lang='lat' dir='ltr'><strong>vallant.</strong></span> <span class='ocrx_word' id='word_1_180' title='bbox 3385 1078 3437 1131; x_wconf 90' lang='lat' dir='ltr'><strong>id</strong></span> <span class='ocrx_word' id='word_1_181' title='bbox 3460 1085 3543 1130; x_wconf 89' lang='lat' dir='ltr'><strong>est</strong></span> <span class='ocrx_word' id='word_1_182' title='bbox 3564 1075 3847 1131; x_wconf 84' lang='lat' dir='ltr'><strong>scientiam</strong></span> 
     </span>
    </p>
   </div>
   <div class='ocr_carea' id='block_1_23' title="bbox 2268 1168 3930 1241">
    <p class='ocr_par' dir='ltr' id='par_1_23' title="bbox 2268 1168 3930 1241">
     <span class='ocr_line' id='line_1_23' title="bbox 2268 1168 3930 1241; baseline -0.001 -18"><span class='ocrx_word' id='word_1_183' title='bbox 2268 1179 2670 1241; x_wconf 88' lang='lat' dir='ltr'><strong>coangustaut;</strong></span> <span class='ocrx_word' id='word_1_184' title='bbox 2710 1184 2808 1239; x_wconf 90' lang='lat' dir='ltr'><strong>per</strong></span> <span class='ocrx_word' id='word_1_185' title='bbox 2836 1185 2998 1225; x_wconf 90' lang='lat' dir='ltr'><strong>senes</strong></span> <span class='ocrx_word' id='word_1_186' title='bbox 3045 1184 3329 1238; x_wconf 88' lang='lat' dir='ltr'><strong>possumus</strong></span> <span class='ocrx_word' id='word_1_187' title='bbox 3367 1168 3667 1238; x_wconf 83' lang='lat' dir='ltr'><strong>intelligere</strong></span> <span class='ocrx_word' id='word_1_188' title='bbox 3694 1168 3852 1238; x_wconf 88' lang='lat' dir='ltr'><strong>origi-</strong></span> <span class='ocrx_word' id='word_1_189' title='bbox 3928 1176 3930 1178; x_wconf 75' lang='lat'><strong>&#39;</strong></span> 
     </span>
    </p>
   </div>
   <div class='ocr_carea' id='block_1_24' title="bbox 2270 1260 3851 1332">
    <p class='ocr_par' dir='ltr' id='par_1_24' title="bbox 2270 1260 3851 1332">
     <span class='ocr_line' id='line_1_24' title="bbox 2270 1260 3851 1332; baseline 0.001 -19"><span class='ocrx_word' id='word_1_190' title='bbox 2270 1260 2435 1327; x_wconf 87' lang='lat' dir='ltr'><strong>nalia,</strong></span> <span class='ocrx_word' id='word_1_191' title='bbox 2474 1276 2571 1330; x_wconf 91' lang='lat' dir='ltr'><strong>per</strong></span> <span class='ocrx_word' id='word_1_192' title='bbox 2615 1276 2814 1332; x_wconf 85' lang='lat' dir='ltr'><strong>pueros</strong></span> <span class='ocrx_word' id='word_1_193' title='bbox 2850 1260 3084 1315; x_wconf 87' lang='lat' dir='ltr'><strong>actualia</strong></span> <span class='ocrx_word' id='word_1_194' title='bbox 3117 1275 3239 1330; x_wconf 65' lang='lat' dir='ltr'><strong>qua:</strong></span> <span class='ocrx_word' id='word_1_195' title='bbox 3276 1274 3441 1329; x_wconf 91' lang='lat' dir='ltr'><strong>super</strong></span> <span class='ocrx_word' id='word_1_196' title='bbox 3477 1260 3756 1321; x_wconf 88' lang='lat' dir='ltr'><strong>addimus.</strong></span> <span class='ocrx_word' id='word_1_197' title='bbox 3796 1268 3851 1314; x_wconf 85' lang='lat' dir='ltr'><strong>et</strong></span> 
     </span>
    </p>
   </div>
   <div class='ocr_carea' id='block_1_25' title="bbox 2268 1347 3849 1419">
    <p class='ocr_par' dir='ltr' id='par_1_25' title="bbox 2268 1347 3849 1419">
     <span class='ocr_line' id='line_1_25' title="bbox 2268 1347 3849 1419; baseline 0.001 -18"><span class='ocrx_word' id='word_1_198' title='bbox 2268 1350 2648 1405; x_wconf 81' lang='lat' dir='ltr'><strong>adinvenimus</strong></span> <span class='ocrx_word' id='word_1_199' title='bbox 2685 1350 2853 1405; x_wconf 82' lang='lat' dir='ltr'><strong>etiam</strong></span> <span class='ocrx_word' id='word_1_200' title='bbox 2896 1349 3071 1416; x_wconf 88' lang='lat' dir='ltr'><strong>mala;</strong></span> <span class='ocrx_word' id='word_1_201' title='bbox 3117 1349 3266 1403; x_wconf 89' lang='lat' dir='ltr'><strong>verbi</strong></span> <span class='ocrx_word' id='word_1_202' title='bbox 3311 1348 3485 1419; x_wconf 88' lang='lat' dir='ltr'><strong>gratia</strong></span> <span class='ocrx_word' id='word_1_203' title='bbox 3522 1364 3644 1402; x_wconf 90' lang='lat' dir='ltr'><strong>cum</strong></span> <span class='ocrx_word' id='word_1_204' title='bbox 3688 1347 3849 1402; x_wconf 81' lang='lat' dir='ltr'><strong>libido</strong></span> 
     </span>
    </p>
   </div>
   <div class='ocr_carea' id='block_1_26' title="bbox 2227 1437 3847 1503">
    <p class='ocr_par' dir='ltr' id='par_1_26' title="bbox 2227 1437 3847 1503">
     <span class='ocr_line' id='line_1_26' title="bbox 2227 1437 3847 1503; baseline -0.002 -9"><span class='ocrx_word' id='word_1_205' title='bbox 2227 1444 2239 1456; x_wconf 84' lang='lat'><strong>&#39;</strong></span> <span class='ocrx_word' id='word_1_206' title='bbox 2267 1439 2587 1494; x_wconf 88' lang='lat' dir='ltr'><strong>naturaliter</strong></span> <span class='ocrx_word' id='word_1_207' title='bbox 2619 1440 2774 1494; x_wconf 88' lang='lat' dir='ltr'><strong>nobis</strong></span> <span class='ocrx_word' id='word_1_208' title='bbox 2817 1439 2976 1503; x_wconf 89' lang='lat' dir='ltr'><strong>insit,</strong></span> <span class='ocrx_word' id='word_1_209' title='bbox 3019 1447 3080 1493; x_wconf 89' lang='lat' dir='ltr'><strong>ut</strong></span> <span class='ocrx_word' id='word_1_210' title='bbox 3120 1437 3187 1494; x_wconf 89' lang='lat' dir='ltr'><strong>de</strong></span> <span class='ocrx_word' id='word_1_211' title='bbox 3227 1437 3443 1494; x_wconf 78' lang='lat' dir='ltr'><strong>caeteris</strong></span> <span class='ocrx_word' id='word_1_212' title='bbox 3468 1446 3702 1501; x_wconf 84' lang='lat' dir='ltr'><strong>taceam,</strong></span> <span class='ocrx_word' id='word_1_213' title='bbox 3751 1454 3847 1491; x_wconf 83' lang='lat' dir='ltr'><strong>no-</strong></span> 
     </span>
    </p>
   </div>
   <div class='ocr_carea' id='block_1_27' title="bbox 2265 1530 3847 1601">
    <p class='ocr_par' dir='ltr' id='par_1_27' title="bbox 2265 1530 3847 1601">
     <span class='ocr_line' id='line_1_27' title="bbox 2265 1530 3847 1601; baseline 0 -16"><span class='ocrx_word' id='word_1_214' title='bbox 2265 1533 2460 1586; x_wconf 85' lang='lat' dir='ltr'><strong>vitales</strong></span> <span class='ocrx_word' id='word_1_215' title='bbox 2485 1531 2729 1601; x_wconf 86' lang='lat' dir='ltr'><strong>quotidie</strong></span> <span class='ocrx_word' id='word_1_216' title='bbox 2754 1530 3059 1596; x_wconf 87' lang='lat' dir='ltr'><strong>libidinum,</strong></span> <span class='ocrx_word' id='word_1_217' title='bbox 3080 1540 3135 1586; x_wconf 87' lang='lat' dir='ltr'><strong>et</strong></span> <span class='ocrx_word' id='word_1_218' title='bbox 3156 1542 3352 1600; x_wconf 68' lang='lat' dir='ltr'><strong>praeter</strong></span> <span class='ocrx_word' id='word_1_219' title='bbox 3372 1530 3600 1585; x_wconf 87' lang='lat' dir='ltr'><strong>solidam</strong></span> <span class='ocrx_word' id='word_1_220' title='bbox 3625 1532 3847 1585; x_wconf 88' lang='lat' dir='ltr'><strong>coeundi</strong></span> 
     </span>
    </p>
   </div>
   <div class='ocr_carea' id='block_1_28' title="bbox 2267 1612 3847 1692">
    <p class='ocr_par' dir='ltr' id='par_1_28' title="bbox 2267 1612 3847 1692">
     <span class='ocr_line' id='line_1_28' title="bbox 2267 1612 3847 1692; baseline -0.001 -15"><span class='ocrx_word' id='word_1_221' title='bbox 2267 1621 2508 1692; x_wconf 82' lang='lat' dir='ltr'><strong>regulam</strong></span> <span class='ocrx_word' id='word_1_222' title='bbox 2556 1630 2949 1677; x_wconf 85' lang='lat' dir='ltr'><strong>commentatas</strong></span> <span class='ocrx_word' id='word_1_223' title='bbox 2992 1622 3286 1688; x_wconf 86' lang='lat' dir='ltr'><strong>miramur,</strong></span> <span class='ocrx_word' id='word_1_224' title='bbox 3328 1629 3385 1676; x_wconf 89' lang='lat' dir='ltr'><strong>et</strong></span> <span class='ocrx_word' id='word_1_225' title='bbox 3421 1621 3670 1676; x_wconf 89' lang='lat' dir='ltr'><strong>mirando</strong></span> <span class='ocrx_word' id='word_1_226' title='bbox 3707 1612 3847 1675; x_wconf 59' lang='lat' dir='ltr'><strong>dole?</strong></span> 
     </span>
    </p>
   </div>
   <div class='ocr_carea' id='block_1_29' title="bbox 2265 1711 3849 1787">
    <p class='ocr_par' dir='ltr' id='par_1_29' title="bbox 2265 1711 3849 1787">
     <span class='ocr_line' id='line_1_29' title="bbox 2265 1711 3849 1787; baseline -0.001 -21"><span class='ocrx_word' id='word_1_227' title='bbox 2265 1727 2406 1767; x_wconf 84' lang='lat' dir='ltr'><strong>inus.</strong></span> <span class='ocrx_word' id='word_1_228' title='bbox 2443 1712 2523 1766; x_wconf 88' lang='lat' dir='ltr'><strong>Ex</strong></span> <span class='ocrx_word' id='word_1_229' title='bbox 2572 1711 2796 1767; x_wconf 88' lang='lat' dir='ltr'><strong>senibus</strong></span> <span class='ocrx_word' id='word_1_230' title='bbox 2826 1712 2983 1782; x_wconf 90' lang='lat' dir='ltr'><strong>pueri</strong></span> <span class='ocrx_word' id='word_1_231' title='bbox 3030 1711 3087 1765; x_wconf 91' lang='lat' dir='ltr'><strong>in</strong></span> <span class='ocrx_word' id='word_1_232' title='bbox 3138 1711 3257 1767; x_wconf 86' lang='lat' dir='ltr'><strong>dies</strong></span> <span class='ocrx_word' id='word_1_233' title='bbox 3306 1711 3584 1781; x_wconf 78' lang='lat' dir='ltr'><strong>oriuntur,</strong></span> <span class='ocrx_word' id='word_1_234' title='bbox 3630 1711 3758 1787; x_wconf 72' lang='lat' dir='ltr'><strong>quia</strong></span> <span class='ocrx_word' id='word_1_235' title='bbox 3787 1728 3849 1773; x_wconf 72' lang='lat' dir='ltr'><strong>ex</strong></span> 
     </span>
    </p>
   </div>
   <div class='ocr_carea' id='block_1_30' title="bbox 2267 1800 3850 1873">
    <p class='ocr_par' dir='ltr' id='par_1_30' title="bbox 2267 1800 3850 1873">
     <span class='ocr_line' id='line_1_30' title="bbox 2267 1800 3850 1873; baseline 0.004 -18"><span class='ocrx_word' id='word_1_236' title='bbox 2267 1802 2504 1873; x_wconf 87' lang='lat' dir='ltr'><strong>ingenita</strong></span> <span class='ocrx_word' id='word_1_237' title='bbox 2539 1802 2891 1871; x_wconf 86' lang='lat' dir='ltr'><strong>corruptione</strong></span> <span class='ocrx_word' id='word_1_238' title='bbox 2932 1816 3106 1856; x_wconf 87' lang='lat' dir='ltr'><strong>novus</strong></span> <span class='ocrx_word' id='word_1_239' title='bbox 3152 1800 3525 1863; x_wconf 77' lang='lat' dir='ltr'><strong>indesinenter</strong></span> <span class='ocrx_word' id='word_1_240' title='bbox 3558 1807 3673 1861; x_wconf 83' lang='lat' dir='ltr'><strong>vitii</strong></span> <span class='ocrx_word' id='word_1_241' title='bbox 3717 1806 3850 1862; x_wconf 72' lang='lat' dir='ltr'><strong>lenit</strong></span> 
     </span>
    </p>
   </div>
   <div class='ocr_carea' id='block_1_31' title="bbox 579 1889 3851 1968">
    <p class='ocr_par' dir='ltr' id='par_1_31' title="bbox 579 1889 3851 1968">
     <span class='ocr_line' id='line_1_31' title="bbox 579 1889 3851 1968; baseline 0.003 -26"><span class='ocrx_word' id='word_1_242' title='bbox 579 1889 879 1945; x_wconf 89' lang='lat' dir='ltr'><strong>secundum</strong></span> <span class='ocrx_word' id='word_1_243' title='bbox 937 1892 1117 1948; x_wconf 81' lang='lat' dir='ltr'><strong>saeculi</strong></span> <span class='ocrx_word' id='word_1_244' title='bbox 1173 1894 1554 1965; x_wconf 84' lang='lat' dir='ltr'><strong>honestatem,</strong></span> <span class='ocrx_word' id='word_1_245' title='bbox 1607 1900 1840 1968; x_wconf 77' lang='lat' dir='ltr'><strong>propriae</strong></span> <span class='ocrx_word' id='word_1_246' title='bbox 1888 1902 2165 1957; x_wconf 78' lang='lat' dir='ltr'><strong>examinat</strong></span> <span class='ocrx_word' id='word_1_247' title='bbox 2198 1893 2583 1964; x_wconf 73' lang='lat' dir='ltr'><strong>Begl‘editur;</strong></span> <span class='ocrx_word' id='word_1_248' title='bbox 2628 1902 2755 1949; x_wconf 85' lang='lat' dir='ltr'><strong>sunt</strong></span> <span class='ocrx_word' id='word_1_249' title='bbox 2790 1907 3007 1967; x_wconf 81' lang='lat' dir='ltr'><strong>quoque</strong></span> <span class='ocrx_word' id='word_1_250' title='bbox 3058 1898 3212 1967; x_wconf 84' lang='lat' dir='ltr'><strong>pueri</strong></span> <span class='ocrx_word' id='word_1_251' title='bbox 3256 1897 3504 1968; x_wconf 70' lang='lat' dir='ltr'><strong>quietiam</strong></span> <span class='ocrx_word' id='word_1_252' title='bbox 3556 1912 3663 1952; x_wconf 91' lang='lat' dir='ltr'><strong>non</strong></span> <span class='ocrx_word' id='word_1_253' title='bbox 3700 1906 3851 1951; x_wconf 81' lang='lat' dir='ltr'><strong>natu-</strong></span> 
     </span>
    </p>
   </div>
   <div class='ocr_carea' id='block_1_32' title="bbox 578 1978 2161 2060">
    <p class='ocr_par' dir='ltr' id='par_1_32' title="bbox 578 1978 2161 2060">
     <span class='ocr_line' id='line_1_32' title="bbox 578 1978 2161 2060; baseline 0.011 -28"><span class='ocrx_word' id='word_1_254' title='bbox 578 1978 859 2035; x_wconf 89' lang='lat' dir='ltr'><strong>introitum</strong></span> <span class='ocrx_word' id='word_1_255' title='bbox 907 1982 1315 2052; x_wconf 86' lang='lat' dir='ltr'><strong>delectationis;</strong></span> <span class='ocrx_word' id='word_1_256' title='bbox 1359 1988 1483 2042; x_wconf 91' lang='lat' dir='ltr'><strong>dum</strong></span> <span class='ocrx_word' id='word_1_257' title='bbox 1514 1989 1659 2043; x_wconf 89' lang='lat' dir='ltr'><strong>enim</strong></span> <span class='ocrx_word' id='word_1_258' title='bbox 1692 2006 1882 2047; x_wconf 91' lang='lat' dir='ltr'><strong>sensus</strong></span> <span class='ocrx_word' id='word_1_259' title='bbox 1913 2003 2161 2060; x_wconf 88' lang='lat' dir='ltr'><strong>nostros,</strong></span> 
     </span>
    </p>
   </div>
   <div class='ocr_carea' id='block_1_33' title="bbox 578 2072 2158 2149">
    <p class='ocr_par' dir='ltr' id='par_1_33' title="bbox 578 2072 2158 2149">
     <span class='ocr_line' id='line_1_33' title="bbox 578 2072 2158 2149; baseline 0.011 -27"><span class='ocrx_word' id='word_1_260' title='bbox 578 2082 644 2123; x_wconf 85' lang='lat' dir='ltr'><strong>ac</strong></span> <span class='ocrx_word' id='word_1_261' title='bbox 672 2072 1031 2139; x_wconf 80' lang='lat' dir='ltr'><strong>cogitationes</strong></span> <span class='ocrx_word' id='word_1_262' title='bbox 1062 2075 1116 2130; x_wconf 90' lang='lat' dir='ltr'><strong>in</strong></span> <span class='ocrx_word' id='word_1_263' title='bbox 1162 2077 1387 2145; x_wconf 86' lang='lat' dir='ltr'><strong>pecuale</strong></span> <span class='ocrx_word' id='word_1_264' title='bbox 1425 2079 1670 2133; x_wconf 83' lang='lat' dir='ltr'><strong>videmus</strong></span> <span class='ocrx_word' id='word_1_265' title='bbox 1713 2079 1819 2135; x_wconf 90' lang='lat' dir='ltr'><strong>labi</strong></span> <span class='ocrx_word' id='word_1_266' title='bbox 1858 2082 2158 2149; x_wconf 82' lang='lat' dir='ltr'><strong>silentium,</strong></span> 
     </span>
    </p>
   </div>
   <div class='ocr_carea' id='block_1_34' title="bbox 578 2164 2161 2238">
    <p class='ocr_par' dir='ltr' id='par_1_34' title="bbox 578 2164 2161 2238">
     <span class='ocr_line' id='line_1_34' title="bbox 578 2164 2161 2238; baseline 0.01 -23"><span class='ocrx_word' id='word_1_267' title='bbox 578 2178 680 2217; x_wconf 77' lang='lat' dir='ltr'><strong>nec</strong></span> <span class='ocrx_word' id='word_1_268' title='bbox 718 2164 770 2216; x_wconf 92' lang='lat' dir='ltr'><strong>in</strong></span> <span class='ocrx_word' id='word_1_269' title='bbox 804 2164 895 2219; x_wconf 88' lang='lat' dir='ltr'><strong>Dei</strong></span> <span class='ocrx_word' id='word_1_270' title='bbox 938 2167 1162 2222; x_wconf 80' lang='lat' dir='ltr'><strong>auribus</strong></span> <span class='ocrx_word' id='word_1_271' title='bbox 1183 2168 1399 2222; x_wconf 83' lang='lat' dir='ltr'><strong>vitalem</strong></span> <span class='ocrx_word' id='word_1_272' title='bbox 1427 2169 1714 2238; x_wconf 73' lang='lat' dir='ltr'><strong>cujuslibet</strong></span> <span class='ocrx_word' id='word_1_273' title='bbox 1740 2172 1893 2228; x_wconf 60' lang='lat' dir='ltr'><strong>bona;</strong></span> <span class='ocrx_word' id='word_1_274' title='bbox 1930 2174 2161 2231; x_wconf 87' lang='lat' dir='ltr'><strong>actionis</strong></span> 
     </span>
    </p>
   </div>
   <div class='ocr_carea' id='block_1_35' title="bbox 582 2255 2159 2332">
    <p class='ocr_par' dir='ltr' id='par_1_35' title="bbox 582 2255 2159 2332">
     <span class='ocr_line' id='line_1_35' title="bbox 582 2255 2159 2332; baseline 0.011 -25"><span class='ocrx_word' id='word_1_275' title='bbox 582 2255 744 2309; x_wconf 80' lang='lat' dir='ltr'><strong>edere</strong></span> <span class='ocrx_word' id='word_1_276' title='bbox 778 2270 990 2322; x_wconf 88' lang='lat' dir='ltr'><strong>sonum,</strong></span> <span class='ocrx_word' id='word_1_277' title='bbox 1025 2260 1283 2328; x_wconf 87' lang='lat' dir='ltr'><strong>pudorem</strong></span> <span class='ocrx_word' id='word_1_278' title='bbox 1326 2262 1643 2332; x_wconf 88' lang='lat' dir='ltr'><strong>plerumque</strong></span> <span class='ocrx_word' id='word_1_279' title='bbox 1679 2274 1924 2321; x_wconf 87' lang='lat' dir='ltr'><strong>verentes</strong></span> <span class='ocrx_word' id='word_1_280' title='bbox 1965 2267 2159 2323; x_wconf 86' lang='lat' dir='ltr'><strong>huma-</strong></span> 
     </span>
    </p>
   </div>
   <div class='ocr_carea' id='block_1_36' title="bbox 576 2352 2163 2426">
    <p class='ocr_par' dir='ltr' id='par_1_36' title="bbox 576 2352 2163 2426">
     <span class='ocr_line' id='line_1_36' title="bbox 576 2352 2163 2426; baseline 0.008 -24"><span class='ocrx_word' id='word_1_281' title='bbox 576 2365 732 2413; x_wconf 90' lang='lat' dir='ltr'><strong>num,</strong></span> <span class='ocrx_word' id='word_1_282' title='bbox 783 2352 1167 2422; x_wconf 89' lang='lat' dir='ltr'><strong>rcstriugimus</strong></span> <span class='ocrx_word' id='word_1_283' title='bbox 1199 2354 1511 2423; x_wconf 74' lang='lat' dir='ltr'><strong>petulantia:</strong></span> <span class='ocrx_word' id='word_1_284' title='bbox 1549 2366 1751 2413; x_wconf 67' lang='lat' dir='ltr'><strong>nostrae</strong></span> <span class='ocrx_word' id='word_1_285' title='bbox 1784 2358 2014 2426; x_wconf 82' lang='lat' dir='ltr'><strong>ﬂuxum,</strong></span> <span class='ocrx_word' id='word_1_286' title='bbox 2043 2375 2163 2415; x_wconf 89' lang='lat' dir='ltr'><strong>sur-</strong></span> 
     </span>
    </p>
   </div>
   <div class='ocr_carea' id='block_1_37' title="bbox 575 2443 2159 2524">
    <p class='ocr_par' dir='ltr' id='par_1_37' title="bbox 575 2443 2159 2524">
     <span class='ocr_line' id='line_1_37' title="bbox 575 2443 2159 2524; baseline 0.008 -27"><span class='ocrx_word' id='word_1_287' title='bbox 575 2443 781 2513; x_wconf 78' lang='lat' dir='ltr'><strong>gimus,</strong></span> <span class='ocrx_word' id='word_1_288' title='bbox 800 2443 856 2499; x_wconf 86' lang='lat' dir='ltr'><strong>id</strong></span> <span class='ocrx_word' id='word_1_289' title='bbox 876 2453 981 2512; x_wconf 90' lang='lat' dir='ltr'><strong>est,</strong></span> <span class='ocrx_word' id='word_1_290' title='bbox 1012 2447 1274 2517; x_wconf 79' lang='lat' dir='ltr'><strong>erigimus</strong></span> <span class='ocrx_word' id='word_1_291' title='bbox 1299 2449 1536 2504; x_wconf 89' lang='lat' dir='ltr'><strong>desidem</strong></span> <span class='ocrx_word' id='word_1_292' title='bbox 1573 2453 1640 2506; x_wconf 88' lang='lat' dir='ltr'><strong>ad</strong></span> <span class='ocrx_word' id='word_1_293' title='bbox 1669 2452 1786 2508; x_wconf 83' lang='lat' dir='ltr'><strong>haec</strong></span> <span class='ocrx_word' id='word_1_294' title='bbox 1814 2454 2159 2524; x_wconf 89' lang='lat' dir='ltr'><strong>reprimenda</strong></span> 
     </span>
    </p>
   </div>
   <div class='ocr_carea' id='block_1_38' title="bbox 577 2533 2162 2615">
    <p class='ocr_par' dir='ltr' id='par_1_38' title="bbox 577 2533 2162 2615">
     <span class='ocr_line' id='line_1_38' title="bbox 577 2533 2162 2615; baseline 0.01 -29"><span class='ocrx_word' id='word_1_295' title='bbox 577 2533 841 2597; x_wconf 85' lang='lat' dir='ltr'><strong>animum,</strong></span> <span class='ocrx_word' id='word_1_296' title='bbox 887 2544 943 2591; x_wconf 90' lang='lat' dir='ltr'><strong>et</strong></span> <span class='ocrx_word' id='word_1_297' title='bbox 968 2536 1261 2593; x_wconf 88' lang='lat' dir='ltr'><strong>adoramus</strong></span> <span class='ocrx_word' id='word_1_298' title='bbox 1293 2539 1346 2594; x_wconf 90' lang='lat' dir='ltr'><strong>iu</strong></span> <span class='ocrx_word' id='word_1_299' title='bbox 1388 2551 1582 2595; x_wconf 88' lang='lat' dir='ltr'><strong>terram</strong></span> <span class='ocrx_word' id='word_1_300' title='bbox 1618 2543 1797 2613; x_wconf 89' lang='lat' dir='ltr'><strong>proni,</strong></span> <span class='ocrx_word' id='word_1_301' title='bbox 1845 2544 2162 2615; x_wconf 87' lang='lat' dir='ltr'><strong>superbien-</strong></span> 
     </span>
    </p>
   </div>
   <div class='ocr_carea' id='block_1_39' title="bbox 580 2625 2161 2704">
    <p class='ocr_par' dir='ltr' id='par_1_39' title="bbox 580 2625 2161 2704">
     <span class='ocr_line' id='line_1_39' title="bbox 580 2625 2161 2704; baseline 0.008 -27"><span class='ocrx_word' id='word_1_302' title='bbox 580 2633 689 2678; x_wconf 86' lang='lat' dir='ltr'><strong>tem</strong></span> <span class='ocrx_word' id='word_1_303' title='bbox 716 2625 944 2692; x_wconf 89' lang='lat' dir='ltr'><strong>scilicet,</strong></span> <span class='ocrx_word' id='word_1_304' title='bbox 976 2643 1045 2682; x_wconf 91' lang='lat' dir='ltr'><strong>ne</strong></span> <span class='ocrx_word' id='word_1_305' title='bbox 1069 2628 1370 2698; x_wconf 83' lang='lat' dir='ltr'><strong>perellluat,</strong></span> <span class='ocrx_word' id='word_1_306' title='bbox 1398 2630 1451 2684; x_wconf 89' lang='lat' dir='ltr'><strong>in</strong></span> <span class='ocrx_word' id='word_1_307' title='bbox 1476 2631 1756 2687; x_wconf 75' lang='lat' dir='ltr'><strong>considera</strong></span> <span class='ocrx_word' id='word_1_308' title='bbox 1768 2633 1911 2689; x_wconf 84' lang='lat' dir='ltr'><strong>tione</strong></span> <span class='ocrx_word' id='word_1_309' title='bbox 1930 2636 2161 2704; x_wconf 79' lang='lat' dir='ltr'><strong>propria:</strong></span> 
     </span>
    </p>
   </div>
   <div class='ocr_carea' id='block_1_40' title="bbox 579 2716 2163 2797">
    <p class='ocr_par' dir='ltr' id='par_1_40' title="bbox 579 2716 2163 2797">
     <span class='ocr_line' id='line_1_40' title="bbox 579 2716 2163 2797; baseline 0.007 -27"><span class='ocrx_word' id='word_1_310' title='bbox 579 2716 909 2772; x_wconf 87' lang='lat' dir='ltr'><strong>conditionis</strong></span> <span class='ocrx_word' id='word_1_311' title='bbox 948 2719 1297 2774; x_wconf 84' lang='lat' dir='ltr'><strong>humiliauuis</strong></span> <span class='ocrx_word' id='word_1_312' title='bbox 1336 2719 1610 2779; x_wconf 66' lang='lat' dir='ltr'><strong>allectum.</strong></span> <span class='ocrx_word' id='word_1_313' title='bbox 1659 2722 1906 2791; x_wconf 86' lang='lat' dir='ltr'><strong>Obsecro,</strong></span> <span class='ocrx_word' id='word_1_314' title='bbox 1961 2727 2163 2797; x_wconf 90' lang='lat' dir='ltr'><strong>inquit,</strong></span> 
     </span>
    </p>
   </div>
   <div class='ocr_carea' id='block_1_41' title="bbox 579 2806 2158 2881">
    <p class='ocr_par' dir='ltr' id='par_1_41' title="bbox 579 2806 2158 2881">
     <span class='ocr_line' id='line_1_41' title="bbox 579 2806 2158 2881; baseline 0.006 -22"><span class='ocrx_word' id='word_1_315' title='bbox 579 2806 798 2873; x_wconf 82' lang='lat' dir='ltr'><strong>domini,</strong></span> <span class='ocrx_word' id='word_1_316' title='bbox 823 2808 1078 2863; x_wconf 81' lang='lat' dir='ltr'><strong>declinate</strong></span> <span class='ocrx_word' id='word_1_317' title='bbox 1102 2810 1153 2862; x_wconf 89' lang='lat' dir='ltr'><strong>in</strong></span> <span class='ocrx_word' id='word_1_318' title='bbox 1176 2810 1387 2864; x_wconf 89' lang='lat' dir='ltr'><strong>domum</strong></span> <span class='ocrx_word' id='word_1_319' title='bbox 1414 2814 1565 2881; x_wconf 85' lang='lat' dir='ltr'><strong>pueri</strong></span> <span class='ocrx_word' id='word_1_320' title='bbox 1591 2814 1771 2878; x_wconf 87' lang='lat' dir='ltr'><strong>vestri,</strong></span> <span class='ocrx_word' id='word_1_321' title='bbox 1812 2814 1865 2868; x_wconf 88' lang='lat' dir='ltr'><strong>id</strong></span> <span class='ocrx_word' id='word_1_322' title='bbox 1888 2822 1992 2879; x_wconf 91' lang='lat' dir='ltr'><strong>cst,</strong></span> <span class='ocrx_word' id='word_1_323' title='bbox 2018 2814 2158 2869; x_wconf 90' lang='lat' dir='ltr'><strong>intra</strong></span> 
     </span>
    </p>
   </div>
   <div class='ocr_carea' id='block_1_42' title="bbox 579 2898 2162 2976">
    <p class='ocr_par' dir='ltr' id='par_1_42' title="bbox 579 2898 2162 2976">
     <span class='ocr_line' id='line_1_42' title="bbox 579 2898 2162 2976; baseline 0.005 -22"><span class='ocrx_word' id='word_1_324' title='bbox 579 2898 926 2957; x_wconf 76' lang='lat' dir='ltr'><strong>canscieutia:</strong></span> <span class='ocrx_word' id='word_1_325' title='bbox 979 2910 1250 2956; x_wconf 81' lang='lat' dir='ltr'><strong>secretum</strong></span> <span class='ocrx_word' id='word_1_326' title='bbox 1295 2918 1322 2955; x_wconf 92' lang='lat' dir='ltr'><strong>a</strong></span> <span class='ocrx_word' id='word_1_327' title='bbox 1372 2902 1644 2959; x_wconf 83' lang='lat' dir='ltr'><strong>l&#39;orinseca</strong></span> <span class='ocrx_word' id='word_1_328' title='bbox 1701 2920 1796 2960; x_wconf 86' lang='lat' dir='ltr'><strong>vos</strong></span> <span class='ocrx_word' id='word_1_329' title='bbox 1841 2907 2162 2976; x_wconf 84' lang='lat' dir='ltr'><strong>evagatione</strong></span> 
     </span>
    </p>
   </div>
   <div class='ocr_carea' id='block_1_43' title="bbox 579 2992 2161 3064">
    <p class='ocr_par' dir='ltr' id='par_1_43' title="bbox 579 2992 2161 3064">
     <span class='ocr_line' id='line_1_43' title="bbox 579 2992 2161 3064; baseline 0.006 -19"><span class='ocrx_word' id='word_1_330' title='bbox 579 2992 897 3062; x_wconf 86' lang='lat' dir='ltr'><strong>restringite</strong></span> <span class='ocrx_word' id='word_1_331' title='bbox 925 3034 940 3058; x_wconf 90' lang='lat'><strong>,</strong></span> <span class='ocrx_word' id='word_1_332' title='bbox 989 2992 1247 3064; x_wconf 82' lang='lat' dir='ltr'><strong>vobisque</strong></span> <span class='ocrx_word' id='word_1_333' title='bbox 1304 2995 1532 3051; x_wconf 87' lang='lat' dir='ltr'><strong>rationis</strong></span> <span class='ocrx_word' id='word_1_334' title='bbox 1584 2997 1867 3052; x_wconf 86' lang='lat' dir='ltr'><strong>servitium</strong></span> <span class='ocrx_word' id='word_1_335' title='bbox 1913 2999 2161 3055; x_wconf 86' lang='lat' dir='ltr'><strong>adhiberi</strong></span> 
     </span>
    </p>
   </div>
   <div class='ocr_carea' id='block_1_44' title="bbox 478 3082 2163 3163">
    <p class='ocr_par' dir='ltr' id='par_1_44' title="bbox 478 3082 2163 3163">
     <span class='ocr_line' id='line_1_44' title="bbox 478 3082 2163 3163; baseline 0.007 -29"><span class='ocrx_word' id='word_1_336' title='bbox 478 3082 484 3087; x_wconf 85' lang='grc'><em>’</em></span> <span class='ocrx_word' id='word_1_337' title='bbox 578 3084 909 3152; x_wconf 86' lang='lat' dir='ltr'><strong>permittite;</strong></span> <span class='ocrx_word' id='word_1_338' title='bbox 942 3085 1112 3155; x_wconf 80' lang='lat' dir='ltr'><strong>ibique</strong></span> <span class='ocrx_word' id='word_1_339' title='bbox 1141 3096 1364 3153; x_wconf 83' lang='lat' dir='ltr'><strong>manete,</strong></span> <span class='ocrx_word' id='word_1_340' title='bbox 1398 3088 1497 3143; x_wconf 90' lang='lat' dir='ltr'><strong>sub</strong></span> <span class='ocrx_word' id='word_1_341' title='bbox 1527 3103 1589 3144; x_wconf 92' lang='lat' dir='ltr'><strong>ea</strong></span> <span class='ocrx_word' id='word_1_342' title='bbox 1616 3087 1825 3145; x_wconf 89' lang='lat' dir='ltr'><strong>scilicet</strong></span> <span class='ocrx_word' id='word_1_343' title='bbox 1851 3106 1947 3145; x_wconf 92' lang='lat' dir='ltr'><strong>vos</strong></span> <span class='ocrx_word' id='word_1_344' title='bbox 1981 3106 2163 3163; x_wconf 90' lang='lat' dir='ltr'><strong>perse-</strong></span> 
     </span>
    </p>
   </div>
   <div class='ocr_carea' id='block_1_45' title="bbox 579 3178 2165 3252">
    <p class='ocr_par' dir='ltr' id='par_1_45' title="bbox 579 3178 2165 3252">
     <span class='ocr_line' id='line_1_45' title="bbox 579 3178 2165 3252; baseline 0.005 -21"><span class='ocrx_word' id='word_1_345' title='bbox 579 3178 785 3233; x_wconf 86' lang='lat' dir='ltr'><strong>veranti</strong></span> <span class='ocrx_word' id='word_1_346' title='bbox 810 3179 1066 3235; x_wconf 86' lang='lat' dir='ltr'><strong>instantia</strong></span> <span class='ocrx_word' id='word_1_347' title='bbox 1092 3181 1359 3247; x_wconf 90' lang='lat' dir='ltr'><strong>cohibete,</strong></span> <span class='ocrx_word' id='word_1_348' title='bbox 1376 3182 1531 3252; x_wconf 84' lang='lat' dir='ltr'><strong>pedes</strong></span> <span class='ocrx_word' id='word_1_349' title='bbox 1549 3193 1740 3237; x_wconf 82' lang='lat' dir='ltr'><strong>vestros</strong></span> <span class='ocrx_word' id='word_1_350' title='bbox 1763 3183 1954 3249; x_wconf 72' lang='lat' dir='ltr'><strong>lavate,</strong></span> <span class='ocrx_word' id='word_1_351' title='bbox 1977 3184 2165 3239; x_wconf 89' lang='lat' dir='ltr'><strong>sordes</strong></span> 
     </span>
    </p>
   </div>
   <div class='ocr_carea' id='block_1_46' title="bbox 2267 1982 3849 2059">
    <p class='ocr_par' dir='ltr' id='par_1_46' title="bbox 2267 1982 3849 2059">
     <span class='ocr_line' id='line_1_46' title="bbox 2267 1982 3849 2059; baseline 0.004 -23"><span class='ocrx_word' id='word_1_352' title='bbox 2267 1982 2401 2036; x_wconf 75' lang='lat' dir='ltr'><strong>ralia</strong></span> <span class='ocrx_word' id='word_1_353' title='bbox 2439 1982 2692 2051; x_wconf 87' lang='lat' dir='ltr'><strong>crimina,</strong></span> <span class='ocrx_word' id='word_1_354' title='bbox 2733 1982 2851 2041; x_wconf 89' lang='lat' dir='ltr'><strong>sine</strong></span> <span class='ocrx_word' id='word_1_355' title='bbox 2895 1986 3091 2058; x_wconf 87' lang='lat' dir='ltr'><strong>quibus</strong></span> <span class='ocrx_word' id='word_1_356' title='bbox 3129 1996 3186 2043; x_wconf 91' lang='lat' dir='ltr'><strong>et</strong></span> <span class='ocrx_word' id='word_1_357' title='bbox 3233 2003 3303 2043; x_wconf 90' lang='lat' dir='ltr'><strong>ex</strong></span> <span class='ocrx_word' id='word_1_358' title='bbox 3348 1996 3505 2059; x_wconf 86' lang='lat' dir='ltr'><strong>parte</strong></span> <span class='ocrx_word' id='word_1_359' title='bbox 3538 1988 3707 2043; x_wconf 87' lang='lat' dir='ltr'><strong>luisse</strong></span> <span class='ocrx_word' id='word_1_360' title='bbox 3747 1998 3849 2043; x_wconf 85' lang='lat' dir='ltr'><strong>tra-</strong></span> 
     </span>
    </p>
   </div>
   <div class='ocr_carea' id='block_1_47' title="bbox 2265 2072 3849 2148">
    <p class='ocr_par' dir='ltr' id='par_1_47' title="bbox 2265 2072 3849 2148">
     <span class='ocr_line' id='line_1_47' title="bbox 2265 2072 3849 2148; baseline 0.002 -21"><span class='ocrx_word' id='word_1_361' title='bbox 2265 2072 2467 2127; x_wconf 75' lang='lat' dir='ltr'><strong>dantur</strong></span> <span class='ocrx_word' id='word_1_362' title='bbox 2496 2081 2631 2131; x_wconf 80' lang='lat' dir='ltr'><strong>ante</strong></span> <span class='ocrx_word' id='word_1_363' title='bbox 2674 2075 2939 2131; x_wconf 72' lang='lat' dir='ltr'><strong>diluvium</strong></span> <span class='ocrx_word' id='word_1_364' title='bbox 2997 2086 3276 2148; x_wconf 80' lang='lat' dir='ltr'><strong>tempora,</strong></span> <span class='ocrx_word' id='word_1_365' title='bbox 3326 2087 3385 2133; x_wconf 93' lang='lat' dir='ltr'><strong>ut</strong></span> <span class='ocrx_word' id='word_1_366' title='bbox 3437 2087 3563 2133; x_wconf 90' lang='lat' dir='ltr'><strong>sunt</strong></span> <span class='ocrx_word' id='word_1_367' title='bbox 3603 2078 3849 2143; x_wconf 86' lang='lat' dir='ltr'><strong>avaritia,</strong></span> 
     </span>
    </p>
   </div>
   <div class='ocr_carea' id='block_1_48' title="bbox 2264 2165 3846 2240">
    <p class='ocr_par' dir='ltr' id='par_1_48' title="bbox 2264 2165 3846 2240">
     <span class='ocr_line' id='line_1_48' title="bbox 2264 2165 3846 2240; baseline 0.004 -22"><span class='ocrx_word' id='word_1_368' title='bbox 2264 2165 2591 2235; x_wconf 87' lang='lat' dir='ltr'><strong>cenodoxia,</strong></span> <span class='ocrx_word' id='word_1_369' title='bbox 2623 2166 2977 2238; x_wconf 83' lang='lat' dir='ltr'><strong>cultuumque</strong></span> <span class='ocrx_word' id='word_1_370' title='bbox 3003 2179 3351 2225; x_wconf 82' lang='lat' dir='ltr'><strong>externorqu</strong></span> <span class='ocrx_word' id='word_1_371' title='bbox 3382 2171 3660 2240; x_wconf 85' lang='lat' dir='ltr'><strong>superbia,</strong></span> <span class='ocrx_word' id='word_1_372' title='bbox 3690 2170 3846 2240; x_wconf 84' lang='lat' dir='ltr'><strong>longo</strong></span> 
     </span>
    </p>
   </div>
   <div class='ocr_carea' id='block_1_49' title="bbox 2264 2262 3849 2333">
    <p class='ocr_par' dir='ltr' id='par_1_49' title="bbox 2264 2262 3849 2333">
     <span class='ocr_line' id='line_1_49' title="bbox 2264 2262 3849 2333; baseline 0.005 -22"><span class='ocrx_word' id='word_1_373' title='bbox 2264 2268 2445 2315; x_wconf 87' lang='lat' dir='ltr'><strong>autem</strong></span> <span class='ocrx_word' id='word_1_374' title='bbox 2481 2268 2607 2330; x_wconf 87' lang='lat' dir='ltr'><strong>post</strong></span> <span class='ocrx_word' id='word_1_375' title='bbox 2648 2269 2897 2333; x_wconf 88' lang='lat' dir='ltr'><strong>tempore</strong></span> <span class='ocrx_word' id='word_1_376' title='bbox 2928 2274 3162 2332; x_wconf 87' lang='lat' dir='ltr'><strong>reperta,</strong></span> <span class='ocrx_word' id='word_1_377' title='bbox 3194 2262 3301 2317; x_wconf 89' lang='lat' dir='ltr'><strong>imo</strong></span> <span class='ocrx_word' id='word_1_378' title='bbox 3332 2264 3612 2333; x_wconf 88' lang='lat' dir='ltr'><strong>producta,</strong></span> <span class='ocrx_word' id='word_1_379' title='bbox 3644 2263 3849 2319; x_wconf 87' lang='lat' dir='ltr'><strong>acriore</strong></span> 
     </span>
    </p>
   </div>
   <div class='ocr_carea' id='block_1_50' title="bbox 2265 2350 3848 2423">
    <p class='ocr_par' dir='ltr' id='par_1_50' title="bbox 2265 2350 3848 2423">
     <span class='ocr_line' id='line_1_50' title="bbox 2265 2350 3848 2423; baseline 0.004 -21"><span class='ocrx_word' id='word_1_380' title='bbox 2265 2364 2409 2404; x_wconf 90' lang='lat' dir='ltr'><strong>nunc</strong></span> <span class='ocrx_word' id='word_1_381' title='bbox 2431 2350 2642 2407; x_wconf 83' lang='lat' dir='ltr'><strong>fervent</strong></span> <span class='ocrx_word' id='word_1_382' title='bbox 2672 2352 2915 2419; x_wconf 89' lang='lat' dir='ltr'><strong>insania;</strong></span> <span class='ocrx_word' id='word_1_383' title='bbox 2948 2367 3107 2408; x_wconf 89' lang='lat' dir='ltr'><strong>senes</strong></span> <span class='ocrx_word' id='word_1_384' title='bbox 3131 2368 3259 2408; x_wconf 90' lang='lat' dir='ltr'><strong>vero</strong></span> <span class='ocrx_word' id='word_1_385' title='bbox 3298 2353 3709 2423; x_wconf 85' lang='lat' dir='ltr'><strong>gastrimargia,</strong></span> <span class='ocrx_word' id='word_1_386' title='bbox 3749 2354 3848 2417; x_wconf 87' lang='lat' dir='ltr'><strong>ira.</strong></span> 
     </span>
    </p>
   </div>
   <div class='ocr_carea' id='block_1_51' title="bbox 2266 2441 3851 2515">
    <p class='ocr_par' dir='ltr' id='par_1_51' title="bbox 2266 2441 3851 2515">
     <span class='ocr_line' id='line_1_51' title="bbox 2266 2441 3851 2515; baseline 0.004 -21"><span class='ocrx_word' id='word_1_387' title='bbox 2266 2441 2526 2508; x_wconf 90' lang='lat' dir='ltr'><strong>tristitia,</strong></span> <span class='ocrx_word' id='word_1_388' title='bbox 2577 2444 2814 2511; x_wconf 88' lang='lat' dir='ltr'><strong>luxuria.</strong></span> <span class='ocrx_word' id='word_1_389' title='bbox 2853 2444 2919 2499; x_wconf 81' lang='lat' dir='ltr'><strong>Hi</strong></span> <span class='ocrx_word' id='word_1_390' title='bbox 2952 2445 3137 2515; x_wconf 85' lang='lat' dir='ltr'><strong>itaque</strong></span> <span class='ocrx_word' id='word_1_391' title='bbox 3175 2460 3297 2500; x_wconf 89' lang='lat' dir='ltr'><strong>cum</strong></span> <span class='ocrx_word' id='word_1_392' title='bbox 3335 2446 3481 2499; x_wconf 90' lang='lat' dir='ltr'><strong>omni</strong></span> <span class='ocrx_word' id='word_1_393' title='bbox 3523 2447 3851 2515; x_wconf 87' lang='lat' dir='ltr'><strong>cogitatuum</strong></span> 
     </span>
    </p>
   </div>
   <div class='ocr_carea' id='block_1_52' title="bbox 2263 2536 3850 2610">
    <p class='ocr_par' dir='ltr' id='par_1_52' title="bbox 2263 2536 3850 2610">
     <span class='ocr_line' id='line_1_52' title="bbox 2263 2536 3850 2610; baseline 0.003 -22"><span class='ocrx_word' id='word_1_394' title='bbox 2263 2536 2565 2591; x_wconf 89' lang='lat' dir='ltr'><strong>carnalium</strong></span> <span class='ocrx_word' id='word_1_395' title='bbox 2592 2538 2791 2608; x_wconf 90' lang='lat' dir='ltr'><strong>populo</strong></span> <span class='ocrx_word' id='word_1_396' title='bbox 2827 2537 2931 2593; x_wconf 86' lang='lat' dir='ltr'><strong>Lot</strong></span> <span class='ocrx_word' id='word_1_397' title='bbox 2964 2549 3225 2607; x_wconf 87' lang='lat' dir='ltr'><strong>evocant,</strong></span> <span class='ocrx_word' id='word_1_398' title='bbox 3274 2540 3401 2610; x_wconf 88' lang='lat' dir='ltr'><strong>quia</strong></span> <span class='ocrx_word' id='word_1_399' title='bbox 3430 2539 3850 2595; x_wconf 78' lang='lat' dir='ltr'><strong>delecmtiouum</strong></span> 
     </span>
    </p>
   </div>
   <div class='ocr_carea' id='block_1_53' title="bbox 2262 2628 3849 2700">
    <p class='ocr_par' dir='ltr' id='par_1_53' title="bbox 2262 2628 3849 2700">
     <span class='ocr_line' id='line_1_53' title="bbox 2262 2628 3849 2700; baseline 0.004 -22"><span class='ocrx_word' id='word_1_400' title='bbox 2262 2628 2674 2695; x_wconf 64' lang='lat' dir='ltr'><strong>praeteritarum</strong></span> <span class='ocrx_word' id='word_1_401' title='bbox 2706 2628 3040 2697; x_wconf 84' lang='lat' dir='ltr'><strong>dulcedines,</strong></span> <span class='ocrx_word' id='word_1_402' title='bbox 3069 2640 3124 2687; x_wconf 90' lang='lat' dir='ltr'><strong>et</strong></span> <span class='ocrx_word' id='word_1_403' title='bbox 3160 2646 3346 2686; x_wconf 88' lang='lat' dir='ltr'><strong>earum</strong></span> <span class='ocrx_word' id='word_1_404' title='bbox 3375 2647 3575 2695; x_wconf 86' lang='lat' dir='ltr'><strong>rerum,</strong></span> <span class='ocrx_word' id='word_1_405' title='bbox 3607 2647 3727 2700; x_wconf 68' lang='lat' dir='ltr'><strong>quae</strong></span> <span class='ocrx_word' id='word_1_406' title='bbox 3755 2631 3849 2685; x_wconf 86' lang='lat' dir='ltr'><strong>im-</strong></span> 
     </span>
    </p>
   </div>
   <div class='ocr_carea' id='block_1_54' title="bbox 2262 2720 3852 2791">
    <p class='ocr_par' dir='ltr' id='par_1_54' title="bbox 2262 2720 3852 2791">
     <span class='ocr_line' id='line_1_54' title="bbox 2262 2720 3852 2791; baseline 0.004 -19"><span class='ocrx_word' id='word_1_407' title='bbox 2262 2720 2676 2787; x_wconf 78' lang='lat' dir='ltr'><strong>praesentiarum</strong></span> <span class='ocrx_word' id='word_1_408' title='bbox 2704 2729 2980 2789; x_wconf 91' lang='lat' dir='ltr'><strong>tenentur,</strong></span> <span class='ocrx_word' id='word_1_409' title='bbox 3014 2738 3228 2779; x_wconf 90' lang='lat' dir='ltr'><strong>amores</strong></span> <span class='ocrx_word' id='word_1_410' title='bbox 3252 2724 3446 2779; x_wconf 88' lang='lat' dir='ltr'><strong>rationi</strong></span> <span class='ocrx_word' id='word_1_411' title='bbox 3477 2723 3773 2791; x_wconf 86' lang='lat' dir='ltr'><strong>objectant,</strong></span> <span class='ocrx_word' id='word_1_412' title='bbox 3796 2733 3852 2778; x_wconf 90' lang='lat' dir='ltr'><strong>et</strong></span> 
     </span>
    </p>
   </div>
   <div class='ocr_carea' id='block_1_55' title="bbox 2263 2811 3850 2887">
    <p class='ocr_par' dir='ltr' id='par_1_55' title="bbox 2263 2811 3850 2887">
     <span class='ocr_line' id='line_1_55' title="bbox 2263 2811 3850 2887; baseline 0.004 -24"><span class='ocrx_word' id='word_1_413' title='bbox 2263 2811 2331 2864; x_wconf 71' lang='lat' dir='ltr'><strong>ad</strong></span> <span class='ocrx_word' id='word_1_414' title='bbox 2363 2811 2502 2866; x_wconf 91' lang='lat' dir='ltr'><strong>bona</strong></span> <span class='ocrx_word' id='word_1_415' title='bbox 2530 2814 2804 2870; x_wconf 80' lang='lat' dir='ltr'><strong>exteriora</strong></span> <span class='ocrx_word' id='word_1_416' title='bbox 2843 2815 3141 2871; x_wconf 87' lang='lat' dir='ltr'><strong>haurienda</strong></span> <span class='ocrx_word' id='word_1_417' title='bbox 3172 2816 3516 2887; x_wconf 75' lang='lat' dir='ltr'><strong>compellant.</strong></span> <span class='ocrx_word' id='word_1_418' title='bbox 3568 2814 3668 2870; x_wconf 83' lang='lat' dir='ltr'><strong>Ubi</strong></span> <span class='ocrx_word' id='word_1_419' title='bbox 3707 2826 3850 2876; x_wconf 80' lang='lat' dir='ltr'><strong>sunt.</strong></span> 
     </span>
    </p>
   </div>
   <div class='ocr_carea' id='block_1_56' title="bbox 2263 2903 3854 2978">
    <p class='ocr_par' dir='ltr' id='par_1_56' title="bbox 2263 2903 3854 2978">
     <span class='ocr_line' id='line_1_56' title="bbox 2263 2903 3854 2978; baseline 0.004 -21"><span class='ocrx_word' id='word_1_420' title='bbox 2263 2903 2535 2973; x_wconf 90' lang='lat' dir='ltr'><strong>inquiunt,</strong></span> <span class='ocrx_word' id='word_1_421' title='bbox 2582 2906 2682 2961; x_wconf 86' lang='lat' dir='ltr'><strong>viri</strong></span> <span class='ocrx_word' id='word_1_422' title='bbox 2708 2908 2799 2978; x_wconf 87' lang='lat' dir='ltr'><strong>qui</strong></span> <span class='ocrx_word' id='word_1_423' title='bbox 2828 2909 3141 2963; x_wconf 87' lang='lat' dir='ltr'><strong>introierunt</strong></span> <span class='ocrx_word' id='word_1_424' title='bbox 3170 2910 3239 2963; x_wconf 88' lang='lat' dir='ltr'><strong>ad</strong></span> <span class='ocrx_word' id='word_1_425' title='bbox 3261 2920 3310 2963; x_wconf 91' lang='lat' dir='ltr'><strong>te</strong></span> <span class='ocrx_word' id='word_1_426' title='bbox 3338 2920 3509 2975; x_wconf 88' lang='lat' dir='ltr'><strong>nocte,</strong></span> <span class='ocrx_word' id='word_1_427' title='bbox 3540 2919 3726 2964; x_wconf 90' lang='lat' dir='ltr'><strong>tenera</strong></span> <span class='ocrx_word' id='word_1_428' title='bbox 3748 2911 3854 2965; x_wconf 83' lang='lat' dir='ltr'><strong>sci-</strong></span> 
     </span>
    </p>
   </div>
   <div class='ocr_carea' id='block_1_57' title="bbox 2264 2993 3853 3072">
    <p class='ocr_par' dir='ltr' id='par_1_57' title="bbox 2264 2993 3853 3072">
     <span class='ocr_line' id='line_1_57' title="bbox 2264 2993 3853 3072; baseline 0.005 -24"><span class='ocrx_word' id='word_1_429' title='bbox 2264 2993 2391 3050; x_wconf 84' lang='lat' dir='ltr'><strong>licet</strong></span> <span class='ocrx_word' id='word_1_430' title='bbox 2425 2996 2515 3052; x_wconf 88' lang='lat' dir='ltr'><strong>illa</strong></span> <span class='ocrx_word' id='word_1_431' title='bbox 2548 2999 2819 3067; x_wconf 90' lang='lat' dir='ltr'><strong>quondam</strong></span> <span class='ocrx_word' id='word_1_432' title='bbox 2861 3000 3088 3056; x_wconf 86' lang='lat' dir='ltr'><strong>interior</strong></span> <span class='ocrx_word' id='word_1_433' title='bbox 3128 3002 3479 3072; x_wconf 84' lang='lat' dir='ltr'><strong>exleriorque</strong></span> <span class='ocrx_word' id='word_1_434' title='bbox 3525 3001 3853 3057; x_wconf 82' lang='lat' dir='ltr'><strong>sensualitas</strong></span> 
     </span>
    </p>
   </div>
   <div class='ocr_carea' id='block_1_58' title="bbox 2267 3093 3848 3159">
    <p class='ocr_par' dir='ltr' id='par_1_58' title="bbox 2267 3093 3848 3159">
     <span class='ocr_line' id='line_1_58' title="bbox 2267 3093 3848 3159; baseline 0.007 -20"><span class='ocrx_word' id='word_1_435' title='bbox 2267 3094 2378 3151; x_wconf 82' lang='lat' dir='ltr'><strong>tua,</strong></span> <span class='ocrx_word' id='word_1_436' title='bbox 2429 3104 2591 3159; x_wconf 88' lang='lat' dir='ltr'><strong>quam</strong></span> <span class='ocrx_word' id='word_1_437' title='bbox 2645 3107 2789 3146; x_wconf 90' lang='lat' dir='ltr'><strong>nunc</strong></span> <span class='ocrx_word' id='word_1_438' title='bbox 2838 3093 2939 3148; x_wconf 89' lang='lat' dir='ltr'><strong>sub</strong></span> <span class='ocrx_word' id='word_1_439' title='bbox 2987 3093 3128 3148; x_wconf 89' lang='lat' dir='ltr'><strong>virili</strong></span> <span class='ocrx_word' id='word_1_440' title='bbox 3171 3094 3366 3150; x_wconf 89' lang='lat' dir='ltr'><strong>robore</strong></span> <span class='ocrx_word' id='word_1_441' title='bbox 3436 3094 3848 3159; x_wconf 75' lang='lat' dir='ltr'><strong>constrinxeris,</strong></span> 
     </span>
    </p>
   </div>
   <div class='ocr_carea' id='block_1_59' title="bbox 2268 3179 3851 3254">
    <p class='ocr_par' dir='ltr' id='par_1_59' title="bbox 2268 3179 3851 3254">
     <span class='ocr_line' id='line_1_59' title="bbox 2268 3179 3851 3254; baseline 0.006 -25"><span class='ocrx_word' id='word_1_442' title='bbox 2268 3179 2484 3233; x_wconf 87' lang='lat' dir='ltr'><strong>attende</strong></span> <span class='ocrx_word' id='word_1_443' title='bbox 2525 3179 2578 3233; x_wconf 90' lang='lat' dir='ltr'><strong>in</strong></span> <span class='ocrx_word' id='word_1_444' title='bbox 2614 3195 2722 3249; x_wconf 84' lang='lat' dir='ltr'><strong>quo</strong></span> <span class='ocrx_word' id='word_1_445' title='bbox 2766 3191 2907 3236; x_wconf 90' lang='lat' dir='ltr'><strong>statu</strong></span> <span class='ocrx_word' id='word_1_446' title='bbox 2953 3183 3052 3248; x_wconf 84' lang='lat' dir='ltr'><strong>sit,</strong></span> <span class='ocrx_word' id='word_1_447' title='bbox 3098 3199 3167 3238; x_wconf 84' lang='lat' dir='ltr'><strong>an</strong></span> <span class='ocrx_word' id='word_1_448' title='bbox 3200 3184 3252 3238; x_wconf 92' lang='lat' dir='ltr'><strong>in</strong></span> <span class='ocrx_word' id='word_1_449' title='bbox 3283 3199 3347 3239; x_wconf 93' lang='lat' dir='ltr'><strong>eo</strong></span> <span class='ocrx_word' id='word_1_450' title='bbox 3374 3199 3723 3254; x_wconf 88' lang='lat' dir='ltr'><strong>perseverare</strong></span> <span class='ocrx_word' id='word_1_451' title='bbox 3754 3187 3851 3240; x_wconf 89' lang='lat' dir='ltr'><strong>tibi</strong></span> 
     </span>
    </p>
   </div>
   <div class='ocr_carea' id='block_1_60' title="bbox 576 3254 3850 3345">
    <p class='ocr_par' dir='ltr' id='par_1_60' title="bbox 576 3254 3850 3345">
     <span class='ocr_line' id='line_1_60' title="bbox 576 3254 3850 3345; baseline 0.002 -21"><span class='ocrx_word' id='word_1_452' title='bbox 576 3272 821 3336; x_wconf 73' lang='lat' dir='ltr'><strong>maiilitn,</strong></span> <span class='ocrx_word' id='word_1_453' title='bbox 850 3287 988 3345; x_wconf 78' lang='lat' dir='ltr'><strong>quas</strong></span> <span class='ocrx_word' id='word_1_454' title='bbox 1016 3271 1318 3327; x_wconf 77' lang='lat' dir='ltr'><strong>all&#39;ectando</strong></span> <span class='ocrx_word' id='word_1_455' title='bbox 1347 3282 1567 3328; x_wconf 85' lang='lat' dir='ltr'><strong>terrena</strong></span> <span class='ocrx_word' id='word_1_456' title='bbox 1594 3273 1965 3338; x_wconf 81' lang='lat' dir='ltr'><strong>contraxistis,</strong></span> <span class='ocrx_word' id='word_1_457' title='bbox 1992 3274 2167 3343; x_wconf 80' lang='lat' dir='ltr'><strong>pseni-</strong></span> <span class='ocrx_word' id='word_1_458' title='bbox 2191 3254 2234 3311; x_wconf 63' lang='grc' dir='ltr'><strong>(ἶ</strong></span> <span class='ocrx_word' id='word_1_459' title='bbox 2266 3269 2524 3337; x_wconf 78' lang='lat' dir='ltr'><strong>possibile</strong></span> <span class='ocrx_word' id='word_1_460' title='bbox 2563 3272 2655 3335; x_wconf 90' lang='lat' dir='ltr'><strong>sit,</strong></span> <span class='ocrx_word' id='word_1_461' title='bbox 2684 3273 2775 3342; x_wconf 91' lang='lat' dir='ltr'><strong>qui</strong></span> <span class='ocrx_word' id='word_1_462' title='bbox 2814 3274 2881 3328; x_wconf 85' lang='lat' dir='ltr'><strong>ad</strong></span> <span class='ocrx_word' id='word_1_463' title='bbox 2927 3282 2980 3328; x_wconf 91' lang='lat' dir='ltr'><strong>te</strong></span> <span class='ocrx_word' id='word_1_464' title='bbox 3011 3283 3195 3340; x_wconf 88' lang='lat' dir='ltr'><strong>noctu,</strong></span> <span class='ocrx_word' id='word_1_465' title='bbox 3236 3275 3291 3329; x_wconf 91' lang='lat' dir='ltr'><strong>id</strong></span> <span class='ocrx_word' id='word_1_466' title='bbox 3323 3284 3408 3331; x_wconf 85' lang='lat' dir='ltr'><strong>est</strong></span> <span class='ocrx_word' id='word_1_467' title='bbox 3437 3276 3729 3345; x_wconf 89' lang='lat' dir='ltr'><strong>improvise</strong></span> <span class='ocrx_word' id='word_1_468' title='bbox 3763 3276 3850 3330; x_wconf 90' lang='lat' dir='ltr'><strong>in-</strong></span> 
     </span>
    </p>
   </div>
   <div class='ocr_carea' id='block_1_61' title="bbox 578 3364 2160 3436">
    <p class='ocr_par' dir='ltr' id='par_1_61' title="bbox 578 3364 2160 3436">
     <span class='ocr_line' id='line_1_61' title="bbox 578 3364 2160 3436; baseline -0.002 -15"><span class='ocrx_word' id='word_1_469' title='bbox 578 3364 742 3421; x_wconf 84' lang='lat' dir='ltr'><strong>tendo</strong></span> <span class='ocrx_word' id='word_1_470' title='bbox 765 3365 984 3433; x_wconf 88' lang='lat' dir='ltr'><strong>diluite;</strong></span> <span class='ocrx_word' id='word_1_471' title='bbox 1027 3382 1179 3421; x_wconf 87' lang='lat' dir='ltr'><strong>mane</strong></span> <span class='ocrx_word' id='word_1_472' title='bbox 1212 3366 1269 3421; x_wconf 85' lang='lat' dir='ltr'><strong>in</strong></span> <span class='ocrx_word' id='word_1_473' title='bbox 1313 3366 1448 3421; x_wconf 87' lang='lat' dir='ltr'><strong>viam</strong></span> <span class='ocrx_word' id='word_1_474' title='bbox 1481 3376 1705 3420; x_wconf 76' lang='lat' dir='ltr'><strong>vestram</strong></span> <span class='ocrx_word' id='word_1_475' title='bbox 1739 3366 2160 3436; x_wconf 74' lang='lat' dir='ltr'><strong>proficiscemini,</strong></span> 
     </span>
    </p>
   </div>
   <div class='ocr_carea' id='block_1_62' title="bbox 579 3456 2163 3528">
    <p class='ocr_par' dir='ltr' id='par_1_62' title="bbox 579 3456 2163 3528">
     <span class='ocr_line' id='line_1_62' title="bbox 579 3456 2163 3528; baseline -0.001 -16"><span class='ocrx_word' id='word_1_476' title='bbox 579 3458 956 3528; x_wconf 79' lang='lat' dir='ltr'><strong>radiontique</strong></span> <span class='ocrx_word' id='word_1_477' title='bbox 1007 3456 1519 3514; x_wconf 77' lang='lat' dir='ltr'><strong>divinze‘charitatis</strong></span> <span class='ocrx_word' id='word_1_478' title='bbox 1558 3457 1756 3512; x_wconf 90' lang='lat' dir='ltr'><strong>vestris</strong></span> <span class='ocrx_word' id='word_1_479' title='bbox 1801 3456 2052 3511; x_wconf 89' lang='lat' dir='ltr'><strong>sensibus</strong></span> <span class='ocrx_word' id='word_1_480' title='bbox 2082 3456 2163 3511; x_wconf 72' lang='lat' dir='ltr'><strong>ia-</strong></span> 
     </span>
    </p>
   </div>
   <div class='ocr_carea' id='block_1_63' title="bbox 578 3546 2159 3617">
    <p class='ocr_par' dir='ltr' id='par_1_63' title="bbox 578 3546 2159 3617">
     <span class='ocr_line' id='line_1_63' title="bbox 578 3546 2159 3617; baseline -0.001 -17"><span class='ocrx_word' id='word_1_481' title='bbox 578 3546 842 3617; x_wconf 69' lang='lat' dir='ltr'><strong>fulgente,</strong></span> <span class='ocrx_word' id='word_1_482' title='bbox 870 3547 1174 3614; x_wconf 88' lang='lat' dir='ltr'><strong>Christum,</strong></span> <span class='ocrx_word' id='word_1_483' title='bbox 1213 3547 1306 3616; x_wconf 93' lang='lat' dir='ltr'><strong>qui</strong></span> <span class='ocrx_word' id='word_1_484' title='bbox 1348 3548 1434 3601; x_wconf 89' lang='lat' dir='ltr'><strong>via</strong></span> <span class='ocrx_word' id='word_1_485' title='bbox 1466 3547 1533 3602; x_wconf 90' lang='lat' dir='ltr'><strong>ad</strong></span> <span class='ocrx_word' id='word_1_486' title='bbox 1579 3561 1638 3602; x_wconf 88' lang='lat' dir='ltr'><strong>se</strong></span> <span class='ocrx_word' id='word_1_487' title='bbox 1684 3546 2028 3601; x_wconf 90' lang='lat' dir='ltr'><strong>tendentibus</strong></span> <span class='ocrx_word' id='word_1_488' title='bbox 2055 3553 2159 3611; x_wconf 89' lang='lat' dir='ltr'><strong>est,</strong></span> 
     </span>
    </p>
   </div>
   <div class='ocr_carea' id='block_1_64' title="bbox 580 3636 2159 3709">
    <p class='ocr_par' dir='ltr' id='par_1_64' title="bbox 580 3636 2159 3709">
     <span class='ocr_line' id='line_1_64' title="bbox 580 3636 2159 3709; baseline -0.002 -17"><span class='ocrx_word' id='word_1_489' title='bbox 580 3637 836 3693; x_wconf 86' lang='lat' dir='ltr'><strong>desiderii</strong></span> <span class='ocrx_word' id='word_1_490' title='bbox 864 3638 1035 3692; x_wconf 86' lang='lat' dir='ltr'><strong>sancti</strong></span> <span class='ocrx_word' id='word_1_491' title='bbox 1060 3637 1307 3709; x_wconf 90' lang='lat' dir='ltr'><strong>passibus</strong></span> <span class='ocrx_word' id='word_1_492' title='bbox 1328 3636 1735 3708; x_wconf 85' lang='lat' dir='ltr'><strong>aggrediemiui.</strong></span> <span class='ocrx_word' id='word_1_493' title='bbox 1761 3636 1864 3705; x_wconf 85' lang='lat' dir='ltr'><strong>Qui</strong></span> <span class='ocrx_word' id='word_1_494' title='bbox 1878 3637 2159 3691; x_wconf 76' lang='lat' dir='ltr'><strong>dixerunt:</strong></span> 
     </span>
    </p>
   </div>
   <div class='ocr_carea' id='block_1_65' title="bbox 579 3731 1655 3802">
    <p class='ocr_par' dir='ltr' id='par_1_65' title="bbox 579 3731 1655 3802">
     <span class='ocr_line' id='line_1_65' title="bbox 579 3731 1655 3802; baseline -0.001 -15"><span class='ocrx_word' id='word_1_495' title='bbox 579 3732 822 3801; x_wconf 79' lang='lat' dir='ltr'><strong>Minime,</strong></span> <span class='ocrx_word' id='word_1_496' title='bbox 854 3733 949 3789; x_wconf 82' lang='lat' dir='ltr'><strong>sed</strong></span> <span class='ocrx_word' id='word_1_497' title='bbox 1000 3732 1056 3786; x_wconf 88' lang='lat' dir='ltr'><strong>in</strong></span> <span class='ocrx_word' id='word_1_498' title='bbox 1102 3731 1277 3802; x_wconf 85' lang='lat' dir='ltr'><strong>platea</strong></span> <span class='ocrx_word' id='word_1_499' title='bbox 1314 3731 1655 3786; x_wconf 83' lang='lat' dir='ltr'><strong>manebimus.</strong></span> 
     </span>
    </p>
   </div>
   <div class='ocr_carea' id='block_1_66' title="bbox 649 3820 2163 3892">
    <p class='ocr_par' dir='ltr' id='par_1_66' title="bbox 649 3820 2163 3892">
     <span class='ocr_line' id='line_1_66' title="bbox 649 3820 2163 3892; baseline -0.001 -16"><span class='ocrx_word' id='word_1_500' title='bbox 649 3823 811 3879; x_wconf 70' lang='lat' dir='ltr'><strong>Vens.</strong></span> <span class='ocrx_word' id='word_1_501' title='bbox 835 3821 889 3877; x_wconf 80' lang='lat'><strong>5.</strong></span> <span class='ocrx_word' id='word_1_502' title='bbox 916 3853 986 3862; x_wconf 93' lang='lat'><strong>—</strong></span> <span class='ocrx_word' id='word_1_503' title='bbox 1012 3820 1273 3892; x_wconf 86' lang='lat' dir='ltr'><strong>Compulit</strong></span> <span class='ocrx_word' id='word_1_504' title='bbox 1295 3820 1412 3875; x_wconf 86' lang='lat' dir='ltr'><strong>illos</strong></span> <span class='ocrx_word' id='word_1_505' title='bbox 1438 3821 1650 3892; x_wconf 83' lang='lat' dir='ltr'><strong>oppido,</strong></span> <span class='ocrx_word' id='word_1_506' title='bbox 1679 3830 1733 3875; x_wconf 89' lang='lat' dir='ltr'><strong>ut</strong></span> <span class='ocrx_word' id='word_1_507' title='bbox 1757 3822 2064 3876; x_wconf 86' lang='lat' dir='ltr'><strong>divertereut</strong></span> <span class='ocrx_word' id='word_1_508' title='bbox 2090 3823 2163 3875; x_wconf 65' lang='lat' dir='ltr'><strong>ad,</strong></span> 
     </span>
    </p>
   </div>
   <div class='ocr_carea' id='block_1_67' title="bbox 580 3915 2159 3987">
    <p class='ocr_par' dir='ltr' id='par_1_67' title="bbox 580 3915 2159 3987">
     <span class='ocr_line' id='line_1_67' title="bbox 580 3915 2159 3987; baseline -0.001 -15"><span class='ocrx_word' id='word_1_509' title='bbox 580 3934 698 3972; x_wconf 85' lang='lat' dir='ltr'><strong>eum</strong></span> <span class='ocrx_word' id='word_1_510' title='bbox 718 3933 733 3983; x_wconf 92' lang='lat'><strong>;</strong></span> <span class='ocrx_word' id='word_1_511' title='bbox 757 3917 1101 3987; x_wconf 82' lang='lat' dir='ltr'><strong>ingressisque</strong></span> <span class='ocrx_word' id='word_1_512' title='bbox 1134 3916 1345 3973; x_wconf 88' lang='lat' dir='ltr'><strong>domum</strong></span> <span class='ocrx_word' id='word_1_513' title='bbox 1370 3915 1513 3970; x_wconf 83' lang='lat' dir='ltr'><strong>illius</strong></span> <span class='ocrx_word' id='word_1_514' title='bbox 1539 3916 1659 3986; x_wconf 88' lang='lat' dir='ltr'><strong>fecit</strong></span> <span class='ocrx_word' id='word_1_515' title='bbox 1682 3916 1989 3979; x_wconf 76' lang='lat' dir='ltr'><strong>convivium,</strong></span> <span class='ocrx_word' id='word_1_516' title='bbox 2022 3918 2159 3970; x_wconf 76' lang='lat' dir='ltr'><strong>coxit</strong></span> 
     </span>
    </p>
   </div>
   <div class='ocr_carea' id='block_1_68' title="bbox 579 4005 2158 4080">
    <p class='ocr_par' dir='ltr' id='par_1_68' title="bbox 579 4005 2158 4080">
     <span class='ocr_line' id='line_1_68' title="bbox 579 4005 2158 4080; baseline -0.003 -17"><span class='ocrx_word' id='word_1_517' title='bbox 579 4025 792 4080; x_wconf 79' lang='lat' dir='ltr'><strong>azyma,</strong></span> <span class='ocrx_word' id='word_1_518' title='bbox 806 4016 851 4063; x_wconf 84' lang='lat' dir='ltr'><strong>et</strong></span> <span class='ocrx_word' id='word_1_519' title='bbox 867 4008 1218 4062; x_wconf 86' lang='lat' dir='ltr'><strong>comederunt.</strong></span> <span class='ocrx_word' id='word_1_520' title='bbox 1236 4005 1302 4060; x_wconf 88' lang='lat' dir='ltr'><strong>In</strong></span> <span class='ocrx_word' id='word_1_521' title='bbox 1323 4006 1495 4077; x_wconf 88' lang='lat' dir='ltr'><strong>platea</strong></span> <span class='ocrx_word' id='word_1_522' title='bbox 1516 4020 1737 4061; x_wconf 88' lang='lat' dir='ltr'><strong>manere</strong></span> <span class='ocrx_word' id='word_1_523' title='bbox 1759 4007 2017 4075; x_wconf 87' lang='lat' dir='ltr'><strong>gestiunt,</strong></span> <span class='ocrx_word' id='word_1_524' title='bbox 2032 4007 2158 4075; x_wconf 83' lang='lat' dir='ltr'><strong>quia</strong></span> 
     </span>
    </p>
   </div>
   <div class='ocr_carea' id='block_1_69' title="bbox 580 4095 2158 4169">
    <p class='ocr_par' dir='ltr' id='par_1_69' title="bbox 580 4095 2158 4169">
     <span class='ocr_line' id='line_1_69' title="bbox 580 4095 2158 4169; baseline -0.004 -13"><span class='ocrx_word' id='word_1_525' title='bbox 580 4108 789 4157; x_wconf 82' lang='lat' dir='ltr'><strong>arctam</strong></span> <span class='ocrx_word' id='word_1_526' title='bbox 832 4109 888 4155; x_wconf 90' lang='lat' dir='ltr'><strong>et</strong></span> <span class='ocrx_word' id='word_1_527' title='bbox 918 4106 1199 4169; x_wconf 86' lang='lat' dir='ltr'><strong>augustam</strong></span> <span class='ocrx_word' id='word_1_528' title='bbox 1232 4097 1406 4164; x_wconf 90' lang='lat' dir='ltr'><strong>viam,</strong></span> <span class='ocrx_word' id='word_1_529' title='bbox 1438 4113 1545 4167; x_wconf 87' lang='lat' dir='ltr'><strong>qua</strong></span> <span class='ocrx_word' id='word_1_530' title='bbox 1590 4098 1657 4152; x_wconf 89' lang='lat' dir='ltr'><strong>ad</strong></span> <span class='ocrx_word' id='word_1_531' title='bbox 1676 4097 1859 4150; x_wconf 84' lang='lat' dir='ltr'><strong>&#39;vitam</strong></span> <span class='ocrx_word' id='word_1_532' title='bbox 1900 4095 2158 4160; x_wconf 84' lang='lat' dir='ltr'><strong>tenditur,</strong></span> 
     </span>
    </p>
   </div>
   <div class='ocr_carea' id='block_1_70' title="bbox 579 4186 2160 4260">
    <p class='ocr_par' dir='ltr' id='par_1_70' title="bbox 579 4186 2160 4260">
     <span class='ocr_line' id='line_1_70' title="bbox 579 4186 2160 4260; baseline -0.003 -15"><span class='ocrx_word' id='word_1_533' title='bbox 579 4206 837 4247; x_wconf 90' lang='lat' dir='ltr'><strong>sensuum</strong></span> <span class='ocrx_word' id='word_1_534' title='bbox 893 4190 1387 4260; x_wconf 87' lang='lat' dir='ltr'><strong>cogitationumque</strong></span> <span class='ocrx_word' id='word_1_535' title='bbox 1433 4188 1746 4244; x_wconf 75' lang='lat' dir='ltr'><strong>noStrarum</strong></span> <span class='ocrx_word' id='word_1_536' title='bbox 1794 4186 2160 4243; x_wconf 87' lang='lat' dir='ltr'><strong>volubilitates</strong></span> 
     </span>
    </p>
   </div>
   <div class='ocr_carea' id='block_1_71' title="bbox 579 4279 2157 4355">
    <p class='ocr_par' dir='ltr' id='par_1_71' title="bbox 579 4279 2157 4355">
     <span class='ocr_line' id='line_1_71' title="bbox 579 4279 2157 4355; baseline -0.004 -16"><span class='ocrx_word' id='word_1_537' title='bbox 579 4284 885 4355; x_wconf 79' lang='lat' dir='ltr'><strong>refugiunt;</strong></span> <span class='ocrx_word' id='word_1_538' title='bbox 926 4283 1031 4338; x_wconf 88' lang='lat' dir='ltr'><strong>lata</strong></span> <span class='ocrx_word' id='word_1_539' title='bbox 1071 4297 1197 4352; x_wconf 87' lang='lat' dir='ltr'><strong>ergo</strong></span> <span class='ocrx_word' id='word_1_540' title='bbox 1238 4283 1305 4337; x_wconf 89' lang='lat' dir='ltr'><strong>ad</strong></span> <span class='ocrx_word' id='word_1_541' title='bbox 1356 4283 1682 4337; x_wconf 89' lang='lat' dir='ltr'><strong>manendum</strong></span> <span class='ocrx_word' id='word_1_542' title='bbox 1729 4281 1974 4351; x_wconf 87' lang='lat' dir='ltr'><strong>diligunt.</strong></span> <span class='ocrx_word' id='word_1_543' title='bbox 2030 4279 2157 4334; x_wconf 83' lang='lat' dir='ltr'><strong>dum</strong></span> 
     </span>
    </p>
   </div>
   <div class='ocr_carea' id='block_1_72' title="bbox 578 4373 2156 4448">
    <p class='ocr_par' dir='ltr' id='par_1_72' title="bbox 578 4373 2156 4448">
     <span class='ocr_line' id='line_1_72' title="bbox 578 4373 2156 4448; baseline -0.001 -17"><span class='ocrx_word' id='word_1_544' title='bbox 578 4386 765 4448; x_wconf 87' lang='lat' dir='ltr'><strong>patere</strong></span> <span class='ocrx_word' id='word_1_545' title='bbox 794 4376 949 4447; x_wconf 83' lang='lat' dir='ltr'><strong>nugis</strong></span> <span class='ocrx_word' id='word_1_546' title='bbox 992 4376 1321 4447; x_wconf 89' lang='lat' dir='ltr'><strong>quibuslibet</strong></span> <span class='ocrx_word' id='word_1_547' title='bbox 1355 4384 1542 4445; x_wconf 87' lang='lat' dir='ltr'><strong>portas</strong></span> <span class='ocrx_word' id='word_1_548' title='bbox 1568 4373 1767 4428; x_wconf 90' lang='lat' dir='ltr'><strong>mentis</strong></span> <span class='ocrx_word' id='word_1_549' title='bbox 1802 4373 2156 4442; x_wconf 88' lang='lat' dir='ltr'><strong>corporisque</strong></span> 
     </span>
    </p>
   </div>
   <div class='ocr_carea' id='block_1_73' title="bbox 578 4465 2154 4535">
    <p class='ocr_par' dir='ltr' id='par_1_73' title="bbox 578 4465 2154 4535">
     <span class='ocr_line' id='line_1_73' title="bbox 578 4465 2154 4535; baseline -0.003 -12"><span class='ocrx_word' id='word_1_550' title='bbox 578 4485 683 4524; x_wconf 89' lang='lat' dir='ltr'><strong>non</strong></span> <span class='ocrx_word' id='word_1_551' title='bbox 712 4476 980 4534; x_wconf 88' lang='lat' dir='ltr'><strong>metuunt,</strong></span> <span class='ocrx_word' id='word_1_552' title='bbox 1013 4478 1075 4524; x_wconf 80' lang='lat' dir='ltr'><strong>et</strong></span> <span class='ocrx_word' id='word_1_553' title='bbox 1119 4484 1216 4524; x_wconf 87' lang='lat' dir='ltr'><strong>vas</strong></span> <span class='ocrx_word' id='word_1_554' title='bbox 1251 4483 1412 4523; x_wconf 91' lang='lat' dir='ltr'><strong>omne</strong></span> <span class='ocrx_word' id='word_1_555' title='bbox 1459 4468 1577 4523; x_wconf 89' lang='lat' dir='ltr'><strong>sine</strong></span> <span class='ocrx_word' id='word_1_556' title='bbox 1619 4465 1876 4535; x_wconf 88' lang='lat' dir='ltr'><strong>operculo</strong></span> <span class='ocrx_word' id='word_1_557' title='bbox 1919 4466 2154 4519; x_wconf 89' lang='lat' dir='ltr'><strong>immun-</strong></span> 
     </span>
    </p>
   </div>
   <div class='ocr_carea' id='block_1_74' title="bbox 577 4558 2154 4631">
    <p class='ocr_par' dir='ltr' id='par_1_74' title="bbox 577 4558 2154 4631">
     <span class='ocr_line' id='line_1_74' title="bbox 577 4558 2154 4631; baseline -0.003 -16"><span class='ocrx_word' id='word_1_558' title='bbox 577 4561 703 4616; x_wconf 88' lang='lat' dir='ltr'><strong>dum</strong></span> <span class='ocrx_word' id='word_1_559' title='bbox 733 4576 855 4617; x_wconf 86' lang='lat' dir='ltr'><strong>esse</strong></span> <span class='ocrx_word' id='word_1_560' title='bbox 893 4561 1189 4616; x_wconf 84' lang='lat' dir='ltr'><strong>secundum</strong></span> <span class='ocrx_word' id='word_1_561' title='bbox 1220 4561 1413 4631; x_wconf 81' lang='lat' dir='ltr'><strong>legem,</strong></span> <span class='ocrx_word' id='word_1_562' title='bbox 1455 4558 1763 4629; x_wconf 87' lang='lat' dir='ltr'><strong>suggerenti</strong></span> <span class='ocrx_word' id='word_1_563' title='bbox 1800 4558 1996 4612; x_wconf 87' lang='lat' dir='ltr'><strong>rationi</strong></span> <span class='ocrx_word' id='word_1_564' title='bbox 2046 4573 2154 4611; x_wconf 90' lang='lat' dir='ltr'><strong>non</strong></span> 
     </span>
    </p>
   </div>
   <div class='ocr_carea' id='block_1_75' title="bbox 578 4651 2156 4724">
    <p class='ocr_par' dir='ltr' id='par_1_75' title="bbox 578 4651 2156 4724">
     <span class='ocr_line' id='line_1_75' title="bbox 578 4651 2156 4724; baseline -0.003 -16"><span class='ocrx_word' id='word_1_565' title='bbox 578 4656 899 4710; x_wconf 87' lang='lat' dir='ltr'><strong>assentiunt.</strong></span> <span class='ocrx_word' id='word_1_566' title='bbox 941 4654 1143 4724; x_wconf 81' lang='lat' dir='ltr'><strong>Oppida</strong></span> <span class='ocrx_word' id='word_1_567' title='bbox 1170 4662 1350 4708; x_wconf 88' lang='lat' dir='ltr'><strong>autem</strong></span> <span class='ocrx_word' id='word_1_568' title='bbox 1377 4652 1729 4722; x_wconf 89' lang='lat' dir='ltr'><strong>impellimur,</strong></span> <span class='ocrx_word' id='word_1_569' title='bbox 1758 4667 1880 4705; x_wconf 91' lang='lat' dir='ltr'><strong>cum</strong></span> <span class='ocrx_word' id='word_1_570' title='bbox 1916 4651 2156 4705; x_wconf 84' lang='lat' dir='ltr'><strong>timendo</strong></span> 
     </span>
    </p>
   </div>
   <div class='ocr_carea' id='block_1_76' title="bbox 578 4744 2157 4819">
    <p class='ocr_par' dir='ltr' id='par_1_76' title="bbox 578 4744 2157 4819">
     <span class='ocr_line' id='line_1_76' title="bbox 578 4744 2157 4819; baseline -0.006 -14"><span class='ocrx_word' id='word_1_571' title='bbox 578 4750 894 4805; x_wconf 86' lang='lat' dir='ltr'><strong>humanitus</strong></span> <span class='ocrx_word' id='word_1_572' title='bbox 923 4765 993 4804; x_wconf 85' lang='lat' dir='ltr'><strong>ne</strong></span> <span class='ocrx_word' id='word_1_573' title='bbox 1032 4747 1357 4819; x_wconf 84' lang='lat' dir='ltr'><strong>pedetentim</strong></span> <span class='ocrx_word' id='word_1_574' title='bbox 1400 4745 1724 4815; x_wconf 82' lang='lat' dir='ltr'><strong>tepesceudo</strong></span> <span class='ocrx_word' id='word_1_575' title='bbox 1766 4744 2012 4798; x_wconf 73' lang='lat' dir='ltr'><strong>labantur</strong></span> <span class='ocrx_word' id='word_1_576' title='bbox 2046 4757 2157 4812; x_wconf 63' lang='lat' dir='ltr'><strong>prae</strong></span> 
     </span>
    </p>
   </div>
   <div class='ocr_carea' id='block_1_77' title="bbox 576 4834 2158 4908">
    <p class='ocr_par' dir='ltr' id='par_1_77' title="bbox 576 4834 2158 4908">
     <span class='ocr_line' id='line_1_77' title="bbox 576 4834 2158 4908; baseline -0.006 -12"><span class='ocrx_word' id='word_1_577' title='bbox 576 4839 749 4896; x_wconf 87' lang='lat' dir='ltr'><strong>oculis</strong></span> <span class='ocrx_word' id='word_1_578' title='bbox 781 4840 1058 4894; x_wconf 77' lang='lat' dir='ltr'><strong>hominum</strong></span> <span class='ocrx_word' id='word_1_579' title='bbox 1110 4839 1161 4892; x_wconf 90' lang='lat' dir='ltr'><strong>in</strong></span> <span class='ocrx_word' id='word_1_580' title='bbox 1196 4838 1410 4908; x_wconf 86' lang='lat' dir='ltr'><strong>aliquod</strong></span> <span class='ocrx_word' id='word_1_581' title='bbox 1455 4852 1620 4907; x_wconf 84' lang='lat' dir='ltr'><strong>grave</strong></span> <span class='ocrx_word' id='word_1_582' title='bbox 1648 4834 1930 4903; x_wconf 74' lang='lat' dir='ltr'><strong>ﬂagitium,</strong></span> <span class='ocrx_word' id='word_1_583' title='bbox 1977 4834 2158 4889; x_wconf 85' lang='lat' dir='ltr'><strong>carnis</strong></span> 
     </span>
    </p>
   </div>
   <div class='ocr_carea' id='block_1_78' title="bbox 576 4923 2158 5000">
    <p class='ocr_par' dir='ltr' id='par_1_78' title="bbox 576 4923 2158 5000">
     <span class='ocr_line' id='line_1_78' title="bbox 576 4923 2158 5000; baseline -0.003 -15"><span class='ocrx_word' id='word_1_584' title='bbox 576 4932 856 4987; x_wconf 75' lang='lat' dir='ltr'><strong>frenamus</strong></span> <span class='ocrx_word' id='word_1_585' title='bbox 887 4929 1201 5000; x_wconf 77' lang='lat' dir='ltr'><strong>impulsum,</strong></span> <span class='ocrx_word' id='word_1_586' title='bbox 1242 4937 1337 4983; x_wconf 84' lang='lat' dir='ltr'><strong>aut</strong></span> <span class='ocrx_word' id='word_1_587' title='bbox 1371 4928 1536 4981; x_wconf 91' lang='lat' dir='ltr'><strong>divini</strong></span> <span class='ocrx_word' id='word_1_588' title='bbox 1577 4926 1740 4981; x_wconf 84' lang='lat' dir='ltr'><strong>etiam</strong></span> <span class='ocrx_word' id='word_1_589' title='bbox 1779 4925 1966 4997; x_wconf 85' lang='lat' dir='ltr'><strong>judieii</strong></span> <span class='ocrx_word' id='word_1_590' title='bbox 2004 4923 2158 4980; x_wconf 86' lang='lat' dir='ltr'><strong>nobis</strong></span> 
     </span>
    </p>
   </div>
   <div class='ocr_carea' id='block_1_79' title="bbox 576 5007 2158 5095">
    <p class='ocr_par' dir='ltr' id='par_1_79' title="bbox 576 5007 2158 5095">
     <span class='ocr_line' id='line_1_79' title="bbox 576 5007 2158 5095; baseline -0.004 -17"><span class='ocrx_word' id='word_1_591' title='bbox 576 5023 898 5095; x_wconf 89' lang='lat' dir='ltr'><strong>opponendo</strong></span> <span class='ocrx_word' id='word_1_592' title='bbox 941 5031 1167 5083; x_wconf 85' lang='lat' dir='ltr'><strong>metunt,</strong></span> <span class='ocrx_word' id='word_1_593' title='bbox 1201 5021 1389 5093; x_wconf 83' lang='lat' dir='ltr'><strong>sicque</strong></span> <span class='ocrx_word' id='word_1_594' title='bbox 1426 5007 1646 5072; x_wconf 79' lang='lat' dir='ltr'><strong>intidem</strong></span> <span class='ocrx_word' id='word_1_595' title='bbox 1677 5033 1707 5070; x_wconf 91' lang='lat' dir='ltr'><strong>a</strong></span> <span class='ocrx_word' id='word_1_596' title='bbox 1744 5018 1959 5086; x_wconf 79' lang='lat' dir='ltr'><strong>publico</strong></span> <span class='ocrx_word' id='word_1_597' title='bbox 2001 5017 2158 5071; x_wconf 79' lang='lat' dir='ltr'><strong>incu-</strong></span> 
     </span>
    </p>
   </div>
   <div class='ocr_carea' id='block_1_80' title="bbox 576 5112 2153 5184">
    <p class='ocr_par' dir='ltr' id='par_1_80' title="bbox 576 5112 2153 5184">
     <span class='ocr_line' id='line_1_80' title="bbox 576 5112 2153 5184; baseline -0.004 -11"><span class='ocrx_word' id='word_1_598' title='bbox 576 5120 670 5173; x_wconf 66' lang='lat' dir='ltr'><strong>ria:</strong></span> <span class='ocrx_word' id='word_1_599' title='bbox 700 5116 1020 5172; x_wconf 84' lang='lat' dir='ltr'><strong>divertimus</strong></span> <span class='ocrx_word' id='word_1_600' title='bbox 1044 5115 1095 5169; x_wconf 91' lang='lat' dir='ltr'><strong>iu</strong></span> <span class='ocrx_word' id='word_1_601' title='bbox 1124 5116 1351 5168; x_wconf 89' lang='lat' dir='ltr'><strong>rationis</strong></span> <span class='ocrx_word' id='word_1_602' title='bbox 1376 5114 1619 5184; x_wconf 85' lang='lat' dir='ltr'><strong>asylum;</strong></span> <span class='ocrx_word' id='word_1_603' title='bbox 1653 5112 1747 5167; x_wconf 91' lang='lat' dir='ltr'><strong>sed</strong></span> <span class='ocrx_word' id='word_1_604' title='bbox 1771 5113 1853 5167; x_wconf 92' lang='lat' dir='ltr'><strong>his</strong></span> <span class='ocrx_word' id='word_1_605' title='bbox 1872 5113 2153 5168; x_wconf 86' lang='lat' dir='ltr'><strong>couscicn-</strong></span> 
     </span>
    </p>
   </div>
   <div class='ocr_carea' id='block_1_81' title="bbox 577 5202 2150 5269">
    <p class='ocr_par' dir='ltr' id='par_1_81' title="bbox 577 5202 2150 5269">
     <span class='ocr_line' id='line_1_81' title="bbox 577 5202 2150 5269; baseline -0.003 -6"><span class='ocrx_word' id='word_1_606' title='bbox 577 5211 663 5263; x_wconf 80' lang='lat' dir='ltr'><strong>tiae</strong></span> <span class='ocrx_word' id='word_1_607' title='bbox 699 5208 996 5263; x_wconf 88' lang='lat' dir='ltr'><strong>munimine</strong></span> <span class='ocrx_word' id='word_1_608' title='bbox 1029 5222 1148 5260; x_wconf 90' lang='lat' dir='ltr'><strong>sese</strong></span> <span class='ocrx_word' id='word_1_609' title='bbox 1188 5205 1515 5269; x_wconf 76' lang='lat' dir='ltr'><strong>foventibus,</strong></span> <span class='ocrx_word' id='word_1_610' title='bbox 1556 5204 1839 5268; x_wconf 88' lang='lat' dir='ltr'><strong>orationis,</strong></span> <span class='ocrx_word' id='word_1_611' title='bbox 1882 5202 2150 5267; x_wconf 89' lang='lat' dir='ltr'><strong>lectionis,</strong></span> 
     </span>
    </p>
   </div>
   <div class='ocr_carea' id='block_1_82' title="bbox 574 5295 2153 5369">
    <p class='ocr_par' dir='ltr' id='par_1_82' title="bbox 574 5295 2153 5369">
     <span class='ocr_line' id='line_1_82' title="bbox 574 5295 2153 5369; baseline -0.004 -14"><span class='ocrx_word' id='word_1_612' title='bbox 574 5298 1051 5369; x_wconf 82' lang='lat' dir='ltr'><strong>contemplationis</strong></span> <span class='ocrx_word' id='word_1_613' title='bbox 1105 5297 1410 5351; x_wconf 88' lang='lat' dir='ltr'><strong>conviviqu</strong></span> <span class='ocrx_word' id='word_1_614' title='bbox 1467 5295 1797 5365; x_wconf 83' lang='lat' dir='ltr'><strong>suggeritur,</strong></span> <span class='ocrx_word' id='word_1_615' title='bbox 1854 5302 2153 5367; x_wconf 75' lang='lat' dir='ltr'><strong>expurgato</strong></span> 
     </span>
    </p>
   </div>
   <div class='ocr_carea' id='block_1_83' title="bbox 574 5386 2154 5458">
    <p class='ocr_par' dir='ltr' id='par_1_83' title="bbox 574 5386 2154 5458">
     <span class='ocr_line' id='line_1_83' title="bbox 574 5386 2154 5458; baseline -0.003 -12"><span class='ocrx_word' id='word_1_616' title='bbox 574 5391 794 5446; x_wconf 73' lang='lat' dir='ltr'><strong>malitia:</strong></span> <span class='ocrx_word' id='word_1_617' title='bbox 838 5390 1129 5453; x_wconf 75' lang='lat' dir='ltr'><strong>fermento,</strong></span> <span class='ocrx_word' id='word_1_618' title='bbox 1190 5402 1380 5458; x_wconf 82' lang='lat' dir='ltr'><strong>azyma</strong></span> <span class='ocrx_word' id='word_1_619' title='bbox 1432 5386 1761 5441; x_wconf 84' lang='lat' dir='ltr'><strong>sinceritatis</strong></span> <span class='ocrx_word' id='word_1_620' title='bbox 1809 5396 1861 5440; x_wconf 88' lang='lat' dir='ltr'><strong>et</strong></span> <span class='ocrx_word' id='word_1_621' title='bbox 1906 5387 2154 5441; x_wconf 88' lang='lat' dir='ltr'><strong>veritatis</strong></span> 
     </span>
    </p>
   </div>
   <div class='ocr_carea' id='block_1_84' title="bbox 574 5480 2151 5557">
    <p class='ocr_par' dir='ltr' id='par_1_84' title="bbox 574 5480 2151 5557">
     <span class='ocr_line' id='line_1_84' title="bbox 574 5480 2151 5557; baseline -0.002 -19"><span class='ocrx_word' id='word_1_622' title='bbox 574 5483 631 5557; x_wconf 87' lang='lat' dir='ltr'><strong>(I</strong></span> <span class='ocrx_word' id='word_1_623' title='bbox 658 5484 779 5539; x_wconf 79' lang='lat' dir='ltr'><strong>Cor.</strong></span> <span class='ocrx_word' id='word_1_624' title='bbox 809 5500 862 5548; x_wconf 93' lang='lat' dir='ltr'><strong>v,</strong></span> <span class='ocrx_word' id='word_1_625' title='bbox 890 5483 953 5556; x_wconf 83' lang='lat'><strong>7)</strong></span> <span class='ocrx_word' id='word_1_626' title='bbox 977 5481 1149 5536; x_wconf 90' lang='lat' dir='ltr'><strong>sancti</strong></span> <span class='ocrx_word' id='word_1_627' title='bbox 1185 5482 1250 5535; x_wconf 84' lang='lat' dir='ltr'><strong>ad</strong></span> <span class='ocrx_word' id='word_1_628' title='bbox 1291 5497 1482 5551; x_wconf 88' lang='lat' dir='ltr'><strong>purum</strong></span> <span class='ocrx_word' id='word_1_629' title='bbox 1509 5481 1730 5550; x_wconf 80' lang='lat' dir='ltr'><strong>spiritus</strong></span> <span class='ocrx_word' id='word_1_630' title='bbox 1759 5480 1880 5551; x_wconf 90' lang='lat' dir='ltr'><strong>igne</strong></span> <span class='ocrx_word' id='word_1_631' title='bbox 1904 5495 2151 5549; x_wconf 74' lang='lat' dir='ltr'><strong>copian-</strong></span> 
     </span>
    </p>
   </div>
   <div class='ocr_carea' id='block_1_85' title="bbox 575 5570 2154 5644">
    <p class='ocr_par' dir='ltr' id='par_1_85' title="bbox 575 5570 2154 5644">
     <span class='ocr_line' id='line_1_85' title="bbox 575 5570 2154 5644; baseline -0.005 -12"><span class='ocrx_word' id='word_1_632' title='bbox 575 5585 687 5644; x_wconf 88' lang='lat' dir='ltr'><strong>tur,</strong></span> <span class='ocrx_word' id='word_1_633' title='bbox 717 5586 773 5631; x_wconf 91' lang='lat' dir='ltr'><strong>et</strong></span> <span class='ocrx_word' id='word_1_634' title='bbox 799 5577 901 5631; x_wconf 89' lang='lat' dir='ltr'><strong>hac</strong></span> <span class='ocrx_word' id='word_1_635' title='bbox 946 5571 1260 5629; x_wconf 78' lang='lat' dir='ltr'><strong>rel’ectiouis</strong></span> <span class='ocrx_word' id='word_1_636' title='bbox 1281 5571 1550 5641; x_wconf 84' lang='lat' dir='ltr'><strong>voluptate</strong></span> <span class='ocrx_word' id='word_1_637' title='bbox 1585 5570 1936 5636; x_wconf 88' lang='lat' dir='ltr'><strong>intrinsecus,</strong></span> <span class='ocrx_word' id='word_1_638' title='bbox 1967 5581 2021 5624; x_wconf 88' lang='lat' dir='ltr'><strong>et</strong></span> <span class='ocrx_word' id='word_1_639' title='bbox 2058 5586 2154 5625; x_wconf 78' lang='lat' dir='ltr'><strong>ex—</strong></span> 
     </span>
    </p>
   </div>
   <div class='ocr_carea' id='block_1_86' title="bbox 574 5666 1803 5735">
    <p class='ocr_par' dir='ltr' id='par_1_86' title="bbox 574 5666 1803 5735">
     <span class='ocr_line' id='line_1_86' title="bbox 574 5666 1803 5735; baseline -0.007 -8"><span class='ocrx_word' id='word_1_640' title='bbox 574 5674 847 5727; x_wconf 88' lang='lat' dir='ltr'><strong>trinsecus</strong></span> <span class='ocrx_word' id='word_1_641' title='bbox 874 5667 1203 5725; x_wconf 87' lang='lat' dir='ltr'><strong>sensualitas</strong></span> <span class='ocrx_word' id='word_1_642' title='bbox 1225 5666 1539 5735; x_wconf 86' lang='lat' dir='ltr'><strong>vagabuuda</strong></span> <span class='ocrx_word' id='word_1_643' title='bbox 1572 5675 1803 5721; x_wconf 82' lang='lat' dir='ltr'><strong>tenetur.</strong></span> 
     </span>
    </p>
   </div>
   <div class='ocr_carea' id='block_1_87' title="bbox 646 5758 2148 5829">
    <p class='ocr_par' dir='ltr' id='par_1_87' title="bbox 646 5758 2148 5829">
     <span class='ocr_line' id='line_1_87' title="bbox 646 5758 2148 5829; baseline -0.006 -10"><span class='ocrx_word' id='word_1_644' title='bbox 646 5764 806 5821; x_wconf 69' lang='lat' dir='ltr'><strong>Vens.</strong></span> <span class='ocrx_word' id='word_1_645' title='bbox 837 5767 893 5829; x_wconf 72' lang='lat'><strong>4,</strong></span> <span class='ocrx_word' id='word_1_646' title='bbox 927 5762 981 5816; x_wconf 85' lang='lat'><strong>5.</strong></span> <span class='ocrx_word' id='word_1_647' title='bbox 1010 5791 1079 5802; x_wconf 84' lang='lat'><strong>——</strong></span> <span class='ocrx_word' id='word_1_648' title='bbox 1120 5758 1280 5813; x_wconf 82' lang='lat' dir='ltr'><strong>Prius</strong></span> <span class='ocrx_word' id='word_1_649' title='bbox 1318 5769 1491 5812; x_wconf 83' lang='lat' dir='ltr'><strong>autem</strong></span> <span class='ocrx_word' id='word_1_650' title='bbox 1529 5776 1685 5829; x_wconf 83' lang='lat' dir='ltr'><strong>quant</strong></span> <span class='ocrx_word' id='word_1_651' title='bbox 1720 5760 1853 5813; x_wconf 87' lang='lat' dir='ltr'><strong>irent</strong></span> <span class='ocrx_word' id='word_1_652' title='bbox 1887 5760 2148 5824; x_wconf 84' lang='lat' dir='ltr'><strong>cubitum,</strong></span> 
     </span>
    </p>
   </div>
   <div class='ocr_carea' id='block_1_88' title="bbox 571 5851 2152 5922">
    <p class='ocr_par' dir='ltr' id='par_1_88' title="bbox 571 5851 2152 5922">
     <span class='ocr_line' id='line_1_88' title="bbox 571 5851 2152 5922; baseline -0.005 -9"><span class='ocrx_word' id='word_1_653' title='bbox 571 5860 667 5913; x_wconf 68' lang='lat' dir='ltr'><strong>viri</strong></span> <span class='ocrx_word' id='word_1_654' title='bbox 698 5859 918 5913; x_wconf 76' lang='lat' dir='ltr'><strong>civitatis</strong></span> <span class='ocrx_word' id='word_1_655' title='bbox 955 5852 1278 5909; x_wconf 66' lang='lat' dir='ltr'><strong>vallaverant</strong></span> <span class='ocrx_word' id='word_1_656' title='bbox 1312 5851 1522 5905; x_wconf 84' lang='lat' dir='ltr'><strong>domum</strong></span> <span class='ocrx_word' id='word_1_657' title='bbox 1572 5852 1684 5921; x_wconf 86' lang='lat' dir='ltr'><strong>ejus</strong></span> <span class='ocrx_word' id='word_1_658' title='bbox 1716 5869 1745 5908; x_wconf 76' lang='grc' dir='ltr'><strong>(ι</strong></span> <span class='ocrx_word' id='word_1_659' title='bbox 1783 5869 1943 5922; x_wconf 82' lang='lat' dir='ltr'><strong>puero</strong></span> <span class='ocrx_word' id='word_1_660' title='bbox 1988 5868 2152 5922; x_wconf 82' lang='lat' dir='ltr'><strong>usque</strong></span> 
     </span>
    </p>
   </div>
   <div class='ocr_carea' id='block_1_89' title="bbox 2269 3362 3852 3439">
    <p class='ocr_par' dir='ltr' id='par_1_89' title="bbox 2269 3362 3852 3439">
     <span class='ocr_line' id='line_1_89' title="bbox 2269 3362 3852 3439; baseline 0.005 -24"><span class='ocrx_word' id='word_1_661' title='bbox 2269 3362 2555 3429; x_wconf 84' lang='lat' dir='ltr'><strong>troieruut,</strong></span> <span class='ocrx_word' id='word_1_662' title='bbox 2585 3364 2730 3433; x_wconf 88' lang='lat' dir='ltr'><strong>quod</strong></span> <span class='ocrx_word' id='word_1_663' title='bbox 2764 3374 2936 3421; x_wconf 89' lang='lat' dir='ltr'><strong>totum</strong></span> <span class='ocrx_word' id='word_1_664' title='bbox 2980 3376 3066 3421; x_wconf 91' lang='lat' dir='ltr'><strong>est</strong></span> <span class='ocrx_word' id='word_1_665' title='bbox 3095 3369 3162 3422; x_wconf 90' lang='lat' dir='ltr'><strong>ab</strong></span> <span class='ocrx_word' id='word_1_666' title='bbox 3205 3368 3571 3424; x_wconf 86' lang='lat' dir='ltr'><strong>exterioribus</strong></span> <span class='ocrx_word' id='word_1_667' title='bbox 3596 3383 3715 3439; x_wconf 66' lang='lat' dir='ltr'><strong>quae</strong></span> <span class='ocrx_word' id='word_1_668' title='bbox 3740 3369 3852 3423; x_wconf 88' lang='lat' dir='ltr'><strong>sibi</strong></span> 
     </span>
    </p>
   </div>
   <div class='ocr_carea' id='block_1_90' title="bbox 2264 3452 3855 3529">
    <p class='ocr_par' dir='ltr' id='par_1_90' title="bbox 2264 3452 3855 3529">
     <span class='ocr_line' id='line_1_90' title="bbox 2264 3452 3855 3529; baseline 0.006 -23"><span class='ocrx_word' id='word_1_669' title='bbox 2264 3452 2543 3522; x_wconf 85' lang='lat' dir='ltr'><strong>pertinent</strong></span> <span class='ocrx_word' id='word_1_670' title='bbox 2596 3455 2758 3510; x_wconf 88' lang='lat' dir='ltr'><strong>rebus</strong></span> <span class='ocrx_word' id='word_1_671' title='bbox 2795 3456 3080 3522; x_wconf 83' lang='lat' dir='ltr'><strong>curandis,</strong></span> <span class='ocrx_word' id='word_1_672' title='bbox 3125 3458 3191 3512; x_wconf 90' lang='lat' dir='ltr'><strong>ad</strong></span> <span class='ocrx_word' id='word_1_673' title='bbox 3245 3458 3550 3526; x_wconf 88' lang='lat' dir='ltr'><strong>spiritualia</strong></span> <span class='ocrx_word' id='word_1_674' title='bbox 3600 3474 3724 3529; x_wconf 69' lang='lat' dir='ltr'><strong>quae</strong></span> <span class='ocrx_word' id='word_1_675' title='bbox 3766 3461 3855 3515; x_wconf 88' lang='lat' dir='ltr'><strong>sui</strong></span> 
     </span>
    </p>
   </div>
   <div class='ocr_carea' id='block_1_91' title="bbox 2262 3540 3848 3620">
    <p class='ocr_par' dir='ltr' id='par_1_91' title="bbox 2262 3540 3848 3620">
     <span class='ocr_line' id='line_1_91' title="bbox 2262 3540 3848 3620; baseline 0.006 -24"><span class='ocrx_word' id='word_1_676' title='bbox 2262 3540 2421 3597; x_wconf 76' lang='lat' dir='ltr'><strong>cilicii</strong></span> <span class='ocrx_word' id='word_1_677' title='bbox 2440 3558 2542 3597; x_wconf 87' lang='lat' dir='ltr'><strong>non</strong></span> <span class='ocrx_word' id='word_1_678' title='bbox 2564 3552 2710 3609; x_wconf 90' lang='lat' dir='ltr'><strong>sunt,</strong></span> <span class='ocrx_word' id='word_1_679' title='bbox 2731 3559 2829 3600; x_wconf 90' lang='lat' dir='ltr'><strong>nec</strong></span> <span class='ocrx_word' id='word_1_680' title='bbox 2854 3546 2979 3601; x_wconf 82' lang='lat' dir='ltr'><strong>ferri</strong></span> <span class='ocrx_word' id='word_1_681' title='bbox 3001 3558 3222 3617; x_wconf 87' lang='lat' dir='ltr'><strong>possunt</strong></span> <span class='ocrx_word' id='word_1_682' title='bbox 3239 3547 3368 3620; x_wconf 70' lang='grc'><strong>74,</strong></span> <span class='ocrx_word' id='word_1_683' title='bbox 3389 3564 3446 3603; x_wconf 90' lang='lat' dir='ltr'><strong>se</strong></span> <span class='ocrx_word' id='word_1_684' title='bbox 3469 3549 3809 3605; x_wconf 88' lang='lat' dir='ltr'><strong>iutruserunt</strong></span> <span class='ocrx_word' id='word_1_685' title='bbox 3833 3567 3848 3605; x_wconf 88' lang='lat'><strong><em>:</em></strong></span> 
     </span>
    </p>
   </div>
   <div class='ocr_carea' id='block_1_92' title="bbox 2263 3631 3854 3711">
    <p class='ocr_par' dir='ltr' id='par_1_92' title="bbox 2263 3631 3854 3711">
     <span class='ocr_line' id='line_1_92' title="bbox 2263 3631 3854 3711; baseline 0.007 -27"><span class='ocrx_word' id='word_1_686' title='bbox 2263 3631 2417 3689; x_wconf 86' lang='lat' dir='ltr'><strong>Educ</strong></span> <span class='ocrx_word' id='word_1_687' title='bbox 2445 3651 2533 3688; x_wconf 88' lang='lat' dir='ltr'><strong>eos</strong></span> <span class='ocrx_word' id='word_1_688' title='bbox 2562 3635 2683 3700; x_wconf 79' lang='lat' dir='ltr'><strong>huc,</strong></span> <span class='ocrx_word' id='word_1_689' title='bbox 2717 3652 2947 3692; x_wconf 84' lang='lat' dir='ltr'><strong>exerens</strong></span> <span class='ocrx_word' id='word_1_690' title='bbox 2989 3653 3180 3694; x_wconf 89' lang='lat' dir='ltr'><strong>sensus</strong></span> <span class='ocrx_word' id='word_1_691' title='bbox 3209 3641 3275 3695; x_wconf 90' lang='lat' dir='ltr'><strong>ad</strong></span> <span class='ocrx_word' id='word_1_692' title='bbox 3317 3642 3723 3711; x_wconf 85' lang='lat' dir='ltr'><strong>exsequendum</strong></span> <span class='ocrx_word' id='word_1_693' title='bbox 3760 3657 3854 3696; x_wconf 89' lang='lat' dir='ltr'><strong>or-</strong></span> 
     </span>
    </p>
   </div>
   <div class='ocr_carea' id='block_1_93' title="bbox 2264 3725 3853 3797">
    <p class='ocr_par' dir='ltr' id='par_1_93' title="bbox 2264 3725 3853 3797">
     <span class='ocr_line' id='line_1_93' title="bbox 2264 3725 3853 3797; baseline 0.003 -16"><span class='ocrx_word' id='word_1_694' title='bbox 2264 3725 2451 3781; x_wconf 84' lang='lat' dir='ltr'><strong>dinem</strong></span> <span class='ocrx_word' id='word_1_695' title='bbox 2474 3740 2742 3795; x_wconf 85' lang='lat' dir='ltr'><strong>usumque</strong></span> <span class='ocrx_word' id='word_1_696' title='bbox 2772 3729 3149 3797; x_wconf 86' lang='lat' dir='ltr'><strong>temporalium</strong></span> <span class='ocrx_word' id='word_1_697' title='bbox 3179 3728 3265 3785; x_wconf 90' lang='lat' dir='ltr'><strong>cui</strong></span> <span class='ocrx_word' id='word_1_698' title='bbox 3311 3729 3541 3785; x_wconf 81' lang='lat' dir='ltr'><strong>fruendo</strong></span> <span class='ocrx_word' id='word_1_699' title='bbox 3567 3730 3695 3785; x_wconf 82' lang='lat' dir='ltr'><strong>facti</strong></span> <span class='ocrx_word' id='word_1_700' title='bbox 3721 3739 3853 3785; x_wconf 83' lang='lat' dir='ltr'><strong>sunt</strong></span> 
     </span>
    </p>
   </div>
   <div class='ocr_carea' id='block_1_94' title="bbox 2262 3822 3854 3893">
    <p class='ocr_par' dir='ltr' id='par_1_94' title="bbox 2262 3822 3854 3893">
     <span class='ocr_line' id='line_1_94' title="bbox 2262 3822 3854 3893; baseline 0.004 -22"><span class='ocrx_word' id='word_1_701' title='bbox 2262 3828 2321 3871; x_wconf 88' lang='lat' dir='ltr'><strong>ut</strong></span> <span class='ocrx_word' id='word_1_702' title='bbox 2366 3834 2743 3888; x_wconf 85' lang='lat' dir='ltr'><strong>cognoscamus</strong></span> <span class='ocrx_word' id='word_1_703' title='bbox 2788 3836 2908 3886; x_wconf 90' lang='lat' dir='ltr'><strong>eos,</strong></span> <span class='ocrx_word' id='word_1_704' title='bbox 2965 3830 3023 3875; x_wconf 91' lang='lat' dir='ltr'><strong>ut</strong></span> <span class='ocrx_word' id='word_1_705' title='bbox 3070 3823 3243 3877; x_wconf 88' lang='lat' dir='ltr'><strong>nostri</strong></span> <span class='ocrx_word' id='word_1_706' title='bbox 3298 3822 3543 3893; x_wconf 81' lang='lat' dir='ltr'><strong>profecto</strong></span> <span class='ocrx_word' id='word_1_707' title='bbox 3596 3823 3854 3878; x_wconf 81' lang='lat' dir='ltr'><strong>notitiam</strong></span> 
     </span>
    </p>
   </div>
   <div class='ocr_carea' id='block_1_95' title="bbox 2256 3909 3464 3982">
    <p class='ocr_par' dir='ltr' id='par_1_95' title="bbox 2256 3909 3464 3982">
     <span class='ocr_line' id='line_1_95' title="bbox 2256 3909 3464 3982; baseline 0.005 -21"><span class='ocrx_word' id='word_1_708' title='bbox 2256 3909 2368 3979; x_wconf 84' lang='lat' dir='ltr'><strong>jugi</strong></span> <span class='ocrx_word' id='word_1_709' title='bbox 2396 3910 2476 3964; x_wconf 91' lang='lat' dir='ltr'><strong>eis</strong></span> <span class='ocrx_word' id='word_1_710' title='bbox 2500 3910 2834 3980; x_wconf 88' lang='lat' dir='ltr'><strong>experientia</strong></span> <span class='ocrx_word' id='word_1_711' title='bbox 2862 3911 3151 3982; x_wconf 87' lang='lat' dir='ltr'><strong>voluptatis</strong></span> <span class='ocrx_word' id='word_1_712' title='bbox 3180 3913 3464 3969; x_wconf 86' lang='lat' dir='ltr'><strong>addamus.</strong></span> 
     </span>
    </p>
   </div>
   <div class='ocr_carea' id='block_1_96' title="bbox 2336 4002 3856 4074">
    <p class='ocr_par' dir='ltr' id='par_1_96' title="bbox 2336 4002 3856 4074">
     <span class='ocr_line' id='line_1_96' title="bbox 2336 4002 3856 4074; baseline 0.001 -16"><span class='ocrx_word' id='word_1_713' title='bbox 2336 4003 2497 4058; x_wconf 66' lang='lat' dir='ltr'><strong>Vens.</strong></span> <span class='ocrx_word' id='word_1_714' title='bbox 2530 4003 2594 4068; x_wconf 89' lang='lat'><strong>6,</strong></span> <span class='ocrx_word' id='word_1_715' title='bbox 2627 4003 2681 4069; x_wconf 90' lang='lat'><strong>7,</strong></span> <span class='ocrx_word' id='word_1_716' title='bbox 2725 4005 2778 4059; x_wconf 93' lang='lat'><strong>8.</strong></span> <span class='ocrx_word' id='word_1_717' title='bbox 2810 4034 2881 4043; x_wconf 89' lang='lat'>—</span> <span class='ocrx_word' id='word_1_718' title='bbox 2910 4002 3167 4074; x_wconf 81' lang='lat' dir='ltr'><strong>Egressus</strong></span> <span class='ocrx_word' id='word_1_719' title='bbox 3206 4004 3276 4057; x_wconf 88' lang='lat' dir='ltr'><strong>ad</strong></span> <span class='ocrx_word' id='word_1_720' title='bbox 3321 4022 3408 4058; x_wconf 89' lang='lat' dir='ltr'><strong>eos</strong></span> <span class='ocrx_word' id='word_1_721' title='bbox 3446 4004 3540 4058; x_wconf 92' lang='lat' dir='ltr'><strong>Lot</strong></span> <span class='ocrx_word' id='word_1_722' title='bbox 3578 4013 3697 4074; x_wconf 80' lang='lat' dir='ltr'><strong>post</strong></span> <span class='ocrx_word' id='word_1_723' title='bbox 3746 4013 3856 4059; x_wconf 84' lang='lat' dir='ltr'><strong>ter-</strong></span> 
     </span>
    </p>
   </div>
   <div class='ocr_carea' id='block_1_97' title="bbox 2260 4092 3857 4165">
    <p class='ocr_par' dir='ltr' id='par_1_97' title="bbox 2260 4092 3857 4165">
     <span class='ocr_line' id='line_1_97' title="bbox 2260 4092 3857 4165; baseline 0.002 -19"><span class='ocrx_word' id='word_1_724' title='bbox 2260 4109 2385 4163; x_wconf 86' lang='lat' dir='ltr'><strong>gum</strong></span> <span class='ocrx_word' id='word_1_725' title='bbox 2405 4092 2683 4148; x_wconf 73' lang='lat' dir='ltr'><strong>(recludens</strong></span> <span class='ocrx_word' id='word_1_726' title='bbox 2712 4096 2903 4148; x_wconf 75' lang='lat' dir='ltr'><strong>ostium</strong></span> <span class='ocrx_word' id='word_1_727' title='bbox 2930 4096 3002 4149; x_wconf 90' lang='lat' dir='ltr'><strong>ait</strong></span> <span class='ocrx_word' id='word_1_728' title='bbox 3032 4111 3054 4150; x_wconf 89' lang='lat'><strong><em>:</em></strong></span> <span class='ocrx_word' id='word_1_729' title='bbox 3087 4095 3289 4160; x_wconf 86' lang='lat' dir='ltr'><strong>Nolite,</strong></span> <span class='ocrx_word' id='word_1_730' title='bbox 3328 4096 3519 4165; x_wconf 84' lang='lat' dir='ltr'><strong>fratres</strong></span> <span class='ocrx_word' id='word_1_731' title='bbox 3551 4112 3686 4160; x_wconf 77' lang='lat' dir='ltr'><strong>mei,</strong></span> <span class='ocrx_word' id='word_1_732' title='bbox 3736 4112 3857 4149; x_wconf 87' lang='lat' dir='ltr'><strong>ma-</strong></span> 
     </span>
    </p>
   </div>
   <div class='ocr_carea' id='block_1_98' title="bbox 2260 4186 3856 4258">
    <p class='ocr_par' dir='ltr' id='par_1_98' title="bbox 2260 4186 3856 4258">
     <span class='ocr_line' id='line_1_98' title="bbox 2260 4186 3856 4258; baseline 0.001 -18"><span class='ocrx_word' id='word_1_733' title='bbox 2260 4186 2374 4241; x_wconf 87' lang='lat' dir='ltr'><strong>lum</strong></span> <span class='ocrx_word' id='word_1_734' title='bbox 2420 4188 2518 4242; x_wconf 75' lang='lat' dir='ltr'><strong>Icoc</strong></span> <span class='ocrx_word' id='word_1_735' title='bbox 2551 4188 2745 4257; x_wconf 84' lang='lat' dir='ltr'><strong>facere.</strong></span> <span class='ocrx_word' id='word_1_736' title='bbox 2811 4188 2995 4244; x_wconf 80' lang='lat' dir='ltr'><strong>Habeo</strong></span> <span class='ocrx_word' id='word_1_737' title='bbox 3049 4190 3183 4245; x_wconf 74' lang='lat' dir='ltr'><strong>duas</strong></span> <span class='ocrx_word' id='word_1_738' title='bbox 3222 4189 3405 4258; x_wconf 76' lang='lat' dir='ltr'><strong>ﬁlias,</strong></span> <span class='ocrx_word' id='word_1_739' title='bbox 3447 4205 3563 4258; x_wconf 80' lang='lat' dir='ltr'><strong>qua:</strong></span> <span class='ocrx_word' id='word_1_740' title='bbox 3615 4189 3856 4247; x_wconf 77' lang='lat' dir='ltr'><strong>nondum</strong></span> 
     </span>
    </p>
   </div>
   <div class='ocr_carea' id='block_1_99' title="bbox 2260 4275 3855 4344">
    <p class='ocr_par' dir='ltr' id='par_1_99' title="bbox 2260 4275 3855 4344">
     <span class='ocr_line' id='line_1_99' title="bbox 2260 4275 3855 4344; baseline -0.001 -17"><span class='ocrx_word' id='word_1_741' title='bbox 2260 4284 2606 4344; x_wconf 86' lang='lat' dir='ltr'><strong>cognoverunt</strong></span> <span class='ocrx_word' id='word_1_742' title='bbox 2636 4275 2825 4339; x_wconf 84' lang='lat' dir='ltr'><strong>virum,</strong></span> <span class='ocrx_word' id='word_1_743' title='bbox 2865 4277 3086 4328; x_wconf 80' lang='lat' dir='ltr'><strong>educam</strong></span> <span class='ocrx_word' id='word_1_744' title='bbox 3117 4292 3205 4328; x_wconf 86' lang='lat' dir='ltr'><strong>eas</strong></span> <span class='ocrx_word' id='word_1_745' title='bbox 3232 4276 3301 4328; x_wconf 89' lang='lat' dir='ltr'><strong>ad</strong></span> <span class='ocrx_word' id='word_1_746' title='bbox 3334 4292 3451 4339; x_wconf 80' lang='lat' dir='ltr'><strong>vos,</strong></span> <span class='ocrx_word' id='word_1_747' title='bbox 3488 4285 3547 4329; x_wconf 76' lang='lat' dir='ltr'><strong>et</strong></span> <span class='ocrx_word' id='word_1_748' title='bbox 3567 4275 3855 4330; x_wconf 80' lang='lat' dir='ltr'><strong>abutimini</strong></span> 
     </span>
    </p>
   </div>
   <div class='ocr_carea' id='block_1_100' title="bbox 2257 4364 3856 4435">
    <p class='ocr_par' dir='ltr' id='par_1_100' title="bbox 2257 4364 3856 4435">
     <span class='ocr_line' id='line_1_100' title="bbox 2257 4364 3856 4435; baseline 0.001 -16"><span class='ocrx_word' id='word_1_749' title='bbox 2257 4366 2352 4431; x_wconf 86' lang='lat' dir='ltr'><strong>eis,</strong></span> <span class='ocrx_word' id='word_1_750' title='bbox 2380 4366 2511 4419; x_wconf 85' lang='lat' dir='ltr'><strong>sicut</strong></span> <span class='ocrx_word' id='word_1_751' title='bbox 2542 4364 2796 4435; x_wconf 86' lang='lat' dir='ltr'><strong>placuerit</strong></span> <span class='ocrx_word' id='word_1_752' title='bbox 2844 4366 3006 4431; x_wconf 83' lang='lat' dir='ltr'><strong>vobis,</strong></span> <span class='ocrx_word' id='word_1_753' title='bbox 3060 4366 3343 4421; x_wconf 86' lang='lat' dir='ltr'><strong>dummodo</strong></span> <span class='ocrx_word' id='word_1_754' title='bbox 3379 4368 3503 4421; x_wconf 81' lang='lat' dir='ltr'><strong>viris</strong></span> <span class='ocrx_word' id='word_1_755' title='bbox 3552 4368 3668 4421; x_wconf 88' lang='lat' dir='ltr'><strong>istis</strong></span> <span class='ocrx_word' id='word_1_756' title='bbox 3717 4366 3856 4422; x_wconf 78' lang='lat' dir='ltr'><strong>nihil</strong></span> 
     </span>
    </p>
   </div>
   <div class='ocr_carea' id='block_1_101' title="bbox 2258 4456 3858 4529">
    <p class='ocr_par' dir='ltr' id='par_1_101' title="bbox 2258 4456 3858 4529">
     <span class='ocr_line' id='line_1_101' title="bbox 2258 4456 3858 4529; baseline 0.003 -20"><span class='ocrx_word' id='word_1_757' title='bbox 2258 4456 2471 4525; x_wconf 80' lang='lat' dir='ltr'><strong>faciatis</strong></span> <span class='ocrx_word' id='word_1_758' title='bbox 2500 4457 2648 4523; x_wconf 86' lang='lat' dir='ltr'><strong>mali,</strong></span> <span class='ocrx_word' id='word_1_759' title='bbox 2684 4459 2807 4529; x_wconf 82' lang='lat' dir='ltr'><strong>quia</strong></span> <span class='ocrx_word' id='word_1_760' title='bbox 2847 4459 3066 4528; x_wconf 86' lang='lat' dir='ltr'><strong>ingressi</strong></span> <span class='ocrx_word' id='word_1_761' title='bbox 3098 4470 3217 4513; x_wconf 88' lang='lat' dir='ltr'><strong>sunt</strong></span> <span class='ocrx_word' id='word_1_762' title='bbox 3256 4464 3353 4513; x_wconf 86' lang='lat' dir='ltr'><strong>sub</strong></span> <span class='ocrx_word' id='word_1_763' title='bbox 3382 4461 3566 4513; x_wconf 87' lang='lat' dir='ltr'><strong>umbra</strong></span> <span class='ocrx_word' id='word_1_764' title='bbox 3604 4459 3858 4513; x_wconf 87' lang='lat' dir='ltr'><strong>culminis</strong></span> 
     </span>
    </p>
   </div>
   <div class='ocr_carea' id='block_1_102' title="bbox 2260 4549 3859 4621">
    <p class='ocr_par' dir='ltr' id='par_1_102' title="bbox 2260 4549 3859 4621">
     <span class='ocr_line' id='line_1_102' title="bbox 2260 4549 3859 4621; baseline 0.001 -17"><span class='ocrx_word' id='word_1_765' title='bbox 2260 4550 2381 4604; x_wconf 80' lang='lat' dir='ltr'><strong>mei.</strong></span> <span class='ocrx_word' id='word_1_766' title='bbox 2423 4549 2535 4605; x_wconf 87' lang='lat' dir='ltr'><strong>Lot-</strong></span> <span class='ocrx_word' id='word_1_767' title='bbox 2572 4551 2641 4604; x_wconf 88' lang='lat' dir='ltr'><strong>ad</strong></span> <span class='ocrx_word' id='word_1_768' title='bbox 2681 4566 2768 4605; x_wconf 89' lang='lat' dir='ltr'><strong>eos</strong></span> <span class='ocrx_word' id='word_1_769' title='bbox 2812 4550 3137 4621; x_wconf 81' lang='lat' dir='ltr'><strong>ingreditur,</strong></span> <span class='ocrx_word' id='word_1_770' title='bbox 3181 4552 3307 4607; x_wconf 91' lang='lat' dir='ltr'><strong>dum</strong></span> <span class='ocrx_word' id='word_1_771' title='bbox 3341 4553 3409 4605; x_wconf 89' lang='lat' dir='ltr'><strong>ad</strong></span> <span class='ocrx_word' id='word_1_772' title='bbox 3448 4552 3859 4607; x_wconf 79' lang='lat' dir='ltr'><strong>discutiendam</strong></span> 
     </span>
    </p>
   </div>
   <div class='ocr_carea' id='block_1_103' title="bbox 2190 4632 3859 4716">
    <p class='ocr_par' dir='ltr' id='par_1_103' title="bbox 2190 4632 3859 4716">
     <span class='ocr_line' id='line_1_103' title="bbox 2190 4632 3859 4716; baseline 0.001 -19"><span class='ocrx_word' id='word_1_773' title='bbox 2190 4632 2236 4686; x_wconf 87' lang='grc' dir='ltr'><strong>Ι)</strong></span> <span class='ocrx_word' id='word_1_774' title='bbox 2261 4660 2290 4697; x_wconf 89' lang='lat' dir='ltr'><strong>a</strong></span> <span class='ocrx_word' id='word_1_775' title='bbox 2319 4644 2516 4714; x_wconf 87' lang='lat' dir='ltr'><strong>quibus</strong></span> <span class='ocrx_word' id='word_1_776' title='bbox 2556 4645 2933 4716; x_wconf 88' lang='lat' dir='ltr'><strong>interpellatur</strong></span> <span class='ocrx_word' id='word_1_777' title='bbox 2971 4644 3226 4698; x_wconf 86' lang='lat' dir='ltr'><strong>vitiorum</strong></span> <span class='ocrx_word' id='word_1_778' title='bbox 3272 4643 3588 4713; x_wconf 87' lang='lat' dir='ltr'><strong>qualitatem</strong></span> <span class='ocrx_word' id='word_1_779' title='bbox 3632 4643 3715 4697; x_wconf 88' lang='lat' dir='ltr'><strong>vis</strong></span> <span class='ocrx_word' id='word_1_780' title='bbox 3765 4660 3859 4698; x_wconf 90' lang='lat' dir='ltr'><strong>ra-</strong></span> 
     </span>
    </p>
   </div>
   <div class='ocr_carea' id='block_1_104' title="bbox 2262 4735 3857 4807">
    <p class='ocr_par' dir='ltr' id='par_1_104' title="bbox 2262 4735 3857 4807">
     <span class='ocr_line' id='line_1_104' title="bbox 2262 4735 3857 4807; baseline -0.001 -16"><span class='ocrx_word' id='word_1_781' title='bbox 2262 4736 2426 4793; x_wconf 90' lang='lat' dir='ltr'><strong>tionis</strong></span> <span class='ocrx_word' id='word_1_782' title='bbox 2466 4736 2739 4802; x_wconf 85' lang='lat' dir='ltr'><strong>exeritur;</strong></span> <span class='ocrx_word' id='word_1_783' title='bbox 2786 4742 2897 4807; x_wconf 80' lang='lat' dir='ltr'><strong>post</strong></span> <span class='ocrx_word' id='word_1_784' title='bbox 2945 4746 3147 4806; x_wconf 85' lang='lat' dir='ltr'><strong>tergum</strong></span> <span class='ocrx_word' id='word_1_785' title='bbox 3186 4736 3374 4789; x_wconf 86' lang='lat' dir='ltr'><strong>ostium</strong></span> <span class='ocrx_word' id='word_1_786' title='bbox 3420 4735 3678 4799; x_wconf 87' lang='lat' dir='ltr'><strong>accludit,</strong></span> <span class='ocrx_word' id='word_1_787' title='bbox 3717 4735 3857 4789; x_wconf 89' lang='lat' dir='ltr'><strong>dum</strong></span> 
     </span>
    </p>
   </div>
   <div class='ocr_carea' id='block_1_105' title="bbox 2261 4825 3859 4898">
    <p class='ocr_par' dir='ltr' id='par_1_105' title="bbox 2261 4825 3859 4898">
     <span class='ocr_line' id='line_1_105' title="bbox 2261 4825 3859 4898; baseline -0.002 -16"><span class='ocrx_word' id='word_1_788' title='bbox 2261 4828 2459 4883; x_wconf 85' lang='lat' dir='ltr'><strong>mentis</strong></span> <span class='ocrx_word' id='word_1_789' title='bbox 2482 4828 2685 4882; x_wconf 89' lang='lat' dir='ltr'><strong>aditum</strong></span> <span class='ocrx_word' id='word_1_790' title='bbox 2717 4829 2801 4882; x_wconf 87' lang='lat' dir='ltr'><strong>his</strong></span> <span class='ocrx_word' id='word_1_791' title='bbox 2832 4844 2951 4898; x_wconf 68' lang='lat' dir='ltr'><strong>qua:</strong></span> <span class='ocrx_word' id='word_1_792' title='bbox 2972 4837 3118 4883; x_wconf 91' lang='lat' dir='ltr'><strong>retro</strong></span> <span class='ocrx_word' id='word_1_793' title='bbox 3147 4836 3293 4890; x_wconf 87' lang='lat' dir='ltr'><strong>sunt,</strong></span> <span class='ocrx_word' id='word_1_794' title='bbox 3325 4825 3717 4895; x_wconf 89' lang='lat' dir='ltr'><strong>temporalibus</strong></span> <span class='ocrx_word' id='word_1_795' title='bbox 3740 4826 3859 4881; x_wconf 85' lang='lat' dir='ltr'><strong>sci-</strong></span> 
     </span>
    </p>
   </div>
   <div class='ocr_carea' id='block_1_106' title="bbox 2260 4917 3858 4988">
    <p class='ocr_par' dir='ltr' id='par_1_106' title="bbox 2260 4917 3858 4988">
     <span class='ocr_line' id='line_1_106' title="bbox 2260 4917 3858 4988; baseline -0.001 -15"><span class='ocrx_word' id='word_1_796' title='bbox 2260 4921 2391 4975; x_wconf 92' lang='lat' dir='ltr'><strong>licet</strong></span> <span class='ocrx_word' id='word_1_797' title='bbox 2420 4920 2690 4974; x_wconf 85' lang='lat' dir='ltr'><strong>anteriora</strong></span> <span class='ocrx_word' id='word_1_798' title='bbox 2718 4928 2932 4988; x_wconf 89' lang='lat' dir='ltr'><strong>petens,</strong></span> <span class='ocrx_word' id='word_1_799' title='bbox 2971 4919 3023 4973; x_wconf 85' lang='lat' dir='ltr'><strong>id</strong></span> <span class='ocrx_word' id='word_1_800' title='bbox 3050 4928 3133 4973; x_wconf 91' lang='lat' dir='ltr'><strong>est</strong></span> <span class='ocrx_word' id='word_1_801' title='bbox 3155 4927 3382 4981; x_wconf 56' lang='lat' dir='ltr'><strong>aeterna,</strong></span> <span class='ocrx_word' id='word_1_802' title='bbox 3412 4917 3670 4982; x_wconf 88' lang='lat' dir='ltr'><strong>obstruit,</strong></span> <span class='ocrx_word' id='word_1_803' title='bbox 3704 4928 3761 4971; x_wconf 90' lang='lat' dir='ltr'><strong>et</strong></span> <span class='ocrx_word' id='word_1_804' title='bbox 3799 4919 3858 4971; x_wconf 88' lang='lat' dir='ltr'><strong>in</strong></span> 
     </span>
    </p>
   </div>
   <div class='ocr_carea' id='block_1_107' title="bbox 2260 5012 3861 5085">
    <p class='ocr_par' dir='ltr' id='par_1_107' title="bbox 2260 5012 3861 5085">
     <span class='ocr_line' id='line_1_107' title="bbox 2260 5012 3861 5085; baseline -0.001 -16"><span class='ocrx_word' id='word_1_805' title='bbox 2260 5015 2377 5084; x_wconf 89' lang='lat' dir='ltr'><strong>ipsa</strong></span> <span class='ocrx_word' id='word_1_806' title='bbox 2407 5014 2746 5070; x_wconf 87' lang='lat' dir='ltr'><strong>discussione</strong></span> <span class='ocrx_word' id='word_1_807' title='bbox 2772 5015 2983 5085; x_wconf 86' lang='lat' dir='ltr'><strong>peccati</strong></span> <span class='ocrx_word' id='word_1_808' title='bbox 3028 5029 3096 5071; x_wconf 90' lang='lat' dir='ltr'><strong>ne</strong></span> <span class='ocrx_word' id='word_1_809' title='bbox 3125 5014 3376 5083; x_wconf 90' lang='lat' dir='ltr'><strong>voluptas</strong></span> <span class='ocrx_word' id='word_1_810' title='bbox 3419 5012 3620 5067; x_wconf 83' lang='lat' dir='ltr'><strong>furtive</strong></span> <span class='ocrx_word' id='word_1_811' title='bbox 3667 5012 3861 5067; x_wconf 85' lang='lat' dir='ltr'><strong>subri-</strong></span> 
     </span>
    </p>
   </div>
   <div class='ocr_carea' id='block_1_108' title="bbox 2262 5104 3860 5175">
    <p class='ocr_par' dir='ltr' id='par_1_108' title="bbox 2262 5104 3860 5175">
     <span class='ocr_line' id='line_1_108' title="bbox 2262 5104 3860 5175; baseline 0.001 -19"><span class='ocrx_word' id='word_1_812' title='bbox 2262 5106 2393 5173; x_wconf 89' lang='lat' dir='ltr'><strong>piat,</strong></span> <span class='ocrx_word' id='word_1_813' title='bbox 2429 5120 2550 5160; x_wconf 91' lang='lat' dir='ltr'><strong>sese</strong></span> <span class='ocrx_word' id='word_1_814' title='bbox 2579 5106 2752 5160; x_wconf 90' lang='lat' dir='ltr'><strong>munit</strong></span> <span class='ocrx_word' id='word_1_815' title='bbox 2778 5122 2792 5170; x_wconf 91' lang='lat'><strong>;</strong></span> <span class='ocrx_word' id='word_1_816' title='bbox 2824 5105 3015 5175; x_wconf 80' lang='lat' dir='ltr'><strong>fratres</strong></span> <span class='ocrx_word' id='word_1_817' title='bbox 3036 5114 3215 5158; x_wconf 89' lang='lat' dir='ltr'><strong>autem</strong></span> <span class='ocrx_word' id='word_1_818' title='bbox 3243 5106 3413 5159; x_wconf 89' lang='lat' dir='ltr'><strong>nostri</strong></span> <span class='ocrx_word' id='word_1_819' title='bbox 3448 5104 3547 5173; x_wconf 91' lang='lat' dir='ltr'><strong>ipsi</strong></span> <span class='ocrx_word' id='word_1_820' title='bbox 3575 5113 3703 5158; x_wconf 92' lang='lat' dir='ltr'><strong>sunt</strong></span> <span class='ocrx_word' id='word_1_821' title='bbox 3732 5119 3860 5158; x_wconf 86' lang='lat' dir='ltr'><strong>mo-</strong></span> 
     </span>
    </p>
   </div>
   <div class='ocr_carea' id='block_1_109' title="bbox 2265 5196 3863 5266">
    <p class='ocr_par' dir='ltr' id='par_1_109' title="bbox 2265 5196 3863 5266">
     <span class='ocr_line' id='line_1_109' title="bbox 2265 5196 3863 5266; baseline -0.003 -15"><span class='ocrx_word' id='word_1_822' title='bbox 2265 5207 2351 5251; x_wconf 90' lang='lat' dir='ltr'><strong>tus</strong></span> <span class='ocrx_word' id='word_1_823' title='bbox 2399 5198 2667 5266; x_wconf 88' lang='lat' dir='ltr'><strong>corporei,</strong></span> <span class='ocrx_word' id='word_1_824' title='bbox 2718 5214 2785 5252; x_wconf 89' lang='lat' dir='ltr'><strong>ex</strong></span> <span class='ocrx_word' id='word_1_825' title='bbox 2816 5199 3004 5252; x_wconf 83' lang='lat' dir='ltr'><strong>eadem</strong></span> <span class='ocrx_word' id='word_1_826' title='bbox 3049 5211 3154 5266; x_wconf 86' lang='lat' dir='ltr'><strong>qua</strong></span> <span class='ocrx_word' id='word_1_827' title='bbox 3204 5204 3261 5251; x_wconf 89' lang='lat' dir='ltr'><strong>et</strong></span> <span class='ocrx_word' id='word_1_828' title='bbox 3306 5196 3863 5264; x_wconf 76' lang='lat' dir='ltr'><strong>virtutes‘prodeunt</strong></span> 
     </span>
    </p>
   </div>
   <div class='ocr_carea' id='block_1_110' title="bbox 2262 5286 3857 5359">
    <p class='ocr_par' dir='ltr' id='par_1_110' title="bbox 2262 5286 3857 5359">
     <span class='ocr_line' id='line_1_110' title="bbox 2262 5286 3857 5359; baseline -0.004 -17"><span class='ocrx_word' id='word_1_829' title='bbox 2262 5301 2443 5343; x_wconf 89' lang='lat' dir='ltr'><strong>mente</strong></span> <span class='ocrx_word' id='word_1_830' title='bbox 2491 5289 2791 5359; x_wconf 79' lang='lat' dir='ltr'><strong>progeniti;</strong></span> <span class='ocrx_word' id='word_1_831' title='bbox 2834 5288 3029 5343; x_wconf 80' lang='lat' dir='ltr'><strong>eadem</strong></span> <span class='ocrx_word' id='word_1_832' title='bbox 3067 5286 3213 5343; x_wconf 85' lang='lat' dir='ltr'><strong>enim</strong></span> <span class='ocrx_word' id='word_1_833' title='bbox 3255 5297 3397 5340; x_wconf 90' lang='lat' dir='ltr'><strong>terra</strong></span> <span class='ocrx_word' id='word_1_834' title='bbox 3440 5301 3559 5359; x_wconf 73' lang='lat' dir='ltr'><strong>qua:</strong></span> <span class='ocrx_word' id='word_1_835' title='bbox 3605 5294 3857 5355; x_wconf 74' lang='lat' dir='ltr'><strong>segetem</strong></span> 
     </span>
    </p>
   </div>
   <div class='ocr_carea' id='block_1_111' title="bbox 2260 5378 3861 5453">
    <p class='ocr_par' dir='ltr' id='par_1_111' title="bbox 2260 5378 3861 5453">
     <span class='ocr_line' id='line_1_111' title="bbox 2260 5378 3861 5453; baseline -0.002 -16"><span class='ocrx_word' id='word_1_836' title='bbox 2260 5392 2506 5453; x_wconf 82' lang='lat' dir='ltr'><strong>generat,</strong></span> <span class='ocrx_word' id='word_1_837' title='bbox 2536 5386 2739 5452; x_wconf 77' lang='lat' dir='ltr'><strong>Spinas,</strong></span> <span class='ocrx_word' id='word_1_838' title='bbox 2765 5390 2818 5436; x_wconf 89' lang='lat' dir='ltr'><strong>et</strong></span> <span class='ocrx_word' id='word_1_839' title='bbox 2843 5381 3067 5436; x_wconf 88' lang='lat' dir='ltr'><strong>tribulos</strong></span> <span class='ocrx_word' id='word_1_840' title='bbox 3094 5381 3297 5448; x_wconf 82' lang='lat' dir='ltr'><strong>pariter</strong></span> <span class='ocrx_word' id='word_1_841' title='bbox 3321 5388 3609 5450; x_wconf 88' lang='lat' dir='ltr'><strong>procreat:</strong></span> <span class='ocrx_word' id='word_1_842' title='bbox 3641 5378 3861 5450; x_wconf 70' lang='lat' dir='ltr'><strong>Nolite,</strong></span> 
     </span>
    </p>
   </div>
   <div class='ocr_carea' id='block_1_112' title="bbox 2266 5468 3862 5542">
    <p class='ocr_par' dir='ltr' id='par_1_112' title="bbox 2266 5468 3862 5542">
     <span class='ocr_line' id='line_1_112' title="bbox 2266 5468 3862 5542; baseline -0.004 -14"><span class='ocrx_word' id='word_1_843' title='bbox 2266 5475 2366 5539; x_wconf 88' lang='lat' dir='ltr'><strong>ait,</strong></span> <span class='ocrx_word' id='word_1_844' title='bbox 2399 5476 2497 5528; x_wconf 80' lang='lat' dir='ltr'><strong>hoc</strong></span> <span class='ocrx_word' id='word_1_845' title='bbox 2523 5475 2718 5527; x_wconf 84' lang='lat' dir='ltr'><strong>malum</strong></span> <span class='ocrx_word' id='word_1_846' title='bbox 2752 5472 2955 5542; x_wconf 79' lang='lat' dir='ltr'><strong>facere,</strong></span> <span class='ocrx_word' id='word_1_847' title='bbox 2995 5474 3062 5528; x_wconf 89' lang='lat' dir='ltr'><strong>ad</strong></span> <span class='ocrx_word' id='word_1_848' title='bbox 3093 5472 3315 5527; x_wconf 89' lang='lat' dir='ltr'><strong>evidens</strong></span> <span class='ocrx_word' id='word_1_849' title='bbox 3345 5470 3592 5526; x_wconf 81' lang='lat' dir='ltr'><strong>videlicet</strong></span> <span class='ocrx_word' id='word_1_850' title='bbox 3627 5485 3712 5524; x_wconf 86' lang='lat' dir='ltr'><strong>me</strong></span> <span class='ocrx_word' id='word_1_851' title='bbox 3752 5468 3862 5523; x_wconf 79' lang='lat' dir='ltr'><strong>ﬂa-</strong></span> 
     </span>
    </p>
   </div>
   <div class='ocr_carea' id='block_1_113' title="bbox 2260 5566 3862 5645">
    <p class='ocr_par' dir='ltr' id='par_1_113' title="bbox 2260 5566 3862 5645">
     <span class='ocr_line' id='line_1_113' title="bbox 2260 5566 3862 5645; baseline -0.002 -21"><span class='ocrx_word' id='word_1_852' title='bbox 2260 5570 2446 5641; x_wconf 87' lang='lat' dir='ltr'><strong>gitium</strong></span> <span class='ocrx_word' id='word_1_853' title='bbox 2492 5584 2805 5640; x_wconf 83' lang='lat' dir='ltr'><strong>provocare.</strong></span> <span class='ocrx_word' id='word_1_854' title='bbox 2857 5568 2983 5623; x_wconf 74' lang='lat' dir='ltr'><strong>Diue</strong></span> <span class='ocrx_word' id='word_1_855' title='bbox 3031 5567 3154 5621; x_wconf 64' lang='lat' dir='ltr'><strong>[ilice</strong></span> <span class='ocrx_word' id='word_1_856' title='bbox 3202 5567 3333 5645; x_wconf 75' lang='lat' dir='ltr'><strong>mihi</strong></span> <span class='ocrx_word' id='word_1_857' title='bbox 3380 5566 3632 5620; x_wconf 89' lang='lat' dir='ltr'><strong>videntur</strong></span> <span class='ocrx_word' id='word_1_858' title='bbox 3679 5581 3862 5636; x_wconf 84' lang='lat' dir='ltr'><strong>posse</strong></span> 
     </span>
    </p>
   </div>
   <div class='ocr_carea' id='block_1_114' title="bbox 2259 5639 3862 5735">
    <p class='ocr_par' dir='ltr' id='par_1_114' title="bbox 2259 5639 3862 5735">
     <span class='ocr_line' id='line_1_114' title="bbox 2259 5639 3862 5735; baseline -0.002 -18"><span class='ocrx_word' id='word_1_859' title='bbox 2259 5664 2430 5731; x_wconf 87' lang='lat' dir='ltr'><strong>accipi</strong></span> <span class='ocrx_word' id='word_1_860' title='bbox 2457 5664 2562 5717; x_wconf 92' lang='lat' dir='ltr'><strong>duo</strong></span> <span class='ocrx_word' id='word_1_861' title='bbox 2582 5665 2850 5732; x_wconf 59' lang='lat' dir='ltr'><strong>quasdam,</strong></span> <span class='ocrx_word' id='word_1_862' title='bbox 2895 5677 3017 5735; x_wconf 65' lang='lat' dir='ltr'><strong>qua:</strong></span> <span class='ocrx_word' id='word_1_863' title='bbox 3040 5639 3288 5731; x_wconf 81' lang='lat' dir='ltr'><strong>magnam</strong></span> <span class='ocrx_word' id='word_1_864' title='bbox 3311 5660 3363 5713; x_wconf 89' lang='lat' dir='ltr'><strong>in</strong></span> <span class='ocrx_word' id='word_1_865' title='bbox 3388 5658 3543 5713; x_wconf 87' lang='lat' dir='ltr'><strong>bonis</strong></span> <span class='ocrx_word' id='word_1_866' title='bbox 3566 5660 3862 5713; x_wconf 79' lang='lat' dir='ltr'><strong>mentibus</strong></span> 
     </span>
    </p>
   </div>
   <div class='ocr_carea' id='block_1_115' title="bbox 2262 5750 3945 5833">
    <p class='ocr_par' dir='ltr' id='par_1_115' title="bbox 2262 5750 3945 5833">
     <span class='ocr_line' id='line_1_115' title="bbox 2262 5750 3945 5833; baseline -0.003 -25"><span class='ocrx_word' id='word_1_867' title='bbox 2262 5754 2677 5809; x_wconf 86' lang='lat' dir='ltr'><strong>teneritudinem</strong></span> <span class='ocrx_word' id='word_1_868' title='bbox 2716 5754 2959 5826; x_wconf 88' lang='lat' dir='ltr'><strong>pariunt,</strong></span> <span class='ocrx_word' id='word_1_869' title='bbox 3001 5753 3235 5807; x_wconf 79' lang='lat' dir='ltr'><strong>habendi</strong></span> <span class='ocrx_word' id='word_1_870' title='bbox 3281 5750 3570 5820; x_wconf 84' lang='lat' dir='ltr'><strong>cupiditas,</strong></span> <span class='ocrx_word' id='word_1_871' title='bbox 3621 5759 3677 5802; x_wconf 86' lang='lat' dir='ltr'><strong>et</strong></span> <span class='ocrx_word' id='word_1_872' title='bbox 3719 5750 3858 5819; x_wconf 88' lang='lat' dir='ltr'><strong>opi-</strong></span> 
     </span>
    </p>
   </div>
   <div class='ocr_carea' id='block_1_116' title="bbox 2262 5839 3955 5912">
    <p class='ocr_par' dir='ltr' id='par_1_116' title="bbox 2262 5839 3955 5912">
     <span class='ocr_line' id='line_1_116' title="bbox 2262 5839 3955 5912; baseline -0.004 -11"><span class='ocrx_word' id='word_1_873' title='bbox 2262 5847 2439 5902; x_wconf 78' lang='lat' dir='ltr'><strong>monis</strong></span> <span class='ocrx_word' id='word_1_874' title='bbox 2487 5860 2658 5912; x_wconf 84' lang='lat' dir='ltr'><strong>amor,</strong></span> <span class='ocrx_word' id='word_1_875' title='bbox 2692 5846 2743 5899; x_wconf 89' lang='lat' dir='ltr'><strong>id</strong></span> <span class='ocrx_word' id='word_1_876' title='bbox 2770 5853 2851 5899; x_wconf 89' lang='lat' dir='ltr'><strong>est</strong></span> <span class='ocrx_word' id='word_1_877' title='bbox 2881 5844 3209 5909; x_wconf 68' lang='lat' dir='ltr'><strong>cenodoxia;</strong></span> <span class='ocrx_word' id='word_1_878' title='bbox 3258 5841 3345 5896; x_wconf 72' lang='lat' dir='ltr'><strong>vix</strong></span> <span class='ocrx_word' id='word_1_879' title='bbox 3379 5839 3519 5896; x_wconf 86' lang='lat' dir='ltr'><strong>enim</strong></span> <span class='ocrx_word' id='word_1_880' title='bbox 3548 5839 3755 5911; x_wconf 77' lang='lat' dir='ltr'><strong>aliquis</strong></span> <span class='ocrx_word' id='word_1_881' title='bbox 3804 5839 3873 5895; x_wconf 71' lang='lat' dir='ltr'><strong>in</strong></span> <span class='ocrx_word' id='word_1_882' title='bbox 3942 5839 3955 5855; x_wconf 92' lang='lat'><strong>‘</strong></span> 
     </span>
    </p>
   </div>
  </div>
