4062 6354
220 380 360 451 ’149
1122 436 1130 443 .
1353 392 1715 452 nomnen
1747 395 1815 450 IN
1862 394 2160 453 GENESlN
2199 396 2433 489 unrv.
3398 403 3497 457 tau

234 505 505 573 profectu
532 503 736 575 positus
767 503 1062 561 tentatione
1094 503 1368 575 quidpiam
1388 504 1621 560 habendi
1657 513 1825 571 caret,
1856 511 1904 571 Α
1934 505 2144 561 scilicet
2194 507 2507 563 tentationis
2570 507 2821 579 indigna,
2864 506 2978 578 jam
3031 509 3111 565 eis
3159 498 3499 566 adulantibus

235 597 344 650 vix
383 595 563 662 justus
589 596 899 652 cenodoxite
922 597 1150 668 impulsu
1173 612 1373 653 vacuus
1399 606 1505 663 est,
1534 597 1698 652 etiam
1724 611 1832 667 quo
1934 598 2171 663 ostium,
2229 599 2322 667 qui
2379 599 2683 670 subripiant
2743 616 2848 657 non
2902 611 2985 656 est
3044 601 3098 656 in
3147 602 3496 656 conscientia.

232 684 456 752 justior
481 695 593 754 est;
635 688 748 742 haec
772 701 901 758 ergo
937 698 1081 750 sunt,
1114 703 1232 757 qua:
1255 688 1483 743 rationis
1512 688 1677 743 robur
1704 685 1835 741 eﬂ'e—
2006 687 2170 743 Vens.
2215 690 2305 754 12,
2339 689 2425 743 15.
2450 719 2521 729 -
2552 691 2802 746 Dixerunt
2835 703 3005 746 autem
3040 694 3108 747 ad
3142 692 3235 747 Lot
3279 707 3299 747 :
3326 693 3501 748 Habes

241 783 490 845 minant,
532 783 675 837 unde
715 790 771 837 et
817 781 940 835 lilia:
987 790 1140 843 sunt,
1185 795 1306 849 quae
1357 794 1463 835 non
1502 785 1836 850 cognoscunt
1934 779 2019 833 hic
2042 787 2250 831 tuorum
2271 778 2890 849 qnempiam?generum,
2908 791 2996 834 aut
3022 782 3183 849 ﬁlios,
3211 792 3303 835 aut
3324 783 3501 850 ﬁlias?

241 872 453 934 virum,
504 872 632 941 quia
680 886 787 926 non
837 871 1193 940 experiuntur
1232 869 1459 925 rationis
1501 868 1833 935 dominium;

243 963 465 1017 dicitur
486 963 631 1017 enim
663 962 874 1016 cuidam
911 981 925 1016 :
966 961 1105 1017 Voca
1151 964 1321 1016 virum
1358 972 1507 1016 tuum
1552 961 1734 1033 (Joan.
1758 976 1835 1026 tv,

244 1051 374 1119 l6),
410 1051 460 1105 id
490 1062 572 1105 est
598 1050 970 1117 intellectum;
1004 1061 1130 1106 sunt
1170 1066 1403 1121 namque
1428 1050 1721 1116 innumeri,
1744 1050 1836 1119 qui

239 1141 587 1210 corporalia,
619 1150 673 1194 et
707 1157 826 1211 quae
856 1141 1013 1211 vulgo
1059 1143 1317 1212 probrosa
1356 1148 1482 1197 sunt
1506 1141 1633 1195 vitia
1665 1140 1838 1210 magis

245 1232 440 1285 vereri
491 1230 695 1296 solent,
741 1241 797 1285 ut
834 1241 960 1287 sunt
1008 1232 1266 1304 gulositas
1302 1248 1366 1288 ac
1405 1230 1837 1297 extraordinaria

248 1319 535 1385 luxuries,
566 1337 726 1390 quam
763 1323 1085 1392 spiritualia,
1123 1332 1183 1377 ut
1224 1324 1451 1378 avaritia
1491 1332 1546 1378 et
1589 1322 1839 1393 superbia

243 1418 412 1475 sunt,
441 1411 755 1465 exhorrent.
794 1411 919 1467 Haec
946 1412 1127 1483 itaque
1150 1413 1471 1473 educuntur.
1501 1414 1628 1468 dum
1651 1414 1719 1467 ab
1742 1412 1833 1467 illa

246 1500 441 1555 adhuc
469 1501 648 1555 divina
697 1502 859 1557 nimis
903 1506 1169 1575 sapiente,
1218 1515 1274 1561 et
1324 1507 1554 1563 terrenis
1595 1504 1839 1561 inbiante

245 1589 471 1643 ratiOue
508 1590 767 1646 voluntati
808 1593 1115 1650 daemonica:
1156 1595 1575 1664 prostituuntur,
1636 1593 1838 1664 quibus

237 1698 351 1751 per
388 1682 577 1738 eadem
605 1684 831 1740 crimina
857 1685 1117 1741 abutitur.
1149 1688 1259 1743 Hoc
1285 1704 1345 1744 se
1367 1686 1638 1743 facturum
1665 1702 1836 1757 spon-

242 1772 365 1836 det,
404 1772 529 1827 dutn
561 1774 715 1840 viris,
760 1775 812 1830 id
844 1786 927 1831 est
970 1777 1221 1832 sensibus
1262 1792 1379 1833 sese
1410 1777 1641 1832 viriliter
1674 1782 1837 1849 agen-

1934 885 2112 923 omnes
2136 868 2226 938 qui
2250 869 2326 922 tui
2353 878 2473 922 sunt
2500 868 2631 923 educ
2654 870 2718 923 de
2741 871 2866 924 urbe
2890 871 3008 924 hac.
3039 870 3336 924 Dolebimus
3366 874 3500 925 enim

1938 958 2111 1011 locum
2144 959 2321 1022 istum,
2356 974 2415 1012 eo
2443 958 2582 1029 quod
2606 958 2877 1012 increverit
2902 958 3099 1013 clamor
3128 976 3305 1014 eorum
3328 975 3502 1013 coram
3584 988 3587 989 ν

1937 1044 2185 1113 Domino,
2216 1047 2304 1117 qui
2331 1047 2472 1101 misit
2498 1063 2617 1113 nos,
2661 1055 2716 1100 ut
2736 1048 3017 1117 perdamus
3039 1048 3178 1102 illos.
3210 1048 3345 1103 Dum
3377 1064 3505 1119 ergo

1940 1147 2132 1189 sensus
2178 1134 2350 1190 nostri
2391 1133 2538 1203 ejus,
2589 1150 2709 1205 quae
2738 1149 2849 1205 prie
2904 1134 3074 1189 oculis
3120 1145 3223 1199 est,
3280 1146 3507 1191 terrente

1939 1222 2124 1294 gloriae
2169 1225 2351 1280 seduci
2398 1225 2675 1281 blanditiis
2721 1224 2939 1288 timent,
2990 1224 3105 1294 ipsa
3127 1240 3222 1279 sua
3258 1227 3511 1295 passione

1941 1314 2208 1369 rationem
2241 1315 2457 1381 docent,
2488 1314 2842 1372 succidendos
2867 1329 2897 1369 a
2934 1328 2994 1369 se
3019 1314 3298 1368 universos
3326 1317 3508 1370 mundi

1942 1401 2197 1472 affectus,
2262 1419 2524 1474 generos,
2566 1418 2764 1475 pravos
2821 1402 3031 1459 scilicet
3082 1401 3368 1467 homines,
3416 1404 3508 1470 qui

1940 1493 2107 1562 ﬁlias,
2157 1492 2210 1548 id
2260 1504 2345 1549 est
2380 1493 2596 1548 infirma
2645 1494 2843 1559 adhuc,
2894 1501 2949 1549 et
2976 1492 3207 1548 necdum
3242 1491 3399 1563 plene
3445 1493 3525 1544 ad.

1943 1583 2109 1640 Deum
2134 1600 2306 1656 prona
2327 1584 2594 1640 desideria
2620 1593 2802 1641 nostra
2827 1584 2940 1639 suis
2961 1583 3247 1653 exemplis,
3270 1582 3509 1644 monitis,

1942 1684 2036 1732 aut
2057 1676 2433 1732 familiaritate
2449 1677 2516 1731 ad
2536 1684 2748 1731 terrena
2770 1682 3139 1746 prosternunt,
3162 1672 3301 1743 filios
3325 1673 3510 1736 etiam,

1943 1779 2092 1836 spem
2122 1765 2372 1821 videlicet
2403 1773 2642 1820 nostram
2672 1764 2725 1817 in
2766 1762 3009 1817 futurum
3060 1760 3513 1823 trauslerendam,

241 1861 404 1916 tibus
446 1862 583 1918 nihil
629 1863 725 1919 ﬁat
763 1866 913 1932 mali,
941 1867 994 1922 id
1038 1877 1122 1923 est
1151 1866 1414 1934 scandali,
1441 1867 1567 1938 quia
1616 1867 1838 1939 ingressi

1945 1867 2037 1912 aut
2081 1857 2395 1913 saecularem
2424 1855 2744 1927 potentiam,
2779 1862 2872 1909 aut
2908 1852 3068 1908 fortia
3100 1852 3282 1909 mundi
3314 1866 3475 1924 opera
3499 1886 3529 1916 ,ο

239 1965 377 2009 sunt
416 1957 512 2009 sub
552 1958 739 2012 umbra
782 1956 1026 2014 culminis
1056 1961 1177 2027 mei,
1207 1962 1275 2016 ab
1306 1968 1442 2016 testu
1480 1960 1687 2016 scilicet
1716 1975 1841 2015 car-

242 2044 460 2099 nalium
485 2047 819 2117 appetituum
840 2088 855 2113 ,
897 2049 966 2103 ad
993 2065 1077 2104 me
1111 2050 1375 2107 rationem
1402 2066 1462 2105 se
1493 2049 1839 2105 contulerunt

248 2135 434 2189 sancti
457 2135 693 2206 Spiritus
711 2137 783 2191 ibi
805 2138 1198 2206 protectionem
1221 2139 1482 2206 habituri,
1504 2139 1598 2209 qui
1622 2146 1836 2209 tegmen

251 2224 424 2283 capiti
456 2240 577 2280 meo
606 2234 689 2281 est
718 2227 771 2280 in
799 2227 886 2281 die
911 2226 1059 2283 belli.

380 2310 503 2350 ens.
530 2295 584 2350 9.
613 2325 682 2336 —
701 2296 767 2349 At
798 2296 879 2351 illi
898 2298 1141 2354 dixerunt
1168 2312 1188 2353 :
1218 2299 1415 2356 Recede
1446 2299 1605 2367 illuc;
1631 2311 1679 2355 et
1723 2317 1839 2354 rur-

249 2400 348 2437 sus
374 2397 393 2433 :
424 2383 702 2454 Ingressus
723 2400 799 2449 es,
851 2386 1113 2457 inquiunt,
1165 2398 1220 2442 ut
1251 2389 1474 2451 advena.
1512 2390 1747 2462 nunquid
1784 2399 1839 2442 ut

244 2475 496 2544 judices?
528 2474 597 2530 Te
623 2492 743 2547 ergo
774 2479 943 2548 magis
963 2495 1118 2550 quam
1152 2480 1250 2535 hoc
1276 2482 1599 2551 aﬁligemus;
1641 2484 1842 2552 vimque

253 2564 524 2632 faciebant
574 2563 670 2620 Lot
700 2568 1161 2624 vehementissime.
1193 2570 1348 2638 Quod
1385 2581 1469 2628 est
1500 2581 1669 2628 totum
1703 2588 1766 2627 ac
1792 2572 1840 2628 si

254 2655 444 2709 carnis
473 2657 745 2726 appetitus
773 2658 875 2715 sub
902 2661 1082 2730 specie
1115 2661 1370 2716 vitiorum
1402 2663 1608 2718 diceret
1636 2663 1843 2719 ironice

255 2746 461 2801 rationi
493 2764 507 2801 :
541 2746 741 2803 Recede
770 2765 901 2821 ergo
939 2767 970 2805 a
1003 2752 1267 2808 bonorum
1312 2754 1687 2823 temporaliqu
1717 2770 1839 2821 usu,

255 2839 461 2908 quibus
493 2840 643 2897 licite
687 2843 954 2901 inhaerere
998 2856 1234 2916 poteras,
1267 2847 1333 2902 ad
1365 2848 1845 2904 iutelleetnalitatis

257 2946 531 2987 summam
562 2932 614 2987 in
640 2948 745 3004 qua
778 2950 1130 3005 perseverare
1171 2952 1278 2992 non
1304 2953 1495 3008 queas,
1522 2938 1611 2992 ubi
1635 2946 1689 2992 et
1716 2952 1843 2993 eor-

257 3023 413 3093 poris
458 3040 653 3081 sensus
696 3027 921 3083 ridicule
968 3029 1135 3085 nimis
1160 3045 1192 3085 a
1221 3044 1320 3085 suo
1346 3029 1522 3086 oﬂicio
1567 3029 1846 3086 abstinens

260 3114 540 3170 occultare
583 3124 636 3171 te
679 3119 877 3187 putas?
907 3118 1071 3174 Ratio
1114 3122 1320 3176 homini
1369 3121 1546 3176 fateor
1580 3121 1705 3175 data
1738 3110 1849 3187 est,

1944 1948 2088 2003 unde
2121 1948 2222 2004 Job
2249 1947 2382 2004 dicit
2426 1954 2655 2003 mortem
2685 1944 2913 2017 elegisse
2948 1960 3072 2000 ossa
3124 1961 3219 2001 sua
3266 1944 3390 2015 (Job
3416 1959 3514 2005 νει.

1940 2040 2054 2111 15),
2081 2054 2203 2110 quin
2225 2037 2587 2095 maseulowm
2606 2037 2789 2111 solent
2813 2035 3015 2108 signari
3044 2051 3297 2105 persona,
3327 2048 3518 2090 omnes

1941 2128 2215 2186 eliminari
2248 2138 2543 2185 monentur
2570 2144 2602 2182 a
2629 2126 2992 2191 conscientia;
3029 2126 3215 2180 vident
3236 2125 3384 2180 enim
3416 2124 3519 2178 im-

1940 2221 2200 2294 possibile
2218 2219 2782 2290 concupiscentiarum
2809 2217 2987 2286 ignem
3010 2216 3236 2271 interius
3258 2216 3520 2279 enutrirc,

1948 2322 2007 2370 et
2031 2315 2278 2367 admotas
2309 2311 2378 2366 ab
2408 2310 2532 2381 igne
2572 2308 2908 2379 voluptatum
2937 2306 3122 2378 paleas
3153 2321 3260 2361 non
3310 2306 3520 2374 abripi;

1943 2403 2322 2472 exstinguatnr
2350 2400 2637 2469 cupiditas,
2671 2413 2773 2454 nec
2799 2396 3013 2453 nocebit
3042 2395 3301 2468 peccandi
3329 2411 3520 2465 oppor-

1945 2482 2171 2546 tunitas.
2205 2489 2408 2545 Omnes
2437 2489 2501 2544 de
2536 2488 2662 2543 urbe
2703 2487 3003 2551 educimus,
3035 2486 3125 2557 qui
3159 2486 3329 2540 nostri
3373 2496 3522 2548 sunt,

1944 2597 2069 2638 cum
2100 2597 2132 2637 a
2156 2581 2340 2638 carnis
2363 2578 2646 2636 desideriis
2674 2578 3061 2634 rationalitatis
3099 2578 3330 2647 insignia
3365 2592 3524 2646 sepa:
3619 2582 3623 2587 ’

1947 2688 2158 2739 ramus,
2199 2672 2355 2742 quasi
2386 2687 2416 2725 a
2449 2669 2619 2741 paleis
2651 2684 2877 2741 granum
2912 2686 2925 2723 :
2964 2666 3255 2732 Exeamus,
3297 2668 3501 2736 Aposto

1950 2765 2035 2819 lus
2063 2765 2159 2829 ait,
2181 2764 2250 2818 ad
2276 2762 2463 2818 .Iesum
2484 2771 2633 2817 extra
2659 2773 2829 2815 castra
2858 2759 3044 2832 (Hebr.
3074 2776 3152 2822 ιι,
3176 2758 3267 2828 54)
3292 2773 3306 2813 :
3334 2774 3524 2814 sensus

1948 2867 2128 2910 autem
2163 2855 2337 2910 locum
2369 2854 2570 2921 delent,
2610 2868 2733 2908 cum
2765 2853 3160 2907 mundauarum
3188 2866 3368 2909 rerqu
3400 2852 3505 2905 ima

1947 2945 2273 3018 ειὶιιιιιίοιιθε,
2319 2954 2646 3013 exterasque
2675 2941 2932 3009 visiones,
2981 2951 3244 3010 quantum
3281 2951 3525 3010 possunt,

1947 3056 1977 3092 a
2008 3051 2067 3092 se
2095 3034 2315 3091 abolent
2345 3034 2451 3106 75
2491 3053 2505 3090 :
2549 3035 2699 3089 locus
2738 3041 2927 3089 noster
2950 3031 3039 3088 hic
3070 3031 3303 3086 mundus
3339 3040 3445 3098 est,
3474 3031 3531 3085 in

1947 3143 2056 3198 quo
2103 3125 2370 3181 conflatur
2419 3125 2580 3199 juxta
2615 3124 2715 3179 Job
2766 3139 2960 3179 aurum
3024 3121 3147 3195 (Job
3192 3138 3404 3186 xxvm,
3452 3122 3527 3191 i),

262 3220 386 3274 qua:
417 3207 537 3262 sine
561 3208 683 3262 ullis
706 3218 947 3265 externae
985 3211 1062 3266 rei
1105 3213 1491 3281 cupiditatibus
1518 3213 1623 3267 Deo
1650 3227 1847 3267 vacare
1873 3206 1919 3268 C
1950 3220 2104 3276 vallis
2147 3219 2510 3290 lacrymarum
2551 3217 2703 3273 locus
2742 3231 2903 3286 quem
2951 3216 3131 3286 posuit
3172 3215 3333 3272 Deus.
3380 3213 3529 3269 MiSsi

265 3298 479 3353 debeat.
510 3300 578 3353 Et
616 3300 732 3356 haec
758 3304 1070 3370 vernacula,
1101 3311 1156 3358 et
1181 3313 1240 3358 ut
1283 3305 1362 3359 sic
1386 3305 1562 3359 dicam
1594 3304 1845 3374 indigena

268 3389 478 3443 homini
526 3397 651 3455 est;
713 3400 771 3445 tu
818 3402 1001 3447 autem
1049 3394 1344 3449 adventitia
1391 3388 1446 3448 in
1500 3394 1849 3450 conscientiae

271 3478 499 3543 aditum,
530 3480 684 3549 quasi
710 3480 930 3547 ancilla,
956 3482 1292 3537 dominatum
1324 3483 1544 3537 imitans
1583 3482 1849 3538 fallaciter

271 3567 595 3637 ingrederis,
625 3583 747 3639 quae
772 3570 905 3625 vitia
927 3571 1230 3642 spiritualia
1258 3573 1625 3643 prosequeris,
1652 3582 1708 3628 et
1727 3587 1849 3630 cor-

270 3658 477 3728 poralia
501 3674 599 3729 pro
625 3660 741 3717 solo
770 3664 977 3732 pudore
1011 3664 1247 3719 humano
1288 3663 1513 3734 refugis,
1543 3680 1712 3735 pensa
1741 3680 1849 3735 quo

272 3748 442 3803 animi
469 3748 668 3804 robore
705 3752 889 3808 sedem
912 3753 1171 3809 adversus
1200 3769 1299 3810 nos
1320 3754 1506 3825 judicii
1540 3764 1726 3812 tenere
1748 3770 1847 3827 po-

271 3841 433 3907 teris;
462 3855 569 3896 non
608 3857 738 3914 ergo
761 3852 872 3898 tam
899 3844 1186 3899 adversum
1216 3855 1337 3901 tuos
1356 3861 1549 3902 sensus
1572 3848 1848 3903 machinas

274 3932 588 3989 tentationis
632 3934 913 4003 erigimus,
937 3949 1100 4004 quam
1128 3945 1319 3990 contra
1358 3935 1626 3992 reﬂandos
1654 3937 1729 3991 tui
1764 3945 1847 3991 tu-

273 4022 438 4077 moris
483 4038 652 4078 novos
701 4024 902 4089 fastus;
964 4025 1092 4080 inde
1147 4026 1311 4097 igitur
1374 4026 1478 4083 Lot
1527 4028 1617 4084 iSti
1668 4028 1846 4099 typico

274 4113 498 4171 interna:
535 4117 869 4183 tempestatis
903 4115 1058 4172 turbo
1081 4118 1413 4188 congeritur.

347 4203 510 4259 Vens.
545 4204 634 4271 10,
670 4206 756 4261 ll.
787 4236 858 4246 —
883 4205 1010 4261 Jam
1038 4223 1196 4278 prope
1227 4218 1375 4275 erat,
1418 4219 1475 4263 ut
1505 4208 1845 4281 infringerent

276 4294 430 4364 fores.
474 4294 540 4349 Et
565 4312 681 4350 ecce
707 4296 959 4350 miserunt
984 4313 1200 4352 manum
1227 4299 1344 4366 viri,
1371 4310 1417 4355 et
1445 4300 1847 4356 introduxerunt

276 4388 341 4443 ad
387 4405 443 4442 se
479 4386 610 4454 Lot;
650 4388 1051 4461 clauseruntque
1085 4393 1276 4447 ostium
1307 4405 1328 4444 :
1355 4402 1405 4446 et
1447 4408 1558 4459 eos,
1584 4394 1673 4465 qui
1697 4405 1847 4449 erant

280 4477 404 4545 {oris
431 4516 448 4542 ,
500 4490 863 4547 percusserunt
911 4481 1143 4536 caecitate
1194 4499 1228 4535 a
1282 4482 1498 4537 minimo
1561 4501 1723 4555 usque
1776 4488 1845 4540 ad

1949 3321 2095 3375 sunt,
2134 3322 2194 3366 ut
2228 3310 2459 3381 perdant
2496 3325 2640 3374 eum,
2668 3307 2794 3377 quia
2817 3308 3009 3373 creati,
3035 3307 3131 3371 vel.
3153 3307 3322 3371 missi,
3350 3322 3379 3359 a
3409 3322 3529 3360 eor-

1948 3401 2121 3473 porali
2157 3402 2367 3457 scilicet
2390 3400 2663 3470 voluptate
2692 3397 2873 3453 emissi
2902 3405 3141 3462 sunt,gut
3166 3398 3535 3452 exterminent

1949 3492 2007 3546 in
2053 3490 2246 3560 seipsis
2289 3489 2474 3543 mundi
2514 3487 2855 3558 appetitum;
2904 3486 3055 3557 pravi
3092 3486 3237 3541 enim
3273 3486 3538 3542 desiderii

1951 3581 2186 3637 ululatus
2221 3580 2345 3634 inde
2379 3579 2553 3650 surgit
2581 3580 2649 3633 ad
2680 3578 2868 3633 Deum.

1958 3669 1965 3677 ’
2020 3671 2182 3728 Vsus.
2220 3671 2404 3727 14.-
2431 3669 2685 3741 Egressus
2733 3670 2908 3740 itaque
2946 3667 3043 3722 Lot
3087 3668 3292 3723 locutus
3343 3676 3417 3721 est
3459 3668 3528 3720 ad

1946 3783 2159 3838 generos
2185 3782 2331 3828 suos,
2357 3766 2443 3837 qui
2474 3763 2735 3833 accepturi
2761 3773 2906 3817 erant
2931 3762 3073 3831 ﬁlias
3101 3762 3236 3832 ejus,
3267 3772 3316 3815 et
3351 3761 3482 3815 dixit
3508 3774 3526 3812 :

1949 3856 2187 3927 Surgite,
2227 3866 2275 3912 et
2314 3854 2619 3927 egredimini
2667 3853 2732 3907 de
2778 3851 2891 3907 loco
2940 3853 3073 3918 isto,
3111 3853 3235 3923 quia
3275 3851 3531 3906 Dominus

1948 3950 2134 4004 delebit
2171 3949 2441 4007 civitatein.
2467 3946 2654 4011 istam;
2682 3955 2729 4000 et
2772 3944 2910 3999 visus
2938 3953 3013 3999 est
3049 3945 3123 3999 eis
3150 3944 3303 4015 quasi
3345 3942 3528 3999 ludens

1948 4041 2109 4111 loqui.
2140 4038 2335 4097 Generi
2368 4046 2591 4107 possunt
2626 4036 2789 4092 altius
2830 4035 3051 4107 intelligi
3082 4053 3097 4091 :
3128 4036 3364 4091 diximus
3394 4037 3529 4090 duas

1949 4132 2108 4196 tilias,
2150 4129 2455 4193 avaritiam,
2497 4136 2553 4183 et
2599 4125 2977 4191 cenodoxiam,
3022 4127 3148 4197 quia
3191 4141 3314 4181 cum
3361 4126 3527 4195 aliqui

1949 4225 2214 4296 prolicere
2255 4224 2309 4279 in
2344 4220 2570 4290 alicujus
2599 4220 2725 4276 boni
2769 4221 2950 4290 operis
2977 4220 3313 4276 exhibitione
3345 4233 3529 4289 cmpe-

1950 4318 2079 4381 rint,
2108 4316 2175 4370 ad
2213 4316 2561 4370 ambitionem
2606 4314 2853 4380 honoris,
2884 4324 2976 4368 aut
3007 4314 3267 4383 pecuniae,
3296 4328 3390 4369 seu
3420 4315 3525 4369 hu-

1952 4409 2093 4462 mani
2123 4405 2323 4460 favoris
2351 4406 2590 4475 aspirant
2615 4423 2629 4459 :
2660 4406 2745 4460 ha:
2781 4404 2964 4474 itaque
2995 4403 3119 4465 lilia;
3147 4401 3302 4457 llum:
3326 4405 3527 4457 mentis

1950 4498 2095 4552 lluidi
2123 4506 2249 4552 sunt
2281 4506 2596 4566 conceptus,
2628 4498 2819 4551 barum
2848 4508 2980 4552 vero
3008 4493 3211 4557 mariti,
3258 4493 3369 4548 imo
3396 4507 3527 4546 con-

282 4571 585 4635 maximum,
615 4573 692 4626 ita
726 4582 783 4627 ut
811 4572 1001 4629 ostium
1028 4574 1256 4630 invenire
1290 4592 1393 4632 non
1419 4587 1645 4647 possent.
1675 4576 1841 4633 Fores

1949 4595 2284 4656 stupratores
2326 4558 2629 4654 concupita:
2665 4584 2745 4638 rei
2791 4592 2939 4648 sunt,
2970 4583 3320 4638 velexternae
3352 4581 3526 4637 laudis

283 4659 665 4732 infringuntnr,
693 4680 814 4720 cum
860 4676 1129 4736 praecepta
1160 4666 1279 4732 Dei,
1331 4678 1427 4723 aut
1454 4669 1624 4724 virtus
1652 4670 1842 4734 animi,

280 4769 379 4827 qua
417 4755 563 4811 Deus
586 4757 914 4824 admittitur,
947 4759 1227 4829 hostisque
1258 4760 1584 4826 excluditur,
1605 4762 1658 4815 in
1692 4762 1847 4817 nobis

278 4848 485 4904 diabolo
513 4848 767 4919 pulsante
790 4850 1086 4915 laeduntur;
1122 4851 1217 4905 sed
1240 4868 1454 4906 manum
1482 4853 1575 4906 viri
1601 4852 1841 4915 mittunt,

278 4952 327 4998 et
358 4941 457 4997 Lot
486 4943 555 4997 ad
601 4959 656 4997 se
688 4942 1060 5006 introducunt,
1105 4956 1229 4997 cum
1256 4942 1590 4998 sensualitas.
1617 4952 1843 5012 utraque

279 5039 466 5111 rejecta
493 5040 731 5096 naturali
758 5039 983 5096 mollitie
1019 5038 1386 5098 fortitudinem
1410 5039 1616 5094 virilem
1641 5037 1836 5103 exerit,

280 5146 325 5189 et
353 5151 511 5189 manu
541 5134 710 5189 divini
736 5132 929 5191 auxilii
948 5132 1213 5188 rationem
1241 5132 1342 5187 sibi
1368 5132 1674 5201 astringens
1695 5131 1839 5187 inte-

282 5226 413 5281 riora
458 5226 617 5295 petit,
665 5235 722 5280 et
762 5225 975 5289 ostium,
1022 5222 1293 5277 fenestras
1335 5221 1541 5276 scilicet
1575 5222 1838 5292 corporis,

281 5334 373 5388 qua
425 5334 572 5374 mors
628 5318 936 5384 subintrat,
986 5316 1240 5382 obstruit,
1290 5317 1477 5386 sicque
1525 5324 1613 5371 ten
1634 5316 1839 5387 poralia

281 5418 461 5465 cuncta
499 5425 619 5480 qua:
653 5424 753 5466 nos
794 5409 1007 5465 irritant
1036 5422 1066 5462 a
1106 5406 1347 5462 minimis
1382 5405 1450 5461 ad
1478 5406 1711 5461 maxima
1748 5414 1837 5460 ut-

282 5508 391 5568 pote
445 5500 839 5556 contemnendo
890 5499 1165 5563 destituit,
1226 5507 1282 5554 et
1332 5511 1475 5553 caeca
1529 5496 1709 5563 nullo,
1760 5498 1841 5553 vi-

281 5594 463 5651 delicet
499 5596 642 5667 quod
673 5597 767 5653 abs
794 5596 1034 5667 quolibet
1068 5596 1237 5667 probo
1271 5596 1580 5668 concupisci
1613 5594 1837 5661 debeat,

282 5688 646 5756 prosperitatis
704 5689 909 5746 lumine
965 5689 1170 5762 fulgere
1217 5691 1490 5757 ostendit;
1543 5706 1664 5762 qua:
1715 5705 1835 5745 cum

285 5776 472 5839 ilict-int
510 5780 749 5844 iudicata
792 5782 938 5840 omni
985 5782 1165 5841 cordis
1216 5792 1460 5842 resucctu
1507 5784 1573 5843 ad
1631 5791 1841 5843 tempus

1950 4679 2241 4741 obtentns;
2292 4674 2529 4731 obtentis
2571 4674 2715 4729 enim
2768 4689 2888 4744 qua:
2938 4674 3216 4745 cupimus,
3266 4674 3420 4744 quasi
3470 4674 3526 4729 in

1951 4768 2201 4839 quadarn~
2235 4764 2476 4828 libidinis
2524 4763 2829 4835 expletioue
2871 4764 3232 4837 jocundamur
3286 4783 3298 4819 :
3340 4764 3525 4835 generi

1948 4877 2079 4933 ergo
2126 4860 2265 4919 filias
2315 4857 2627 4929 accepturi,
2672 4856 2879 4913 fructus
2928 4866 3056 4917 sunt
3109 4855 3417 4928 cupiditatis
3469 4864 3527 4909 et

1950 4955 2135 5027 gloria:
2164 4952 2360 5017 inanis,
2390 4953 2483 5024 qui
2527 4960 2910 5022 exspectantur
2953 4950 3185 5007 venturi.
3219 4949 3331 5004 Hos
3361 4965 3390 5012 a
3423 4947 3524 5002 So-

1948 5049 2106 5103 doma
2134 5046 2510 5109 debortamur,
2535 5058 2658 5103 eum
2687 5044 2763 5099 nil
2794 5043 2848 5099 in
2875 5044 3072 5098 saeculo
3106 5056 3345 5109 sperare,
3372 5048 3425 5094 et
3454 5039 3523 5103 ab

1946 5138 2064 5208 ejus
2084 5134 2436 5193 similitudine
2457 5133 2748 5190 deformari
2776 5147 3097 5213 monemus;
3123 5146 3342 5203 surgere
3368 5145 3518 5195 vero,

1945 5237 2222 5297 torporem
2266 5224 2549 5296 repellere,
2590 5224 2795 5293 egredi,
2835 5237 3014 5278 mores
3041 5236 3241 5277 exuere
3267 5219 3519 5285 dicimus,

1946 5319 2074 5392 quia
2118 5319 2200 5374 sic
2242 5315 2441 5373 delebit
2488 5316 2539 5370 in
2588 5313 2784 5369 affectu
2826 5321 3011 5368 nostro
3054 5313 3237 5368 mundi
3278 5327 3519 5369 amorem

1949 5410 2206 5465 Dominus
2238 5426 2251 5463 :
2283 5408 2496 5463 videtur
2542 5415 2722 5460 tamen
2771 5406 2851 5461 eis
2895 5405 3049 5475 quasi
3108 5405 3294 5462 ludens
3341 5407 3516 5477 loqui,

1948 5502 2074 5571 quia
2101 5500 2359 5557 discretio
2389 5498 2615 5554 rationis
2644 5513 2748 5552 non
2777 5497 2843 5552 ad
2875 5498 3091 5569 plenum
3119 5513 3149 5553 a
3182 5498 3289 5571 Deo
3317 5499 3516 5557 illumi«

1946 5602 2108 5658 natae,
2138 5592 2211 5646 nil
2236 5590 2461 5653 serium,
2494 5588 2567 5643 nil
2589 5589 2802 5657 stabile,
2833 5597 2925 5643 ant
2944 5599 3151 5653 certum
3176 5590 3355 5645 carnis
3382 5588 3521 5645 valet

1949 5684 2185 5740 motibus
2226 5680 2480 5747 suadere;
2528 5697 2635 5743 non
2672 5682 2817 5739 enim
2871 5682 3105 5752 tangitur
3150 5682 3371 5751 spiritus
3421 5696 3520 5734 un-

1947 5779 2126 5846 guine.
2162 5774 2262 5839 Lot
2296 5784 2476 5838 aulcm
2510 5776 2578 5835 ad
2617 5792 2711 5838 eos
2757 5776 2872 5859 haec
2908 5775 3191 5837 locuturus
3218 5773 3516 5845 egreditur,
