4108 6324
562 363 655 419 ibi

1376 354 1438 412 v.
1472 354 1796 416 GUIBERTI
1840 336 2130 412 ABBATIS
2154 356 2211 412 s.
2239 352 2477 409 manus
2513 354 2599 409 oe
2638 348 3034 412 NOVIGENIO

3722 354 3834 419 152

550 479 677 549 quia
706 478 930 550 spiritus
958 475 1136 531 carnis
1164 472 1442 526 illecebras
1474 470 1577 535 etsi
1603 486 1709 525 non
1741 470 1945 540 operis,
1969 478 2144 525 tamen
2178 482 2222 539 Α
2252 468 2538 538 apostasia:
2587 468 2813 529 malum.
2872 468 3070 524 nedum
3123 483 3260 525 onus
3308 485 3470 541 super
3519 486 3603 529 me
3650 473 3835 530 levare

548 570 897 640 cogitationis
910 564 1285 638 praevolatione
1299 563 1399 615 ista
1420 562 1703 618 tractando
1721 562 2137 631 transgreditur.

618 659 786 715 Vens.
823 659 910 713 15.
948 687 1001 696 —-
1035 654 1264 722 Cumque
1308 662 1437 705 esset
1491 668 1678 716 mane,
1724 652 1971 722 cogebant
2014 668 2132 705 eum

549 750 721 815 angeli
762 749 987 801 dicentes
1012 760 1030 796 :
1055 741 1246 810 Surge,
1269 752 1315 793 et
1340 739 1463 793 tolle
1486 757 1703 795 uxorem
1728 751 1892 805 tuam,
1923 751 1970 794 et
1998 740 2134 793 duas

545 839 687 907 ﬁlias
721 852 853 905 quas
890 832 1067 895 habes,
1098 846 1160 884 ne
1207 842 1252 883 et
1287 841 1344 883 tu
1383 831 1580 899 pariter
1615 848 1796 899 pereas
1844 831 1895 884 in
1943 835 2134 884 scelere

546 936 787 991 civitatis.
827 930 1074 1000 Quandiu
1122 930 1335 983 turbam
1380 929 1546 984 animi
1582 931 1837 984 tentando
1875 929 2131 998 patimur,

546 1042 648 1083 nox
677 1035 762 1081 est
788 1024 974 1089 nobis,
1009 1034 1064 1079 et
1096 1038 1378 1077 moramur
1423 1022 1475 1075 in
1514 1022 1785 1087 Sodomis,
1815 1021 1869 1076 in
1900 1022 2130 1090 quadam

542 1118 748 1170 scilicet
787 1116 1034 1171 czecitate
1078 1116 1296 1170 mentis.
1339 1114 1409 1167 At
1451 1114 1560 1169 Deo
1603 1114 1786 1169 cordis
1836 1113 2133 1183 irradiante

542 1207 724 1260 sinum
766 1206 826 1259 lit
854 1219 1036 1271 mane,
1064 1214 1119 1258 et
1147 1204 1389 1274 pristinae
1424 1203 1566 1258 illico
1607 1218 1703 1257 nos
1738 1204 1899 1271 pudet
1930 1203 2133 1271 cogita-

543 1296 740 1361 tionis;
777 1298 846 1351 ab
878 1296 1010 1366 ipsis
1039 1296 1183 1350 enim
1206 1294 1316 1363 jam
1346 1295 1594 1364 cogimur
1621 1294 1851 1363 angelis,
1882 1294 2131 1348 sensibus

540 1388 729 1456 utique
757 1387 979 1450 nostris,
1012 1386 1103 1455 qui
1149 1385 1354 1454 pridem
1387 1386 1721 1455 cogebantur
1743 1383 1969 1454 imperio
2004 1383 2126 1443 Lot.

541 1475 594 1530 id
635 1485 722 1531 est
768 1474 1022 1539 rationis;
1068 1481 1340 1545 coguntur
1368 1487 1602 1543 namque
1639 1473 1708 1527 ab
1749 1471 1973 1543 angelis,
2004 1486 2127 1525 cum

541 1568 735 1623 rationi
769 1566 860 1635 jus
896 1567 1013 1637 ipsa
1042 1582 1156 1621 sua:
1193 1566 1407 1619 nuntiat
1438 1565 1801 1629 necessitatis,
1838 1580 1942 1619 non
1970 1578 2129 1632 posse

538 1673 731 1712 sensus
775 1656 1020 1712 cohiberi
1069 1672 1095 1708 a
1142 1656 1583 1726 cmtcupisrentia
1633 1656 1686 1710 in
1739 1653 2020 1717 Sodomis,
2073 1653 2126 1707 in

535 1749 943 1804 eohabitatione
1006 1748 1263 1804 videlicet
1326 1747 1610 1803 saecularis
1663 1744 2126 1809 conversationis;

2245 559 2457 622 molior,
2500 566 2806 614 retroactus
2833 560 3103 614 inveniam
3132 576 3317 615 casum
3351 578 3366 615 :
3400 572 3483 617 est
3515 564 3710 619 civitas
3743 566 3835 623 hic

2235 645 2412 716 juxta,
2446 648 2664 703 humilis
2693 649 3024 720 paenitentiae
3056 649 3282 705 ﬁrmitas
3313 651 3364 704 in
3407 663 3658 722 promptu
3685 655 3831 709 arbi-

2242 741 2327 795 trii
2373 749 2456 795 cst
2497 740 2598 796 sita
2623 782 2638 806 ,
2682 757 2804 810 qua:
2841 757 2961 795 cum
3008 740 3078 794 sit
3120 756 3305 810 parva,
3349 757 3453 797 non
3492 746 3670 812 captui
3707 761 3831 801 meo

2240 832 2407 887 nimis
2436 842 2675 897 austera,
2707 832 2776 886 ibi
2821 831 3059 886 salubria
3098 833 3330 901 captabo
3364 834 3605 906 perfugia
3639 854 3652 889 :
3688 853 3828 892 nun-
3882 834 3885 835 ⁷

2238 923 2364 993 quid
2401 938 2505 978 non
2537 924 2745 978 modica
2773 922 2895 977 est?
2924 922 2997 977 Ac
3040 924 3084 978 si
3133 925 3377 979 diceret:
3409 926 3451 980 si
3480 941 3545 981 ex
3574 928 3826 996 superbia

2237 1014 2426 1084 prima:
2456 1016 2776 1085 perditionis
2814 1016 2968 1085 origo
2996 1018 3278 1084 processit,
3316 1033 3494 1073 nonne
3530 1035 3625 1089 per
3653 1021 3830 1076 Immi-

2236 1105 2404 1160 litatis
2439 1107 2842 1177 depressionem
2889 1122 2954 1161 ac
2997 1107 3317 1162 modestiam
3365 1108 3564 1164 salvari
3610 1109 3831 1167 licebit?

2235 1199 2415 1265 Vivat,
2449 1200 2645 1270 inquit,
2675 1200 2854 1255 anima
2909 1214 3050 1264 mea,
3096 1210 3405 1269 perseveret
3448 1202 3499 1255 iu
3543 1211 3688 1257 statu
3730 1204 3829 1258 ali-

2234 1290 2386 1358 cujus
2429 1291 2554 1346 boni
2585 1292 2766 1361 operis
2805 1291 2911 1345 vita
2952 1306 3093 1347 mea.
3139 1291 3383 1362 Suscepi,
3421 1293 3498 1347 ait
3534 1293 3819 1357 Dominus,

2233 1382 2397 1436 etiam
2448 1381 2502 1436 in
2545 1381 2648 1437 hoc
2693 1396 2886 1450 preces
2918 1390 3055 1443 tuas,
3090 1390 3148 1435 ut
3180 1391 3287 1437 tam
3321 1384 3487 1437 ardua
3515 1386 3641 1440 vitae
3672 1386 3823 1442 iusti-

2233 1481 2345 1527 tuta
2371 1472 2667 1543 refugiens,
2694 1473 2927 1537 modica,
2955 1473 3007 1529 id
3037 1482 3121 1528 est
3148 1475 3441 1530 mediocria
3468 1479 3825 1542 consecteris,

2233 1564 2357 1621 licet
2393 1566 2599 1637 justum
2657 1564 2952 1628 videretur,
3003 1566 3048 1623 si
3093 1567 3233 1622 Deus
3285 1568 3531 1623 districte
3573 1568 3827 1637 judicare

2232 1654 2567 1724 disponeret,
2590 1664 2648 1710 ut
2674 1656 2764 1724 qui
2793 1656 2931 1711 bona
2957 1671 3075 1725 qua:
3101 1666 3278 1727 potest
3302 1673 3465 1728 agere
3490 1658 3826 1730 dissimulat,

2232 1745 2321 1801 illa
2349 1746 2514 1801 etiam
2546 1763 2667 1817 quas
2697 1747 2806 1818 agit
2848 1747 3076 1819 perdere
3104 1749 3327 1815 debeat;
3365 1753 3560 1806 merito
3589 1766 3828 1822 namque

536 1855 644 1894 non
671 1840 817 1894 enim
850 1849 1029 1910 potest
1059 1840 1344 1909 quisquam
1376 1853 1482 1893 non
1513 1847 1745 1893 aestuare
1778 1837 1830 1891 in
1852 1835 2121 1891 ﬂatnmis:
2158 1842 2199 1901 Β
2230 1837 2341 1907 ipsa
2357 1838 2651 1908 pcenitendi
2674 1836 3194 1893 afl‘ectioinhomine
3210 1839 3642 1905 subverteretur,
3664 1842 3753 1909 qui
3772 1843 3825 1898 ίι

534 1930 711 2000 Surge
755 1945 918 2000 ergo,
970 1931 1256 2000 inquiunt,
1307 1938 1364 1983 tu
1414 1930 1615 2000 praevia
1658 1929 1818 1993 ratio,
1849 1928 1900 1982 id
1936 1926 2122 1981 estad

532 2025 681 2079 vitiis
721 2024 1083 2079 resistendum
1121 2024 1354 2091 erigere,
1386 2037 1631 2087 uxorem,
1664 2022 1718 2076 id
1757 2028 1840 2075 est
1870 2019 2119 2075 volunta-

534 2128 641 2171 tem
680 2125 845 2182 tuam,
875 2130 997 2185 quae
1041 2129 1149 2169 non
1195 2115 1459 2168 hactenus
1480 2112 1610 2182 jngo
1633 2110 1836 2174 mariti,
1867 2109 2010 2179 quod
2037 2115 2123 2162 est

533 2207 869 2271 intellectus,
923 2205 1093 2260 teneri
1145 2218 1204 2259 se
1251 2201 1592 2273 patiebatur,
1643 2202 1738 2256 sed
1801 2198 2122 2255 adulterinis

530 2298 730 2368 passim
780 2296 1059 2352 amoribus
1099 2295 1529 2358 distrahebatur,
1576 2294 1730 2357 tolle,
1772 2308 1894 2347 eam
1936 2291 2122 2361 utique

530 2406 651 2458 qua:
678 2397 732 2444 te
762 2389 902 2444 male
944 2388 1164 2453 tulerat,
1196 2389 1272 2443 uti
1318 2388 1617 2459 paralytico
1657 2387 1857 2441 dicitur
1885 2383 2035 2454 (Luc.
2066 2398 2118 2446 v,

528 2484 644 2552 2i),
678 2484 866 2540 tollere
888 2485 1021 2555 jam,
1046 2485 1151 2539 hoc
1172 2493 1253 2538 est
1278 2498 1464 2554 regere
1489 2483 1657 2547 disce,
1682 2492 1736 2538 et
1761 2481 1967 2551 pariter
1987 2479 2121 2533 duas

532 2574 695 2642 ﬁlias,
727 2586 786 2632 ut
816 2577 1063 2648 prefecto
1088 2577 1201 2645 jam
1247 2593 1353 2632 non
1390 2589 1604 2632 terrena
1635 2578 1687 2631 in
1724 2575 1994 2640 Sodomis,
2027 2575 2120 2630 sed

532 2668 776 2723 caelestia
826 2669 879 2723 in
924 2669 1122 2724 divinis
1166 2670 1378 2738 cupias,
1402 2678 1455 2724 et
1485 2669 1705 2739 puritati
1745 2668 1925 2738 potius
1957 2683 2119 2738 quam

531 2757 680 2812 inani
728 2757 864 2813 foris
915 2758 1099 2828 glorize
1147 2759 1368 2814 studeas
1443 2775 1511 2814 ne
1549 2767 1604 2813 et
1650 2769 1704 2814 tu
1745 2759 1951 2829 pariter
1994 2773 2119 2813 cum

530 2863 731 2917 pecore
759 2850 940 2904 silenti
970 2864 1181 2921 pereas.

603 2942 763 2997 Vms.
798 2943 882 3005 16,
918 2944 1006 3002 17.
1035 2975 1104 2984 —
1134 2943 1515 2998 Dissimulante
1546 2943 1636 2997 illo
1667 2945 2118 3013 apprehenderant

528 3052 742 3091 manum
788 3040 924 3109 ejus,
966 3050 1013 3093 et
1046 3056 1255 3093 manum
1288 3034 1488 3105 uxoris,
1522 3058 1582 3093 ae
1624 3041 1852 3093 duarum
1882 3039 2118 3108 ﬁliarum

528 3129 670 3197 ejus,
707 3146 766 3183 eo
804 3131 943 3200 quod
986 3141 1220 3200 parceret
1267 3131 1347 3183 illi
1395 3130 1667 3184 Dominus.
1726 3126 2121 3201 Posueruntqne

2224 1932 2345 1986 aliis
2373 1931 2573 2001 quibus
2591 1931 3074 2001 potestvirtutibus
3091 1947 3197 1986 non
3216 1942 3534 1987 excreetur:
3551 1950 3677 1987 cum
3695 1947 3822 2004 ergo

2222 2022 2384 2076 statui
2417 2030 2606 2077 nostro
2639 2022 2782 2077 Deus
2811 2021 2936 2076 licet
2973 2020 3153 2090 tepido
3187 2021 3593 2089 condescendit,
3637 2034 3827 2092 aperte

2223 2110 2396 2165 innuit
2416 2111 2543 2180 quia
2565 2127 2689 2166 cum
2718 2112 2948 2183 gratiam
2977 2112 3411 2182 compunctiouis
3434 2114 3589 2168 nobis
3615 2114 3823 2181 impen-

2221 2200 2321 2264 dit,
2347 2199 2398 2254 id
2424 2201 2815 2271 parvumquod
2846 2201 2957 2272 76
2973 2202 3209 2271 gerimus
3234 2218 3342 2257 non
3366 2203 3588 2272 respuit.
3617 2204 3700 2259 sic
3732 2220 3822 2257 ur-

2221 2291 2343 2346 bem
2372 2305 2532 2359 quam
2559 2291 2809 2360 eligimus
2835 2293 3084 2361 quamvis
3130 2308 3354 2362 parvam
3391 2309 3497 2348 non
3528 2294 3819 2349 subvertit.

2297 2379 2456 2436 Vsus.
2500 2382 2592 2435 22.
2623 2411 2694 2423 -
2725 2379 2967 2449 Festina,
3000 2392 3046 2436 et
3073 2386 3275 2436 salvere
3301 2384 3393 2437 tbi.
3427 2383 3484 2438 Id
3511 2394 3597 2439 est
3628 2384 3672 2439 si
3704 2400 3821 2440 tuo.

2221 2473 2342 2528 dies
2373 2474 2553 2543 eligis,
2587 2474 2640 2529 in
2685 2475 2772 2529 his
2820 2473 3014 2529 saltem
3062 2474 3426 2544 exsequendis
3467 2475 3728 2542 sedulus,
3765 2482 3820 2529 et

2221 2564 2403 2619 alacer
2428 2570 2571 2629 esto,
2604 2563 2801 2619 festiue
2841 2580 3146 2635 procurans
3183 2565 3234 2618 in
3267 2580 3377 2633 quo
3402 2564 3649 2622 salvcris.
3690 2564 3819 2621 Non

2220 2666 2398 2725 potero
2421 2655 2595 2722 facere
2615 2656 2925 2726 quidquam,
2942 2657 3107 2711 donec
3127 2657 3443 2728 ingrediaris
3467 2659 3616 2713 illnc.
3640 2658 3821 2725 Quan-

2226 2745 2319 2799 diu
2364 2746 2509 2798 enim
2546 2746 2697 2801 vitiis
2729 2747 3096 2816 acquiescere,
3131 2747 3429 2803 bestialiter
3461 2748 3622 2804 silere
3659 2748 3823 2804 dulce

2222 2837 2489 2893 habemus
2537 2839 2590 2892 in
2629 2837 2900 2901 Sodomis.
2954 2855 3059 2894 non
3108 2849 3286 2909 potest
3332 2841 3477 2895 Deus
3519 2841 3821 2910 quidquam

2223 2930 2435 2999 operari
2465 2931 2686 2985 virtutis
2715 2932 2767 2985 in
2807 2932 2982 2996 nobis,
3007 2947 3128 2986 nam
3165 2941 3225 2987 ut
3252 2932 3375 2985 liliis
3398 2932 3645 2988 Zehedari
3677 2934 3818 2987 dici-

2225 3030 2313 3075 tur
2347 3037 2360 3074 :
2391 3023 2582 3078 sedere
2623 3025 2691 3079 ad
2725 3025 2992 3087 dextram,
3026 3025 3108 3079 vel
3149 3026 3427 3081 sinistram
3462 3025 3681 3095 (Matth.
3723 3043 3817 3091 xx,

2222 3113 2335 3183 2'5),
2364 3131 2469 3169 non
2498 3124 2582 3171 est
2610 3132 2767 3170 suum
2809 3117 2939 3171 dare.
2970 3117 3409 3187 superbientibus
3445 3118 3633 3179 nobis;
3663 3119 3816 3187 prius

528 3229 675 3273 mna
701 3198 960 3275 civil‘alem
987 3198 1112 3294 [δι’.
1144 3222 1214 3275 ib,-
1243 3222 1404 3275 (δεταί
1431 3234 1549 3275 sum
1576 3224 1644 3275 ad
1668 3222 1832 3294 eum],
1861 3222 1946 3275 ubi
1973 3222 2121 3276 ιοεη,
2148 3198 2189 3254 C
2222 3206 2365 3260 enim
2398 3222 2476 3262 set
2496 3209 2699 3262 nudum
2728 3212 2870 3278 quod
2902 3209 3037 3263 alias
3064 3212 3197 3265 dicit
3230 3232 3242 3264 :
3274 3212 3536 3265 dzemouia
3566 3211 3733 3279 ejicit,
3766 3223 3817 3267 et

527 3324 608 3364 tus
640 3322 714 3365 est
758 3313 827 3365 ad
872 3331 988 3367 eum
1028 3314 1302 3368 Dominus.
1342 3314 1501 3368 Salva
1536 3316 1767 3368 animam
1812 3327 1974 3377 tuam,
2006 3315 2115 3369 noli

528 3403 779 3472 respicere
806 3416 919 3473 post
948 3414 1169 3474 tergum,
1202 3422 1293 3458 nec
1324 3414 1424 3458 stes
1454 3406 1506 3458 in
1538 3407 1679 3459 omni
1712 3407 1852 3459 circa
1885 3406 2110 3476 regione,

527 3494 615 3545 sed
643 3494 693 3546 in
721 3504 894 3548 monte
916 3493 1113 3548 salvum
1140 3505 1186 3549 te
1211 3495 1315 3563 fac.
1355 3495 1791 3564 Dissimulamus,
1816 3511 1939 3567 cum
1970 3497 2109 3551 bona

527 3597 648 3651 qua:
675 3592 730 3637 et
758 3599 1010 3638 sensuum
1040 3600 1101 3638 ac
1140 3586 1581 3655 imaginationum
1627 3586 1873 3641 molestia
1921 3596 2109 3643 nostro

530 3672 741 3741 spiritui
779 3673 894 3729 lieri
938 3676 1229 3729 convenire
1269 3678 1504 3742 nuntiat,
1534 3675 1832 3732 differimus
1868 3697 1881 3732 :
1916 3694 2111 3749 appre-

529 3764 769 3819 hendunt
802 3781 991 3820 nuntius
1014 3765 1151 3834 ejus,
1185 3769 1390 3834 uxoris,
1420 3782 1484 3823 ac
1526 3768 1784 3834 filiarum,
1814 3783 1936 3824 cum
1968 3770 2113 3841 cogi-

531 3856 768 3921 tationis,
783 3858 1260 3929 sensualitatisque
1280 3860 1439 3915 dubia
1454 3861 1519 3915 de
1535 3875 1593 3915 se
1613 3860 1899 3916 infirmitas
1912 3863 2113 3919 auxilio

530 3948 771 4011 rationis,
818 3950 971 4005 home
1006 3950 1317 4017 voluntatis,
1345 3953 1447 4022 piae
1476 3953 1540 4007 ad
1585 3961 1771 4008 sancta
1804 3968 1965 4023 opera
1997 3956 2113 4010 avi-

529 4037 734 4101 ditatis,
762 4054 885 4093 cum
916 4055 1008 4109 spe
1033 4041 1219 4110 gloria:
1250 4057 1356 4095 non
1385 4042 1684 4108 inanitatis,
1718 4043 1809 4096 sed
1840 4044 2101 4098 aeternita-

531 4128 601 4181 tis
647 4126 863 4183 fortiter
905 4130 1241 4195 innituntur,
1282 4132 1469 4201 sicque
1514 4141 1668 4186 extra
1707 4132 1983 4187 civitatem
2017 4149 2112 4202 po-

531 4231 753 4287 nuntur,
778 4224 966 4294 sicque
996 4240 1024 4279 a
1056 4226 1241 4280 mundi
1270 4226 1553 4281 desideriis
1576 4227 1899 4283 alienantur.
1926 4228 2108 4298 Salva,

530 4313 707 4382 inquit
766 4314 1025 4369 Dominus
1072 4316 1288 4381 rationi,
1329 4316 1456 4385 quid
1507 4317 1651 4372 facto
1693 4334 1829 4389 opus
1872 4322 1942 4375 sit
1980 4322 2112 4376 insi-

530 4422 723 4471 nuans,
753 4408 991 4462 animam
1043 4416 1209 4473 tuam,
1240 4409 1347 4463 noli
1396 4410 1665 4478 respicere
1712 4421 1830 4480 post
1875 4400 2106 4481 tergum,

531 4496 584 4551 id
626 4506 709 4552 est
737 4513 805 4555 ne
836 4509 1047 4568 repetas
1078 4518 1162 4565 ea,
1193 4501 1392 4569 quibus
1421 4499 1645 4556 intulisti
1681 4502 1769 4574 [[2,
1795 4504 2106 4575 indulsisti],

531 4592 924 4645 contemnendo
962 4592 1201 4655 dorsum,
1236 4608 1334 4646 nec
1380 4593 1456 4646 sis
1500 4594 1770 4659 vitiorum,
1804 4610 1924 4665 quae
1955 4596 2110 4651 abdi~

530 4679 689 4742 casti,
734 4681 979 4734 materiei
1041 4683 1348 4751 contiguus,
1390 4684 1538 4738 verbi
1598 4685 1794 4752 gratia,
1833 4686 1937 4740 noli
1991 4702 2113 4743 esse

531 4767 706 4822 allinis
736 4770 1072 4835 mulieribus,
1102 4782 1322 4841 propter
1364 4774 1505 4843 quod
1551 4774 1808 4829 relaharis
1850 4778 1900 4830 in
1932 4776 2108 4847 pejus,

528 4859 623 4915 sed
659 4858 712 4914 in
753 4871 1011 4926 montem,
1050 4863 1101 4917 in
1145 4872 1615 4935 quantamcunque
1658 4866 1864 4921 scilicet
1896 4870 2110 4924 virtutis

529 4953 905 5009 excellentiam
947 4956 1107 5009 altius
1156 4956 1286 5010 eniti
1332 4969 1485 5025 pmes
1519 4958 1746 5028 emigra,
1778 4975 1844 5013 ne
1878 4974 1946 5014 ex
1983 4961 2109 5015 mali

531 5045 766 5100 confinio
799 5048 893 5101 tibi
928 5048 1209 5102 oboriatur
1237 5050 1452 5103 occasio
1481 5050 1638 5104 saluti
1670 5052 1962 5105 contraria.

600 5138 765 5193 Vsus.
782 5140 1078 5207 18,19ﬁ0,
1091 5141 1178 5197 21.
1194 5172 1262 5182 -
1279 5141 1401 5196 Νυη
1413 5160 1642 5210 possum,
1658 5143 1849 5211 inquit.
1867 5144 2107 5209 Domine,

527 5230 720 5285 salvari
749 5233 801 5285 in
827 5243 1025 5296 monte,
1058 5250 1120 5288 ne
1142 5235 1276 5305 forte
1310 5234 1661 5302 apprehendat
1698 5251 1779 5287 me
1810 5234 2028 5298 malum,
2058 5246 2105 5289 et

526 5325 741 5378 moriar.
768 5324 861 5378 Est
890 5326 1073 5379 civitas
1098 5326 1181 5379 hic
1192 5325 1373 5395 juxta,
1403 5325 1471 5377 ad
1497 5342 1651 5394 quam
1672 5342 1880 5393 possunt
1905 5327 2104 5395 fugere,

526 5427 767 5482 parva,et
780 5416 1024 5470 saluabor
1041 5418 1095 5471 in
1108 5416 1443 5486 ea,nunquid'
1459 5432 1559 5470 non
1576 5418 1779 5471 modica
1800 5428 1895 5480 est,
1912 5427 1957 5470 et
1980 5418 2106 5471 vivet

527 5506 704 5558 anima
730 5507 882 5559 mea?
913 5503 1069 5570 Ecce,
1097 5508 1173 5561 ait
1198 5508 1478 5573 Dominus,
1512 5510 1668 5563 etiam
1696 5509 1747 5562 in
1782 5511 1878 5563 hoc
1906 5510 2106 5579 suscepi

524 5610 697 5662 preces
726 5605 865 5659 tuas,
895 5605 952 5648 ut
982 5612 1080 5650 non
1111 5597 1399 5652 subvertant
1428 5599 1627 5666 urbem,
1653 5617 1747 5669 pro
1775 5617 1877 5671 qua
1904 5599 2106 5655 loculus

523 5686 617 5737 es?
646 5685 759 5739 Non
797 5703 1013 5756 possum
1065 5688 1262 5743 salvari
1308 5689 1360 5744 in
1403 5700 1603 5755 monte,
1638 5693 1689 5747 in
1736 5692 1897 5747 nimis
1936 5693 2105 5747 arduo

526 5778 830 5832 sanctitatis
861 5792 1043 5844 opere,
1090 5796 1154 5835 ne
1196 5782 1565 5850 apprehendat
1593 5800 1677 5841 me
1713 5785 1977 5845 elationis,
2014 5792 2102 5838 aut

2146 4555 2194 4613 D

2223 3298 2304 3353 sic
2332 3298 2549 3353 demum
2590 3300 2854 3355 sanitates
2884 3300 3120 3370 perlicit,
3148 3302 3290 3371 quod
3335 3317 3675 3373 nequaquam
3712 3304 3816 3358 nisi

2222 3386 2411 3455 ejectis
2454 3391 2790 3446 daunonibus
2836 3392 2951 3446 fieri
2990 3392 3190 3461 possit;
3228 3408 3334 3447 non
3366 3392 3510 3447 enim
3535 3397 3691 3448 adest
3715 3408 3817 3447 au-

2221 3477 2375 3543 ditio,
2415 3479 2517 3534 nisi
2554 3481 2728 3550 primo
2765 3480 3007 3536 surditas
3046 3482 3367 3538 excludatur
3399 3501 3411 3536 :
3446 3483 3821 3555 ingrediamur

2222 3571 2387 3641 igitur
2411 3580 2614 3627 sancta:
2652 3574 2984 3629 modicitatis
3013 3574 3241 3645 asylum,
3274 3586 3331 3631 ut
3365 3580 3612 3634 abdicata
3644 3579 3819 3632 obsti-

2221 3664 2441 3721 natione
2467 3666 2695 3735 peccati,
2724 3666 2902 3722 valeat
2932 3669 3091 3731 Deus,
3123 3670 3213 3739 qui
3245 3671 3318 3725 nil
3350 3671 3603 3742 injustum
3632 3672 3820 3727 facere

2221 3758 2499 3827 pravalet,
2546 3758 2871 3813 medicinam
2920 3760 3076 3814 nobis
3118 3761 3376 3818 adhibere
3408 3764 3695 3829 virtutum;
3724 3764 3815 3817 in-

2215 3851 2421 3920 justum
2451 3865 2687 3920 namque
2714 3860 2880 3918 esset,
2904 3854 2948 3906 si
2978 3851 3191 3909 diabolo
3215 3854 3485 3910 hominem
3514 3854 3814 3926 possidenti

2222 3941 2365 3996 Deus
2417 3943 2625 4012 pariter
2672 3942 3043 4010 cohabitaret;
3104 3946 3371 4015 impotens
3415 3962 3545 4017 ergo
3588 3948 3655 4002 ad
3710 3946 3814 4001 hoc

2219 4018 2445 4104 prorsus
2490 4035 2629 4089 Deus
2659 4044 2759 4091 est.
2800 4034 3010 4090 Idcirco
3044 4047 3285 4091 vocatum
3325 4048 3398 4092 est
3448 4054 3632 4092 nomen
3668 4038 3813 4092 urbis

2221 4124 2364 4179 illius
2392 4124 2558 4196 Segor
2587 4144 2606 4180 :
2643 4128 2719 4182 sol
2766 4142 3020 4197 egressus
3049 4143 3210 4197 super
3260 4138 3458 4184 terram
3491 4139 3545 4184 et
3590 4129 3691 4185 Lot
3729 4131 3812 4183 in-

2221 4233 2444 4289 gressus
2472 4219 2663 4290 chor.
2713 4219 2883 4289 Segor
2934 4221 3326 4291 interpretatur
3374 4223 3692 4288 meridiana,
3727 4222 3808 4274 vel

2222 4327 2385 4380 parva
2411 4324 2429 4363 :
2454 4327 2625 4380 parva
2665 4311 2735 4367 ob
2756 4312 3111 4367 humilitatem
3133 4354 3147 4378 ,
3173 4313 3468 4367 meridiana
3503 4324 3721 4385 prapter
3753 4315 3808 4369 in

2223 4411 2354 4457 testu
2399 4403 2657 4458 vitiorum
2699 4403 3197 4469 obumbrationem;
3243 4406 3414 4459 virtus
3454 4407 3595 4460 enim
3650 4407 3808 4460 Altis-

2224 4493 2369 4558 simi,
2401 4509 2521 4563 qua:
2555 4494 2712 4550 nobis
2741 4495 3047 4556 obumbrat,
3076 4511 3181 4551 non
3210 4497 3309 4553 nisi
3335 4514 3495 4567 super
3527 4499 3805 4560 humilem,

2219 4594 2275 4639 et
2319 4586 2558 4655 quietum
2611 4587 2884 4652 illabitur,
2934 4603 3043 4657 quo
3092 4591 3309 4645 nomine
3360 4592 3656 4660 spiritualis
3705 4592 3803 4645 ista

2221 4678 2452 4733 munitio
2478 4678 2543 4731 ad
2576 4694 2739 4748 quam
2768 4678 3141 4749 confugimus,
3180 4683 3373 4735 merito
3397 4684 3702 4752 insignitur.
3737 4710 3803 4722 -—

2220 4771 2407 4841 (Vens.
2446 4771 2562 4843 25.)
2596 4770 2709 4838 Sol,
2745 4771 2927 4827 fervor
2954 4773 3163 4828 scilicet
3204 4776 3515 4829 tentationis
3558 4792 3620 4828 ex
3648 4775 3803 4830 insita

2218 4862 2430 4929 corpori
2458 4864 2911 4932 corruptibilitate
2931 4865 3205 4935 egreditur
3226 4881 3389 4936 super
3416 4876 3638 4931 terram,
3658 4868 3709 4921 id
3727 4875 3809 4921 est

2217 4953 2282 5005 ad
2317 4953 2485 5021 ipsam
2515 4955 2883 5024 corporalium
2909 4965 3149 5010 motuum
3176 4958 3405 5012 velimus
3438 4960 3673 5014 nolimus
3694 4958 3808 5013 elli-

2215 5044 2496 5111 eientiam,
2528 5048 2621 5101 sed
2663 5047 2784 5115 Lot,
2823 5050 2961 5103 ratio
2984 5049 3232 5105 videlicet
3258 5061 3460 5114 nostra,
3487 5053 3633 5107 subit
3654 5054 3808 5123 quasi

2217 5136 2497 5202 quoddam
2537 5139 2909 5194 umbraculuut
2946 5140 3139 5210 Segor,
3171 5145 3221 5196 id
3261 5154 3346 5199 est
3385 5145 3768 5200 humilitatem.

2294 5225 2457 5282 Vens.
2488 5229 2578 5295 24,
2610 5231 2704 5295 25,
2739 5232 2829 5287 26.
2872 5263 2942 5272 —
2977 5232 3152 5303 Igitur
3181 5236 3431 5291 Dominus
3478 5237 3609 5306 pluit
3653 5256 3808 5307 super

2220 5319 2506 5375 Sodomam
2540 5334 2586 5377 et
2616 5323 2963 5379 Comorrham
2990 5326 3210 5395 sulphur
3247 5337 3296 5380 et
3324 5329 3491 5399 ignem
3528 5347 3559 5382 a
3583 5329 3807 5384 Domino

2220 5412 2284 5464 de
2312 5413 2437 5466 cwlo
2465 5431 2484 5469 :
2512 5426 2559 5468 et
2591 5417 2834 5471 subvertit
2876 5419 3109 5471 civitates
3151 5420 3276 5484 has,
3314 5432 3362 5474 et
3409 5438 3612 5475 onmem
3664 5423 3804 5475 circa

2220 5507 2478 5574 regionem
2503 5510 2765 5563 universos
2789 5511 3105 5565 habitatores
3129 5513 3414 5573 urbium.et
3438 5523 3625 5566 cuncta
3651 5524 3813 5566 terrm

2216 5598 2458 5653 uirentia.
2494 5600 2890 5671 Respiciensque
2931 5620 3065 5656 uxor
3092 5604 3202 5673 ejus
3231 5618 3343 5675 post
3367 5623 3441 5671 se,
3474 5623 3621 5659 versa
3649 5614 3723 5659 cst
3750 5606 3805 5657 in

2216 5697 2446 5742 statuam
2497 5690 2645 5743 salis.
2687 5691 2829 5746 Pluit
2884 5693 3139 5746 Dominus
3190 5709 3353 5764 super
3408 5696 3697 5749 Sodutuatu
3745 5702 3803 5749 et

2215 5777 2597 5841 Cimorrham,
2634 5800 2754 5837 cum
2803 5799 2898 5852 per
2941 5783 3349 5841 instillationem
3397 5802 3645 5843 suurrntc
3695 5801 3804 5840 tuo-
