4108 6324
283 387 379 460 es

1339 387 1703 447 MOEALIUM
1740 391 1806 446 IN
1843 390 2138 449 CENESIN
2180 390 2307 445 LIB.
2340 391 2403 445 γ.

3444 393 3545 447 158

281 516 494 577 nitionis
531 516 778 579 fetorem,
805 514 894 583 qui
933 514 1179 584 signatttr
1215 512 1269 567 in
1317 513 1597 582 sulphure,
1632 523 1687 570 et
1724 530 1847 568 cru—
1877 517 1925 577 Α
1954 514 2259 569 institutum
2295 512 2450 582 quasi
2487 514 2554 567 ad
2599 522 2836 569 montem
2876 526 3227 585 promovetur
3261 532 3425 588 :ane
3466 521 3547 572 in-

278 614 468 667 ciatum
512 607 607 676 qui
655 607 706 660 in
737 607 877 674 igne,
909 606 1164 669 excitati,
1197 614 1252 659 et
1298 605 1548 659 seditioni
1598 605 1850 660 vitiorum

276 702 605 757 demonstrat
635 697 790 751 nobis
829 698 1026 751 inesse.
1063 696 1263 751 Bonum
1299 707 1557 767 quantum
1598 699 1651 752 in
1695 701 1851 755 nobis

275 804 371 857 est,
396 793 549 861 quasi
582 789 725 845 Deus
755 806 852 845 nos
880 790 1135 845 habitans
1165 800 1242 844 est
1281 807 1294 843 :
1330 791 1585 845 Dominus
1614 807 1764 857 ergo,
1798 794 1847 848 id

274 892 352 939 est
379 885 595 938 bonitas
627 882 679 935 in
712 882 867 936 nobis
893 884 1115 952 degens,
1149 899 1175 935 a
1209 882 1435 938 Domino
1481 884 1680 950 haurit,
1704 887 1848 954 quod

275 975 420 1030 nobis
470 976 535 1029 de
581 974 752 1038 casio,
797 976 1003 1029 ratione
1052 975 1261 1030 scilicet
1303 975 1561 1031 divinitus
1593 985 1739 1032 tacta
1779 978 1847 1033 ad

274 1067 656 1121 subvertendos
678 1067 949 1122 diemones
976 1067 1303 1123 habitatores
1330 1068 1564 1132 urbium,
1591 1084 1846 1127 sensuum

277 1155 447 1224 utique
497 1164 806 1209 nostrorum
854 1155 986 1225 pluit
1027 1174 1039 1209 :
1075 1172 1288 1211 onmem
1335 1159 1479 1213 circa
1536 1160 1842 1230 regionem,

275 1246 444 1302 mundi
469 1244 807 1311 afﬁnitatem,
837 1257 891 1300 et
913 1259 1106 1302 cuncta
1148 1259 1306 1304 terrm
1336 1250 1586 1316 virentia,
1620 1261 1846 1310 terrena:

274 1338 375 1407 spei
396 1338 649 1406 quaelibet
674 1338 1028 1406 deltctabilia,
1061 1343 1161 1396 hac
1192 1342 1331 1397 Deus
1362 1343 1631 1401 inlusione
1663 1349 1846 1417 cogni-

275 1429 424 1483 tionis
476 1431 817 1501 exstinguit,
870 1444 1131 1502 quantum
1197 1446 1419 1504 putcant
1473 1448 1843 1509 quantumque

272 1522 501 1575 crucieut
536 1523 825 1577 criminum
864 1540 1027 1589 curae,
1056 1537 1302 1598 patenter
1342 1531 1598 1585 ostendit.
1628 1530 1756 1587 Post
1785 1548 1844 1588 se

272 1623 436 1666 autem
472 1628 610 1667 uxor
648 1614 750 1669 Lot
801 1616 1043 1705 respicit,
1097 1634 1219 1673 cum
1261 1619 1399 1676 bona
1450 1623 1693 1677 voluntas
1727 1625 1853 1693 pri-’

273 1712 380 1765 dem
426 1711 733 1765 medullitus
765 1712 948 1767 innixa
980 1716 1173 1769 rationi
1203 1717 1270 1770 ad
1299 1732 1359 1771 ea
1390 1733 1509 1787 qua:
1539 1730 1839 1788 Spreverat,

271 1803 438 1857 saeculi
493 1803 887 1860 oblectamenta
940 1810 1236 1878 appetenda
1288 1812 1511 1881 tepescit
1560 1831 1574 1866 :
1622 1822 1741 1883 post
1780 1829 1840 1869 se

273 1896 500 1963 respicit,
529 1912 651 1950 cum
692 1912 721 1950 a
761 1910 938 1968 ccepto
965 1910 1107 1955 statu
1148 1903 1404 1958 deficiens
1435 1905 1572 1958 infra
1601 1921 1658 1960 se
1684 1907 1839 1977 quip-

273 1986 403 2055 piam
447 1990 825 2059 concupiscit:
861 1993 954 2047 sed
1006 1994 1235 2049 vertitur
1284 1995 1336 2050 in
1387 2005 1618 2052 statuam
1673 1999 1834 2062 Salis,

277 2094 387 2133 cum
425 2081 551 2135 hanc
580 2086 869 2152 apostasia:
899 2087 1278 2143 hebetudinem
1312 2090 1747 2146 animadvertetis
1783 2093 1834 2147 in

282 2184 337 2224 se
370 2174 620 2244 redarguit
666 2178 931 2247 sapientia
959 2181 1241 2248 salutaris;
1290 2199 1414 2237 nam
1442 2200 1594 2238 suam
1630 2187 1697 2239 ad
1727 2186 1840 2254 ple-

278 2280 395 2317 num
434 2267 796 2336 stoliditatem,
842 2288 1004 2340 quam
1043 2283 1223 2328 statua
1267 2276 1459 2347 signat,
1501 2277 1835 2347 dignoscere,

270 2368 388 2422 pars
415 2359 638 2413 maxima
668 2374 754 2417 est
777 2364 1036 2431 scientim,
1066 2383 1183 2437 qua:
1212 2379 1433 2423 notatur
1462 2370 1513 2424 in
1540 2371 1670 2426 sale.

337 2446 483 2503 Vens.
517 2451 606 2518 27,
642 2455 735 2510 ‘28.
776 2487 847 2496 —
877 2458 1143 2515 Abraham
1175 2478 1491 2534 consurgens
1536 2482 1708 2531 mane,
1748 2468 1835 2521 ubi

262 2549 457 2593 steterat
478 2544 632 2610 prius
671 2563 786 2601 eum
812 2549 1059 2619 Domino,
1097 2554 1317 2610 intuitus
1360 2566 1435 2611 est
1470 2557 1755 2613 Sodomam
1787 2572 1833 2614 et

262 2626 632 2699 Comen/mm,
685 2649 731 2690 et
787 2642 1079 2697 universam
1137 2656 1330 2701 terram
1378 2650 1603 2718 regionis
1656 2651 1835 2716 illius;

260 2719 467 2811 uiditque
492 2727 861 2784 ascendentem
892 2732 1127 2801 favillam
1156 2738 1221 2791 de
1248 2748 1387 2793 terra
1414 2743 1566 2811 quasi
1602 2741 1833 2810 fornacis

260 2808 465 2902 fumum.
514 2817 800 2875 Abraham
850 2841 1006 2881 mane
1044 2832 1343 2902 consurgit,
1376 2849 1496 2888 cum
1528 2833 1635 2889 Deo
1674 2851 1731 2888 se
1769 2836 1834 2889 il-

259 2900 506 3000 lustrantc
537 2911 610 2965 ad
647 2912 839 2970 altiora
871 2934 1023 2976 mens
1053 2926 1463 2996 contemplanda
1500 2943 1557 2982 se
1584 2928 1830 3001 subrigit.

261 2998 307 3085 in
351 2998 597 3054 eumdem
658 3019 902 3075 regressa
955 3020 1177 3078 statum,
1210 3014 1261 3068 in
1309 3030 1415 3085 quo
1461 3015 1528 3072 de
1571 2998 1830 3074 mentium

259 3084 349 3139 situ
388 3090 660 3147 bonarum
704 3111 798 3165 per
843 3115 1186 3157 numerorum
1232 3110 1429 3176 gradus
1472 3108 1833 3164 altercabatur

343 3178 656 3250 Dominum,
692 3190 831 3243 unde
865 3200 918 3245 et
948 3208 1141 3250 nomen
1172 3195 1284 3263 jam
1317 3215 1468 3254 mens
1500 3201 1613 3271 ipsa
1646 3205 1832 3273 recipit
1860 3227 1904 3289 ρ

259 3268 511 3364 dbralmm
541 3279 725 3346 patris
753 3280 984 3339 videntis
1024 3288 1296 3355 populum,
1324 3306 1443 3361 quxe
1483 3268 1625 3348 nunc
1665 3268 1834 3364 usq-ue

261 3359 376 3460 Loth
409 3367 555 3422 dicta
584 3379 697 3435 est,
727 3386 792 3426 ex
818 3390 924 3443 quo
959 3379 1027 3433 ab
1057 3359 1366 3452 integritate
1395 3387 1568 3441 vincta
1596 3359 1836 3460 coeperat

261 3455 559 3514 declinare:
600 3471 713 3517 stat
764 3476 944 3522 autem
985 3485 1107 3525 cum
1162 3473 1420 3542 Domino,
1470 3455 1697 3548 quando.
1739 3499 1835 3550 per

260 3551 404 3605 animi
444 3556 837 3614 rectitudinem
878 3578 983 3616 non
1020 3565 1269 3622 dissentit
1303 3571 1372 3626 ab
1413 3572 1531 3641 ipso
1556 3592 1568 3624 τ
1595 3574 1836 3632 intuetur

259 3641 534 3702 Sodomam
596 3658 652 3705 el
693 3651 1083 3724 Gomorrham,
1120 3653 1283 3731 alique
1331 3666 1566 3736 regionis
1603 3678 1833 3736 terram,

259 3751 365 3791 cum
413 3739 750 3813 flagitiorum
806 3748 1230 3821 turbulentiam,
1279 3766 1336 3812 et
1382 3773 1574 3815 sensus
1623 3766 1833 3833 reprobi

258 3831 563 3901 caecitatem,
608 3852 907 3909 eorumque
941 3844 1381 3906 circumstantem
1426 3831 1704 3911 materiam
1753 3859 1832 3912 di-

258 3923 443 3980 vinitus
486 3928 753 3985 irradiata
785 3932 1021 4003 dispicit,
1054 3938 1305 4010 videtque
1347 3946 1728 4005 ascendentem
1767 3951 1833 4003 de

259 4021 384 4071 terra
410 4018 677 4088 favillam,
700 4023 767 4078 ab
794 4025 997 4083 intimis
1024 4044 1153 4085 sane
1176 4034 1521 4093 conscientia:
1540 4053 1834 4109 exsurgen-

259 4116 356 4163 tem
403 4116 742 4181 ptenitentiaz
795 4124 1263 4190 compunctioncm
1312 4130 1413 4183 sibi
1470 4138 1830 4190 necessariam

257 4203 414 4258 solum
455 4206 573 4275 jam
621 4209 888 4284 intelligit,
931 4218 1107 4285 quasi,
1147 4219 1197 4273 id
1241 4231 1324 4277 est
1369 4239 1553 4281 revera
1598 4228 1833 4285 fornacis

258 4293 468 4393 tinuum,
494 4301 706 4357 scilicet
734 4306 964 4373 ardoris,
994 4319 1048 4364 et
1072 4313 1344 4370 cruciatus
1371 4316 1564 4374 interni
1595 4323 1828 4393 signum.

255 4382 446 4482 longe,
481 4393 601 4459 ait,
645 4407 875 4462 montes,
913 4410 961 4453 et
991 4401 1322 4473 fumigabunt
1346 4408 1517 4479 (Psal.
1540 4382 1829 4482 culu,5),

257 4478 300 4531 id
342 4495 423 4573 est
464 4486 655 4541 cordis
704 4489 939 4544 dolorem
993 4509 1088 4561 per
1141 4478 1402 4570 lacrymas
1435 4478 1825 4573 evaporabunl.

256 4572 510 4640 —(\'Ens.
541 4578 664 4648 29.)
687 4579 817 4634 Cum
839 4600 960 4653 ergo
979 4568 1290 4643 subt'erteret
1324 4592 1462 4648 Deus
1485 4568 1719 4651 ciuitates
1744 4616 1830 4652 re-
1858 4568 1907 4627 D

254 4663 409 4729 gionis
459 4669 631 4735 illius,
677 4672 727 4726 id
780 4685 862 4729 est
908 4693 1029 4732 cum
1075 4681 1205 4737 vitia
1249 4684 1446 4740 diaboli
1502 4688 1555 4741 in
1610 4689 1829 4745 homine

256 4754 540 4817 habitantis
565 4764 898 4820 munimenta
916 4770 1225 4838 subrueret,
1246 4777 1560 4832 recordatur
1575 4779 1825 4847 Ahralue,

255 4850 502 4908 rationem
559 4857 807 4926 profecto
857 4860 985 4916 facit
1024 4877 1137 4919 suae
1183 4866 1459 4938 dignitatis
1495 4873 1823 4936 meminisse.

256 4950 304 4994 et
348 4942 482 5002 LOtlt
543 4950 718 5019 ipsam
764 4951 948 5020 utique
994 4953 1305 5013 humanitus
1348 4958 1590 5029 lapsam,
1658 4980 1724 5020 ne
1772 4967 1825 5019 in

257 5039 529 5102 reprobum
571 5053 853 5098 evertatur
889 5060 1108 5101 sensum
1143 5065 1238 5119 per
1284 5052 1414 5107 vitia
1460 5056 1656 5124 quibus
1701 5058 1828 5114 sub-

250 5123 424 5196 jacuit,
458 5134 714 5205 dignatur
743 5136 994 5194 liberare.

319 5241 473 5301 Vsus.
488 5248 580 5302 50.
604 5278 675 5288 -—
694 5249 1039 5322 Ascenditque
1071 5253 1199 5309 Loth
1229 5256 1293 5310 de
1318 5257 1502 5328 Segor,
1535 5260 1655 5315 dure
1688 5280 1822 5333 quo-

253 5349 341 5401 que
385 5339 509 5404 ﬁliae
553 5342 670 5411 ejus
723 5358 842 5396 cum
885 5363 976 5409 eo;
1026 5348 1270 5402 timuerat
1312 5353 1449 5403 enim
1509 5368 1720 5408 manere
1768 5356 1821 5411 in

255 5424 423 5497 Segor,
455 5443 501 5486 et
533 5436 731 5489 mansit
759 5437 813 5489 in
842 5438 1087 5504 spelunca
1132 5441 1259 5509 ipse,
1291 5452 1339 5495 et
1380 5443 1501 5498 dum
1539 5445 1667 5513 ﬁlia:
1704 5448 1821 5515 ejus

254 5534 358 5571 cum
404 5540 481 5578 eo.
545 5524 647 5581 Lot
686 5530 930 5583 ascendit
972 5532 1040 5584 de
1081 5532 1273 5602 Segor,
1318 5549 1438 5589 cum
1488 5536 1703 5591 humani
1754 5540 1823 5593 ti-

256 5622 391 5667 more
420 5619 641 5685 pudoris
667 5636 734 5676 ne
758 5621 964 5677 scilicet
991 5624 1164 5693 palam
1200 5625 1381 5695 lapsus
1414 5630 1610 5699 probro
1638 5641 1824 5699 pateat

257 5700 509 5765 humanus
549 5714 856 5771 intellectus
888 5718 938 5771 in
973 5718 1198 5773 minoris
1233 5721 1354 5775 vitze
1395 5724 1672 5793 proposito
1704 5742 1822 5794 pcr-

258 5808 464 5857 tuanere
506 5817 742 5874 veretur,
775 5820 826 5864 et
881 5811 944 5865 ad
994 5811 1342 5868 excellentius
1393 5819 1824 5874 conversationis

1953 607 2137 674 digna,
2169 620 2331 674 quam
2372 605 2728 675 prmtulimus,
2762 608 3006 673 intentio,
3039 625 3103 664 ex
3146 614 3374 666 duarum
3410 612 3533 665 ﬁlia-

1952 716 2100 761 rum,
2128 713 2265 766 quas
2305 699 2673 765 exposuimus,
2704 700 3105 757 cohabilatione
3138 705 3348 759 funesta
3388 714 3543 758 nota-

1952 800 2082 845 tur:
2118 788 2389 858 praedictis
2420 789 2601 854 itaque
2630 806 2698 843 ex
2730 794 2909 846 causis
2953 794 3004 848 in
3054 797 3235 865 tepido
3275 797 3426 865 quasi
3476 798 3541 850 ti-

1950 897 2102 936 mens
2150 880 2443 950 persistere
2491 882 2707 935 vivendi
2752 885 2937 948 modo,
2985 887 3090 943 hoc
3134 899 3216 942 est
3257 890 3308 943 in
3348 889 3541 959 Segor,

1949 972 2144 1027 transit
2168 972 2220 1025 in
2246 982 2502 1038 montem,
2528 972 2600 1025 ibi
2626 980 2804 1026 tamen
2831 974 2882 1026 in
2897 977 3151 1045 spelunca
3167 981 3539 1049 victurus.qui

1948 1067 2183 1122 ferarum
2215 1075 2273 1120 et
2300 1065 2569 1120 latronum
2604 1073 2685 1120 est
2721 1064 2889 1130 locus,
2922 1068 3047 1135 quia
3080 1071 3165 1125 cui
3202 1073 3335 1127 tales
3372 1074 3541 1127 comi-

1948 1157 2076 1213 tiam
2112 1156 2354 1226 praebent
2384 1155 2529 1220 filim,
2558 1155 2804 1211 crudeles
2835 1172 3109 1225 nunquam
3147 1160 3347 1215 deserit
3379 1178 3541 1232 appe-

1946 1250 2364 1320 titus—(Vsus.
2380 1250 2439 1304 5|
2453 1248 2494 1319 .)
2513 1250 2647 1303 Dicit
2662 1266 2782 1319 ergo
2796 1250 2970 1320 major
2981 1251 3049 1303 ad
3073 1253 3356 1307 minorem:
3377 1253 3538 1307 Pater

1944 1355 2123 1399 noster
2150 1360 2308 1398 senex
2336 1354 2432 1407 est,
2461 1352 2507 1396 et
2541 1342 2720 1397 nullus
2752 1344 2983 1397 virorum
3016 1345 3264 1396 remansit
3296 1345 3350 1397 in
3375 1357 3541 1407 terra,

1943 1438 2033 1508 qui
2057 1436 2219 1505 possit
2247 1434 2451 1505 ingredi
2476 1435 2546 1487 ad
2572 1451 2665 1488 nos
2681 1434 2839 1503 juxta
2864 1450 3059 1488 morem
3085 1434 3338 1486 universa:
3362 1444 3537 1487 teme.

1945 1529 2050 1600 ⁵17
2095 1526 2262 1595 Major
2305 1526 2600 1581 cenodoxia
2640 1525 2862 1580 omnino
2907 1537 3053 1581 recte
3098 1527 3383 1597 accipitur,
3422 1541 3541 1594 qtne

1943 1636 2067 1678 cum
2110 1620 2250 1673 bona
2288 1629 2562 1687 operetur,
2597 1618 2650 1672 id
2694 1633 2799 1672 non
2832 1618 2964 1687 agit,
2999 1628 3056 1672 ut
3092 1619 3232 1672 Deus
3266 1617 3540 1687 glorifice-

1944 1724 2058 1778 tur,
2089 1713 2182 1768 sed
2229 1714 2382 1782 quasi
2415 1714 2649 1783 quadam
2691 1711 3018 1776 idololatria,
3051 1727 3113 1765 ac
3144 1713 3450 1780 sacrilegio,
3481 1718 3540 1765 ut

1942 1809 2110 1863 homo
2162 1817 2490 1878 prchostere
2542 1810 2869 1871 honoretur;
2922 1805 3165 1873 loquitur
3199 1821 3329 1874 ergo
3377 1821 3537 1860 ceno-

1872 1883 1912 1940 Β
1943 1897 2103 1953 doxia
2136 1899 2202 1952 ad
2236 1900 2609 1970 cupiditatem,
2641 1899 2767 1952 dum
2798 1897 2942 1967 quod
2972 1897 3237 1952 violenter
3276 1898 3389 1968 rapi
3428 1913 3535 1951 non

1938 1999 2135 2061 potest,
2180 1993 2422 2062 suggerit
2451 1990 2660 2061 acquiri
2705 2005 2863 2060 posse
2895 2004 2994 2060 per
3022 1989 3329 2044 sanctitatis
3360 1988 3535 2043 simu-

1938 2082 2215 2139 lationem.
2245 2081 2407 2138 Pater
2430 2076 2633 2145 noster:
2652 2084 2865 2138 animus
2898 2083 3126 2147 scilicet,
3151 2083 3241 2151 qui
3270 2081 3410 2135 malo
3435 2096 3537 2135 suo

1942 2175 2075 2230 tales
2105 2176 2369 2246 genitrice
2405 2175 2608 2231 carnali
2646 2175 2931 2231 affectione
2971 2176 3189 2244 genuit,
3219 2191 3405 2236 senex.
3449 2176 3531 2228 itt-

1938 2269 2078 2339 quit,
2121 2278 2224 2332 est,
2269 2270 2335 2324 ad
2385 2278 2567 2324 vetera
2621 2277 2676 2322 et
2725 2267 3040 2338 temporalia
3088 2283 3293 2337 pronus
3334 2276 3438 2331 est,
3481 2274 3537 2321 et

1939 2360 2115 2413 nullus
2160 2360 2401 2414 virorum
2448 2359 2894 2413 intellectualium
2940 2359 3096 2429 plane
3140 2368 3404 2420 motuum,
3436 2356 3535 2426 qui

1937 2451 2276 2507 affectualem
2325 2452 2378 2506 in
2430 2451 2589 2506 nobis
2626 2451 2907 2506 mollitiem
2942 2461 3153 2519 regant,
3180 2452 3443 2505 remansit
3477 2451 3532 2504 in

1939 2551 2108 2608 terra,
2133 2543 2183 2596 in
2209 2539 2486 2596 fructifera
2510 2541 2808 2608 quondam,
2831 2548 2886 2593 et
2907 2538 3131 2592 cultibili
3164 2539 3494 2592 conscientia
3516 2577 3530 2600 ,

1937 2632 2027 2702 qui
2058 2632 2226 2702 possit
2256 2631 2462 2701 ingredi
2496 2630 2561 2684 ad
2596 2644 2717 2691 nos,
2749 2629 3052 2698 irrumpere
3082 2628 3224 2682 avidi
3254 2628 3434 2682 cordis
3464 2627 3533 2681 ad

1937 2740 2037 2778 nos
2064 2724 2387 2779 evertendos
2412 2722 2857 2797 obstinationem,
2884 2721 3035 2788 juxta
3072 2736 3277 2775 morem
3316 2721 3535 2775 univer-

1936 2833 2010 2871 sae
2038 2827 2216 2881 terrm,
2249 2816 2300 2869 id
2340 2823 2424 2868 est
2451 2814 2503 2867 in
2529 2824 2812 2882 quantum,
2842 2814 2925 2869 vel
2950 2812 3104 2882 juxta
3135 2812 3277 2882 quod
3313 2826 3537 2866 necesse

1936 2919 2080 2965 esset
2129 2907 2372 2977 reparari
2428 2920 2631 2959 morem
2682 2905 2893 2960 scilicet
2931 2906 3217 2976 pristinum
3265 2903 3532 2957 universa:

1934 3000 2283 3058 conscientize
2316 3018 2328 3053 :
2363 3006 2546 3068 posset
2592 3013 2723 3053 sane
2767 2999 2907 3053 ratio
2960 2998 3165 3065 ingredi
3210 2998 3278 3050 ad
3320 3011 3530 3050 remor-

1936 3093 2164 3148 dendam
2218 3092 2504 3162 cujuslibet
2533 3101 2792 3155 mentem,
2821 3093 2913 3145 sed
2949 3106 3053 3145 non
3089 3090 3245 3145 facile
3271 3090 3335 3143 ad
3379 3090 3533 3143 inno-

1935 3189 2170 3239 vandmn
2196 3185 2407 3238 vivendi
2434 3201 2660 3240 morem.
2691 3215 2759 3225 ——-
2781 3184 2968 3256 (Vens.
2998 3186 3113 3251 3'2.)
3144 3184 3295 3242 Veni.
3330 3184 3528 3251 inquit,

1940 3278 2089 3334 heus.
2126 3285 2179 3328 tu
2210 3277 2497 3344 cupiditas,
2525 3275 2650 3345 quia
2680 3276 2787 3329 vim
2818 3277 3020 3331 inferre
3050 3278 3116 3331 ad
3142 3292 3201 3330 ea
3230 3292 3350 3346 qua:
3378 3276 3531 3345 cupis

1937 3367 2221 3419 obtinenda
2264 3384 2367 3419 non
2400 3367 2684 3435 prevales,
2722 3383 2819 3436 age
2850 3369 2973 3421 dum
3023 3369 3160 3421 clam
3204 3368 3338 3422 meis
3371 3377 3529 3421 utere

1936 3455 2144 3511 officiis.
2193 3456 2517 3511 lnebriemus
2570 3475 2688 3511 eum
2752 3460 2901 3522 vino,
2947 3460 2997 3513 id
3049 3468 3153 3519 est.
3210 3457 3533 3529 impleamus

1937 3550 2174 3601 animum
2228 3546 2585 3615 jueunditatis
2642 3549 2952 3619 temporalis
3004 3551 3223 3622 gaudio,
3286 3550 3528 3605 dormia-

1939 3656 2164 3708 musque
2236 3656 2358 3695 cum
2438 3657 2539 3702 eo,
2605 3643 2769 3696 latius
2838 3643 3048 3697 scilicet
3122 3643 3411 3698 oblivionis
3475 3651 3532 3697 cit

1940 3731 2285 3801 negligentia:
2314 3730 2430 3800 ejus
2460 3732 2832 3804 opprimamus
2871 3734 3267 3805 providentiam
3309 3748 3531 3796 snmuo,

1939 3835 1992 3875 ut
2022 3842 2226 3878 servare
2250 3826 2509 3892 possimus
2534 3843 2706 3880 semen
2731 3843 2796 3881 ex
2816 3836 2963 3895 patre
2986 3836 3183 3889 nostra,
3209 3835 3263 3878 ιιι
3290 3827 3533 3879 fructum

1939 3919 2121 3985 utique
2168 3919 2464 3989 cujuspiam
2520 3919 2835 3988 temporalis
2886 3919 3156 3974 commodi
3215 3918 3533 3987 exigamus,"

1938 4007 2016 4057 vel
2046 4006 2461 4063 delectationem
2491 4006 2721 4078 alicujus
2750 4010 2957 4079 peceati
2991 4012 3180 4063 crebra
3219 4008 3271 4061 in
3307 4008 3523 4063 modum

1939 4098 2153 4152 feminis
2181 4100 2569 4171 propagatione
2606 4101 2904 4155 iterandam
2935 4101 3215 4157 eliciantus
3245 4116 3309 4155 cx
3342 4101 3525 4155 animo

1940 4191 2121 4243 talium
2156 4189 2357 4245 fetuum
2392 4190 2673 4247 aﬂ'ertibus
2706 4193 2982 4248 inclinato.

1934 4292 1937 4295 '
2010 4285 2171 4338 Vens.
2203 4283 2293 4337 55.
2322 4314 2391 4324 ——-
2421 4284 2689 4339 Dederunt
2714 4288 2886 4353 itaque
2912 4286 3051 4356 patri
3097 4303 3192 4340 suo
3244 4286 3415 4338 bibere
3443 4285 3521 4337 υἱ-

1936 4390 2059 4427 num
2083 4384 2231 4428 nocte
2254 4375 2367 4428 illa.
2400 4374 2515 4429 Nox
2568 4377 2669 4430 ista
2703 4377 2929 4431 affectus
2953 4385 3234 4445 concepta:
3264 4375 3522 4443 nequitia:

1934 4472 2038 4518 est.
2090 4463 2397 4533 Ingreditur
2428 4465 2620 4536 major.
2654 4466 2961 4534 dormitqne
3002 4480 3123 4518 cum
3179 4472 3355 4533 patre,
3395 4479 3519 4517 enm

1936 4553 2114 4605 inanis
2136 4553 2307 4621 gloria
2340 4564 2451 4609 toto
2471 4555 2698 4609 rationis
2722 4570 2945 4609 assensu
2977 4553 3078 4609 sibi
3117 4562 3398 4609 contracto
3434 4554 3517 4607 sui

1934 4643 2151 4711 penitus
2176 4642 2344 4697 oblita
2404 4645 2647 4699 abutitur
2694 4654 2922 4699 mente:
2977 4646 3117 4698 unde
3161 4644 3361 4699 dicitur
3390 4644 3526 4714 quia

1932 4752 2039 4791 non
2068 4737 2256 4798 sensit,
2309 4744 2520 4792 reatum
2566 4737 2820 4792 videlicet
2868 4752 3024 4792 suum
3079 4752 3223 4808 aegre
3271 4736 3523 4798 ferendo,

1933 4825 2149 4896 quando
2203 4826 2473 4893 accubuit,
2533 4843 2655 4882 cum
2715 4826 2921 4883 scilicet
2960 4844 3058 4884 cor
3099 4828 3167 4883 ad
3217 4830 3523 4897 nequitiam

1932 4919 2159 4985 inflexit,
2191 4927 2244 4974 et
2267 4919 2481 4989 quando
2514 4921 2773 4985 surrexit,
2806 4922 2856 4975 id
2880 4931 2961 4976 est
2986 4939 3109 4977 cum
3143 4923 3194 4977 in
3229 4922 3535 4976 audaciam"

1932 5013 1999 5067 de
2038 5011 2284 5065 criminis
2330 5025 2389 5065 se
2432 5014 2833 5081 perpetratione
2864 5014 3059 5067 erexit.
3093 5012 3322 5083 Impellit
3350 5014 3523 5067 etiam

1931 5102 2127 5173 major,
2160 5100 2302 5171 quod
2336 5110 2419 5155 est
2442 5103 2763 5166 cenodoxia,
2809 5104 3079 5173 jnniorem
3115 5103 3300 5172 procul
3352 5103 3525 5155 dubio

1931 5194 2302 5264 cupiditatem,
2334 5202 2391 5246 ut
2422 5208 2543 5248 cum
2578 5203 2731 5263 patre
2753 5196 2988 5248 dormiat
3019 5212 3032 5249 :
3066 5195 3189 5263 quia
3226 5204 3512 5264 postquam

1929 5298 2025 5352 per
2092 5282 2427 5355 hypocrisim
2491 5282 2678 5339 infelix
2742 5285 3009 5353 quispiam
3074 5286 3381 5355 prosperari
3456 5300 3519 5340 se

1936 5372 2161 5437 viderit,
2194 5373 2259 5426 ad
2287 5382 2487 5441 apertm
2534 5371 2641 5440 iam
2674 5373 2987 5442 capiditatis
3026 5374 3229 5429 rabiem
3260 5374 3515 5430 elli‘enari

1932 5460 2270 5516 dissimulata
2301 5461 2648 5517 simulatione
2675 5462 2881 5533 incipit,
2927 5471 2983 5518 et
3030 5479 3172 5519 czeco
3202 5475 3421 5534 pectore
3443 5465 3512 5518 ab

1934 5566 1996 5604 ea
2030 5566 2088 5605 se
2135 5550 2335 5604 involvi
2363 5551 2650 5621 permittit.
2684 5550 2932 5608 Secunda
2965 5569 3067 5609 nox
3095 5564 3177 5609 est
3208 5569 3273 5609 ex
3319 5554 3507 5609 inolita

1930 5641 2188 5709 peccandi
2216 5641 2499 5696 voluntate
2529 5641 2744 5711 reprobi
2796 5656 2989 5699 sensus
3040 5646 3390 5707 obstinatio;
3442 5659 3510 5696 ex

1933 5732 2167 5799 imagine
2196 5746 2429 5802 namque
2465 5733 2605 5790 fictae
2646 5736 2972 5801 sanctitatis,
2996 5739 3260 5793 citissime
3283 5736 3527 5791 dcveni—'

1936 5834 2019 5879 tur
2047 5825 2112 5878 ad
2147 5834 2343 5893 apertce
2375 5828 2724 5898 opprobrium
2752 5829 3144 5899 perversitatis,
3172 5830 3294 5899 quia
3324 5830 3514 5885 vinum
