4062 6354
1876 168 2025 181 --α

526 292 631 349 155
1410 299 1471 353 ν.
1499 297 1822 356 GUlBERTl
1860 298 2083 356 ABBAT

2194 302 2253 357 S.
2296 300 2535 358 Miillle
2571 302 2660 358 DE
2699 299 3095 359 NOVIGENTO
3705 296 3813 354 ηδ

525 410 820 465 arridentts
853 409 955 465 sibi
1011 409 1370 466 insmtulando
1404 410 1591 482 gloriae
1631 411 1943 481 temporalis
1983 428 2120 482 prte-
2148 416 2483 489 Aquantum
2530 415 2596 469 ad
2639 415 2873 469 humana
2923 422 3134 486 spectat
3161 412 3391 485 judicia,
3449 410 3603 467 nulla
3651 414 3811 467 dam-

525 499 719 568 cipitat
741 502 973 554 animam
998 502 1064 556 ad
1087 500 1323 556 furorem
1370 501 1599 572 publicae
1650 502 1995 567 temeritatis,
2046 511 2107 559 ut
2208 508 2329 566 nari
2364 516 2541 578 potest
2567 507 2785 562 interim
2816 506 2954 577 lege.
2990 504 3188 570 Minor,
3212 519 3332 574 qua:
3357 513 3443 558 est
3493 503 3810 571 cupiditas,

529 589 897 644 coneubautes
918 589 1055 645 ﬁlias
1084 605 1191 645 non
1215 590 1438 656 sentiat,
1471 606 1573 646 nec
1616 601 1919 661 surgentes,
1949 607 2104 662 spur-

529 682 691 736 citias
730 681 912 751 procul
959 682 1126 737 dubio
1175 682 1323 737 nulla
1374 683 1708 739 discretione
1754 684 1935 740 doleat
1984 701 2104 742 sese

528 771 816 834 foedantes.
845 788 942 826 nec
969 774 1184 828 animos
1214 774 1480 843 reprimat
1529 774 1596 828 de
1641 775 1830 830 eadem
1862 793 1957 831 sua
1989 778 2103 848 pul-

526 864 727 919 lutione
784 864 1047 921 laetantes.
1124 866 1450 936 Concipiunt
1513 883 1643 938 ergo
1701 869 1832 937 [ilic
1889 868 1984 923 Lat
2037 887 2102 924 ea:

520 966 687 1024 patre,
728 971 849 1010 eum
899 972 1055 1025 spem
1104 958 1345 1027 ingenita
1399 958 1554 1013 nobis
1601 959 1731 1013 vitia
1779 961 2100 1029 pravitatem

520 1045 818 1113 quamlibet
866 1048 1190 1102 admittendi
1233 1046 1418 1102 fovent
1447 1059 1754 1120 susceptam
1804 1066 1871 1105 ex
1919 1051 2101 1106 animo

509 1134 623 1205 jam
652 1139 894 1192 labante.

590 1229 776 1297 Major
797 1231 935 1298 parit
958 1231 1154 1299 (ilium,
1187 1247 1308 1286 cum
1337 1233 1635 1288 cenodoxia
1677 1234 1743 1290 ad
1774 1235 2095 1290 deteriorem

519 1318 664 1371 male
723 1329 900 1387 erepta
965 1322 1212 1388 perducit
1268 1321 1542 1390 ell‘ectum,
1596 1334 1860 1393 vocatque
1916 1323 2096 1390 Moab,

521 1407 665 1474 quod
696 1417 779 1462 est
802 1425 866 1463 ea:
886 1420 1053 1480 patre,
1084 1427 1190 1467 non
1221 1414 1381 1468 modo
1407 1430 1471 1469 ex
1493 1431 1592 1470 suo
1615 1426 1785 1484 patre,
1819 1418 1913 1471 sed
1939 1417 2098 1471 abso-

525 1495 642 1552 lute
669 1513 732 1552 ex
756 1511 931 1569 patre,
974 1502 1025 1555 id
1069 1512 1153 1557 est
1181 1503 1397 1558 diabolo
1434 1505 1601 1559 totius
1650 1505 1951 1574 iniquitatis
1999 1523 2098 1562 au-

521 1599 692 1657 ctore,
722 1591 813 1661 qui
842 1595 1111 1663 praecipue
1138 1596 1318 1665 periit,
1344 1596 1725 1665 hominemque
1759 1596 1945 1654 fefellit
1972 1606 2096 1667 typo

520 1682 695 1735 inanis
723 1684 909 1752 gloria:
946 1704 958 1739 :
996 1687 1197 1741 dicitur
1222 1688 1387 1742 etiam
1414 1688 1570 1742 Moab
1621 1689 1799 1755 exlex,
1844 1691 1968 1759 quia
1997 1691 2098 1762 hy-

514 1772 725 1838 pocrita
752 1790 871 1827 cum
901 1775 1145 1844 lcgaliter
1164 1791 1325 1848 agere
1379 1778 1648 1843 videatur,
1698 1795 1727 1832 a
1755 1780 1933 1833 divina
1964 1782 2094 1835 vivit

2208 608 2437 672 generat
2459 599 2707 665 Ammon,
2740 598 2794 654 id
2822 607 2905 653 est
2927 596 3109 669 pepuli
3152 599 3255 651 mei
3301 596 3492 665 lilium,
3535 596 3701 650 illius
3731 598 3814 649 vi-

2205 692 2424 757 delicet,
2452 689 2519 745 de
2547 705 2656 760 quo
2707 689 2947 745 dicitur:
3008 686 3321 742 Obliviscere
3358 685 3614 755 populum
3653 696 3813 738 tum

2205 782 2378 854 (Psal.
2413 798 2560 847 thv,
2599 781 2710 848 ll),
2741 780 2796 834 in
2825 795 2932 850 quo
2957 779 3143 848 utique
3178 776 3503 833 concrcvisti
3531 776 3811 830 vitiorum

2210 873 2524 927 tumultum.
2551 872 2607 926 lu
2634 871 2758 925 [iliis
2790 880 2971 926 autem
3001 884 3153 941 spem
3188 870 3420 924 maxime
3446 869 3815 938 propagatio-

2203 965 2289 1019 nis
2317 966 2580 1019 habemus
2623 980 2637 1029 ;
2680 963 3030 1033 pr0pagatrix
3084 976 3213 1017 vero
3243 962 3409 1016 totius
3433 961 3814 1030 malignitatis

2201 1058 2358 1128 quasi
2389 1056 2587 1112 intiniti
2616 1056 2797 1127 populi
2851 1054 3080 1109 avaritia
3123 1063 3229 1119 est,
3258 1062 3443 1124 utpote
3474 1068 3603 1121 quae
3642 1054 3815 1107 radix

2206 1146 2437 1203 omnium
2459 1145 2724 1199 malorum
2747 1154 2820 1198 est
2850 1143 2902 1214 (I
2935 1144 3071 1198 Tim.
3099 1159 3175 1209 vr,
3203 1143 3291 1214 10)
3318 1160 3333 1209 ;
3376 1142 3471 1197 sed
3513 1146 3813 1211 quomodo

2201 1234 2450 1297 avaritia,
2480 1233 2562 1290 vel
2594 1233 2889 1288 cenodoxia
2926 1241 3152 1303 generat
3198 1232 3454 1301 seipsam,
3489 1232 3811 1285 absurdum

2201 1324 2434 1391 videtur,
2467 1325 2513 1380 si
2544 1333 2747 1379 matres
2767 1335 2822 1379 et
2846 1324 2938 1377 ﬁlii
2967 1339 3065 1393 pro
3111 1321 3299 1378 eodem
3323 1331 3606 1392 ponantur
3637 1338 3654 1386 ;
3693 1322 3811 1377 hac

2199 1432 2330 1487 ergo
2364 1415 2507 1471 ratio
2535 1422 2671 1469 est:
2712 1413 2864 1468 Filia:
2921 1428 3040 1483 qua:
3087 1412 3359 1467 masculos
3406 1411 3672 1480 gignunt,
3726 1422 3812 1466 te-

2199 1524 2350 1563 nera:
2384 1516 2509 1562 sunt
2539 1508 2716 1577 primo
2738 1506 2934 1559 mentis
2958 1505 3285 1559 nutabunda:
3306 1503 3659 1568 adet-tiones,
3683 1520 3815 1573 qua:

2199 1598 2596 1654 audacissimos
2620 1612 2828 1667 magna:
2860 1595 3302 1666 prmsumptionis
3322 1604 3478 1649 actus
3506 1596 3813 1660 emittunt,

2202 1699 2261 1744 et
2290 1688 2517 1759 populos
2554 1687 2888 1742 imitatorum
2924 1685 3293 1755 exemplorum
3322 1686 3664 1740 auctoritate
3698 1687 3815 1739 sibi

2199 1787 2520 1850 congerunt,
2559 1778 2698 1833 sicut
2754 1776 2857 1832 illae
2888 1775 3155 1833 Moabitas
3197 1783 3250 1831 et
3280 1775 3639 1831 Ammonitas
3666 1791 3811 1846 εδει

519 1860 575 1915 in
629 1865 924 1934 semetipso
972 1867 1183 1922 alienus
1240 1867 1376 1938 lcgc,
1407 1877 1464 1923 et
1522 1877 1670 1924 tanto
1702 1871 1952 1939 nequius,
1981 1886 2088 1940 quo
2118 1867 2163 1923 Β
2195 1880 2339 1925 runt.

1762 1998 2011 2037 EXI‘LICIT
2051 1998 2207 2037 LIBER
2250 1996 2498 2045 QUINTUS.

513 2126 3180 2153 ιμ’-Ἢ

1380 2244 1385 2251 ’
1442 2288 1907 2380 INCIPIT
1978 2292 2345 2380 LIBER
2416 2289 2873 2381 SEXTUS

1226 2504 1975 2622 MORALIUM
2095 2507 2245 2621 IN
2360 2504 3020 2620 GENESIN.

583 2885 693 2958 78
716 2884 1011 2945 Fastidium
1040 2884 1240 2941 laboris
1267 2885 1371 2940 mei
1400 2886 1562 2952 levat,
1596 2889 1739 2955 quod
1764 2900 1793 2939 a
1817 2884 2092 2941 benevolis
2119 2866 2165 2930 (ἶ
2196 2879 2431 2951 Ceraris,
2485 2898 2609 2939 cum
2634 2900 2664 2938 a
2696 2882 2906 2939 ctelesti
2963 2895 3185 2957 torpens
3228 2886 3499 2943 desiderio
3553 2893 3799 2963 spiritus

514 2991 580 3032 ac
607 2977 860 3031 litteratis
885 2976 1122 3032 studiqu
1166 2991 1345 3031 meum
1375 2976 1593 3047 probari
1632 2978 1918 3032 considero
1948 2993 1963 3039 ;
1990 2992 2092 3033 nec

514 3069 695 3123 minus
718 3068 1069 3141 suffragatur,
1099 3072 1242 3139 quod
1274 3070 1632 3126 intentionem
1659 3070 1775 3140 ejus
1802 3074 2087 3137 universa),

509 3161 557 3215 si
586 3160 701 3216 ﬁeri
740 3173 942 3233 posset,
971 3162 1397 3219 Christianitatis
1419 3164 1626 3221 lucrum
1659 3167 1792 3221 scio.
1819 3166 2091 3224 Praeterea

515 3251 631 3307 sive
659 3254 848 3324 prosit,
873 3270 970 3310 seu
1012 3256 1261 3311 videatur
1318 3256 1530 3324 inutile,
1563 3258 1765 3329 aliquid
1813 3276 1901 3316 me
1949 3261 2087 3316 citra

512 3343 670 3397 tidem
695 3360 757 3399 ac
804 3360 1013 3401 morum
1060 3348 1401 3403 honestatem
1441 3348 1644 3405 dixisse
1677 3350 1976 3419 aestimans,
2020 3367 2090 3408 ex

507 3433 604 3490 Dei
628 3437 830 3492 auxilio
857 3441 1110 3510 prosequi
1136 3450 1315 3510 empta
1345 3442 1650 3499 destinaho.

1044 3544 1051 3551 '
1105 3530 1331 3586 CAP-UT
1364 3532 1483 3587 XX.

586 3616 750 3673 Vrsas.
782 3621 836 3684 1,
867 3621 923 3674 2.
953 3652 1024 3663 —
1056 3620 1337 3692 Profectus
1360 3626 1481 3680 inde
1508 3626 1774 3682 Abraham
1807 3629 1863 3684 in
1891 3639 2090 3684 terram

504 3708 812 3773 australem,
840 3711 1093 3766 habitavit
1135 3714 1271 3769 inter
1319 3715 1509 3780 Gades,
1540 3728 1588 3772 et
1619 3717 1752 3784 Sur,
1788 3729 1835 3773 et
1861 3721 2091 3791 peregri-

509 3812 664 3854 natus
685 3813 760 3855 est
809 3804 862 3856 in
914 3802 1147 3859 Cetat'is.
1182 3807 1430 3879 Dixitque
1473 3810 1537 3865 de
1562 3809 1699 3866 Sara
1744 3829 1907 3869 uxore
1943 3830 2086 3871 sua:

507 3890 673 3944 Soror
702 3910 817 3946 utea
844 3905 938 3948 est.
976 3895 1119 3950 Misit
1150 3914 1272 3967 ergo
1302 3898 1620 3967 Abimeleclt,
1650 3921 1744 3959 rea:
1776 3904 2012 3973 Geram,
2038 3918 2087 3964 et

513 3982 635 4034 tulit
657 4000 796 4037 eam.
851 3984 1127 4055 Superbas
1157 3999 1365 4045 mentes
1393 3999 1542 4047 tanto
1573 3993 1765 4050 intima
1788 4012 1909 4062 sua,
1929 3996 2087 4067 juxta

505 4073 649 4139 quod
713 4073 931 4145 legitur,
985 4077 1038 4131 in
1092 4080 1203 4134 vita
1257 4095 1352 4135 sua
1410 4093 1615 4139 certum
1666 4095 1751 4140 est
1798 4087 2084 4157 projicere,

505 4174 711 4231 quanto
768 4181 862 4221 eas
920 4179 1131 4224 constat
1181 4185 1280 4239 per
1333 4175 1666 4230 exteriorum
1717 4178 2085 4236 volubilitates

504 4255 741 4314 t-llluere.
776 4258 855 4316 De
880 4261 1111 4316 convalli
1158 4264 1339 4334 itaque
1371 4264 1635 4334 Mambre,
1666 4271 1732 4326 de
1762 4272 2082 4330 humilitatis

505 4350 747 4416 profecto
799 4354 1191 4423 depressione,
1246 4358 1300 4411 in
1353 4374 1457 4428 qua
1506 4361 1849 4420 discretionis
1893 4375 2084 4437 utpote

504 4440 648 4495 intra
674 4458 734 4497 se
763 4445 968 4514 degens
1018 4446 1299 4504 fruebatur
1330 4448 1532 4507 lumine
1564 4453 1837 4509 Abraham
1874 4466 2081 4524 noster,

497 4530 612 4599 jam
646 4534 727 4586 sui
754 4535 957 4590 oblitus
988 4538 1223 4594 numinis
1251 4541 1547 4608 egreditur,
1601 4553 1655 4598 et
1683 4545 1749 4598 ad
1774 4547 2083 4616 australem,

502 4625 856 4692 cupiditatum
887 4630 1091 4685 solibus
1149 4634 1555 4705 decoquendus,
1598 4640 1814 4694 excedit
1864 4651 2080 4709 terram,

501 4724 565 4772 ut
596 4727 800 4773 terram
852 4723 1050 4790 sapiat,
1104 4734 1158 4779 et
1207 4725 1317 4781 illic
1362 4729 1626 4795 avaritiae,
1684 4746 1747 4785 ac
1798 4732 2083 4789 libidinum

500 4806 658 4876 aquis
683 4807 914 4874 infusus,
938 4813 1155 4867 easdem
1207 4814 1401 4869 iterum
1429 4818 1598 4884 sitiat,
1622 4817 1777 4887 juxta
1817 4823 1960 4892 quod
1987 4823 2085 4877 Sa-

504 4899 790 4956 maritana:
838 4902 1098 4958 Dominus
1144 4907 1409 4961 enuntiat.
1464 4908 1615 4964 Inter
1664 4912 1834 4968 (Iade:
1886 4925 1933 4968 et
1975 4912 2085 4970 Sur

505 4989 740 5057 habitat,
772 4993 900 5049 dum
931 4994 1057 5050 hinc
1085 4996 1341 5065 cogitatio
1368 4997 1724 5068 intellectum,
1753 5002 1910 5072 quasi
1938 5019 2080 5073 quae

504 5085 630 5137 dam
667 5085 806 5139 tinea
844 5101 967 5140 eum
993 5100 1022 5140 a
1066 5094 1209 5140 statu
1261 5088 1350 5156 pio
1378 5087 1659 5145 dimovcns
1699 5101 1897 5159 vastat,
1939 5093 2086 5150 illinc

505 5177 769 5231 memoria
790 5178 1079 5247 praeteritae
1101 5193 1209 5248 qua
1243 5179 1490 5234 exhibuit
1537 5193 1728 5238 contra
1751 5184 1883 5239 vitia
1934 5183 2085 5241 forti-

502 5267 708 5324 tudinis
755 5279 1075 5339 coangustat
1112 5287 1127 5336 ;
1162 5268 1338 5325 Cades
1384 5271 1529 5326 enim
1583 5275 1861 5330 commotio
1907 5277 2081 5345 tinete,

501 5359 610 5413 Sur
637 5358 916 5427 fortitudo,
956 5358 1043 5414 vel
1083 5360 1332 5430 angustia
1380 5360 1620 5427 dicitur;
1654 5372 1830 5433 potest
1882 5378 1939 5421 et
1985 5381 2084 5437 per

500 5459 751 5505 rastrum
783 5460 937 5521 tepor
965 5452 1133 5508 animi
1168 5452 1362 5520 accipi,
1400 5470 1467 5511 ex
1495 5470 1605 5527 quo
1637 5456 1828 5528 ingens
1848 5473 2080 5516 consur-

506 5558 638 5608 gere
684 5541 821 5597 solet
865 5541 1047 5600 fervor
1074 5543 1143 5599 ad
1191 5544 1369 5601 studia
1412 5546 1616 5603 muli.
1648 5546 1802 5605 Unde
1830 5549 1884 5604 in
1933 5548 2075 5606 Job:

500 5634 863 5699 Considerate,
895 5635 1089 5707 inquit,
1145 5639 1359 5693 semitas
1409 5638 1663 5707 Theman,
1718 5642 1908 5697 itinera
1935 5642 2081 5703 Saba

503 5723 629 5795 (Job
674 5741 753 5794 vi,
796 5724 904 5795 19).
964 5726 1347 5800 Peregrinatur
1399 5731 1631 5804 denique
1679 5733 1954 5792 Abraham
2022 5734 2078 5790 in

2198 2983 2389 3029 noster
2419 2984 2681 3045 evagatur
2727 2975 2965 3031 molibus
3013 2977 3302 3047 superbis;
3359 2977 3561 3034 Gcrara
3590 2999 3799 3055 nempe

2192 3062 2393 3118 dicitur
2445 3063 2638 3120 Latine
2688 3066 2931 3119 colonum
2978 3066 3211 3137 ejiciens,
3260 3069 3313 3122 in
3358 3086 3466 3139 quo
3510 3075 3795 3145 praecipue

2192 3152 2445 3223 superbia
2478 3164 2715 3222 notatur,
2741 3170 2836 3225 per
2871 3172 3032 3225 quam
3063 3167 3118 3213 et
3156 3158 3404 3229 angelica
3455 3170 3506 3216 et
3521 3162 3785 3224 ,hmnana

2191 3252 2384 3299 natura
2437 3260 2467 3299 a
2516 3247 2734 3316 propria
2784 3247 3002 3317 regione
3065 3247 3422 3317 demittitur;
3474 3250 3776 3321 subjugalis

2190 3347 2324 3405 ergo
2350 3334 2440 3390 illa
2465 3334 2621 3403 Sara,
2656 3337 2904 3392 voluntas
2934 3338 3143 3394 scilicet
3197 3342 3394 3395 rationi
3431 3342 3529 3396 rite
3557 3342 3780 3399 addicta

2193 3423 2247 3479 in
2275 3438 2526 3479 sororem
2580 3426 2909 3494 admittitur,
2960 3428 3087 3483 dum
3116 3427 3170 3483 in
3201 3430 3526 3499 parilitatem
3550 3433 3785 3501 pestife-

2191 3529 2309 3569 ram
2340 3525 2651 3587 contempto
2704 3518 2946 3587 dominio
2975 3529 3235 3576 evocatur
3264 3538 3280 3588 ;
3346 3537 3447 3579 nec
3476 3524 3701 3591 mirum,
3737 3528 3785 3580 si

2190 3602 2467 3674 respuitur
2482 3620 2512 3659 a
2533 3607 2814 3664 voluntate
2830 3609 3144 3675 dominium,
3166 3628 3289 3667 cum
3312 3629 3465 3669 suum
3492 3614 3609 3685 ipsa
3636 3619 3788 3673 ratio

2191 3694 2453 3753 deﬁciens
2482 3699 2750 3770 abjurarit
2779 3702 3088 3774 imperium.
3141 3704 3457 3762 Abimelech
3509 3709 3788 3779 interpre-

2191 3796 2340 3844 tatur
2364 3800 2517 3860 pater
2537 3809 2683 3850 meus
2714 3812 2827 3861 rex,
2852 3810 2948 3851 rex
2976 3806 3157 3853 autem
3209 3798 3450 3855 Geraraz.
3491 3800 3594 3868 Qui
3643 3821 3790 3875 ergo

2189 3896 2302 3948 rex,
2327 3882 2442 3953 ipse
2480 3892 2631 3955 pater
2658 3886 2935 3943 hominem
2985 3904 3016 3943 a
3049 3888 3161 3945 Deo
3187 3889 3453 3959 ejicieutis
3481 3896 3786 3964 superbia;

2190 3971 2434 4030 diabolus
2473 3975 2701 4046 scilicet,
2760 3978 2854 4050 qui
2893 3986 2949 4036 et
2987 3988 3144 4050 pater
3171 3982 3436 4037 mendacii
3469 3986 3786 4052 appellatur

2189 4062 2371 4135 (Joan.
2396 4081 2515 4135 vin,
2535 4068 2651 4138 44),
2680 4086 2826 4125 meus
2872 4080 3076 4139 autem,
3104 4073 3171 4128 ad
3192 4088 3287 4129 eos
3324 4075 3416 4145 qui
3450 4076 3551 4131 sibi
3584 4094 3785 4149 super-

2187 4152 2278 4209 hia
2306 4157 2699 4229 mendacioque
2735 4160 2971 4231 pessima
2997 4159 3258 4220 liliatione
3305 4166 3659 4234 conveniunt,
3693 4185 3786 4226 re-

2112 4237 2163 4298 D
2186 4243 2385 4303 fertur.

2259 4337 2426 4394 Mittit
2458 4355 2590 4413 ergo
2619 4340 2954 4412 Abimelech,
2994 4352 3050 4400 et
3100 4344 3240 4401 tollit
3293 4360 3434 4413 eam,
3477 4362 3599 4402 cum
3652 4363 3785 4419 post

2187 4429 2534 4501 aliquantulm
2588 4434 2864 4506 religionis
2918 4437 3156 4493 studium
3219 4440 3459 4510 suggerit
3521 4440 3784 4499 diabolus

2187 4520 2441 4578 humanae
2462 4523 2725 4580 voluntati
2748 4526 2903 4597 quasi
2921 4527 3034 4599 jam
3057 4528 3160 4584 sibi
3192 4528 3388 4585 debita:
3440 4532 3782 4601 pmlatiouis

2188 4610 2442 4670 allectum
2493 4632 2509 4683 ;
2560 4618 2703 4674 unde
2757 4619 2937 4674 notari
3005 4622 3260 4677 convenit
3309 4622 3452 4678 inter
3492 4627 3783 4696 captiones

2189 4715 2443 4779 utrasque
2469 4710 2813 4777 distantiam,
2848 4727 2953 4784 qua
2987 4713 3288 4785 spiritualis
3313 4724 3501 4771 nostra
3521 4717 3782 4776 voluntas

2187 4797 2362 4854 instar
2422 4800 2571 4855 Sarae
2616 4803 2851 4872 primum
2900 4818 2932 4858 a
2966 4802 3251 4860 Pharaone
3301 4804 3357 4860 in
3400 4808 3780 4865 conversionis

2188 4886 2346 4945 initio
2369 4888 2692 4945 distrahitur
2713 4892 2780 4948 ad
2802 4892 3042 4963 pristina:
3056 4891 3438 4949 saecularitatis
3450 4893 3774 4966 Egyptum,

2185 4987 2242 5035 et
2267 4982 2611 5050 postmodum
2640 4982 2711 5039 ab
2735 4984 3050 5041 Ahimelech
3108 4998 3234 5055 rege
3271 4985 3493 5042 Gerara:
3521 5002 3629 5043 non
3664 4998 3777 5044 tam

2186 5082 2477 5144 superatur
2500 5090 2663 5145 quam
2713 5076 2781 5131 ad
2829 5076 3022 5132 horam
3079 5076 3283 5147 agitata
3330 5076 3599 5149 pulsatur,
3626 5081 3781 5138 unde

2186 5173 2238 5220 et
2265 5165 2335 5220 ab
2368 5165 2471 5220 hoc
2494 5166 2698 5223 intacta
2724 5166 3064 5239 perhibetur,
3109 5167 3176 5224 de
3203 5168 3486 5239 superiore
3516 5178 3773 5238 tacetur;

2189 5260 2394 5317 veteris
2447 5276 2682 5331 namque
2726 5260 3139 5318 consuetudinis
3184 5275 3360 5332 nuper
3407 5261 3614 5317 relicta:
3658 5278 3777 5317 me-

2184 5355 2359 5412 moria
2390 5372 2489 5413 nos
2529 5356 2793 5413 atrociter
2837 5355 3018 5411 irritat
3050 5354 3121 5410 ad
3175 5355 3327 5423 vitta,
3375 5356 3474 5412 sed
3511 5355 3774 5413 ecclesia-

2184 5449 2323 5505 stica
2352 5448 2593 5505 utilitate
2629 5446 2924 5520 provectis,
2978 5446 3134 5518 quasi
3185 5446 3414 5503 aliorum
3442 5462 3609 5503 causa
3638 5463 3773 5517 pro-

2187 5543 2361 5601 fectus
2385 5541 2719 5615 adipiscendi
2748 5548 3056 5612 pastoratus
3083 5540 3481 5612 quodammodo
3506 5554 3575 5595 ex
3598 5539 3771 5597 latere

2187 5653 2249 5694 sc
2296 5636 2454 5694 nobis
2504 5636 2756 5707 ingerunt
2810 5633 3112 5703 desideria,
3168 5633 3339 5691 multa
3392 5634 3578 5703 itaque
3622 5633 3768 5690 inter

2190 5741 2420 5802 utraque
2460 5729 2740 5791 distantia.
2789 5729 2930 5796 Sara
2974 5727 3207 5802 denique
3262 5728 3488 5802 tollitur,
3538 5741 3663 5804 cum
3694 5727 3769 5784 ad
