4108 6324
340 362 443 421 157

1574 372 1933 431 MORALIUM
1969 373 2034 431 1N
2070 373 2368 432 GENESIN
2402 372 2531 430 LIB.
2580 372 2663 431 Vl.

3518 368 3622 426 158

347 478 669 544 huiusmodi
718 485 1072 541 ambitionem
1124 501 1246 540 cum
1273 484 1455 542 favore
1500 488 1725 545 rationis
1769 491 1952 544 volun-
1980 494 2027 550 Α
2054 499 2108 544 et
2133 498 2370 562 externae
2400 490 2616 544 utilitati
2642 489 2894 559 princeps
2922 497 3095 551 est,ct
3119 501 3241 542 cum
3270 504 3298 541 a
3326 488 3525 542 carnali
3555 489 3624 541 li-

353 571 485 626 tatis
507 572 750 632 intentio
783 586 1197 643 transportatur.

430 662 597 717 Vsus.
633 664 691 731 3,
722 667 777 721 4.
806 698 879 709 -
926 668 1072 723 Venit
1126 678 1299 721 autem
1360 670 1497 724 Deus
1542 670 1611 724 ad
1662 673 1955 727 Abimelech

362 770 452 822 per
478 756 749 810 somnium
786 770 955 824 nocte,
983 768 1031 813 et
1077 760 1149 813 ait
1199 760 1287 813 ei:
1339 759 1422 813 En
1475 763 1711 816 mor'eris
1748 774 1957 832 propter

369 844 642 898 mulierem
698 864 860 917 quam
901 848 1113 911 tulisti;
1155 850 1305 901 habet
1333 851 1470 902 enim
1508 851 1695 904 cirum.
1744 851 1953 905 Abime-

373 932 479 987 lecti
506 951 627 987 vero
651 953 757 990 non
782 939 1018 1007 tetigerat
1058 954 1194 992 eam.
1243 937 1347 992 Per
1402 941 1661 992 somnium
1702 940 1839 994 Deus
1881 942 1951 995 ad

376 1026 672 1079 Abimelech
734 1030 889 1094 venit,
949 1045 1071 1083 cum
1131 1039 1367 1083 mentem
1418 1045 1447 1083 a
1499 1032 1951 1101 corruptibilium,

377 1116 872 1187 iorasticarumque
924 1135 1103 1173 rerum
1158 1135 1286 1173 cura
1336 1120 1691 1186 abstinemus,
1742 1131 1791 1175 et
1839 1122 1953 1176 sola

378 1206 725 1260 iuvisibilium
763 1209 1088 1276 cogitatione
1136 1220 1399 1274 tenemur,
1454 1211 1506 1263 in
1556 1226 1661 1279 quo
1694 1220 1950 1275 tractatu,

378 1294 484 1348 Deo
515 1306 800 1363 praesente,
831 1298 960 1366 quid
999 1299 1069 1351 sit
1098 1299 1327 1363 Gerara,
1361 1302 1490 1369 quid
1536 1316 1652 1367 rex,
1704 1302 1830 1369 quid
1859 1318 1953 1369 pa-

377 1386 609 1439 ternitas
640 1386 754 1451 illa,
789 1389 1019 1442 vidcmr.
1062 1389 1147 1444 Fit
1178 1405 1304 1444 vero
1342 1401 1513 1455 nocte,
1558 1393 1683 1446 dum
1731 1393 1786 1447 in
1839 1392 1950 1461 ipsa

380 1488 481 1541 qua
510 1475 796 1529 clariﬁcari
832 1478 1103 1532 desiderat
1124 1479 1261 1545 luce,
1288 1482 1592 1537 obscuritas
1618 1483 1952 1537 intellectua-

379 1558 504 1612 liter
525 1561 842 1628 pervidetur
870 1563 1158 1630 superbiae.
1192 1563 1455 1631 Morieris,
1502 1566 1694 1635 inquit,
1745 1577 1952 1636 promer

380 1648 649 1703 mulierem
698 1668 857 1721 quant
910 1652 1079 1706 tulisti
1110 1695 1124 1715 ,
1172 1656 1359 1709 mortis
1406 1658 1647 1726 profecto
1690 1659 1950 1728 supplicio

382 1739 561 1795 addici
589 1743 906 1808 mereberis,
939 1745 1039 1798 nisi
1070 1760 1098 1798 a
1125 1748 1368 1816 concepti
1400 1748 1568 1803 fastus
1592 1751 1948 1820 parturitioue

2060 574 2161 628 ber
2187 572 2387 628 affectu
2418 576 2482 628 ad
2508 575 2609 629 sibi
2635 574 3068 644 prospiciendum
3094 575 3367 644 ingenium
3394 590 3625 630 exacue—

2059 667 2161 727 rit,
2191 667 2449 734 quidquid
2482 675 2634 736 aget,
2668 666 2927 736 quidquid
2961 666 3342 729 meditabitur,
3371 665 3621 719 oratione

2056 756 2298 825 dignum,
2322 766 2374 811 et
2403 757 2553 810 vitali
2583 758 2802 825 praemio
2831 759 2963 822 erit;
2994 758 3135 826 quod
3165 759 3207 812 si
3245 758 3539 820 distuleris,
3566 758 3620 812 in

2056 847 2437 901 obstinationis
2466 855 2520 901 et
2547 847 2954 914 intpteniteutia:
2974 847 3621 914 iuseusibilitatem,quod

2054 944 2137 990 est
2171 950 2317 989 mors
2345 935 2566 1000 animm,
2607 950 2732 989 rues
2756 974 2770 1001 ,
2800 944 2854 989 et
2879 936 2923 989 si
2955 936 3082 1004 quid
3118 936 3211 990 tibi
3244 936 3366 990 boni
3400 937 3622 999 resedit,

2054 1025 2256 1095 pariter
2281 1026 2518 1080 amittes.

2127 1116 2287 1171 Vsus.
2312 1114 2366 1170 8.
2394 1146 2463 1157 ——
2488 1115 2784 1187 Statimque
2805 1115 2870 1170 de
2896 1127 3043 1168 nocte
3072 1132 3387 1185 consurgens
3411 1118 3620 1170 Abtme-

2051 1204 2183 1270 lech,
2205 1208 2400 1261 vocavit
2421 1224 2599 1261 omnes
2624 1194 2797 1260 servos
2824 1222 2972 1270 suos,
2994 1215 3040 1259 et
3061 1204 3263 1258 locutus
3284 1218 3357 1259 est
3380 1208 3621 1260 universa

2051 1294 2206 1348 verba
2229 1296 2340 1349 htec
2360 1296 2415 1349 in
2444 1297 2660 1348 auribus
2689 1311 2903 1361 eorum;
2928 1297 3312 1365 titnueruntque
3329 1312 3501 1349 omnes
3524 1297 3622 1349 viri

2050 1384 2219 1437 valde.
2253 1386 2546 1438 Abimelech
2576 1387 2640 1440 de
2670 1395 2819 1439 nocte
2850 1387 3154 1454 consurgit,
3191 1401 3311 1440 cum
3351 1387 3621 1454 superbia:

2053 1480 2250 1537 tuotus,
2276 1474 2366 1543 qui
2406 1490 2469 1527 ex
2503 1485 2658 1543 patre
2690 1489 2876 1528 revera
2907 1474 3121 1529 diabolo
3143 1483 3244 1539 est,
3270 1477 3335 1528 de
3362 1482 3621 1543 concepta

2051 1563 2295 1617 avaritiae
2317 1562 2647 1619 obscuritate
2678 1580 2736 1619 se
2778 1565 2974 1628 elevat,
3010 1580 3129 1634 quae
3156 1573 3361 1617 mentes
3389 1564 3624 1632 pruden-

2052 1654 2184 1708 tium
2209 1663 2458 1715 excaecat.
2485 1671 2659 1709 servos
2681 1672 2803 1709 suos
2818 1696 2832 1720 ,
2858 1656 2907 1709 id
2925 1667 3008 1709 est
3028 1655 3402 1726 cogitationes,
3427 1670 3544 1723 quae
3565 1654 3619 1705 in

2053 1747 2408 1816 suggerendis
2432 1747 2535 1801 sibi
2568 1748 2899 1801 vanitatibus
2928 1747 3259 1809 deserviunt,
3291 1748 3355 1799 ad
3389 1747 3623 1799 rationa-

380 1831 625 1899 desieris,
683 1849 805 1888 cum
853 1834 1184 1891 voluntatem
1235 1840 1459 1894 rationis
1498 1838 1607 1909 juri
1664 1857 1730 1895 ex
1768 1842 1950 1898 debito
1983 1837 2024 1895 Β
2055 1836 2235 1890 biliter
2258 1852 2446 1906 sapere
2471 1846 2753 1899 convocat,
2785 1845 2839 1890 et
2869 1851 2988 1905 qua:
3013 1834 3115 1890 sibi
3147 1837 3285 1889 Dens
3311 1834 3623 1902 iuspiraudo

381 1922 674 1991 subjectum
705 1925 796 1980 tibi
834 1943 867 1982 ο
889 1928 1116 1998 superba
1149 1931 1359 1986 vanitas
1409 1933 1597 1988 tuleris
1643 1935 1950 1991 meretricia

384 2016 757 2080 prostitutione
789 2015 1075 2073 ludendam
1110 2035 1126 2085 ;
1161 2020 1256 2075 sed
1304 2019 1441 2076 Sara
1488 2038 1516 2076 a
1546 2038 1672 2091 rege
1704 2039 1808 2078 non
1834 2032 1953 2078 tan-

393 2103 549 2171 gitur,
576 2120 691 2159 cum
732 2107 984 2162 voluntas
1025 2110 1244 2179 superbi
1278 2112 1546 2182 appetitus
1573 2107 1820 2169 effectum
1845 2130 1950 2169 non

394 2194 695 2261 experitur;
730 2196 851 2251 linis
874 2198 1015 2251 enim
1048 2200 1157 2270 79
1183 2201 1418 2257 notionis
1459 2212 1634 2258 tactus
1673 2214 1792 2269 est;
1824 2220 1948 2259 nam

385 2298 415 2337 a
442 2300 563 2352 rege
606 2293 914 2357 tanguntur,
957 2291 1046 2359 qui
1089 2291 1352 2346 honorum
1399 2293 1632 2349 culmina
1672 2310 1793 2366 qua:
1838 2311 1953 2350 aut-

382 2370 536 2428 biuut
574 2378 952 2446 quoquomodo
998 2390 1376 2451 assequuntur.

458 2465 619 2521 Vsus.
654 2468 794 2522 5.—
819 2469 889 2525 Et
910 2472 1021 2524 ait:
1052 2470 1294 2539 Domine,
1327 2490 1450 2528 num
1476 2485 1674 2546 gentem
1706 2478 1952 2547 ignoran-

384 2564 483 2608 tem
510 2567 559 2609 et
589 2559 794 2625 justant
834 2560 1157 2629 interficies.’
1195 2559 1386 2617 Nonne
1422 2566 1530 2633 ipse
1572 2566 1741 2620 dixit:
1784 2566 1954 2621 Soror

380 2661 491 2700 mea
518 2657 617 2712 est,
643 2656 693 2702 et
722 2648 833 2718 ipsa
863 2653 935 2703 ait
961 2666 979 2705 :
1011 2650 1203 2706 Frater
1226 2670 1371 2707 meus
1399 2664 1473 2708 est
1497 2656 1522 2709 .9
1544 2655 1733 2710 Divino
1760 2658 1952 2713 timore

386 2745 580 2792 attacta
612 2750 796 2795 nostra
827 2743 1200 2810 cervicositas,
1229 2745 1281 2799 in
1312 2745 1542 2815 seipsam
1573 2747 1803 2802 refracta
1842 2749 1952 2804 col-

384 2828 600 2899 ligitur;
627 2832 919 2902 colligitur,
946 2835 1184 2905 inquam,
1214 2838 1337 2893 dum
1365 2839 1429 2894 de
1458 2841 1639 2895 mundi
1664 2842 1949 2912 sapientia,

382 2938 499 2993 qua:
524 2940 634 2978 non
657 2926 758 2980 nisi
785 2927 995 2982 laudem
1019 2932 1212 3000 quaerit
1233 2942 1324 2985 aut
1346 2934 1710 2998 commodum,
1739 2950 1953 3006 quaque

385 3024 535 3068 extra
567 3016 628 3069 se
659 3018 1037 3086 spargebatur,
1077 3022 1143 3074 ad
1172 3019 1348 3076 felicis
1378 3023 1771 3079 coufessiouem
1800 3027 1953 3096 igno-

385 3105 573 3161 rantize
593 3122 757 3175 quam
788 3111 1368 3183 consequiturjustitia
1402 3117 1766 3186 restringitur.
1793 3117 1947 3186 Cum,

2054 1926 2369 1989 innotuerit,
2398 1925 2833 1981 intellectualiter
2860 1935 3064 1989 narrat,
3090 1933 3147 1977 ut
3175 1924 3415 1977 divinum
3443 1924 3524 1977 cis
3552 1923 3620 1976 ti—

2046 2032 2258 2071 morem
2287 2017 2532 2071 incutiat.

2128 2107 2287 2161 Vsus.
2301 2108 2429 2160 9.—
2440 2105 2649 2161 Vocavit
2670 2118 2842 2159 autem
2871 2106 3155 2171 Abraham,
3170 2116 3216 2159 et
3238 2106 3370 2160 dixit
3392 2107 3472 2159 ei:
3489 2104 3630 2170 Quid

2053 2198 2220 2267 fecisti
2236 2198 2383 2252 nobis
2398 2200 2423 2252 ?
2434 2198 2573 2264 Quid
2586 2198 2907 2267 peccavimus
2921 2198 2973 2250 in
2989 2208 3056 2261 te,
3069 2198 3191 2268 quia
3205 2197 3459 2250 indusiati
3472 2212 3629 2264 super

2053 2305 2133 2342 me
2157 2300 2203 2342 et
2224 2305 2382 2357 super
2402 2304 2615 2358 regnum
2637 2304 2803 2342 meum
2826 2298 3090 2357 peccatum
3113 2288 3347 2356 grande?
3368 2287 3498 2352 Qua:
3522 2303 3625 2339 non
3662 2344 3667 2345 ί

2050 2380 2272 2433 debuisti
2318 2379 2521 2448 facere,
2562 2380 2730 2449 fecisti
2763 2379 2909 2432 nobis
2935 2380 2961 2432 ?
2987 2378 3257 2432 Abraham
3287 2388 3472 2441 vocat,
3503 2392 3626 2431 cum

2053 2477 2195 2525 totas
2221 2470 2586 2542 intelligentia!
2633 2470 2731 2526 sibi
2766 2470 3093 2524 illustrandae
3141 2469 3281 2523 vires
3324 2470 3628 2524 acuminat:

2052 2561 2248 2625 Pansa,
2286 2564 2382 2623 ait,
2414 2562 2542 2632 quid
2568 2562 2765 2632 egeris,
2796 2575 2920 2614 cum
2951 2561 3017 2613 ad
3042 2568 3091 2613 te
3116 2563 3383 2629 pertineat
3414 2560 3621 2611 anima-

2056 2654 2135 2708 les
2175 2655 2591 2724 corporalesque
2629 2655 2814 2709 turbas
2851 2655 2921 2708 ob
2961 2654 3257 2724 ingenitam
3298 2653 3390 2707 tibi
3424 2652 3623 2722 ingenii

2054 2746 2399 2800 vivacitatem
2430 2746 2781 2815 restringere,
2809 2762 2912 2800 non
2939 2761 3039 2799 nos
3064 2746 3299 2800 motibus
3321 2745 3405 2800 bis
3433 2746 3621 2799 huma-

2056 2838 2202 2893 nitus
2228 2836 2557 2894 excedentes
2584 2847 2693 2892 tam
2723 2839 2776 2892 in
2808 2847 2861 2892 te
2887 2838 3256 2907 peccavimus,
3286 2853 3446 2908 quam
3485 2845 3538 2889 tu
3572 2836 3626 2889 in

2055 2946 2181 2995 nos,
2219 2931 2309 3001 qui
2358 2931 2434 2985 tui
2481 2931 2806 2986 auctoritate
2853 2930 3063 2984 arbitrii
3110 2931 3373 2985 debueras
3420 2929 3627 2984 rexisse

2054 3038 2153 3076 nos
2173 3062 2188 3085 ,
2220 3036 2283 3076 ac
2312 3020 2359 3076 si
2386 3020 2617 3076 diceret:
2650 3018 2710 3075 Si
2741 3035 2857 3082 me.
2888 3029 3095 3075 motum
3124 3019 3334 3075 scilicet
3359 3018 3628 3089 superbia:

2056 3113 2123 3166 ad
2161 3113 2351 3165 horam
2398 3110 2687 3166 admittere
2719 3124 2825 3162 nou
2860 3109 3124 3164 debueras
3147 3149 3164 3176 ,
3197 3122 3421 3177 regnum
3459 3120 3628 3176 quare

382 3196 576 3265 inquit,
612 3198 860 3265 Domine,
892 3181 1388 3271 quidquidtumide
1417 3181 1692 3274 εερίεδξιηι
1723 3217 1773 3262 ιο
1803 3181 1947 3278 δερίζ
1979 3181 2023 3240 (ἶ
2055 3200 2172 3269 ejus
2197 3199 2559 3255 damnationis
2587 3199 2949 3254 admittebas?
2999 3199 3076 3254 Ex
3116 3199 3220 3254 hoc
3258 3213 3388 3270 ergo
3423 3196 3627 3269 grande

385 3300 533 3343 rante
574 3289 873 3345 reﬂaverim
902 3331 917 3357 ,
949 3301 1004 3347 et
1036 3292 1189 3363 juxta
1221 3294 1537 3364 Apostolum
1587 3298 1811 3352 stultum
1865 3313 1951 3353 me

384 3376 492 3432 ﬁeri
525 3392 750 3449 propter
786 3382 951 3437 Deum
984 3384 1141 3438 velim
1172 3383 1223 3454 (1
1257 3385 1381 3440 Cor.
1413 3403 1467 3442 tv
1489 3428 1503 3454 ,
1537 3388 1660 3458 10),
1704 3398 1763 3444 ut
1792 3390 1952 3458 hujus

383 3470 700 3539 ignorantia:
730 3473 892 3538 cultu,
926 3490 1045 3545 qum
1076 3484 1251 3531 tamen
1277 3479 1614 3534 saecularium
1640 3496 1819 3536 rerum
1845 3492 1948 3551 est,

384 3575 495 3615 esse
510 3564 784 3632 particeps
801 3580 1046 3634 superine
1059 3570 1338 3636 sapientim
1354 3572 1495 3640 quod
1506 3572 1730 3641 justitia:
1742 3590 1948 3629 suunna

383 3662 478 3718 est,
512 3655 758 3722 possim;
792 3669 937 3723 cum,
971 3657 1216 3727 inquam,
1260 3660 1376 3715 hac
1420 3660 1661 3728 fecerim,
1707 3666 1949 3737 nunquid

384 3746 631 3816 ignorans
659 3749 762 3802 hoc
785 3751 965 3817 modo,
994 3752 1072 3807 sic
1095 3753 1329 3822 denique
1343 3754 1541 3825 justus,
1567 3757 1798 3813 interﬁci
1821 3775 1850 3813 a
1877 3770 1947 3827 te,

383 3839 468 3905 qui
489 3837 700 3905 justitia
726 3854 819 3908 es,
850 3844 1178 3899 meruerim?
1209 3846 1344 3899 Nam
1376 3847 1420 3901 si
1455 3849 1772 3918 deliquerim
1796 3892 1810 3915 ,
1842 3869 1949 3907 non

382 3930 607 3985 dilliteor
638 3932 880 4001 culpam,
912 3949 977 3989 ex
1009 3936 1173 3990 animi
1214 3938 1530 3994 confusione
1565 3941 1693 3995 mihi
1726 3943 1948 4011 accidit,

382 4023 466 4077 ubi
503 4039 604 4078 nec
639 4024 944 4079 intellectus
971 4037 1202 4095 praeerat
1225 4068 1241 4093 ,
1278 4044 1378 4085 nec
1414 4030 1661 4086 voluntas
1703 4035 1945 4102 parebat,

382 4114 471 4167 sed
500 4115 685 4183 potius
714 4116 910 4171 rationi
956 4118 1070 4188 ipsa
1107 4134 1212 4173 non
1246 4121 1406 4175 modo
1447 4120 1669 4190 indigna
1714 4125 1947 4192 quadam

380 4208 736 4273 germanitate
767 4222 949 4277 parem
976 4224 1035 4263 se
1063 4208 1287 4276 fecerat,
1318 4213 1411 4266 sed
1431 4213 1593 4266 etiam
1618 4215 1756 4268 ratio
1774 4215 1947 4271 eidem

382 4310 711 4368 praepostere
735 4302 897 4356 nimis
913 4305 1143 4358 obnoxia
1166 4314 1303 4360 crat.
1330 4306 1396 4360 In
1423 4308 1755 4377 simplicitate
1776 4313 1948 4367 cordis

382 4390 498 4451 mei,
526 4400 575 4443 et
604 4393 865 4445 munditia
896 4410 1146 4448 manuum
1178 4413 1413 4451 mearum
1451 4397 1551 4466 feci
1579 4399 1694 4453 hoc.
1732 4400 1949 4471 Simpli-

382 4482 514 4536 citas
536 4500 634 4554 pro
665 4485 908 4541 fatuitate
940 4489 1061 4556 poni
1090 4488 1245 4553 solet,
1271 4490 1395 4554 etsi,
1421 4492 1613 4560 inquit,
1644 4492 1698 4546 in
1723 4492 1944 4549 hebetu-

386 4574 503 4628 dine
525 4576 728 4640 cordis,
757 4577 807 4630 id
837 4587 922 4632 est
953 4578 1197 4643 rationis,
1231 4579 1433 4634 incurri
1462 4595 1728 4645 errorem,
1762 4591 1941 4638 tamen

383 4668 635 4721 mundam
668 4677 720 4721 te
744 4678 997 4723 servante
1033 4685 1248 4724 manum
1284 4670 1469 4737 habui,
1510 4686 1578 4725 nc
1612 4672 1666 4725 in
1713 4688 1941 4743 nequam

379 4771 723 4813 excurrerem
752 4760 1139 4829 operationem.

446 4850 609 4904 Vens.
634 4850 688 4914 6,
716 4850 855 4905 7.—
876 4851 1119 4921 Dixitque
1156 4852 1226 4905 ad
1254 4869 1371 4908 eum
1406 4853 1662 4911 Dominus
1688 4870 1707 4909 :
1743 4857 1813 4911 Et
1850 4875 1942 4928 ego

377 4939 477 4991 scio
502 4939 642 5008 quod
670 4940 893 5009 simplici
921 4943 1076 4994 corde
1105 4941 1321 5011 feceris,
1354 4953 1401 4996 et
1438 4944 1554 4999 ideo
1586 4948 1842 4999 custodivi
1872 4959 1941 5011 te,

378 5044 437 5083 ne
479 5046 722 5098 peccares
762 5032 818 5085 in
848 5047 946 5095 me,
980 5042 1027 5085 et
1060 5049 1164 5086 non
1205 5034 1410 5099 dimisi,
1450 5045 1504 5089 ut
1534 5046 1771 5105 (augeres
1809 5056 1939 5094 eam.

380 5118 532 5177 Nunc
569 5123 730 5193 igitur
767 5124 924 5177 redde
966 5140 1182 5178 uxorem
1228 5126 1337 5179 viro
1377 5143 1504 5191 suo,
1539 5136 1661 5198 qum
1694 5134 1944 5198 propheta

379 5223 485 5277 est,
513 5226 560 5269 et
582 5215 754 5269 orabit
775 5229 872 5283 pro
901 5224 950 5268 te
970 5254 985 5280 ,
1015 5225 1064 5270 et
1091 5216 1246 5271 cives.
1279 5216 1341 5271 Si
1363 5227 1536 5271 autem
1565 5220 1793 5273 nolueris
1824 5223 1945 5275 red-

375 5304 509 5369 dere,
534 5307 665 5360 scito
690 5306 832 5376 quod
864 5316 1028 5359 morte
1059 5309 1317 5372 morieris,
1350 5317 1404 5360 tu
1430 5317 1479 5361 et
1505 5311 1681 5362 omnia
1712 5326 1829 5378 qua!
1854 5322 1944 5364 tua

373 5403 507 5448 sunt.
536 5395 694 5462 Quia,
727 5395 929 5464 inquit,
955 5410 1138 5452 carnis
1162 5396 1498 5462 infirmitate,
1524 5406 1580 5452 et
1606 5401 1839 5454 humana
1869 5399 1945 5454 fa-

376 5484 562 5541 tuitate
589 5486 864 5556 peccasti,
899 5488 1151 5541 custodivi
1182 5497 1257 5552 te,
1286 5502 1355 5541 ne
1391 5488 1442 5541 in
1467 5502 1603 5557 opus
1621 5490 1940 5555 excederes;

372 5576 614 5642 superbia
639 5577 790 5630 enim
825 5575 1177 5643 peccantibus
1204 5585 1259 5631 et
1285 5577 1526 5633 scienter
1554 5588 1747 5649 puteus
1775 5580 1942 5635 ruina:

368 5675 528 5729 patet,
562 5667 658 5722 sed
695 5666 902 5720 marito
932 5666 1229 5722 intellectui
1264 5667 1558 5725 voluntatis
1590 5686 1738 5736 vagat
1773 5670 1942 5726 stmde

368 5760 649 5827 Culicem,
663 5762 796 5831 quia
811 5765 1061 5831 propheta
1084 5771 1177 5825 est,
1198 5761 1247 5816 id
1263 5771 1348 5815 est
1373 5764 1684 5832 providendi
1718 5764 1942 5820 interna:

2058 3291 2154 3346 tibi
2183 3297 2466 3361 peccaturo
2496 3289 2759 3355 incubuit,
2793 3305 2898 3343 non
2936 3299 3043 3344 tam
3079 3291 3204 3358 quia
3243 3304 3351 3357 me,
3379 3290 3474 3344 sed
3497 3290 3625 3359 quia

2055 3397 2279 3453 regnum
2305 3381 2523 3450 superbi
2550 3381 2763 3437 consilii
2795 3381 3153 3436 diuturnitate
3179 3395 3517 3450 susceperas.

2130 3474 2285 3528 Vens.
2317 3473 2402 3527 10.
2421 3472 2670 3538 —Qnid,
2700 3471 2892 3542 inquit,
2921 3472 3094 3527 vidisti
3124 3482 3179 3526 ut
3204 3473 3299 3527 hac
3324 3472 3545 3541 faceres,
3574 3470 3629 3525 id

2054 3577 2139 3621 est
2175 3582 2335 3635 quain
2379 3565 2539 3634 hujus
2573 3565 2646 3618 tui
2676 3565 2825 3633 pravi
2857 3579 3115 3619 assensus
3145 3565 3407 3619 rationem
3434 3565 3622 3619 affers.

2051 3687 2121 3698 -—-
2156 3657 2343 3727 (Vsus.
2376 3659 2462 3721 ιι.
2496 3655 2609 3727 η.)
2656 3656 2928 3726 Cogitavi,
2968 3657 3044 3711 ait
3079 3656 3385 3723 Abraham,
3426 3673 3628 3710 mecum

2051 3751 2230 3804 dicens
2254 3767 2272 3805 :
2301 3748 2461 3803 Forte
2485 3766 2588 3803 non
2614 3759 2688 3803 est
2716 3754 2874 3803 timor
2899 3748 2996 3804 Dei
3020 3750 3074 3803 in
3099 3750 3212 3803 loco
3236 3750 3356 3813 isto,
3388 3759 3436 3802 et
3460 3751 3623 3802 inter-

2051 3843 2227 3911 ﬁcient
2256 3859 2337 3896 me
2359 3851 2571 3911 propter
2602 3857 2820 3896 uxorem
2846 3857 3035 3895 meam.
3060 3840 3208 3894 Alias
3233 3850 3409 3893 autent
3434 3850 3480 3894 et
3512 3855 3626 3892 vere

2051 3949 2205 3987 soror
2228 3949 2345 3986 mea
2376 3941 2490 3995 est,
2522 3931 2638 4000 ﬁlia
2666 3932 2834 4000 patris
2870 3932 2971 3984 mei
2998 3969 3015 3995 ,
3057 3942 3103 3982 et
3137 3946 3239 3983 non
3285 3930 3396 3997 [ilia
3441 3930 3626 3982 matris

2054 4041 2183 4079 mea:
2205 4063 2221 4091 ,
2250 4034 2298 4078 et
2337 4024 2466 4077 duxi
2492 4039 2607 4077 eam
2635 4037 2871 4075 uxorem.
2904 4020 3078 4075 Locus
3112 4022 3359 4074 timorem
3391 4020 3484 4074 Dei
3518 4034 3627 4072 non

2054 4117 2280 4181 habens,
2318 4132 2414 4171 cor
2438 4126 2681 4170 nostrmu
2706 4124 2787 4171 est
2820 4115 3103 4185 tepiditate
3131 4115 3449 4177 marcidum,
3481 4114 3624 4180 quod

2053 4223 2241 4277 regere
2274 4223 2379 4263 non
2406 4209 2604 4272 audet,
2641 4222 2739 4270 nec
2776 4204 3067 4260 defendere
3105 4204 3397 4259 voluntatis
3430 4201 3622 4269 conju-

2050 4301 2222 4370 gium,
2251 4301 2375 4355 dum
2409 4300 2638 4355 interﬁci
2671 4314 2732 4355 se
2758 4300 2909 4353 timet
2932 4299 3132 4368 impetu
3169 4298 3546 4360 tentationum,
3572 4304 3628 4349 ct

2052 4401 2232 4448 tamen
2258 4395 2334 4447 ait
2357 4394 2515 4448 :Eam
2538 4393 2934 4462 quodammodo
2959 4406 3200 4447 sororem
3229 4406 3336 4445 non
3368 4388 3622 4450 difliteor,

2051 4486 2174 4537 dum
2198 4498 2267 4538 ex
2287 4484 2482 4537 diaboli
2511 4484 2680 4554 patris
2701 4484 3082 4553 propagatione
3103 4481 3255 4551 quasi
3281 4479 3622 4549 Belial,quod

2048 4573 2348 4642 estabsque
2362 4574 2513 4643 jugo,
2538 4573 2760 4627 liberam
2796 4572 3117 4626 voluntatem
3142 4570 3292 4625 abire
3317 4569 3515 4639 patior,
3532 4566 3625 4621 scd

2050 4683 2153 4720 non
2187 4667 2292 4720 lilia
2335 4667 2522 4719 matris
2552 4680 2683 4719 mea:
2708 4675 2924 4719 aeterna!
2947 4664 3224 4733 sapientiai
3261 4669 3381 4726 est,
3419 4675 3484 4714 ex
3520 4673 3626 4728 qua

2048 4759 2257 4828 suscepi
2294 4773 2554 4823 uxorem,
2588 4756 2741 4824 cujus
2777 4756 2960 4825 utique
2992 4751 3624 4824 originalia'documenta

2048 4850 2265 4906 tradunt
2299 4865 2383 4904 me
2424 4850 2563 4902 hanc
2597 4863 2701 4902 non
2734 4857 2790 4902 ut
2831 4861 3029 4917 parem,
3062 4855 3153 4899 aut
3180 4843 3451 4897 dominam
3476 4882 3489 4905 ,
3529 4840 3623 4897 scd

2049 4945 2247 4999 habere
2281 4943 2511 4998 maritali
2549 4940 2836 4996 severitate
2870 4940 3064 4993 debere
3109 4948 3166 4991 ut
3210 4936 3514 5008 coujugem.
3551 4958 3624 4970 —--

2048 5034 2237 5107 (Vsus.
2292 5033 2408 5104 15.)
2465 5032 2752 5103 Postquam
2793 5039 2966 5084 autem
3017 5029 3194 5082 eduxit
3238 5043 3318 5080 me
3365 5025 3503 5077 Deus
3553 5023 3618 5074 de

2047 5128 2200 5181 domo
2222 5127 2386 5197 patris
2414 5126 2533 5189 mei,
2556 5124 2668 5177 dixi
2689 5124 2758 5177 ad
2784 5138 2897 5177 eam
2913 5135 2932 5173 :
2956 5120 3104 5174 Hanc
3132 5118 3289 5186 facies
3313 5130 3508 5169 mecum
3530 5112 3625 5165 mi-

2046 5218 2406 5283 sericordiam,
2432 5216 2483 5269 in
2508 5216 2651 5269 omni
2678 5214 2792 5267 loco
2830 5213 2899 5265 ad
2919 5226 3069 5281 quem
3092 5208 3461 5278 ingrediantur,
3483 5205 3623 5258 dices

2045 5309 2184 5378 quod
2208 5308 2372 5376 frater
2386 5316 2506 5360 tuus
2526 5306 2646 5359 sint.
2669 5303 2746 5357 De
2769 5304 2922 5355 domo
2940 5301 3101 5367 patris
3125 5298 3291 5353 nostri
3316 5297 3619 5358 educitnur,

2042 5396 2266 5466 quando
2289 5396 2356 5449 de
2383 5392 2737 5456 conscientia,
2761 5406 2881 5459 qua:
2906 5389 3044 5457 patri
3069 5387 3281 5442 diabolo
3310 5386 3618 5441 conforma-

2050 5487 2230 5553 batur,
2276 5502 2372 5557 per
2411 5485 2806 5540 confessionem
2852 5480 3201 5549 egredimur;
3233 5478 3464 5533 dicimus
3486 5490 3617 5530 vero

2052 5587 2248 5633 nostra:
2276 5576 2540 5630 voluntati
2570 5582 2627 5628 ut
2655 5573 2933 5628 nobiscum
2970 5570 3133 5626 faciat
3177 5568 3617 5630 misericordiam,

2048 5684 2171 5724 cum
2194 5668 2345 5737 quasi
2370 5666 2743 5722 ratiocinando
2763 5663 3305 5734 sibisuggeritnus-ut
3326 5675 3430 5715 non
3454 5659 3620 5713 nimis

2050 5765 2272 5817 arduam
2322 5762 2545 5834 arripiat
2584 5761 2795 5841 vivendi
2842 5758 3081 5831 regulam
3114 5797 3131 5823 ,
3162 5757 3303 5816 unde
3337 5755 3403 5810 ad
3437 5754 3620 5811 locum
