  <div class='ocr_page' id='page_1' title='image "/cluster/home/n/w/nwhite01/storage/ocr_20150623/156/hvd.32044010683712/085.png"; bbox 0 0 4108 6324; ppageno 0'>
   <div class='ocr_carea' id='block_1_1' title="bbox 526 343 632 408">
    <p class='ocr_par' dir='ltr' id='par_1_1' title="bbox 526 343 632 408">
     <span class='ocr_line' id='line_1_1' title="bbox 526 343 632 408; baseline 0 0"><span class='ocrx_word' id='word_1_1' title='bbox 526 343 632 408; x_wconf 69' lang='lat'><strong>{59</strong></span> 
     </span>
    </p>
   </div>
   <div class='ocr_carea' id='block_1_2' title="bbox 1335 353 3034 415">
    <p class='ocr_par' dir='ltr' id='par_1_2' title="bbox 1335 353 3034 415">
     <span class='ocr_line' id='line_1_2' title="bbox 1335 353 3034 415; baseline 0.001 -5"><span class='ocrx_word' id='word_1_2' title='bbox 1335 358 1396 410; x_wconf 72' lang='grc' dir='ltr'><strong>ν.</strong></span> <span class='ocrx_word' id='word_1_3' title='bbox 1436 354 1762 411; x_wconf 74' lang='lat' dir='ltr'><strong>GCIBERTI</strong></span> <span class='ocrx_word' id='word_1_4' title='bbox 1801 353 2091 413; x_wconf 76' lang='lat' dir='ltr'><strong>ABBATIS</strong></span> <span class='ocrx_word' id='word_1_5' title='bbox 2132 354 2190 411; x_wconf 82' lang='lat' dir='ltr'><strong>S.</strong></span> <span class='ocrx_word' id='word_1_6' title='bbox 2236 355 2476 412; x_wconf 68' lang='grc' dir='ltr'><strong>ΜΑΒΙΑΕ</strong></span> <span class='ocrx_word' id='word_1_7' title='bbox 2515 356 2603 413; x_wconf 85' lang='lat' dir='ltr'><strong>DE</strong></span> <span class='ocrx_word' id='word_1_8' title='bbox 2641 356 3034 415; x_wconf 78' lang='lat' dir='ltr'><strong>NOVIGENTO</strong></span> 
     </span>
    </p>
   </div>
   <div class='ocr_carea' id='block_1_3' title="bbox 3689 352 3795 413">
    <p class='ocr_par' dir='ltr' id='par_1_3' title="bbox 3689 352 3795 413">
     <span class='ocr_line' id='line_1_3' title="bbox 3689 352 3795 413; baseline 0.038 -4"><span class='ocrx_word' id='word_1_9' title='bbox 3689 352 3795 413; x_wconf 75' lang='grc'><strong>160</strong></span> 
     </span>
    </p>
   </div>
   <div class='ocr_carea' id='block_1_4' title="bbox 523 466 3797 541">
    <p class='ocr_par' dir='ltr' id='par_1_4' title="bbox 523 466 3797 541">
     <span class='ocr_line' id='line_1_4' title="bbox 523 466 3797 541; baseline 0.003 -24"><span class='ocrx_word' id='word_1_10' title='bbox 523 466 726 519; x_wconf 90' lang='lat' dir='ltr'><strong>dicitur</strong></span> <span class='ocrx_word' id='word_1_11' title='bbox 753 468 983 537; x_wconf 93' lang='lat' dir='ltr'><strong>ingredi,</strong></span> <span class='ocrx_word' id='word_1_12' title='bbox 1011 467 1136 536; x_wconf 89' lang='lat' dir='ltr'><strong>quia</strong></span> <span class='ocrx_word' id='word_1_13' title='bbox 1161 481 1282 521; x_wconf 88' lang='lat' dir='ltr'><strong>cum</strong></span> <span class='ocrx_word' id='word_1_14' title='bbox 1313 466 1649 534; x_wconf 87' lang='lat' dir='ltr'><strong>propositum</strong></span> <span class='ocrx_word' id='word_1_15' title='bbox 1681 469 1854 523; x_wconf 89' lang='lat' dir='ltr'><strong>tenuis</strong></span> <span class='ocrx_word' id='word_1_16' title='bbox 1882 467 2109 537; x_wconf 83' lang='lat' dir='ltr'><strong>alicujus</strong></span> <span class='ocrx_word' id='word_1_17' title='bbox 2141 482 2182 539; x_wconf 75' lang='grc' dir='ltr'><strong>Α</strong></span> <span class='ocrx_word' id='word_1_18' title='bbox 2213 469 2509 537; x_wconf 90' lang='lat' dir='ltr'><strong>petulantia</strong></span> <span class='ocrx_word' id='word_1_19' title='bbox 2556 471 2699 525; x_wconf 87' lang='lat' dir='ltr'><strong>Deus</strong></span> <span class='ocrx_word' id='word_1_20' title='bbox 2739 479 2898 526; x_wconf 91' lang='lat' dir='ltr'><strong>sanat</strong></span> <span class='ocrx_word' id='word_1_21' title='bbox 2926 510 2941 536; x_wconf 92' lang='lat'><strong>,</strong></span> <span class='ocrx_word' id='word_1_22' title='bbox 2973 485 3098 526; x_wconf 90' lang='lat' dir='ltr'><strong>cum</strong></span> <span class='ocrx_word' id='word_1_23' title='bbox 3140 468 3412 541; x_wconf 89' lang='lat' dir='ltr'><strong>appetitus</strong></span> <span class='ocrx_word' id='word_1_24' title='bbox 3441 477 3493 525; x_wconf 90' lang='lat' dir='ltr'><strong>et</strong></span> <span class='ocrx_word' id='word_1_25' title='bbox 3544 469 3797 527; x_wconf 80' lang='lat' dir='ltr'><strong>lascivias</strong></span> 
     </span>
    </p>
   </div>
   <div class='ocr_carea' id='block_1_5' title="bbox 521 557 2107 628">
    <p class='ocr_par' dir='ltr' id='par_1_5' title="bbox 521 557 2107 628">
     <span class='ocr_line' id='line_1_5' title="bbox 521 557 2107 628; baseline 0.003 -18"><span class='ocrx_word' id='word_1_26' title='bbox 521 557 651 611; x_wconf 75' lang='lat' dir='ltr'><strong>vita:</strong></span> <span class='ocrx_word' id='word_1_27' title='bbox 676 573 828 613; x_wconf 89' lang='lat' dir='ltr'><strong>mens</strong></span> <span class='ocrx_word' id='word_1_28' title='bbox 858 558 1106 627; x_wconf 87' lang='lat' dir='ltr'><strong>languida</strong></span> <span class='ocrx_word' id='word_1_29' title='bbox 1134 557 1357 626; x_wconf 81' lang='lat' dir='ltr'><strong>coeperit</strong></span> <span class='ocrx_word' id='word_1_30' title='bbox 1381 559 1621 628; x_wconf 87' lang='lat' dir='ltr'><strong>aggredi,</strong></span> <span class='ocrx_word' id='word_1_31' title='bbox 1648 560 1767 615; x_wconf 82' lang='lat' dir='ltr'><strong>sine</strong></span> <span class='ocrx_word' id='word_1_32' title='bbox 1792 560 1899 615; x_wconf 93' lang='lat' dir='ltr'><strong>ullo</strong></span> <span class='ocrx_word' id='word_1_33' title='bbox 1924 562 2107 615; x_wconf 85' lang='lat' dir='ltr'><strong>melio-</strong></span> 
     </span>
    </p>
   </div>
   <div class='ocr_carea' id='block_1_6' title="bbox 522 650 2112 724">
    <p class='ocr_par' dir='ltr' id='par_1_6' title="bbox 522 650 2112 724">
     <span class='ocr_line' id='line_1_6' title="bbox 522 650 2112 724; baseline 0.004 -21"><span class='ocrx_word' id='word_1_34' title='bbox 522 652 680 705; x_wconf 89' lang='lat' dir='ltr'><strong>randi</strong></span> <span class='ocrx_word' id='word_1_35' title='bbox 724 650 989 707; x_wconf 89' lang='lat' dir='ltr'><strong>desiderio</strong></span> <span class='ocrx_word' id='word_1_36' title='bbox 1023 691 1036 714; x_wconf 91' lang='lat'><strong>,</strong></span> <span class='ocrx_word' id='word_1_37' title='bbox 1080 667 1141 704; x_wconf 88' lang='lat' dir='ltr'><strong>ac</strong></span> <span class='ocrx_word' id='word_1_38' title='bbox 1171 652 1214 703; x_wconf 89' lang='lat' dir='ltr'><strong>si</strong></span> <span class='ocrx_word' id='word_1_39' title='bbox 1262 650 1509 706; x_wconf 71' lang='lat' dir='ltr'><strong>localiter</strong></span> <span class='ocrx_word' id='word_1_40' title='bbox 1548 653 1686 707; x_wconf 89' lang='lat' dir='ltr'><strong>intra</strong></span> <span class='ocrx_word' id='word_1_41' title='bbox 1731 654 1967 724; x_wconf 89' lang='lat' dir='ltr'><strong>idipsum</strong></span> <span class='ocrx_word' id='word_1_42' title='bbox 1995 656 2112 709; x_wconf 86' lang='lat' dir='ltr'><strong>vult</strong></span> 
     </span>
    </p>
   </div>
   <div class='ocr_carea' id='block_1_7' title="bbox 522 740 2110 814">
    <p class='ocr_par' dir='ltr' id='par_1_7' title="bbox 522 740 2110 814">
     <span class='ocr_line' id='line_1_7' title="bbox 522 740 2110 814; baseline 0.003 -18"><span class='ocrx_word' id='word_1_43' title='bbox 522 742 826 806; x_wconf 91' lang='lat' dir='ltr'><strong>contineri,</strong></span> <span class='ocrx_word' id='word_1_44' title='bbox 862 752 915 795; x_wconf 91' lang='lat' dir='ltr'><strong>et</strong></span> <span class='ocrx_word' id='word_1_45' title='bbox 947 741 1068 794; x_wconf 85' lang='lat' dir='ltr'><strong>inde</strong></span> <span class='ocrx_word' id='word_1_46' title='bbox 1102 743 1333 811; x_wconf 85' lang='lat' dir='ltr'><strong>turpiter</strong></span> <span class='ocrx_word' id='word_1_47' title='bbox 1363 744 1566 798; x_wconf 84' lang='lat' dir='ltr'><strong>nolenti</strong></span> <span class='ocrx_word' id='word_1_48' title='bbox 1602 740 1867 814; x_wconf 79' lang='lat' dir='ltr'><strong>prolicere</strong></span> <span class='ocrx_word' id='word_1_49' title='bbox 1897 747 2110 801; x_wconf 87' lang='lat' dir='ltr'><strong>contin-</strong></span> 
     </span>
    </p>
   </div>
   <div class='ocr_carea' id='block_1_8' title="bbox 520 830 2109 907">
    <p class='ocr_par' dir='ltr' id='par_1_8' title="bbox 520 830 2109 907">
     <span class='ocr_line' id='line_1_8' title="bbox 520 830 2109 907; baseline 0.004 -22"><span class='ocrx_word' id='word_1_50' title='bbox 520 833 599 902; x_wconf 90' lang='lat' dir='ltr'><strong>git</strong></span> <span class='ocrx_word' id='word_1_51' title='bbox 628 848 767 901; x_wconf 62' lang='lat' dir='ltr'><strong>saepe</strong></span> <span class='ocrx_word' id='word_1_52' title='bbox 798 830 962 886; x_wconf 86' lang='lat' dir='ltr'><strong>relabi</strong></span> <span class='ocrx_word' id='word_1_53' title='bbox 991 849 1004 885; x_wconf 90' lang='lat'><strong><em>:</em></strong></span> <span class='ocrx_word' id='word_1_54' title='bbox 1039 832 1472 890; x_wconf 83' lang='lat' dir='ltr'><strong>misericordiam</strong></span> <span class='ocrx_word' id='word_1_55' title='bbox 1505 837 1687 906; x_wconf 79' lang='lat' dir='ltr'><strong>itaque</strong></span> <span class='ocrx_word' id='word_1_56' title='bbox 1718 837 1917 907; x_wconf 69' lang='lat' dir='ltr'><strong>przebet</strong></span> <span class='ocrx_word' id='word_1_57' title='bbox 1940 879 1955 905; x_wconf 90' lang='lat'><strong>,</strong></span> <span class='ocrx_word' id='word_1_58' title='bbox 1986 853 2109 893; x_wconf 91' lang='lat' dir='ltr'><strong>cum</strong></span> 
     </span>
    </p>
   </div>
   <div class='ocr_carea' id='block_1_9' title="bbox 517 920 1605 999">
    <p class='ocr_par' dir='ltr' id='par_1_9' title="bbox 517 920 1605 999">
     <span class='ocr_line' id='line_1_9' title="bbox 517 920 1605 999; baseline 0.007 -27"><span class='ocrx_word' id='word_1_59' title='bbox 517 921 630 991; x_wconf 78' lang='lat'><strong>80</strong></span> <span class='ocrx_word' id='word_1_60' title='bbox 662 922 898 974; x_wconf 68' lang='lat' dir='ltr'><strong>remissa:</strong></span> <span class='ocrx_word' id='word_1_61' title='bbox 934 920 1124 975; x_wconf 78' lang='lat' dir='ltr'><strong>rationi</strong></span> <span class='ocrx_word' id='word_1_62' title='bbox 1161 923 1408 979; x_wconf 72' lang='lat' dir='ltr'><strong>voluntas</strong></span> <span class='ocrx_word' id='word_1_63' title='bbox 1434 925 1605 999; x_wconf 76' lang='lat' dir='ltr'><strong>favet.</strong></span> 
     </span>
    </p>
   </div>
   <div class='ocr_carea' id='block_1_10' title="bbox 596 1011 2108 1086">
    <p class='ocr_par' dir='ltr' id='par_1_10' title="bbox 596 1011 2108 1086">
     <span class='ocr_line' id='line_1_10' title="bbox 596 1011 2108 1086; baseline 0.008 -24"><span class='ocrx_word' id='word_1_64' title='bbox 596 1011 1045 1075; x_wconf 68' lang='lat' dir='ltr'><strong>Vens.14,15.—</strong></span> <span class='ocrx_word' id='word_1_65' title='bbox 1063 1012 1200 1066; x_wconf 88' lang='lat' dir='ltr'><strong>Tulit</strong></span> <span class='ocrx_word' id='word_1_66' title='bbox 1223 1015 1691 1085; x_wconf 82' lang='lat' dir='ltr'><strong>igiturAbimelech</strong></span> <span class='ocrx_word' id='word_1_67' title='bbox 1724 1035 1839 1073; x_wconf 81' lang='lat' dir='ltr'><strong>oves</strong></span> <span class='ocrx_word' id='word_1_68' title='bbox 1866 1030 1913 1073; x_wconf 89' lang='lat' dir='ltr'><strong>et</strong></span> <span class='ocrx_word' id='word_1_69' title='bbox 1940 1020 2108 1086; x_wconf 85' lang='lat' dir='ltr'><strong>boves,</strong></span> 
     </span>
    </p>
   </div>
   <div class='ocr_carea' id='block_1_11' title="bbox 515 1103 2110 1181">
    <p class='ocr_par' dir='ltr' id='par_1_11' title="bbox 515 1103 2110 1181">
     <span class='ocr_line' id='line_1_11' title="bbox 515 1103 2110 1181; baseline 0.009 -28"><span class='ocrx_word' id='word_1_70' title='bbox 515 1116 689 1173; x_wconf 80' lang='lat' dir='ltr'><strong>servos</strong></span> <span class='ocrx_word' id='word_1_71' title='bbox 726 1110 773 1154; x_wconf 89' lang='lat' dir='ltr'><strong>et</strong></span> <span class='ocrx_word' id='word_1_72' title='bbox 813 1103 1037 1157; x_wconf 78' lang='lat' dir='ltr'><strong>ancillas</strong></span> <span class='ocrx_word' id='word_1_73' title='bbox 1057 1145 1070 1169; x_wconf 95' lang='lat'><strong>,</strong></span> <span class='ocrx_word' id='word_1_74' title='bbox 1106 1114 1153 1159; x_wconf 89' lang='lat' dir='ltr'><strong>et</strong></span> <span class='ocrx_word' id='word_1_75' title='bbox 1186 1106 1327 1159; x_wconf 80' lang='lat' dir='ltr'><strong>dedit</strong></span> <span class='ocrx_word' id='word_1_76' title='bbox 1357 1108 1621 1162; x_wconf 71' lang='lat' dir='ltr'><strong>Abraham</strong></span> <span class='ocrx_word' id='word_1_77' title='bbox 1654 1125 1673 1163; x_wconf 92' lang='lat'><strong><em>:</em></strong></span> <span class='ocrx_word' id='word_1_78' title='bbox 1706 1110 2030 1181; x_wconf 85' lang='lat' dir='ltr'><strong>reddiditque</strong></span> <span class='ocrx_word' id='word_1_79' title='bbox 2062 1111 2110 1166; x_wconf 82' lang='lat' dir='ltr'><strong>ei</strong></span> 
     </span>
    </p>
   </div>
   <div class='ocr_carea' id='block_1_12' title="bbox 517 1189 2109 1260">
    <p class='ocr_par' dir='ltr' id='par_1_12' title="bbox 517 1189 2109 1260">
     <span class='ocr_line' id='line_1_12' title="bbox 517 1189 2109 1260; baseline 0.007 -15"><span class='ocrx_word' id='word_1_80' title='bbox 517 1189 711 1245; x_wconf 90' lang='lat' dir='ltr'><strong>Saram</strong></span> <span class='ocrx_word' id='word_1_81' title='bbox 746 1210 964 1247; x_wconf 75' lang='lat' dir='ltr'><strong>uxorem</strong></span> <span class='ocrx_word' id='word_1_82' title='bbox 994 1212 1168 1260; x_wconf 90' lang='lat' dir='ltr'><strong>suam,</strong></span> <span class='ocrx_word' id='word_1_83' title='bbox 1202 1209 1247 1250; x_wconf 89' lang='lat' dir='ltr'><strong>et</strong></span> <span class='ocrx_word' id='word_1_84' title='bbox 1278 1199 1349 1251; x_wconf 89' lang='lat' dir='ltr'><strong>ait</strong></span> <span class='ocrx_word' id='word_1_85' title='bbox 1375 1215 1393 1251; x_wconf 89' lang='lat'><strong><em>:</em></strong></span> <span class='ocrx_word' id='word_1_86' title='bbox 1426 1198 1587 1253; x_wconf 87' lang='lat' dir='ltr'><strong>Terra</strong></span> <span class='ocrx_word' id='word_1_87' title='bbox 1612 1217 1792 1255; x_wconf 86' lang='lat' dir='ltr'><strong>coram</strong></span> <span class='ocrx_word' id='word_1_88' title='bbox 1824 1201 1962 1255; x_wconf 75' lang='lat' dir='ltr'><strong>vobis</strong></span> <span class='ocrx_word' id='word_1_89' title='bbox 1992 1212 2109 1256; x_wconf 87' lang='lat' dir='ltr'><strong>est:</strong></span> 
     </span>
    </p>
   </div>
   <div class='ocr_carea' id='block_1_13' title="bbox 516 1287 2109 1361">
    <p class='ocr_par' dir='ltr' id='par_1_13' title="bbox 516 1287 2109 1361">
     <span class='ocr_line' id='line_1_13' title="bbox 516 1287 2109 1361; baseline 0.008 -22"><span class='ocrx_word' id='word_1_90' title='bbox 516 1287 810 1357; x_wconf 76' lang='lat' dir='ltr'><strong>ubicunque</strong></span> <span class='ocrx_word' id='word_1_91' title='bbox 835 1290 930 1341; x_wconf 82' lang='lat' dir='ltr'><strong>tibi</strong></span> <span class='ocrx_word' id='word_1_92' title='bbox 950 1290 1206 1358; x_wconf 86' lang='lat' dir='ltr'><strong>placuerit</strong></span> <span class='ocrx_word' id='word_1_93' title='bbox 1230 1292 1435 1346; x_wconf 82' lang='lat' dir='ltr'><strong>habita.</strong></span> <span class='ocrx_word' id='word_1_94' title='bbox 1465 1294 1782 1349; x_wconf 87' lang='lat' dir='ltr'><strong>Abitnelech</strong></span> <span class='ocrx_word' id='word_1_95' title='bbox 1811 1294 1966 1361; x_wconf 91' lang='lat' dir='ltr'><strong>tollit,</strong></span> <span class='ocrx_word' id='word_1_96' title='bbox 1987 1310 2109 1351; x_wconf 91' lang='lat' dir='ltr'><strong>cum</strong></span> 
     </span>
    </p>
   </div>
   <div class='ocr_carea' id='block_1_14' title="bbox 519 1378 2111 1457">
    <p class='ocr_par' dir='ltr' id='par_1_14' title="bbox 519 1378 2111 1457">
     <span class='ocr_line' id='line_1_14' title="bbox 519 1378 2111 1457; baseline 0.008 -27"><span class='ocrx_word' id='word_1_97' title='bbox 519 1378 719 1432; x_wconf 85' lang='lat' dir='ltr'><strong>rationi</strong></span> <span class='ocrx_word' id='word_1_98' title='bbox 756 1380 963 1434; x_wconf 92' lang='lat' dir='ltr'><strong>tollenti</strong></span> <span class='ocrx_word' id='word_1_99' title='bbox 994 1381 1242 1437; x_wconf 79' lang='lat' dir='ltr'><strong>diabolus</strong></span> <span class='ocrx_word' id='word_1_100' title='bbox 1268 1383 1535 1453; x_wconf 71' lang='lat' dir='ltr'><strong>superbire</strong></span> <span class='ocrx_word' id='word_1_101' title='bbox 1570 1385 1845 1451; x_wconf 88' lang='lat' dir='ltr'><strong>incentor,</strong></span> <span class='ocrx_word' id='word_1_102' title='bbox 1885 1386 1968 1440; x_wconf 90' lang='lat' dir='ltr'><strong>vel</strong></span> <span class='ocrx_word' id='word_1_103' title='bbox 1994 1388 2111 1457; x_wconf 84' lang='lat' dir='ltr'><strong>ipsa</strong></span> 
     </span>
    </p>
   </div>
   <div class='ocr_carea' id='block_1_15' title="bbox 519 1470 2110 1549">
    <p class='ocr_par' dir='ltr' id='par_1_15' title="bbox 519 1470 2110 1549">
     <span class='ocr_line' id='line_1_15' title="bbox 519 1470 2110 1549; baseline 0.006 -25"><span class='ocrx_word' id='word_1_104' title='bbox 519 1470 770 1539; x_wconf 83' lang='lat' dir='ltr'><strong>superbia</strong></span> <span class='ocrx_word' id='word_1_105' title='bbox 802 1488 905 1526; x_wconf 91' lang='lat' dir='ltr'><strong>non</strong></span> <span class='ocrx_word' id='word_1_106' title='bbox 939 1475 1296 1540; x_wconf 88' lang='lat' dir='ltr'><strong>contradicit,</strong></span> <span class='ocrx_word' id='word_1_107' title='bbox 1332 1477 1473 1531; x_wconf 89' lang='lat' dir='ltr'><strong>unde</strong></span> <span class='ocrx_word' id='word_1_108' title='bbox 1510 1485 1631 1532; x_wconf 89' lang='lat' dir='ltr'><strong>est:</strong></span> <span class='ocrx_word' id='word_1_109' title='bbox 1676 1478 1741 1532; x_wconf 90' lang='lat' dir='ltr'><strong>Et</strong></span> <span class='ocrx_word' id='word_1_110' title='bbox 1778 1479 1960 1533; x_wconf 86' lang='lat' dir='ltr'><strong>vinctis</strong></span> <span class='ocrx_word' id='word_1_111' title='bbox 1996 1480 2110 1549; x_wconf 87' lang='lat' dir='ltr'><strong>ejus</strong></span> 
     </span>
    </p>
   </div>
   <div class='ocr_carea' id='block_1_16' title="bbox 521 1562 2109 1638">
    <p class='ocr_par' dir='ltr' id='par_1_16' title="bbox 521 1562 2109 1638">
     <span class='ocr_line' id='line_1_16' title="bbox 521 1562 2109 1638; baseline 0.008 -25"><span class='ocrx_word' id='word_1_112' title='bbox 521 1577 623 1615; x_wconf 89' lang='lat' dir='ltr'><strong>non</strong></span> <span class='ocrx_word' id='word_1_113' title='bbox 644 1563 845 1631; x_wconf 87' lang='lat' dir='ltr'><strong>aperuit</strong></span> <span class='ocrx_word' id='word_1_114' title='bbox 866 1579 1125 1618; x_wconf 89' lang='lat' dir='ltr'><strong>carcerem</strong></span> <span class='ocrx_word' id='word_1_115' title='bbox 1148 1562 1282 1634; x_wconf 89' lang='lat' dir='ltr'><strong>(Isa.</strong></span> <span class='ocrx_word' id='word_1_116' title='bbox 1308 1582 1416 1631; x_wconf 69' lang='lat' dir='ltr'><strong>xxv,</strong></span> <span class='ocrx_word' id='word_1_117' title='bbox 1445 1568 1531 1637; x_wconf 81' lang='lat' dir='ltr'><strong>l7)</strong></span> <span class='ocrx_word' id='word_1_118' title='bbox 1555 1609 1570 1633; x_wconf 95' lang='lat'><strong>,</strong></span> <span class='ocrx_word' id='word_1_119' title='bbox 1598 1569 1741 1638; x_wconf 89' lang='lat' dir='ltr'><strong>quod</strong></span> <span class='ocrx_word' id='word_1_120' title='bbox 1764 1577 1869 1633; x_wconf 90' lang='lat' dir='ltr'><strong>est,</strong></span> <span class='ocrx_word' id='word_1_121' title='bbox 1893 1569 2109 1625; x_wconf 87' lang='lat' dir='ltr'><strong>clausit.</strong></span> 
     </span>
    </p>
   </div>
   <div class='ocr_carea' id='block_1_17' title="bbox 522 1652 2111 1736">
    <p class='ocr_par' dir='ltr' id='par_1_17' title="bbox 522 1652 2111 1736">
     <span class='ocr_line' id='line_1_17' title="bbox 522 1652 2111 1736; baseline 0.009 -31"><span class='ocrx_word' id='word_1_122' title='bbox 522 1652 682 1707; x_wconf 85' lang='lat' dir='ltr'><strong>Ratio</strong></span> <span class='ocrx_word' id='word_1_123' title='bbox 725 1663 903 1710; x_wconf 89' lang='lat' dir='ltr'><strong>autem</strong></span> <span class='ocrx_word' id='word_1_124' title='bbox 946 1673 1063 1711; x_wconf 84' lang='lat' dir='ltr'><strong>oves</strong></span> <span class='ocrx_word' id='word_1_125' title='bbox 1108 1658 1282 1723; x_wconf 88' lang='lat' dir='ltr'><strong>tollit,</strong></span> <span class='ocrx_word' id='word_1_126' title='bbox 1327 1676 1448 1715; x_wconf 92' lang='lat' dir='ltr'><strong>cum</strong></span> <span class='ocrx_word' id='word_1_127' title='bbox 1494 1664 1561 1718; x_wconf 91' lang='lat' dir='ltr'><strong>ab</strong></span> <span class='ocrx_word' id='word_1_128' title='bbox 1606 1664 1907 1721; x_wconf 87' lang='lat' dir='ltr'><strong>intentione</strong></span> <span class='ocrx_word' id='word_1_129' title='bbox 1942 1666 2111 1736; x_wconf 84' lang='lat' dir='ltr'><strong>adipi-</strong></span> 
     </span>
    </p>
   </div>
   <div class='ocr_carea' id='block_1_18' title="bbox 514 1744 2110 1825">
    <p class='ocr_par' dir='ltr' id='par_1_18' title="bbox 514 1744 2110 1825">
     <span class='ocr_line' id='line_1_18' title="bbox 514 1744 2110 1825; baseline 0.01 -30"><span class='ocrx_word' id='word_1_130' title='bbox 514 1744 699 1797; x_wconf 89' lang='lat' dir='ltr'><strong>scendi</strong></span> <span class='ocrx_word' id='word_1_131' title='bbox 732 1744 959 1802; x_wconf 86' lang='lat' dir='ltr'><strong>honoris</strong></span> <span class='ocrx_word' id='word_1_132' title='bbox 993 1747 1360 1817; x_wconf 51' lang='lat' dir='ltr'><strong>impendenda“.</strong></span> <span class='ocrx_word' id='word_1_133' title='bbox 1390 1751 1651 1808; x_wconf 86' lang='lat' dir='ltr'><strong>beneficia</strong></span> <span class='ocrx_word' id='word_1_134' title='bbox 1679 1755 1962 1810; x_wconf 90' lang='lat' dir='ltr'><strong>cbaritatis</strong></span> <span class='ocrx_word' id='word_1_135' title='bbox 1990 1771 2110 1825; x_wconf 70' lang='lat' dir='ltr'><strong>quat</strong></span> 
     </span>
    </p>
   </div>
   <div class='ocr_carea' id='block_1_19' title="bbox 2210 558 3797 630">
    <p class='ocr_par' dir='ltr' id='par_1_19' title="bbox 2210 558 3797 630">
     <span class='ocr_line' id='line_1_19' title="bbox 2210 558 3797 630; baseline 0.002 -17"><span class='ocrx_word' id='word_1_136' title='bbox 2210 559 2475 614; x_wconf 86' lang='lat' dir='ltr'><strong>animales</strong></span> <span class='ocrx_word' id='word_1_137' title='bbox 2505 558 2572 613; x_wconf 91' lang='lat' dir='ltr'><strong>ad</strong></span> <span class='ocrx_word' id='word_1_138' title='bbox 2603 561 2781 630; x_wconf 89' lang='lat' dir='ltr'><strong>potius</strong></span> <span class='ocrx_word' id='word_1_139' title='bbox 2813 561 2866 614; x_wconf 90' lang='lat' dir='ltr'><strong>in</strong></span> <span class='ocrx_word' id='word_1_140' title='bbox 2895 575 2955 615; x_wconf 86' lang='lat' dir='ltr'><strong>se</strong></span> <span class='ocrx_word' id='word_1_141' title='bbox 2994 560 3371 614; x_wconf 87' lang='lat' dir='ltr'><strong>delectandum</strong></span> <span class='ocrx_word' id='word_1_142' title='bbox 3412 570 3706 623; x_wconf 83' lang='lat' dir='ltr'><strong>convocat,</strong></span> <span class='ocrx_word' id='word_1_143' title='bbox 3741 571 3797 616; x_wconf 83' lang='lat' dir='ltr'><strong>et</strong></span> 
     </span>
    </p>
   </div>
   <div class='ocr_carea' id='block_1_20' title="bbox 2207 649 3799 721">
    <p class='ocr_par' dir='ltr' id='par_1_20' title="bbox 2207 649 3799 721">
     <span class='ocr_line' id='line_1_20' title="bbox 2207 649 3799 721; baseline 0.002 -21"><span class='ocrx_word' id='word_1_144' title='bbox 2207 649 2445 719; x_wconf 85' lang='lat' dir='ltr'><strong>pariunt,</strong></span> <span class='ocrx_word' id='word_1_145' title='bbox 2460 649 2586 703; x_wconf 91' lang='lat' dir='ltr'><strong>dum</strong></span> <span class='ocrx_word' id='word_1_146' title='bbox 2610 664 2851 704; x_wconf 88' lang='lat' dir='ltr'><strong>amorem</strong></span> <span class='ocrx_word' id='word_1_147' title='bbox 2880 650 3018 704; x_wconf 87' lang='lat' dir='ltr'><strong>bene</strong></span> <span class='ocrx_word' id='word_1_148' title='bbox 3040 649 3232 719; x_wconf 85' lang='lat' dir='ltr'><strong>agendi</strong></span> <span class='ocrx_word' id='word_1_149' title='bbox 3257 651 3599 721; x_wconf 83' lang='lat' dir='ltr'><strong>concipiunt;</strong></span> <span class='ocrx_word' id='word_1_150' title='bbox 3625 665 3799 720; x_wconf 89' lang='lat' dir='ltr'><strong>quan-</strong></span> 
     </span>
    </p>
   </div>
   <div class='ocr_carea' id='block_1_21' title="bbox 2209 739 3796 812">
    <p class='ocr_par' dir='ltr' id='par_1_21' title="bbox 2209 739 3796 812">
     <span class='ocr_line' id='line_1_21' title="bbox 2209 739 3796 812; baseline 0.002 -20"><span class='ocrx_word' id='word_1_151' title='bbox 2209 740 2298 794; x_wconf 90' lang='lat' dir='ltr'><strong>diu</strong></span> <span class='ocrx_word' id='word_1_152' title='bbox 2324 756 2557 811; x_wconf 83' lang='lat' dir='ltr'><strong>namque</strong></span> <span class='ocrx_word' id='word_1_153' title='bbox 2580 741 2831 797; x_wconf 87' lang='lat' dir='ltr'><strong>voluntas</strong></span> <span class='ocrx_word' id='word_1_154' title='bbox 2849 756 2946 812; x_wconf 88' lang='lat' dir='ltr'><strong>per</strong></span> <span class='ocrx_word' id='word_1_155' title='bbox 2970 739 3239 797; x_wconf 89' lang='lat' dir='ltr'><strong>desideria</strong></span> <span class='ocrx_word' id='word_1_156' title='bbox 3261 741 3567 796; x_wconf 87' lang='lat' dir='ltr'><strong>adulterina</strong></span> <span class='ocrx_word' id='word_1_157' title='bbox 3597 742 3796 796; x_wconf 90' lang='lat' dir='ltr'><strong>distra-</strong></span> 
     </span>
    </p>
   </div>
   <div class='ocr_carea' id='block_1_22' title="bbox 2211 830 3800 898">
    <p class='ocr_par' dir='ltr' id='par_1_22' title="bbox 2211 830 3800 898">
     <span class='ocr_line' id='line_1_22' title="bbox 2211 830 3800 898; baseline -0.002 -13"><span class='ocrx_word' id='word_1_158' title='bbox 2211 830 2388 895; x_wconf 88' lang='lat' dir='ltr'><strong>hitur,</strong></span> <span class='ocrx_word' id='word_1_159' title='bbox 2420 831 2579 885; x_wconf 87' lang='lat' dir='ltr'><strong>vulva</strong></span> <span class='ocrx_word' id='word_1_160' title='bbox 2624 833 2852 898; x_wconf 88' lang='lat' dir='ltr'><strong>domus,</strong></span> <span class='ocrx_word' id='word_1_161' title='bbox 2897 832 2949 887; x_wconf 89' lang='lat' dir='ltr'><strong>id</strong></span> <span class='ocrx_word' id='word_1_162' title='bbox 2992 842 3077 888; x_wconf 90' lang='lat' dir='ltr'><strong>est</strong></span> <span class='ocrx_word' id='word_1_163' title='bbox 3122 833 3470 889; x_wconf 71' lang='lat' dir='ltr'><strong>conscientia:</strong></span> <span class='ocrx_word' id='word_1_164' title='bbox 3508 832 3692 887; x_wconf 82' lang='lat' dir='ltr'><strong>aditus</strong></span> <span class='ocrx_word' id='word_1_165' title='bbox 3732 831 3800 884; x_wconf 87' lang='lat' dir='ltr'><strong>ad</strong></span> 
     </span>
    </p>
   </div>
   <div class='ocr_carea' id='block_1_23' title="bbox 2210 907 3435 979">
    <p class='ocr_par' dir='ltr' id='par_1_23' title="bbox 2210 907 3435 979">
     <span class='ocr_line' id='line_1_23' title="bbox 2210 907 3435 979; baseline 0.002 -4"><span class='ocrx_word' id='word_1_166' title='bbox 2210 919 2376 975; x_wconf 84' lang='lat' dir='ltr'><strong>divini</strong></span> <span class='ocrx_word' id='word_1_167' title='bbox 2410 907 2634 977; x_wconf 87' lang='lat' dir='ltr'><strong>seminis</strong></span> <span class='ocrx_word' id='word_1_168' title='bbox 2660 922 2771 976; x_wconf 86' lang='lat' dir='ltr'><strong>vim</strong></span> <span class='ocrx_word' id='word_1_169' title='bbox 2805 923 3093 978; x_wconf 90' lang='lat' dir='ltr'><strong>tenendam</strong></span> <span class='ocrx_word' id='word_1_170' title='bbox 3117 923 3435 979; x_wconf 87' lang='lat' dir='ltr'><strong>obstruitur.</strong></span> 
     </span>
    </p>
   </div>
   <div class='ocr_carea' id='block_1_24' title="bbox 2800 1012 3201 1069">
    <p class='ocr_par' dir='ltr' id='par_1_24' title="bbox 2800 1012 3201 1069">
     <span class='ocr_line' id='line_1_24' title="bbox 2800 1012 3201 1069; baseline -0.002 0"><span class='ocrx_word' id='word_1_171' title='bbox 2800 1012 3026 1069; x_wconf 81' lang='lat' dir='ltr'><strong>CAPUT</strong></span> <span class='ocrx_word' id='word_1_172' title='bbox 3059 1013 3201 1068; x_wconf 80' lang='lat' dir='ltr'><strong>XXI.</strong></span> 
     </span>
    </p>
   </div>
   <div class='ocr_carea' id='block_1_25' title="bbox 2287 1103 3800 1171">
    <p class='ocr_par' dir='ltr' id='par_1_25' title="bbox 2287 1103 3800 1171">
     <span class='ocr_line' id='line_1_25' title="bbox 2287 1103 3800 1171; baseline -0.001 -13"><span class='ocrx_word' id='word_1_173' title='bbox 2287 1103 2445 1159; x_wconf 70' lang='lat' dir='ltr'><strong>Vens.</strong></span> <span class='ocrx_word' id='word_1_174' title='bbox 2476 1105 2531 1169; x_wconf 71' lang='grc'><strong>1,</strong></span> <span class='ocrx_word' id='word_1_175' title='bbox 2558 1104 2610 1170; x_wconf 70' lang='grc' dir='ltr'><strong>Ξ,</strong></span> <span class='ocrx_word' id='word_1_176' title='bbox 2629 1104 2685 1170; x_wconf 78' lang='lat'><strong>3,</strong></span> <span class='ocrx_word' id='word_1_177' title='bbox 2715 1103 2770 1170; x_wconf 80' lang='grc'><strong>4,</strong></span> <span class='ocrx_word' id='word_1_178' title='bbox 2798 1103 2935 1158; x_wconf 78' lang='grc'><strong>5.-</strong></span> <span class='ocrx_word' id='word_1_179' title='bbox 2961 1103 3197 1160; x_wconf 84' lang='lat' dir='ltr'><strong>Visitavit</strong></span> <span class='ocrx_word' id='word_1_180' title='bbox 3221 1116 3393 1160; x_wconf 86' lang='lat' dir='ltr'><strong>autent</strong></span> <span class='ocrx_word' id='word_1_181' title='bbox 3412 1104 3550 1160; x_wconf 83' lang='lat' dir='ltr'><strong>Deus</strong></span> <span class='ocrx_word' id='word_1_182' title='bbox 3583 1104 3800 1171; x_wconf 83' lang='lat' dir='ltr'><strong>Suram,</strong></span> 
     </span>
    </p>
   </div>
   <div class='ocr_carea' id='block_1_26' title="bbox 2210 1193 3804 1266">
    <p class='ocr_par' dir='ltr' id='par_1_26' title="bbox 2210 1193 3804 1266">
     <span class='ocr_line' id='line_1_26' title="bbox 2210 1193 3804 1266; baseline 0.002 -20"><span class='ocrx_word' id='word_1_183' title='bbox 2210 1193 2341 1247; x_wconf 83' lang='lat' dir='ltr'><strong>sicut</strong></span> <span class='ocrx_word' id='word_1_184' title='bbox 2370 1196 2762 1264; x_wconf 88' lang='lat' dir='ltr'><strong>promiserat,et</strong></span> <span class='ocrx_word' id='word_1_185' title='bbox 2784 1196 3009 1265; x_wconf 76' lang='lat' dir='ltr'><strong>implevit</strong></span> <span class='ocrx_word' id='word_1_186' title='bbox 3038 1212 3153 1266; x_wconf 63' lang='lat' dir='ltr'><strong>quae</strong></span> <span class='ocrx_word' id='word_1_187' title='bbox 3178 1196 3381 1251; x_wconf 84' lang='lat' dir='ltr'><strong>locutus</strong></span> <span class='ocrx_word' id='word_1_188' title='bbox 3403 1207 3499 1251; x_wconf 88' lang='lat' dir='ltr'><strong>est.</strong></span> <span class='ocrx_word' id='word_1_189' title='bbox 3527 1196 3804 1266; x_wconf 81' lang='lat' dir='ltr'><strong>Concepit-</strong></span> 
     </span>
    </p>
   </div>
   <div class='ocr_carea' id='block_1_27' title="bbox 2208 1286 3805 1359">
    <p class='ocr_par' dir='ltr' id='par_1_27' title="bbox 2208 1286 3805 1359">
     <span class='ocr_line' id='line_1_27' title="bbox 2208 1286 3805 1359; baseline 0.004 -21"><span class='ocrx_word' id='word_1_190' title='bbox 2208 1301 2341 1355; x_wconf 88' lang='lat' dir='ltr'><strong>que,</strong></span> <span class='ocrx_word' id='word_1_191' title='bbox 2384 1296 2433 1340; x_wconf 92' lang='lat' dir='ltr'><strong>et</strong></span> <span class='ocrx_word' id='word_1_192' title='bbox 2470 1288 2665 1357; x_wconf 82' lang='lat' dir='ltr'><strong>peperit</strong></span> <span class='ocrx_word' id='word_1_193' title='bbox 2699 1286 2868 1356; x_wconf 82' lang='lat' dir='ltr'><strong>[ilium</strong></span> <span class='ocrx_word' id='word_1_194' title='bbox 2906 1287 2961 1340; x_wconf 91' lang='lat' dir='ltr'><strong>in</strong></span> <span class='ocrx_word' id='word_1_195' title='bbox 3000 1298 3260 1341; x_wconf 86' lang='lat' dir='ltr'><strong>senectute</strong></span> <span class='ocrx_word' id='word_1_196' title='bbox 3290 1305 3409 1355; x_wconf 90' lang='lat' dir='ltr'><strong>sua,</strong></span> <span class='ocrx_word' id='word_1_197' title='bbox 3441 1299 3670 1356; x_wconf 87' lang='lat' dir='ltr'><strong>tempore</strong></span> <span class='ocrx_word' id='word_1_198' title='bbox 3698 1306 3805 1359; x_wconf 88' lang='lat' dir='ltr'><strong>quo</strong></span> 
     </span>
    </p>
   </div>
   <div class='ocr_carea' id='block_1_28' title="bbox 2209 1377 3807 1449">
    <p class='ocr_par' dir='ltr' id='par_1_28' title="bbox 2209 1377 3807 1449">
     <span class='ocr_line' id='line_1_28' title="bbox 2209 1377 3807 1449; baseline 0.004 -20"><span class='ocrx_word' id='word_1_199' title='bbox 2209 1379 2525 1448; x_wconf 75' lang='lat' dir='ltr'><strong>prwdixerat</strong></span> <span class='ocrx_word' id='word_1_200' title='bbox 2558 1379 2605 1433; x_wconf 91' lang='lat' dir='ltr'><strong>ei</strong></span> <span class='ocrx_word' id='word_1_201' title='bbox 2635 1377 2797 1433; x_wconf 83' lang='lat' dir='ltr'><strong>Deus.</strong></span> <span class='ocrx_word' id='word_1_202' title='bbox 2838 1377 3154 1448; x_wconf 86' lang='lat' dir='ltr'><strong>Vocavitque</strong></span> <span class='ocrx_word' id='word_1_203' title='bbox 3189 1379 3455 1434; x_wconf 80' lang='lat' dir='ltr'><strong>Abraham</strong></span> <span class='ocrx_word' id='word_1_204' title='bbox 3491 1398 3677 1434; x_wconf 87' lang='lat' dir='ltr'><strong>nomen</strong></span> <span class='ocrx_word' id='word_1_205' title='bbox 3701 1381 3807 1449; x_wconf 81' lang='lat' dir='ltr'><strong>lilii</strong></span> 
     </span>
    </p>
   </div>
   <div class='ocr_carea' id='block_1_29' title="bbox 2210 1469 3807 1541">
    <p class='ocr_par' dir='ltr' id='par_1_29' title="bbox 2210 1469 3807 1541">
     <span class='ocr_line' id='line_1_29' title="bbox 2210 1469 3807 1541; baseline -0.001 -17"><span class='ocrx_word' id='word_1_206' title='bbox 2210 1470 2314 1536; x_wconf 89' lang='lat' dir='ltr'><strong>sui,</strong></span> <span class='ocrx_word' id='word_1_207' title='bbox 2342 1487 2493 1540; x_wconf 86' lang='lat' dir='ltr'><strong>quem</strong></span> <span class='ocrx_word' id='word_1_208' title='bbox 2522 1471 2700 1541; x_wconf 84' lang='lat' dir='ltr'><strong>genuit</strong></span> <span class='ocrx_word' id='word_1_209' title='bbox 2729 1471 2776 1524; x_wconf 90' lang='lat' dir='ltr'><strong>ei</strong></span> <span class='ocrx_word' id='word_1_210' title='bbox 2808 1469 2978 1534; x_wconf 87' lang='lat' dir='ltr'><strong>Sara,</strong></span> <span class='ocrx_word' id='word_1_211' title='bbox 3012 1470 3201 1534; x_wconf 89' lang='lat' dir='ltr'><strong>Isaac,</strong></span> <span class='ocrx_word' id='word_1_212' title='bbox 3237 1481 3284 1525; x_wconf 86' lang='lat' dir='ltr'><strong>et</strong></span> <span class='ocrx_word' id='word_1_213' title='bbox 3322 1470 3650 1525; x_wconf 74' lang='lat' dir='ltr'><strong>circumcidit</strong></span> <span class='ocrx_word' id='word_1_214' title='bbox 3684 1488 3807 1523; x_wconf 67' lang='lat' dir='ltr'><strong>eum</strong></span> 
     </span>
    </p>
   </div>
   <div class='ocr_carea' id='block_1_30' title="bbox 2212 1561 3808 1631">
    <p class='ocr_par' dir='ltr' id='par_1_30' title="bbox 2212 1561 3808 1631">
     <span class='ocr_line' id='line_1_30' title="bbox 2212 1561 3808 1631; baseline -0.001 -16"><span class='ocrx_word' id='word_1_215' title='bbox 2212 1572 2391 1616; x_wconf 85' lang='lat' dir='ltr'><strong>octavo</strong></span> <span class='ocrx_word' id='word_1_216' title='bbox 2423 1561 2507 1616; x_wconf 90' lang='lat' dir='ltr'><strong>die</strong></span> <span class='ocrx_word' id='word_1_217' title='bbox 2531 1602 2547 1627; x_wconf 90' lang='lat'><strong>,</strong></span> <span class='ocrx_word' id='word_1_218' title='bbox 2585 1578 2705 1615; x_wconf 90' lang='lat' dir='ltr'><strong>cum</strong></span> <span class='ocrx_word' id='word_1_219' title='bbox 2741 1570 2946 1615; x_wconf 82' lang='lat' dir='ltr'><strong>centum</strong></span> <span class='ocrx_word' id='word_1_220' title='bbox 2978 1572 3105 1615; x_wconf 84' lang='lat' dir='ltr'><strong>esset</strong></span> <span class='ocrx_word' id='word_1_221' title='bbox 3144 1577 3445 1626; x_wconf 85' lang='lat' dir='ltr'><strong>annorum;</strong></span> <span class='ocrx_word' id='word_1_222' title='bbox 3479 1562 3579 1615; x_wconf 88' lang='lat' dir='ltr'><strong>hac</strong></span> <span class='ocrx_word' id='word_1_223' title='bbox 3616 1561 3808 1631; x_wconf 79' lang='lat' dir='ltr'><strong>quippe</strong></span> 
     </span>
    </p>
   </div>
   <div class='ocr_carea' id='block_1_31' title="bbox 2212 1648 3811 1722">
    <p class='ocr_par' dir='ltr' id='par_1_31' title="bbox 2212 1648 3811 1722">
     <span class='ocr_line' id='line_1_31' title="bbox 2212 1648 3811 1722; baseline -0.001 -17"><span class='ocrx_word' id='word_1_224' title='bbox 2212 1659 2365 1705; x_wconf 68' lang='lat' dir='ltr'><strong>a’tate</strong></span> <span class='ocrx_word' id='word_1_225' title='bbox 2387 1652 2549 1722; x_wconf 86' lang='lat' dir='ltr'><strong>patris</strong></span> <span class='ocrx_word' id='word_1_226' title='bbox 2582 1660 2736 1704; x_wconf 86' lang='lat' dir='ltr'><strong>natus</strong></span> <span class='ocrx_word' id='word_1_227' title='bbox 2766 1660 2839 1705; x_wconf 85' lang='lat' dir='ltr'><strong>est</strong></span> <span class='ocrx_word' id='word_1_228' title='bbox 2872 1649 3049 1704; x_wconf 88' lang='lat' dir='ltr'><strong>Isaac.</strong></span> <span class='ocrx_word' id='word_1_229' title='bbox 3075 1648 3313 1704; x_wconf 78' lang='lat' dir='ltr'><strong>Tandem</strong></span> <span class='ocrx_word' id='word_1_230' title='bbox 3346 1650 3512 1721; x_wconf 80' lang='lat' dir='ltr'><strong>igitur</strong></span> <span class='ocrx_word' id='word_1_231' title='bbox 3540 1660 3662 1719; x_wconf 84' lang='lat' dir='ltr'><strong>post</strong></span> <span class='ocrx_word' id='word_1_232' title='bbox 3693 1651 3811 1704; x_wconf 73' lang='lat' dir='ltr'><strong>haec</strong></span> 
     </span>
    </p>
   </div>
   <div class='ocr_carea' id='block_1_32' title="bbox 2211 1738 3809 1810">
    <p class='ocr_par' dir='ltr' id='par_1_32' title="bbox 2211 1738 3809 1810">
     <span class='ocr_line' id='line_1_32' title="bbox 2211 1738 3809 1810; baseline -0.001 -16"><span class='ocrx_word' id='word_1_233' title='bbox 2211 1741 2542 1797; x_wconf 88' lang='lat' dir='ltr'><strong>voluntatem</strong></span> <span class='ocrx_word' id='word_1_234' title='bbox 2572 1741 2732 1797; x_wconf 90' lang='lat' dir='ltr'><strong>victis</strong></span> <span class='ocrx_word' id='word_1_235' title='bbox 2773 1741 3135 1810; x_wconf 91' lang='lat' dir='ltr'><strong>undecunque</strong></span> <span class='ocrx_word' id='word_1_236' title='bbox 3170 1740 3427 1795; x_wconf 89' lang='lat' dir='ltr'><strong>vitiorum</strong></span> <span class='ocrx_word' id='word_1_237' title='bbox 3479 1738 3809 1810; x_wconf 87' lang='lat' dir='ltr'><strong>impulsibus</strong></span> 
     </span>
    </p>
   </div>
   <div class='ocr_carea' id='block_1_33' title="bbox 519 1835 3812 1917">
    <p class='ocr_par' dir='ltr' id='par_1_33' title="bbox 519 1835 3812 1917">
     <span class='ocr_line' id='line_1_33' title="bbox 519 1835 3812 1917; baseline 0.002 -32"><span class='ocrx_word' id='word_1_238' title='bbox 519 1836 694 1902; x_wconf 81' lang='lat' dir='ltr'><strong>operit</strong></span> <span class='ocrx_word' id='word_1_239' title='bbox 722 1836 1116 1892; x_wconf 86' lang='lat' dir='ltr'><strong>multitudinem</strong></span> <span class='ocrx_word' id='word_1_240' title='bbox 1147 1849 1498 1909; x_wconf 87' lang='lat' dir='ltr'><strong>peccatorum</strong></span> <span class='ocrx_word' id='word_1_241' title='bbox 1542 1844 1684 1913; x_wconf 85' lang='lat' dir='ltr'><strong>(Jac.</strong></span> <span class='ocrx_word' id='word_1_242' title='bbox 1717 1860 1769 1908; x_wconf 92' lang='lat' dir='ltr'><strong>v,</strong></span> <span class='ocrx_word' id='word_1_243' title='bbox 1802 1844 1895 1917; x_wconf 74' lang='lat'><strong>20)</strong></span> <span class='ocrx_word' id='word_1_244' title='bbox 1916 1886 1930 1909; x_wconf 96' lang='lat'><strong>,</strong></span> <span class='ocrx_word' id='word_1_245' title='bbox 1963 1844 2106 1915; x_wconf 89' lang='lat' dir='ltr'><strong>quod</strong></span> <span class='ocrx_word' id='word_1_246' title='bbox 2141 1840 2183 1895; x_wconf 87' lang='grc' dir='ltr'><strong>Β</strong></span> <span class='ocrx_word' id='word_1_247' title='bbox 2210 1835 2352 1892; x_wconf 91' lang='lat' dir='ltr'><strong>Deus</strong></span> <span class='ocrx_word' id='word_1_248' title='bbox 2378 1837 2582 1903; x_wconf 89' lang='lat' dir='ltr'><strong>visitat,</strong></span> <span class='ocrx_word' id='word_1_249' title='bbox 2608 1838 2699 1909; x_wconf 90' lang='lat' dir='ltr'><strong>qui</strong></span> <span class='ocrx_word' id='word_1_250' title='bbox 2737 1838 2975 1893; x_wconf 84' lang='lat' dir='ltr'><strong>vincenti</strong></span> <span class='ocrx_word' id='word_1_251' title='bbox 3005 1853 3063 1893; x_wconf 91' lang='lat' dir='ltr'><strong>se</strong></span> <span class='ocrx_word' id='word_1_252' title='bbox 3093 1838 3343 1893; x_wconf 87' lang='lat' dir='ltr'><strong>daturum</strong></span> <span class='ocrx_word' id='word_1_253' title='bbox 3371 1837 3534 1893; x_wconf 90' lang='lat' dir='ltr'><strong>edere</strong></span> <span class='ocrx_word' id='word_1_254' title='bbox 3560 1838 3629 1893; x_wconf 89' lang='lat' dir='ltr'><strong>de</strong></span> <span class='ocrx_word' id='word_1_255' title='bbox 3659 1836 3812 1907; x_wconf 89' lang='lat' dir='ltr'><strong>ligno</strong></span> 
     </span>
    </p>
   </div>
   <div class='ocr_carea' id='block_1_34' title="bbox 518 1924 2111 2008">
    <p class='ocr_par' dir='ltr' id='par_1_34' title="bbox 518 1924 2111 2008">
     <span class='ocr_line' id='line_1_34' title="bbox 518 1924 2111 2008; baseline 0.013 -33"><span class='ocrx_word' id='word_1_256' title='bbox 518 1938 615 1994; x_wconf 84' lang='lat' dir='ltr'><strong>per</strong></span> <span class='ocrx_word' id='word_1_257' title='bbox 657 1924 931 1997; x_wconf 85' lang='lat' dir='ltr'><strong>lanigeros</strong></span> <span class='ocrx_word' id='word_1_258' title='bbox 970 1944 1207 1999; x_wconf 84' lang='lat' dir='ltr'><strong>congrue</strong></span> <span class='ocrx_word' id='word_1_259' title='bbox 1247 1933 1565 2003; x_wconf 83' lang='lat' dir='ltr'><strong>designatur</strong></span> <span class='ocrx_word' id='word_1_260' title='bbox 1594 1952 1821 2008; x_wconf 83' lang='lat' dir='ltr'><strong>greges,</strong></span> <span class='ocrx_word' id='word_1_261' title='bbox 1868 1938 2111 1995; x_wconf 89' lang='lat' dir='ltr'><strong>funditus</strong></span> 
     </span>
    </p>
   </div>
   <div class='ocr_carea' id='block_1_35' title="bbox 518 2014 2109 2095">
    <p class='ocr_par' dir='ltr' id='par_1_35' title="bbox 518 2014 2109 2095">
     <span class='ocr_line' id='line_1_35' title="bbox 518 2014 2109 2095; baseline 0.011 -29"><span class='ocrx_word' id='word_1_262' title='bbox 518 2014 791 2070; x_wconf 77' lang='lat' dir='ltr'><strong>abstrahit</strong></span> <span class='ocrx_word' id='word_1_263' title='bbox 816 2036 827 2070; x_wconf 91' lang='lat'>:</span> <span class='ocrx_word' id='word_1_264' title='bbox 861 2019 1011 2073; x_wconf 80' lang='lat' dir='ltr'><strong>boves</strong></span> <span class='ocrx_word' id='word_1_265' title='bbox 1041 2036 1172 2076; x_wconf 90' lang='lat' dir='ltr'><strong>vero</strong></span> <span class='ocrx_word' id='word_1_266' title='bbox 1200 2024 1521 2079; x_wconf 86' lang='lat' dir='ltr'><strong>exercitium</strong></span> <span class='ocrx_word' id='word_1_267' title='bbox 1548 2027 1970 2095; x_wconf 61' lang='lat' dir='ltr'><strong>praedicationis,</strong></span> <span class='ocrx_word' id='word_1_268' title='bbox 1997 2045 2109 2083; x_wconf 86' lang='lat' dir='ltr'><strong>ser-</strong></span> 
     </span>
    </p>
   </div>
   <div class='ocr_carea' id='block_1_36' title="bbox 519 2108 2111 2184">
    <p class='ocr_par' dir='ltr' id='par_1_36' title="bbox 519 2108 2111 2184">
     <span class='ocr_line' id='line_1_36' title="bbox 519 2108 2111 2184; baseline 0.012 -27"><span class='ocrx_word' id='word_1_269' title='bbox 519 2118 609 2158; x_wconf 67' lang='lat' dir='ltr'><strong>uos</strong></span> <span class='ocrx_word' id='word_1_270' title='bbox 639 2116 685 2157; x_wconf 89' lang='lat' dir='ltr'><strong>et</strong></span> <span class='ocrx_word' id='word_1_271' title='bbox 718 2108 943 2163; x_wconf 82' lang='lat' dir='ltr'><strong>ancillas</strong></span> <span class='ocrx_word' id='word_1_272' title='bbox 975 2109 1143 2166; x_wconf 80' lang='lat' dir='ltr'><strong>fortes</strong></span> <span class='ocrx_word' id='word_1_273' title='bbox 1175 2113 1406 2169; x_wconf 90' lang='lat' dir='ltr'><strong>dicimus</strong></span> <span class='ocrx_word' id='word_1_274' title='bbox 1436 2125 1490 2170; x_wconf 90' lang='lat' dir='ltr'><strong>et</strong></span> <span class='ocrx_word' id='word_1_275' title='bbox 1523 2116 1798 2184; x_wconf 86' lang='lat' dir='ltr'><strong>inﬁrmas,</strong></span> <span class='ocrx_word' id='word_1_276' title='bbox 1827 2127 1881 2173; x_wconf 91' lang='lat' dir='ltr'><strong>et</strong></span> <span class='ocrx_word' id='word_1_277' title='bbox 1905 2120 1974 2175; x_wconf 88' lang='lat' dir='ltr'><strong>ad</strong></span> <span class='ocrx_word' id='word_1_278' title='bbox 2004 2135 2111 2176; x_wconf 77' lang='lat' dir='ltr'><strong>sae-</strong></span> 
     </span>
    </p>
   </div>
   <div class='ocr_carea' id='block_1_37' title="bbox 521 2194 2111 2277">
    <p class='ocr_par' dir='ltr' id='par_1_37' title="bbox 521 2194 2111 2277">
     <span class='ocr_line' id='line_1_37' title="bbox 521 2194 2111 2277; baseline 0.013 -31"><span class='ocrx_word' id='word_1_279' title='bbox 521 2194 701 2247; x_wconf 89' lang='lat' dir='ltr'><strong>culum</strong></span> <span class='ocrx_word' id='word_1_280' title='bbox 729 2212 929 2265; x_wconf 88' lang='lat' dir='ltr'><strong>pronas</strong></span> <span class='ocrx_word' id='word_1_281' title='bbox 959 2200 1355 2277; x_wconf 88' lang='lat' dir='ltr'><strong>sollicitudines</strong></span> <span class='ocrx_word' id='word_1_282' title='bbox 1378 2206 1756 2277; x_wconf 84' lang='lat' dir='ltr'><strong>cogitationis,</strong></span> <span class='ocrx_word' id='word_1_283' title='bbox 1783 2209 1926 2264; x_wconf 90' lang='lat' dir='ltr'><strong>aliud</strong></span> <span class='ocrx_word' id='word_1_284' title='bbox 1958 2226 2111 2266; x_wconf 84' lang='lat' dir='ltr'><strong>nam-</strong></span> 
     </span>
    </p>
   </div>
   <div class='ocr_carea' id='block_1_38' title="bbox 517 2288 2108 2369">
    <p class='ocr_par' dir='ltr' id='par_1_38' title="bbox 517 2288 2108 2369">
     <span class='ocr_line' id='line_1_38' title="bbox 517 2288 2108 2369; baseline 0.014 -33"><span class='ocrx_word' id='word_1_285' title='bbox 517 2299 631 2353; x_wconf 86' lang='lat' dir='ltr'><strong>que</strong></span> <span class='ocrx_word' id='word_1_286' title='bbox 660 2288 913 2343; x_wconf 79' lang='lat' dir='ltr'><strong>violentia</strong></span> <span class='ocrx_word' id='word_1_287' title='bbox 946 2307 1266 2361; x_wconf 88' lang='lat' dir='ltr'><strong>possumus,</strong></span> <span class='ocrx_word' id='word_1_288' title='bbox 1298 2295 1442 2352; x_wconf 91' lang='lat' dir='ltr'><strong>aliud</strong></span> <span class='ocrx_word' id='word_1_289' title='bbox 1476 2296 1652 2369; x_wconf 80' lang='lat' dir='ltr'><strong>fragili</strong></span> <span class='ocrx_word' id='word_1_290' title='bbox 1688 2301 1985 2358; x_wconf 87' lang='lat' dir='ltr'><strong>adulationi</strong></span> <span class='ocrx_word' id='word_1_291' title='bbox 2025 2304 2108 2358; x_wconf 88' lang='lat' dir='ltr'><strong>in-</strong></span> 
     </span>
    </p>
   </div>
   <div class='ocr_carea' id='block_1_39' title="bbox 523 2375 2114 2455">
    <p class='ocr_par' dir='ltr' id='par_1_39' title="bbox 523 2375 2114 2455">
     <span class='ocr_line' id='line_1_39' title="bbox 523 2375 2114 2455; baseline 0.013 -28"><span class='ocrx_word' id='word_1_292' title='bbox 523 2375 811 2432; x_wconf 86' lang='lat' dir='ltr'><strong>scrviendo</strong></span> <span class='ocrx_word' id='word_1_293' title='bbox 842 2387 1137 2438; x_wconf 84' lang='lat' dir='ltr'><strong>tractamus</strong></span> <span class='ocrx_word' id='word_1_294' title='bbox 1166 2399 1179 2437; x_wconf 89' lang='lat'><strong>:</strong></span> <span class='ocrx_word' id='word_1_295' title='bbox 1216 2385 1332 2440; x_wconf 66' lang='lat' dir='ltr'><strong>hinc</strong></span> <span class='ocrx_word' id='word_1_296' title='bbox 1361 2388 1589 2443; x_wconf 83' lang='lat' dir='ltr'><strong>Abraha:</strong></span> <span class='ocrx_word' id='word_1_297' title='bbox 1617 2389 1731 2455; x_wconf 90' lang='lat' dir='ltr'><strong>dat,</strong></span> <span class='ocrx_word' id='word_1_298' title='bbox 1760 2406 1883 2446; x_wconf 82' lang='lat' dir='ltr'><strong>cunt</strong></span> <span class='ocrx_word' id='word_1_299' title='bbox 1910 2392 2114 2448; x_wconf 85' lang='lat' dir='ltr'><strong>habere</strong></span> 
     </span>
    </p>
   </div>
   <div class='ocr_carea' id='block_1_40' title="bbox 521 2466 2113 2549">
    <p class='ocr_par' dir='ltr' id='par_1_40' title="bbox 521 2466 2113 2549">
     <span class='ocr_line' id='line_1_40' title="bbox 521 2466 2113 2549; baseline 0.013 -30"><span class='ocrx_word' id='word_1_300' title='bbox 521 2466 796 2524; x_wconf 81' lang='lat' dir='ltr'><strong>volentem</strong></span> <span class='ocrx_word' id='word_1_301' title='bbox 829 2471 1083 2540; x_wconf 88' lang='lat' dir='ltr'><strong>spiritum</strong></span> <span class='ocrx_word' id='word_1_302' title='bbox 1107 2472 1221 2543; x_wconf 89' lang='lat' dir='ltr'><strong>jam</strong></span> <span class='ocrx_word' id='word_1_303' title='bbox 1253 2493 1359 2532; x_wconf 91' lang='lat' dir='ltr'><strong>non</strong></span> <span class='ocrx_word' id='word_1_304' title='bbox 1390 2478 1698 2549; x_wconf 89' lang='lat' dir='ltr'><strong>impugnat;</strong></span> <span class='ocrx_word' id='word_1_305' title='bbox 1734 2496 1958 2538; x_wconf 80' lang='lat' dir='ltr'><strong>uxorem</strong></span> <span class='ocrx_word' id='word_1_306' title='bbox 1990 2484 2113 2538; x_wconf 90' lang='lat' dir='ltr'><strong>red-</strong></span> 
     </span>
    </p>
   </div>
   <div class='ocr_carea' id='block_1_41' title="bbox 518 2556 2111 2643">
    <p class='ocr_par' dir='ltr' id='par_1_41' title="bbox 518 2556 2111 2643">
     <span class='ocr_line' id='line_1_41' title="bbox 518 2556 2111 2643; baseline 0.013 -35"><span class='ocrx_word' id='word_1_307' title='bbox 518 2556 624 2619; x_wconf 88' lang='lat' dir='ltr'><strong>dit,</strong></span> <span class='ocrx_word' id='word_1_308' title='bbox 668 2573 792 2611; x_wconf 89' lang='lat' dir='ltr'><strong>cum</strong></span> <span class='ocrx_word' id='word_1_309' title='bbox 837 2561 906 2614; x_wconf 91' lang='lat' dir='ltr'><strong>ab</strong></span> <span class='ocrx_word' id='word_1_310' title='bbox 953 2561 1123 2632; x_wconf 86' lang='lat' dir='ltr'><strong>ipsius</strong></span> <span class='ocrx_word' id='word_1_311' title='bbox 1164 2564 1461 2621; x_wconf 82' lang='lat' dir='ltr'><strong>voluntatis</strong></span> <span class='ocrx_word' id='word_1_312' title='bbox 1502 2569 1809 2628; x_wconf 89' lang='lat' dir='ltr'><strong>irritatione</strong></span> <span class='ocrx_word' id='word_1_313' title='bbox 1848 2574 2111 2643; x_wconf 83' lang='lat' dir='ltr'><strong>quiescit:</strong></span> 
     </span>
    </p>
   </div>
   <div class='ocr_carea' id='block_1_42' title="bbox 518 2651 2114 2727">
    <p class='ocr_par' dir='ltr' id='par_1_42' title="bbox 518 2651 2114 2727">
     <span class='ocr_line' id='line_1_42' title="bbox 518 2651 2114 2727; baseline 0.013 -26"><span class='ocrx_word' id='word_1_314' title='bbox 518 2658 690 2714; x_wconf 84' lang='lat' dir='ltr'><strong>terra,</strong></span> <span class='ocrx_word' id='word_1_315' title='bbox 728 2651 925 2722; x_wconf 87' lang='lat' dir='ltr'><strong>inquit,</strong></span> <span class='ocrx_word' id='word_1_316' title='bbox 956 2664 1030 2708; x_wconf 88' lang='lat' dir='ltr'><strong>est</strong></span> <span class='ocrx_word' id='word_1_317' title='bbox 1059 2672 1238 2711; x_wconf 85' lang='lat' dir='ltr'><strong>coram</strong></span> <span class='ocrx_word' id='word_1_318' title='bbox 1269 2660 1435 2727; x_wconf 82' lang='lat' dir='ltr'><strong>vobis,</strong></span> <span class='ocrx_word' id='word_1_319' title='bbox 1465 2660 1516 2715; x_wconf 88' lang='lat' dir='ltr'><strong>id</strong></span> <span class='ocrx_word' id='word_1_320' title='bbox 1549 2673 1629 2717; x_wconf 87' lang='lat' dir='ltr'><strong>est</strong></span> <span class='ocrx_word' id='word_1_321' title='bbox 1660 2666 2009 2720; x_wconf 67' lang='lat' dir='ltr'><strong>conscientia:</strong></span> <span class='ocrx_word' id='word_1_322' title='bbox 2051 2665 2114 2720; x_wconf 86' lang='lat' dir='ltr'><strong>li-</strong></span> 
     </span>
    </p>
   </div>
   <div class='ocr_carea' id='block_1_43' title="bbox 521 2742 2117 2828">
    <p class='ocr_par' dir='ltr' id='par_1_43' title="bbox 521 2742 2117 2828">
     <span class='ocr_line' id='line_1_43' title="bbox 521 2742 2117 2828; baseline 0.01 -29"><span class='ocrx_word' id='word_1_323' title='bbox 521 2742 710 2799; x_wconf 84' lang='lat' dir='ltr'><strong>bertas</strong></span> <span class='ocrx_word' id='word_1_324' title='bbox 740 2747 935 2803; x_wconf 80' lang='lat' dir='ltr'><strong>vestris</strong></span> <span class='ocrx_word' id='word_1_325' title='bbox 963 2752 1199 2820; x_wconf 78' lang='lat' dir='ltr'><strong>suppetit</strong></span> <span class='ocrx_word' id='word_1_326' title='bbox 1225 2754 1488 2819; x_wconf 79' lang='lat' dir='ltr'><strong>arbitriis,</strong></span> <span class='ocrx_word' id='word_1_327' title='bbox 1516 2756 1567 2810; x_wconf 91' lang='lat' dir='ltr'><strong>in</strong></span> <span class='ocrx_word' id='word_1_328' title='bbox 1592 2774 1697 2824; x_wconf 83' lang='lat' dir='ltr'><strong>quo</strong></span> <span class='ocrx_word' id='word_1_329' title='bbox 1728 2758 1821 2812; x_wconf 87' lang='lat' dir='ltr'><strong>tibi</strong></span> <span class='ocrx_word' id='word_1_330' title='bbox 1850 2758 2117 2828; x_wconf 82' lang='lat' dir='ltr'><strong>placuerit</strong></span> 
     </span>
    </p>
   </div>
   <div class='ocr_carea' id='block_1_44' title="bbox 518 2837 1857 2913">
    <p class='ocr_par' dir='ltr' id='par_1_44' title="bbox 518 2837 1857 2913">
     <span class='ocr_line' id='line_1_44' title="bbox 518 2837 1857 2913; baseline 0.009 -21"><span class='ocrx_word' id='word_1_331' title='bbox 518 2837 833 2895; x_wconf 72' lang='lat' dir='ltr'><strong>Sanctitatis</strong></span> <span class='ocrx_word' id='word_1_332' title='bbox 877 2842 1154 2910; x_wconf 80' lang='lat' dir='ltr'><strong>preposito</strong></span> <span class='ocrx_word' id='word_1_333' title='bbox 1190 2861 1536 2913; x_wconf 87' lang='lat' dir='ltr'><strong>convcrsare,</strong></span> <span class='ocrx_word' id='word_1_334' title='bbox 1568 2858 1621 2903; x_wconf 90' lang='lat' dir='ltr'><strong>et</strong></span> <span class='ocrx_word' id='word_1_335' title='bbox 1654 2850 1857 2904; x_wconf 88' lang='lat' dir='ltr'><strong>habita.</strong></span> 
     </span>
    </p>
   </div>
   <div class='ocr_carea' id='block_1_45' title="bbox 601 2926 2119 2999">
    <p class='ocr_par' dir='ltr' id='par_1_45' title="bbox 601 2926 2119 2999">
     <span class='ocr_line' id='line_1_45' title="bbox 601 2926 2119 2999; baseline 0.011 -20"><span class='ocrx_word' id='word_1_336' title='bbox 601 2926 767 2985; x_wconf 72' lang='lat' dir='ltr'><strong>Vens.</strong></span> <span class='ocrx_word' id='word_1_337' title='bbox 801 2930 891 2995; x_wconf 77' lang='lat'><strong>16,</strong></span> <span class='ocrx_word' id='word_1_338' title='bbox 925 2932 1010 2999; x_wconf 84' lang='lat' dir='ltr'><strong>l7,</strong></span> <span class='ocrx_word' id='word_1_339' title='bbox 1043 2934 1215 2988; x_wconf 75' lang='lat' dir='ltr'><strong>l8.-—</strong></span> <span class='ocrx_word' id='word_1_340' title='bbox 1246 2936 1399 2992; x_wconf 75' lang='lat' dir='ltr'><strong>Sura:</strong></span> <span class='ocrx_word' id='word_1_341' title='bbox 1427 2950 1602 2993; x_wconf 89' lang='lat' dir='ltr'><strong>autem</strong></span> <span class='ocrx_word' id='word_1_342' title='bbox 1630 2939 1761 2993; x_wconf 75' lang='lat' dir='ltr'><strong>dixit</strong></span> <span class='ocrx_word' id='word_1_343' title='bbox 1788 2956 1808 2996; x_wconf 83' lang='lat'><strong>.°</strong></span> <span class='ocrx_word' id='word_1_344' title='bbox 1836 2940 1971 2995; x_wconf 85' lang='lat' dir='ltr'><strong>Ecce</strong></span> <span class='ocrx_word' id='word_1_345' title='bbox 1996 2942 2119 2997; x_wconf 85' lang='lat' dir='ltr'><strong>dedi</strong></span> 
     </span>
    </p>
   </div>
   <div class='ocr_carea' id='block_1_46' title="bbox 524 3017 2116 3092">
    <p class='ocr_par' dir='ltr' id='par_1_46' title="bbox 524 3017 2116 3092">
     <span class='ocr_line' id='line_1_46' title="bbox 524 3017 2116 3092; baseline 0.009 -21"><span class='ocrx_word' id='word_1_346' title='bbox 524 3017 669 3074; x_wconf 87' lang='lat' dir='ltr'><strong>mille</strong></span> <span class='ocrx_word' id='word_1_347' title='bbox 699 3031 970 3090; x_wconf 82' lang='lat' dir='ltr'><strong>argenteos</strong></span> <span class='ocrx_word' id='word_1_348' title='bbox 992 3022 1150 3092; x_wconf 80' lang='lat' dir='ltr'><strong>fratri</strong></span> <span class='ocrx_word' id='word_1_349' title='bbox 1176 3036 1290 3090; x_wconf 90' lang='lat' dir='ltr'><strong>tuo,</strong></span> <span class='ocrx_word' id='word_1_350' title='bbox 1323 3028 1419 3080; x_wconf 87' lang='lat' dir='ltr'><strong>hoc</strong></span> <span class='ocrx_word' id='word_1_351' title='bbox 1443 3029 1507 3081; x_wconf 86' lang='lat' dir='ltr'><strong>sit</strong></span> <span class='ocrx_word' id='word_1_352' title='bbox 1540 3029 1632 3082; x_wconf 82' lang='lat' dir='ltr'><strong>tibi</strong></span> <span class='ocrx_word' id='word_1_353' title='bbox 1659 3030 1713 3083; x_wconf 87' lang='lat' dir='ltr'><strong>in</strong></span> <span class='ocrx_word' id='word_1_354' title='bbox 1738 3029 1966 3084; x_wconf 71' lang='lat' dir='ltr'><strong>uelamen</strong></span> <span class='ocrx_word' id='word_1_355' title='bbox 1990 3049 2116 3086; x_wconf 84' lang='lat' dir='ltr'><strong>ocu-</strong></span> 
     </span>
    </p>
   </div>
   <div class='ocr_carea' id='block_1_47' title="bbox 525 3111 2120 3194">
    <p class='ocr_par' dir='ltr' id='par_1_47' title="bbox 525 3111 2120 3194">
     <span class='ocr_line' id='line_1_47' title="bbox 525 3111 2120 3194; baseline 0.012 -31"><span class='ocrx_word' id='word_1_356' title='bbox 525 3111 694 3165; x_wconf 83' lang='lat' dir='ltr'><strong>lorum</strong></span> <span class='ocrx_word' id='word_1_357' title='bbox 723 3114 790 3168; x_wconf 88' lang='lat' dir='ltr'><strong>ad</strong></span> <span class='ocrx_word' id='word_1_358' title='bbox 812 3132 992 3170; x_wconf 74' lang='lat' dir='ltr'><strong>omnes</strong></span> <span class='ocrx_word' id='word_1_359' title='bbox 1007 3119 1096 3187; x_wconf 89' lang='lat' dir='ltr'><strong>qui</strong></span> <span class='ocrx_word' id='word_1_360' title='bbox 1118 3126 1287 3172; x_wconf 86' lang='lat' dir='ltr'><strong>tecum</strong></span> <span class='ocrx_word' id='word_1_361' title='bbox 1306 3131 1451 3186; x_wconf 89' lang='lat' dir='ltr'><strong>sunt,</strong></span> <span class='ocrx_word' id='word_1_362' title='bbox 1474 3131 1521 3174; x_wconf 89' lang='lat' dir='ltr'><strong>et</strong></span> <span class='ocrx_word' id='word_1_363' title='bbox 1547 3139 1855 3193; x_wconf 86' lang='lat' dir='ltr'><strong>quocunque</strong></span> <span class='ocrx_word' id='word_1_364' title='bbox 1879 3142 2120 3194; x_wconf 76' lang='lat' dir='ltr'><strong>perrexe—</strong></span> 
     </span>
    </p>
   </div>
   <div class='ocr_carea' id='block_1_48' title="bbox 2215 1928 3811 2002">
    <p class='ocr_par' dir='ltr' id='par_1_48' title="bbox 2215 1928 3811 2002">
     <span class='ocr_line' id='line_1_48' title="bbox 2215 1928 3811 2002; baseline -0.001 -18"><span class='ocrx_word' id='word_1_365' title='bbox 2215 1930 2338 1984; x_wconf 85' lang='lat' dir='ltr'><strong>vitae</strong></span> <span class='ocrx_word' id='word_1_366' title='bbox 2367 1931 2731 2001; x_wconf 80' lang='lat' dir='ltr'><strong>Spoponderat</strong></span> <span class='ocrx_word' id='word_1_367' title='bbox 2755 1930 2941 2002; x_wconf 85' lang='lat' dir='ltr'><strong>(Apoc.</strong></span> <span class='ocrx_word' id='word_1_368' title='bbox 2970 1947 3008 1986; x_wconf 87' lang='grc' dir='ltr'>ιι</span> <span class='ocrx_word' id='word_1_369' title='bbox 3031 1972 3045 1996; x_wconf 84' lang='grc'><em>,</em></span> <span class='ocrx_word' id='word_1_370' title='bbox 3072 1930 3149 2001; x_wconf 83' lang='lat'><strong>&#39;7).</strong></span> <span class='ocrx_word' id='word_1_371' title='bbox 3181 1932 3513 2001; x_wconf 85' lang='lat' dir='ltr'><strong>Conceptum</strong></span> <span class='ocrx_word' id='word_1_372' title='bbox 3535 1928 3811 2001; x_wconf 86' lang='lat' dir='ltr'><strong>spirituali</strong></span> 
     </span>
    </p>
   </div>
   <div class='ocr_carea' id='block_1_49' title="bbox 2213 2018 3813 2091">
    <p class='ocr_par' dir='ltr' id='par_1_49' title="bbox 2213 2018 3813 2091">
     <span class='ocr_line' id='line_1_49' title="bbox 2213 2018 3813 2091; baseline -0.001 -17"><span class='ocrx_word' id='word_1_373' title='bbox 2213 2019 2484 2076; x_wconf 86' lang='lat' dir='ltr'><strong>desiderio</strong></span> <span class='ocrx_word' id='word_1_374' title='bbox 2522 2021 2691 2075; x_wconf 88' lang='lat' dir='ltr'><strong>lilium</strong></span> <span class='ocrx_word' id='word_1_375' title='bbox 2731 2020 2910 2091; x_wconf 87' lang='lat' dir='ltr'><strong>parit,</strong></span> <span class='ocrx_word' id='word_1_376' title='bbox 2946 2036 3069 2077; x_wconf 89' lang='lat' dir='ltr'><strong>cum</strong></span> <span class='ocrx_word' id='word_1_377' title='bbox 3100 2030 3308 2077; x_wconf 87' lang='lat' dir='ltr'><strong>certam</strong></span> <span class='ocrx_word' id='word_1_378' title='bbox 3351 2036 3504 2090; x_wconf 91' lang='lat' dir='ltr'><strong>spem</strong></span> <span class='ocrx_word' id='word_1_379' title='bbox 3536 2036 3606 2076; x_wconf 83' lang='lat' dir='ltr'><strong>ex</strong></span> <span class='ocrx_word' id='word_1_380' title='bbox 3637 2018 3813 2075; x_wconf 90' lang='lat' dir='ltr'><strong>nimio</strong></span> 
     </span>
    </p>
   </div>
   <div class='ocr_carea' id='block_1_50' title="bbox 2214 2112 3813 2185">
    <p class='ocr_par' dir='ltr' id='par_1_50' title="bbox 2214 2112 3813 2185">
     <span class='ocr_line' id='line_1_50' title="bbox 2214 2112 3813 2185; baseline 0.002 -18"><span class='ocrx_word' id='word_1_381' title='bbox 2214 2113 2412 2168; x_wconf 88' lang='lat' dir='ltr'><strong>mentis</strong></span> <span class='ocrx_word' id='word_1_382' title='bbox 2453 2112 2668 2169; x_wconf 90' lang='lat' dir='ltr'><strong>fervore</strong></span> <span class='ocrx_word' id='word_1_383' title='bbox 2705 2114 2949 2169; x_wconf 88' lang='lat' dir='ltr'><strong>resumit.</strong></span> <span class='ocrx_word' id='word_1_384' title='bbox 3001 2113 3165 2169; x_wconf 84' lang='lat' dir='ltr'><strong>Filios</strong></span> <span class='ocrx_word' id='word_1_385' title='bbox 3198 2130 3431 2185; x_wconf 80' lang='lat' dir='ltr'><strong>namque</strong></span> <span class='ocrx_word' id='word_1_386' title='bbox 3461 2116 3530 2173; x_wconf 85' lang='lat' dir='ltr'><strong>ob</strong></span> <span class='ocrx_word' id='word_1_387' title='bbox 3575 2114 3813 2185; x_wconf 87' lang='lat' dir='ltr'><strong>posteri-</strong></span> 
     </span>
    </p>
   </div>
   <div class='ocr_carea' id='block_1_51' title="bbox 2216 2203 3813 2268">
    <p class='ocr_par' dir='ltr' id='par_1_51' title="bbox 2216 2203 3813 2268">
     <span class='ocr_line' id='line_1_51' title="bbox 2216 2203 3813 2268; baseline 0 -11"><span class='ocrx_word' id='word_1_388' title='bbox 2216 2211 2417 2268; x_wconf 90' lang='lat' dir='ltr'><strong>tatem,</strong></span> <span class='ocrx_word' id='word_1_389' title='bbox 2456 2212 2512 2258; x_wconf 89' lang='lat' dir='ltr'><strong>et</strong></span> <span class='ocrx_word' id='word_1_390' title='bbox 2557 2203 2727 2259; x_wconf 91' lang='lat' dir='ltr'><strong>nostri</strong></span> <span class='ocrx_word' id='word_1_391' title='bbox 2759 2219 2885 2258; x_wconf 89' lang='lat' dir='ltr'><strong>eum</strong></span> <span class='ocrx_word' id='word_1_392' title='bbox 2926 2204 3270 2258; x_wconf 79' lang='lat' dir='ltr'><strong>senueriinus</strong></span> <span class='ocrx_word' id='word_1_393' title='bbox 3321 2204 3813 2267; x_wconf 86' lang='lat' dir='ltr'><strong>sustentationem,</strong></span> 
     </span>
    </p>
   </div>
   <div class='ocr_carea' id='block_1_52' title="bbox 2216 2294 3813 2365">
    <p class='ocr_par' dir='ltr' id='par_1_52' title="bbox 2216 2294 3813 2365">
     <span class='ocr_line' id='line_1_52' title="bbox 2216 2294 3813 2365; baseline -0.001 -16"><span class='ocrx_word' id='word_1_394' title='bbox 2216 2310 2341 2365; x_wconf 91' lang='lat' dir='ltr'><strong>spes</strong></span> <span class='ocrx_word' id='word_1_395' title='bbox 2369 2305 2585 2350; x_wconf 90' lang='lat' dir='ltr'><strong>nostras</strong></span> <span class='ocrx_word' id='word_1_396' title='bbox 2612 2310 2809 2350; x_wconf 87' lang='lat' dir='ltr'><strong>vocare</strong></span> <span class='ocrx_word' id='word_1_397' title='bbox 2838 2294 3098 2349; x_wconf 86' lang='lat' dir='ltr'><strong>solemus.</strong></span> <span class='ocrx_word' id='word_1_398' title='bbox 3134 2294 3284 2350; x_wconf 75' lang='lat' dir='ltr'><strong>lianc</strong></span> <span class='ocrx_word' id='word_1_399' title='bbox 3314 2304 3518 2350; x_wconf 90' lang='lat' dir='ltr'><strong>certam</strong></span> <span class='ocrx_word' id='word_1_400' title='bbox 3551 2297 3670 2351; x_wconf 89' lang='lat' dir='ltr'><strong>sine</strong></span> <span class='ocrx_word' id='word_1_401' title='bbox 3704 2296 3813 2348; x_wconf 87' lang='lat' dir='ltr'><strong>nlln</strong></span> 
     </span>
    </p>
   </div>
   <div class='ocr_carea' id='block_1_53' title="bbox 2211 2385 3815 2458">
    <p class='ocr_par' dir='ltr' id='par_1_53' title="bbox 2211 2385 3815 2458">
     <span class='ocr_line' id='line_1_53' title="bbox 2211 2385 3815 2458; baseline 0.002 -19"><span class='ocrx_word' id='word_1_402' title='bbox 2211 2385 2323 2454; x_wconf 89' lang='lat' dir='ltr'><strong>jam</strong></span> <span class='ocrx_word' id='word_1_403' title='bbox 2378 2386 2585 2455; x_wconf 89' lang='lat' dir='ltr'><strong>peccati</strong></span> <span class='ocrx_word' id='word_1_404' title='bbox 2632 2386 2889 2455; x_wconf 90' lang='lat' dir='ltr'><strong>scrupulo</strong></span> <span class='ocrx_word' id='word_1_405' title='bbox 2943 2401 3092 2456; x_wconf 88' lang='lat' dir='ltr'><strong>spem</strong></span> <span class='ocrx_word' id='word_1_406' title='bbox 3143 2386 3336 2440; x_wconf 87' lang='lat' dir='ltr'><strong>beatus</strong></span> <span class='ocrx_word' id='word_1_407' title='bbox 3381 2398 3642 2458; x_wconf 76' lang='lat' dir='ltr'><strong>expertus</strong></span> <span class='ocrx_word' id='word_1_408' title='bbox 3691 2398 3815 2443; x_wconf 86' lang='lat' dir='ltr'><strong>erat</strong></span> 
     </span>
    </p>
   </div>
   <div class='ocr_carea' id='block_1_54' title="bbox 2214 2473 3808 2547">
    <p class='ocr_par' dir='ltr' id='par_1_54' title="bbox 2214 2473 3808 2547">
     <span class='ocr_line' id='line_1_54' title="bbox 2214 2473 3808 2547; baseline 0 -17"><span class='ocrx_word' id='word_1_409' title='bbox 2214 2476 2521 2540; x_wconf 86' lang='lat' dir='ltr'><strong>Antonius,</strong></span> <span class='ocrx_word' id='word_1_410' title='bbox 2545 2475 2635 2545; x_wconf 87' lang='lat' dir='ltr'><strong>qui</strong></span> <span class='ocrx_word' id='word_1_411' title='bbox 2668 2475 2784 2530; x_wconf 86' lang='lat' dir='ltr'><strong>ait:</strong></span> <span class='ocrx_word' id='word_1_412' title='bbox 2823 2475 2969 2547; x_wconf 68' lang='lat' dir='ltr'><strong>«Ego</strong></span> <span class='ocrx_word' id='word_1_413' title='bbox 2992 2473 3105 2544; x_wconf 84' lang='lat' dir='ltr'><strong>jam</strong></span> <span class='ocrx_word' id='word_1_414' title='bbox 3134 2490 3237 2531; x_wconf 92' lang='lat' dir='ltr'><strong>non</strong></span> <span class='ocrx_word' id='word_1_415' title='bbox 3269 2477 3431 2531; x_wconf 89' lang='lat' dir='ltr'><strong>timeo</strong></span> <span class='ocrx_word' id='word_1_416' title='bbox 3464 2479 3632 2535; x_wconf 85' lang='lat' dir='ltr'><strong>Deum</strong></span> <span class='ocrx_word' id='word_1_417' title='bbox 3660 2518 3674 2539; x_wconf 90' lang='lat'><strong>,</strong></span> <span class='ocrx_word' id='word_1_418' title='bbox 3709 2477 3808 2532; x_wconf 80' lang='lat' dir='ltr'><strong>sed</strong></span> 
     </span>
    </p>
   </div>
   <div class='ocr_carea' id='block_1_55' title="bbox 2216 2566 3812 2636">
    <p class='ocr_par' dir='ltr' id='par_1_55' title="bbox 2216 2566 3812 2636">
     <span class='ocr_line' id='line_1_55' title="bbox 2216 2566 3812 2636; baseline 0 -15"><span class='ocrx_word' id='word_1_419' title='bbox 2216 2582 2339 2622; x_wconf 89' lang='lat' dir='ltr'><strong>amo</strong></span> <span class='ocrx_word' id='word_1_420' title='bbox 2370 2584 2383 2621; x_wconf 92' lang='lat'><strong>:</strong></span> <span class='ocrx_word' id='word_1_421' title='bbox 2417 2585 2436 2620; x_wconf 72' lang='grc' dir='ltr'><strong><em>ι</em></strong></span> <span class='ocrx_word' id='word_1_422' title='bbox 2472 2575 2528 2622; x_wconf 93' lang='lat' dir='ltr'><strong>et</strong></span> <span class='ocrx_word' id='word_1_423' title='bbox 2556 2567 2701 2621; x_wconf 88' lang='lat' dir='ltr'><strong>hunc</strong></span> <span class='ocrx_word' id='word_1_424' title='bbox 2749 2566 2890 2636; x_wconf 86' lang='lat' dir='ltr'><strong>parit</strong></span> <span class='ocrx_word' id='word_1_425' title='bbox 2918 2566 2971 2622; x_wconf 89' lang='lat' dir='ltr'><strong>in</strong></span> <span class='ocrx_word' id='word_1_426' title='bbox 3005 2575 3309 2633; x_wconf 87' lang='lat' dir='ltr'><strong>senectute,</strong></span> <span class='ocrx_word' id='word_1_427' title='bbox 3341 2568 3393 2622; x_wconf 90' lang='lat' dir='ltr'><strong>id</strong></span> <span class='ocrx_word' id='word_1_428' title='bbox 3423 2578 3508 2623; x_wconf 91' lang='lat' dir='ltr'><strong>est</strong></span> <span class='ocrx_word' id='word_1_429' title='bbox 3536 2569 3812 2623; x_wconf 80' lang='lat' dir='ltr'><strong>exhausta</strong></span> 
     </span>
    </p>
   </div>
   <div class='ocr_carea' id='block_1_56' title="bbox 2217 2656 3811 2727">
    <p class='ocr_par' dir='ltr' id='par_1_56' title="bbox 2217 2656 3811 2727">
     <span class='ocr_line' id='line_1_56' title="bbox 2217 2656 3811 2727; baseline -0.003 -14"><span class='ocrx_word' id='word_1_430' title='bbox 2217 2658 2364 2713; x_wconf 88' lang='lat' dir='ltr'><strong>omni</strong></span> <span class='ocrx_word' id='word_1_431' title='bbox 2400 2656 2628 2725; x_wconf 85' lang='lat' dir='ltr'><strong>juvenili</strong></span> <span class='ocrx_word' id='word_1_432' title='bbox 2664 2659 3107 2727; x_wconf 63' lang='lat' dir='ltr'><strong>praesumptione,</strong></span> <span class='ocrx_word' id='word_1_433' title='bbox 3136 2666 3193 2711; x_wconf 91' lang='lat' dir='ltr'><strong>et</strong></span> <span class='ocrx_word' id='word_1_434' title='bbox 3223 2658 3537 2713; x_wconf 89' lang='lat' dir='ltr'><strong>circumsita</strong></span> <span class='ocrx_word' id='word_1_435' title='bbox 3569 2657 3811 2723; x_wconf 84' lang='lat' dir='ltr'><strong>dierum,</strong></span> 
     </span>
    </p>
   </div>
   <div class='ocr_carea' id='block_1_57' title="bbox 2218 2746 3817 2817">
    <p class='ocr_par' dir='ltr' id='par_1_57' title="bbox 2218 2746 3817 2817">
     <span class='ocr_line' id='line_1_57' title="bbox 2218 2746 3817 2817; baseline 0 -15"><span class='ocrx_word' id='word_1_436' title='bbox 2218 2748 2271 2802; x_wconf 88' lang='lat' dir='ltr'><strong>id</strong></span> <span class='ocrx_word' id='word_1_437' title='bbox 2296 2756 2376 2803; x_wconf 88' lang='lat' dir='ltr'><strong>est</strong></span> <span class='ocrx_word' id='word_1_438' title='bbox 2397 2748 2654 2802; x_wconf 87' lang='lat' dir='ltr'><strong>virtutum</strong></span> <span class='ocrx_word' id='word_1_439' title='bbox 2679 2746 2995 2802; x_wconf 89' lang='lat' dir='ltr'><strong>multimoda</strong></span> <span class='ocrx_word' id='word_1_440' title='bbox 3020 2746 3158 2811; x_wconf 89' lang='lat' dir='ltr'><strong>luce,</strong></span> <span class='ocrx_word' id='word_1_441' title='bbox 3174 2755 3229 2803; x_wconf 89' lang='lat' dir='ltr'><strong>et</strong></span> <span class='ocrx_word' id='word_1_442' title='bbox 3252 2763 3359 2817; x_wconf 90' lang='lat' dir='ltr'><strong>quo</strong></span> <span class='ocrx_word' id='word_1_443' title='bbox 3378 2748 3521 2811; x_wconf 83' lang='lat' dir='ltr'><strong>Deus</strong></span> <span class='ocrx_word' id='word_1_444' title='bbox 3538 2748 3817 2817; x_wconf 64' lang='lat' dir='ltr'><strong>praedixe-</strong></span> 
     </span>
    </p>
   </div>
   <div class='ocr_carea' id='block_1_58' title="bbox 2220 2837 3815 2913">
    <p class='ocr_par' dir='ltr' id='par_1_58' title="bbox 2220 2837 3815 2913">
     <span class='ocr_line' id='line_1_58' title="bbox 2220 2837 3815 2913; baseline 0.001 -20"><span class='ocrx_word' id='word_1_445' title='bbox 2220 2849 2309 2895; x_wconf 86' lang='lat' dir='ltr'><strong>rat</strong></span> <span class='ocrx_word' id='word_1_446' title='bbox 2341 2848 2583 2911; x_wconf 90' lang='lat' dir='ltr'><strong>tempore</strong></span> <span class='ocrx_word' id='word_1_447' title='bbox 2606 2878 2623 2905; x_wconf 93' lang='lat'><strong>,</strong></span> <span class='ocrx_word' id='word_1_448' title='bbox 2656 2838 2849 2893; x_wconf 89' lang='lat' dir='ltr'><strong>eadem</strong></span> <span class='ocrx_word' id='word_1_449' title='bbox 2894 2837 3108 2893; x_wconf 91' lang='lat' dir='ltr'><strong>scilicet</strong></span> <span class='ocrx_word' id='word_1_450' title='bbox 3134 2854 3237 2908; x_wconf 88' lang='lat' dir='ltr'><strong>qua</strong></span> <span class='ocrx_word' id='word_1_451' title='bbox 3271 2854 3419 2913; x_wconf 86' lang='lat' dir='ltr'><strong>spem</strong></span> <span class='ocrx_word' id='word_1_452' title='bbox 3453 2838 3815 2908; x_wconf 79' lang='lat' dir='ltr'><strong>perfectionis</strong></span> 
     </span>
    </p>
   </div>
   <div class='ocr_carea' id='block_1_59' title="bbox 2217 2928 3815 2999">
    <p class='ocr_par' dir='ltr' id='par_1_59' title="bbox 2217 2928 3815 2999">
     <span class='ocr_line' id='line_1_59' title="bbox 2217 2928 3815 2999; baseline 0 -14"><span class='ocrx_word' id='word_1_453' title='bbox 2217 2931 2527 2986; x_wconf 86' lang='lat' dir='ltr'><strong>obtinendae</strong></span> <span class='ocrx_word' id='word_1_454' title='bbox 2566 2938 2939 2999; x_wconf 80' lang='lat' dir='ltr'><strong>assumpserat</strong></span> <span class='ocrx_word' id='word_1_455' title='bbox 2976 2928 3070 2983; x_wconf 91' lang='lat' dir='ltr'><strong>Dei</strong></span> <span class='ocrx_word' id='word_1_456' title='bbox 3117 2928 3592 2999; x_wconf 89' lang='lat' dir='ltr'><strong>contemplatione.</strong></span> <span class='ocrx_word' id='word_1_457' title='bbox 3647 2928 3697 2985; x_wconf 89' lang='lat' dir='ltr'><strong>ls</strong></span> <span class='ocrx_word' id='word_1_458' title='bbox 3742 2931 3815 2985; x_wconf 91' lang='lat' dir='ltr'><strong>ab</strong></span> 
     </span>
    </p>
   </div>
   <div class='ocr_carea' id='block_1_60' title="bbox 2219 3020 3813 3093">
    <p class='ocr_par' dir='ltr' id='par_1_60' title="bbox 2219 3020 3813 3093">
     <span class='ocr_line' id='line_1_60' title="bbox 2219 3020 3813 3093; baseline -0.002 -15"><span class='ocrx_word' id='word_1_459' title='bbox 2219 3023 2519 3090; x_wconf 81' lang='lat' dir='ltr'><strong>Abraham,</strong></span> <span class='ocrx_word' id='word_1_460' title='bbox 2535 3021 2602 3076; x_wconf 91' lang='lat' dir='ltr'><strong>ab</strong></span> <span class='ocrx_word' id='word_1_461' title='bbox 2627 3023 2744 3093; x_wconf 92' lang='lat' dir='ltr'><strong>ipso</strong></span> <span class='ocrx_word' id='word_1_462' title='bbox 2760 3021 3008 3075; x_wconf 88' lang='lat' dir='ltr'><strong>videlicet</strong></span> <span class='ocrx_word' id='word_1_463' title='bbox 3030 3020 3279 3075; x_wconf 90' lang='lat' dir='ltr'><strong>rationali</strong></span> <span class='ocrx_word' id='word_1_464' title='bbox 3294 3022 3532 3076; x_wconf 89' lang='lat' dir='ltr'><strong>contuitu</strong></span> <span class='ocrx_word' id='word_1_465' title='bbox 3554 3034 3813 3084; x_wconf 86' lang='lat' dir='ltr'><strong>vocatur,</strong></span> 
     </span>
    </p>
   </div>
   <div class='ocr_carea' id='block_1_61' title="bbox 2222 3113 3820 3185">
    <p class='ocr_par' dir='ltr' id='par_1_61' title="bbox 2222 3113 3820 3185">
     <span class='ocr_line' id='line_1_61' title="bbox 2222 3113 3820 3185; baseline 0 -16"><span class='ocrx_word' id='word_1_466' title='bbox 2222 3114 2275 3169; x_wconf 91' lang='lat' dir='ltr'><strong>id</strong></span> <span class='ocrx_word' id='word_1_467' title='bbox 2306 3124 2391 3170; x_wconf 86' lang='lat' dir='ltr'><strong>est</strong></span> <span class='ocrx_word' id='word_1_468' title='bbox 2416 3115 2707 3170; x_wconf 90' lang='lat' dir='ltr'><strong>discretive</strong></span> <span class='ocrx_word' id='word_1_469' title='bbox 2737 3113 3053 3184; x_wconf 81' lang='lat' dir='ltr'><strong>intelligitur</strong></span> <span class='ocrx_word' id='word_1_470' title='bbox 3082 3114 3253 3178; x_wconf 85' lang='lat' dir='ltr'><strong>Isaac,</strong></span> <span class='ocrx_word' id='word_1_471' title='bbox 3286 3116 3431 3185; x_wconf 90' lang='lat' dir='ltr'><strong>quod</strong></span> <span class='ocrx_word' id='word_1_472' title='bbox 3462 3126 3547 3170; x_wconf 89' lang='lat' dir='ltr'><strong>est</strong></span> <span class='ocrx_word' id='word_1_473' title='bbox 3578 3116 3719 3170; x_wconf 80' lang='lat' dir='ltr'><strong>risus</strong></span> <span class='ocrx_word' id='word_1_474' title='bbox 3754 3125 3820 3171; x_wconf 86' lang='lat' dir='ltr'><strong>et</strong></span> 
     </span>
    </p>
   </div>
   <div class='ocr_carea' id='block_1_62' title="bbox 526 3199 2132 3281">
    <p class='ocr_par' dir='ltr' id='par_1_62' title="bbox 526 3207 2116 3281">
     <span class='ocr_line' id='line_1_62' title="bbox 526 3207 2116 3281; baseline 0.008 -24"><span class='ocrx_word' id='word_1_475' title='bbox 526 3207 633 3268; x_wconf 82' lang='lat' dir='ltr'><strong>ris,</strong></span> <span class='ocrx_word' id='word_1_476' title='bbox 685 3219 938 3265; x_wconf 83' lang='lat' dir='ltr'><strong>memento</strong></span> <span class='ocrx_word' id='word_1_477' title='bbox 986 3220 1036 3263; x_wconf 90' lang='lat' dir='ltr'><strong>te</strong></span> <span class='ocrx_word' id='word_1_478' title='bbox 1084 3227 1195 3265; x_wconf 82' lang='lat' dir='ltr'><strong>esse</strong></span> <span class='ocrx_word' id='word_1_479' title='bbox 1239 3211 1638 3281; x_wconf 85' lang='lat' dir='ltr'><strong>deprehensam.</strong></span> <span class='ocrx_word' id='word_1_480' title='bbox 1698 3213 1897 3270; x_wconf 86' lang='lat' dir='ltr'><strong>Oraute</strong></span> <span class='ocrx_word' id='word_1_481' title='bbox 1944 3226 2116 3271; x_wconf 88' lang='lat' dir='ltr'><strong>autem</strong></span> 
     </span>
    </p>
   </div>
   <div class='ocr_carea' id='block_1_63' title="bbox 2218 3199 3813 3281">
    <p class='ocr_par' dir='ltr' id='par_1_63' title="bbox 2221 3205 3813 3278">
     <span class='ocr_line' id='line_1_63' title="bbox 2221 3205 3813 3278; baseline 0.001 -18"><span class='ocrx_word' id='word_1_482' title='bbox 2221 3208 2509 3277; x_wconf 89' lang='lat' dir='ltr'><strong>gaudium,</strong></span> <span class='ocrx_word' id='word_1_483' title='bbox 2551 3206 2694 3276; x_wconf 92' lang='lat' dir='ltr'><strong>quod</strong></span> <span class='ocrx_word' id='word_1_484' title='bbox 2720 3220 2818 3276; x_wconf 85' lang='lat' dir='ltr'><strong>per</strong></span> <span class='ocrx_word' id='word_1_485' title='bbox 2844 3206 2958 3275; x_wconf 89' lang='lat' dir='ltr'><strong>spei</strong></span> <span class='ocrx_word' id='word_1_486' title='bbox 2984 3205 3181 3260; x_wconf 86' lang='lat' dir='ltr'><strong>donum</strong></span> <span class='ocrx_word' id='word_1_487' title='bbox 3214 3207 3301 3262; x_wconf 90' lang='lat' dir='ltr'><strong>hic</strong></span> <span class='ocrx_word' id='word_1_488' title='bbox 3327 3207 3440 3276; x_wconf 91' lang='lat' dir='ltr'><strong>jam</strong></span> <span class='ocrx_word' id='word_1_489' title='bbox 3486 3208 3813 3278; x_wconf 85' lang='lat' dir='ltr'><strong>intelligitur</strong></span> 
     </span>
    </p>
   </div>
   <div class='ocr_carea' id='block_1_64' title="bbox 524 3298 2120 3375">
    <p class='ocr_par' dir='ltr' id='par_1_64' title="bbox 524 3298 2120 3375">
     <span class='ocr_line' id='line_1_64' title="bbox 524 3298 2120 3375; baseline 0.008 -25"><span class='ocrx_word' id='word_1_490' title='bbox 524 3298 827 3366; x_wconf 77' lang='lat' dir='ltr'><strong>Abraham,</strong></span> <span class='ocrx_word' id='word_1_491' title='bbox 873 3303 1080 3356; x_wconf 85' lang='lat' dir='ltr'><strong>sanavit</strong></span> <span class='ocrx_word' id='word_1_492' title='bbox 1127 3302 1269 3361; x_wconf 83' lang='lat' dir='ltr'><strong>Deus</strong></span> <span class='ocrx_word' id='word_1_493' title='bbox 1306 3304 1634 3369; x_wconf 83' lang='lat' dir='ltr'><strong>Abimelech,</strong></span> <span class='ocrx_word' id='word_1_494' title='bbox 1681 3317 1729 3362; x_wconf 86' lang='lat' dir='ltr'><strong>et</strong></span> <span class='ocrx_word' id='word_1_495' title='bbox 1767 3324 2017 3375; x_wconf 77' lang='lat' dir='ltr'><strong>uxorem,</strong></span> <span class='ocrx_word' id='word_1_496' title='bbox 2070 3319 2120 3362; x_wconf 91' lang='lat' dir='ltr'><strong>et</strong></span> 
     </span>
    </p>
   </div>
   <div class='ocr_carea' id='block_1_65' title="bbox 525 3393 2119 3465">
    <p class='ocr_par' dir='ltr' id='par_1_65' title="bbox 525 3393 2119 3465">
     <span class='ocr_line' id='line_1_65' title="bbox 525 3393 2119 3465; baseline 0.009 -22"><span class='ocrx_word' id='word_1_497' title='bbox 525 3393 750 3448; x_wconf 85' lang='lat' dir='ltr'><strong>ancillas</strong></span> <span class='ocrx_word' id='word_1_498' title='bbox 777 3394 915 3464; x_wconf 83' lang='lat' dir='ltr'><strong>ejus,</strong></span> <span class='ocrx_word' id='word_1_499' title='bbox 949 3408 996 3449; x_wconf 90' lang='lat' dir='ltr'><strong>et</strong></span> <span class='ocrx_word' id='word_1_500' title='bbox 1031 3404 1363 3465; x_wconf 86' lang='lat' dir='ltr'><strong>pepererunt.</strong></span> <span class='ocrx_word' id='word_1_501' title='bbox 1414 3397 1756 3455; x_wconf 83' lang='lat' dir='ltr'><strong>Concluserat</strong></span> <span class='ocrx_word' id='word_1_502' title='bbox 1796 3402 1936 3456; x_wconf 86' lang='lat' dir='ltr'><strong>enim</strong></span> <span class='ocrx_word' id='word_1_503' title='bbox 1976 3401 2119 3457; x_wconf 82' lang='lat' dir='ltr'><strong>Deus</strong></span> 
     </span>
    </p>
   </div>
   <div class='ocr_carea' id='block_1_66' title="bbox 524 3486 2118 3561">
    <p class='ocr_par' dir='ltr' id='par_1_66' title="bbox 524 3486 2118 3561">
     <span class='ocr_line' id='line_1_66' title="bbox 524 3486 2118 3561; baseline 0.006 -22"><span class='ocrx_word' id='word_1_504' title='bbox 524 3500 734 3539; x_wconf 75' lang='lat' dir='ltr'><strong>atunem</strong></span> <span class='ocrx_word' id='word_1_505' title='bbox 760 3486 968 3540; x_wconf 82' lang='lat' dir='ltr'><strong>vulvam</strong></span> <span class='ocrx_word' id='word_1_506' title='bbox 999 3488 1185 3543; x_wconf 84' lang='lat' dir='ltr'><strong>domus</strong></span> <span class='ocrx_word' id='word_1_507' title='bbox 1216 3489 1511 3545; x_wconf 85' lang='lat' dir='ltr'><strong>Abimelech</strong></span> <span class='ocrx_word' id='word_1_508' title='bbox 1538 3501 1748 3561; x_wconf 86' lang='lat' dir='ltr'><strong>prapter</strong></span> <span class='ocrx_word' id='word_1_509' title='bbox 1775 3491 1967 3549; x_wconf 81' lang='lat' dir='ltr'><strong>Suram</strong></span> <span class='ocrx_word' id='word_1_510' title='bbox 1984 3511 2118 3548; x_wconf 79' lang='lat' dir='ltr'><strong>uxo-</strong></span> 
     </span>
    </p>
   </div>
   <div class='ocr_carea' id='block_1_67' title="bbox 528 3576 2120 3645">
    <p class='ocr_par' dir='ltr' id='par_1_67' title="bbox 528 3576 2120 3645">
     <span class='ocr_line' id='line_1_67' title="bbox 528 3576 2120 3645; baseline 0.009 -19"><span class='ocrx_word' id='word_1_511' title='bbox 528 3593 638 3630; x_wconf 83' lang='lat' dir='ltr'><strong>rem</strong></span> <span class='ocrx_word' id='word_1_512' title='bbox 683 3576 972 3632; x_wconf 68' lang='lat' dir='ltr'><strong>Abraham.</strong></span> <span class='ocrx_word' id='word_1_513' title='bbox 1019 3579 1338 3635; x_wconf 85' lang='lat' dir='ltr'><strong>Abimclech</strong></span> <span class='ocrx_word' id='word_1_514' title='bbox 1383 3579 1535 3635; x_wconf 69' lang='lat' dir='ltr'><strong>Sara:</strong></span> <span class='ocrx_word' id='word_1_515' title='bbox 1580 3582 1744 3645; x_wconf 86' lang='lat' dir='ltr'><strong>dixit,</strong></span> <span class='ocrx_word' id='word_1_516' title='bbox 1784 3598 1906 3639; x_wconf 91' lang='lat' dir='ltr'><strong>cum</strong></span> <span class='ocrx_word' id='word_1_517' title='bbox 1950 3599 1979 3638; x_wconf 91' lang='lat' dir='ltr'><strong>a</strong></span> <span class='ocrx_word' id='word_1_518' title='bbox 2020 3599 2120 3641; x_wconf 92' lang='lat' dir='ltr'><strong>suo</strong></span> 
     </span>
    </p>
   </div>
   <div class='ocr_carea' id='block_1_68' title="bbox 529 3668 2122 3745">
    <p class='ocr_par' dir='ltr' id='par_1_68' title="bbox 529 3668 2122 3745">
     <span class='ocr_line' id='line_1_68' title="bbox 529 3668 2122 3745; baseline 0.009 -23"><span class='ocrx_word' id='word_1_519' title='bbox 529 3668 732 3737; x_wconf 87' lang='lat' dir='ltr'><strong>impetu</strong></span> <span class='ocrx_word' id='word_1_520' title='bbox 772 3684 1020 3737; x_wconf 88' lang='lat' dir='ltr'><strong>cessans,</strong></span> <span class='ocrx_word' id='word_1_521' title='bbox 1054 3687 1174 3741; x_wconf 85' lang='lat' dir='ltr'><strong>quae</strong></span> <span class='ocrx_word' id='word_1_522' title='bbox 1202 3672 1447 3743; x_wconf 89' lang='lat' dir='ltr'><strong>subjecta</strong></span> <span class='ocrx_word' id='word_1_523' title='bbox 1475 3684 1603 3729; x_wconf 87' lang='lat' dir='ltr'><strong>sunt</strong></span> <span class='ocrx_word' id='word_1_524' title='bbox 1634 3690 1732 3745; x_wconf 88' lang='lat' dir='ltr'><strong>per</strong></span> <span class='ocrx_word' id='word_1_525' title='bbox 1760 3675 1985 3733; x_wconf 68' lang='lat' dir='ltr'><strong>elfectus</strong></span> <span class='ocrx_word' id='word_1_526' title='bbox 2012 3680 2122 3735; x_wconf 86' lang='lat' dir='ltr'><strong>evi-</strong></span> 
     </span>
    </p>
   </div>
   <div class='ocr_carea' id='block_1_69' title="bbox 530 3761 2117 3837">
    <p class='ocr_par' dir='ltr' id='par_1_69' title="bbox 530 3761 2117 3837">
     <span class='ocr_line' id='line_1_69' title="bbox 530 3761 2117 3837; baseline 0.008 -23"><span class='ocrx_word' id='word_1_527' title='bbox 530 3761 771 3817; x_wconf 86' lang='lat' dir='ltr'><strong>dentiam</strong></span> <span class='ocrx_word' id='word_1_528' title='bbox 804 3762 988 3818; x_wconf 90' lang='lat' dir='ltr'><strong>videre</strong></span> <span class='ocrx_word' id='word_1_529' title='bbox 1019 3764 1308 3833; x_wconf 88' lang='lat' dir='ltr'><strong>permisit:</strong></span> <span class='ocrx_word' id='word_1_530' title='bbox 1334 3765 1479 3822; x_wconf 84' lang='lat' dir='ltr'><strong>Heus</strong></span> <span class='ocrx_word' id='word_1_531' title='bbox 1510 3775 1588 3830; x_wconf 87' lang='lat' dir='ltr'><strong>tu.</strong></span> <span class='ocrx_word' id='word_1_532' title='bbox 1618 3768 1813 3837; x_wconf 90' lang='lat' dir='ltr'><strong>inquit,</strong></span> <span class='ocrx_word' id='word_1_533' title='bbox 1845 3769 2117 3837; x_wconf 88' lang='lat' dir='ltr'><strong>voluntas,</strong></span> 
     </span>
    </p>
   </div>
   <div class='ocr_carea' id='block_1_70' title="bbox 530 3850 2125 3931">
    <p class='ocr_par' dir='ltr' id='par_1_70' title="bbox 530 3850 2125 3931">
     <span class='ocr_line' id='line_1_70' title="bbox 530 3850 2125 3931; baseline 0.008 -28"><span class='ocrx_word' id='word_1_534' title='bbox 530 3850 679 3906; x_wconf 86' lang='lat' dir='ltr'><strong>mille</strong></span> <span class='ocrx_word' id='word_1_535' title='bbox 709 3862 996 3924; x_wconf 87' lang='lat' dir='ltr'><strong>argenteos</strong></span> <span class='ocrx_word' id='word_1_536' title='bbox 1021 3853 1177 3911; x_wconf 84' lang='lat' dir='ltr'><strong>fratri</strong></span> <span class='ocrx_word' id='word_1_537' title='bbox 1208 3864 1302 3911; x_wconf 90' lang='lat' dir='ltr'><strong>tuo</strong></span> <span class='ocrx_word' id='word_1_538' title='bbox 1331 3857 1473 3924; x_wconf 88' lang='lat' dir='ltr'><strong>dedi,</strong></span> <span class='ocrx_word' id='word_1_539' title='bbox 1506 3858 1559 3914; x_wconf 88' lang='lat' dir='ltr'><strong>id</strong></span> <span class='ocrx_word' id='word_1_540' title='bbox 1588 3867 1674 3915; x_wconf 86' lang='lat' dir='ltr'><strong>est</strong></span> <span class='ocrx_word' id='word_1_541' title='bbox 1700 3860 1768 3915; x_wconf 90' lang='lat' dir='ltr'><strong>ab</strong></span> <span class='ocrx_word' id='word_1_542' title='bbox 1796 3861 1943 3916; x_wconf 92' lang='lat' dir='ltr'><strong>omni</strong></span> <span class='ocrx_word' id='word_1_543' title='bbox 1976 3863 2125 3931; x_wconf 86' lang='lat' dir='ltr'><strong>cupi-</strong></span> 
     </span>
    </p>
   </div>
   <div class='ocr_carea' id='block_1_71' title="bbox 531 3940 2121 4015">
    <p class='ocr_par' dir='ltr' id='par_1_71' title="bbox 531 3940 2121 4015">
     <span class='ocr_line' id='line_1_71' title="bbox 531 3940 2121 4015; baseline 0.007 -21"><span class='ocrx_word' id='word_1_544' title='bbox 531 3940 722 3997; x_wconf 87' lang='lat' dir='ltr'><strong>ditatis</strong></span> <span class='ocrx_word' id='word_1_545' title='bbox 744 3945 1086 4014; x_wconf 81' lang='lat' dir='ltr'><strong>suggestione</strong></span> <span class='ocrx_word' id='word_1_546' title='bbox 1099 3945 1408 4015; x_wconf 89' lang='lat' dir='ltr'><strong>quiescens,</strong></span> <span class='ocrx_word' id='word_1_547' title='bbox 1426 3948 1589 4003; x_wconf 92' lang='lat' dir='ltr'><strong>totius</strong></span> <span class='ocrx_word' id='word_1_548' title='bbox 1603 3957 1830 4005; x_wconf 70' lang='lat' dir='ltr'><strong>terrenae</strong></span> <span class='ocrx_word' id='word_1_549' title='bbox 1842 3948 2121 4005; x_wconf 86' lang='lat' dir='ltr'><strong>facultatis</strong></span> 
     </span>
    </p>
   </div>
   <div class='ocr_carea' id='block_1_72' title="bbox 528 4029 2119 4113">
    <p class='ocr_par' dir='ltr' id='par_1_72' title="bbox 528 4029 2119 4113">
     <span class='ocr_line' id='line_1_72' title="bbox 528 4029 2119 4113; baseline 0.009 -28"><span class='ocrx_word' id='word_1_550' title='bbox 528 4029 851 4100; x_wconf 86' lang='lat' dir='ltr'><strong>abjiciendae</strong></span> <span class='ocrx_word' id='word_1_551' title='bbox 872 4035 1086 4104; x_wconf 84' lang='lat' dir='ltr'><strong>copiam</strong></span> <span class='ocrx_word' id='word_1_552' title='bbox 1119 4053 1226 4093; x_wconf 92' lang='lat' dir='ltr'><strong>non</strong></span> <span class='ocrx_word' id='word_1_553' title='bbox 1257 4040 1421 4095; x_wconf 89' lang='lat' dir='ltr'><strong>abnui</strong></span> <span class='ocrx_word' id='word_1_554' title='bbox 1452 4040 1546 4096; x_wconf 86' lang='lat' dir='ltr'><strong>tibi</strong></span> <span class='ocrx_word' id='word_1_555' title='bbox 1575 4042 2119 4113; x_wconf 82' lang='lat' dir='ltr'><strong>germanitusjuncto</strong></span> 
     </span>
    </p>
   </div>
   <div class='ocr_carea' id='block_1_73' title="bbox 529 4120 2117 4201">
    <p class='ocr_par' dir='ltr' id='par_1_73' title="bbox 529 4120 2117 4201">
     <span class='ocr_line' id='line_1_73' title="bbox 529 4120 2117 4201; baseline 0.008 -28"><span class='ocrx_word' id='word_1_556' title='bbox 529 4120 852 4189; x_wconf 83' lang='lat' dir='ltr'><strong>intellectui,</strong></span> <span class='ocrx_word' id='word_1_557' title='bbox 876 4142 996 4195; x_wconf 71' lang='lat' dir='ltr'><strong>qua:</strong></span> <span class='ocrx_word' id='word_1_558' title='bbox 1020 4126 1423 4185; x_wconf 85' lang='lat' dir='ltr'><strong>abrenuntiatio</strong></span> <span class='ocrx_word' id='word_1_559' title='bbox 1452 4146 1559 4186; x_wconf 91' lang='lat' dir='ltr'><strong>non</strong></span> <span class='ocrx_word' id='word_1_560' title='bbox 1591 4140 1697 4186; x_wconf 91' lang='lat' dir='ltr'><strong>tam</strong></span> <span class='ocrx_word' id='word_1_561' title='bbox 1728 4133 1887 4186; x_wconf 90' lang='lat' dir='ltr'><strong>modo</strong></span> <span class='ocrx_word' id='word_1_562' title='bbox 1911 4147 2117 4201; x_wconf 89' lang='lat' dir='ltr'><strong>rerum,</strong></span> 
     </span>
    </p>
   </div>
   <div class='ocr_carea' id='block_1_74' title="bbox 525 4218 2119 4293">
    <p class='ocr_par' dir='ltr' id='par_1_74' title="bbox 525 4218 2119 4293">
     <span class='ocr_line' id='line_1_74' title="bbox 525 4218 2119 4293; baseline 0.008 -26"><span class='ocrx_word' id='word_1_563' title='bbox 525 4229 694 4284; x_wconf 81' lang='lat' dir='ltr'><strong>quam</strong></span> <span class='ocrx_word' id='word_1_564' title='bbox 735 4218 1094 4288; x_wconf 87' lang='lat' dir='ltr'><strong>cupiditatum</strong></span> <span class='ocrx_word' id='word_1_565' title='bbox 1127 4222 1179 4275; x_wconf 93' lang='lat' dir='ltr'><strong>in</strong></span> <span class='ocrx_word' id='word_1_566' title='bbox 1220 4223 1496 4293; x_wconf 82' lang='lat' dir='ltr'><strong>munimen</strong></span> <span class='ocrx_word' id='word_1_567' title='bbox 1532 4225 1638 4278; x_wconf 91' lang='lat' dir='ltr'><strong>erit</strong></span> <span class='ocrx_word' id='word_1_568' title='bbox 1678 4222 1770 4278; x_wconf 90' lang='lat' dir='ltr'><strong>tibi</strong></span> <span class='ocrx_word' id='word_1_569' title='bbox 1815 4224 2119 4292; x_wconf 88' lang='lat' dir='ltr'><strong>oculorum,</strong></span> 
     </span>
    </p>
   </div>
   <div class='ocr_carea' id='block_1_75' title="bbox 528 4307 2119 4385">
    <p class='ocr_par' dir='ltr' id='par_1_75' title="bbox 528 4307 2119 4385">
     <span class='ocr_line' id='line_1_75' title="bbox 528 4307 2119 4385; baseline 0.006 -24"><span class='ocrx_word' id='word_1_570' title='bbox 528 4307 893 4365; x_wconf 85' lang='lat' dir='ltr'><strong>intentionum</strong></span> <span class='ocrx_word' id='word_1_571' title='bbox 914 4311 1122 4367; x_wconf 88' lang='lat' dir='ltr'><strong>scilicet</strong></span> <span class='ocrx_word' id='word_1_572' title='bbox 1145 4322 1381 4380; x_wconf 92' lang='lat' dir='ltr'><strong>tuarum,</strong></span> <span class='ocrx_word' id='word_1_573' title='bbox 1397 4323 1455 4369; x_wconf 89' lang='lat' dir='ltr'><strong>ut</strong></span> <span class='ocrx_word' id='word_1_574' title='bbox 1478 4330 1582 4370; x_wconf 90' lang='lat' dir='ltr'><strong>non</strong></span> <span class='ocrx_word' id='word_1_575' title='bbox 1607 4323 1904 4384; x_wconf 87' lang='lat' dir='ltr'><strong>graventur</strong></span> <span class='ocrx_word' id='word_1_576' title='bbox 1924 4316 2119 4385; x_wconf 87' lang='lat' dir='ltr'><strong>pituita</strong></span> 
     </span>
    </p>
   </div>
   <div class='ocr_carea' id='block_1_76' title="bbox 530 4405 2120 4477">
    <p class='ocr_par' dir='ltr' id='par_1_76' title="bbox 530 4405 2120 4477">
     <span class='ocr_line' id='line_1_76' title="bbox 530 4405 2120 4477; baseline 0.007 -25"><span class='ocrx_word' id='word_1_577' title='bbox 530 4414 807 4465; x_wconf 89' lang='lat' dir='ltr'><strong>curarum,</strong></span> <span class='ocrx_word' id='word_1_578' title='bbox 838 4410 895 4455; x_wconf 90' lang='lat' dir='ltr'><strong>ut</strong></span> <span class='ocrx_word' id='word_1_579' title='bbox 917 4418 1108 4458; x_wconf 89' lang='lat' dir='ltr'><strong>omnes</strong></span> <span class='ocrx_word' id='word_1_580' title='bbox 1122 4405 1218 4475; x_wconf 83' lang='lat' dir='ltr'><strong>qui</strong></span> <span class='ocrx_word' id='word_1_581' title='bbox 1244 4414 1422 4460; x_wconf 90' lang='lat' dir='ltr'><strong>tecum</strong></span> <span class='ocrx_word' id='word_1_582' title='bbox 1445 4415 1593 4473; x_wconf 89' lang='lat' dir='ltr'><strong>sunt,</strong></span> <span class='ocrx_word' id='word_1_583' title='bbox 1619 4406 1913 4462; x_wconf 87' lang='lat' dir='ltr'><strong>rationales</strong></span> <span class='ocrx_word' id='word_1_584' title='bbox 1935 4408 2120 4477; x_wconf 91' lang='lat' dir='ltr'><strong>utique</strong></span> 
     </span>
    </p>
   </div>
   <div class='ocr_carea' id='block_1_77' title="bbox 528 4493 2117 4569">
    <p class='ocr_par' dir='ltr' id='par_1_77' title="bbox 528 4493 2117 4569">
     <span class='ocr_line' id='line_1_77' title="bbox 528 4493 2117 4569; baseline 0.008 -25"><span class='ocrx_word' id='word_1_585' title='bbox 528 4493 607 4545; x_wconf 89' lang='lat' dir='ltr'><strong>tui</strong></span> <span class='ocrx_word' id='word_1_586' title='bbox 652 4501 831 4549; x_wconf 90' lang='lat' dir='ltr'><strong>motus</strong></span> <span class='ocrx_word' id='word_1_587' title='bbox 855 4535 870 4562; x_wconf 93' lang='lat'><strong>,</strong></span> <span class='ocrx_word' id='word_1_588' title='bbox 916 4510 1010 4550; x_wconf 91' lang='lat' dir='ltr'><strong>seu</strong></span> <span class='ocrx_word' id='word_1_589' title='bbox 1058 4497 1320 4553; x_wconf 87' lang='lat' dir='ltr'><strong>virtutum</strong></span> <span class='ocrx_word' id='word_1_590' title='bbox 1369 4499 1546 4554; x_wconf 91' lang='lat' dir='ltr'><strong>studia</strong></span> <span class='ocrx_word' id='word_1_591' title='bbox 1575 4538 1591 4563; x_wconf 93' lang='lat'><strong>,</strong></span> <span class='ocrx_word' id='word_1_592' title='bbox 1632 4514 1753 4569; x_wconf 77' lang='lat' dir='ltr'><strong>quze</strong></span> <span class='ocrx_word' id='word_1_593' title='bbox 1789 4501 1948 4557; x_wconf 88' lang='lat' dir='ltr'><strong>nobis</strong></span> <span class='ocrx_word' id='word_1_594' title='bbox 1978 4517 2043 4557; x_wconf 86' lang='lat' dir='ltr'><strong>ac</strong></span> <span class='ocrx_word' id='word_1_595' title='bbox 2072 4503 2117 4557; x_wconf 89' lang='lat' dir='ltr'><strong>si</strong></span> 
     </span>
    </p>
   </div>
   <div class='ocr_carea' id='block_1_78' title="bbox 525 4585 2117 4664">
    <p class='ocr_par' dir='ltr' id='par_1_78' title="bbox 525 4585 2117 4664">
     <span class='ocr_line' id='line_1_78' title="bbox 525 4585 2117 4664; baseline 0.008 -27"><span class='ocrx_word' id='word_1_596' title='bbox 525 4585 747 4652; x_wconf 87' lang='lat' dir='ltr'><strong>quidam</strong></span> <span class='ocrx_word' id='word_1_597' title='bbox 777 4587 1071 4644; x_wconf 84' lang='lat' dir='ltr'><strong>familiares</strong></span> <span class='ocrx_word' id='word_1_598' title='bbox 1093 4590 1310 4653; x_wconf 89' lang='lat' dir='ltr'><strong>adsunt,</strong></span> <span class='ocrx_word' id='word_1_599' title='bbox 1325 4590 1427 4645; x_wconf 91' lang='lat' dir='ltr'><strong>hoc</strong></span> <span class='ocrx_word' id='word_1_600' title='bbox 1449 4590 1806 4647; x_wconf 88' lang='lat' dir='ltr'><strong>immunitatis</strong></span> <span class='ocrx_word' id='word_1_601' title='bbox 1828 4602 2117 4664; x_wconf 86' lang='lat' dir='ltr'><strong>contegan-</strong></span> 
     </span>
    </p>
   </div>
   <div class='ocr_carea' id='block_1_79' title="bbox 529 4679 2119 4757">
    <p class='ocr_par' dir='ltr' id='par_1_79' title="bbox 529 4679 2119 4757">
     <span class='ocr_line' id='line_1_79' title="bbox 529 4679 2119 4757; baseline 0.009 -28"><span class='ocrx_word' id='word_1_602' title='bbox 529 4679 801 4750; x_wconf 86' lang='lat' dir='ltr'><strong>turasylo,</strong></span> <span class='ocrx_word' id='word_1_603' title='bbox 830 4681 898 4737; x_wconf 88' lang='lat' dir='ltr'><strong>ad</strong></span> <span class='ocrx_word' id='word_1_604' title='bbox 922 4696 1260 4753; x_wconf 63' lang='lat' dir='ltr'><strong>quaecunque</strong></span> <span class='ocrx_word' id='word_1_605' title='bbox 1286 4683 1503 4753; x_wconf 90' lang='lat' dir='ltr'><strong>pietatis</strong></span> <span class='ocrx_word' id='word_1_606' title='bbox 1529 4686 1802 4755; x_wconf 86' lang='lat' dir='ltr'><strong>proposita</strong></span> <span class='ocrx_word' id='word_1_607' title='bbox 1817 4688 2119 4757; x_wconf 86' lang='lat' dir='ltr'><strong>appetendo</strong></span> 
     </span>
    </p>
   </div>
   <div class='ocr_carea' id='block_1_80' title="bbox 529 4775 2117 4840">
    <p class='ocr_par' dir='ltr' id='par_1_80' title="bbox 529 4775 2117 4840">
     <span class='ocr_line' id='line_1_80' title="bbox 529 4775 2117 4840; baseline 0.005 -15"><span class='ocrx_word' id='word_1_608' title='bbox 529 4775 886 4840; x_wconf 82' lang='lat' dir='ltr'><strong>processeris,</strong></span> <span class='ocrx_word' id='word_1_609' title='bbox 902 4784 956 4829; x_wconf 91' lang='lat' dir='ltr'><strong>et</strong></span> <span class='ocrx_word' id='word_1_610' title='bbox 977 4775 1103 4831; x_wconf 87' lang='lat' dir='ltr'><strong>licet</strong></span> <span class='ocrx_word' id='word_1_611' title='bbox 1124 4776 1177 4830; x_wconf 91' lang='lat' dir='ltr'><strong>in</strong></span> <span class='ocrx_word' id='word_1_612' title='bbox 1195 4776 1418 4831; x_wconf 88' lang='lat' dir='ltr'><strong>multam</strong></span> <span class='ocrx_word' id='word_1_613' title='bbox 1442 4779 1752 4834; x_wconf 88' lang='lat' dir='ltr'><strong>sanctitatis</strong></span> <span class='ocrx_word' id='word_1_614' title='bbox 1766 4780 2117 4835; x_wconf 88' lang='lat' dir='ltr'><strong>eminentiam</strong></span> 
     </span>
    </p>
   </div>
   <div class='ocr_carea' id='block_1_81' title="bbox 533 4862 2114 4939">
    <p class='ocr_par' dir='ltr' id='par_1_81' title="bbox 533 4862 2114 4939">
     <span class='ocr_line' id='line_1_81' title="bbox 533 4862 2114 4939; baseline 0.005 -24"><span class='ocrx_word' id='word_1_615' title='bbox 533 4862 824 4931; x_wconf 82' lang='lat' dir='ltr'><strong>aliquando</strong></span> <span class='ocrx_word' id='word_1_616' title='bbox 855 4866 1168 4935; x_wconf 88' lang='lat' dir='ltr'><strong>perveneris</strong></span> <span class='ocrx_word' id='word_1_617' title='bbox 1194 4906 1208 4927; x_wconf 88' lang='lat'><strong><em>.</em></strong></span> <span class='ocrx_word' id='word_1_618' title='bbox 1241 4874 1420 4922; x_wconf 90' lang='lat' dir='ltr'><strong>tamen</strong></span> <span class='ocrx_word' id='word_1_619' title='bbox 1446 4883 1478 4921; x_wconf 88' lang='lat' dir='ltr'><strong>a</strong></span> <span class='ocrx_word' id='word_1_620' title='bbox 1508 4883 1627 4922; x_wconf 90' lang='lat' dir='ltr'><strong>mea</strong></span> <span class='ocrx_word' id='word_1_621' title='bbox 1661 4869 1881 4939; x_wconf 90' lang='lat' dir='ltr'><strong>regione</strong></span> <span class='ocrx_word' id='word_1_622' title='bbox 1906 4909 1921 4933; x_wconf 93' lang='lat'><strong>,</strong></span> <span class='ocrx_word' id='word_1_623' title='bbox 1951 4884 2114 4938; x_wconf 90' lang='lat' dir='ltr'><strong>quam</strong></span> 
     </span>
    </p>
   </div>
   <div class='ocr_carea' id='block_1_82' title="bbox 530 4955 2114 5030">
    <p class='ocr_par' dir='ltr' id='par_1_82' title="bbox 530 4955 2114 5030">
     <span class='ocr_line' id='line_1_82' title="bbox 530 4955 2114 5030; baseline 0.004 -22"><span class='ocrx_word' id='word_1_624' title='bbox 530 4955 696 5008; x_wconf 87' lang='lat' dir='ltr'><strong>semel</strong></span> <span class='ocrx_word' id='word_1_625' title='bbox 725 4967 980 5024; x_wconf 82' lang='lat' dir='ltr'><strong>expertus</strong></span> <span class='ocrx_word' id='word_1_626' title='bbox 1012 4972 1090 5021; x_wconf 91' lang='lat' dir='ltr'><strong>es,</strong></span> <span class='ocrx_word' id='word_1_627' title='bbox 1132 4966 1183 5012; x_wconf 91' lang='lat' dir='ltr'><strong>te</strong></span> <span class='ocrx_word' id='word_1_628' title='bbox 1213 4973 1243 5011; x_wconf 91' lang='lat' dir='ltr'><strong>a</strong></span> <span class='ocrx_word' id='word_1_629' title='bbox 1277 4958 1438 5013; x_wconf 87' lang='lat' dir='ltr'><strong>modo</strong></span> <span class='ocrx_word' id='word_1_630' title='bbox 1463 4958 1727 5015; x_wconf 77' lang='lat' dir='ltr'><strong>dirimens</strong></span> <span class='ocrx_word' id='word_1_631' title='bbox 1762 4961 2028 5030; x_wconf 68' lang='lat' dir='ltr'><strong>superbiae</strong></span> <span class='ocrx_word' id='word_1_632' title='bbox 2063 4970 2114 5016; x_wconf 91' lang='lat' dir='ltr'><strong>te</strong></span> 
     </span>
    </p>
   </div>
   <div class='ocr_carea' id='block_1_83' title="bbox 529 5046 2119 5122">
    <p class='ocr_par' dir='ltr' id='par_1_83' title="bbox 529 5046 2119 5122">
     <span class='ocr_line' id='line_1_83' title="bbox 529 5046 2119 5122; baseline 0.007 -25"><span class='ocrx_word' id='word_1_633' title='bbox 529 5046 819 5117; x_wconf 87' lang='lat' dir='ltr'><strong>voragines</strong></span> <span class='ocrx_word' id='word_1_634' title='bbox 836 5063 1051 5117; x_wconf 82' lang='lat' dir='ltr'><strong>seraper</strong></span> <span class='ocrx_word' id='word_1_635' title='bbox 1076 5049 1301 5104; x_wconf 62' lang='lat' dir='ltr'><strong>irruisse</strong></span> <span class='ocrx_word' id='word_1_636' title='bbox 1316 5051 1651 5106; x_wconf 90' lang='lat' dir='ltr'><strong>memineris.</strong></span> <span class='ocrx_word' id='word_1_637' title='bbox 1670 5050 1811 5107; x_wconf 87' lang='lat' dir='ltr'><strong>Mille</strong></span> <span class='ocrx_word' id='word_1_638' title='bbox 1833 5066 1859 5105; x_wconf 88' lang='lat' dir='ltr'><strong>a</strong></span> <span class='ocrx_word' id='word_1_639' title='bbox 1871 5061 2119 5122; x_wconf 86' lang='lat' dir='ltr'><strong>rgenteos</strong></span> 
     </span>
    </p>
   </div>
   <div class='ocr_carea' id='block_1_84' title="bbox 529 5139 2117 5213">
    <p class='ocr_par' dir='ltr' id='par_1_84' title="bbox 529 5139 2117 5213">
     <span class='ocr_line' id='line_1_84' title="bbox 529 5139 2117 5213; baseline 0.005 -23"><span class='ocrx_word' id='word_1_640' title='bbox 529 5153 629 5205; x_wconf 90' lang='lat' dir='ltr'><strong>pro</strong></span> <span class='ocrx_word' id='word_1_641' title='bbox 651 5139 984 5207; x_wconf 86' lang='lat' dir='ltr'><strong>plenitudine</strong></span> <span class='ocrx_word' id='word_1_642' title='bbox 1008 5141 1173 5196; x_wconf 89' lang='lat' dir='ltr'><strong>totius</strong></span> <span class='ocrx_word' id='word_1_643' title='bbox 1201 5151 1430 5196; x_wconf 67' lang='lat' dir='ltr'><strong>terrente</strong></span> <span class='ocrx_word' id='word_1_644' title='bbox 1453 5142 1772 5197; x_wconf 72' lang='lat' dir='ltr'><strong>substantiae</strong></span> <span class='ocrx_word' id='word_1_645' title='bbox 1796 5143 2117 5213; x_wconf 91' lang='lat' dir='ltr'><strong>accipimus,</strong></span> 
     </span>
    </p>
   </div>
   <div class='ocr_carea' id='block_1_85' title="bbox 529 5232 2120 5306">
    <p class='ocr_par' dir='ltr' id='par_1_85' title="bbox 529 5232 2120 5306">
     <span class='ocr_line' id='line_1_85' title="bbox 529 5232 2120 5306; baseline 0.004 -21"><span class='ocrx_word' id='word_1_646' title='bbox 529 5242 590 5286; x_wconf 88' lang='lat' dir='ltr'><strong>ut</strong></span> <span class='ocrx_word' id='word_1_647' title='bbox 618 5241 702 5285; x_wconf 86' lang='lat' dir='ltr'><strong>est</strong></span> <span class='ocrx_word' id='word_1_648' title='bbox 733 5273 748 5296; x_wconf 94' lang='lat'><strong>,</strong></span> <span class='ocrx_word' id='word_1_649' title='bbox 800 5232 897 5287; x_wconf 83' lang='lat' dir='ltr'><strong>Vir</strong></span> <span class='ocrx_word' id='word_1_650' title='bbox 944 5235 1099 5303; x_wconf 76' lang='lat' dir='ltr'><strong>affert</strong></span> <span class='ocrx_word' id='word_1_651' title='bbox 1142 5251 1237 5304; x_wconf 86' lang='lat' dir='ltr'><strong>pro</strong></span> <span class='ocrx_word' id='word_1_652' title='bbox 1282 5234 1458 5303; x_wconf 76' lang='lat' dir='ltr'><strong>fructu</strong></span> <span class='ocrx_word' id='word_1_653' title='bbox 1502 5236 1618 5306; x_wconf 82' lang='lat' dir='ltr'><strong>ejus</strong></span> <span class='ocrx_word' id='word_1_654' title='bbox 1658 5236 1801 5289; x_wconf 89' lang='lat' dir='ltr'><strong>mille</strong></span> <span class='ocrx_word' id='word_1_655' title='bbox 1849 5246 2120 5306; x_wconf 83' lang='lat' dir='ltr'><strong>argenteos</strong></span> 
     </span>
    </p>
   </div>
   <div class='ocr_carea' id='block_1_86' title="bbox 527 5324 2120 5395">
    <p class='ocr_par' dir='ltr' id='par_1_86' title="bbox 527 5324 2120 5395">
     <span class='ocr_line' id='line_1_86' title="bbox 527 5324 2120 5395; baseline 0.003 -18"><span class='ocrx_word' id='word_1_656' title='bbox 527 5324 711 5388; x_wconf 76' lang='lat' dir='ltr'><strong>(Cant.</strong></span> <span class='ocrx_word' id='word_1_657' title='bbox 739 5340 855 5389; x_wconf 77' lang='lat' dir='ltr'><strong>vni,</strong></span> <span class='ocrx_word' id='word_1_658' title='bbox 890 5327 975 5395; x_wconf 78' lang='lat' dir='ltr'><strong>ll)</strong></span> <span class='ocrx_word' id='word_1_659' title='bbox 1002 5342 1017 5378; x_wconf 88' lang='lat'><strong>:</strong></span> <span class='ocrx_word' id='word_1_660' title='bbox 1044 5325 1358 5381; x_wconf 80' lang='lat' dir='ltr'><strong>Ahimelcch</strong></span> <span class='ocrx_word' id='word_1_661' title='bbox 1396 5329 1521 5393; x_wconf 89' lang='lat' dir='ltr'><strong>dat,</strong></span> <span class='ocrx_word' id='word_1_662' title='bbox 1549 5344 1672 5382; x_wconf 89' lang='lat' dir='ltr'><strong>cum</strong></span> <span class='ocrx_word' id='word_1_663' title='bbox 1703 5342 1809 5381; x_wconf 93' lang='lat' dir='ltr'><strong>non</strong></span> <span class='ocrx_word' id='word_1_664' title='bbox 1833 5328 2120 5383; x_wconf 85' lang='lat' dir='ltr'><strong>disturbat.</strong></span> 
     </span>
    </p>
   </div>
   <div class='ocr_carea' id='block_1_87' title="bbox 532 5416 2119 5489">
    <p class='ocr_par' dir='ltr' id='par_1_87' title="bbox 532 5416 2119 5489">
     <span class='ocr_line' id='line_1_87' title="bbox 532 5416 2119 5489; baseline 0.004 -20"><span class='ocrx_word' id='word_1_665' title='bbox 532 5417 702 5470; x_wconf 83' lang='lat' dir='ltr'><strong>Porro</strong></span> <span class='ocrx_word' id='word_1_666' title='bbox 713 5416 983 5471; x_wconf 78' lang='lat' dir='ltr'><strong>Abraham</strong></span> <span class='ocrx_word' id='word_1_667' title='bbox 1006 5431 1105 5484; x_wconf 86' lang='lat' dir='ltr'><strong>pro</strong></span> <span class='ocrx_word' id='word_1_668' title='bbox 1121 5417 1427 5473; x_wconf 80' lang='lat' dir='ltr'><strong>Abimelech</strong></span> <span class='ocrx_word' id='word_1_669' title='bbox 1450 5427 1837 5489; x_wconf 88' lang='lat' dir='ltr'><strong>orat,eumqne</strong></span> <span class='ocrx_word' id='word_1_670' title='bbox 1861 5420 2119 5475; x_wconf 88' lang='lat' dir='ltr'><strong>Dominus</strong></span> 
     </span>
    </p>
   </div>
   <div class='ocr_carea' id='block_1_88' title="bbox 528 5509 2119 5582">
    <p class='ocr_par' dir='ltr' id='par_1_88' title="bbox 528 5509 2119 5582">
     <span class='ocr_line' id='line_1_88' title="bbox 528 5509 2119 5582; baseline 0.004 -20"><span class='ocrx_word' id='word_1_671' title='bbox 528 5523 654 5562; x_wconf 90' lang='lat' dir='ltr'><strong>cum</strong></span> <span class='ocrx_word' id='word_1_672' title='bbox 678 5524 848 5562; x_wconf 78' lang='lat' dir='ltr'><strong>uxore</strong></span> <span class='ocrx_word' id='word_1_673' title='bbox 875 5518 931 5563; x_wconf 89' lang='lat' dir='ltr'><strong>et</strong></span> <span class='ocrx_word' id='word_1_674' title='bbox 959 5509 1173 5563; x_wconf 87' lang='lat' dir='ltr'><strong>ancillis</strong></span> <span class='ocrx_word' id='word_1_675' title='bbox 1203 5521 1385 5577; x_wconf 85' lang='lat' dir='ltr'><strong>sanat,</strong></span> <span class='ocrx_word' id='word_1_676' title='bbox 1414 5527 1535 5567; x_wconf 91' lang='lat' dir='ltr'><strong>cum</strong></span> <span class='ocrx_word' id='word_1_677' title='bbox 1564 5513 1789 5582; x_wconf 88' lang='lat' dir='ltr'><strong>spiritus</strong></span> <span class='ocrx_word' id='word_1_678' title='bbox 1817 5520 2000 5567; x_wconf 86' lang='lat' dir='ltr'><strong>noster</strong></span> <span class='ocrx_word' id='word_1_679' title='bbox 2021 5527 2119 5580; x_wconf 91' lang='lat' dir='ltr'><strong>pro</strong></span> 
     </span>
    </p>
   </div>
   <div class='ocr_carea' id='block_1_89' title="bbox 532 5601 2119 5678">
    <p class='ocr_par' dir='ltr' id='par_1_89' title="bbox 532 5601 2119 5678">
     <span class='ocr_line' id='line_1_89' title="bbox 532 5601 2119 5678; baseline 0.006 -25"><span class='ocrx_word' id='word_1_680' title='bbox 532 5601 754 5653; x_wconf 85' lang='lat' dir='ltr'><strong>incursu</strong></span> <span class='ocrx_word' id='word_1_681' title='bbox 788 5616 949 5670; x_wconf 83' lang='lat' dir='ltr'><strong>queat</strong></span> <span class='ocrx_word' id='word_1_682' title='bbox 996 5602 1164 5657; x_wconf 90' lang='lat' dir='ltr'><strong>subiit</strong></span> <span class='ocrx_word' id='word_1_683' title='bbox 1191 5605 1479 5672; x_wconf 75' lang='lat' dir='ltr'><strong>superbizc,</strong></span> <span class='ocrx_word' id='word_1_684' title='bbox 1507 5606 1618 5662; x_wconf 89' lang='lat' dir='ltr'><strong>Deo</strong></span> <span class='ocrx_word' id='word_1_685' title='bbox 1648 5607 1934 5677; x_wconf 87' lang='lat' dir='ltr'><strong>supplicat,</strong></span> <span class='ocrx_word' id='word_1_686' title='bbox 1965 5608 2119 5678; x_wconf 88' lang='lat' dir='ltr'><strong>cujus</strong></span> 
     </span>
    </p>
   </div>
   <div class='ocr_carea' id='block_1_90' title="bbox 534 5695 2120 5761">
    <p class='ocr_par' dir='ltr' id='par_1_90' title="bbox 534 5695 2120 5761">
     <span class='ocr_line' id='line_1_90' title="bbox 534 5695 2120 5761; baseline 0.005 -16"><span class='ocrx_word' id='word_1_687' title='bbox 534 5702 741 5745; x_wconf 88' lang='lat' dir='ltr'><strong>motum</strong></span> <span class='ocrx_word' id='word_1_688' title='bbox 776 5706 898 5745; x_wconf 92' lang='lat' dir='ltr'><strong>cum</strong></span> <span class='ocrx_word' id='word_1_689' title='bbox 935 5707 1032 5747; x_wconf 92' lang='lat' dir='ltr'><strong>sua</strong></span> <span class='ocrx_word' id='word_1_690' title='bbox 1070 5707 1190 5761; x_wconf 63' lang='lat' dir='ltr'><strong>quae</strong></span> <span class='ocrx_word' id='word_1_691' title='bbox 1220 5695 1322 5749; x_wconf 89' lang='lat' dir='ltr'><strong>sibi</strong></span> <span class='ocrx_word' id='word_1_692' title='bbox 1358 5696 1498 5753; x_wconf 66' lang='lat' dir='ltr'><strong>finde</strong></span> <span class='ocrx_word' id='word_1_693' title='bbox 1529 5713 1593 5754; x_wconf 89' lang='lat' dir='ltr'><strong>ac</strong></span> <span class='ocrx_word' id='word_1_694' title='bbox 1630 5698 1964 5753; x_wconf 88' lang='lat' dir='ltr'><strong>infructuose</strong></span> <span class='ocrx_word' id='word_1_695' title='bbox 1991 5699 2120 5753; x_wconf 91' lang='lat' dir='ltr'><strong>sub-</strong></span> 
     </span>
    </p>
   </div>
   <div class='ocr_carea' id='block_1_91' title="bbox 533 5781 2115 5857">
    <p class='ocr_par' dir='ltr' id='par_1_91' title="bbox 533 5781 2115 5857">
     <span class='ocr_line' id='line_1_91' title="bbox 533 5781 2115 5857; baseline 0.006 -20"><span class='ocrx_word' id='word_1_696' title='bbox 533 5781 1377 5857; x_wconf 75' lang='lat' dir='ltr'><strong>steruebaturconcupiscentia,</strong></span> <span class='ocrx_word' id='word_1_697' title='bbox 1412 5800 1464 5846; x_wconf 89' lang='lat' dir='ltr'><strong>et</strong></span> <span class='ocrx_word' id='word_1_698' title='bbox 1509 5790 1758 5849; x_wconf 85' lang='lat' dir='ltr'><strong>ancillari</strong></span> <span class='ocrx_word' id='word_1_699' title='bbox 1806 5807 1868 5848; x_wconf 88' lang='lat' dir='ltr'><strong>ac</strong></span> <span class='ocrx_word' id='word_1_700' title='bbox 1900 5792 2115 5849; x_wconf 76' lang='lat' dir='ltr'><strong>sordida</strong></span> 
     </span>
    </p>
   </div>
   <div class='ocr_carea' id='block_1_92' title="bbox 2222 3290 3816 3365">
    <p class='ocr_par' dir='ltr' id='par_1_92' title="bbox 2222 3290 3816 3365">
     <span class='ocr_line' id='line_1_92' title="bbox 2222 3290 3816 3365; baseline -0.001 -17"><span class='ocrx_word' id='word_1_701' title='bbox 2222 3295 2275 3348; x_wconf 90' lang='lat' dir='ltr'><strong>in</strong></span> <span class='ocrx_word' id='word_1_702' title='bbox 2308 3294 2566 3365; x_wconf 88' lang='lat' dir='ltr'><strong>pignore,</strong></span> <span class='ocrx_word' id='word_1_703' title='bbox 2614 3307 2681 3346; x_wconf 87' lang='lat' dir='ltr'><strong>ex</strong></span> <span class='ocrx_word' id='word_1_704' title='bbox 2722 3306 2831 3360; x_wconf 90' lang='lat' dir='ltr'><strong>quo</strong></span> <span class='ocrx_word' id='word_1_705' title='bbox 2868 3291 3025 3346; x_wconf 87' lang='lat' dir='ltr'><strong>nobis</strong></span> <span class='ocrx_word' id='word_1_706' title='bbox 3054 3290 3315 3345; x_wconf 88' lang='lat' dir='ltr'><strong>astruitur</strong></span> <span class='ocrx_word' id='word_1_707' title='bbox 3342 3307 3441 3346; x_wconf 90' lang='lat' dir='ltr'><strong>nos</strong></span> <span class='ocrx_word' id='word_1_708' title='bbox 3478 3293 3617 3347; x_wconf 87' lang='lat' dir='ltr'><strong>idem</strong></span> <span class='ocrx_word' id='word_1_709' title='bbox 3652 3292 3816 3363; x_wconf 81' lang='lat' dir='ltr'><strong>longe</strong></span> 
     </span>
    </p>
   </div>
   <div class='ocr_carea' id='block_1_93' title="bbox 2222 3382 3817 3453">
    <p class='ocr_par' dir='ltr' id='par_1_93' title="bbox 2222 3382 3817 3453">
     <span class='ocr_line' id='line_1_93' title="bbox 2222 3382 3817 3453; baseline -0.002 -13"><span class='ocrx_word' id='word_1_710' title='bbox 2222 3394 2404 3440; x_wconf 87' lang='lat' dir='ltr'><strong>tamen</strong></span> <span class='ocrx_word' id='word_1_711' title='bbox 2446 3383 2778 3440; x_wconf 88' lang='lat' dir='ltr'><strong>ineffabilius</strong></span> <span class='ocrx_word' id='word_1_712' title='bbox 2810 3390 3133 3452; x_wconf 89' lang='lat' dir='ltr'><strong>accepturos</strong></span> <span class='ocrx_word' id='word_1_713' title='bbox 3176 3382 3230 3437; x_wconf 92' lang='lat' dir='ltr'><strong>in</strong></span> <span class='ocrx_word' id='word_1_714' title='bbox 3267 3398 3345 3437; x_wconf 89' lang='lat' dir='ltr'><strong>re.</strong></span> <span class='ocrx_word' id='word_1_715' title='bbox 3392 3383 3545 3438; x_wconf 91' lang='lat' dir='ltr'><strong>llunc</strong></span> <span class='ocrx_word' id='word_1_716' title='bbox 3575 3384 3817 3453; x_wconf 85' lang='lat' dir='ltr'><strong>denique</strong></span> 
     </span>
    </p>
   </div>
   <div class='ocr_carea' id='block_1_94' title="bbox 2221 3476 3816 3546">
    <p class='ocr_par' dir='ltr' id='par_1_94' title="bbox 2221 3476 3816 3546">
     <span class='ocr_line' id='line_1_94' title="bbox 2221 3476 3816 3546; baseline -0.001 -11"><span class='ocrx_word' id='word_1_717' title='bbox 2221 3478 2663 3535; x_wconf 88' lang='lat' dir='ltr'><strong>circumcidimus</strong></span> <span class='ocrx_word' id='word_1_718' title='bbox 2690 3487 2883 3533; x_wconf 87' lang='lat' dir='ltr'><strong>octava</strong></span> <span class='ocrx_word' id='word_1_719' title='bbox 2915 3477 3023 3543; x_wconf 90' lang='lat' dir='ltr'><strong>die,</strong></span> <span class='ocrx_word' id='word_1_720' title='bbox 3064 3476 3192 3546; x_wconf 87' lang='lat' dir='ltr'><strong>quia</strong></span> <span class='ocrx_word' id='word_1_721' title='bbox 3224 3476 3668 3535; x_wconf 90' lang='lat' dir='ltr'><strong>intellectualiter</strong></span> <span class='ocrx_word' id='word_1_722' title='bbox 3692 3479 3816 3535; x_wconf 80' lang='lat' dir='ltr'><strong>col-</strong></span> 
     </span>
    </p>
   </div>
   <div class='ocr_carea' id='block_1_95' title="bbox 2221 3568 3817 3640">
    <p class='ocr_par' dir='ltr' id='par_1_95' title="bbox 2221 3568 3817 3640">
     <span class='ocr_line' id='line_1_95' title="bbox 2221 3568 3817 3640; baseline 0.003 -18"><span class='ocrx_word' id='word_1_723' title='bbox 2221 3570 2439 3640; x_wconf 86' lang='lat' dir='ltr'><strong>ligimus</strong></span> <span class='ocrx_word' id='word_1_724' title='bbox 2489 3584 2589 3625; x_wconf 90' lang='lat' dir='ltr'><strong>nos</strong></span> <span class='ocrx_word' id='word_1_725' title='bbox 2637 3569 2705 3624; x_wconf 87' lang='lat' dir='ltr'><strong>ad</strong></span> <span class='ocrx_word' id='word_1_726' title='bbox 2758 3569 3032 3637; x_wconf 84' lang='lat' dir='ltr'><strong>integrum</strong></span> <span class='ocrx_word' id='word_1_727' title='bbox 3091 3568 3515 3638; x_wconf 87' lang='lat' dir='ltr'><strong>passibilitatum</strong></span> <span class='ocrx_word' id='word_1_728' title='bbox 3569 3572 3817 3628; x_wconf 89' lang='lat' dir='ltr'><strong>miseriis</strong></span> 
     </span>
    </p>
   </div>
   <div class='ocr_carea' id='block_1_96' title="bbox 2222 3658 3814 3717">
    <p class='ocr_par' dir='ltr' id='par_1_96' title="bbox 2222 3658 3814 3717">
     <span class='ocr_line' id='line_1_96' title="bbox 2222 3658 3814 3717; baseline 0.002 -3"><span class='ocrx_word' id='word_1_729' title='bbox 2222 3660 2500 3716; x_wconf 81' lang='lat' dir='ltr'><strong>cxuendos</strong></span> <span class='ocrx_word' id='word_1_730' title='bbox 2529 3659 2869 3714; x_wconf 90' lang='lat' dir='ltr'><strong>solummodo</strong></span> <span class='ocrx_word' id='word_1_731' title='bbox 2902 3658 2957 3711; x_wconf 92' lang='lat' dir='ltr'><strong>in</strong></span> <span class='ocrx_word' id='word_1_732' title='bbox 2992 3659 3416 3714; x_wconf 86' lang='lat' dir='ltr'><strong>resurrectione.</strong></span> <span class='ocrx_word' id='word_1_733' title='bbox 3459 3659 3677 3715; x_wconf 82' lang='lat' dir='ltr'><strong>Centum</strong></span> <span class='ocrx_word' id='word_1_734' title='bbox 3708 3679 3814 3717; x_wconf 85' lang='lat' dir='ltr'><strong>an-</strong></span> 
     </span>
    </p>
   </div>
   <div class='ocr_carea' id='block_1_97' title="bbox 2223 3751 3814 3822">
    <p class='ocr_par' dir='ltr' id='par_1_97' title="bbox 2223 3751 3814 3822">
     <span class='ocr_line' id='line_1_97' title="bbox 2223 3751 3814 3822; baseline 0.001 -16"><span class='ocrx_word' id='word_1_735' title='bbox 2223 3769 2409 3806; x_wconf 87' lang='lat' dir='ltr'><strong>norum</strong></span> <span class='ocrx_word' id='word_1_736' title='bbox 2444 3753 2496 3809; x_wconf 90' lang='lat' dir='ltr'><strong>id</strong></span> <span class='ocrx_word' id='word_1_737' title='bbox 2523 3753 2734 3822; x_wconf 85' lang='lat' dir='ltr'><strong>agimus</strong></span> <span class='ocrx_word' id='word_1_738' title='bbox 2764 3791 2779 3817; x_wconf 93' lang='lat'><strong>,</strong></span> <span class='ocrx_word' id='word_1_739' title='bbox 2810 3766 2933 3807; x_wconf 90' lang='lat' dir='ltr'><strong>cum</strong></span> <span class='ocrx_word' id='word_1_740' title='bbox 2966 3751 3032 3806; x_wconf 91' lang='lat' dir='ltr'><strong>de</strong></span> <span class='ocrx_word' id='word_1_741' title='bbox 3059 3752 3278 3808; x_wconf 89' lang='lat' dir='ltr'><strong>sinistra</strong></span> <span class='ocrx_word' id='word_1_742' title='bbox 3314 3753 3597 3822; x_wconf 85' lang='lat' dir='ltr'><strong>praesentis</strong></span> <span class='ocrx_word' id='word_1_743' title='bbox 3624 3754 3814 3809; x_wconf 85' lang='lat' dir='ltr'><strong>saeculi</strong></span> 
     </span>
    </p>
   </div>
   <div class='ocr_carea' id='block_1_98' title="bbox 2222 3845 3816 3923">
    <p class='ocr_par' dir='ltr' id='par_1_98' title="bbox 2222 3845 3816 3923">
     <span class='ocr_line' id='line_1_98' title="bbox 2222 3845 3816 3923; baseline 0.006 -24"><span class='ocrx_word' id='word_1_744' title='bbox 2222 3845 2459 3914; x_wconf 84' lang='lat' dir='ltr'><strong>expediti</strong></span> <span class='ocrx_word' id='word_1_745' title='bbox 2499 3847 2798 3917; x_wconf 80' lang='lat' dir='ltr'><strong>praevelare</strong></span> <span class='ocrx_word' id='word_1_746' title='bbox 2835 3850 3119 3906; x_wconf 90' lang='lat' dir='ltr'><strong>studemus</strong></span> <span class='ocrx_word' id='word_1_747' title='bbox 3158 3852 3224 3907; x_wconf 88' lang='lat' dir='ltr'><strong>ad</strong></span> <span class='ocrx_word' id='word_1_748' title='bbox 3262 3866 3502 3907; x_wconf 88' lang='lat' dir='ltr'><strong>amorem</strong></span> <span class='ocrx_word' id='word_1_749' title='bbox 3549 3868 3816 3923; x_wconf 87' lang='lat' dir='ltr'><strong>spemque</strong></span> 
     </span>
    </p>
   </div>
   <div class='ocr_carea' id='block_1_99' title="bbox 2224 3938 3812 4019">
    <p class='ocr_par' dir='ltr' id='par_1_99' title="bbox 2224 3938 3812 4019">
     <span class='ocr_line' id='line_1_99' title="bbox 2224 3938 3812 4019; baseline 0.007 -27"><span class='ocrx_word' id='word_1_750' title='bbox 2224 3938 2427 4004; x_wconf 87' lang='lat' dir='ltr'><strong>futuri,</strong></span> <span class='ocrx_word' id='word_1_751' title='bbox 2469 3942 2613 4010; x_wconf 89' lang='lat' dir='ltr'><strong>quod</strong></span> <span class='ocrx_word' id='word_1_752' title='bbox 2643 3952 2727 3998; x_wconf 91' lang='lat' dir='ltr'><strong>est</strong></span> <span class='ocrx_word' id='word_1_753' title='bbox 2770 3944 2823 3999; x_wconf 91' lang='lat' dir='ltr'><strong>in</strong></span> <span class='ocrx_word' id='word_1_754' title='bbox 2866 3945 3145 4002; x_wconf 76' lang='lat' dir='ltr'><strong>dexteram</strong></span> <span class='ocrx_word' id='word_1_755' title='bbox 3189 3949 3541 4019; x_wconf 88' lang='lat' dir='ltr'><strong>transpositio</strong></span> <span class='ocrx_word' id='word_1_756' title='bbox 3570 3951 3812 4005; x_wconf 90' lang='lat' dir='ltr'><strong>numeri.</strong></span> 
     </span>
    </p>
   </div>
   <div class='ocr_carea' id='block_1_100' title="bbox 2223 4032 3811 4102">
    <p class='ocr_par' dir='ltr' id='par_1_100' title="bbox 2223 4032 3811 4102">
     <span class='ocr_line' id='line_1_100' title="bbox 2223 4032 3811 4102; baseline 0.008 -14"><span class='ocrx_word' id='word_1_757' title='bbox 2223 4032 2336 4089; x_wconf 85' lang='lat' dir='ltr'><strong>llae</strong></span> <span class='ocrx_word' id='word_1_758' title='bbox 2378 4045 2539 4093; x_wconf 78' lang='lat' dir='ltr'><strong>aetate</strong></span> <span class='ocrx_word' id='word_1_759' title='bbox 2568 4039 2844 4096; x_wconf 87' lang='lat' dir='ltr'><strong>Abraham</strong></span> <span class='ocrx_word' id='word_1_760' title='bbox 2882 4044 3264 4101; x_wconf 86' lang='lat' dir='ltr'><strong>intellectualis</strong></span> <span class='ocrx_word' id='word_1_761' title='bbox 3307 4047 3547 4102; x_wconf 87' lang='lat' dir='ltr'><strong>nascitur</strong></span> <span class='ocrx_word' id='word_1_762' title='bbox 3575 4048 3811 4102; x_wconf 91' lang='lat' dir='ltr'><strong>materia</strong></span> 
     </span>
    </p>
   </div>
   <div class='ocr_carea' id='block_1_101' title="bbox 2222 4128 3811 4214">
    <p class='ocr_par' dir='ltr' id='par_1_101' title="bbox 2222 4128 3811 4214">
     <span class='ocr_line' id='line_1_101' title="bbox 2222 4128 3811 4214; baseline 0.011 -33"><span class='ocrx_word' id='word_1_763' title='bbox 2222 4128 2400 4199; x_wconf 85' lang='lat' dir='ltr'><strong>gaudii</strong></span> <span class='ocrx_word' id='word_1_764' title='bbox 2426 4131 2891 4200; x_wconf 72' lang='lat' dir='ltr'><strong>spiritualis,aetas</strong></span> <span class='ocrx_word' id='word_1_765' title='bbox 2910 4154 3040 4194; x_wconf 88' lang='lat' dir='ltr'><strong>vero</strong></span> <span class='ocrx_word' id='word_1_766' title='bbox 3070 4140 3143 4194; x_wconf 93' lang='lat' dir='ltr'><strong>nil</strong></span> <span class='ocrx_word' id='word_1_767' title='bbox 3167 4140 3313 4195; x_wconf 91' lang='lat' dir='ltr'><strong>aliud</strong></span> <span class='ocrx_word' id='word_1_768' title='bbox 3338 4156 3501 4211; x_wconf 87' lang='lat' dir='ltr'><strong>quam</strong></span> <span class='ocrx_word' id='word_1_769' title='bbox 3531 4144 3811 4214; x_wconf 83' lang='lat' dir='ltr'><strong>provectio</strong></span> 
     </span>
    </p>
   </div>
   <div class='ocr_carea' id='block_1_102' title="bbox 2222 4223 2657 4279">
    <p class='ocr_par' dir='ltr' id='par_1_102' title="bbox 2222 4223 2657 4279">
     <span class='ocr_line' id='line_1_102' title="bbox 2222 4223 2657 4279; baseline 0.009 -6"><span class='ocrx_word' id='word_1_770' title='bbox 2222 4231 2309 4274; x_wconf 88' lang='lat' dir='ltr'><strong>est</strong></span> <span class='ocrx_word' id='word_1_771' title='bbox 2332 4223 2657 4279; x_wconf 87' lang='lat' dir='ltr'><strong>sanctitatis.</strong></span> 
     </span>
    </p>
   </div>
   <div class='ocr_carea' id='block_1_103' title="bbox 2294 4306 3810 4390">
    <p class='ocr_par' dir='ltr' id='par_1_103' title="bbox 2294 4306 3810 4390">
     <span class='ocr_line' id='line_1_103' title="bbox 2294 4306 3810 4390; baseline 0.012 -27"><span class='ocrx_word' id='word_1_772' title='bbox 2294 4306 2459 4366; x_wconf 73' lang='lat' dir='ltr'><strong>Vsus.</strong></span> <span class='ocrx_word' id='word_1_773' title='bbox 2493 4312 2548 4378; x_wconf 87' lang='lat'><strong>6,</strong></span> <span class='ocrx_word' id='word_1_774' title='bbox 2571 4314 2911 4384; x_wconf 84' lang='lat' dir='ltr'><strong>7.—Risum,</strong></span> <span class='ocrx_word' id='word_1_775' title='bbox 2938 4319 3106 4390; x_wconf 85' lang='lat' dir='ltr'><strong>inquit</strong></span> <span class='ocrx_word' id='word_1_776' title='bbox 3137 4321 3317 4386; x_wconf 89' lang='lat' dir='ltr'><strong>Sarai,</strong></span> <span class='ocrx_word' id='word_1_777' title='bbox 3340 4323 3470 4376; x_wconf 87' lang='lat' dir='ltr'><strong>mihi</strong></span> <span class='ocrx_word' id='word_1_778' title='bbox 3490 4324 3610 4379; x_wconf 85' lang='lat' dir='ltr'><strong>fecit</strong></span> <span class='ocrx_word' id='word_1_779' title='bbox 3629 4324 3772 4378; x_wconf 86' lang='lat' dir='ltr'><strong>Deus</strong></span> <span class='ocrx_word' id='word_1_780' title='bbox 3790 4341 3810 4381; x_wconf 92' lang='lat'><strong><em>:</em></strong></span> 
     </span>
    </p>
   </div>
   <div class='ocr_carea' id='block_1_104' title="bbox 2221 4403 3809 4483">
    <p class='ocr_par' dir='ltr' id='par_1_104' title="bbox 2221 4403 3809 4483">
     <span class='ocr_line' id='line_1_104' title="bbox 2221 4403 3809 4483; baseline 0.011 -29"><span class='ocrx_word' id='word_1_781' title='bbox 2221 4403 2516 4470; x_wconf 86' lang='lat' dir='ltr'><strong>quicunque</strong></span> <span class='ocrx_word' id='word_1_782' title='bbox 2545 4407 2792 4473; x_wconf 90' lang='lat' dir='ltr'><strong>audierit,</strong></span> <span class='ocrx_word' id='word_1_783' title='bbox 2827 4411 3107 4466; x_wconf 88' lang='lat' dir='ltr'><strong>corridebit</strong></span> <span class='ocrx_word' id='word_1_784' title='bbox 3136 4414 3286 4467; x_wconf 91' lang='lat' dir='ltr'><strong>mihi.</strong></span> <span class='ocrx_word' id='word_1_785' title='bbox 3315 4413 3646 4483; x_wconf 83' lang='lat' dir='ltr'><strong>Rursumque</strong></span> <span class='ocrx_word' id='word_1_786' title='bbox 3684 4418 3809 4473; x_wconf 88' lang='lat' dir='ltr'><strong>ait:</strong></span> 
     </span>
    </p>
   </div>
   <div class='ocr_carea' id='block_1_105' title="bbox 2226 4496 3809 4577">
    <p class='ocr_par' dir='ltr' id='par_1_105' title="bbox 2226 4496 3809 4577">
     <span class='ocr_line' id='line_1_105' title="bbox 2226 4496 3809 4577; baseline 0.011 -29"><span class='ocrx_word' id='word_1_787' title='bbox 2226 4496 2358 4562; x_wconf 81' lang='lat' dir='ltr'><strong>Quis</strong></span> <span class='ocrx_word' id='word_1_788' title='bbox 2376 4499 2683 4555; x_wconf 88' lang='lat' dir='ltr'><strong>auditurum</strong></span> <span class='ocrx_word' id='word_1_789' title='bbox 2707 4504 2937 4558; x_wconf 87' lang='lat' dir='ltr'><strong>crederet</strong></span> <span class='ocrx_word' id='word_1_790' title='bbox 2953 4505 3240 4569; x_wconf 80' lang='lat' dir='ltr'><strong>Abraham,</strong></span> <span class='ocrx_word' id='word_1_791' title='bbox 3257 4508 3398 4577; x_wconf 86' lang='lat' dir='ltr'><strong>quod</strong></span> <span class='ocrx_word' id='word_1_792' title='bbox 3426 4506 3564 4563; x_wconf 83' lang='lat' dir='ltr'><strong>Sara</strong></span> <span class='ocrx_word' id='word_1_793' title='bbox 3587 4509 3809 4565; x_wconf 84' lang='lat' dir='ltr'><strong>lactaret</strong></span> 
     </span>
    </p>
   </div>
   <div class='ocr_carea' id='block_1_106' title="bbox 2221 4587 3808 4669">
    <p class='ocr_par' dir='ltr' id='par_1_106' title="bbox 2221 4587 3808 4669">
     <span class='ocr_line' id='line_1_106' title="bbox 2221 4587 3808 4669; baseline 0.01 -28"><span class='ocrx_word' id='word_1_794' title='bbox 2221 4587 2414 4657; x_wconf 80' lang='lat' dir='ltr'><strong>ﬁlium,</strong></span> <span class='ocrx_word' id='word_1_795' title='bbox 2444 4608 2595 4663; x_wconf 88' lang='lat' dir='ltr'><strong>quem</strong></span> <span class='ocrx_word' id='word_1_796' title='bbox 2621 4596 2817 4664; x_wconf 86' lang='lat' dir='ltr'><strong>peperit</strong></span> <span class='ocrx_word' id='word_1_797' title='bbox 2841 4597 2889 4649; x_wconf 87' lang='lat' dir='ltr'><strong>ei</strong></span> <span class='ocrx_word' id='word_1_798' title='bbox 2909 4596 3027 4664; x_wconf 88' lang='lat' dir='ltr'><strong>jam</strong></span> <span class='ocrx_word' id='word_1_799' title='bbox 3051 4599 3689 4669; x_wconf 77' lang='lat' dir='ltr'><strong>seni?811ure,ait,ita</strong></span> <span class='ocrx_word' id='word_1_800' title='bbox 3718 4618 3808 4657; x_wconf 78' lang='lat' dir='ltr'><strong>vo-</strong></span> 
     </span>
    </p>
   </div>
   <div class='ocr_carea' id='block_1_107' title="bbox 2222 4682 3807 4765">
    <p class='ocr_par' dir='ltr' id='par_1_107' title="bbox 2222 4682 3807 4765">
     <span class='ocr_line' id='line_1_107' title="bbox 2222 4682 3807 4765; baseline 0.008 -30"><span class='ocrx_word' id='word_1_801' title='bbox 2222 4682 2461 4738; x_wconf 88' lang='lat' dir='ltr'><strong>caverim</strong></span> <span class='ocrx_word' id='word_1_802' title='bbox 2488 4725 2501 4748; x_wconf 92' lang='lat'><strong>,</strong></span> <span class='ocrx_word' id='word_1_803' title='bbox 2526 4700 2649 4741; x_wconf 90' lang='lat' dir='ltr'><strong>cum</strong></span> <span class='ocrx_word' id='word_1_804' title='bbox 2682 4688 2734 4741; x_wconf 92' lang='lat' dir='ltr'><strong>in</strong></span> <span class='ocrx_word' id='word_1_805' title='bbox 2768 4688 3112 4761; x_wconf 69' lang='lat' dir='ltr'><strong>bacAEgypto</strong></span> <span class='ocrx_word' id='word_1_806' title='bbox 3139 4694 3387 4748; x_wconf 79' lang='lat' dir='ltr'><strong>mceroris</strong></span> <span class='ocrx_word' id='word_1_807' title='bbox 3419 4734 3433 4759; x_wconf 93' lang='lat'><strong>,</strong></span> <span class='ocrx_word' id='word_1_808' title='bbox 3460 4702 3516 4749; x_wconf 86' lang='lat' dir='ltr'><strong>et</strong></span> <span class='ocrx_word' id='word_1_809' title='bbox 3545 4696 3807 4765; x_wconf 68' lang='lat' dir='ltr'><strong>angustiae</strong></span> 
     </span>
    </p>
   </div>
   <div class='ocr_carea' id='block_1_108' title="bbox 2223 4770 3806 4853">
    <p class='ocr_par' dir='ltr' id='par_1_108' title="bbox 2223 4770 3806 4853">
     <span class='ocr_line' id='line_1_108' title="bbox 2223 4770 3806 4853; baseline 0.011 -30"><span class='ocrx_word' id='word_1_810' title='bbox 2223 4770 2364 4837; x_wconf 93' lang='lat' dir='ltr'><strong>loco,</strong></span> <span class='ocrx_word' id='word_1_811' title='bbox 2392 4775 2578 4829; x_wconf 71' lang='lat' dir='ltr'><strong>azterni</strong></span> <span class='ocrx_word' id='word_1_812' title='bbox 2607 4792 2693 4831; x_wconf 90' lang='lat' dir='ltr'><strong>me</strong></span> <span class='ocrx_word' id='word_1_813' title='bbox 2719 4779 2895 4847; x_wconf 89' lang='lat' dir='ltr'><strong>gaudii</strong></span> <span class='ocrx_word' id='word_1_814' title='bbox 2913 4777 3023 4847; x_wconf 86' lang='lat' dir='ltr'><strong>jam</strong></span> <span class='ocrx_word' id='word_1_815' title='bbox 3046 4780 3189 4836; x_wconf 90' lang='lat' dir='ltr'><strong>Deus</strong></span> <span class='ocrx_word' id='word_1_816' title='bbox 3209 4782 3395 4837; x_wconf 87' lang='lat' dir='ltr'><strong>fecerit</strong></span> <span class='ocrx_word' id='word_1_817' title='bbox 3417 4783 3634 4840; x_wconf 88' lang='lat' dir='ltr'><strong>habitus</strong></span> <span class='ocrx_word' id='word_1_818' title='bbox 3669 4800 3806 4853; x_wconf 67' lang='lat' dir='ltr'><strong>prte-</strong></span> 
     </span>
    </p>
   </div>
   <div class='ocr_carea' id='block_1_109' title="bbox 2222 4864 3805 4938">
    <p class='ocr_par' dir='ltr' id='par_1_109' title="bbox 2222 4864 3805 4938">
     <span class='ocr_line' id='line_1_109' title="bbox 2222 4864 3805 4938; baseline 0.009 -21"><span class='ocrx_word' id='word_1_819' title='bbox 2222 4872 2442 4933; x_wconf 86' lang='lat' dir='ltr'><strong>gustare</strong></span> <span class='ocrx_word' id='word_1_820' title='bbox 2474 4864 2706 4921; x_wconf 90' lang='lat' dir='ltr'><strong>futuros.</strong></span> <span class='ocrx_word' id='word_1_821' title='bbox 2739 4865 3056 4938; x_wconf 83' lang='lat' dir='ltr'><strong>Quicunque</strong></span> <span class='ocrx_word' id='word_1_822' title='bbox 3086 4872 3340 4937; x_wconf 87' lang='lat' dir='ltr'><strong>audierit,</strong></span> <span class='ocrx_word' id='word_1_823' title='bbox 3386 4873 3525 4927; x_wconf 89' lang='lat' dir='ltr'><strong>idem</strong></span> <span class='ocrx_word' id='word_1_824' title='bbox 3560 4875 3805 4931; x_wconf 76' lang='lat' dir='ltr'><strong>videlicet</strong></span> 
     </span>
    </p>
   </div>
   <div class='ocr_carea' id='block_1_110' title="bbox 2221 4956 3804 5036">
    <p class='ocr_par' dir='ltr' id='par_1_110' title="bbox 2221 4956 3804 5036">
     <span class='ocr_line' id='line_1_110' title="bbox 2221 4956 3804 5036; baseline 0.01 -28"><span class='ocrx_word' id='word_1_825' title='bbox 2221 4956 2404 5025; x_wconf 89' lang='lat' dir='ltr'><strong>palato</strong></span> <span class='ocrx_word' id='word_1_826' title='bbox 2435 4958 2614 5012; x_wconf 89' lang='lat' dir='ltr'><strong>cordis</strong></span> <span class='ocrx_word' id='word_1_827' title='bbox 2644 4961 2906 5028; x_wconf 87' lang='lat' dir='ltr'><strong>sapuerit,</strong></span> <span class='ocrx_word' id='word_1_828' title='bbox 2937 4963 3071 5017; x_wconf 84' lang='lat' dir='ltr'><strong>meis</strong></span> <span class='ocrx_word' id='word_1_829' title='bbox 3099 4964 3283 5034; x_wconf 89' lang='lat' dir='ltr'><strong>utique</strong></span> <span class='ocrx_word' id='word_1_830' title='bbox 3308 4967 3518 5036; x_wconf 85' lang='lat' dir='ltr'><strong>gaudiis</strong></span> <span class='ocrx_word' id='word_1_831' title='bbox 3546 4984 3652 5023; x_wconf 86' lang='lat' dir='ltr'><strong>non</strong></span> <span class='ocrx_word' id='word_1_832' title='bbox 3689 4968 3804 5024; x_wconf 82' lang='lat' dir='ltr'><strong>ina-</strong></span> 
     </span>
    </p>
   </div>
   <div class='ocr_carea' id='block_1_111' title="bbox 2223 5048 3802 5126">
    <p class='ocr_par' dir='ltr' id='par_1_111' title="bbox 2223 5048 3802 5126">
     <span class='ocr_line' id='line_1_111' title="bbox 2223 5048 3802 5126; baseline 0.007 -25"><span class='ocrx_word' id='word_1_833' title='bbox 2223 5048 2383 5102; x_wconf 86' lang='lat' dir='ltr'><strong>nibus</strong></span> <span class='ocrx_word' id='word_1_834' title='bbox 2405 5048 2578 5117; x_wconf 91' lang='lat' dir='ltr'><strong>ipsum</strong></span> <span class='ocrx_word' id='word_1_835' title='bbox 2609 5065 2946 5120; x_wconf 83' lang='lat' dir='ltr'><strong>nequaquam</strong></span> <span class='ocrx_word' id='word_1_836' title='bbox 2974 5054 3275 5124; x_wconf 88' lang='lat' dir='ltr'><strong>aggaudere</strong></span> <span class='ocrx_word' id='word_1_837' title='bbox 3297 5057 3517 5126; x_wconf 87' lang='lat' dir='ltr'><strong>pigebit.</strong></span> <span class='ocrx_word' id='word_1_838' title='bbox 3539 5056 3802 5125; x_wconf 86' lang='lat' dir='ltr'><strong>Quis,ait,</strong></span> 
     </span>
    </p>
   </div>
   <div class='ocr_carea' id='block_1_112' title="bbox 2224 5138 3803 5214">
    <p class='ocr_par' dir='ltr' id='par_1_112' title="bbox 2224 5138 3803 5214">
     <span class='ocr_line' id='line_1_112' title="bbox 2224 5138 3803 5214; baseline 0.006 -20"><span class='ocrx_word' id='word_1_839' title='bbox 2224 5138 2434 5208; x_wconf 88' lang='lat' dir='ltr'><strong>opinari</strong></span> <span class='ocrx_word' id='word_1_840' title='bbox 2459 5149 2639 5207; x_wconf 88' lang='lat' dir='ltr'><strong>posset</strong></span> <span class='ocrx_word' id='word_1_841' title='bbox 2658 5142 2921 5196; x_wconf 88' lang='lat' dir='ltr'><strong>rationem</strong></span> <span class='ocrx_word' id='word_1_842' title='bbox 2943 5142 3085 5197; x_wconf 90' lang='lat' dir='ltr'><strong>illam</strong></span> <span class='ocrx_word' id='word_1_843' title='bbox 3114 5143 3168 5198; x_wconf 92' lang='lat' dir='ltr'><strong>in</strong></span> <span class='ocrx_word' id='word_1_844' title='bbox 3194 5147 3398 5214; x_wconf 87' lang='lat' dir='ltr'><strong>peccati</strong></span> <span class='ocrx_word' id='word_1_845' title='bbox 3421 5148 3548 5202; x_wconf 88' lang='lat' dir='ltr'><strong>olim</strong></span> <span class='ocrx_word' id='word_1_846' title='bbox 3575 5148 3803 5204; x_wconf 86' lang='lat' dir='ltr'><strong>ludibrio</strong></span> 
     </span>
    </p>
   </div>
   <div class='ocr_carea' id='block_1_113' title="bbox 2227 5229 3803 5304">
    <p class='ocr_par' dir='ltr' id='par_1_113' title="bbox 2227 5229 3803 5304">
     <span class='ocr_line' id='line_1_113' title="bbox 2227 5229 3803 5304; baseline 0.006 -22"><span class='ocrx_word' id='word_1_847' title='bbox 2227 5229 2591 5297; x_wconf 89' lang='lat' dir='ltr'><strong>prostitutam,</strong></span> <span class='ocrx_word' id='word_1_848' title='bbox 2625 5238 2732 5285; x_wconf 91' lang='lat' dir='ltr'><strong>tam</strong></span> <span class='ocrx_word' id='word_1_849' title='bbox 2759 5230 2999 5287; x_wconf 60' lang='lat' dir='ltr'><strong>caelestia</strong></span> <span class='ocrx_word' id='word_1_850' title='bbox 3026 5248 3215 5302; x_wconf 86' lang='lat' dir='ltr'><strong>sapere</strong></span> <span class='ocrx_word' id='word_1_851' title='bbox 3241 5237 3500 5304; x_wconf 87' lang='lat' dir='ltr'><strong>potuisse,</strong></span> <span class='ocrx_word' id='word_1_852' title='bbox 3529 5248 3585 5291; x_wconf 92' lang='lat' dir='ltr'><strong>et</strong></span> <span class='ocrx_word' id='word_1_853' title='bbox 3619 5238 3803 5292; x_wconf 87' lang='lat' dir='ltr'><strong>volun-</strong></span> 
     </span>
    </p>
   </div>
   <div class='ocr_carea' id='block_1_114' title="bbox 2229 5324 3801 5391">
    <p class='ocr_par' dir='ltr' id='par_1_114' title="bbox 2229 5324 3801 5391">
     <span class='ocr_line' id='line_1_114' title="bbox 2229 5324 3801 5391; baseline 0.004 -17"><span class='ocrx_word' id='word_1_854' title='bbox 2229 5330 2394 5375; x_wconf 90' lang='lat' dir='ltr'><strong>tatem</strong></span> <span class='ocrx_word' id='word_1_855' title='bbox 2418 5362 2434 5387; x_wconf 94' lang='lat'><strong>,</strong></span> <span class='ocrx_word' id='word_1_856' title='bbox 2469 5336 2587 5391; x_wconf 74' lang='lat' dir='ltr'><strong>qua:</strong></span> <span class='ocrx_word' id='word_1_857' title='bbox 2613 5324 2979 5385; x_wconf 78' lang='lat' dir='ltr'><strong>sensuah&#39;tatis</strong></span> <span class='ocrx_word' id='word_1_858' title='bbox 3009 5325 3262 5379; x_wconf 89' lang='lat' dir='ltr'><strong>uberibus</strong></span> <span class='ocrx_word' id='word_1_859' title='bbox 3300 5326 3452 5381; x_wconf 86' lang='lat' dir='ltr'><strong>solita</strong></span> <span class='ocrx_word' id='word_1_860' title='bbox 3487 5336 3606 5381; x_wconf 87' lang='lat' dir='ltr'><strong>erat</strong></span> <span class='ocrx_word' id='word_1_861' title='bbox 3641 5328 3801 5382; x_wconf 82' lang='lat' dir='ltr'><strong>tuenti</strong></span> 
     </span>
    </p>
   </div>
   <div class='ocr_carea' id='block_1_115' title="bbox 2225 5415 3802 5485">
    <p class='ocr_par' dir='ltr' id='par_1_115' title="bbox 2225 5415 3802 5485">
     <span class='ocr_line' id='line_1_115' title="bbox 2225 5415 3802 5485; baseline 0.001 -16"><span class='ocrx_word' id='word_1_862' title='bbox 2225 5415 2541 5470; x_wconf 88' lang='lat' dir='ltr'><strong>ministrare</strong></span> <span class='ocrx_word' id='word_1_863' title='bbox 2577 5415 2817 5471; x_wconf 88' lang='lat' dir='ltr'><strong>libidinis</strong></span> <span class='ocrx_word' id='word_1_864' title='bbox 2856 5417 3116 5485; x_wconf 88' lang='lat' dir='ltr'><strong>cujusque</strong></span> <span class='ocrx_word' id='word_1_865' title='bbox 3156 5432 3421 5472; x_wconf 88' lang='lat' dir='ltr'><strong>venenum</strong></span> <span class='ocrx_word' id='word_1_866' title='bbox 3446 5457 3462 5482; x_wconf 89' lang='lat'><strong>,</strong></span> <span class='ocrx_word' id='word_1_867' title='bbox 3495 5415 3610 5485; x_wconf 88' lang='lat' dir='ltr'><strong>jam</strong></span> <span class='ocrx_word' id='word_1_868' title='bbox 3658 5417 3802 5472; x_wconf 82' lang='lat' dir='ltr'><strong>Scri-</strong></span> 
     </span>
    </p>
   </div>
   <div class='ocr_carea' id='block_1_116' title="bbox 2221 5505 3800 5577">
    <p class='ocr_par' dir='ltr' id='par_1_116' title="bbox 2221 5505 3800 5577">
     <span class='ocr_line' id='line_1_116' title="bbox 2221 5505 3800 5577; baseline 0.001 -17"><span class='ocrx_word' id='word_1_869' title='bbox 2221 5516 2395 5577; x_wconf 70' lang='lat' dir='ltr'><strong>ptura:</strong></span> <span class='ocrx_word' id='word_1_870' title='bbox 2421 5506 2748 5561; x_wconf 87' lang='lat' dir='ltr'><strong>candoribus</strong></span> <span class='ocrx_word' id='word_1_871' title='bbox 2773 5521 2835 5561; x_wconf 85' lang='lat' dir='ltr'><strong>ac</strong></span> <span class='ocrx_word' id='word_1_872' title='bbox 2855 5506 2899 5560; x_wconf 89' lang='lat' dir='ltr'><strong>si</strong></span> <span class='ocrx_word' id='word_1_873' title='bbox 2919 5505 3056 5560; x_wconf 87' lang='lat' dir='ltr'><strong>lacte</strong></span> <span class='ocrx_word' id='word_1_874' title='bbox 3084 5509 3370 5577; x_wconf 79' lang='lat' dir='ltr'><strong>purissimo</strong></span> <span class='ocrx_word' id='word_1_875' title='bbox 3395 5520 3668 5577; x_wconf 79' lang='lat' dir='ltr'><strong>concepta:</strong></span> <span class='ocrx_word' id='word_1_876' title='bbox 3690 5508 3800 5577; x_wconf 85' lang='lat' dir='ltr'><strong>spei</strong></span> 
     </span>
    </p>
   </div>
   <div class='ocr_carea' id='block_1_117' title="bbox 2222 5598 3799 5669">
    <p class='ocr_par' dir='ltr' id='par_1_117' title="bbox 2222 5598 3799 5669">
     <span class='ocr_line' id='line_1_117' title="bbox 2222 5598 3799 5669; baseline 0.001 -16"><span class='ocrx_word' id='word_1_877' title='bbox 2222 5599 2457 5654; x_wconf 76' lang='lat' dir='ltr'><strong>tducare</strong></span> <span class='ocrx_word' id='word_1_878' title='bbox 2482 5598 2809 5654; x_wconf 87' lang='lat' dir='ltr'><strong>desiderium</strong></span> <span class='ocrx_word' id='word_1_879' title='bbox 2833 5639 2848 5663; x_wconf 87' lang='lat'><strong>,</strong></span> <span class='ocrx_word' id='word_1_880' title='bbox 2874 5600 3016 5669; x_wconf 87' lang='lat' dir='ltr'><strong>quod</strong></span> <span class='ocrx_word' id='word_1_881' title='bbox 3041 5598 3151 5667; x_wconf 85' lang='lat' dir='ltr'><strong>jam</strong></span> <span class='ocrx_word' id='word_1_882' title='bbox 3179 5600 3391 5669; x_wconf 81' lang='lat' dir='ltr'><strong>spin’tui</strong></span> <span class='ocrx_word' id='word_1_883' title='bbox 3423 5614 3523 5655; x_wconf 90' lang='lat' dir='ltr'><strong>suo</strong></span> <span class='ocrx_word' id='word_1_884' title='bbox 3555 5601 3626 5655; x_wconf 90' lang='lat' dir='ltr'><strong>ab</strong></span> <span class='ocrx_word' id='word_1_885' title='bbox 3657 5600 3799 5655; x_wconf 88' lang='lat' dir='ltr'><strong>omni</strong></span> 
     </span>
    </p>
   </div>
   <div class='ocr_carea' id='block_1_118' title="bbox 2226 5689 3798 5770">
    <p class='ocr_par' dir='ltr' id='par_1_118' title="bbox 2226 5689 3798 5770">
     <span class='ocr_line' id='line_1_118' title="bbox 2226 5689 3798 5770; baseline -0.001 -24"><span class='ocrx_word' id='word_1_886' title='bbox 2226 5700 2455 5746; x_wconf 83' lang='lat' dir='ltr'><strong>terrenae</strong></span> <span class='ocrx_word' id='word_1_887' title='bbox 2503 5699 2767 5759; x_wconf 74' lang='lat' dir='ltr'><strong>conceptu</strong></span> <span class='ocrx_word' id='word_1_888' title='bbox 2810 5690 3045 5747; x_wconf 86' lang='lat' dir='ltr'><strong>levitatis</strong></span> <span class='ocrx_word' id='word_1_889' title='bbox 3080 5689 3245 5746; x_wconf 84' lang='lat' dir='ltr'><strong>cl&#39;fetn</strong></span> <span class='ocrx_word' id='word_1_890' title='bbox 3284 5691 3509 5760; x_wconf 87' lang='lat' dir='ltr'><strong>protulit</strong></span> <span class='ocrx_word' id='word_1_891' title='bbox 3544 5691 3636 5760; x_wconf 87' lang='lat' dir='ltr'><strong>pia</strong></span> <span class='ocrx_word' id='word_1_892' title='bbox 3669 5691 3798 5770; x_wconf 84' lang='lat' dir='ltr'><strong>sola,</strong></span> 
     </span>
    </p>
   </div>
   <div class='ocr_carea' id='block_1_119' title="bbox 2222 5784 2827 5843">
    <p class='ocr_par' dir='ltr' id='par_1_119' title="bbox 2222 5784 2827 5843">
     <span class='ocr_line' id='line_1_119' title="bbox 2222 5784 2827 5843; baseline -0.008 0"><span class='ocrx_word' id='word_1_893' title='bbox 2222 5787 2333 5843; x_wconf 80' lang='lat' dir='ltr'><strong>sola</strong></span> <span class='ocrx_word' id='word_1_894' title='bbox 2366 5797 2550 5842; x_wconf 78' lang='lat' dir='ltr'><strong>sancta</strong></span> <span class='ocrx_word' id='word_1_895' title='bbox 2583 5784 2827 5840; x_wconf 79' lang='lat' dir='ltr'><strong>valendo.</strong></span> 
     </span>
    </p>
   </div>
  </div>
