4108 6324
16 3732 27 3782 [ι

16 3846 31 3882 ξ

16 3928 33 3979 i.

16 4040 32 4074 ι

16 4133 31 4167 o

367 325 466 383 tet
1108 314 1115 319 ’
1585 327 1945 385 MORALIUM
1981 329 2044 383 IN
2083 329 2379 387 GENESIN
2419 332 2551 388 Ltn.
2581 331 2667 388 Vl.
3540 342 3644 396 ise

447 464 618 519 Vsus.
650 465 710 521 8.
741 496 814 508 —-
859 466 1026 521 Crevit
1059 467 1232 536 itaque
1259 483 1405 536 puer,
1441 474 1487 518 et
1525 456 1816 519 obluctatus
1842 475 1913 519 est
1941 480 1957 515 :
1987 449 2035 508 Α
2063 470 2269 523 errabat
2293 470 2346 523 in
2371 470 2649 525 solitudine
2672 469 2946 526 Bersabee.
2972 471 3441 543 SurgitAbraham
3466 492 3639 541 mane,

382 554 603 624 fecitque
633 554 904 609 Abraham
941 556 1138 626 grande
1189 557 1475 609 convivium
1513 556 1568 609 in
1617 556 1700 609 die
1725 555 1959 608 ablacta-

384 646 537 699 tionis
573 645 712 714 ejus.
749 645 866 700 Duo
907 647 1083 701 virosa
1113 655 1237 701 sunt
1271 647 1457 711 ubera,
1489 646 1683 715 quibus
1726 645 1964 715 pravitas

384 734 553 791 nostri
583 736 826 790 nutritur
870 735 1112 802 affectus,
1142 737 1465 792 sensualitas
1489 735 1848 805 corporalium
1879 736 1961 789 vi-

388 824 523 882 sioui
554 824 805 891 acclinis,
833 835 890 880 et
944 826 1111 895 ipsius
1167 827 1477 896 imaginatio
1503 826 1756 891 visionis,
1796 826 1963 880 multo

386 914 625 972 deterior
659 928 851 987 aperta
904 918 983 973 rei
1040 918 1244 973 visione
1280 918 1591 987 prasentis;
1623 925 1749 971 sunt
1776 926 1830 971 et
1859 916 1963 972 duo

386 1009 519 1074 alia,
551 1009 754 1078 quibus
800 1009 1077 1064 interioris
1126 1010 1360 1065 hominis
1404 1024 1571 1078 usque
1619 1009 1687 1062 ad
1733 1008 1961 1063 solidum

385 1111 775 1173 promoventur
834 1102 1015 1169 initia,
1055 1112 1147 1157 aut
1195 1104 1299 1158 duo
1343 1101 1548 1156 scilicet
1592 1100 1959 1169 Testamenta,

385 1203 477 1249 aut
516 1194 747 1265 gemina
791 1195 1093 1249 dilectionis
1122 1204 1385 1265 praecepta
1406 1236 1420 1262 ,
1452 1209 1680 1264 quorum
1709 1210 1806 1248 usu
1835 1195 1960 1249 dum

384 1284 684 1355 spiritualis
724 1284 877 1339 lsaac
930 1284 1015 1353 pia
1071 1284 1329 1340 coalescit
1380 1284 1637 1352 infantia,
1685 1299 1857 1353 usque
1894 1284 1961 1340 ad

388 1379 561 1447 ipsum
592 1391 783 1445 panem
807 1377 1119 1448 angelorum
1145 1393 1306 1449 quam
1336 1378 1506 1433 dulcis
1535 1387 1617 1432 est
1643 1378 1962 1446 sapiendum

386 1466 723 1536 provehitur,
750 1466 962 1520 sublata
1012 1467 1282 1535 primava
1322 1467 1697 1522 teneritudinis
1741 1468 1958 1524 inertia.

389 1556 512 1611 Dies
544 1564 725 1610 autem
755 1556 1130 1612 ablactationis
1176 1558 1289 1626 ipsa
1333 1568 1414 1612 est
1444 1557 1641 1613 divina
1669 1558 1959 1614 illustratio

385 1646 890 1715 contemplationis,
948 1646 1035 1701 ubi
1073 1646 1130 1700 fit
1177 1646 1307 1702 illud
1348 1645 1615 1703 ineffabile
1654 1649 1958 1704 convivium

387 1754 490 1793 non
511 1739 623 1807 jam
645 1739 987 1807 simplicitate
1010 1740 1183 1805 lactis,
1214 1741 1307 1795 sed
1334 1750 1596 1811 apparatu
1617 1743 1959 1811 sempiterna

390 1830 704 1893 soliditatis;
730 1831 1061 1885 camatenim
1084 1831 1343 1886 Dominus
1371 1831 1648 1887 nobiscum
1673 1841 1817 1896 tunc,
1837 1848 1961 1888 nos-

390 1937 491 1992 que
518 1918 640 1977 cum
673 1919 783 1975 illo.

462 2014 622 2067 Vsus.
662 2013 715 2078 9,
760 2012 846 2080 10,
883 2013 964 2067 ll.
1004 2043 1069 2053 —
1118 2013 1349 2085 Cumque
1381 2015 1585 2069 vidisset
1616 2013 1752 2071 Sara
1791 2014 1959 2085 ﬁlium

401 2104 539 2172 Agar
578 2103 838 2173 Egyptia:
863 2104 1124 2159 ludentem
1164 2122 1280 2158 cum
1313 2104 1486 2170 Isaac,
1517 2106 1648 2160 dixit
1700 2108 1769 2159 ad
1795 2108 1962 2161 Abra-

397 2196 516 2246 ham
542 2210 561 2247 :
587 2194 725 2263 Ejice
767 2193 1015 2247 ancillam
1061 2205 1107 2248 et
1152 2195 1321 2263 ﬁlium
1363 2196 1506 2265 ejus;
1546 2212 1649 2249 non
1696 2197 1831 2250 enim
1862 2198 1960 2250 erit

392 2284 555 2337 Ita-res
582 2284 721 2352 ﬁlius
743 2284 950 2339 ancilla:
976 2302 1091 2338 cum
1114 2285 1225 2353 ﬁlio
1251 2302 1362 2338 meo
1395 2284 1571 2340 Isaac.
1599 2285 1740 2341 Dure
1761 2289 1957 2356 accepit

389 2375 483 2427 hoc
508 2375 773 2429 Aoralmm
798 2393 891 2445 pro
906 2377 1021 2445 ﬁlio
1049 2376 1535 2447 suo.Temporibus
1561 2388 1757 2433 nostra
1792 2378 1959 2449 Spiri-

392 2466 547 2520 tual's
574 2466 811 2522 infantia
860 2469 1095 2537 quandiu
1130 2484 1263 2537 Opus
1313 2470 1451 2523 lacte
1496 2464 1961 2540 habemus,Agar

392 2553 639 2625 Egyptia
668 2555 843 2622 nobis,
876 2556 927 2609 id
966 2566 1047 2611 est
1077 2556 1288 2611 affectio
1318 2558 1585 2611 mundana
1615 2558 1957 2626 obversatur,

392 2661 507 2713 qua
530 2644 699 2698 filitun
723 2644 905 2710 habet,
949 2647 1072 2716 quia
1102 2662 1194 2716 spe
1219 2647 1397 2716 aliqua
1436 2646 1692 2700 mundiali
1731 2663 1837 2701 non
1868 2664 1963 2702 ca-

392 2747 467 2789 ret
501 2753 514 2790 :
545 2752 695 2805 spem
724 2744 903 2790 autem
932 2752 1027 2808 per
1066 2737 1204 2792 filios
1246 2738 1416 2807 accipi
1465 2753 1605 2807 sape
1630 2737 1885 2792 diximus.
1910 2737 1960 2793 ις

391 2844 507 2882 cum
560 2829 708 2883 Isaac
749 2828 902 2895 ludit,
955 2828 1080 2898 quia
1140 2829 1435 2899 spiritualis
1486 2829 1655 2884 nostri
1704 2828 1958 2883 desiderii

391 2917 612 2986 gloriam
652 2917 718 2972 ad
749 2917 955 2973 ludicra
1000 2918 1291 2989 inaniaque
1325 2919 1577 2973 deflectit.
1609 2918 1716 2974 Sed
1759 2926 1959 2973 sancta

392 3008 608 3061 libertas
654 3007 950 3063 voluntatis
984 3006 1171 3063 nolens
1228 3007 1450 3077 spiritus
1477 3008 1727 3077 gaudium
1767 3007 1959 3062 annul-

393 3098 505 3163 lari,
536 3096 877 3154 affectionem
920 3098 1099 3154 saculi
1123 3114 1244 3153 cum
1273 3112 1366 3167 spe
1392 3114 1486 3153 sua
1519 3099 1745 3153 rationis
1771 3084 1958 3153 aucto-

391 3191 567 3253 ritate,
592 3189 734 3259 quod
758 3199 842 3244 est
863 3190 1159 3254 Abraham,
1177 3188 1332 3257 jubet
1352 3189 1586 3245 excludi.
1612 3190 1753 3244 Dure
1775 3198 1955 3245 tamen

396 3283 524 3336 ratio
552 3283 784 3351 accipit,
824 3282 947 3353 quia
992 3282 1092 3337 etsi
1120 3281 1259 3336 velle
1299 3282 1399 3337 sibi
1428 3281 1637 3351 adjacet
1662 3322 1677 3346 ,
1724 3280 1957 3349 abjicere

394 3372 528 3441 quod
572 3372 759 3443 genuit
801 3371 1035 3427 levitatis
1077 3370 1387 3426 facultatem
1434 3386 1541 3425 non
1588 3370 1829 3437 invenit;
1863 3384 1959 3441 spe

393 3461 529 3515 enim
570 3461 673 3516 etsi
705 3459 840 3515 falsa
878 3461 1197 3531 plerumque
1224 3460 1500 3515 trahitur:
1541 3460 1635 3515 sed
1674 3460 1814 3516 filius
1857 3476 1955 3515 an-

394 3553 520 3606 cilla
540 3551 663 3620 jure
691 3552 992 3623 projicitur,
1015 3554 1139 3622 quia
1162 3552 1397 3608 caelestis
1423 3551 1594 3622 regni,
1618 3553 1671 3606 in
1696 3562 1956 3623 quantum
2008 3568 2013 3573 '

394 3658 508 3711 spes
533 3643 807 3698 ancillaris
832 3644 1056 3699 descivit
1085 3644 1153 3699 ab
1178 3641 1295 3712 ejus
1317 3658 1529 3709 amore,
1572 3643 1821 3699 mercede
1853 3643 1956 3697 mi-

395 3735 590 3789 nuitur.
627 3734 781 3791 Hunc
809 3749 937 3806 ergo
968 3735 1210 3805 crucifigi
1230 3735 1383 3805 juxta
1408 3734 1719 3805 Apostolum
1756 3735 1959 3791 mundo

394 3832 597 3893 oportet
635 3822 776 3896 (Gal.
825 3842 900 3893 vt,
946 3825 1033 3897 H)
1059 3866 1076 3895 ,
1131 3826 1225 3881 sed
1270 3825 1523 3896 primitus
1567 3827 1682 3896 ipse
1727 3826 1959 3881 mundus

395 3916 735 3989 crucifigatur
758 3915 954 3972 eidem.

462 4009 620 4063 Vens.
654 4008 755 4074 12,
800 4006 887 4062 1⁸5.
930 4037 1002 4049 ——
1046 4006 1171 4062 Non
1218 4008 1387 4073 enim,
1436 4006 1611 4077 inquit
1654 4006 1829 4073 Deus,
1866 4007 1960 4061 tibi

396 4117 627 4169 asperum
654 4101 895 4154 videatur
935 4115 1090 4169 super
1118 4116 1309 4169 puero,
1344 4110 1394 4153 et
1426 4116 1583 4175 super
1610 4099 1805 4153 ancilla
1842 4109 1956 4153 tua.

398 4190 577 4244 Omnia
607 4207 726 4261 qua:
751 4190 842 4243 tibi
872 4192 1065 4245 dixerit
1094 4190 1257 4256 Sara,
1292 4192 1419 4244 audi
1454 4207 1629 4244 vocem
1669 4190 1806 4261 ejus,
1834 4192 1958 4261 quia

395 4282 442 4333 in
468 4280 620 4335 Isaac
648 4283 915 4336 vocabitur
956 4282 1047 4337 tibi
1095 4298 1288 4337 semen.
1318 4280 1422 4337 Sed
1450 4291 1497 4336 et
1528 4281 1697 4345 tilium
1751 4281 1959 4335 ancilla:

395 4373 576 4440 faciam
607 4372 663 4426 in
687 4383 888 4442 gentem
918 4390 1184 4444 magnam,
1209 4374 1332 4443 quia
1353 4388 1526 4427 semen
1550 4381 1697 4426 tuum
1722 4382 1818 4427 est.
1843 4372 1956 4427 Etsi

395 4466 464 4519 ait
490 4464 790 4521 affectionis
826 4474 1018 4521 catena
1053 4466 1409 4537 protraheris,
1432 4474 1487 4521 et
1506 4480 1645 4520 vana
1668 4480 1763 4537 spe
1786 4465 1959 4521 attice-

396 4558 481 4617 ris.
512 4573 579 4613 ne
607 4556 763 4611 aeide
790 4555 935 4611 feras
981 4558 1096 4611 hac
1123 4565 1234 4612 tota
1282 4556 1619 4621 rescindere,
1657 4557 1765 4610 vim
1796 4557 1957 4627 spiri-

394 4648 545 4703 tualis
561 4655 625 4701 ut
642 4655 694 4699 te
711 4644 984 4700 monuerit
1008 4659 1313 4716 exsequere
1336 4646 1655 4709 voluntatis,
1680 4645 1859 4701 sciens
1888 4660 1951 4701 ex

390 4739 706 4794 aternitatis
749 4737 1018 4793 desiderio
1054 4736 1286 4793 fructum
1332 4736 1713 4793 indefectibilis
1757 4737 1957 4792 latitia

389 4845 450 4885 ex
478 4830 634 4885 Isaac
679 4828 890 4885 scilicet
933 4842 1042 4883 non
1090 4828 1308 4882 aliunde
1360 4829 1569 4884 vocari.
1622 4827 1791 4883 Filius
1827 4842 1957 4884 vero

389 4924 591 4979 ancilla
618 4922 746 4977 licet
768 4921 918 4976 rudis
941 4920 1116 4976 adhuc
1138 4920 1343 4991 aspiret
1365 4921 1419 4975 in
1442 4929 1651 4987 extera,
1671 4928 1955 4990 postquam

389 5031 567 5072 semen
597 5024 748 5068 tuum
775 5011 970 5078 fuerit,
1008 5012 1063 5067 id
1100 5020 1185 5067 est
1214 5010 1417 5065 fructui
1466 5012 1796 5082 sempiterno
1845 5011 1963 5066 ido-

389 5122 542 5163 neum
568 5121 627 5163 se
658 5105 987 5170 exhibuerit,
1032 5112 1087 5159 et
1116 5103 1355 5158 carnalia
1385 5104 1657 5158 seminare
1684 5103 1821 5159 velle
1864 5104 1960 5159 de-

388 5198 588 5254 stiterit
642 5196 699 5250 in
751 5209 1000 5263 magnam
1045 5194 1360 5265 cogitando,
1401 5192 1693 5261 loquendo,
1751 5196 1960 5264 agendo

388 5290 687 5345 studiorum
711 5275 1003 5357 proborum
1034 5294 1251 5358 gentem
1281 5285 1405 5341 erit.
1439 5283 1742 5340 Notandum
1775 5293 1957 5340 autem

388 5383 526 5451 quod
556 5395 766 5447 semen,
791 5388 849 5434 et
871 5377 1075 5434 fructus
1101 5393 1223 5434 esse
1248 5376 1383 5434 solet
1412 5391 1535 5447 spes
1571 5392 1797 5446 quaque
1831 5392 1955 5447 pro-

390 5473 613 5543 pagaudi
643 5471 870 5527 fructus.

458 5563 622 5617 Vsus.
665 5562 754 5617 14.
785 5593 854 5602 -
891 5559 1128 5617 Surrexit
1168 5561 1344 5631 itaque
1398 5561 1660 5615 Abraham
1689 5578 1872 5626 mane,
1911 5569 1959 5614 et

393 5657 573 5710 tollens
608 5670 819 5725 partem,
848 5664 896 5708 et
919 5663 1085 5708 utrem
1113 5669 1264 5723 aqua:
1292 5652 1538 5721 imposuit
1567 5655 1793 5723 scapula:
1815 5653 1927 5721 ejus
1945 5670 1987 5727 ,1

393 5749 706 5803 tradiditaue
737 5762 967 5812 nuerunt,
1015 5755 1061 5801 et
1111 5745 1304 5800 dimisit
1330 5760 1463 5800 eam.
1491 5744 1619 5811 Qna'
1644 5761 1760 5800 cum
1783 5745 1970 5799 abisset

2066 574 2189 614 cum
2223 561 2446 627 spiritus
2492 570 2673 615 noster
2717 577 2783 618 ex
2826 564 3006 617 divina
3059 564 3177 618 luce
3216 566 3280 618 ad
3312 567 3643 621 cohibendos

2066 649 2236 702 animi
2266 650 2440 702 fluxus
2485 651 2709 719 erigitur
2735 666 2763 704 a
2795 653 3013 721 proprio
3047 663 3263 722 torpore
3291 672 3304 707 :
3341 640 3563 719 Panem,
3596 668 3644 709 et

2064 755 2214 809 aqua:
2245 748 2409 792 utrem
2445 739 2672 807 scapula:
2716 741 2829 809 ejus
2860 743 3108 811 imponit,
3138 759 3260 799 cum
3298 745 3490 798 divina
3519 746 3648 799 cha-

2066 830 2244 885 ritatis
2268 829 2467 898 pabulo
2519 838 2573 882 et
2621 830 2859 886 scientia
2884 833 3141 889 salutaris
3194 843 3644 907 lcmpet'antcutu,

2065 935 2219 975 meus
2269 921 2550 983 mundana
2581 920 2879 977 affectionis
2923 925 3155 995 rigorem
3188 928 3340 996 quasi
3383 928 3513 997 jugo
3557 929 3648 982 de-

2063 1011 2268 1081 primit.
2304 1011 2434 1066 Uter
2460 1026 2555 1080 pro
2585 1014 2941 1081 temperantia
2997 1031 3098 1072 non
3131 1018 3361 1073 absurde
3400 1019 3642 1089 ponitur.

2065 1102 2204 1155 unde
2245 1114 2300 1154 et
2329 1102 2468 1156 Deus
2517 1102 2668 1170 quasi
2712 1102 2766 1156 in
2804 1113 2921 1157 utre
2952 1106 3205 1160 statuisse
3231 1107 3428 1162 dicitur
3457 1094 3641 1178 bapti¥

2065 1190 2257 1244 smatis
2291 1206 2479 1260 aquas,
2514 1191 2669 1260 cujus
2694 1194 2922 1261 gratiam
2957 1208 3054 1263 pro
3077 1196 3482 1263 suscipientium
3512 1182 3643 1252 can;

2064 1280 2138 1334 sis
2168 1289 2222 1334 et
2249 1279 2442 1349 fundit,
2478 1290 2532 1335 et
2570 1282 2800 1348 retinet;
2826 1299 2964 1353 aqua
2998 1285 3305 1351 scientiam,
3331 1289 3483 1356 panis
3513 1292 3642 1344 cha-

2064 1368 2277 1424 ritatem
2310 1369 2512 1424 affatim
2546 1372 2761 1442 signare
2783 1372 2936 1427 solet.
2966 1373 3194 1428 Puerum
3218 1377 3401 1441 tradit,
3432 1394 3648 1447 eamque

2063 1462 2317 1529 dimittit,
2368 1465 2495 1517 dum
2540 1480 2660 1517 cum
2716 1466 2839 1518 totis
2896 1464 3177 1521 affectibus
3231 1484 3463 1537 nequam
3520 1484 3643 1537 spes

2061 1557 2224 1609 etiam
2257 1570 2496 1627 quasque
2543 1557 2769 1627 repellit.
2823 1557 2992 1613 Porro
3024 1560 3281 1614 recedens
3324 1577 3352 1614 a
3405 1561 3559 1616 nobis
3590 1548 3644 1614 in

2061 1645 2343 1700 solitudine
2371 1656 2538 1711 errat,
2574 1647 2699 1716 quia
2734 1648 2784 1700 in
2826 1659 3004 1703 mente
3030 1647 3143 1716 jam
3169 1650 3324 1703 unica
3346 1691 3360 1715 ,
3394 1659 3449 1705 et
3487 1666 3514 1702 a
3548 1668 3644 1704 ne-

2062 1738 2223 1807 gotiis
2253 1746 2463 1793 secreta
2501 1738 2613 1809 jam
2641 1741 2912 1808 appetitus
2954 1740 3190 1794 carnalis
3230 1750 3402 1805 nutat,
3462 1742 3645 1796 sedem

2063 1829 2275 1885 scilicet
2313 1831 2492 1885 cordis
2536 1845 2644 1885 non
2687 1830 2893 1885 habens
2921 1831 2973 1885 in
3004 1846 3112 1900 quo
3152 1831 3397 1885 localiter
3423 1832 3641 1902 requie.-

1994 1982 1998 1987 ,
2063 1930 2198 1976 scat.
2225 1919 2380 1975 Unde
2411 1936 2509 1990 per
2559 1919 2997 1990 locaiuaquosa,
3029 1935 3125 1990 per
3163 1921 3330 1975 fortes
3368 1922 3535 1975 animi
3587 1921 3643 1975 in

2063 2025 2278 2079 quaque
2309 2010 2511 2064 virtute
2542 2022 2715 2064 status
2743 2012 3022 2066 ambulare
3045 2011 3301 2081 expulsus
3328 2013 3394 2067 ab
3423 2013 3644 2066 homine

2063 2100 2284 2169 Spiritus
2306 2100 2504 2155 dicitur
2530 2098 2683 2170 (Luc.
2718 2116 2795 2165 χι,
2823 2099 2936 2169 24).
2979 2100 3251 2155 Bersabee
3306 2109 3484 2155 autem
3540 2092 3643 2170 pué

2062 2200 2174 2244 teus
2204 2191 2498 2244 saturitatis
2547 2190 2971 2259 interpretatur;
3035 2206 3157 2244 nam
3190 2200 3415 2260 puteus,
3463 2191 3513 2243 id
3561 2184 3645 2244 est'

2062 2282 2417 2349 cupiditatum
2495 2280 2831 2351 profunditas
2907 2290 3191 2352 postquam
3260 2281 3326 2335 ad
3374 2281 3639 2335 saturita-‘

2065 2381 2169 2425 tem
2209 2353 2409 2426 fastidii
2452 2370 2789 2439 pervenerit,
2842 2372 3001 2441 idque
3061 2386 3214 2425 mens
3258 2371 3636 2437 exhorruerit,

2064 2471 2189 2517 tunc
2218 2462 2358 2533 apud
2387 2477 2444 2517 se
2464 2461 2578 2530 jam
2608 2459 2851 2516 solitaria
2881 2461 3017 2525 fieri,
3052 2461 3269 2530 Dcoquc
3301 2476 3496 2515 vacare
3543 2477 3639 2530 pu-

2064 2555 2207 2609 terit.

2135 2646 2297 2701 Vsus.
2333 2645 2422 2708 15,
2456 2643 2543 2699 l6.
2565 2674 2637 2687 --
2666 2644 2895 2715 Cumque
2921 2653 3226 2713 consumpta
3252 2654 3382 2698 esset
3416 2662 3550 2715 aqua
3582 2647 3637 2698 in

2060 2747 2196 2802 utre,
2227 2736 2419 2807 abjecit
2452 2752 2672 2806 puerum
2714 2736 2890 2789 subter
2918 2752 3079 2789 unam
3120 2735 3388 2802 arborem,
3420 2752 3536 2806 qua:
3567 2735 3641 2789 ibi

2060 2842 2192 2883 erat.
2220 2826 2289 2882 Et
2317 2827 2467 2893 abiit,
2487 2827 2720 2897 seditque
2748 2842 2776 2879 e
2798 2827 3003 2896 regione
3030 2826 3249 2895 procul,
3272 2838 3526 2895 quantum
3548 2844 3643 2896 po-

2061 2929 2157 2973 test
2187 2934 2341 2972 arcus
2364 2917 2564 2988 jacere.
2596 2916 2950 2973 Consumitur
2974 2933 3112 2987 aqua
3146 2917 3201 2971 in
3236 2928 3373 2985 utre,
3412 2931 3538 2971 cum
3566 2927 3646 2971 at-

2062 3016 2314 3064 tenuatur
2373 3007 2455 3063 vis
2493 3007 2764 3075 scientia,
2821 3014 2877 3063 et
2933 3007 3275 3081 discretionis
3328 3008 3381 3062 in
3420 3017 3637 3070 mente;

2010 3139 2028 3162 η
2061 3101 2198 3157 solet
2220 3115 2455 3170 namque
2481 3099 2701 3169 quidam
2732 3109 2912 3156 mctus
2947 3098 3104 3170 quasi
3140 3099 3559 3169 desperationis,
3587 3108 3646 3155 et

2009 3179 2029 3199 ⁴
2060 3208 2127 3248 ex
2154 3193 2346 3248 eadem
2381 3192 2760 3263 desperatione
2805 3191 3050 3248 defectus
3072 3192 3306 3247 suboriri
3338 3193 3392 3247 in
3431 3193 3640 3255 animo,

2060 3293 2349 3355 postquam
2376 3298 2499 3338 cum
2530 3296 2626 3352 spe
2665 3296 2763 3337 sua
2808 3280 2992 3350 repelli
3044 3281 3212 3353 capit
3241 3281 3518 3337 sacnlaris
3555 3280 3640 3334 af-

2058 3379 2256 3442 fectio,
2301 3378 2447 3447 Agar
2496 3375 2749 3432 videlicet
2792 3390 2914 3431 cum
2962 3374 3119 3430 ﬁlio:
3166 3374 3398 3430 attendit
3449 3389 3643 3443 nempe

2059 3469 2428 3529 difficultatem
2487 3466 2791 3522 calestium
2830 3465 3264 3535 sequendorum,
3309 3472 3366 3520 et
3418 3473 3643 3519 veretur

2059 3562 2298 3635 graviter
2353 3560 2634 3631 penuriam
2677 3567 3035 3615 teet-enorum.
3090 3557 3305 3628 Abjecit
3352 3571 3481 3628 ergo
3528 3556 3640 3628 82
3728 3634 3729 3637 η

2060 3670 2285 3725 puerum
2312 3652 2498 3708 subter
2528 3665 2690 3706 unam
2721 3648 2997 3715 arborem,
3024 3663 3149 3704 cum
3191 3662 3342 3717 spem
3375 3646 3528 3716 ponit
3552 3646 3639 3701 in-

2059 3747 2279 3802 uitendo
2316 3760 2477 3815 super
2504 3742 2741 3813 potentis
2786 3739 3017 3809 alicujus
3045 3754 3366 3811 personam,
3399 3738 3537 3802 imo,
3584 3749 3645 3791 ut

2059 3852 2351 3908 sequamur
2377 3836 2681 3911 historiam,
2718 3832 2936 3901 ahjecit,
2967 3847 3065 3902 per
3093 3830 3425 3902 apostasiam,
3451 3829 3641 3899 prima

2058 3929 2214 3985 bona
2243 3927 2534 3982 voluntatis
2575 3924 2816 3990 scilicet,
2841 3939 2905 3979 ac
2944 3924 2988 3978 si
3018 3922 3340 3988 furibunda,
3363 3928 3421 3975 et
3449 3936 3478 3973 a
3529 3920 3644 3975 Dea

2056 4020 2339 4085 deficiens,
2369 4017 2573 4074 homini
2598 4017 2850 4087 cuiquam
2875 4029 2994 4071 sese
3009 4014 3163 4084 quasi
3193 4012 3387 4069 melius
3403 4010 3638 4079 iuvanda

2059 4111 2334 4179 supponit.
2357 4108 2534 4163 Arbor
2566 4105 2914 4177 singulariter
2936 4119 3225 4175 personam
3265 4102 3465 4171 signat,
3497 4099 3640 4154 unde

2059 4201 2114 4254 in
2149 4198 2469 4269 Apocalypsi
2497 4212 2526 4252 a
2564 4207 2800 4267 quatuor
2835 4196 3040 4265 angelis
3069 4192 3373 4256 obsistitur,
3406 4205 3473 4247 ne
3506 4204 3641 4244 ven-

2062 4298 2150 4342 tus
2180 4289 2232 4341 in
2254 4289 2488 4356 aliquam
2518 4287 2768 4340 arborem
2808 4283 2939 4338 flare
2966 4282 3159 4337 debeat
3190 4280 3377 4350 (Apoc.
3409 4295 3507 4344 vti,
3538 4277 3593 4344 5)
3620 4294 3635 4331 :

2060 4393 2295 4448 congrue
2341 4392 2472 4448 ergo
2521 4376 2719 4431 dicitur
2755 4375 2820 4429 de
2850 4376 3074 4438 arbore,
3124 4375 3249 4442 quia
3278 4372 3349 4426 ibi
3382 4378 3538 4433 erat,
3570 4384 3637 4421 ea

2061 4468 2205 4523 enim
2221 4481 2339 4535 qua
2358 4466 2510 4536 juxta
2539 4473 2663 4520 sunt
2682 4473 2737 4519 et
2753 4463 3167 4534 prasentialiter
3193 4460 3383 4525 teucri,
3404 4474 3640 4526 moxque

2058 4558 2276 4629 negotio
2322 4567 2510 4611 nostro
2560 4563 2766 4625 queunt
2796 4554 2986 4619 adniti,
3038 4551 3210 4623 magis
3248 4551 3424 4607 solent
3474 4550 3640 4620 quam

2058 4656 2258 4702 aterna
2307 4645 2475 4716 diligi.
2506 4645 2635 4700 Abit
2671 4645 2853 4713 itaque
2888 4658 2918 4697 a
2967 4643 3094 4698 boni
3140 4652 3320 4711 capto
3352 4641 3641 4711 propositi,

2060 4738 2215 4793 sedet
2263 4752 2293 4793 e
2321 4737 2541 4807 regione
2586 4734 2793 4806 procul,
2823 4735 2948 4788 dum
2980 4733 3034 4787 in
3062 4733 3469 4803 exspectatione
3502 4741 3645 4786 tem-

2058 4826 2261 4899 poralis
2287 4836 2524 4899 quastus
2552 4826 2787 4882 flectitur
2812 4836 2988 4882 status
3010 4826 3388 4890 conscientia;
3423 4824 3483 4877 fit
3513 4839 3642 4879 vero

2058 4919 2251 4991 procul
2280 4928 2541 4989 quantum
2570 4927 2748 4987 potest
2774 4934 2935 4973 arcus
2962 4916 3169 4987 jacere,
3197 4917 3325 4987 quia
3359 4915 3460 4970 etsi
3497 4914 3644 4969 fluxa

2062 5014 2267 5078 sedeat,
2300 5020 2355 5067 et
2393 5011 2583 5081 cupida
2620 5011 2890 5081 inspiciat,
2940 5020 3115 5064 tamen
3148 5017 3203 5063 et
3234 5023 3301 5062 ex
3339 5008 3546 5061 ratione
3572 5010 3640 5061 ad

2065 5105 2159 5160 Dei
2192 5105 2436 5159 timorem
2478 5118 2536 5158 se
2558 5102 2878 5173 reprimens,
2902 5100 2969 5155 ab
3001 5102 3117 5169 ipso
3154 5113 3251 5153 suo
3275 5112 3381 5167 quo
3404 5096 3642 5165 trahitur

2063 5194 2302 5265 appetitu
2342 5208 2401 5248 se
2432 5193 2698 5258 abstinet,
2731 5200 2995 5261 quantum
3027 5189 3198 5258 ipsius
3233 5187 3480 5249 rationis,
3518 5200 3638 5255 qua

2061 5295 2145 5342 est
2172 5286 2383 5355 signata
2407 5299 2503 5355 per
2525 5282 2872 5353 arcum,quia
2893 5281 2960 5336 ad
2987 5290 3195 5336 certum
3222 5292 3286 5334 ac
3315 5279 3357 5333 si
3384 5277 3638 5347 sagittam

2061 5377 2115 5432 id
2144 5377 2287 5447 quod
2328 5376 2492 5431 sentit
2529 5375 2768 5438 emittat,
2797 5380 2977 5443 potest
2996 5370 3349 5441 exprimendo
3376 5368 3635 5423 determfo

2061 5485 2194 5527 nare
2219 5468 2504 5525 sententia.

2139 5564 2296 5619 Vens.
2331 5564 2417 5617 17.
2450 5594 2516 5602 -
2561 5560 2704 5614 Dixit
2736 5561 2873 5613 enim
2902 5574 2918 5610 :
2958 5556 3079 5615 Non
3110 5558 3289 5611 videbo
3330 5555 3641 5607 morientem

2066 5671 2316 5725 puerum,
2350 5662 2398 5706 et
2428 5652 2609 5707 sedens
2644 5663 2825 5706 contra
2858 5651 3041 5705 levavit
3071 5666 3241 5705 vocem
3270 5663 3440 5712 suam,
3469 5656 3514 5698 et
3540 5646 3639 5712 ﬂe-

2071 5746 2158 5800 vit.
2194 5743 2476 5800 Exaudivit
2509 5754 2678 5799 autem
2726 5742 2977 5799 Dominus
3006 5758 3175 5796 vocem
3204 5739 3350 5808 pueri
3375 5756 3391 5791 ι
3420 5732 3645 5789 voravit"-
