3982 6360
242 371 346 429 "is

1377 362 1742 424 υοῐιωωι
1768 361 1834 420 IN
1856 342 2170 420 tuussm
2209 364 2337 419 LIB.
2384 365 2467 419 vt.

3394 369 3495 425 166

241 502 408 558 prava
439 486 792 543 delectatione
828 486 1089 542 lavemus.
1115 485 1289 542 Porro
1312 495 1465 540 terra
1487 484 1813 539 miseremur
1841 484 1889 541 Α
1916 479 2060 532 nium
2087 480 2236 543 mihi,
2260 482 2381 549 quia
2407 496 2500 550 ego
2522 480 2634 551 {odi
2654 489 2869 547 puteum
2894 479 3072 534 istum.
3108 476 3315 535 Idcirco
3342 498 3493 539 occa-

243 578 301 631 in
348 595 451 648 qua
481 579 683 632 versati
715 593 905 633 sumus
929 578 1172 642 advenae,
1204 591 1327 631 cum
1376 576 1591 646 corpori
1624 583 1812 627 nostro

241 681 429 720 curant
469 668 836 739 indulgemus,
886 670 939 723 in
980 683 1085 738 qua
1134 666 1439 722 exhibenda
1486 664 1815 734 temporibus

238 756 370 810 olim
408 766 606 812 nostra
644 759 984 813 abstinentia:
1038 773 1143 813 non
1191 756 1505 820 domestici,
1539 756 1630 809 sed
1659 753 1812 823 quasi

240 848 513 912 extranei,
542 856 597 903 et
623 850 845 904 advenae
868 850 1089 904 fuimus.
1117 848 1390 903 Abraham
1423 847 1631 916 itaque,
1661 844 1817 898 intel-

242 935 549 991 lectualitas
570 938 820 992 videlicet
842 948 1051 1002 nostra,
1075 938 1335 1006 hisquam
1364 936 1681 1006 simpliciter
1692 949 1817 1004 sug-

241 1028 410 1095 gestis
430 1026 690 1089 ﬂectitur,
704 1035 760 1082 et
781 1029 1073 1082 secundum
1094 1042 1226 1083 ease
1244 1036 1490 1080 acturum
1510 1024 1814 1095 pollicetur.

318 1116 480 1172 Vsus.
501 1118 592 1184 24,
616 1118 711 1183 9.5,
728 1119 817 1173 26.
839 1150 911 1160 —
932 1118 1064 1189 Ego,
1087 1120 1182 1184 ait,
1200 1119 1395 1187 jurabo
1420 1134 1439 1171 :
1455 1117 1708 1185 increpuit
1738 1126 1820 1168 ta-

241 1224 362 1262 men
393 1209 687 1263 Abimelech
716 1221 925 1280 propter
945 1219 1156 1278 puteum
1178 1225 1356 1280 aquae,
1386 1225 1537 1278 quem
1566 1209 1613 1262 ei
1642 1208 1816 1260 abstu-

243 1297 415 1351 terant
448 1298 583 1352 servi
612 1298 776 1352 illius.
834 1298 1040 1353 Neseivi
1060 1338 1076 1363 ,
1100 1298 1278 1367 inquit
1313 1296 1621 1351 Abimeleeh
1641 1334 1657 1359 ,
1703 1296 1821 1365 quis

247 1385 426 1453 fecerit
464 1388 599 1440 hanc
626 1388 769 1441 rem?
789 1389 879 1442 sed
899 1398 947 1440 et
977 1396 1033 1441 tu
1059 1404 1163 1443 non
1191 1387 1436 1441 indicasti
1465 1386 1627 1452 mihi,
1655 1395 1703 1440 et
1727 1400 1820 1455 ego

249 1492 352 1530 non
396 1478 572 1531 audivi
616 1488 810 1548 prater
846 1478 1023 1532 hodie.
1047 1478 1250 1533 Putetts
1292 1492 1445 1547 aqua:
1484 1476 1821 1546 profunditas

245 1577 328 1620 est
359 1569 699 1624 discretionis
745 1584 810 1624 ac
842 1569 1206 1639 intelligentiae
1248 1585 1263 1622 :
1309 1569 1453 1624 hunc
1496 1569 1639 1624 servi
1681 1569 1823 1640 regis

247 1655 501 1711 auferunt
524 1672 646 1712 cum
675 1673 841 1727 prava
870 1659 1139 1729 superbiae
1168 1674 1331 1729 opera
1353 1698 1370 1723 ,
1394 1675 1512 1729 quae
1540 1659 1641 1729 ipsi
1666 1660 1821 1728 quasi

242 1746 357 1815 regi
391 1746 737 1812 deserviunt,
768 1749 1068 1803 caecitatem
1093 1749 1249 1804 nobis
1273 1748 1483 1818 reprobi
1509 1763 1699 1805 sensus
1723 1749 1821 1804 im-

1916 582 1999 624 tus
2031 582 2104 624 est
2142 571 2285 625 locus
2313 571 2400 625 ille
2428 572 2712 637 Bersabee,
2742 572 2866 642 quia
2898 572 2970 625 ibi
3022 581 3233 642 uterque
3268 574 3490 643 juravit.

1917 660 1984 713 Et
2011 660 2236 713 inierunt
2261 660 2427 729 [trdus
2453 678 2547 729 pro
2575 672 2727 730 puteo
2744 662 3050 730 juramettti.
3075 662 3155 718 Ac
3173 664 3216 718 si
3248 662 3448 718 diceret
3470 678 3489 718 :

1918 748 2132 804 Sanctae
2173 758 2228 803 et
2280 750 2572 819 spiritualis
2615 766 2747 806 mea;
2802 752 3116 806 intentionis
3161 753 3489 822 propositum

1917 841 2152 911 quandiu
2180 842 2287 898 tuis
2305 843 2576 896 deservire
2603 843 2835 913 placebit
2868 845 3024 915 nugis
3049 846 3115 900 de
3145 860 3303 898 manu
3336 859 3452 897 mea
3474 882 3490 908 ,

1919 931 1972 986 id
1997 934 2170 987 estde
2214 947 2300 987 me
2327 946 2355 985 a
2384 941 2677 1001 spontanea
2726 932 3111 988 deliberatione
3162 950 3268 988 non
3311 942 3491 988 extor—

1918 1022 2132 1091 quebis,
2157 1023 2251 1077 sed
2275 1022 2428 1091 quasi
2459 1022 2759 1090 depositum
2801 1023 2962 1077 alieni
2992 1022 3133 1091 juris
3162 1039 3492 1079 conservan-

1920 1112 2046 1168 dum
2076 1128 2181 1167 non
2208 1115 2631 1169 consumendum
2658 1113 2913 1182 accipies,
2949 1115 3186 1169 solemus
3207 1114 3319 1187 84
3348 1117 3491 1170 enim

1921 1203 2154 1258 scienter
2190 1204 2434 1272 quaedam
2478 1204 2532 1258 in
2574 1218 2674 1259 nos
2720 1204 2859 1256 mala
2903 1202 3209 1268 admittere,
3237 1216 3290 1259 et
3315 1216 3490 1261 tamen

1921 1309 2027 1348 non
2052 1295 2301 1350 deserere
2332 1294 2700 1350 'intentioncm
2732 1294 3021 1349 voluntatis
3069 1294 3254 1358 home,
3291 1304 3350 1349 nt
3402 1297 3494 1359 sit,

1921 1386 2116 1455 inquit,
2143 1387 2194 1441 in
2221 1387 2582 1441 testimonium
2606 1386 2733 1440 milti
2751 1387 2860 1455 ipsa
2887 1384 3103 1455 pietatis
3124 1383 3353 1447 allectio,
3368 1387 3493 1453 quia

1922 1478 2191 1546 quondam
2237 1478 2369 1532 mihi
2402 1478 2745 1535 discretionis
2778 1491 2842 1531 ac
2876 1476 3118 1531 scientia:
3147 1474 3347 1529 fontem
3373 1490 3498 1528 car-

1923 1565 2124 1621 nalium
2156 1569 2406 1622 ruderum
2434 1567 2586 1636 quasi
2615 1567 2894 1637 cujusdam
2918 1566 3143 1622 obsoleti
3168 1566 3316 1620 lacus
3344 1582 3492 1621 com-

1924 1658 2223 1727 paraverim
2250 1660 2521 1729 repurgio.
2552 1658 2753 1713 Puteus
2778 1673 2906 1727 ergo
2924 1658 3217 1728 juratnenti
3248 1659 3386 1726 quod
3412 1666 3497 1711 est

1924 1746 2193 1809 Bersabee
2221 1748 2372 1803 locus
2394 1749 2483 1803 ille
2512 1748 2730 1811 dicitur,
2763 1749 2890 1817 quia
2926 1748 2999 1802 ibi
3027 1756 3252 1816 uterque
3271 1746 3491 1815 juravit.

244 1835 492 1901 mittunt;
536 1837 631 1891 sed
668 1836 923 1906 cogitatio
962 1838 1190 1908 superba
1226 1853 1349 1892 cum
1378 1838 1494 1893 haec
1542 1853 1654 1892 suae
1699 1853 1824 1908 sug-
1856 1853 1900 1907 Β
1927 1836 2053 1891 dum
2081 1846 2135 1890 et
2155 1838 2333 1908 aliqua
2360 1838 2498 1893 mala
2525 1838 2666 1894 intra
2698 1838 2892 1893 mentis
2916 1839 3090 1892 sinunt
3121 1852 3187 1891 ex
3231 1838 3495 1891 industria

245 1925 476 1993 gestioni
509 1941 573 1980 ac
596 1927 640 1980 si
670 1927 997 1996 increpando
1018 1928 1358 1997 opponimus,
1386 1943 1445 1984 se
1470 1930 1682 1983 nescire
1703 1929 1825 1997 quis

247 2015 440 2069 fecerit
474 2015 578 2070 hoc
623 2018 940 2084 respondet,
968 2017 1094 2084 quia
1140 2016 1245 2071 non
1284 2032 1383 2072 suo
1422 2017 1597 2072 reatui
1625 2016 1823 2071 ascribi

252 2107 478 2174 patitur,
532 2107 627 2160 sed
674 2121 774 2161 nec
800 2106 904 2160 illis
926 2108 1259 2175 argumentis
1282 2108 1382 2163 sibi
1412 2107 1633 2177 probari
1670 2121 1826 2175 posse

257 2197 662 2265 tcstatur,quod
687 2198 884 2251 mentis
902 2197 1284 2268 perspicacitas
1310 2212 1404 2267 per
1428 2212 1485 2252 se
1507 2198 1824 2252 obducatur.

257 2282 464 2338 Pra'ter
490 2285 644 2338 hodie
680 2301 787 2339 non
818 2287 1033 2341 audisse
1069 2302 1127 2341 se
1159 2286 1318 2349 dicit,
1350 2287 1476 2357 quia
1522 2286 1595 2339 nil
1638 2301 1695 2340 se
1736 2301 1826 2339 sa-

257 2390 416 2444 pere,
447 2374 520 2428 nil
546 2375 844 2446 intelligere
885 2376 987 2431 nisi
1033 2378 1222 2443 hodie,
1250 2377 1303 2431 id
1347 2388 1430 2434 est
1474 2378 1651 2431 lumen
1691 2376 1824 2430 falsa

260 2467 638 2522 tcsdlicatione
664 2467 858 2523 divinae
897 2468 951 2522 in
981 2470 1093 2524 suis
1122 2470 1372 2539 operibus
1397 2468 1823 2540 gloriﬁcationis,

257 2568 314 2613 et.
341 2558 618 2613 servanda:
655 2557 976 2624 honestatis,
1007 2575 1127 2614 cum
1159 2574 1284 2614 vere
1308 2560 1607 2629 superbiat,
1630 2566 1685 2612 et
1707 2560 1825 2611 ina-

258 2650 401 2704 niter
426 2648 704 2720 glorietur,
730 2650 996 2718 perbibet.
1029 2649 1199 2703 Hodie
1230 2649 1537 2719 andit,quia
1565 2648 1824 2719 quidquid

254 2744 356 2797 sibi
383 2744 522 2798 inest
549 2743 871 2813 simpliciter
898 2753 1065 2798 totum
1098 2759 1162 2799 ac
1202 2743 1377 2798 lucide
1420 2742 1717 2813 intelligere
1765 2756 1824 2796 se

248 2849 317 2888 ac
346 2832 525 2889 facere
556 2836 675 2888 sine
700 2834 806 2888 ulla
832 2834 1043 2904 reprobi
1068 2849 1262 2890 sensus
1281 2834 1531 2900 scientia,
1558 2848 1679 2904 quae
1701 2834 1825 2889 ullis

248 2923 466 2978 indiciis
494 2923 710 2994 coargui
737 2925 923 2994 possit,
955 2926 1168 2979 asserit.

328 3012 488 3066 Vsus.
522 3012 616 3077 27,
654 3010 765 3075 28.,
790 3042 862 3052 —
916 3011 1054 3066 Tulit
1104 3015 1278 3084 itaque
1319 3013 1585 3068 Abraham
1628 3029 1747 3069 oves
1775 3023 1823 3068 et

251 3103 421 3168 bores,
452 3112 499 3156 et
526 3102 665 3156 dedit
694 3102 1021 3167 Abimeleclt,
1052 3115 1513 3175 percusseruutque
1542 3103 1692 3157 ambo
1728 3104 1823 3172 [ae—

1925 1928 2291 1996 reeipiuntur;
2320 1937 2375 1981 et
2400 1937 2578 1982 tamen
2607 1942 2672 1982 ne
2703 1929 2755 1982 in
2787 1928 3074 1997 reprobunt
3107 1942 3264 1981 ruere
3300 1936 3495 1995 cogant

1923 2030 2167 2080 sensum,
2193 2031 2257 2069 ex
2284 2016 2461 2085 aliqua
2492 2026 2644 2085 parte
2669 2027 3013 2087 respuuntur,
3039 2017 3335 2085 spondente
3363 2032 3494 2070 con-

1925 2105 2164 2159 scientiae
2188 2107 2320 2159 vitio
2355 2120 2412 2159 se
2451 2106 2754 2160 nullatenus
2782 2115 2934 2158 extra
2978 2106 3215 2174 regulam
3247 2120 3498 2173 progres-

1927 2209 2132 2258 surum,
2163 2195 2492 2249 conscientia
2538 2195 2898 2264 respondente
2940 2194 3146 2248 aditum
3195 2196 3276 2248 sui
3314 2194 3496 2264 gloriae

1931 2284 2243 2353 temporalis
2290 2286 2539 2339 occursui
2584 2294 2768 2355 utpote
2793 2286 3030 2340 honesta:
3059 2286 3135 2339 rei
3159 2301 3267 2340 non
3303 2300 3500 2354 negan-

1927 2373 2077 2437 dum,
2123 2383 2301 2429 tamen
2351 2375 2486 2429 citra
2539 2390 2752 2430 omnem
2804 2375 3020 2429 inlamis
3049 2376 3218 2445 culpa:
3267 2388 3496 2430 reatum.

1928 2466 2034 2521 Sed
2061 2468 2441 2521 attendendum
2469 2477 2613 2522 esset
2652 2469 2774 2537 quia
2803 2469 3071 2523 modicum
3116 2467 3369 2522 fermenti
3416 2478 3499 2523 to-

1928 2565 2038 2610 tam
2068 2571 2300 2611 massam
2338 2559 2630 2627 corrutnpit
2662 2556 2801 2627 (Gal.
2838 2574 2886 2611 v.
2926 2558 2980 2623 9)
3026 2576 3040 2611 :
3073 2558 3306 2613 solemus
3353 2560 3498 2612 enim

1924 2644 2167 2713 aspicere
2196 2645 2409 2715 aliquos
2440 2648 2493 2700 itt
2527 2647 2721 2716 quibus
2756 2655 2811 2702 et
2844 2647 3087 2715 quaedam
3118 2647 3255 2700 tnala
3281 2656 3493 2717 patent,

1922 2745 1979 2791 et
2020 2735 2157 2790 bona
2188 2746 2364 2791 tamen
2391 2737 2568 2807 aliqua
2603 2740 2864 2802 retinent,
2897 2752 2995 2792 nec
3034 2740 3330 2807 cogitamus
3367 2739 3496 2807 quia

1923 2828 2069 2883 aliud
2098 2839 2179 2884 est
2209 2828 2525 2884 infirmitate
2564 2841 2658 2884 aut
2687 2829 2983 2901 ignorantia
3021 2830 3136 2885 illos
3161 2830 3491 2900 delinquere.

1926 2918 2069 2973 aliud
2094 2936 2189 2974 nos
2214 2920 2441 2990 superba
2472 2920 2854 2977 deliberatione
2888 2934 3133 2991 peccare,
3164 2922 3305 2976 aliud
3331 2924 3494 2977 etiam

1927 3011 2260 3066 naturalibus
2288 3012 2431 3067 vitiis
2465 3011 2605 3078 laedi,
2633 3012 2775 3067 aliud
2822 3030 2929 3069 non
2971 3013 3325 3078 naturalibus,
3352 3014 3496 3084 quod

1926 3115 2010 3162 est
2034 3108 2281 3177 superbia
2312 3118 2364 3164 et
2386 3111 2703 3173 cenodoxia,
2733 3122 2923 3181 sponte
2951 3113 3145 3167 addici.
3175 3111 3241 3167 In
3270 3111 3495 3165 malevo-

249 3195 368 3249 dus.
392 3196 455 3247 Et
485 3195 662 3248 statuit
694 3194 958 3248 Abraham
984 3207 1172 3263 septem
1197 3212 1358 3265 agnas
1378 3197 1547 3265 gregis
1567 3211 1822 3249 seorsum.
1858 3185 1904 3247 C
1935 3196 2039 3249 lam
2064 3199 2292 3251 animam
2324 3216 2425 3253 non
2450 3202 2682 3254 introibit
2716 3204 2968 3273 sapientia
3000 3203 3150 3275 (Sap.
3190 3220 3230 3268 t,
3260 3204 3340 3267 4),
3372 3217 3494 3259 cum

252 3286 518 3338 Abraham
542 3300 657 3337 oves
683 3295 728 3337 et
754 3286 901 3338 boves
925 3284 1215 3338 Abimelech
1239 3289 1350 3349 dat,
1376 3302 1494 3340 cum
1522 3284 1824 3339 intellectus

256 3389 438 3431 noster
463 3377 695 3430 admisso
726 3377 778 3430 in
824 3391 882 3430 se
925 3376 1191 3446 superbia:
1220 3393 1385 3446 regno
1427 3377 1825 3446 simplicitatem

254 3468 442 3530 animi,
471 3475 526 3521 et
551 3467 833 3522 cbaritatis
858 3468 1199 3533 beneﬁcium,
1232 3468 1375 3537 quod
1418 3477 1584 3522 totum
1622 3468 1692 3523 ob
1727 3468 1827 3521 tui-

256 3567 368 3613 tem
395 3568 662 3624 naturam,
683 3568 737 3613 et
773 3558 983 3614 velleris
1020 3558 1406 3629 impensionem
1439 3560 1491 3613 in
1516 3559 1707 3613 ovibus
1736 3574 1829 3613 ac-

232 3650 469 3726 .cipitur,
494 3658 548 3704 et
575 3649 973 3719 praedicationis
1000 3648 1260 3717 laborem,
1287 3650 1428 3718 quod
1454 3648 1508 3701 in
1534 3648 1702 3726 bobus
1728 3662 1827 3700 no-

253 3751 430 3805 tatur,
473 3741 573 3809 ipsi
622 3739 866 3795 videlicet
896 3740 1318 3794 consumendum
1350 3724 1615 3808 superbize
1649 3737 1825 3807 prodit

252 3832 432 3902 potius
460 3845 620 3900 quam
662 3828 988 3885 commodat.
1046 3826 1241 3884 Foedus
1292 3827 1444 3882 ambo
1489 3828 1821 3897 percutiunt,

251 3918 377 3970 dum
418 3919 598 3971 ntttttdi
630 3916 905 3971 arridente
933 3913 1099 3983 gloria
1133 3913 1272 3968 ratio
1295 3922 1350 3967 ct
1397 3912 1647 3983 superbia
1686 3911 1825 3965 irre-

250 4004 582 4076 fragabiliter
612 4005 977 4060 consentiunt.
1004 4002 1305 4059 Notandum
1333 4003 1476 4073 quod
1504 4002 1822 4058 Abimclech

250 4108 306 4150 et
330 4094 535 4159 Pbicol,
566 4111 686 4149 cum
740 4095 844 4148 duo
889 4094 996 4148 sint
1042 4094 1194 4159 vitia,
1221 4095 1296 4149 ita
1342 4105 1519 4147 tamen
1556 4093 1658 4148 sibi
1698 4101 1824 4147 sunt

254 4198 462 4238 annexa
517 4193 575 4238 ttt
620 4197 895 4250 nunquam
941 4194 970 4233 a
1017 4182 1309 4235 cenodoxia
1347 4181 1515 4251 possit
1562 4178 1822 4234 dimoveri

252 4274 536 4344 superbia,
572 4272 697 4327 illud
728 4286 889 4340 quam
921 4271 1153 4325 maxime
1177 4270 1317 4338 quod
1364 4269 1544 4324 l‘lticol
1573 4270 1825 4339 princeps

252 4367 525 4421 exercitus
578 4361 892 4418 Abinteleclt
939 4362 1157 4415 dicitur.
1216 4361 1521 4415 Cenodoxia
1595 4373 1825 4429 namque

1930 3300 2108 3345 tamen
2146 3292 2417 3361 peccaturi
2460 3306 2556 3361 per
2608 3292 2776 3361 ipsam
2829 3293 3144 3363 sapientiam
3200 3294 3495 3361 inspirazur

1929 3382 2265 3449 paenitentia.

1999 3467 2265 3524 Bersabee
2288 3470 2469 3539 itaque
2497 3478 2723 3524 vocatur
2746 3470 2928 3535 locus,
2959 3470 3083 3525 dum
3123 3470 3176 3525 itt
3220 3471 3318 3525 bac
3349 3469 3500 3523 nefa-

1928 3558 2007 3613 ria
2028 3557 2149 3625 Dei,
2172 3567 2225 3613 et
2245 3560 2441 3614 diaboli
2464 3561 2602 3615 intra
2628 3576 2785 3635 unam
2809 3562 3043 3615 animam
3067 3562 3494 3631 participatione,

1927 3648 2121 3701 misera
2159 3649 2295 3702 ratio
2332 3650 2496 3719 ﬁgere
2544 3650 2751 3713 nititur,
2780 3651 2923 3719 quod
2975 3652 3091 3706 lieri
3139 3668 3244 3706 non
3289 3662 3494 3721 potest,

1926 3739 2082 3808 quasi
2112 3738 2335 3794 localem
2370 3750 2569 3795 statum
2604 3759 2617 3795 :
2652 3743 2745 3796 sed
2775 3758 2879 3796 non
2907 3752 2991 3797 est
3019 3744 3360 3813 participatio
3390 3744 3497 3799 luci

1927 3829 1996 3884 ad
2043 3830 2309 3896 tenebras,
2364 3829 2574 3901 dill‘ugit
2623 3831 2777 3901 plane
2833 3832 2919 3886 lux
2973 3834 3223 3888 tenebras
3269 3832 3494 3903 peccati.

1923 3918 2114 3976 Ineunt
2140 3918 2316 3975 {trdus
2344 3935 2442 3989 pro
2471 3930 2631 3990 puteo
2650 3918 2946 3988 juramenti
2967 3959 2982 3985 ,
3007 3922 3129 3975 dunt
3159 3922 3375 3990 quidam
3401 3923 3492 3992 qui

1924 4023 2026 4064 nec
2054 4022 2242 4063 carere
2272 4010 2415 4063 vitiis
2441 4011 2626 4063 volunt
2653 4018 2706 4062 et
2734 4020 2910 4064 tamen
2933 4010 2999 4063 ad
3027 4008 3222 4080 ﬂagitia
3255 4026 3358 4064 non
3399 4026 3497 4079 pro

1925 4098 2017 4153 Dei
2054 4108 2222 4162 metu,
2250 4098 2341 4151 scd
2388 4112 2485 4166 pro
2530 4096 2711 4152 saeculi
2759 4096 2934 4164 potius
2992 4096 3210 4151 infamia
3244 4098 3497 4151 devenire

1925 4194 2201 4253 metuunt,
2236 4186 2334 4240 bos
2364 4195 2539 4240 status
2562 4186 2701 4239 intra
2731 4200 2789 4239 sc
2818 4201 3089 4253 nunquam
3121 4194 3357 4241 staturos
3384 4195 3498 4239 sta-

1923 4276 2138 4341 biliunt,
2170 4285 2231 4330 ut
2275 4285 2470 4347 puteus
2519 4292 2623 4330 non
2655 4278 2917 4330 obruatur
2958 4276 3219 4341 scientiae,
3249 4292 3345 4345 pro
3395 4291 3501 4345 quo

1924 4367 2080 4423 irrita
2111 4382 2235 4421 mox
2266 4365 2446 4420 futura
2487 4379 2540 4421 et
2577 4382 2729 4422 mens
2775 4375 2830 4420 et
2865 4366 3051 4420 vitium
3106 4366 3321 4419 sibimet
3349 4364 3501 4431 jura-

256 4469 399 4512 totas
424 4455 688 4527 superbiae
729 4456 869 4510 vires
894 4471 947 4509 In
990 4468 1047 4508 se
1076 4454 1277 4507 habere
1317 4451 1667 4522 dignoscitur.
1695 4450 1821 4505 dum
1854 4522 1891 4529 λ
1927 4466 2107 4514 menta
2131 4459 2343 4513 dedere.
2369 4457 2634 4529 (Exvsns.
2658 4457 2890 4527 33.)Sed
2911 4459 3080 4525 surgit
3105 4455 3503 4521 Abintelecb,et

258 4558 407 4601 tanto
433 4548 670 4601 rabiditts
704 4560 799 4616 per
841 4543 1144 4600 sanctitatis
1187 4541 1579 4597 simulationem
1620 4539 1816 4597 elevari
1850 4522 1900 4581 υ
2145 4522 2397 4620 princepg
2420 4551 2624 4604 militia:
2650 4548 2787 4616 ejus,
2817 4559 2872 4604 el,
2910 4559 3253 4603 revertuntur
3292 4549 3343 4602 in
3391 4558 3502 4602 ιρι-.-

257 4639 467 4704 nititur,
494 4647 694 4707 quanto
716 4636 919 4691 visibus
940 4635 1216 4690 hominum
1250 4632 1501 4687 humilius
1533 4646 1823 4687 conversa-

256 4741 345 4787 tur
372 4747 385 4784 :
417 4729 534 4801 plus
564 4744 696 4783 sane
730 4727 831 4782 sibi
861 4726 1132 4782 contrahit
1162 4726 1356 4794 iniquae
1385 4722 1703 4795 valetudinis
1731 4719 1822 4789 qui

253 4823 398 4889 ﬁcte,
422 4837 581 4894 quam
612 4821 701 4890 qui
750 4818 989 4889 superbit
1033 4830 1241 4887 aperte.
1284 4817 1384 4871 Per
1424 4832 1490 4885 se,
1516 4826 1613 4869 tem
1643 4825 1820 4869 autem

253 4933 418 4988 agnas
448 4913 787 4983 intelligimus
810 4909 1139 4965 universales
1165 4909 1393 4980 Spiritus
1408 4909 1577 4963 sancti
1600 4908 1821 4979 gratias;

254 5008 354 5063 bas
378 5020 620 5061 seorsum
652 5003 953 5067 statuimus,
1002 5016 1124 5056 cum
1176 4999 1424 5056 eﬂluente
1463 5000 1597 5053 alias
1645 5013 1824 5053 annno

256 5098 355 5154 has
380 5099 521 5152 inter
549 5094 963 5166 superbiendum
996 5099 1050 5145 et
1072 5106 1205 5146 vane
1238 5089 1573 5161 gloriandum
1610 5105 1826 5144 conser-

253 5204 386 5243 vare
409 5188 762 5244 discernendo
792 5200 1095 5241 censemus.
1130 5184 1235 5239 Sed
1262 5185 1388 5255 quid
1420 5185 1533 5238 haec
1567 5198 1823 5254 agnarum

257 5280 357 5337 sibi
382 5280 507 5335 velit
541 5279 815 5335 distinctio
842 5278 1066 5332 miratur
1095 5275 1430 5338 Abitnelecb,
1461 5274 1586 5344 quia
1613 5284 1823 5330 constat

257 5372 522 5441 superbiae
558 5380 741 5442 typum
780 5369 997 5439 indigne
1041 5382 1255 5437 semper
1292 5365 1431 5421 ferre
1463 5368 1615 5421 bona:
1655 5367 1827 5420 inten-

258 5462 419 5520 tionis
439 5463 788 5518 consortium.

328 5558 490 5613 Vstts.
514 5557 601 5621 29,
621 5557 709 5621 50,
735 5558 821 5622 3|,
846 5558 936 5613 δε.
962 5588 1030 5598 -
1058 5557 1199 5624 Quid
1238 5556 1359 5621 sibi,
1404 5555 1609 5625 inquit,
1652 5554 1826 5610 volunt

259 5650 339 5703 ha:
370 5666 539 5721 agam,
569 5667 699 5721 quas
728 5661 865 5704 stare
894 5649 1059 5718 fecisti
1092 5646 1581 5705 seorsum?Ati/le:
1602 5646 1825 5717 Septem,

262 5741 358 5810 ait,
380 5758 540 5812 agnas
566 5742 781 5814 accipies
802 5742 872 5796 de
902 5757 1059 5797 manu
1088 5760 1234 5811 mea,
1263 5751 1317 5795 ut
1364 5743 1465 5796 sint
1510 5743 1561 5798 in
1598 5741 1828 5796 testimo-

1932 4657 2046 4696 ram
2075 4641 2543 4706 PhiliSIhinorum,
2573 4641 2696 4711 quia
2730 4640 2933 4710 peccati
2964 4641 3173 4695 initium
3205 4640 3369 4707 semel
3407 4642 3503 4696 ad-

1931 4734 2153 4790 missum
2183 4747 2398 4803 semper
2435 4731 2620 4807 .seipso
2663 4731 2934 4800 potentius
2965 4730 3135 4801 surgit
3183 4730 3346 4786 animi
3386 4731 3498 4801 jam

1929 4827 2124 4899 captivi
2164 4840 2429 4895 usurpans
2475 4823 2791 4893 imperium,
2816 4832 2871 4878 ct
2904 4825 2970 4879 ad
3010 4824 3371 4879 terrenitatem
3403 4840 3501 4878 nos

1929 4918 2069 4992 cogit
2084 4919 2278 4975 reverti
2298 4916 2761 4981 Philisthinorum,
2778 4916 2827 4971 id
2847 4926 2929 4973 est
2939 4919 3153 4988 potione
3172 4918 3502 4983 cadentium,

1931 5025 2122 5067 eorum
2150 5010 2362 5066 scilicet
2386 5011 2476 5080 qui
2504 5010 2629 5063 vino
2658 5008 2840 5078 gloriae
2884 5010 3168 5065 mundialis
3198 5010 3427 5065 debriati
3469 5025 3500 5064 a

1929 5109 2079 5157 recto
2109 5101 2387 5157 deviantes
2415 5116 2577 5157 sensu
2598 5141 2613 5166 ,
2646 5102 2700 5157 in
2741 5100 2953 5157 funesta
3009 5100 3271 5155 malorum
3308 5100 3501 5154 discri-

1927 5194 2072 5249 mina
2102 5194 2318 5250 cadunt.

2001 5285 2163 5341 Vsus.
2195 5287 2284 5341 35.
2310 5317 2379 5328 —
2404 5285 2666 5341 Abraham
2704 5292 2879 5339 autem
2919 5281 3172 5353 plantavit
3216 5285 3271 5339 iu
3307 5282 3498 5349 Bersa-

1935 5378 2023 5434 bee
2062 5395 2267 5441 nemus,
2306 5389 2353 5433 et
2382 5380 2575 5433 vocavit
2606 5378 2677 5432 ibi
2707 5392 2890 5432 nomen
2935 5375 3029 5431 Dei
3066 5377 3277 5441 (sterni,
3313 5386 3361 5430 et
3398 5377 3497 5444 [uit

1937 5474 2147 5523 colonus
2178 5479 2329 5524 terra:
2358 5467 2793 5523 Philisthinorum
2831 5470 3008 5523 multis
3036 5469 3235 5524 diebus.
3287 5467 3499 5522 Plantat

1934 5560 2197 5613 Abraham
2225 5576 2427 5625 nemus,
2456 5574 2577 5614 cum
2602 5557 2715 5627 jam
2742 5560 2808 5615 ad
2833 5561 3014 5617 saeculi
3047 5568 3249 5615 tractus
3284 5557 3497 5612 animus

1934 5653 2282 5722 voluptatem,
2314 5652 2565 5718 incultas,
2600 5654 2955 5713 inextricabili
2981 5669 3168 5711 errore
3197 5653 3497 5724 perplexas,

1934 5751 2178 5800 etetccas
2203 5743 2558 5816 cogitationes
2584 5746 2685 5801 lixa
2721 5747 2834 5818 jam
2871 5746 3255 5804 deliberatione
3284 5745 3452 5816 gignit
3478 5759 3496 5812 ς
