  <div class='ocr_page' id='page_1' title='image "/cluster/home/n/w/nwhite01/storage/ocr_20150623/156/hvd.32044010683712/089.png"; bbox 0 0 3982 6360; ppageno 0'>
   <div class='ocr_carea' id='block_1_1' title="bbox 487 361 591 419">
    <p class='ocr_par' dir='ltr' id='par_1_1' title="bbox 487 361 591 419">
     <span class='ocr_line' id='line_1_1' title="bbox 487 361 591 419; baseline -0.019 -2"><span class='ocrx_word' id='word_1_1' title='bbox 487 361 591 419; x_wconf 76' lang='grc'><strong>167</strong></span> 
     </span>
    </p>
   </div>
   <div class='ocr_carea' id='block_1_2' title="bbox 1377 322 3043 406">
    <p class='ocr_par' dir='ltr' id='par_1_2' title="bbox 1377 322 3043 406">
     <span class='ocr_line' id='line_1_2' title="bbox 1377 322 3043 406; baseline -0.004 -1"><span class='ocrx_word' id='word_1_2' title='bbox 1377 350 1436 406; x_wconf 83' lang='grc' dir='ltr'><strong>ν.</strong></span> <span class='ocrx_word' id='word_1_3' title='bbox 1477 347 1797 405; x_wconf 76' lang='lat' dir='ltr'><strong>GUIBERTI</strong></span> <span class='ocrx_word' id='word_1_4' title='bbox 1836 322 2137 403; x_wconf 66' lang='lat' dir='ltr'><strong>ABBAT|§</strong></span> <span class='ocrx_word' id='word_1_5' title='bbox 2164 348 2220 402; x_wconf 89' lang='lat' dir='ltr'><strong>s.</strong></span> <span class='ocrx_word' id='word_1_6' title='bbox 2255 342 2493 402; x_wconf 65' lang='lat' dir='ltr'><strong>mane</strong></span> <span class='ocrx_word' id='word_1_7' title='bbox 2535 346 2621 401; x_wconf 74' lang='lat' dir='ltr'><strong>es</strong></span> <span class='ocrx_word' id='word_1_8' title='bbox 2649 342 3043 401; x_wconf 72' lang='lat' dir='ltr'><strong>NOVIGENTO</strong></span> 
     </span>
    </p>
   </div>
   <div class='ocr_carea' id='block_1_3' title="bbox 3668 338 3783 393">
    <p class='ocr_par' dir='ltr' id='par_1_3' title="bbox 3668 338 3783 393">
     <span class='ocr_line' id='line_1_3' title="bbox 3668 338 3783 393; baseline 0.017 -1"><span class='ocrx_word' id='word_1_9' title='bbox 3668 338 3783 393; x_wconf 62' lang='grc' dir='ltr'><strong>ιω</strong></span> 
     </span>
    </p>
   </div>
   <div class='ocr_carea' id='block_1_4' title="bbox 487 455 3780 536">
    <p class='ocr_par' dir='ltr' id='par_1_4' title="bbox 487 455 3780 536">
     <span class='ocr_line' id='line_1_4' title="bbox 487 455 3780 536; baseline -0.008 -4"><span class='ocrx_word' id='word_1_10' title='bbox 487 486 647 532; x_wconf 86' lang='lat' dir='ltr'><strong>vocat</strong></span> <span class='ocrx_word' id='word_1_11' title='bbox 680 484 860 530; x_wconf 89' lang='lat' dir='ltr'><strong>tamen</strong></span> <span class='ocrx_word' id='word_1_12' title='bbox 900 472 972 526; x_wconf 84' lang='lat' dir='ltr'><strong>ibi</strong></span> <span class='ocrx_word' id='word_1_13' title='bbox 1002 485 1186 524; x_wconf 81' lang='lat' dir='ltr'><strong><em>nomen</em></strong></span> <span class='ocrx_word' id='word_1_14' title='bbox 1219 464 1350 534; x_wconf 87' lang='lat' dir='ltr'><strong>Dei,</strong></span> <span class='ocrx_word' id='word_1_15' title='bbox 1382 466 1508 536; x_wconf 83' lang='lat' dir='ltr'><strong>quia</strong></span> <span class='ocrx_word' id='word_1_16' title='bbox 1546 464 1743 532; x_wconf 80' lang='lat' dir='ltr'><strong>saepius</strong></span> <span class='ocrx_word' id='word_1_17' title='bbox 1765 463 1832 517; x_wconf 92' lang='lat' dir='ltr'><strong>ad</strong></span> <span class='ocrx_word' id='word_1_18' title='bbox 1868 477 1963 515; x_wconf 91' lang='lat' dir='ltr'><strong>cor</strong></span> <span class='ocrx_word' id='word_1_19' title='bbox 1990 476 2075 515; x_wconf 82' lang='lat' dir='ltr'><strong>rc-</strong></span> <span class='ocrx_word' id='word_1_20' title='bbox 2106 465 2147 520; x_wconf 79' lang='lat' dir='ltr'><strong>A</strong></span> <span class='ocrx_word' id='word_1_21' title='bbox 2176 462 2296 518; x_wconf 90' lang='lat' dir='ltr'><strong>aliis</strong></span> <span class='ocrx_word' id='word_1_22' title='bbox 2333 471 2516 525; x_wconf 87' lang='lat' dir='ltr'><strong>erant,</strong></span> <span class='ocrx_word' id='word_1_23' title='bbox 2558 461 2689 530; x_wconf 85' lang='lat' dir='ltr'><strong>ipsis</strong></span> <span class='ocrx_word' id='word_1_24' title='bbox 2728 460 2795 515; x_wconf 90' lang='lat' dir='ltr'><strong>ad</strong></span> <span class='ocrx_word' id='word_1_25' title='bbox 2826 461 3043 531; x_wconf 88' lang='lat' dir='ltr'><strong>plenum</strong></span> <span class='ocrx_word' id='word_1_26' title='bbox 3092 471 3189 529; x_wconf 88' lang='lat' dir='ltr'><strong>per</strong></span> <span class='ocrx_word' id='word_1_27' title='bbox 3239 456 3502 527; x_wconf 78' lang='lat' dir='ltr'><strong>imagines</strong></span> <span class='ocrx_word' id='word_1_28' title='bbox 3549 455 3743 525; x_wconf 85' lang='lat' dir='ltr'><strong>signiti</strong></span> <span class='ocrx_word' id='word_1_29' title='bbox 3765 484 3780 494; x_wconf 71' lang='grc' dir='ltr'><strong><em>ο</em></strong></span> 
     </span>
    </p>
   </div>
   <div class='ocr_carea' id='block_1_5' title="bbox 488 554 2066 639">
    <p class='ocr_par' dir='ltr' id='par_1_5' title="bbox 488 554 2066 639">
     <span class='ocr_line' id='line_1_5' title="bbox 488 554 2066 639; baseline -0.012 -14"><span class='ocrx_word' id='word_1_30' title='bbox 488 570 643 625; x_wconf 88' lang='lat' dir='ltr'><strong>diens</strong></span> <span class='ocrx_word' id='word_1_31' title='bbox 671 568 817 639; x_wconf 80' lang='lat' dir='ltr'><strong>apud</strong></span> <span class='ocrx_word' id='word_1_32' title='bbox 868 565 1035 620; x_wconf 89' lang='lat' dir='ltr'><strong>Deum</strong></span> <span class='ocrx_word' id='word_1_33' title='bbox 1087 558 1439 628; x_wconf 74' lang='lat' dir='ltr'><strong>conqueritur</strong></span> <span class='ocrx_word' id='word_1_34' title='bbox 1496 556 1563 610; x_wconf 90' lang='lat' dir='ltr'><strong>de</strong></span> <span class='ocrx_word' id='word_1_35' title='bbox 1604 556 1793 620; x_wconf 89' lang='lat' dir='ltr'><strong>ruina,</strong></span> <span class='ocrx_word' id='word_1_36' title='bbox 1825 554 1912 609; x_wconf 92' lang='lat' dir='ltr'><strong>eui</strong></span> <span class='ocrx_word' id='word_1_37' title='bbox 1958 554 2066 623; x_wconf 85' lang='lat' dir='ltr'><strong>jam</strong></span> 
     </span>
    </p>
   </div>
   <div class='ocr_carea' id='block_1_6' title="bbox 487 648 2070 725">
    <p class='ocr_par' dir='ltr' id='par_1_6' title="bbox 487 648 2070 725">
     <span class='ocr_line' id='line_1_6' title="bbox 487 648 2070 725; baseline -0.011 -8"><span class='ocrx_word' id='word_1_38' title='bbox 487 678 638 717; x_wconf 77' lang='lat' dir='ltr'><strong>nunc</strong></span> <span class='ocrx_word' id='word_1_39' title='bbox 688 660 890 715; x_wconf 88' lang='lat' dir='ltr'><strong>invitus</strong></span> <span class='ocrx_word' id='word_1_40' title='bbox 930 655 1169 725; x_wconf 88' lang='lat' dir='ltr'><strong>subjacet</strong></span> <span class='ocrx_word' id='word_1_41' title='bbox 1211 653 1295 707; x_wconf 91' lang='lat' dir='ltr'><strong>sui</strong></span> <span class='ocrx_word' id='word_1_42' title='bbox 1334 669 1349 705; x_wconf 87' lang='lat'><strong>:</strong></span> <span class='ocrx_word' id='word_1_43' title='bbox 1387 651 1530 705; x_wconf 89' lang='lat' dir='ltr'><strong>unde</strong></span> <span class='ocrx_word' id='word_1_44' title='bbox 1583 649 1807 719; x_wconf 85' lang='lat' dir='ltr'><strong>pulchre</strong></span> <span class='ocrx_word' id='word_1_45' title='bbox 1854 648 2070 701; x_wconf 91' lang='lat' dir='ltr'><strong>additur</strong></span> 
     </span>
    </p>
   </div>
   <div class='ocr_carea' id='block_1_7' title="bbox 488 738 2071 820">
    <p class='ocr_par' dir='ltr' id='par_1_7' title="bbox 488 738 2071 820">
     <span class='ocr_line' id='line_1_7' title="bbox 488 738 2071 820; baseline -0.013 -9"><span class='ocrx_word' id='word_1_46' title='bbox 488 753 702 818; x_wconf 64' lang='lat' dir='ltr'><strong>aeterni;</strong></span> <span class='ocrx_word' id='word_1_47' title='bbox 730 752 849 820; x_wconf 87' lang='lat' dir='ltr'><strong>quia</strong></span> <span class='ocrx_word' id='word_1_48' title='bbox 873 749 975 804; x_wconf 91' lang='lat' dir='ltr'><strong>etsi</strong></span> <span class='ocrx_word' id='word_1_49' title='bbox 1003 762 1068 802; x_wconf 87' lang='lat' dir='ltr'><strong>ex</strong></span> <span class='ocrx_word' id='word_1_50' title='bbox 1098 760 1209 800; x_wconf 77' lang='lat' dir='ltr'><strong>sua:</strong></span> <span class='ocrx_word' id='word_1_51' title='bbox 1238 743 1546 815; x_wconf 88' lang='lat' dir='ltr'><strong>granditate</strong></span> <span class='ocrx_word' id='word_1_52' title='bbox 1568 740 1819 810; x_wconf 61' lang='lat' dir='ltr'><strong>nequitias</strong></span> <span class='ocrx_word' id='word_1_53' title='bbox 1842 738 2071 793; x_wconf 83' lang='lat' dir='ltr'><strong>dillieilis</strong></span> 
     </span>
    </p>
   </div>
   <div class='ocr_carea' id='block_1_8' title="bbox 491 830 2073 900">
    <p class='ocr_par' dir='ltr' id='par_1_8' title="bbox 491 830 2073 900">
     <span class='ocr_line' id='line_1_8' title="bbox 491 830 2073 900; baseline -0.012 0"><span class='ocrx_word' id='word_1_54' title='bbox 491 860 587 899; x_wconf 83' lang='lat' dir='ltr'><strong>sua</strong></span> <span class='ocrx_word' id='word_1_55' title='bbox 613 842 712 897; x_wconf 85' lang='lat' dir='ltr'><strong>sibi</strong></span> <span class='ocrx_word' id='word_1_56' title='bbox 741 838 955 893; x_wconf 91' lang='lat' dir='ltr'><strong>videtur</strong></span> <span class='ocrx_word' id='word_1_57' title='bbox 990 835 1216 900; x_wconf 80' lang='lat' dir='ltr'><strong>laxatio,</strong></span> <span class='ocrx_word' id='word_1_58' title='bbox 1251 842 1511 887; x_wconf 68' lang='lat' dir='ltr'><strong>aeternum</strong></span> <span class='ocrx_word' id='word_1_59' title='bbox 1560 839 1739 885; x_wconf 89' lang='lat' dir='ltr'><strong>tamen</strong></span> <span class='ocrx_word' id='word_1_60' title='bbox 1774 830 2073 884; x_wconf 84' lang='lat' dir='ltr'><strong>reminisci-</strong></span> 
     </span>
    </p>
   </div>
   <div class='ocr_carea' id='block_1_9' title="bbox 493 922 2073 999">
    <p class='ocr_par' dir='ltr' id='par_1_9' title="bbox 493 922 2073 999">
     <span class='ocr_line' id='line_1_9' title="bbox 493 922 2073 999; baseline -0.008 -10"><span class='ocrx_word' id='word_1_61' title='bbox 493 946 582 989; x_wconf 88' lang='lat' dir='ltr'><strong>tur</strong></span> <span class='ocrx_word' id='word_1_62' title='bbox 610 934 794 995; x_wconf 91' lang='lat' dir='ltr'><strong>Deum,</strong></span> <span class='ocrx_word' id='word_1_63' title='bbox 826 929 917 999; x_wconf 90' lang='lat' dir='ltr'><strong>qui</strong></span> <span class='ocrx_word' id='word_1_64' title='bbox 947 926 1249 995; x_wconf 88' lang='lat' dir='ltr'><strong>antiquitus</strong></span> <span class='ocrx_word' id='word_1_65' title='bbox 1284 924 1424 977; x_wconf 88' lang='lat' dir='ltr'><strong>mira</strong></span> <span class='ocrx_word' id='word_1_66' title='bbox 1474 924 1527 977; x_wconf 90' lang='lat' dir='ltr'><strong>in</strong></span> <span class='ocrx_word' id='word_1_67' title='bbox 1574 922 1774 977; x_wconf 91' lang='lat' dir='ltr'><strong>talibus</strong></span> <span class='ocrx_word' id='word_1_68' title='bbox 1827 924 1965 992; x_wconf 84' lang='lat' dir='ltr'><strong>egit,</strong></span> <span class='ocrx_word' id='word_1_69' title='bbox 2019 931 2073 976; x_wconf 90' lang='lat' dir='ltr'><strong>et</strong></span> 
     </span>
    </p>
   </div>
   <div class='ocr_carea' id='block_1_10' title="bbox 492 1011 2069 1090">
    <p class='ocr_par' dir='ltr' id='par_1_10' title="bbox 492 1011 2069 1090">
     <span class='ocr_line' id='line_1_10' title="bbox 492 1011 2069 1090; baseline -0.008 -13"><span class='ocrx_word' id='word_1_70' title='bbox 492 1023 690 1078; x_wconf 81' lang='lat' dir='ltr'><strong>nostris</strong></span> <span class='ocrx_word' id='word_1_71' title='bbox 713 1036 810 1090; x_wconf 89' lang='lat' dir='ltr'><strong>per</strong></span> <span class='ocrx_word' id='word_1_72' title='bbox 839 1019 966 1073; x_wconf 88' lang='lat' dir='ltr'><strong>talia</strong></span> <span class='ocrx_word' id='word_1_73' title='bbox 996 1015 1333 1085; x_wconf 88' lang='lat' dir='ltr'><strong>temporibus</strong></span> <span class='ocrx_word' id='word_1_74' title='bbox 1363 1030 1469 1067; x_wconf 90' lang='lat' dir='ltr'><strong>non</strong></span> <span class='ocrx_word' id='word_1_75' title='bbox 1511 1013 1730 1089; x_wconf 85' lang='lat' dir='ltr'><strong>desinit.</strong></span> <span class='ocrx_word' id='word_1_76' title='bbox 1770 1011 1922 1066; x_wconf 89' lang='lat' dir='ltr'><strong>Unde</strong></span> <span class='ocrx_word' id='word_1_77' title='bbox 1948 1021 2031 1067; x_wconf 88' lang='lat' dir='ltr'><strong>est</strong></span> <span class='ocrx_word' id='word_1_78' title='bbox 2056 1029 2069 1065; x_wconf 90' lang='lat'><strong>:</strong></span> 
     </span>
    </p>
   </div>
   <div class='ocr_carea' id='block_1_11' title="bbox 485 1103 2071 1175">
    <p class='ocr_par' dir='ltr' id='par_1_11' title="bbox 485 1103 2071 1175">
     <span class='ocr_line' id='line_1_11' title="bbox 485 1103 2071 1175; baseline -0.008 -7"><span class='ocrx_word' id='word_1_79' title='bbox 485 1114 638 1167; x_wconf 81' lang='lat' dir='ltr'><strong>Jesus</strong></span> <span class='ocrx_word' id='word_1_80' title='bbox 665 1110 914 1166; x_wconf 75' lang='lat' dir='ltr'><strong>Christus</strong></span> <span class='ocrx_word' id='word_1_81' title='bbox 937 1108 1049 1162; x_wconf 84' lang='lat' dir='ltr'><strong>heri</strong></span> <span class='ocrx_word' id='word_1_82' title='bbox 1072 1117 1121 1161; x_wconf 81' lang='lat' dir='ltr'><strong>et</strong></span> <span class='ocrx_word' id='word_1_83' title='bbox 1152 1106 1335 1170; x_wconf 80' lang='lat' dir='ltr'><strong>hodie,</strong></span> <span class='ocrx_word' id='word_1_84' title='bbox 1363 1106 1472 1175; x_wconf 86' lang='lat' dir='ltr'><strong>ipse</strong></span> <span class='ocrx_word' id='word_1_85' title='bbox 1499 1115 1547 1158; x_wconf 72' lang='lat' dir='ltr'><strong>et</strong></span> <span class='ocrx_word' id='word_1_86' title='bbox 1576 1105 1631 1158; x_wconf 87' lang='lat' dir='ltr'><strong>in</strong></span> <span class='ocrx_word' id='word_1_87' title='bbox 1656 1104 1848 1159; x_wconf 78' lang='lat' dir='ltr'><strong>stecula</strong></span> <span class='ocrx_word' id='word_1_88' title='bbox 1884 1103 2071 1174; x_wconf 84' lang='lat' dir='ltr'><strong>(Hebr.</strong></span> 
     </span>
    </p>
   </div>
   <div class='ocr_carea' id='block_1_12' title="bbox 485 1197 2074 1274">
    <p class='ocr_par' dir='ltr' id='par_1_12' title="bbox 485 1197 2074 1274">
     <span class='ocr_line' id='line_1_12' title="bbox 485 1197 2074 1274; baseline -0.006 -15"><span class='ocrx_word' id='word_1_89' title='bbox 485 1221 603 1270; x_wconf 80' lang='lat' dir='ltr'><strong>xm,</strong></span> <span class='ocrx_word' id='word_1_90' title='bbox 634 1204 689 1274; x_wconf 89' lang='lat'>8)</span> <span class='ocrx_word' id='word_1_91' title='bbox 741 1200 1050 1271; x_wconf 72' lang='lat' dir='ltr'><strong>huiusmodi</strong></span> <span class='ocrx_word' id='word_1_92' title='bbox 1102 1198 1309 1253; x_wconf 89' lang='lat' dir='ltr'><strong>vinctos</strong></span> <span class='ocrx_word' id='word_1_93' title='bbox 1364 1197 1572 1252; x_wconf 90' lang='lat' dir='ltr'><strong>solvere</strong></span> <span class='ocrx_word' id='word_1_94' title='bbox 1614 1198 1852 1267; x_wconf 85' lang='lat' dir='ltr'><strong>poterit:</strong></span> <span class='ocrx_word' id='word_1_95' title='bbox 1890 1198 2074 1251; x_wconf 86' lang='lat' dir='ltr'><strong>talium</strong></span> 
     </span>
    </p>
   </div>
   <div class='ocr_carea' id='block_1_13' title="bbox 484 1289 2073 1363">
    <p class='ocr_par' dir='ltr' id='par_1_13' title="bbox 484 1289 2073 1363">
     <span class='ocr_line' id='line_1_13' title="bbox 484 1289 2073 1363; baseline -0.006 -10"><span class='ocrx_word' id='word_1_96' title='bbox 484 1314 588 1353; x_wconf 93' lang='lat' dir='ltr'><strong>vox</strong></span> <span class='ocrx_word' id='word_1_97' title='bbox 613 1305 702 1351; x_wconf 85' lang='lat' dir='ltr'><strong>est</strong></span> <span class='ocrx_word' id='word_1_98' title='bbox 728 1312 741 1348; x_wconf 91' lang='lat'><strong>:</strong></span> <span class='ocrx_word' id='word_1_99' title='bbox 776 1294 854 1347; x_wconf 87' lang='lat' dir='ltr'><strong>De</strong></span> <span class='ocrx_word' id='word_1_100' title='bbox 892 1292 1165 1363; x_wconf 78' lang='lat' dir='ltr'><strong>profundis</strong></span> <span class='ocrx_word' id='word_1_101' title='bbox 1192 1290 1413 1344; x_wconf 69' lang='lat' dir='ltr'><strong>clamavi</strong></span> <span class='ocrx_word' id='word_1_102' title='bbox 1450 1293 1518 1344; x_wconf 89' lang='lat' dir='ltr'><strong>ad</strong></span> <span class='ocrx_word' id='word_1_103' title='bbox 1545 1301 1614 1355; x_wconf 90' lang='lat' dir='ltr'><strong>te,</strong></span> <span class='ocrx_word' id='word_1_104' title='bbox 1660 1290 1876 1343; x_wconf 82' lang='lat' dir='ltr'><strong>Domine</strong></span> <span class='ocrx_word' id='word_1_105' title='bbox 1903 1289 2073 1361; x_wconf 89' lang='lat' dir='ltr'><strong>(Psal.</strong></span> 
     </span>
    </p>
   </div>
   <div class='ocr_carea' id='block_1_14' title="bbox 488 1381 2079 1451">
    <p class='ocr_par' dir='ltr' id='par_1_14' title="bbox 488 1381 2079 1451">
     <span class='ocr_line' id='line_1_14' title="bbox 488 1381 2079 1451; baseline -0.003 -12"><span class='ocrx_word' id='word_1_106' title='bbox 488 1402 688 1448; x_wconf 75' lang='lat' dir='ltr'><strong>cxxu,</strong></span> <span class='ocrx_word' id='word_1_107' title='bbox 718 1384 793 1451; x_wconf 79' lang='lat' dir='ltr'><strong>l),</strong></span> <span class='ocrx_word' id='word_1_108' title='bbox 836 1393 891 1437; x_wconf 90' lang='lat' dir='ltr'><strong>et</strong></span> <span class='ocrx_word' id='word_1_109' title='bbox 917 1382 1141 1451; x_wconf 91' lang='lat' dir='ltr'><strong>reliqua.</strong></span> <span class='ocrx_word' id='word_1_110' title='bbox 1171 1382 1256 1436; x_wconf 86' lang='lat' dir='ltr'><strong>Fit</strong></span> <span class='ocrx_word' id='word_1_111' title='bbox 1281 1381 1504 1436; x_wconf 90' lang='lat' dir='ltr'><strong>colonus</strong></span> <span class='ocrx_word' id='word_1_112' title='bbox 1538 1394 1695 1436; x_wconf 74' lang='lat' dir='ltr'><strong>terrae</strong></span> <span class='ocrx_word' id='word_1_113' title='bbox 1729 1381 2079 1435; x_wconf 87' lang='lat' dir='ltr'><strong>Pbilistbino-</strong></span> 
     </span>
    </p>
   </div>
   <div class='ocr_carea' id='block_1_15' title="bbox 491 1473 2076 1544">
    <p class='ocr_par' dir='ltr' id='par_1_15' title="bbox 491 1473 2076 1544">
     <span class='ocr_line' id='line_1_15' title="bbox 491 1473 2076 1544; baseline -0.001 -15"><span class='ocrx_word' id='word_1_114' title='bbox 491 1491 614 1529; x_wconf 90' lang='lat' dir='ltr'><strong>rum</strong></span> <span class='ocrx_word' id='word_1_115' title='bbox 649 1474 833 1529; x_wconf 79' lang='lat' dir='ltr'><strong>inultis</strong></span> <span class='ocrx_word' id='word_1_116' title='bbox 859 1475 1072 1537; x_wconf 87' lang='lat' dir='ltr'><strong>diebus,</strong></span> <span class='ocrx_word' id='word_1_117' title='bbox 1097 1489 1204 1543; x_wconf 87' lang='lat' dir='ltr'><strong>quo</strong></span> <span class='ocrx_word' id='word_1_118' title='bbox 1229 1475 1373 1528; x_wconf 90' lang='lat' dir='ltr'><strong>enim</strong></span> <span class='ocrx_word' id='word_1_119' title='bbox 1401 1474 1750 1544; x_wconf 88' lang='lat' dir='ltr'><strong>multiplicior</strong></span> <span class='ocrx_word' id='word_1_120' title='bbox 1780 1473 1974 1527; x_wconf 74' lang='lat' dir='ltr'><strong>divinae</strong></span> <span class='ocrx_word' id='word_1_121' title='bbox 2010 1474 2076 1527; x_wconf 89' lang='lat' dir='ltr'><strong>ad</strong></span> 
     </span>
    </p>
   </div>
   <div class='ocr_carea' id='block_1_16' title="bbox 493 1565 2077 1635">
    <p class='ocr_par' dir='ltr' id='par_1_16' title="bbox 493 1565 2077 1635">
     <span class='ocr_line' id='line_1_16' title="bbox 493 1565 2077 1635; baseline -0.001 -15"><span class='ocrx_word' id='word_1_122' title='bbox 493 1581 552 1620; x_wconf 89' lang='lat' dir='ltr'><strong>se</strong></span> <span class='ocrx_word' id='word_1_123' title='bbox 580 1566 998 1635; x_wconf 84' lang='lat' dir='ltr'><strong>dignoscendum</strong></span> <span class='ocrx_word' id='word_1_124' title='bbox 1024 1565 1398 1619; x_wconf 82' lang='lat' dir='ltr'><strong>illustrationis</strong></span> <span class='ocrx_word' id='word_1_125' title='bbox 1433 1565 1533 1620; x_wconf 88' lang='lat' dir='ltr'><strong>sibi</strong></span> <span class='ocrx_word' id='word_1_126' title='bbox 1561 1566 1848 1620; x_wconf 80' lang='lat' dir='ltr'><strong>increverit</strong></span> <span class='ocrx_word' id='word_1_127' title='bbox 1876 1566 2077 1621; x_wconf 87' lang='lat' dir='ltr'><strong>intelle-</strong></span> 
     </span>
    </p>
   </div>
   <div class='ocr_carea' id='block_1_17' title="bbox 499 1655 2079 1724">
    <p class='ocr_par' dir='ltr' id='par_1_17' title="bbox 499 1655 2079 1724">
     <span class='ocr_line' id='line_1_17' title="bbox 499 1655 2079 1724; baseline 0.002 -17"><span class='ocrx_word' id='word_1_128' title='bbox 499 1663 638 1718; x_wconf 86' lang='lat' dir='ltr'><strong>ctus,</strong></span> <span class='ocrx_word' id='word_1_129' title='bbox 670 1669 737 1709; x_wconf 88' lang='lat' dir='ltr'><strong>eo</strong></span> <span class='ocrx_word' id='word_1_130' title='bbox 757 1655 975 1724; x_wconf 79' lang='lat' dir='ltr'><strong>gravior</strong></span> <span class='ocrx_word' id='word_1_131' title='bbox 1003 1655 1244 1723; x_wconf 85' lang='lat' dir='ltr'><strong>aperitur</strong></span> <span class='ocrx_word' id='word_1_132' title='bbox 1269 1655 1433 1708; x_wconf 89' lang='lat' dir='ltr'><strong>menti</strong></span> <span class='ocrx_word' id='word_1_133' title='bbox 1469 1655 1685 1709; x_wconf 86' lang='lat' dir='ltr'><strong>tristitia</strong></span> <span class='ocrx_word' id='word_1_134' title='bbox 1715 1656 1780 1710; x_wconf 90' lang='lat' dir='ltr'><strong>de</strong></span> <span class='ocrx_word' id='word_1_135' title='bbox 1814 1656 2079 1710; x_wconf 88' lang='lat' dir='ltr'><strong>diuturni-</strong></span> 
     </span>
    </p>
   </div>
   <div class='ocr_carea' id='block_1_18' title="bbox 494 1747 2078 1819">
    <p class='ocr_par' dir='ltr' id='par_1_18' title="bbox 494 1747 2078 1819">
     <span class='ocr_line' id='line_1_18' title="bbox 494 1747 2078 1819; baseline 0.003 -20"><span class='ocrx_word' id='word_1_136' title='bbox 494 1754 608 1801; x_wconf 90' lang='lat' dir='ltr'><strong>tate</strong></span> <span class='ocrx_word' id='word_1_137' title='bbox 638 1748 718 1801; x_wconf 92' lang='lat' dir='ltr'><strong>sui</strong></span> <span class='ocrx_word' id='word_1_138' title='bbox 750 1748 889 1800; x_wconf 90' lang='lat' dir='ltr'><strong>inter</strong></span> <span class='ocrx_word' id='word_1_139' title='bbox 916 1747 1047 1800; x_wconf 90' lang='lat' dir='ltr'><strong>vitia</strong></span> <span class='ocrx_word' id='word_1_140' title='bbox 1079 1747 1361 1801; x_wconf 89' lang='lat' dir='ltr'><strong>incolatus.</strong></span> <span class='ocrx_word' id='word_1_141' title='bbox 1392 1747 1708 1812; x_wconf 78' lang='lat' dir='ltr'><strong>Inceteravi,</strong></span> <span class='ocrx_word' id='word_1_142' title='bbox 1737 1749 1813 1803; x_wconf 85' lang='lat' dir='ltr'><strong>ait</strong></span> <span class='ocrx_word' id='word_1_143' title='bbox 1840 1749 2078 1819; x_wconf 86' lang='lat' dir='ltr'><strong>quidam,</strong></span> 
     </span>
    </p>
   </div>
   <div class='ocr_carea' id='block_1_19' title="bbox 489 1816 2153 1909">
    <p class='ocr_par' dir='ltr' id='par_1_19' title="bbox 489 1816 2153 1909">
     <span class='ocr_line' id='line_1_19' title="bbox 489 1816 2153 1909; baseline 0.004 -21"><span class='ocrx_word' id='word_1_144' title='bbox 489 1835 629 1890; x_wconf 86' lang='lat' dir='ltr'><strong>inter</strong></span> <span class='ocrx_word' id='word_1_145' title='bbox 654 1853 831 1890; x_wconf 86' lang='lat' dir='ltr'><strong>omnes</strong></span> <span class='ocrx_word' id='word_1_146' title='bbox 851 1837 1089 1889; x_wconf 85' lang='lat' dir='ltr'><strong>inimicos</strong></span> <span class='ocrx_word' id='word_1_147' title='bbox 1117 1853 1254 1890; x_wconf 87' lang='lat' dir='ltr'><strong>meos</strong></span> <span class='ocrx_word' id='word_1_148' title='bbox 1282 1836 1453 1906; x_wconf 84' lang='lat' dir='ltr'><strong>(Psal.</strong></span> <span class='ocrx_word' id='word_1_149' title='bbox 1478 1854 1551 1901; x_wconf 80' lang='lat' dir='ltr'><strong>vt,</strong></span> <span class='ocrx_word' id='word_1_150' title='bbox 1580 1838 1656 1909; x_wconf 90' lang='grc'><strong>8).</strong></span> <span class='ocrx_word' id='word_1_151' title='bbox 1683 1840 1748 1893; x_wconf 86' lang='lat' dir='ltr'><strong>Et</strong></span> <span class='ocrx_word' id='word_1_152' title='bbox 1772 1858 1785 1893; x_wconf 90' lang='lat'><strong>:</strong></span> <span class='ocrx_word' id='word_1_153' title='bbox 1811 1816 2080 1894; x_wconf 82' lang='lat' dir='ltr'><strong>Incolatus</strong></span> <span class='ocrx_word' id='word_1_154' title='bbox 2114 1816 2153 1873; x_wconf 74' lang='grc' dir='ltr'>Β</span> 
     </span>
    </p>
   </div>
   <div class='ocr_carea' id='block_1_20' title="bbox 492 1924 2081 1999">
    <p class='ocr_par' dir='ltr' id='par_1_20' title="bbox 492 1924 2081 1999">
     <span class='ocr_line' id='line_1_20' title="bbox 492 1924 2081 1999; baseline 0.005 -22"><span class='ocrx_word' id='word_1_155' title='bbox 492 1942 638 1978; x_wconf 87' lang='lat' dir='ltr'><strong>meus</strong></span> <span class='ocrx_word' id='word_1_156' title='bbox 668 1925 1008 1994; x_wconf 82' lang='lat' dir='ltr'><strong>prolongatus</strong></span> <span class='ocrx_word' id='word_1_157' title='bbox 1038 1936 1111 1979; x_wconf 82' lang='lat' dir='ltr'><strong>est</strong></span> <span class='ocrx_word' id='word_1_158' title='bbox 1154 1924 1326 1996; x_wconf 83' lang='lat' dir='ltr'><strong>(Psal.</strong></span> <span class='ocrx_word' id='word_1_159' title='bbox 1354 1942 1503 1991; x_wconf 72' lang='lat' dir='ltr'><strong>cxrx,</strong></span> <span class='ocrx_word' id='word_1_160' title='bbox 1534 1928 1608 1999; x_wconf 78' lang='lat'><strong>5).</strong></span> <span class='ocrx_word' id='word_1_161' title='bbox 1652 1928 1788 1998; x_wconf 82' lang='lat' dir='ltr'><strong>Ego,</strong></span> <span class='ocrx_word' id='word_1_162' title='bbox 1817 1929 1893 1983; x_wconf 89' lang='lat' dir='ltr'><strong>ait</strong></span> <span class='ocrx_word' id='word_1_163' title='bbox 1923 1929 2081 1999; x_wconf 85' lang='lat' dir='ltr'><strong>alter,</strong></span> 
     </span>
    </p>
   </div>
   <div class='ocr_carea' id='block_1_21' title="bbox 493 2018 1810 2088">
    <p class='ocr_par' dir='ltr' id='par_1_21' title="bbox 493 2018 1810 2088">
     <span class='ocr_line' id='line_1_21' title="bbox 493 2018 1810 2088; baseline 0.003 -17"><span class='ocrx_word' id='word_1_164' title='bbox 493 2018 574 2071; x_wconf 71' lang='lat' dir='ltr'><strong>vir</strong></span> <span class='ocrx_word' id='word_1_165' title='bbox 598 2018 771 2072; x_wconf 84' lang='lat' dir='ltr'><strong>videns</strong></span> <span class='ocrx_word' id='word_1_166' title='bbox 792 2026 1149 2087; x_wconf 76' lang='lat' dir='ltr'><strong>paupertatem</strong></span> <span class='ocrx_word' id='word_1_167' title='bbox 1178 2034 1342 2071; x_wconf 89' lang='lat' dir='ltr'><strong>meam</strong></span> <span class='ocrx_word' id='word_1_168' title='bbox 1373 2018 1587 2074; x_wconf 83' lang='lat' dir='ltr'><strong>(Thren.</strong></span> <span class='ocrx_word' id='word_1_169' title='bbox 1622 2034 1705 2088; x_wconf 78' lang='grc' dir='ltr'><strong>ιιι,</strong></span> <span class='ocrx_word' id='word_1_170' title='bbox 1738 2020 1810 2088; x_wconf 80' lang='grc'><strong>1).</strong></span> 
     </span>
    </p>
   </div>
   <div class='ocr_carea' id='block_1_22' title="bbox 1075 2107 1504 2164">
    <p class='ocr_par' dir='ltr' id='par_1_22' title="bbox 1075 2107 1504 2164">
     <span class='ocr_line' id='line_1_22' title="bbox 1075 2107 1504 2164; baseline 0.002 -2"><span class='ocrx_word' id='word_1_171' title='bbox 1075 2107 1302 2164; x_wconf 74' lang='lat' dir='ltr'><strong>CAPUT</strong></span> <span class='ocrx_word' id='word_1_172' title='bbox 1342 2108 1504 2163; x_wconf 78' lang='lat' dir='ltr'><strong>XXII.</strong></span> 
     </span>
    </p>
   </div>
   <div class='ocr_carea' id='block_1_23' title="bbox 568 2198 2080 2271">
    <p class='ocr_par' dir='ltr' id='par_1_23' title="bbox 568 2198 2080 2271">
     <span class='ocr_line' id='line_1_23' title="bbox 568 2198 2080 2271; baseline 0.001 -18"><span class='ocrx_word' id='word_1_173' title='bbox 568 2199 728 2255; x_wconf 67' lang='lat' dir='ltr'><strong>Vens.</strong></span> <span class='ocrx_word' id='word_1_174' title='bbox 756 2201 807 2266; x_wconf 80' lang='grc'><strong>1,</strong></span> <span class='ocrx_word' id='word_1_175' title='bbox 840 2200 895 2254; x_wconf 72' lang='grc'><strong>2.</strong></span> <span class='ocrx_word' id='word_1_176' title='bbox 920 2228 992 2241; x_wconf 91' lang='lat'><strong>-—</strong></span> <span class='ocrx_word' id='word_1_177' title='bbox 1016 2198 1147 2265; x_wconf 83' lang='lat' dir='ltr'><strong>Qua:</strong></span> <span class='ocrx_word' id='word_1_178' title='bbox 1180 2209 1455 2270; x_wconf 78' lang='lat' dir='ltr'><strong>postquam</strong></span> <span class='ocrx_word' id='word_1_179' title='bbox 1502 2210 1645 2271; x_wconf 85' lang='lat' dir='ltr'><strong>gesta</strong></span> <span class='ocrx_word' id='word_1_180' title='bbox 1676 2212 1830 2266; x_wconf 87' lang='lat' dir='ltr'><strong>sunt,</strong></span> <span class='ocrx_word' id='word_1_181' title='bbox 1864 2205 2080 2256; x_wconf 79' lang='lat' dir='ltr'><strong>tentavit</strong></span> 
     </span>
    </p>
   </div>
   <div class='ocr_carea' id='block_1_24' title="bbox 495 2291 2079 2358">
    <p class='ocr_par' dir='ltr' id='par_1_24' title="bbox 495 2291 2079 2358">
     <span class='ocr_line' id='line_1_24' title="bbox 495 2291 2079 2358; baseline 0 -11"><span class='ocrx_word' id='word_1_182' title='bbox 495 2293 639 2347; x_wconf 87' lang='lat' dir='ltr'><strong>Deus</strong></span> <span class='ocrx_word' id='word_1_183' title='bbox 677 2293 964 2355; x_wconf 81' lang='lat' dir='ltr'><strong>Abraham,</strong></span> <span class='ocrx_word' id='word_1_184' title='bbox 1005 2302 1052 2345; x_wconf 85' lang='lat' dir='ltr'><strong>et</strong></span> <span class='ocrx_word' id='word_1_185' title='bbox 1076 2291 1211 2345; x_wconf 71' lang='lat' dir='ltr'><strong>dixit</strong></span> <span class='ocrx_word' id='word_1_186' title='bbox 1238 2292 1306 2345; x_wconf 87' lang='lat' dir='ltr'><strong>ad</strong></span> <span class='ocrx_word' id='word_1_187' title='bbox 1340 2305 1497 2346; x_wconf 89' lang='lat' dir='ltr'><strong>eum:</strong></span> <span class='ocrx_word' id='word_1_188' title='bbox 1528 2293 1812 2346; x_wconf 78' lang='lat' dir='ltr'><strong>Abraham.</strong></span> <span class='ocrx_word' id='word_1_189' title='bbox 1856 2294 2079 2358; x_wconf 81' lang='lat' dir='ltr'><strong>Adsum,</strong></span> 
     </span>
    </p>
   </div>
   <div class='ocr_carea' id='block_1_25' title="bbox 491 2383 2081 2455">
    <p class='ocr_par' dir='ltr' id='par_1_25' title="bbox 491 2383 2081 2455">
     <span class='ocr_line' id='line_1_25' title="bbox 491 2383 2081 2455; baseline 0.001 -17"><span class='ocrx_word' id='word_1_190' title='bbox 491 2384 687 2455; x_wconf 87' lang='lat' dir='ltr'><strong>inquit.</strong></span> <span class='ocrx_word' id='word_1_191' title='bbox 728 2383 904 2448; x_wconf 84' lang='lat' dir='ltr'><strong>Tolle,</strong></span> <span class='ocrx_word' id='word_1_192' title='bbox 936 2385 1041 2448; x_wconf 87' lang='lat' dir='ltr'><strong>ait,</strong></span> <span class='ocrx_word' id='word_1_193' title='bbox 1096 2384 1422 2452; x_wconf 83' lang='lat' dir='ltr'><strong>unigenitum</strong></span> <span class='ocrx_word' id='word_1_194' title='bbox 1467 2384 1636 2451; x_wconf 83' lang='lat' dir='ltr'><strong>ﬁlium</strong></span> <span class='ocrx_word' id='word_1_195' title='bbox 1686 2397 1863 2451; x_wconf 89' lang='lat' dir='ltr'><strong>tuum,</strong></span> <span class='ocrx_word' id='word_1_196' title='bbox 1928 2403 2081 2455; x_wconf 83' lang='lat' dir='ltr'><strong>quem</strong></span> 
     </span>
    </p>
   </div>
   <div class='ocr_carea' id='block_1_26' title="bbox 493 2473 2080 2543">
    <p class='ocr_par' dir='ltr' id='par_1_26' title="bbox 493 2473 2080 2543">
     <span class='ocr_line' id='line_1_26' title="bbox 493 2473 2080 2543; baseline 0.001 -16"><span class='ocrx_word' id='word_1_197' title='bbox 493 2476 696 2543; x_wconf 81' lang='lat' dir='ltr'><strong>diligis,</strong></span> <span class='ocrx_word' id='word_1_198' title='bbox 726 2473 903 2538; x_wconf 85' lang='lat' dir='ltr'><strong>Isaac,</strong></span> <span class='ocrx_word' id='word_1_199' title='bbox 935 2482 983 2526; x_wconf 89' lang='lat' dir='ltr'><strong>et</strong></span> <span class='ocrx_word' id='word_1_200' title='bbox 1011 2473 1139 2527; x_wconf 78' lang='lat' dir='ltr'><strong>uade</strong></span> <span class='ocrx_word' id='word_1_201' title='bbox 1169 2473 1221 2526; x_wconf 86' lang='lat' dir='ltr'><strong>in</strong></span> <span class='ocrx_word' id='word_1_202' title='bbox 1252 2481 1445 2526; x_wconf 86' lang='lat' dir='ltr'><strong>terram</strong></span> <span class='ocrx_word' id='word_1_203' title='bbox 1487 2473 1725 2537; x_wconf 80' lang='lat' dir='ltr'><strong>visionis,</strong></span> <span class='ocrx_word' id='word_1_204' title='bbox 1759 2484 1911 2542; x_wconf 88' lang='lat' dir='ltr'><strong>atque</strong></span> <span class='ocrx_word' id='word_1_205' title='bbox 1948 2476 2080 2543; x_wconf 73' lang='lat' dir='ltr'><strong>o/fer</strong></span> 
     </span>
    </p>
   </div>
   <div class='ocr_carea' id='block_1_27' title="bbox 492 2566 2081 2638">
    <p class='ocr_par' dir='ltr' id='par_1_27' title="bbox 492 2566 2081 2638">
     <span class='ocr_line' id='line_1_27' title="bbox 492 2566 2081 2638; baseline 0 -19"><span class='ocrx_word' id='word_1_206' title='bbox 492 2582 611 2620; x_wconf 88' lang='lat' dir='ltr'><strong>eum</strong></span> <span class='ocrx_word' id='word_1_207' title='bbox 626 2568 693 2619; x_wconf 87' lang='lat' dir='ltr'><strong>ibi</strong></span> <span class='ocrx_word' id='word_1_208' title='bbox 711 2568 766 2618; x_wconf 84' lang='lat' dir='ltr'><strong>in</strong></span> <span class='ocrx_word' id='word_1_209' title='bbox 782 2566 1144 2619; x_wconf 78' lang='lat' dir='ltr'><strong>holocaustum</strong></span> <span class='ocrx_word' id='word_1_210' title='bbox 1157 2581 1312 2634; x_wconf 83' lang='lat' dir='ltr'><strong>super</strong></span> <span class='ocrx_word' id='word_1_211' title='bbox 1329 2582 1489 2617; x_wconf 90' lang='lat' dir='ltr'><strong>unum</strong></span> <span class='ocrx_word' id='word_1_212' title='bbox 1504 2566 1752 2619; x_wconf 84' lang='lat' dir='ltr'><strong>montium</strong></span> <span class='ocrx_word' id='word_1_213' title='bbox 1770 2584 1919 2638; x_wconf 73' lang='lat' dir='ltr'><strong>quem</strong></span> <span class='ocrx_word' id='word_1_214' title='bbox 1934 2584 2081 2620; x_wconf 87' lang='lat' dir='ltr'><strong>mon-</strong></span> 
     </span>
    </p>
   </div>
   <div class='ocr_carea' id='block_1_28' title="bbox 493 2657 2080 2727">
    <p class='ocr_par' dir='ltr' id='par_1_28' title="bbox 493 2657 2080 2727">
     <span class='ocr_line' id='line_1_28' title="bbox 493 2657 2080 2727; baseline 0 -15"><span class='ocrx_word' id='word_1_215' title='bbox 493 2668 728 2712; x_wconf 79' lang='lat' dir='ltr'><strong>stravere</strong></span> <span class='ocrx_word' id='word_1_216' title='bbox 758 2658 870 2711; x_wconf 84' lang='lat' dir='ltr'><strong>tibi.</strong></span> <span class='ocrx_word' id='word_1_217' title='bbox 902 2657 978 2709; x_wconf 86' lang='lat' dir='ltr'><strong>Ex</strong></span> <span class='ocrx_word' id='word_1_218' title='bbox 1011 2657 1112 2711; x_wconf 90' lang='lat' dir='ltr'><strong>hoc</strong></span> <span class='ocrx_word' id='word_1_219' title='bbox 1139 2663 1412 2727; x_wconf 87' lang='lat' dir='ltr'><strong>gestorum</strong></span> <span class='ocrx_word' id='word_1_220' title='bbox 1435 2657 1626 2711; x_wconf 84' lang='lat' dir='ltr'><strong>ordine</strong></span> <span class='ocrx_word' id='word_1_221' title='bbox 1651 2658 1860 2712; x_wconf 83' lang='lat' dir='ltr'><strong>venitur</strong></span> <span class='ocrx_word' id='word_1_222' title='bbox 1883 2659 1947 2711; x_wconf 88' lang='lat' dir='ltr'><strong>ad</strong></span> <span class='ocrx_word' id='word_1_223' title='bbox 1976 2660 2080 2713; x_wconf 92' lang='lat' dir='ltr'><strong>hoc</strong></span> 
     </span>
    </p>
   </div>
   <div class='ocr_carea' id='block_1_29' title="bbox 494 2744 2080 2817">
    <p class='ocr_par' dir='ltr' id='par_1_29' title="bbox 494 2744 2080 2817">
     <span class='ocr_line' id='line_1_29' title="bbox 494 2744 2080 2817; baseline 0.001 -16"><span class='ocrx_word' id='word_1_224' title='bbox 494 2749 639 2817; x_wconf 90' lang='lat' dir='ltr'><strong>quod</strong></span> <span class='ocrx_word' id='word_1_225' title='bbox 664 2754 835 2801; x_wconf 88' lang='lat' dir='ltr'><strong>tentat</strong></span> <span class='ocrx_word' id='word_1_226' title='bbox 864 2745 1008 2800; x_wconf 90' lang='lat' dir='ltr'><strong>Deus</strong></span> <span class='ocrx_word' id='word_1_227' title='bbox 1053 2746 1350 2800; x_wconf 80' lang='lat' dir='ltr'><strong>Abraham.</strong></span> <span class='ocrx_word' id='word_1_228' title='bbox 1390 2744 1735 2802; x_wconf 84' lang='lat' dir='ltr'><strong>Notissimum</strong></span> <span class='ocrx_word' id='word_1_229' title='bbox 1779 2756 1863 2802; x_wconf 91' lang='lat' dir='ltr'><strong>est</strong></span> <span class='ocrx_word' id='word_1_230' title='bbox 1893 2750 1996 2802; x_wconf 91' lang='lat' dir='ltr'><strong>hoc</strong></span> <span class='ocrx_word' id='word_1_231' title='bbox 2026 2749 2080 2802; x_wconf 91' lang='lat' dir='ltr'><strong>in</strong></span> 
     </span>
    </p>
   </div>
   <div class='ocr_carea' id='block_1_30' title="bbox 494 2837 2080 2909">
    <p class='ocr_par' dir='ltr' id='par_1_30' title="bbox 494 2837 2080 2909">
     <span class='ocr_line' id='line_1_30' title="bbox 494 2837 2080 2909; baseline 0 -16"><span class='ocrx_word' id='word_1_232' title='bbox 494 2839 618 2895; x_wconf 89' lang='lat' dir='ltr'><strong>loco</strong></span> <span class='ocrx_word' id='word_1_233' title='bbox 654 2844 1003 2893; x_wconf 86' lang='lat' dir='ltr'><strong>tentationem</strong></span> <span class='ocrx_word' id='word_1_234' title='bbox 1034 2853 1140 2891; x_wconf 91' lang='lat' dir='ltr'><strong>non</strong></span> <span class='ocrx_word' id='word_1_235' title='bbox 1164 2837 1306 2891; x_wconf 84' lang='lat' dir='ltr'><strong>aliud</strong></span> <span class='ocrx_word' id='word_1_236' title='bbox 1336 2852 1493 2907; x_wconf 89' lang='lat' dir='ltr'><strong>quam</strong></span> <span class='ocrx_word' id='word_1_237' title='bbox 1519 2838 1891 2909; x_wconf 88' lang='lat' dir='ltr'><strong>probationem</strong></span> <span class='ocrx_word' id='word_1_238' title='bbox 1924 2839 2080 2893; x_wconf 89' lang='lat' dir='ltr'><strong>intel-</strong></span> 
     </span>
    </p>
   </div>
   <div class='ocr_carea' id='block_1_31' title="bbox 498 2930 2079 3002">
    <p class='ocr_par' dir='ltr' id='par_1_31' title="bbox 498 2930 2079 3002">
     <span class='ocr_line' id='line_1_31' title="bbox 498 2930 2079 3002; baseline -0.001 -16"><span class='ocrx_word' id='word_1_239' title='bbox 498 2932 623 3002; x_wconf 83' lang='lat' dir='ltr'><strong>ligi;</strong></span> <span class='ocrx_word' id='word_1_240' title='bbox 659 2931 840 3000; x_wconf 87' lang='lat' dir='ltr'><strong>itaque</strong></span> <span class='ocrx_word' id='word_1_241' title='bbox 868 2939 1033 2984; x_wconf 89' lang='lat' dir='ltr'><strong>tentat</strong></span> <span class='ocrx_word' id='word_1_242' title='bbox 1054 2970 1068 2995; x_wconf 96' lang='lat'><strong>,</strong></span> <span class='ocrx_word' id='word_1_243' title='bbox 1098 2944 1219 2984; x_wconf 91' lang='lat' dir='ltr'><strong>eum</strong></span> <span class='ocrx_word' id='word_1_244' title='bbox 1253 2930 1393 2984; x_wconf 90' lang='lat' dir='ltr'><strong>inter</strong></span> <span class='ocrx_word' id='word_1_245' title='bbox 1426 2931 1540 2985; x_wconf 64' lang='lat' dir='ltr'><strong>haec</strong></span> <span class='ocrx_word' id='word_1_246' title='bbox 1579 2931 1760 2986; x_wconf 86' lang='lat' dir='ltr'><strong>omnia</strong></span> <span class='ocrx_word' id='word_1_247' title='bbox 1798 2932 2079 3001; x_wconf 88' lang='lat' dir='ltr'><strong>probando</strong></span> 
     </span>
    </p>
   </div>
   <div class='ocr_carea' id='block_1_32' title="bbox 498 3020 2082 3094">
    <p class='ocr_par' dir='ltr' id='par_1_32' title="bbox 498 3020 2082 3094">
     <span class='ocr_line' id='line_1_32' title="bbox 498 3020 2082 3094; baseline -0.001 -17"><span class='ocrx_word' id='word_1_248' title='bbox 498 3022 751 3094; x_wconf 85' lang='lat' dir='ltr'><strong>spiritum</strong></span> <span class='ocrx_word' id='word_1_249' title='bbox 785 3029 1026 3075; x_wconf 88' lang='lat' dir='ltr'><strong>nostrum</strong></span> <span class='ocrx_word' id='word_1_250' title='bbox 1057 3020 1273 3086; x_wconf 91' lang='lat' dir='ltr'><strong>erudit,</strong></span> <span class='ocrx_word' id='word_1_251' title='bbox 1305 3028 1360 3075; x_wconf 89' lang='lat' dir='ltr'><strong>et</strong></span> <span class='ocrx_word' id='word_1_252' title='bbox 1381 3022 1675 3076; x_wconf 81' lang='lat' dir='ltr'><strong>examinat.</strong></span> <span class='ocrx_word' id='word_1_253' title='bbox 1712 3022 1921 3077; x_wconf 88' lang='lat' dir='ltr'><strong>Dicitur</strong></span> <span class='ocrx_word' id='word_1_254' title='bbox 1947 3037 2082 3091; x_wconf 80' lang='lat' dir='ltr'><strong>quo-</strong></span> 
     </span>
    </p>
   </div>
   <div class='ocr_carea' id='block_1_33' title="bbox 497 3110 2079 3184">
    <p class='ocr_par' dir='ltr' id='par_1_33' title="bbox 497 3110 2079 3184">
     <span class='ocr_line' id='line_1_33' title="bbox 497 3110 2079 3184; baseline -0.001 -18"><span class='ocrx_word' id='word_1_255' title='bbox 497 3114 625 3168; x_wconf 85' lang='lat' dir='ltr'><strong>dam</strong></span> <span class='ocrx_word' id='word_1_256' title='bbox 661 3114 713 3167; x_wconf 92' lang='lat' dir='ltr'><strong>in</strong></span> <span class='ocrx_word' id='word_1_257' title='bbox 744 3112 899 3176; x_wconf 86' lang='lat' dir='ltr'><strong>loco,</strong></span> <span class='ocrx_word' id='word_1_258' title='bbox 930 3110 1055 3180; x_wconf 89' lang='lat' dir='ltr'><strong>quia</strong></span> <span class='ocrx_word' id='word_1_259' title='bbox 1088 3111 1288 3182; x_wconf 87' lang='lat' dir='ltr'><strong>septies</strong></span> <span class='ocrx_word' id='word_1_260' title='bbox 1323 3113 1468 3167; x_wconf 86' lang='lat' dir='ltr'><strong>cadit</strong></span> <span class='ocrx_word' id='word_1_261' title='bbox 1496 3113 1702 3184; x_wconf 83' lang='lat' dir='ltr'><strong>justus,</strong></span> <span class='ocrx_word' id='word_1_262' title='bbox 1738 3122 1794 3169; x_wconf 91' lang='lat' dir='ltr'><strong>et</strong></span> <span class='ocrx_word' id='word_1_263' title='bbox 1846 3112 2079 3183; x_wconf 87' lang='lat' dir='ltr'><strong>resurgit</strong></span> 
     </span>
    </p>
   </div>
   <div class='ocr_carea' id='block_1_34' title="bbox 499 3197 2077 3271">
    <p class='ocr_par' dir='ltr' id='par_1_34' title="bbox 499 3197 2077 3271">
     <span class='ocr_line' id='line_1_34' title="bbox 499 3197 2077 3271; baseline 0.003 -20"><span class='ocrx_word' id='word_1_264' title='bbox 499 3197 686 3270; x_wconf 72' lang='lat' dir='ltr'><strong>(Prov.</strong></span> <span class='ocrx_word' id='word_1_265' title='bbox 721 3214 871 3263; x_wconf 74' lang='lat' dir='ltr'><strong>niv,</strong></span> <span class='ocrx_word' id='word_1_266' title='bbox 899 3198 1010 3270; x_wconf 68' lang='lat'><strong>16);</strong></span> <span class='ocrx_word' id='word_1_267' title='bbox 1045 3200 1186 3269; x_wconf 90' lang='lat' dir='ltr'><strong>quod</strong></span> <span class='ocrx_word' id='word_1_268' title='bbox 1218 3198 1372 3267; x_wconf 84' lang='lat' dir='ltr'><strong>juxta</strong></span> <span class='ocrx_word' id='word_1_269' title='bbox 1402 3200 1786 3271; x_wconf 80' lang='lat' dir='ltr'><strong>Hieronymum</strong></span> <span class='ocrx_word' id='word_1_270' title='bbox 1827 3202 1906 3256; x_wconf 92' lang='lat' dir='ltr'><strong>sic</strong></span> <span class='ocrx_word' id='word_1_271' title='bbox 1935 3202 2077 3257; x_wconf 85' lang='lat' dir='ltr'><strong>acci-</strong></span> 
     </span>
    </p>
   </div>
   <div class='ocr_carea' id='block_1_35' title="bbox 495 3290 2079 3364">
    <p class='ocr_par' dir='ltr' id='par_1_35' title="bbox 495 3290 2079 3364">
     <span class='ocr_line' id='line_1_35' title="bbox 495 3290 2079 3364; baseline 0.003 -18"><span class='ocrx_word' id='word_1_272' title='bbox 495 3292 665 3360; x_wconf 88' lang='lat' dir='ltr'><strong>pitur,</strong></span> <span class='ocrx_word' id='word_1_273' title='bbox 686 3292 863 3361; x_wconf 82' lang='lat' dir='ltr'><strong>justos</strong></span> <span class='ocrx_word' id='word_1_274' title='bbox 895 3290 1141 3345; x_wconf 85' lang='lat' dir='ltr'><strong>videlicet</strong></span> <span class='ocrx_word' id='word_1_275' title='bbox 1172 3292 1400 3347; x_wconf 81' lang='lat' dir='ltr'><strong>diversis</strong></span> <span class='ocrx_word' id='word_1_276' title='bbox 1436 3295 1792 3348; x_wconf 90' lang='lat' dir='ltr'><strong>teutationum</strong></span> <span class='ocrx_word' id='word_1_277' title='bbox 1834 3294 2079 3364; x_wconf 87' lang='lat' dir='ltr'><strong>pulsibus</strong></span> 
     </span>
    </p>
   </div>
   <div class='ocr_carea' id='block_1_36' title="bbox 497 3380 2084 3450">
    <p class='ocr_par' dir='ltr' id='par_1_36' title="bbox 497 3380 2084 3450">
     <span class='ocr_line' id='line_1_36' title="bbox 497 3380 2084 3450; baseline 0.003 -13"><span class='ocrx_word' id='word_1_278' title='bbox 497 3382 714 3447; x_wconf 83' lang='lat' dir='ltr'><strong>cadere,</strong></span> <span class='ocrx_word' id='word_1_279' title='bbox 748 3381 841 3436; x_wconf 90' lang='lat' dir='ltr'><strong>sed</strong></span> <span class='ocrx_word' id='word_1_280' title='bbox 869 3390 1048 3435; x_wconf 90' lang='lat' dir='ltr'><strong>tamen</strong></span> <span class='ocrx_word' id='word_1_281' title='bbox 1078 3396 1175 3450; x_wconf 90' lang='lat' dir='ltr'><strong>per</strong></span> <span class='ocrx_word' id='word_1_282' title='bbox 1202 3380 1455 3438; x_wconf 78' lang='lat' dir='ltr'><strong>allectum</strong></span> <span class='ocrx_word' id='word_1_283' title='bbox 1483 3387 1637 3439; x_wconf 65' lang='lat' dir='ltr'><strong>bona:</strong></span> <span class='ocrx_word' id='word_1_284' title='bbox 1670 3385 1985 3441; x_wconf 88' lang='lat' dir='ltr'><strong>intentionis</strong></span> <span class='ocrx_word' id='word_1_285' title='bbox 2016 3388 2084 3443; x_wconf 90' lang='lat' dir='ltr'><strong>ad</strong></span> 
     </span>
    </p>
   </div>
   <div class='ocr_carea' id='block_1_37' title="bbox 496 3473 2086 3547">
    <p class='ocr_par' dir='ltr' id='par_1_37' title="bbox 496 3473 2086 3547">
     <span class='ocr_line' id='line_1_37' title="bbox 496 3473 2086 3547; baseline 0.004 -20"><span class='ocrx_word' id='word_1_286' title='bbox 496 3473 835 3543; x_wconf 67' lang='lat' dir='ltr'><strong>pwnitentia:</strong></span> <span class='ocrx_word' id='word_1_287' title='bbox 862 3482 1065 3527; x_wconf 87' lang='lat' dir='ltr'><strong>statum</strong></span> <span class='ocrx_word' id='word_1_288' title='bbox 1097 3487 1310 3542; x_wconf 88' lang='lat' dir='ltr'><strong>semper</strong></span> <span class='ocrx_word' id='word_1_289' title='bbox 1343 3490 1654 3545; x_wconf 81' lang='lat' dir='ltr'><strong>resurgere,</strong></span> <span class='ocrx_word' id='word_1_290' title='bbox 1697 3484 1752 3532; x_wconf 89' lang='lat' dir='ltr'><strong>et</strong></span> <span class='ocrx_word' id='word_1_291' title='bbox 1783 3476 1902 3533; x_wconf 90' lang='lat' dir='ltr'><strong>ideo</strong></span> <span class='ocrx_word' id='word_1_292' title='bbox 1924 3477 2086 3547; x_wconf 81' lang='lat' dir='ltr'><strong>justi-</strong></span> 
     </span>
    </p>
   </div>
   <div class='ocr_carea' id='block_1_38' title="bbox 500 3563 2083 3639">
    <p class='ocr_par' dir='ltr' id='par_1_38' title="bbox 500 3563 2083 3639">
     <span class='ocr_line' id='line_1_38' title="bbox 500 3563 2083 3639; baseline 0.006 -23"><span class='ocrx_word' id='word_1_293' title='bbox 500 3563 593 3623; x_wconf 68' lang='lat' dir='ltr'><strong>tize</strong></span> <span class='ocrx_word' id='word_1_294' title='bbox 621 3576 817 3618; x_wconf 89' lang='lat' dir='ltr'><strong>nomen</strong></span> <span class='ocrx_word' id='word_1_295' title='bbox 850 3577 957 3616; x_wconf 89' lang='lat' dir='ltr'><strong>non</strong></span> <span class='ocrx_word' id='word_1_296' title='bbox 981 3564 1252 3626; x_wconf 88' lang='lat' dir='ltr'><strong>amittere,</strong></span> <span class='ocrx_word' id='word_1_297' title='bbox 1279 3564 1402 3633; x_wconf 82' lang='lat' dir='ltr'><strong>quia</strong></span> <span class='ocrx_word' id='word_1_298' title='bbox 1432 3581 1537 3620; x_wconf 91' lang='lat' dir='ltr'><strong>non</strong></span> <span class='ocrx_word' id='word_1_299' title='bbox 1575 3567 1842 3623; x_wconf 83' lang='lat' dir='ltr'><strong>desistunt</strong></span> <span class='ocrx_word' id='word_1_300' title='bbox 1863 3579 2083 3639; x_wconf 86' lang='lat' dir='ltr'><strong>peccata</strong></span> 
     </span>
    </p>
   </div>
   <div class='ocr_carea' id='block_1_39' title="bbox 501 3651 2089 3725">
    <p class='ocr_par' dir='ltr' id='par_1_39' title="bbox 501 3651 2089 3725">
     <span class='ocr_line' id='line_1_39' title="bbox 501 3651 2089 3725; baseline 0.004 -19"><span class='ocrx_word' id='word_1_301' title='bbox 501 3651 740 3715; x_wconf 84' lang='lat' dir='ltr'><strong>munire,</strong></span> <span class='ocrx_word' id='word_1_302' title='bbox 769 3664 869 3721; x_wconf 87' lang='lat' dir='ltr'><strong>per</strong></span> <span class='ocrx_word' id='word_1_303' title='bbox 891 3665 1009 3720; x_wconf 74' lang='lat' dir='ltr'><strong>qua:</strong></span> <span class='ocrx_word' id='word_1_304' title='bbox 1035 3652 1231 3706; x_wconf 89' lang='lat' dir='ltr'><strong>eruditi</strong></span> <span class='ocrx_word' id='word_1_305' title='bbox 1259 3654 1479 3708; x_wconf 88' lang='lat' dir='ltr'><strong>discunt</strong></span> <span class='ocrx_word' id='word_1_306' title='bbox 1505 3657 1845 3725; x_wconf 88' lang='lat' dir='ltr'><strong>postmodum</strong></span> <span class='ocrx_word' id='word_1_307' title='bbox 1878 3658 2089 3713; x_wconf 91' lang='lat' dir='ltr'><strong>fortiter</strong></span> 
     </span>
    </p>
   </div>
   <div class='ocr_carea' id='block_1_40' title="bbox 501 3739 2085 3814">
    <p class='ocr_par' dir='ltr' id='par_1_40' title="bbox 501 3739 2085 3814">
     <span class='ocr_line' id='line_1_40' title="bbox 501 3739 2085 3814; baseline 0.003 -17"><span class='ocrx_word' id='word_1_308' title='bbox 501 3752 675 3797; x_wconf 81' lang='lat' dir='ltr'><strong>stare.</strong></span> <span class='ocrx_word' id='word_1_309' title='bbox 704 3739 860 3796; x_wconf 92' lang='lat' dir='ltr'><strong>Unde</strong></span> <span class='ocrx_word' id='word_1_310' title='bbox 910 3755 1068 3796; x_wconf 88' lang='lat' dir='ltr'><strong>nemo</strong></span> <span class='ocrx_word' id='word_1_311' title='bbox 1115 3743 1343 3796; x_wconf 90' lang='lat' dir='ltr'><strong>miretur</strong></span> <span class='ocrx_word' id='word_1_312' title='bbox 1390 3743 1443 3796; x_wconf 89' lang='lat' dir='ltr'><strong>in</strong></span> <span class='ocrx_word' id='word_1_313' title='bbox 1492 3744 1575 3799; x_wconf 89' lang='lat' dir='ltr'><strong>bis</strong></span> <span class='ocrx_word' id='word_1_314' title='bbox 1637 3746 1912 3814; x_wconf 89' lang='lat' dir='ltr'><strong>opusculis</strong></span> <span class='ocrx_word' id='word_1_315' title='bbox 1960 3747 2085 3802; x_wconf 91' lang='lat' dir='ltr'><strong>dum</strong></span> 
     </span>
    </p>
   </div>
   <div class='ocr_carea' id='block_1_41' title="bbox 503 3830 2086 3907">
    <p class='ocr_par' dir='ltr' id='par_1_41' title="bbox 503 3830 2086 3907">
     <span class='ocr_line' id='line_1_41' title="bbox 503 3830 2086 3907; baseline 0.004 -20"><span class='ocrx_word' id='word_1_316' title='bbox 503 3830 875 3887; x_wconf 89' lang='lat' dir='ltr'><strong>moralitatum</strong></span> <span class='ocrx_word' id='word_1_317' title='bbox 904 3832 1116 3885; x_wconf 89' lang='lat' dir='ltr'><strong>interna</strong></span> <span class='ocrx_word' id='word_1_318' title='bbox 1165 3834 1540 3902; x_wconf 89' lang='lat' dir='ltr'><strong>disquirimus,</strong></span> <span class='ocrx_word' id='word_1_319' title='bbox 1572 3837 1716 3905; x_wconf 85' lang='lat' dir='ltr'><strong>quod</strong></span> <span class='ocrx_word' id='word_1_320' title='bbox 1756 3838 2086 3907; x_wconf 62' lang='lat' dir='ltr'><strong>preemissam</strong></span> 
     </span>
    </p>
   </div>
   <div class='ocr_carea' id='block_1_42' title="bbox 509 3922 2087 3993">
    <p class='ocr_par' dir='ltr' id='par_1_42' title="bbox 509 3922 2087 3993">
     <span class='ocr_line' id='line_1_42' title="bbox 509 3922 2087 3993; baseline 0.005 -18"><span class='ocrx_word' id='word_1_321' title='bbox 509 3922 771 3977; x_wconf 90' lang='lat' dir='ltr'><strong>virtutum</strong></span> <span class='ocrx_word' id='word_1_322' title='bbox 811 3935 1255 3992; x_wconf 88' lang='lat' dir='ltr'><strong>quarumcunque</strong></span> <span class='ocrx_word' id='word_1_323' title='bbox 1293 3922 1544 3993; x_wconf 80' lang='lat' dir='ltr'><strong>gloriam,</strong></span> <span class='ocrx_word' id='word_1_324' title='bbox 1582 3926 1831 3981; x_wconf 87' lang='lat' dir='ltr'><strong>vitiorum</strong></span> <span class='ocrx_word' id='word_1_325' title='bbox 1865 3929 2087 3983; x_wconf 89' lang='lat' dir='ltr'><strong>adversa</strong></span> 
     </span>
    </p>
   </div>
   <div class='ocr_carea' id='block_1_43' title="bbox 502 4013 2090 4088">
    <p class='ocr_par' dir='ltr' id='par_1_43' title="bbox 502 4013 2090 4088">
     <span class='ocr_line' id='line_1_43' title="bbox 502 4013 2090 4088; baseline 0.005 -19"><span class='ocrx_word' id='word_1_326' title='bbox 502 4013 894 4078; x_wconf 85' lang='lat' dir='ltr'><strong>subnectimus,</strong></span> <span class='ocrx_word' id='word_1_327' title='bbox 918 4014 1195 4069; x_wconf 89' lang='lat' dir='ltr'><strong>arridente</strong></span> <span class='ocrx_word' id='word_1_328' title='bbox 1227 4016 1465 4085; x_wconf 80' lang='grc' dir='ltr'><strong>οι)ἱηὶοηί</strong></span> <span class='ocrx_word' id='word_1_329' title='bbox 1497 4026 1693 4073; x_wconf 75' lang='lat' dir='ltr'><strong>nostra:</strong></span> <span class='ocrx_word' id='word_1_330' title='bbox 1722 4020 1889 4088; x_wconf 90' lang='lat' dir='ltr'><strong>ipsius</strong></span> <span class='ocrx_word' id='word_1_331' title='bbox 1915 4032 2090 4077; x_wconf 89' lang='lat' dir='ltr'><strong>mate-</strong></span> 
     </span>
    </p>
   </div>
   <div class='ocr_carea' id='block_1_44' title="bbox 504 4102 2087 4181">
    <p class='ocr_par' dir='ltr' id='par_1_44' title="bbox 504 4102 2087 4181">
     <span class='ocr_line' id='line_1_44' title="bbox 504 4102 2087 4181; baseline 0.004 -22"><span class='ocrx_word' id='word_1_332' title='bbox 504 4105 587 4160; x_wconf 78' lang='lat' dir='ltr'><strong>ria</strong></span> <span class='ocrx_word' id='word_1_333' title='bbox 620 4112 819 4159; x_wconf 80' lang='lat' dir='ltr'><strong>textus.</strong></span> <span class='ocrx_word' id='word_1_334' title='bbox 846 4102 987 4169; x_wconf 86' lang='lat' dir='ltr'><strong>Non,</strong></span> <span class='ocrx_word' id='word_1_335' title='bbox 1016 4105 1259 4173; x_wconf 87' lang='lat' dir='ltr'><strong>inquam,</strong></span> <span class='ocrx_word' id='word_1_336' title='bbox 1308 4105 1538 4160; x_wconf 85' lang='lat' dir='ltr'><strong>miretur</strong></span> <span class='ocrx_word' id='word_1_337' title='bbox 1563 4108 1709 4177; x_wconf 90' lang='lat' dir='ltr'><strong>quis,</strong></span> <span class='ocrx_word' id='word_1_338' title='bbox 1756 4111 1849 4164; x_wconf 92' lang='lat' dir='ltr'><strong>sed</strong></span> <span class='ocrx_word' id='word_1_339' title='bbox 1890 4110 1962 4164; x_wconf 90' lang='lat' dir='ltr'><strong>ita</strong></span> <span class='ocrx_word' id='word_1_340' title='bbox 2004 4114 2087 4181; x_wconf 89' lang='lat' dir='ltr'><strong>agi</strong></span> 
     </span>
    </p>
   </div>
   <div class='ocr_carea' id='block_1_45' title="bbox 503 4194 2091 4269">
    <p class='ocr_par' dir='ltr' id='par_1_45' title="bbox 503 4194 2091 4269">
     <span class='ocr_line' id='line_1_45' title="bbox 503 4194 2091 4269; baseline 0.003 -20"><span class='ocrx_word' id='word_1_341' title='bbox 503 4195 791 4266; x_wconf 68' lang='lat' dir='ltr'><strong>prmsentis</strong></span> <span class='ocrx_word' id='word_1_342' title='bbox 821 4194 946 4249; x_wconf 63' lang='lat' dir='ltr'><strong>vitae</strong></span> <span class='ocrx_word' id='word_1_343' title='bbox 975 4203 1167 4263; x_wconf 88' lang='lat' dir='ltr'><strong>penset</strong></span> <span class='ocrx_word' id='word_1_344' title='bbox 1196 4210 1514 4261; x_wconf 84' lang='lat' dir='ltr'><strong>aerumnam,</strong></span> <span class='ocrx_word' id='word_1_345' title='bbox 1545 4208 1603 4251; x_wconf 92' lang='lat' dir='ltr'><strong>ut</strong></span> <span class='ocrx_word' id='word_1_346' title='bbox 1627 4198 1699 4251; x_wconf 90' lang='lat' dir='ltr'><strong>nil</strong></span> <span class='ocrx_word' id='word_1_347' title='bbox 1727 4210 1863 4269; x_wconf 87' lang='lat' dir='ltr'><strong>pene</strong></span> <span class='ocrx_word' id='word_1_348' title='bbox 1887 4201 1957 4255; x_wconf 92' lang='lat' dir='ltr'><strong>sit</strong></span> <span class='ocrx_word' id='word_1_349' title='bbox 1985 4202 2091 4254; x_wconf 86' lang='lat' dir='ltr'><strong>vir-</strong></span> 
     </span>
    </p>
   </div>
   <div class='ocr_carea' id='block_1_46' title="bbox 507 4284 2090 4360">
    <p class='ocr_par' dir='ltr' id='par_1_46' title="bbox 507 4284 2090 4360">
     <span class='ocr_line' id='line_1_46' title="bbox 507 4284 2090 4360; baseline 0.006 -22"><span class='ocrx_word' id='word_1_350' title='bbox 507 4286 640 4341; x_wconf 90' lang='lat' dir='ltr'><strong>tutis</strong></span> <span class='ocrx_word' id='word_1_351' title='bbox 665 4285 719 4340; x_wconf 90' lang='lat' dir='ltr'><strong>in</strong></span> <span class='ocrx_word' id='word_1_352' title='bbox 752 4284 992 4349; x_wconf 85' lang='lat' dir='ltr'><strong>homine,</strong></span> <span class='ocrx_word' id='word_1_353' title='bbox 1029 4284 1174 4353; x_wconf 90' lang='lat' dir='ltr'><strong>quod</strong></span> <span class='ocrx_word' id='word_1_354' title='bbox 1213 4299 1319 4338; x_wconf 90' lang='lat' dir='ltr'><strong>non</strong></span> <span class='ocrx_word' id='word_1_355' title='bbox 1362 4284 1541 4354; x_wconf 72' lang='lat' dir='ltr'><strong>aliqua</strong></span> <span class='ocrx_word' id='word_1_356' title='bbox 1568 4286 1859 4357; x_wconf 89' lang='lat' dir='ltr'><strong>aliquando</strong></span> <span class='ocrx_word' id='word_1_357' title='bbox 1884 4293 2090 4360; x_wconf 88' lang='lat' dir='ltr'><strong>peccati</strong></span> 
     </span>
    </p>
   </div>
   <div class='ocr_carea' id='block_1_47' title="bbox 504 4374 2090 4448">
    <p class='ocr_par' dir='ltr' id='par_1_47' title="bbox 504 4374 2090 4448">
     <span class='ocr_line' id='line_1_47' title="bbox 504 4374 2090 4448; baseline 0.005 -18"><span class='ocrx_word' id='word_1_358' title='bbox 504 4374 920 4430; x_wconf 85' lang='lat' dir='ltr'><strong>labefactatione</strong></span> <span class='ocrx_word' id='word_1_359' title='bbox 958 4374 1205 4429; x_wconf 73' lang='lat' dir='ltr'><strong>lzedatur.</strong></span> <span class='ocrx_word' id='word_1_360' title='bbox 1256 4374 1493 4430; x_wconf 87' lang='lat' dir='ltr'><strong>Tentans</strong></span> <span class='ocrx_word' id='word_1_361' title='bbox 1540 4392 1668 4448; x_wconf 84' lang='lat' dir='ltr'><strong>ergo</strong></span> <span class='ocrx_word' id='word_1_362' title='bbox 1699 4395 1819 4434; x_wconf 91' lang='lat' dir='ltr'><strong>cum</strong></span> <span class='ocrx_word' id='word_1_363' title='bbox 1854 4380 1995 4437; x_wconf 89' lang='lat' dir='ltr'><strong>Deus</strong></span> <span class='ocrx_word' id='word_1_364' title='bbox 2023 4398 2090 4438; x_wconf 78' lang='lat' dir='ltr'><strong>ex</strong></span> 
     </span>
    </p>
   </div>
   <div class='ocr_carea' id='block_1_48' title="bbox 505 4464 2090 4543">
    <p class='ocr_par' dir='ltr' id='par_1_48' title="bbox 505 4464 2090 4543">
     <span class='ocr_line' id='line_1_48' title="bbox 505 4464 2090 4543; baseline 0.004 -22"><span class='ocrx_word' id='word_1_365' title='bbox 505 4468 727 4521; x_wconf 83' lang='lat' dir='ltr'><strong>nomine</strong></span> <span class='ocrx_word' id='word_1_366' title='bbox 756 4474 915 4520; x_wconf 87' lang='lat' dir='ltr'><strong>vocat</strong></span> <span class='ocrx_word' id='word_1_367' title='bbox 942 4465 1239 4520; x_wconf 84' lang='lat' dir='ltr'><strong>Abraham.</strong></span> <span class='ocrx_word' id='word_1_368' title='bbox 1268 4465 1349 4520; x_wconf 87' lang='lat' dir='ltr'><strong>Ac</strong></span> <span class='ocrx_word' id='word_1_369' title='bbox 1375 4464 1420 4519; x_wconf 92' lang='lat' dir='ltr'><strong>si</strong></span> <span class='ocrx_word' id='word_1_370' title='bbox 1450 4466 1654 4524; x_wconf 81' lang='lat' dir='ltr'><strong>diceret</strong></span> <span class='ocrx_word' id='word_1_371' title='bbox 1685 4488 1697 4522; x_wconf 90' lang='lat'><strong>:</strong></span> <span class='ocrx_word' id='word_1_372' title='bbox 1729 4472 1784 4526; x_wconf 85' lang='lat' dir='ltr'><strong>Si</strong></span> <span class='ocrx_word' id='word_1_373' title='bbox 1808 4474 1875 4527; x_wconf 82' lang='lat' dir='ltr'><strong>ad</strong></span> <span class='ocrx_word' id='word_1_374' title='bbox 1898 4476 2090 4543; x_wconf 87' lang='lat' dir='ltr'><strong>proba-</strong></span> 
     </span>
    </p>
   </div>
   <div class='ocr_carea' id='block_1_49' title="bbox 508 4555 2089 4631">
    <p class='ocr_par' dir='ltr' id='par_1_49' title="bbox 508 4555 2089 4631">
     <span class='ocr_line' id='line_1_49' title="bbox 508 4555 2089 4631; baseline 0.004 -18"><span class='ocrx_word' id='word_1_375' title='bbox 508 4558 673 4613; x_wconf 79' lang='lat' dir='ltr'><strong>tionis</strong></span> <span class='ocrx_word' id='word_1_376' title='bbox 720 4557 971 4612; x_wconf 85' lang='lat' dir='ltr'><strong>meritum</strong></span> <span class='ocrx_word' id='word_1_377' title='bbox 1016 4571 1083 4611; x_wconf 84' lang='lat' dir='ltr'><strong>ex</strong></span> <span class='ocrx_word' id='word_1_378' title='bbox 1125 4564 1212 4609; x_wconf 88' lang='lat' dir='ltr'><strong>tua</strong></span> <span class='ocrx_word' id='word_1_379' title='bbox 1260 4555 1413 4625; x_wconf 90' lang='lat' dir='ltr'><strong>cupis</strong></span> <span class='ocrx_word' id='word_1_380' title='bbox 1449 4556 1772 4627; x_wconf 88' lang='lat' dir='ltr'><strong>impactione</strong></span> <span class='ocrx_word' id='word_1_381' title='bbox 1807 4562 2089 4631; x_wconf 87' lang='lat' dir='ltr'><strong>prolicere,</strong></span> 
     </span>
    </p>
   </div>
   <div class='ocr_carea' id='block_1_50' title="bbox 506 4645 2091 4722">
    <p class='ocr_par' dir='ltr' id='par_1_50' title="bbox 506 4645 2091 4722">
     <span class='ocr_line' id='line_1_50' title="bbox 506 4645 2091 4722; baseline 0.003 -18"><span class='ocrx_word' id='word_1_382' title='bbox 506 4659 663 4720; x_wconf 87' lang='lat' dir='ltr'><strong>pater</strong></span> <span class='ocrx_word' id='word_1_383' title='bbox 700 4648 989 4703; x_wconf 89' lang='lat' dir='ltr'><strong>multarum</strong></span> <span class='ocrx_word' id='word_1_384' title='bbox 1017 4645 1280 4716; x_wconf 85' lang='lat' dir='ltr'><strong>gentium,</strong></span> <span class='ocrx_word' id='word_1_385' title='bbox 1312 4646 1364 4701; x_wconf 89' lang='lat' dir='ltr'><strong>id</strong></span> <span class='ocrx_word' id='word_1_386' title='bbox 1390 4658 1476 4701; x_wconf 88' lang='lat' dir='ltr'><strong>est</strong></span> <span class='ocrx_word' id='word_1_387' title='bbox 1497 4659 1683 4717; x_wconf 87' lang='lat' dir='ltr'><strong>pastor</strong></span> <span class='ocrx_word' id='word_1_388' title='bbox 1705 4651 2091 4722; x_wconf 87' lang='lat' dir='ltr'><strong>cogitationum</strong></span> 
     </span>
    </p>
   </div>
   <div class='ocr_carea' id='block_1_51' title="bbox 510 4738 2095 4811">
    <p class='ocr_par' dir='ltr' id='par_1_51' title="bbox 510 4738 2095 4811">
     <span class='ocr_line' id='line_1_51' title="bbox 510 4738 2095 4811; baseline 0.004 -15"><span class='ocrx_word' id='word_1_389' title='bbox 510 4742 820 4805; x_wconf 85' lang='lat' dir='ltr'><strong>multarum,</strong></span> <span class='ocrx_word' id='word_1_390' title='bbox 853 4754 975 4809; x_wconf 81' lang='lat' dir='ltr'><strong>quae</strong></span> <span class='ocrx_word' id='word_1_391' title='bbox 1005 4747 1128 4794; x_wconf 89' lang='lat' dir='ltr'><strong>sunt</strong></span> <span class='ocrx_word' id='word_1_392' title='bbox 1169 4738 1406 4810; x_wconf 81' lang='lat' dir='ltr'><strong>origines</strong></span> <span class='ocrx_word' id='word_1_393' title='bbox 1440 4757 1663 4811; x_wconf 89' lang='lat' dir='ltr'><strong>operum</strong></span> <span class='ocrx_word' id='word_1_394' title='bbox 1687 4783 1702 4809; x_wconf 94' lang='lat'><strong>,</strong></span> <span class='ocrx_word' id='word_1_395' title='bbox 1743 4760 1965 4802; x_wconf 87' lang='lat' dir='ltr'><strong>necesse</strong></span> <span class='ocrx_word' id='word_1_396' title='bbox 2009 4758 2095 4803; x_wconf 88' lang='lat' dir='ltr'><strong>est</strong></span> 
     </span>
    </p>
   </div>
   <div class='ocr_carea' id='block_1_52' title="bbox 508 4831 1274 4907">
    <p class='ocr_par' dir='ltr' id='par_1_52' title="bbox 508 4831 1274 4907">
     <span class='ocr_line' id='line_1_52' title="bbox 508 4831 1274 4907; baseline -0.007 -17"><span class='ocrx_word' id='word_1_397' title='bbox 508 4836 742 4907; x_wconf 81' lang='lat' dir='ltr'><strong>primum</strong></span> <span class='ocrx_word' id='word_1_398' title='bbox 774 4834 992 4889; x_wconf 84' lang='lat' dir='ltr'><strong>studeas</strong></span> <span class='ocrx_word' id='word_1_399' title='bbox 1014 4831 1274 4887; x_wconf 88' lang='lat' dir='ltr'><strong>eminere.</strong></span> 
     </span>
    </p>
   </div>
   <div class='ocr_carea' id='block_1_53' title="bbox 581 4921 2097 4992">
    <p class='ocr_par' dir='ltr' id='par_1_53' title="bbox 581 4921 2097 4992">
     <span class='ocr_line' id='line_1_53' title="bbox 581 4921 2097 4992; baseline 0.007 -14"><span class='ocrx_word' id='word_1_400' title='bbox 581 4927 806 4990; x_wconf 83' lang='lat' dir='ltr'><strong>Adsum,</strong></span> <span class='ocrx_word' id='word_1_401' title='bbox 823 4922 1019 4992; x_wconf 88' lang='lat' dir='ltr'><strong>inquit,</strong></span> <span class='ocrx_word' id='word_1_402' title='bbox 1035 4921 1087 4976; x_wconf 91' lang='lat' dir='ltr'><strong>id</strong></span> <span class='ocrx_word' id='word_1_403' title='bbox 1101 4931 1183 4975; x_wconf 88' lang='lat' dir='ltr'><strong>est</strong></span> <span class='ocrx_word' id='word_1_404' title='bbox 1195 4937 1301 4976; x_wconf 91' lang='lat' dir='ltr'><strong>non</strong></span> <span class='ocrx_word' id='word_1_405' title='bbox 1316 4922 1449 4979; x_wconf 89' lang='lat' dir='ltr'><strong>mihi</strong></span> <span class='ocrx_word' id='word_1_406' title='bbox 1461 4926 1624 4982; x_wconf 87' lang='lat' dir='ltr'><strong>deero</strong></span> <span class='ocrx_word' id='word_1_407' title='bbox 1638 4926 1691 4982; x_wconf 91' lang='lat' dir='ltr'><strong>in</strong></span> <span class='ocrx_word' id='word_1_408' title='bbox 1717 4936 1928 4987; x_wconf 90' lang='lat' dir='ltr'><strong>tuorum</strong></span> <span class='ocrx_word' id='word_1_409' title='bbox 1940 4947 2097 4989; x_wconf 87' lang='lat' dir='ltr'><strong>exse-</strong></span> 
     </span>
    </p>
   </div>
   <div class='ocr_carea' id='block_1_54' title="bbox 505 5011 2093 5096">
    <p class='ocr_par' dir='ltr' id='par_1_54' title="bbox 505 5011 2093 5096">
     <span class='ocr_line' id='line_1_54' title="bbox 505 5011 2093 5096; baseline 0.003 -22"><span class='ocrx_word' id='word_1_410' title='bbox 505 5018 731 5074; x_wconf 84' lang='lat' dir='ltr'><strong>cutione</strong></span> <span class='ocrx_word' id='word_1_411' title='bbox 754 5016 1044 5070; x_wconf 90' lang='lat' dir='ltr'><strong>dictorum.</strong></span> <span class='ocrx_word' id='word_1_412' title='bbox 1078 5011 1255 5079; x_wconf 80' lang='lat' dir='ltr'><strong>Tolle,</strong></span> <span class='ocrx_word' id='word_1_413' title='bbox 1286 5014 1396 5081; x_wconf 91' lang='lat' dir='ltr'><strong>ait,</strong></span> <span class='ocrx_word' id='word_1_414' title='bbox 1422 5030 1569 5086; x_wconf 89' lang='lat' dir='ltr'><strong>spem</strong></span> <span class='ocrx_word' id='word_1_415' title='bbox 1603 5035 1762 5090; x_wconf 90' lang='lat' dir='ltr'><strong>quam</strong></span> <span class='ocrx_word' id='word_1_416' title='bbox 1807 5024 1964 5079; x_wconf 91' lang='lat' dir='ltr'><strong>unico</strong></span> <span class='ocrx_word' id='word_1_417' title='bbox 1982 5023 2093 5096; x_wconf 74' lang='lat'><strong>85</strong></span> 
     </span>
    </p>
   </div>
   <div class='ocr_carea' id='block_1_55' title="bbox 506 5106 2091 5185">
    <p class='ocr_par' dir='ltr' id='par_1_55' title="bbox 506 5106 2091 5185">
     <span class='ocr_line' id='line_1_55' title="bbox 506 5106 2091 5185; baseline 0.007 -23"><span class='ocrx_word' id='word_1_418' title='bbox 506 5106 706 5163; x_wconf 73' lang='lat' dir='ltr'><strong>allectu</strong></span> <span class='ocrx_word' id='word_1_419' title='bbox 733 5116 784 5161; x_wconf 92' lang='lat' dir='ltr'><strong>te</strong></span> <span class='ocrx_word' id='word_1_420' title='bbox 806 5106 1057 5176; x_wconf 85' lang='lat' dir='ltr'><strong>prosequi</strong></span> <span class='ocrx_word' id='word_1_421' title='bbox 1082 5106 1235 5161; x_wconf 89' lang='lat' dir='ltr'><strong>decet</strong></span> <span class='ocrx_word' id='word_1_422' title='bbox 1257 5109 1326 5163; x_wconf 88' lang='lat' dir='ltr'><strong>ab</strong></span> <span class='ocrx_word' id='word_1_423' title='bbox 1342 5108 1543 5166; x_wconf 89' lang='lat' dir='ltr'><strong>inlimis</strong></span> <span class='ocrx_word' id='word_1_424' title='bbox 1566 5112 1894 5170; x_wconf 65' lang='lat' dir='ltr'><strong>inbazsuram</strong></span> <span class='ocrx_word' id='word_1_425' title='bbox 1919 5117 2091 5185; x_wconf 81' lang='lat' dir='ltr'><strong>lsaac,</strong></span> 
     </span>
    </p>
   </div>
   <div class='ocr_carea' id='block_1_56' title="bbox 508 5190 2094 5272">
    <p class='ocr_par' dir='ltr' id='par_1_56' title="bbox 508 5190 2094 5272">
     <span class='ocr_line' id='line_1_56' title="bbox 508 5190 2094 5272; baseline 0.006 -18"><span class='ocrx_word' id='word_1_426' title='bbox 508 5200 567 5254; x_wconf 88' lang='lat' dir='ltr'><strong>id</strong></span> <span class='ocrx_word' id='word_1_427' title='bbox 590 5208 675 5253; x_wconf 89' lang='lat' dir='ltr'><strong>est</strong></span> <span class='ocrx_word' id='word_1_428' title='bbox 700 5198 897 5253; x_wconf 83' lang='lat' dir='ltr'><strong>risibus</strong></span> <span class='ocrx_word' id='word_1_429' title='bbox 917 5199 1156 5263; x_wconf 59' lang='lat' dir='ltr'><strong>aeternis,</strong></span> <span class='ocrx_word' id='word_1_430' title='bbox 1179 5208 1233 5253; x_wconf 91' lang='lat' dir='ltr'><strong>et</strong></span> <span class='ocrx_word' id='word_1_431' title='bbox 1266 5200 1395 5255; x_wconf 84' lang='lat' dir='ltr'><strong>vade</strong></span> <span class='ocrx_word' id='word_1_432' title='bbox 1429 5204 1676 5272; x_wconf 89' lang='lat' dir='ltr'><strong>passibus</strong></span> <span class='ocrx_word' id='word_1_433' title='bbox 1702 5190 2094 5264; x_wconf 79' lang='lat' dir='ltr'><strong>desideriorum</strong></span> 
     </span>
    </p>
   </div>
   <div class='ocr_carea' id='block_1_57' title="bbox 505 5289 2093 5372">
    <p class='ocr_par' dir='ltr' id='par_1_57' title="bbox 505 5289 2093 5372">
     <span class='ocr_line' id='line_1_57' title="bbox 505 5289 2093 5372; baseline 0.008 -27"><span class='ocrx_word' id='word_1_434' title='bbox 505 5294 568 5345; x_wconf 79' lang='lat' dir='ltr'><strong>in</strong></span> <span class='ocrx_word' id='word_1_435' title='bbox 617 5301 846 5354; x_wconf 88' lang='lat' dir='ltr'><strong>terram,</strong></span> <span class='ocrx_word' id='word_1_436' title='bbox 902 5289 1128 5345; x_wconf 87' lang='lat' dir='ltr'><strong>solidam</strong></span> <span class='ocrx_word' id='word_1_437' title='bbox 1180 5292 1381 5349; x_wconf 87' lang='lat' dir='ltr'><strong>scilicet</strong></span> <span class='ocrx_word' id='word_1_438' title='bbox 1416 5298 1798 5355; x_wconf 88' lang='lat' dir='ltr'><strong>certitudinem</strong></span> <span class='ocrx_word' id='word_1_439' title='bbox 1846 5303 2093 5372; x_wconf 80' lang='lat' dir='ltr'><strong>visionis,</strong></span> 
     </span>
    </p>
   </div>
   <div class='ocr_carea' id='block_1_58' title="bbox 508 5382 2097 5463">
    <p class='ocr_par' dir='ltr' id='par_1_58' title="bbox 508 5382 2097 5463">
     <span class='ocr_line' id='line_1_58' title="bbox 508 5382 2097 5463; baseline 0.008 -25"><span class='ocrx_word' id='word_1_440' title='bbox 508 5383 713 5438; x_wconf 71' lang='lat' dir='ltr'><strong>divina:</strong></span> <span class='ocrx_word' id='word_1_441' title='bbox 743 5382 930 5451; x_wconf 85' lang='lat' dir='ltr'><strong>utique</strong></span> <span class='ocrx_word' id='word_1_442' title='bbox 960 5382 1359 5453; x_wconf 84' lang='lat' dir='ltr'><strong>speeulalionis.</strong></span> <span class='ocrx_word' id='word_1_443' title='bbox 1396 5387 1661 5456; x_wconf 85' lang='lat' dir='ltr'><strong>Visiones,</strong></span> <span class='ocrx_word' id='word_1_444' title='bbox 1692 5390 1817 5446; x_wconf 90' lang='lat' dir='ltr'><strong>licet</strong></span> <span class='ocrx_word' id='word_1_445' title='bbox 1846 5408 1943 5463; x_wconf 90' lang='lat' dir='ltr'><strong>per</strong></span> <span class='ocrx_word' id='word_1_446' title='bbox 1976 5410 2097 5450; x_wconf 90' lang='lat' dir='ltr'><strong>cor-</strong></span> 
     </span>
    </p>
   </div>
   <div class='ocr_carea' id='block_1_59' title="bbox 508 5472 2093 5556">
    <p class='ocr_par' dir='ltr' id='par_1_59' title="bbox 508 5472 2093 5556">
     <span class='ocr_line' id='line_1_59' title="bbox 508 5472 2093 5556; baseline 0.009 -28"><span class='ocrx_word' id='word_1_447' title='bbox 508 5488 710 5544; x_wconf 75' lang='lat' dir='ltr'><strong>porum</strong></span> <span class='ocrx_word' id='word_1_448' title='bbox 753 5472 961 5528; x_wconf 88' lang='lat' dir='ltr'><strong>soleant</strong></span> <span class='ocrx_word' id='word_1_449' title='bbox 1013 5474 1128 5530; x_wconf 73' lang='lat' dir='ltr'><strong>fieri</strong></span> <span class='ocrx_word' id='word_1_450' title='bbox 1172 5476 1454 5549; x_wconf 81' lang='lat' dir='ltr'><strong>imagines,</strong></span> <span class='ocrx_word' id='word_1_451' title='bbox 1489 5488 1670 5536; x_wconf 89' lang='lat' dir='ltr'><strong>tamen</strong></span> <span class='ocrx_word' id='word_1_452' title='bbox 1700 5483 1752 5537; x_wconf 90' lang='lat' dir='ltr'><strong>in</strong></span> <span class='ocrx_word' id='word_1_453' title='bbox 1781 5486 2093 5556; x_wconf 88' lang='lat' dir='ltr'><strong>prophetico</strong></span> 
     </span>
    </p>
   </div>
   <div class='ocr_carea' id='block_1_60' title="bbox 508 5570 2090 5642">
    <p class='ocr_par' dir='ltr' id='par_1_60' title="bbox 508 5570 2090 5642">
     <span class='ocr_line' id='line_1_60' title="bbox 508 5570 2090 5642; baseline 0.008 -17"><span class='ocrx_word' id='word_1_454' title='bbox 508 5579 660 5634; x_wconf 81' lang='lat' dir='ltr'><strong>actu,</strong></span> <span class='ocrx_word' id='word_1_455' title='bbox 708 5570 955 5639; x_wconf 81' lang='lat' dir='ltr'><strong>quamvis</strong></span> <span class='ocrx_word' id='word_1_456' title='bbox 1001 5586 1098 5641; x_wconf 86' lang='lat' dir='ltr'><strong>per</strong></span> <span class='ocrx_word' id='word_1_457' title='bbox 1135 5587 1425 5642; x_wconf 87' lang='lat' dir='ltr'><strong>eorporeas</strong></span> <span class='ocrx_word' id='word_1_458' title='bbox 1460 5573 1685 5631; x_wconf 88' lang='lat' dir='ltr'><strong>forsitan</strong></span> <span class='ocrx_word' id='word_1_459' title='bbox 1739 5578 1847 5633; x_wconf 91' lang='lat' dir='ltr'><strong>imo</strong></span> <span class='ocrx_word' id='word_1_460' title='bbox 1906 5596 2090 5637; x_wconf 85' lang='lat' dir='ltr'><strong>revera</strong></span> 
     </span>
    </p>
   </div>
   <div class='ocr_carea' id='block_1_61' title="bbox 512 5664 2091 5740">
    <p class='ocr_par' dir='ltr' id='par_1_61' title="bbox 512 5664 2091 5740">
     <span class='ocr_line' id='line_1_61' title="bbox 512 5664 2091 5740; baseline 0.007 -21"><span class='ocrx_word' id='word_1_461' title='bbox 512 5666 927 5720; x_wconf 80' lang='lat' dir='ltr'><strong>ostemlerentur</strong></span> <span class='ocrx_word' id='word_1_462' title='bbox 954 5664 1351 5730; x_wconf 88' lang='lat' dir='ltr'><strong>similitudines,</strong></span> <span class='ocrx_word' id='word_1_463' title='bbox 1381 5676 1581 5734; x_wconf 85' lang='lat' dir='ltr'><strong>tamen,</strong></span> <span class='ocrx_word' id='word_1_464' title='bbox 1613 5680 1869 5740; x_wconf 85' lang='lat' dir='ltr'><strong>quantum</strong></span> <span class='ocrx_word' id='word_1_465' title='bbox 1906 5675 1971 5729; x_wconf 81' lang='lat' dir='ltr'><strong>ad</strong></span> <span class='ocrx_word' id='word_1_466' title='bbox 1998 5690 2091 5729; x_wconf 84' lang='lat' dir='ltr'><strong>eos</strong></span> 
     </span>
    </p>
   </div>
   <div class='ocr_carea' id='block_1_62' title="bbox 507 5756 2092 5838">
    <p class='ocr_par' dir='ltr' id='par_1_62' title="bbox 507 5756 2092 5838">
     <span class='ocr_line' id='line_1_62' title="bbox 507 5756 2092 5838; baseline 0.007 -28"><span class='ocrx_word' id='word_1_467' title='bbox 507 5774 543 5810; x_wconf 82' lang='lat' dir='ltr'><strong>a</strong></span> <span class='ocrx_word' id='word_1_468' title='bbox 595 5756 787 5827; x_wconf 85' lang='lat' dir='ltr'><strong>quibus</strong></span> <span class='ocrx_word' id='word_1_469' title='bbox 834 5756 1116 5814; x_wconf 86' lang='lat' dir='ltr'><strong>videbatur</strong></span> <span class='ocrx_word' id='word_1_470' title='bbox 1171 5766 1412 5828; x_wconf 87' lang='lat' dir='ltr'><strong>spectat,</strong></span> <span class='ocrx_word' id='word_1_471' title='bbox 1476 5760 1605 5828; x_wconf 70' lang='lat' dir='ltr'><strong>ipsa:</strong></span> <span class='ocrx_word' id='word_1_472' title='bbox 1666 5762 1925 5835; x_wconf 88' lang='lat' dir='ltr'><strong>imagines</strong></span> <span class='ocrx_word' id='word_1_473' title='bbox 1973 5781 2092 5838; x_wconf 77' lang='lat' dir='ltr'><strong>qua:</strong></span> 
     </span>
    </p>
   </div>
   <div class='ocr_carea' id='block_1_63' title="bbox 2172 551 3777 627">
    <p class='ocr_par' dir='ltr' id='par_1_63' title="bbox 2172 551 3777 627">
     <span class='ocr_line' id='line_1_63' title="bbox 2172 551 3777 627; baseline -0.006 -16"><span class='ocrx_word' id='word_1_474' title='bbox 2172 567 2289 611; x_wconf 88' lang='lat' dir='ltr'><strong>cata</strong></span> <span class='ocrx_word' id='word_1_475' title='bbox 2328 557 2754 627; x_wconf 85' lang='lat' dir='ltr'><strong>iutelligentibus</strong></span> <span class='ocrx_word' id='word_1_476' title='bbox 2804 564 3006 626; x_wconf 68' lang='lat' dir='ltr'><strong>apertae</strong></span> <span class='ocrx_word' id='word_1_477' title='bbox 3046 551 3530 622; x_wconf 87' lang='lat' dir='ltr'><strong>contemplationes</strong></span> <span class='ocrx_word' id='word_1_478' title='bbox 3581 558 3777 602; x_wconf 84' lang='lat' dir='ltr'><strong>erant.</strong></span> 
     </span>
    </p>
   </div>
   <div class='ocr_carea' id='block_1_64' title="bbox 2176 640 3781 703">
    <p class='ocr_par' dir='ltr' id='par_1_64' title="bbox 2176 640 3781 703">
     <span class='ocr_line' id='line_1_64' title="bbox 2176 640 3781 703; baseline -0.007 -1"><span class='ocrx_word' id='word_1_479' title='bbox 2176 647 2325 703; x_wconf 85' lang='lat' dir='ltr'><strong>Unde</strong></span> <span class='ocrx_word' id='word_1_480' title='bbox 2379 658 2463 701; x_wconf 90' lang='lat' dir='ltr'><strong>est</strong></span> <span class='ocrx_word' id='word_1_481' title='bbox 2514 665 2526 700; x_wconf 91' lang='lat'>:</span> <span class='ocrx_word' id='word_1_482' title='bbox 2582 646 2728 701; x_wconf 86' lang='lat' dir='ltr'><strong>Tunc</strong></span> <span class='ocrx_word' id='word_1_483' title='bbox 2788 646 2995 699; x_wconf 86' lang='lat' dir='ltr'><strong>locutus</strong></span> <span class='ocrx_word' id='word_1_484' title='bbox 3054 660 3107 700; x_wconf 88' lang='lat' dir='ltr'><strong>es</strong></span> <span class='ocrx_word' id='word_1_485' title='bbox 3165 644 3220 697; x_wconf 88' lang='lat' dir='ltr'><strong>in</strong></span> <span class='ocrx_word' id='word_1_486' title='bbox 3291 642 3489 696; x_wconf 83' lang='lat' dir='ltr'><strong>visione</strong></span> <span class='ocrx_word' id='word_1_487' title='bbox 3562 640 3781 693; x_wconf 78' lang='lat' dir='ltr'><strong>sanctis</strong></span> 
     </span>
    </p>
   </div>
   <div class='ocr_carea' id='block_1_65' title="bbox 2173 732 3784 809">
    <p class='ocr_par' dir='ltr' id='par_1_65' title="bbox 2173 732 3784 809">
     <span class='ocr_line' id='line_1_65' title="bbox 2173 732 3784 809; baseline -0.004 -17"><span class='ocrx_word' id='word_1_488' title='bbox 2173 740 2277 793; x_wconf 85' lang='lat' dir='ltr'><strong>tuis</strong></span> <span class='ocrx_word' id='word_1_489' title='bbox 2327 735 2522 809; x_wconf 85' lang='lat' dir='ltr'><strong>(Psal.</strong></span> <span class='ocrx_word' id='word_1_490' title='bbox 2575 753 2837 803; x_wconf 76' lang='lat' dir='ltr'><strong>uxxvm,</strong></span> <span class='ocrx_word' id='word_1_491' title='bbox 2891 736 3017 806; x_wconf 69' lang='lat'><strong>20).</strong></span> <span class='ocrx_word' id='word_1_492' title='bbox 3058 734 3117 789; x_wconf 88' lang='lat' dir='ltr'><strong>In</strong></span> <span class='ocrx_word' id='word_1_493' title='bbox 3174 736 3278 789; x_wconf 88' lang='lat' dir='ltr'><strong>bac</strong></span> <span class='ocrx_word' id='word_1_494' title='bbox 3320 744 3501 787; x_wconf 88' lang='lat' dir='ltr'><strong>autem</strong></span> <span class='ocrx_word' id='word_1_495' title='bbox 3556 732 3784 786; x_wconf 87' lang='lat' dir='ltr'><strong>visione</strong></span> 
     </span>
    </p>
   </div>
   <div class='ocr_carea' id='block_1_66' title="bbox 2172 812 3783 901">
    <p class='ocr_par' dir='ltr' id='par_1_66' title="bbox 2172 812 3783 901">
     <span class='ocr_line' id='line_1_66' title="bbox 2172 812 3783 901; baseline -0.006 -17"><span class='ocrx_word' id='word_1_496' title='bbox 2172 832 2314 901; x_wconf 89' lang='lat' dir='ltr'><strong>quod</strong></span> <span class='ocrx_word' id='word_1_497' title='bbox 2380 841 2463 887; x_wconf 91' lang='lat' dir='ltr'><strong>est</strong></span> <span class='ocrx_word' id='word_1_498' title='bbox 2506 812 2859 900; x_wconf 81' lang='lat' dir='ltr'><strong>intelligentia</strong></span> <span class='ocrx_word' id='word_1_499' title='bbox 2902 825 3376 898; x_wconf 86' lang='lat' dir='ltr'><strong>contemplationis</strong></span> <span class='ocrx_word' id='word_1_500' title='bbox 3413 830 3629 879; x_wconf 85' lang='lat' dir='ltr'><strong>terram</strong></span> <span class='ocrx_word' id='word_1_501' title='bbox 3672 822 3783 875; x_wconf 83' lang='lat' dir='ltr'><strong>lir-</strong></span> 
     </span>
    </p>
   </div>
   <div class='ocr_carea' id='block_1_67' title="bbox 2176 915 3783 991">
    <p class='ocr_par' dir='ltr' id='par_1_67' title="bbox 2176 915 3783 991">
     <span class='ocr_line' id='line_1_67' title="bbox 2176 915 3783 991; baseline -0.006 -15"><span class='ocrx_word' id='word_1_502' title='bbox 2176 937 2276 977; x_wconf 71' lang='lat' dir='ltr'><strong>mae</strong></span> <span class='ocrx_word' id='word_1_503' title='bbox 2333 921 2611 989; x_wconf 85' lang='lat' dir='ltr'><strong>cujusdam</strong></span> <span class='ocrx_word' id='word_1_504' title='bbox 2668 920 2993 991; x_wconf 83' lang='lat' dir='ltr'><strong>cognitionis</strong></span> <span class='ocrx_word' id='word_1_505' title='bbox 3067 920 3369 974; x_wconf 88' lang='lat' dir='ltr'><strong>invenimus</strong></span> <span class='ocrx_word' id='word_1_506' title='bbox 3404 960 3417 981; x_wconf 91' lang='lat'><strong>,</strong></span> <span class='ocrx_word' id='word_1_507' title='bbox 3475 915 3604 986; x_wconf 86' lang='lat' dir='ltr'><strong>quia</strong></span> <span class='ocrx_word' id='word_1_508' title='bbox 3664 930 3783 968; x_wconf 86' lang='lat' dir='ltr'><strong>un-</strong></span> 
     </span>
    </p>
   </div>
   <div class='ocr_carea' id='block_1_68' title="bbox 2176 1008 3785 1081">
    <p class='ocr_par' dir='ltr' id='par_1_68' title="bbox 2176 1008 3785 1081">
     <span class='ocr_line' id='line_1_68' title="bbox 2176 1008 3785 1081; baseline -0.006 -15"><span class='ocrx_word' id='word_1_509' title='bbox 2176 1013 2242 1066; x_wconf 91' lang='lat' dir='ltr'><strong>de</strong></span> <span class='ocrx_word' id='word_1_510' title='bbox 2308 1011 2469 1081; x_wconf 75' lang='lat' dir='ltr'><strong>tepidi</strong></span> <span class='ocrx_word' id='word_1_511' title='bbox 2536 1010 2891 1077; x_wconf 88' lang='lat' dir='ltr'><strong>dubitamus,</strong></span> <span class='ocrx_word' id='word_1_512' title='bbox 2968 1009 3036 1064; x_wconf 90' lang='lat' dir='ltr'><strong>ad</strong></span> <span class='ocrx_word' id='word_1_513' title='bbox 3076 1008 3240 1078; x_wconf 81' lang='lat' dir='ltr'><strong>hujus</strong></span> <span class='ocrx_word' id='word_1_514' title='bbox 3295 1008 3617 1064; x_wconf 86' lang='lat' dir='ltr'><strong>accedentes</strong></span> <span class='ocrx_word' id='word_1_515' title='bbox 3679 1018 3785 1057; x_wconf 84' lang='lat' dir='ltr'><strong>ca-</strong></span> 
     </span>
    </p>
   </div>
   <div class='ocr_carea' id='block_1_69' title="bbox 2177 1098 3783 1159">
    <p class='ocr_par' dir='ltr' id='par_1_69' title="bbox 2177 1098 3783 1159">
     <span class='ocr_line' id='line_1_69' title="bbox 2177 1098 3783 1159; baseline -0.005 -2"><span class='ocrx_word' id='word_1_516' title='bbox 2177 1106 2352 1158; x_wconf 89' lang='lat' dir='ltr'><strong>lorem</strong></span> <span class='ocrx_word' id='word_1_517' title='bbox 2408 1106 2541 1159; x_wconf 87' lang='lat' dir='ltr'><strong>certi</strong></span> <span class='ocrx_word' id='word_1_518' title='bbox 2597 1104 2739 1159; x_wconf 88' lang='lat' dir='ltr'><strong>illico</strong></span> <span class='ocrx_word' id='word_1_519' title='bbox 2785 1104 3082 1159; x_wconf 89' lang='lat' dir='ltr'><strong>reddimur.</strong></span> <span class='ocrx_word' id='word_1_520' title='bbox 3126 1101 3325 1156; x_wconf 88' lang='lat' dir='ltr'><strong>Filium</strong></span> <span class='ocrx_word' id='word_1_521' title='bbox 3396 1098 3783 1153; x_wconf 76' lang='lat' dir='ltr'><strong>holocaustum</strong></span> 
     </span>
    </p>
   </div>
   <div class='ocr_carea' id='block_1_70' title="bbox 2180 1192 3782 1267">
    <p class='ocr_par' dir='ltr' id='par_1_70' title="bbox 2180 1192 3782 1267">
     <span class='ocr_line' id='line_1_70' title="bbox 2180 1192 3782 1267; baseline -0.004 -17"><span class='ocrx_word' id='word_1_522' title='bbox 2180 1195 2479 1260; x_wconf 89' lang='lat' dir='ltr'><strong>offerimus,</strong></span> <span class='ocrx_word' id='word_1_523' title='bbox 2521 1212 2643 1252; x_wconf 91' lang='lat' dir='ltr'><strong>cum</strong></span> <span class='ocrx_word' id='word_1_524' title='bbox 2676 1212 2825 1267; x_wconf 90' lang='lat' dir='ltr'><strong>spem</strong></span> <span class='ocrx_word' id='word_1_525' title='bbox 2871 1211 2900 1250; x_wconf 91' lang='lat' dir='ltr'><strong>a</strong></span> <span class='ocrx_word' id='word_1_526' title='bbox 2950 1194 3195 1250; x_wconf 70' lang='lat' dir='ltr'><strong>saeculari</strong></span> <span class='ocrx_word' id='word_1_527' title='bbox 3245 1195 3423 1249; x_wconf 89' lang='lat' dir='ltr'><strong>seoria</strong></span> <span class='ocrx_word' id='word_1_528' title='bbox 3463 1193 3585 1262; x_wconf 85' lang='lat' dir='ltr'><strong>igne</strong></span> <span class='ocrx_word' id='word_1_529' title='bbox 3619 1192 3782 1245; x_wconf 86' lang='lat' dir='ltr'><strong>desi-</strong></span> 
     </span>
    </p>
   </div>
   <div class='ocr_carea' id='block_1_71' title="bbox 2179 1283 3779 1359">
    <p class='ocr_par' dir='ltr' id='par_1_71' title="bbox 2179 1283 3779 1359">
     <span class='ocr_line' id='line_1_71' title="bbox 2179 1283 3779 1359; baseline -0.004 -16"><span class='ocrx_word' id='word_1_530' title='bbox 2179 1289 2313 1343; x_wconf 85' lang='lat' dir='ltr'><strong>derii</strong></span> <span class='ocrx_word' id='word_1_531' title='bbox 2339 1289 2577 1343; x_wconf 73' lang='lat' dir='ltr'><strong>cmlestis</strong></span> <span class='ocrx_word' id='word_1_532' title='bbox 2600 1288 2666 1342; x_wconf 89' lang='lat' dir='ltr'><strong>ad</strong></span> <span class='ocrx_word' id='word_1_533' title='bbox 2700 1304 2894 1359; x_wconf 90' lang='lat' dir='ltr'><strong>purum</strong></span> <span class='ocrx_word' id='word_1_534' title='bbox 2925 1295 3314 1357; x_wconf 84' lang='lat' dir='ltr'><strong>excoquentes,</strong></span> <span class='ocrx_word' id='word_1_535' title='bbox 3345 1285 3455 1339; x_wconf 89' lang='lat' dir='ltr'><strong>Deo</strong></span> <span class='ocrx_word' id='word_1_536' title='bbox 3476 1283 3575 1339; x_wconf 89' lang='lat' dir='ltr'><strong>soli</strong></span> <span class='ocrx_word' id='word_1_537' title='bbox 3602 1284 3779 1346; x_wconf 85' lang='lat' dir='ltr'><strong>votis,</strong></span> 
     </span>
    </p>
   </div>
   <div class='ocr_carea' id='block_1_72' title="bbox 2179 1377 3775 1451">
    <p class='ocr_par' dir='ltr' id='par_1_72' title="bbox 2179 1377 3775 1451">
     <span class='ocr_line' id='line_1_72' title="bbox 2179 1377 3775 1451; baseline -0.005 -16"><span class='ocrx_word' id='word_1_538' title='bbox 2179 1390 2232 1435; x_wconf 88' lang='lat' dir='ltr'><strong>et</strong></span> <span class='ocrx_word' id='word_1_539' title='bbox 2256 1382 2467 1435; x_wconf 84' lang='lat' dir='ltr'><strong>actibus</strong></span> <span class='ocrx_word' id='word_1_540' title='bbox 2491 1382 2827 1451; x_wconf 89' lang='lat' dir='ltr'><strong>exquirendo</strong></span> <span class='ocrx_word' id='word_1_541' title='bbox 2857 1381 3082 1435; x_wconf 91' lang='lat' dir='ltr'><strong>nitidam</strong></span> <span class='ocrx_word' id='word_1_542' title='bbox 3114 1379 3455 1434; x_wconf 84' lang='lat' dir='ltr'><strong>exhibemus.</strong></span> <span class='ocrx_word' id='word_1_543' title='bbox 3491 1377 3645 1432; x_wconf 79' lang='lat' dir='ltr'><strong>Mons</strong></span> <span class='ocrx_word' id='word_1_544' title='bbox 3670 1378 3775 1446; x_wconf 83' lang='lat' dir='ltr'><strong>qui</strong></span> 
     </span>
    </p>
   </div>
   <div class='ocr_carea' id='block_1_73' title="bbox 2181 1468 3782 1542">
    <p class='ocr_par' dir='ltr' id='par_1_73' title="bbox 2181 1468 3782 1542">
     <span class='ocr_line' id='line_1_73' title="bbox 2181 1468 3782 1542; baseline -0.003 -17"><span class='ocrx_word' id='word_1_545' title='bbox 2181 1471 2336 1526; x_wconf 89' lang='lat' dir='ltr'><strong>nobis</strong></span> <span class='ocrx_word' id='word_1_546' title='bbox 2360 1486 2518 1537; x_wconf 88' lang='lat' dir='ltr'><strong>unus,</strong></span> <span class='ocrx_word' id='word_1_547' title='bbox 2552 1473 2602 1525; x_wconf 90' lang='lat' dir='ltr'><strong>id</strong></span> <span class='ocrx_word' id='word_1_548' title='bbox 2632 1480 2716 1526; x_wconf 91' lang='lat' dir='ltr'><strong>est</strong></span> <span class='ocrx_word' id='word_1_549' title='bbox 2743 1470 3035 1542; x_wconf 83' lang='lat' dir='ltr'><strong>singularis</strong></span> <span class='ocrx_word' id='word_1_550' title='bbox 3064 1484 3094 1523; x_wconf 90' lang='lat' dir='ltr'><strong>a</strong></span> <span class='ocrx_word' id='word_1_551' title='bbox 3135 1470 3246 1524; x_wconf 91' lang='lat' dir='ltr'><strong>Deo</strong></span> <span class='ocrx_word' id='word_1_552' title='bbox 3276 1476 3635 1531; x_wconf 85' lang='lat' dir='ltr'><strong>monstratur,</strong></span> <span class='ocrx_word' id='word_1_553' title='bbox 3667 1468 3782 1521; x_wconf 83' lang='lat' dir='ltr'><strong>hu-</strong></span> 
     </span>
    </p>
   </div>
   <div class='ocr_carea' id='block_1_74' title="bbox 2184 1556 3781 1631">
    <p class='ocr_par' dir='ltr' id='par_1_74' title="bbox 2184 1556 3781 1631">
     <span class='ocr_line' id='line_1_74' title="bbox 2184 1556 3781 1631; baseline -0.004 -16"><span class='ocrx_word' id='word_1_554' title='bbox 2184 1561 2385 1615; x_wconf 90' lang='lat' dir='ltr'><strong>militas</strong></span> <span class='ocrx_word' id='word_1_555' title='bbox 2415 1561 2700 1630; x_wconf 89' lang='lat' dir='ltr'><strong>accipitur,</strong></span> <span class='ocrx_word' id='word_1_556' title='bbox 2732 1561 2849 1615; x_wconf 85' lang='lat' dir='ltr'><strong>sine</strong></span> <span class='ocrx_word' id='word_1_557' title='bbox 2886 1576 2990 1631; x_wconf 89' lang='lat' dir='ltr'><strong>qua</strong></span> <span class='ocrx_word' id='word_1_558' title='bbox 3018 1568 3073 1613; x_wconf 90' lang='lat' dir='ltr'><strong>et</strong></span> <span class='ocrx_word' id='word_1_559' title='bbox 3106 1568 3250 1613; x_wconf 87' lang='lat' dir='ltr'><strong>terra</strong></span> <span class='ocrx_word' id='word_1_560' title='bbox 3279 1558 3490 1613; x_wconf 79' lang='lat' dir='ltr'><strong>visionis</strong></span> <span class='ocrx_word' id='word_1_561' title='bbox 3516 1556 3781 1612; x_wconf 81' lang='lat' dir='ltr'><strong>exinani-</strong></span> 
     </span>
    </p>
   </div>
   <div class='ocr_carea' id='block_1_75' title="bbox 2185 1646 3783 1715">
    <p class='ocr_par' dir='ltr' id='par_1_75' title="bbox 2185 1646 3783 1715">
     <span class='ocr_line' id='line_1_75' title="bbox 2185 1646 3783 1715; baseline -0.003 -9"><span class='ocrx_word' id='word_1_562' title='bbox 2185 1660 2290 1715; x_wconf 91' lang='lat' dir='ltr'><strong>tur,</strong></span> <span class='ocrx_word' id='word_1_563' title='bbox 2320 1661 2373 1705; x_wconf 87' lang='lat' dir='ltr'><strong>et</strong></span> <span class='ocrx_word' id='word_1_564' title='bbox 2403 1650 2701 1705; x_wconf 88' lang='lat' dir='ltr'><strong>holocausti</strong></span> <span class='ocrx_word' id='word_1_565' title='bbox 2727 1650 2944 1705; x_wconf 87' lang='lat' dir='ltr'><strong>devotio</strong></span> <span class='ocrx_word' id='word_1_566' title='bbox 2968 1657 3076 1705; x_wconf 91' lang='lat' dir='ltr'><strong>tota</strong></span> <span class='ocrx_word' id='word_1_567' title='bbox 3102 1656 3377 1713; x_wconf 85' lang='lat' dir='ltr'><strong>eassatur;</strong></span> <span class='ocrx_word' id='word_1_568' title='bbox 3407 1662 3505 1702; x_wconf 90' lang='lat' dir='ltr'><strong>nec</strong></span> <span class='ocrx_word' id='word_1_569' title='bbox 3531 1646 3783 1702; x_wconf 83' lang='lat' dir='ltr'><strong>absurde</strong></span> 
     </span>
    </p>
   </div>
   <div class='ocr_carea' id='block_1_76' title="bbox 2184 1739 3783 1814">
    <p class='ocr_par' dir='ltr' id='par_1_76' title="bbox 2184 1739 3783 1814">
     <span class='ocr_line' id='line_1_76' title="bbox 2184 1739 3783 1814; baseline -0.006 -15"><span class='ocrx_word' id='word_1_570' title='bbox 2184 1759 2340 1799; x_wconf 91' lang='lat' dir='ltr'><strong>mons</strong></span> <span class='ocrx_word' id='word_1_571' title='bbox 2375 1743 2694 1814; x_wconf 86' lang='lat' dir='ltr'><strong>intelligitur</strong></span> <span class='ocrx_word' id='word_1_572' title='bbox 2739 1742 3040 1805; x_wconf 83' lang='lat' dir='ltr'><strong>humilitas,</strong></span> <span class='ocrx_word' id='word_1_573' title='bbox 3103 1757 3225 1796; x_wconf 89' lang='lat' dir='ltr'><strong>eum</strong></span> <span class='ocrx_word' id='word_1_574' title='bbox 3281 1741 3371 1811; x_wconf 91' lang='lat' dir='ltr'><strong>qui</strong></span> <span class='ocrx_word' id='word_1_575' title='bbox 3421 1756 3479 1796; x_wconf 91' lang='lat' dir='ltr'><strong>se</strong></span> <span class='ocrx_word' id='word_1_576' title='bbox 3514 1739 3783 1796; x_wconf 85' lang='lat' dir='ltr'><strong>humiliat</strong></span> 
     </span>
    </p>
   </div>
   <div class='ocr_carea' id='block_1_77' title="bbox 2183 1830 3779 1903">
    <p class='ocr_par' dir='ltr' id='par_1_77' title="bbox 2183 1830 3779 1903">
     <span class='ocr_line' id='line_1_77' title="bbox 2183 1830 3779 1903; baseline -0.007 -11"><span class='ocrx_word' id='word_1_577' title='bbox 2183 1853 2305 1893; x_wconf 90' lang='lat' dir='ltr'><strong>eum</strong></span> <span class='ocrx_word' id='word_1_578' title='bbox 2358 1836 2704 1891; x_wconf 88' lang='lat' dir='ltr'><strong>exaltandum</strong></span> <span class='ocrx_word' id='word_1_579' title='bbox 2758 1833 2969 1889; x_wconf 80' lang='lat' dir='ltr'><strong>Veritas</strong></span> <span class='ocrx_word' id='word_1_580' title='bbox 3006 1834 3290 1903; x_wconf 80' lang='lat' dir='ltr'><strong>perhibent</strong></span> <span class='ocrx_word' id='word_1_581' title='bbox 3339 1830 3554 1903; x_wconf 80' lang='lat' dir='ltr'><strong>(Matth.</strong></span> <span class='ocrx_word' id='word_1_582' title='bbox 3605 1844 3779 1892; x_wconf 85' lang='lat' dir='ltr'><strong>xvm,</strong></span> 
     </span>
    </p>
   </div>
   <div class='ocr_carea' id='block_1_78' title="bbox 2182 1920 3783 2000">
    <p class='ocr_par' dir='ltr' id='par_1_78' title="bbox 2182 1920 3783 2000">
     <span class='ocr_line' id='line_1_78' title="bbox 2182 1920 3783 2000; baseline -0.006 -17"><span class='ocrx_word' id='word_1_583' title='bbox 2182 1929 2259 2000; x_wconf 72' lang='grc'><strong>4).</strong></span> <span class='ocrx_word' id='word_1_584' title='bbox 2304 1927 2457 1983; x_wconf 82' lang='lat' dir='ltr'><strong>Hune</strong></span> <span class='ocrx_word' id='word_1_585' title='bbox 2505 1928 2663 1982; x_wconf 88' lang='lat' dir='ltr'><strong>nobis</strong></span> <span class='ocrx_word' id='word_1_586' title='bbox 2716 1935 2952 1981; x_wconf 91' lang='lat' dir='ltr'><strong>montem</strong></span> <span class='ocrx_word' id='word_1_587' title='bbox 3005 1925 3230 1989; x_wconf 86' lang='lat' dir='ltr'><strong>indicat,</strong></span> <span class='ocrx_word' id='word_1_588' title='bbox 3286 1937 3408 1979; x_wconf 92' lang='lat' dir='ltr'><strong>eum</strong></span> <span class='ocrx_word' id='word_1_589' title='bbox 3458 1920 3783 1992; x_wconf 79' lang='lat' dir='ltr'><strong>Specialiter</strong></span> 
     </span>
    </p>
   </div>
   <div class='ocr_carea' id='block_1_79' title="bbox 2183 2011 3779 2090">
    <p class='ocr_par' dir='ltr' id='par_1_79' title="bbox 2183 2011 3779 2090">
     <span class='ocr_line' id='line_1_79' title="bbox 2183 2011 3779 2090; baseline -0.009 -14"><span class='ocrx_word' id='word_1_590' title='bbox 2183 2036 2344 2090; x_wconf 91' lang='lat' dir='ltr'><strong>super</strong></span> <span class='ocrx_word' id='word_1_591' title='bbox 2369 2021 2473 2075; x_wconf 91' lang='lat' dir='ltr'><strong>hoc</strong></span> <span class='ocrx_word' id='word_1_592' title='bbox 2498 2017 2760 2089; x_wconf 89' lang='lat' dir='ltr'><strong>apostolis</strong></span> <span class='ocrx_word' id='word_1_593' title='bbox 2786 2017 3017 2086; x_wconf 88' lang='lat' dir='ltr'><strong>imperat</strong></span> <span class='ocrx_word' id='word_1_594' title='bbox 3048 2033 3061 2067; x_wconf 88' lang='lat'>:</span> <span class='ocrx_word' id='word_1_595' title='bbox 3095 2014 3291 2068; x_wconf 82' lang='lat' dir='ltr'><strong>Discite</strong></span> <span class='ocrx_word' id='word_1_596' title='bbox 3313 2030 3344 2066; x_wconf 89' lang='lat' dir='ltr'><strong>a</strong></span> <span class='ocrx_word' id='word_1_597' title='bbox 3373 2028 3453 2067; x_wconf 87' lang='lat' dir='ltr'><strong>me</strong></span> <span class='ocrx_word' id='word_1_598' title='bbox 3475 2011 3599 2082; x_wconf 84' lang='lat' dir='ltr'><strong>quia</strong></span> <span class='ocrx_word' id='word_1_599' title='bbox 3626 2011 3779 2063; x_wconf 81' lang='lat' dir='ltr'><strong>mitis</strong></span> 
     </span>
    </p>
   </div>
   <div class='ocr_carea' id='block_1_80' title="bbox 2182 2102 3780 2177">
    <p class='ocr_par' dir='ltr' id='par_1_80' title="bbox 2182 2102 3780 2177">
     <span class='ocr_line' id='line_1_80' title="bbox 2182 2102 3780 2177; baseline -0.008 -10"><span class='ocrx_word' id='word_1_600' title='bbox 2182 2129 2297 2167; x_wconf 88' lang='lat' dir='ltr'><strong>sum</strong></span> <span class='ocrx_word' id='word_1_601' title='bbox 2325 2122 2373 2167; x_wconf 84' lang='lat' dir='ltr'><strong>et</strong></span> <span class='ocrx_word' id='word_1_602' title='bbox 2402 2112 2617 2165; x_wconf 87' lang='lat' dir='ltr'><strong>humilis</strong></span> <span class='ocrx_word' id='word_1_603' title='bbox 2654 2110 2809 2164; x_wconf 90' lang='lat' dir='ltr'><strong>corde</strong></span> <span class='ocrx_word' id='word_1_604' title='bbox 2834 2107 3045 2177; x_wconf 81' lang='lat' dir='ltr'><strong>(Matth.</strong></span> <span class='ocrx_word' id='word_1_605' title='bbox 3070 2123 3150 2170; x_wconf 77' lang='lat' dir='ltr'><strong>xl,</strong></span> <span class='ocrx_word' id='word_1_606' title='bbox 3177 2105 3291 2176; x_wconf 74' lang='lat'><strong>9.9).</strong></span> <span class='ocrx_word' id='word_1_607' title='bbox 3322 2104 3561 2173; x_wconf 85' lang='lat' dir='ltr'><strong>Quisque</strong></span> <span class='ocrx_word' id='word_1_608' title='bbox 3602 2102 3780 2173; x_wconf 82' lang='lat' dir='ltr'><strong>igitur</strong></span> 
     </span>
    </p>
   </div>
   <div class='ocr_carea' id='block_1_81' title="bbox 2182 2192 3777 2271">
    <p class='ocr_par' dir='ltr' id='par_1_81' title="bbox 2182 2192 3777 2271">
     <span class='ocr_line' id='line_1_81' title="bbox 2182 2192 3777 2271; baseline -0.011 -11"><span class='ocrx_word' id='word_1_609' title='bbox 2182 2206 2286 2260; x_wconf 88' lang='lat' dir='ltr'><strong>rite</strong></span> <span class='ocrx_word' id='word_1_610' title='bbox 2324 2204 2567 2259; x_wconf 86' lang='lat' dir='ltr'><strong>immolat</strong></span> <span class='ocrx_word' id='word_1_611' title='bbox 2600 2216 2751 2271; x_wconf 89' lang='lat' dir='ltr'><strong>spem</strong></span> <span class='ocrx_word' id='word_1_612' title='bbox 2782 2214 2900 2269; x_wconf 66' lang='lat' dir='ltr'><strong>quae</strong></span> <span class='ocrx_word' id='word_1_613' title='bbox 2935 2200 3076 2253; x_wconf 90' lang='lat' dir='ltr'><strong>bono</strong></span> <span class='ocrx_word' id='word_1_614' title='bbox 3101 2196 3273 2267; x_wconf 87' lang='lat' dir='ltr'><strong>surgit</strong></span> <span class='ocrx_word' id='word_1_615' title='bbox 3305 2210 3467 2263; x_wconf 89' lang='lat' dir='ltr'><strong>opere</strong></span> <span class='ocrx_word' id='word_1_616' title='bbox 3498 2195 3549 2246; x_wconf 91' lang='lat' dir='ltr'><strong>in</strong></span> <span class='ocrx_word' id='word_1_617' title='bbox 3581 2192 3777 2248; x_wconf 82' lang='lat' dir='ltr'><strong>excel-</strong></span> 
     </span>
    </p>
   </div>
   <div class='ocr_carea' id='block_1_82' title="bbox 2183 2285 3566 2358">
    <p class='ocr_par' dir='ltr' id='par_1_82' title="bbox 2183 2285 3566 2358">
     <span class='ocr_line' id='line_1_82' title="bbox 2183 2285 3566 2358; baseline -0.009 -10"><span class='ocrx_word' id='word_1_618' title='bbox 2183 2295 2349 2351; x_wconf 85' lang='lat' dir='ltr'><strong>lentia</strong></span> <span class='ocrx_word' id='word_1_619' title='bbox 2384 2291 2707 2348; x_wconf 87' lang='lat' dir='ltr'><strong>humilitatis</strong></span> <span class='ocrx_word' id='word_1_620' title='bbox 2735 2289 2890 2358; x_wconf 89' lang='lat' dir='ltr'><strong>quasi</strong></span> <span class='ocrx_word' id='word_1_621' title='bbox 2920 2288 3270 2343; x_wconf 89' lang='lat' dir='ltr'><strong>fundamento</strong></span> <span class='ocrx_word' id='word_1_622' title='bbox 3306 2285 3566 2341; x_wconf 87' lang='lat' dir='ltr'><strong>stabiliat.</strong></span> 
     </span>
    </p>
   </div>
   <div class='ocr_carea' id='block_1_83' title="bbox 2255 2378 3772 2452">
    <p class='ocr_par' dir='ltr' id='par_1_83' title="bbox 2255 2378 3772 2452">
     <span class='ocr_line' id='line_1_83' title="bbox 2255 2378 3772 2452; baseline -0.008 -17"><span class='ocrx_word' id='word_1_623' title='bbox 2255 2384 2418 2440; x_wconf 69' lang='lat' dir='ltr'><strong>Vens.</strong></span> <span class='ocrx_word' id='word_1_624' title='bbox 2443 2385 2497 2439; x_wconf 83' lang='lat'><strong>&#39;5.</strong></span> <span class='ocrx_word' id='word_1_625' title='bbox 2522 2415 2590 2424; x_wconf 92' lang='lat'><strong>—</strong></span> <span class='ocrx_word' id='word_1_626' title='bbox 2618 2382 2791 2452; x_wconf 85' lang='lat' dir='ltr'><strong>Igitur</strong></span> <span class='ocrx_word' id='word_1_627' title='bbox 2827 2380 3118 2443; x_wconf 80' lang='lat' dir='ltr'><strong>Abraham,</strong></span> <span class='ocrx_word' id='word_1_628' title='bbox 3151 2378 3214 2432; x_wconf 89' lang='lat' dir='ltr'><strong>de</strong></span> <span class='ocrx_word' id='word_1_629' title='bbox 3248 2388 3393 2430; x_wconf 88' lang='lat' dir='ltr'><strong>nocte</strong></span> <span class='ocrx_word' id='word_1_630' title='bbox 3420 2390 3772 2445; x_wconf 80' lang='lat' dir='ltr'><strong>consurgens,</strong></span> 
     </span>
    </p>
   </div>
   <div class='ocr_carea' id='block_1_84' title="bbox 2181 2466 3771 2536">
    <p class='ocr_par' dir='ltr' id='par_1_84' title="bbox 2181 2466 3771 2536">
     <span class='ocr_line' id='line_1_84' title="bbox 2181 2466 3771 2536; baseline -0.009 -5"><span class='ocrx_word' id='word_1_631' title='bbox 2181 2476 2361 2531; x_wconf 80' lang='lat' dir='ltr'><strong>stravit</strong></span> <span class='ocrx_word' id='word_1_632' title='bbox 2387 2474 2596 2527; x_wconf 87' lang='lat' dir='ltr'><strong>asinum</strong></span> <span class='ocrx_word' id='word_1_633' title='bbox 2636 2488 2810 2535; x_wconf 88' lang='lat' dir='ltr'><strong>suum,</strong></span> <span class='ocrx_word' id='word_1_634' title='bbox 2852 2470 3047 2523; x_wconf 86' lang='lat' dir='ltr'><strong>ducens</strong></span> <span class='ocrx_word' id='word_1_635' title='bbox 3073 2484 3247 2522; x_wconf 87' lang='lat' dir='ltr'><strong>secum</strong></span> <span class='ocrx_word' id='word_1_636' title='bbox 3290 2468 3420 2520; x_wconf 90' lang='lat' dir='ltr'><strong>duos</strong></span> <span class='ocrx_word' id='word_1_637' title='bbox 3442 2466 3688 2536; x_wconf 77' lang='lat' dir='ltr'><strong>juvenes,</strong></span> <span class='ocrx_word' id='word_1_638' title='bbox 3721 2476 3771 2517; x_wconf 81' lang='lat' dir='ltr'><strong>et</strong></span> 
     </span>
    </p>
   </div>
   <div class='ocr_carea' id='block_1_85' title="bbox 2180 2559 3771 2636">
    <p class='ocr_par' dir='ltr' id='par_1_85' title="bbox 2180 2559 3771 2636">
     <span class='ocr_line' id='line_1_85' title="bbox 2180 2559 3771 2636; baseline -0.007 -15"><span class='ocrx_word' id='word_1_639' title='bbox 2180 2566 2339 2621; x_wconf 86' lang='lat' dir='ltr'><strong>Isaac</strong></span> <span class='ocrx_word' id='word_1_640' title='bbox 2370 2566 2538 2634; x_wconf 84' lang='lat' dir='ltr'><strong>ﬁlium</strong></span> <span class='ocrx_word' id='word_1_641' title='bbox 2576 2580 2752 2619; x_wconf 84' lang='lat' dir='ltr'><strong>suum.</strong></span> <span class='ocrx_word' id='word_1_642' title='bbox 2783 2562 3014 2636; x_wconf 86' lang='lat' dir='ltr'><strong>Cumque</strong></span> <span class='ocrx_word' id='word_1_643' title='bbox 3044 2561 3351 2616; x_wconf 81' lang='lat' dir='ltr'><strong>concidisset</strong></span> <span class='ocrx_word' id='word_1_644' title='bbox 3383 2559 3525 2629; x_wconf 87' lang='lat' dir='ltr'><strong>ligna</strong></span> <span class='ocrx_word' id='word_1_645' title='bbox 3563 2559 3620 2612; x_wconf 83' lang='lat' dir='ltr'><strong>in</strong></span> <span class='ocrx_word' id='word_1_646' title='bbox 3668 2559 3771 2611; x_wconf 79' lang='lat' dir='ltr'><strong>ho-</strong></span> 
     </span>
    </p>
   </div>
   <div class='ocr_carea' id='block_1_86' title="bbox 2180 2649 3769 2726">
    <p class='ocr_par' dir='ltr' id='par_1_86' title="bbox 2180 2649 3769 2726">
     <span class='ocr_line' id='line_1_86' title="bbox 2180 2649 3769 2726; baseline -0.006 -15"><span class='ocrx_word' id='word_1_647' title='bbox 2180 2659 2495 2719; x_wconf 87' lang='lat' dir='ltr'><strong>locaustum,</strong></span> <span class='ocrx_word' id='word_1_648' title='bbox 2528 2657 2654 2709; x_wconf 70' lang='lat' dir='ltr'><strong>abiit</strong></span> <span class='ocrx_word' id='word_1_649' title='bbox 2680 2657 2750 2709; x_wconf 88' lang='lat' dir='ltr'><strong>ad</strong></span> <span class='ocrx_word' id='word_1_650' title='bbox 2778 2656 2949 2710; x_wconf 88' lang='lat' dir='ltr'><strong>locum</strong></span> <span class='ocrx_word' id='word_1_651' title='bbox 2986 2671 3138 2726; x_wconf 86' lang='lat' dir='ltr'><strong>quem</strong></span> <span class='ocrx_word' id='word_1_652' title='bbox 3175 2662 3486 2723; x_wconf 78' lang='lat' dir='ltr'><strong>prteceperat</strong></span> <span class='ocrx_word' id='word_1_653' title='bbox 3522 2651 3570 2704; x_wconf 88' lang='lat' dir='ltr'><strong>ei</strong></span> <span class='ocrx_word' id='word_1_654' title='bbox 3599 2649 3769 2703; x_wconf 84' lang='lat' dir='ltr'><strong>Deus.</strong></span> 
     </span>
    </p>
   </div>
   <div class='ocr_carea' id='block_1_87' title="bbox 2182 2742 3772 2819">
    <p class='ocr_par' dir='ltr' id='par_1_87' title="bbox 2182 2742 3772 2819">
     <span class='ocr_line' id='line_1_87' title="bbox 2182 2742 3772 2819; baseline -0.004 -16"><span class='ocrx_word' id='word_1_655' title='bbox 2182 2751 2446 2804; x_wconf 86' lang='lat' dir='ltr'><strong>Abraham</strong></span> <span class='ocrx_word' id='word_1_656' title='bbox 2475 2749 2538 2803; x_wconf 87' lang='lat' dir='ltr'><strong>de</strong></span> <span class='ocrx_word' id='word_1_657' title='bbox 2569 2758 2715 2803; x_wconf 89' lang='lat' dir='ltr'><strong>nocte</strong></span> <span class='ocrx_word' id='word_1_658' title='bbox 2739 2748 3038 2819; x_wconf 88' lang='lat' dir='ltr'><strong>consurgit,</strong></span> <span class='ocrx_word' id='word_1_659' title='bbox 3061 2742 3184 2802; x_wconf 79' lang='lat' dir='ltr'><strong>cum</strong></span> <span class='ocrx_word' id='word_1_660' title='bbox 3214 2744 3601 2816; x_wconf 89' lang='lat' dir='ltr'><strong>cogitationum</strong></span> <span class='ocrx_word' id='word_1_661' title='bbox 3640 2757 3772 2812; x_wconf 86' lang='lat' dir='ltr'><strong>pcr-</strong></span> 
     </span>
    </p>
   </div>
   <div class='ocr_carea' id='block_1_88' title="bbox 2180 2837 3770 2910">
    <p class='ocr_par' dir='ltr' id='par_1_88' title="bbox 2180 2837 3770 2910">
     <span class='ocr_line' id='line_1_88' title="bbox 2180 2837 3770 2910; baseline -0.004 -17"><span class='ocrx_word' id='word_1_662' title='bbox 2180 2840 2462 2910; x_wconf 83' lang='lat' dir='ltr'><strong>plcxitate,</strong></span> <span class='ocrx_word' id='word_1_663' title='bbox 2503 2838 2839 2894; x_wconf 82' lang='lat' dir='ltr'><strong>obscuritate</strong></span> <span class='ocrx_word' id='word_1_664' title='bbox 2884 2854 2948 2893; x_wconf 91' lang='lat' dir='ltr'><strong>ac</strong></span> <span class='ocrx_word' id='word_1_665' title='bbox 3001 2837 3226 2902; x_wconf 89' lang='lat' dir='ltr'><strong>incuria,</strong></span> <span class='ocrx_word' id='word_1_666' title='bbox 3280 2851 3399 2905; x_wconf 65' lang='lat' dir='ltr'><strong>qua!</strong></span> <span class='ocrx_word' id='word_1_667' title='bbox 3434 2850 3532 2905; x_wconf 88' lang='lat' dir='ltr'><strong>per</strong></span> <span class='ocrx_word' id='word_1_668' title='bbox 3568 2848 3770 2887; x_wconf 84' lang='lat' dir='ltr'><strong>nemus</strong></span> 
     </span>
    </p>
   </div>
   <div class='ocr_carea' id='block_1_89' title="bbox 2180 2925 3772 3001">
    <p class='ocr_par' dir='ltr' id='par_1_89' title="bbox 2180 2925 3772 3001">
     <span class='ocr_line' id='line_1_89' title="bbox 2180 2925 3772 3001; baseline -0.004 -16"><span class='ocrx_word' id='word_1_669' title='bbox 2180 2931 2432 3001; x_wconf 88' lang='lat' dir='ltr'><strong>superius</strong></span> <span class='ocrx_word' id='word_1_670' title='bbox 2478 2930 2690 3000; x_wconf 86' lang='lat' dir='ltr'><strong>signata</strong></span> <span class='ocrx_word' id='word_1_671' title='bbox 2730 2936 2876 2993; x_wconf 89' lang='lat' dir='ltr'><strong>sunt,</strong></span> <span class='ocrx_word' id='word_1_672' title='bbox 2914 2926 3139 2994; x_wconf 85' lang='lat' dir='ltr'><strong>spiritus</strong></span> <span class='ocrx_word' id='word_1_673' title='bbox 3172 2934 3358 2981; x_wconf 89' lang='lat' dir='ltr'><strong>noster</strong></span> <span class='ocrx_word' id='word_1_674' title='bbox 3396 2940 3455 2980; x_wconf 91' lang='lat' dir='ltr'><strong>se</strong></span> <span class='ocrx_word' id='word_1_675' title='bbox 3493 2925 3772 2994; x_wconf 85' lang='lat' dir='ltr'><strong>sagaciter</strong></span> 
     </span>
    </p>
   </div>
   <div class='ocr_carea' id='block_1_90' title="bbox 2179 3018 3767 3091">
    <p class='ocr_par' dir='ltr' id='par_1_90' title="bbox 2179 3018 3767 3091">
     <span class='ocr_line' id='line_1_90' title="bbox 2179 3018 3767 3091; baseline -0.004 -13"><span class='ocrx_word' id='word_1_676' title='bbox 2179 3025 2339 3078; x_wconf 90' lang='lat' dir='ltr'><strong>eruit.</strong></span> <span class='ocrx_word' id='word_1_677' title='bbox 2375 3023 2594 3077; x_wconf 83' lang='lat' dir='ltr'><strong>Asinum</strong></span> <span class='ocrx_word' id='word_1_678' title='bbox 2624 3021 2839 3086; x_wconf 87' lang='lat' dir='ltr'><strong>sternit,</strong></span> <span class='ocrx_word' id='word_1_679' title='bbox 2858 3036 2981 3077; x_wconf 92' lang='lat' dir='ltr'><strong>cum</strong></span> <span class='ocrx_word' id='word_1_680' title='bbox 3010 3020 3256 3091; x_wconf 89' lang='lat' dir='ltr'><strong>corporis</strong></span> <span class='ocrx_word' id='word_1_681' title='bbox 3284 3018 3582 3079; x_wconf 86' lang='lat' dir='ltr'><strong>lasciviam,</strong></span> <span class='ocrx_word' id='word_1_682' title='bbox 3616 3020 3767 3086; x_wconf 83' lang='lat' dir='ltr'><strong>quod</strong></span> 
     </span>
    </p>
   </div>
   <div class='ocr_carea' id='block_1_91' title="bbox 2182 3111 3772 3184">
    <p class='ocr_par' dir='ltr' id='par_1_91' title="bbox 2182 3111 3772 3184">
     <span class='ocr_line' id='line_1_91' title="bbox 2182 3111 3772 3184; baseline -0.006 -12"><span class='ocrx_word' id='word_1_683' title='bbox 2182 3117 2228 3172; x_wconf 90' lang='lat' dir='ltr'><strong>si</strong></span> <span class='ocrx_word' id='word_1_684' title='bbox 2256 3116 2356 3172; x_wconf 92' lang='lat' dir='ltr'><strong>sibi</strong></span> <span class='ocrx_word' id='word_1_685' title='bbox 2389 3116 2547 3172; x_wconf 85' lang='lat' dir='ltr'><strong>liceat</strong></span> <span class='ocrx_word' id='word_1_686' title='bbox 2568 3115 2779 3170; x_wconf 89' lang='lat' dir='ltr'><strong>asinum</strong></span> <span class='ocrx_word' id='word_1_687' title='bbox 2809 3115 3039 3181; x_wconf 89' lang='lat' dir='ltr'><strong>viveret,</strong></span> <span class='ocrx_word' id='word_1_688' title='bbox 3079 3114 3330 3184; x_wconf 86' lang='lat' dir='ltr'><strong>contigua</strong></span> <span class='ocrx_word' id='word_1_689' title='bbox 3365 3126 3580 3181; x_wconf 88' lang='lat' dir='ltr'><strong>semper</strong></span> <span class='ocrx_word' id='word_1_690' title='bbox 3601 3111 3772 3165; x_wconf 84' lang='lat' dir='ltr'><strong>casti-</strong></span> 
     </span>
    </p>
   </div>
   <div class='ocr_carea' id='block_1_92' title="bbox 2184 3202 3769 3277">
    <p class='ocr_par' dir='ltr' id='par_1_92' title="bbox 2184 3202 3769 3277">
     <span class='ocr_line' id='line_1_92' title="bbox 2184 3202 3769 3277; baseline -0.004 -17"><span class='ocrx_word' id='word_1_691' title='bbox 2184 3207 2399 3277; x_wconf 85' lang='lat' dir='ltr'><strong>gatione</strong></span> <span class='ocrx_word' id='word_1_692' title='bbox 2422 3205 2719 3275; x_wconf 90' lang='lat' dir='ltr'><strong>restringit.</strong></span> <span class='ocrx_word' id='word_1_693' title='bbox 2746 3206 2892 3259; x_wconf 87' lang='lat' dir='ltr'><strong>Duos</strong></span> <span class='ocrx_word' id='word_1_694' title='bbox 2902 3206 3123 3275; x_wconf 86' lang='lat' dir='ltr'><strong>juvenes</strong></span> <span class='ocrx_word' id='word_1_695' title='bbox 3150 3219 3271 3259; x_wconf 91' lang='lat' dir='ltr'><strong>cum</strong></span> <span class='ocrx_word' id='word_1_696' title='bbox 3298 3202 3449 3258; x_wconf 89' lang='lat' dir='ltr'><strong>lsaac</strong></span> <span class='ocrx_word' id='word_1_697' title='bbox 3467 3203 3571 3257; x_wconf 87' lang='lat' dir='ltr'><strong>lilio</strong></span> <span class='ocrx_word' id='word_1_698' title='bbox 3582 3218 3769 3255; x_wconf 81' lang='lat' dir='ltr'><strong>secum</strong></span> 
     </span>
    </p>
   </div>
   <div class='ocr_carea' id='block_1_93' title="bbox 2184 3290 3767 3364">
    <p class='ocr_par' dir='ltr' id='par_1_93' title="bbox 2184 3290 3767 3364">
     <span class='ocr_line' id='line_1_93' title="bbox 2184 3290 3767 3364; baseline -0.006 -11"><span class='ocrx_word' id='word_1_699' title='bbox 2184 3298 2356 3364; x_wconf 80' lang='lat' dir='ltr'><strong>duxit,</strong></span> <span class='ocrx_word' id='word_1_700' title='bbox 2383 3314 2505 3353; x_wconf 92' lang='lat' dir='ltr'><strong>cum</strong></span> <span class='ocrx_word' id='word_1_701' title='bbox 2530 3297 2862 3352; x_wconf 86' lang='lat' dir='ltr'><strong>voluntatem</strong></span> <span class='ocrx_word' id='word_1_702' title='bbox 2892 3305 2946 3352; x_wconf 90' lang='lat' dir='ltr'><strong>et</strong></span> <span class='ocrx_word' id='word_1_703' title='bbox 2973 3294 3225 3351; x_wconf 69' lang='lat' dir='ltr'><strong>allectum</strong></span> <span class='ocrx_word' id='word_1_704' title='bbox 3251 3295 3353 3349; x_wconf 87' lang='lat' dir='ltr'><strong>sibi</strong></span> <span class='ocrx_word' id='word_1_705' title='bbox 3381 3295 3511 3349; x_wconf 87' lang='lat' dir='ltr'><strong>ratio</strong></span> <span class='ocrx_word' id='word_1_706' title='bbox 3527 3290 3767 3359; x_wconf 82' lang='lat' dir='ltr'><strong>conjun-</strong></span> 
     </span>
    </p>
   </div>
   <div class='ocr_carea' id='block_1_94' title="bbox 2184 3388 3761 3461">
    <p class='ocr_par' dir='ltr' id='par_1_94' title="bbox 2184 3388 3761 3461">
     <span class='ocr_line' id='line_1_94' title="bbox 2184 3388 3761 3461; baseline -0.005 -18"><span class='ocrx_word' id='word_1_707' title='bbox 2184 3391 2282 3460; x_wconf 90' lang='lat' dir='ltr'><strong>git,</strong></span> <span class='ocrx_word' id='word_1_708' title='bbox 2319 3389 2514 3461; x_wconf 91' lang='lat' dir='ltr'><strong>quibus</strong></span> <span class='ocrx_word' id='word_1_709' title='bbox 2544 3388 2752 3444; x_wconf 88' lang='lat' dir='ltr'><strong>duobus</strong></span> <span class='ocrx_word' id='word_1_710' title='bbox 2787 3388 2890 3443; x_wconf 90' lang='lat' dir='ltr'><strong>nisi</strong></span> <span class='ocrx_word' id='word_1_711' title='bbox 2918 3389 3145 3444; x_wconf 88' lang='lat' dir='ltr'><strong>rationis</strong></span> <span class='ocrx_word' id='word_1_712' title='bbox 3171 3388 3436 3460; x_wconf 82' lang='lat' dir='ltr'><strong>gravitate</strong></span> <span class='ocrx_word' id='word_1_713' title='bbox 3462 3388 3761 3448; x_wconf 80' lang='lat' dir='ltr'><strong>frenentur,</strong></span> 
     </span>
    </p>
   </div>
   <div class='ocr_carea' id='block_1_95' title="bbox 2188 3476 3773 3548">
    <p class='ocr_par' dir='ltr' id='par_1_95' title="bbox 2188 3476 3773 3548">
     <span class='ocr_line' id='line_1_95' title="bbox 2188 3476 3773 3548; baseline -0.002 -14"><span class='ocrx_word' id='word_1_714' title='bbox 2188 3481 2357 3538; x_wconf 86' lang='lat' dir='ltr'><strong>levius</strong></span> <span class='ocrx_word' id='word_1_715' title='bbox 2382 3482 2435 3537; x_wconf 90' lang='lat' dir='ltr'><strong>in</strong></span> <span class='ocrx_word' id='word_1_716' title='bbox 2467 3481 2685 3535; x_wconf 90' lang='lat' dir='ltr'><strong>homine</strong></span> <span class='ocrx_word' id='word_1_717' title='bbox 2718 3480 2793 3535; x_wconf 91' lang='lat' dir='ltr'><strong>nil</strong></span> <span class='ocrx_word' id='word_1_718' title='bbox 2820 3479 3027 3545; x_wconf 83' lang='lat' dir='ltr'><strong>existit,</strong></span> <span class='ocrx_word' id='word_1_719' title='bbox 3057 3480 3200 3535; x_wconf 90' lang='lat' dir='ltr'><strong>unde</strong></span> <span class='ocrx_word' id='word_1_720' title='bbox 3220 3479 3344 3548; x_wconf 91' lang='lat' dir='ltr'><strong>jure</strong></span> <span class='ocrx_word' id='word_1_721' title='bbox 3375 3479 3588 3533; x_wconf 88' lang='lat' dir='ltr'><strong>nomine</strong></span> <span class='ocrx_word' id='word_1_722' title='bbox 3611 3476 3773 3546; x_wconf 60' lang='lat' dir='ltr'><strong>juveo</strong></span> 
     </span>
    </p>
   </div>
   <div class='ocr_carea' id='block_1_96' title="bbox 2188 3570 3775 3642">
    <p class='ocr_par' dir='ltr' id='par_1_96' title="bbox 2188 3570 3775 3642">
     <span class='ocr_line' id='line_1_96' title="bbox 2188 3570 3775 3642; baseline -0.003 -15"><span class='ocrx_word' id='word_1_723' title='bbox 2188 3589 2315 3627; x_wconf 90' lang='lat' dir='ltr'><strong>num</strong></span> <span class='ocrx_word' id='word_1_724' title='bbox 2347 3572 2627 3642; x_wconf 88' lang='lat' dir='ltr'><strong>Scriptura</strong></span> <span class='ocrx_word' id='word_1_725' title='bbox 2659 3586 2754 3626; x_wconf 90' lang='lat' dir='ltr'><strong>eos</strong></span> <span class='ocrx_word' id='word_1_726' title='bbox 2794 3572 3088 3640; x_wconf 83' lang='lat' dir='ltr'><strong>exprimit;</strong></span> <span class='ocrx_word' id='word_1_727' title='bbox 3141 3586 3291 3641; x_wconf 88' lang='lat' dir='ltr'><strong>spem</strong></span> <span class='ocrx_word' id='word_1_728' title='bbox 3336 3586 3570 3641; x_wconf 84' lang='lat' dir='ltr'><strong>quoque,</strong></span> <span class='ocrx_word' id='word_1_729' title='bbox 3601 3570 3652 3623; x_wconf 89' lang='lat' dir='ltr'><strong>id</strong></span> <span class='ocrx_word' id='word_1_730' title='bbox 3686 3579 3775 3623; x_wconf 72' lang='lat' dir='ltr'><strong>cst</strong></span> 
     </span>
    </p>
   </div>
   <div class='ocr_carea' id='block_1_97' title="bbox 2189 3662 3775 3733">
    <p class='ocr_par' dir='ltr' id='par_1_97' title="bbox 2189 3662 3775 3733">
     <span class='ocr_line' id='line_1_97' title="bbox 2189 3662 3775 3733; baseline -0.002 -15"><span class='ocrx_word' id='word_1_731' title='bbox 2189 3664 2347 3718; x_wconf 84' lang='lat' dir='ltr'><strong>Isaac</strong></span> <span class='ocrx_word' id='word_1_732' title='bbox 2389 3663 2577 3718; x_wconf 90' lang='lat' dir='ltr'><strong>eodem</strong></span> <span class='ocrx_word' id='word_1_733' title='bbox 2620 3664 2827 3733; x_wconf 88' lang='lat' dir='ltr'><strong>pariter</strong></span> <span class='ocrx_word' id='word_1_734' title='bbox 2853 3672 2977 3719; x_wconf 88' lang='lat' dir='ltr'><strong>voto</strong></span> <span class='ocrx_word' id='word_1_735' title='bbox 3006 3680 3179 3718; x_wconf 85' lang='lat' dir='ltr'><strong>secum</strong></span> <span class='ocrx_word' id='word_1_736' title='bbox 3210 3665 3393 3718; x_wconf 86' lang='lat' dir='ltr'><strong>trahit.</strong></span> <span class='ocrx_word' id='word_1_737' title='bbox 3436 3662 3603 3732; x_wconf 80' lang='lat' dir='ltr'><strong>Ligna</strong></span> <span class='ocrx_word' id='word_1_738' title='bbox 3634 3678 3775 3718; x_wconf 88' lang='lat' dir='ltr'><strong>eon-</strong></span> 
     </span>
    </p>
   </div>
   <div class='ocr_carea' id='block_1_98' title="bbox 2189 3753 3779 3825">
    <p class='ocr_par' dir='ltr' id='par_1_98' title="bbox 2189 3753 3779 3825">
     <span class='ocr_line' id='line_1_98' title="bbox 2189 3753 3779 3825; baseline -0.002 -17"><span class='ocrx_word' id='word_1_739' title='bbox 2189 3753 2420 3809; x_wconf 89' lang='lat' dir='ltr'><strong>cidimus</strong></span> <span class='ocrx_word' id='word_1_740' title='bbox 2443 3755 2497 3808; x_wconf 89' lang='lat' dir='ltr'><strong>in</strong></span> <span class='ocrx_word' id='word_1_741' title='bbox 2528 3754 2913 3821; x_wconf 86' lang='lat' dir='ltr'><strong>holocaustum,</strong></span> <span class='ocrx_word' id='word_1_742' title='bbox 2940 3770 3062 3810; x_wconf 91' lang='lat' dir='ltr'><strong>cum</strong></span> <span class='ocrx_word' id='word_1_743' title='bbox 3086 3753 3491 3825; x_wconf 88' lang='lat' dir='ltr'><strong>Scripturarum</strong></span> <span class='ocrx_word' id='word_1_744' title='bbox 3519 3754 3779 3823; x_wconf 85' lang='lat' dir='ltr'><strong>exempla</strong></span> 
     </span>
    </p>
   </div>
   <div class='ocr_carea' id='block_1_99' title="bbox 2191 3844 3782 3915">
    <p class='ocr_par' dir='ltr' id='par_1_99' title="bbox 2191 3844 3782 3915">
     <span class='ocr_line' id='line_1_99' title="bbox 2191 3844 3782 3915; baseline -0.002 -15"><span class='ocrx_word' id='word_1_745' title='bbox 2191 3844 2573 3915; x_wconf 85' lang='lat' dir='ltr'><strong>excerpimus,</strong></span> <span class='ocrx_word' id='word_1_746' title='bbox 2628 3846 2823 3914; x_wconf 91' lang='lat' dir='ltr'><strong>quibus</strong></span> <span class='ocrx_word' id='word_1_747' title='bbox 2870 3846 3048 3900; x_wconf 76' lang='lat' dir='ltr'><strong>aerias</strong></span> <span class='ocrx_word' id='word_1_748' title='bbox 3096 3845 3261 3899; x_wconf 88' lang='lat' dir='ltr'><strong>animi</strong></span> <span class='ocrx_word' id='word_1_749' title='bbox 3321 3844 3647 3899; x_wconf 88' lang='lat' dir='ltr'><strong>desiderium</strong></span> <span class='ocrx_word' id='word_1_750' title='bbox 3696 3844 3782 3898; x_wconf 85' lang='lat' dir='ltr'><strong>in-</strong></span> 
     </span>
    </p>
   </div>
   <div class='ocr_carea' id='block_1_100' title="bbox 2191 3935 3780 4005">
    <p class='ocr_par' dir='ltr' id='par_1_100' title="bbox 2191 3935 3780 4005">
     <span class='ocr_line' id='line_1_100' title="bbox 2191 3935 3780 4005; baseline 0 -17"><span class='ocrx_word' id='word_1_751' title='bbox 2191 3935 2548 3990; x_wconf 87' lang='lat' dir='ltr'><strong>llammemus.</strong></span> <span class='ocrx_word' id='word_1_752' title='bbox 2582 3935 2664 3989; x_wconf 86' lang='lat' dir='ltr'><strong>Ad</strong></span> <span class='ocrx_word' id='word_1_753' title='bbox 2694 3936 2863 3989; x_wconf 89' lang='lat' dir='ltr'><strong>locum</strong></span> <span class='ocrx_word' id='word_1_754' title='bbox 2892 3952 3041 4005; x_wconf 86' lang='lat' dir='ltr'><strong>quem</strong></span> <span class='ocrx_word' id='word_1_755' title='bbox 3079 3935 3219 3989; x_wconf 89' lang='lat' dir='ltr'><strong>Deus</strong></span> <span class='ocrx_word' id='word_1_756' title='bbox 3249 3935 3507 4005; x_wconf 83' lang='lat' dir='ltr'><strong>praecepit</strong></span> <span class='ocrx_word' id='word_1_757' title='bbox 3535 3935 3780 4001; x_wconf 86' lang='lat' dir='ltr'><strong>abimus,</strong></span> 
     </span>
    </p>
   </div>
   <div class='ocr_carea' id='block_1_101' title="bbox 2193 4027 3780 4098">
    <p class='ocr_par' dir='ltr' id='par_1_101' title="bbox 2193 4027 3780 4098">
     <span class='ocr_line' id='line_1_101' title="bbox 2193 4027 3780 4098; baseline 0 -17"><span class='ocrx_word' id='word_1_758' title='bbox 2193 4042 2313 4081; x_wconf 90' lang='lat' dir='ltr'><strong>cum</strong></span> <span class='ocrx_word' id='word_1_759' title='bbox 2364 4028 2416 4081; x_wconf 91' lang='lat' dir='ltr'><strong>in</strong></span> <span class='ocrx_word' id='word_1_760' title='bbox 2461 4027 2574 4083; x_wconf 83' lang='lat' dir='ltr'><strong>dies</strong></span> <span class='ocrx_word' id='word_1_761' title='bbox 2610 4027 2938 4098; x_wconf 83' lang='lat' dir='ltr'><strong>proliciendo</strong></span> <span class='ocrx_word' id='word_1_762' title='bbox 2972 4027 3293 4082; x_wconf 90' lang='lat' dir='ltr'><strong>humilitatis</strong></span> <span class='ocrx_word' id='word_1_763' title='bbox 3341 4027 3553 4081; x_wconf 90' lang='lat' dir='ltr'><strong>culmen</strong></span> <span class='ocrx_word' id='word_1_764' title='bbox 3610 4027 3780 4081; x_wconf 82' lang='lat' dir='ltr'><strong>attin-</strong></span> 
     </span>
    </p>
   </div>
   <div class='ocr_carea' id='block_1_102' title="bbox 2192 4120 2384 4189">
    <p class='ocr_par' dir='ltr' id='par_1_102' title="bbox 2192 4120 2384 4189">
     <span class='ocr_line' id='line_1_102' title="bbox 2192 4120 2384 4189; baseline 0.005 -17"><span class='ocrx_word' id='word_1_765' title='bbox 2192 4120 2384 4189; x_wconf 86' lang='lat' dir='ltr'><strong>giums.</strong></span> 
     </span>
    </p>
   </div>
   <div class='ocr_carea' id='block_1_103' title="bbox 2270 4210 3783 4278">
    <p class='ocr_par' dir='ltr' id='par_1_103' title="bbox 2270 4210 3783 4278">
     <span class='ocr_line' id='line_1_103' title="bbox 2270 4210 3783 4278; baseline 0.001 -13"><span class='ocrx_word' id='word_1_766' title='bbox 2270 4210 2428 4267; x_wconf 75' lang='lat' dir='ltr'><strong>Vens.</strong></span> <span class='ocrx_word' id='word_1_767' title='bbox 2458 4214 2511 4278; x_wconf 77' lang='grc'><strong>4,</strong></span> <span class='ocrx_word' id='word_1_768' title='bbox 2540 4213 2592 4267; x_wconf 84' lang='lat'><strong>5.</strong></span> <span class='ocrx_word' id='word_1_769' title='bbox 2611 4244 2681 4253; x_wconf 91' lang='lat'><strong>—</strong></span> <span class='ocrx_word' id='word_1_770' title='bbox 2708 4213 2801 4266; x_wconf 82' lang='lat' dir='ltr'><strong>Die</strong></span> <span class='ocrx_word' id='word_1_771' title='bbox 2829 4224 3002 4266; x_wconf 87' lang='lat' dir='ltr'><strong>autem</strong></span> <span class='ocrx_word' id='word_1_772' title='bbox 3025 4214 3195 4276; x_wconf 87' lang='lat' dir='ltr'><strong>tertio,</strong></span> <span class='ocrx_word' id='word_1_773' title='bbox 3222 4214 3430 4269; x_wconf 73' lang='lat' dir='ltr'><strong>elevatis</strong></span> <span class='ocrx_word' id='word_1_774' title='bbox 3459 4214 3627 4267; x_wconf 84' lang='lat' dir='ltr'><strong>oculis</strong></span> <span class='ocrx_word' id='word_1_775' title='bbox 3651 4214 3783 4268; x_wconf 76' lang='lat' dir='ltr'><strong>ridi:</strong></span> 
     </span>
    </p>
   </div>
   <div class='ocr_carea' id='block_1_104' title="bbox 2194 4305 3786 4376">
    <p class='ocr_par' dir='ltr' id='par_1_104' title="bbox 2194 4305 3786 4376">
     <span class='ocr_line' id='line_1_104' title="bbox 2194 4305 3786 4376; baseline 0.002 -18"><span class='ocrx_word' id='word_1_776' title='bbox 2194 4305 2366 4359; x_wconf 80' lang='lat' dir='ltr'><strong>locum</strong></span> <span class='ocrx_word' id='word_1_777' title='bbox 2393 4306 2611 4375; x_wconf 88' lang='lat' dir='ltr'><strong>procul;</strong></span> <span class='ocrx_word' id='word_1_778' title='bbox 2644 4306 2880 4376; x_wconf 77' lang='lat' dir='ltr'><strong>dixitque</strong></span> <span class='ocrx_word' id='word_1_779' title='bbox 2925 4306 2995 4359; x_wconf 86' lang='lat' dir='ltr'><strong>ad</strong></span> <span class='ocrx_word' id='word_1_780' title='bbox 3037 4323 3224 4376; x_wconf 86' lang='lat' dir='ltr'><strong>pueros</strong></span> <span class='ocrx_word' id='word_1_781' title='bbox 3250 4324 3373 4361; x_wconf 88' lang='lat' dir='ltr'><strong>suos</strong></span> <span class='ocrx_word' id='word_1_782' title='bbox 3404 4322 3422 4359; x_wconf 91' lang='lat'><em>:</em></span> <span class='ocrx_word' id='word_1_783' title='bbox 3464 4306 3786 4375; x_wconf 50' lang='lat' dir='ltr'><strong>Exspectate</strong></span> 
     </span>
    </p>
   </div>
   <div class='ocr_carea' id='block_1_105' title="bbox 2194 4396 3783 4469">
    <p class='ocr_par' dir='ltr' id='par_1_105' title="bbox 2194 4396 3783 4469">
     <span class='ocr_line' id='line_1_105' title="bbox 2194 4396 3783 4469; baseline -0.001 -17"><span class='ocrx_word' id='word_1_784' title='bbox 2194 4398 2276 4452; x_wconf 87' lang='lat' dir='ltr'><strong>hic</strong></span> <span class='ocrx_word' id='word_1_785' title='bbox 2305 4415 2420 4452; x_wconf 90' lang='lat' dir='ltr'><strong>cum</strong></span> <span class='ocrx_word' id='word_1_786' title='bbox 2454 4399 2634 4463; x_wconf 86' lang='lat' dir='ltr'><strong>asino;</strong></span> <span class='ocrx_word' id='word_1_787' title='bbox 2662 4415 2753 4468; x_wconf 89' lang='lat' dir='ltr'><strong>ego</strong></span> <span class='ocrx_word' id='word_1_788' title='bbox 2783 4407 2831 4452; x_wconf 86' lang='lat' dir='ltr'><strong>et</strong></span> <span class='ocrx_word' id='word_1_789' title='bbox 2876 4413 3025 4466; x_wconf 88' lang='lat' dir='ltr'><strong>puer,</strong></span> <span class='ocrx_word' id='word_1_790' title='bbox 3063 4396 3188 4451; x_wconf 89' lang='lat' dir='ltr'><strong>illac</strong></span> <span class='ocrx_word' id='word_1_791' title='bbox 3214 4415 3375 4469; x_wconf 87' lang='lat' dir='ltr'><strong>usque</strong></span> <span class='ocrx_word' id='word_1_792' title='bbox 3415 4410 3783 4469; x_wconf 77' lang='lat' dir='ltr'><strong>properantes,</strong></span> 
     </span>
    </p>
   </div>
   <div class='ocr_carea' id='block_1_106' title="bbox 2193 4487 3788 4562">
    <p class='ocr_par' dir='ltr' id='par_1_106' title="bbox 2193 4487 3788 4562">
     <span class='ocr_line' id='line_1_106' title="bbox 2193 4487 3788 4562; baseline 0.001 -20"><span class='ocrx_word' id='word_1_793' title='bbox 2193 4501 2467 4562; x_wconf 86' lang='lat' dir='ltr'><strong>postquam</strong></span> <span class='ocrx_word' id='word_1_794' title='bbox 2495 4490 2907 4554; x_wconf 71' lang='lat' dir='ltr'><strong>adorat‘erimus,</strong></span> <span class='ocrx_word' id='word_1_795' title='bbox 2956 4499 3267 4543; x_wconf 84' lang='lat' dir='ltr'><strong>revertemur</strong></span> <span class='ocrx_word' id='word_1_796' title='bbox 3295 4490 3365 4542; x_wconf 89' lang='lat' dir='ltr'><strong>ad</strong></span> <span class='ocrx_word' id='word_1_797' title='bbox 3411 4505 3518 4543; x_wconf 75' lang='lat' dir='ltr'><strong>vos.</strong></span> <span class='ocrx_word' id='word_1_798' title='bbox 3563 4487 3788 4543; x_wconf 79' lang='lat' dir='ltr'><strong>Primus</strong></span> 
     </span>
    </p>
   </div>
   <div class='ocr_carea' id='block_1_107' title="bbox 2198 4581 3787 4651">
    <p class='ocr_par' dir='ltr' id='par_1_107' title="bbox 2198 4581 3787 4651">
     <span class='ocr_line' id='line_1_107' title="bbox 2198 4581 3787 4651; baseline -0.001 -16"><span class='ocrx_word' id='word_1_799' title='bbox 2198 4582 2314 4636; x_wconf 90' lang='lat' dir='ltr'><strong>dies</strong></span> <span class='ocrx_word' id='word_1_800' title='bbox 2357 4596 2542 4636; x_wconf 88' lang='lat' dir='ltr'><strong>eorum</strong></span> <span class='ocrx_word' id='word_1_801' title='bbox 2581 4581 2672 4651; x_wconf 90' lang='lat' dir='ltr'><strong>qui</strong></span> <span class='ocrx_word' id='word_1_802' title='bbox 2717 4589 3070 4636; x_wconf 87' lang='lat' dir='ltr'><strong>revertuntur</strong></span> <span class='ocrx_word' id='word_1_803' title='bbox 3115 4583 3182 4637; x_wconf 91' lang='lat' dir='ltr'><strong>ad</strong></span> <span class='ocrx_word' id='word_1_804' title='bbox 3207 4597 3321 4646; x_wconf 88' lang='lat' dir='ltr'><strong>cor,</strong></span> <span class='ocrx_word' id='word_1_805' title='bbox 3355 4583 3489 4637; x_wconf 85' lang='lat' dir='ltr'><strong>bene</strong></span> <span class='ocrx_word' id='word_1_806' title='bbox 3515 4581 3787 4650; x_wconf 89' lang='lat' dir='ltr'><strong>operandi</strong></span> 
     </span>
    </p>
   </div>
   <div class='ocr_carea' id='block_1_108' title="bbox 2197 4664 3787 4741">
    <p class='ocr_par' dir='ltr' id='par_1_108' title="bbox 2197 4664 3787 4741">
     <span class='ocr_line' id='line_1_108' title="bbox 2197 4664 3787 4741; baseline -0.002 -13"><span class='ocrx_word' id='word_1_807' title='bbox 2197 4673 2449 4728; x_wconf 89' lang='lat' dir='ltr'><strong>voluntas</strong></span> <span class='ocrx_word' id='word_1_808' title='bbox 2485 4679 2601 4737; x_wconf 90' lang='lat' dir='ltr'><strong>est;</strong></span> <span class='ocrx_word' id='word_1_809' title='bbox 2651 4671 2920 4727; x_wconf 83' lang='lat' dir='ltr'><strong>secundus</strong></span> <span class='ocrx_word' id='word_1_810' title='bbox 2968 4672 3101 4727; x_wconf 86' lang='lat' dir='ltr'><strong>certi</strong></span> <span class='ocrx_word' id='word_1_811' title='bbox 3151 4672 3443 4728; x_wconf 87' lang='lat' dir='ltr'><strong>destinatio</strong></span> <span class='ocrx_word' id='word_1_812' title='bbox 3493 4664 3787 4741; x_wconf 85' lang='lat' dir='ltr'><strong>propositi,</strong></span> 
     </span>
    </p>
   </div>
   <div class='ocr_carea' id='block_1_109' title="bbox 2198 4762 3791 4835">
    <p class='ocr_par' dir='ltr' id='par_1_109' title="bbox 2198 4762 3791 4835">
     <span class='ocr_line' id='line_1_109' title="bbox 2198 4762 3791 4835; baseline -0.001 -15"><span class='ocrx_word' id='word_1_813' title='bbox 2198 4766 2298 4820; x_wconf 90' lang='lat' dir='ltr'><strong>sub</strong></span> <span class='ocrx_word' id='word_1_814' title='bbox 2325 4779 2430 4833; x_wconf 89' lang='lat' dir='ltr'><strong>qua</strong></span> <span class='ocrx_word' id='word_1_815' title='bbox 2474 4762 2813 4834; x_wconf 87' lang='lat' dir='ltr'><strong>professione</strong></span> <span class='ocrx_word' id='word_1_816' title='bbox 2852 4763 3100 4818; x_wconf 86' lang='lat' dir='ltr'><strong>videlicet</strong></span> <span class='ocrx_word' id='word_1_817' title='bbox 3130 4764 3294 4830; x_wconf 85' lang='lat' dir='ltr'><strong>vivat,</strong></span> <span class='ocrx_word' id='word_1_818' title='bbox 3322 4763 3497 4819; x_wconf 89' lang='lat' dir='ltr'><strong>solent</strong></span> <span class='ocrx_word' id='word_1_819' title='bbox 3541 4779 3791 4835; x_wconf 83' lang='lat' dir='ltr'><strong>namque</strong></span> 
     </span>
    </p>
   </div>
   <div class='ocr_carea' id='block_1_110' title="bbox 2201 4855 3787 4926">
    <p class='ocr_par' dir='ltr' id='par_1_110' title="bbox 2201 4855 3787 4926">
     <span class='ocr_line' id='line_1_110' title="bbox 2201 4855 3787 4926; baseline -0.001 -15"><span class='ocrx_word' id='word_1_820' title='bbox 2201 4855 2398 4911; x_wconf 88' lang='lat' dir='ltr'><strong>talibus</strong></span> <span class='ocrx_word' id='word_1_821' title='bbox 2426 4855 2673 4924; x_wconf 67' lang='lat' dir='ltr'><strong>quaedam</strong></span> <span class='ocrx_word' id='word_1_822' title='bbox 2706 4855 2962 4926; x_wconf 84' lang='lat' dir='ltr'><strong>ambages</strong></span> <span class='ocrx_word' id='word_1_823' title='bbox 2992 4871 3304 4922; x_wconf 90' lang='lat' dir='ltr'><strong>occurrere,</strong></span> <span class='ocrx_word' id='word_1_824' title='bbox 3337 4866 3430 4911; x_wconf 91' lang='lat' dir='ltr'><strong>aut</strong></span> <span class='ocrx_word' id='word_1_825' title='bbox 3457 4856 3650 4921; x_wconf 88' lang='lat' dir='ltr'><strong>eremi,</strong></span> <span class='ocrx_word' id='word_1_826' title='bbox 3682 4872 3787 4912; x_wconf 87' lang='lat' dir='ltr'><strong>seu</strong></span> 
     </span>
    </p>
   </div>
   <div class='ocr_carea' id='block_1_111' title="bbox 2196 4948 3789 5023">
    <p class='ocr_par' dir='ltr' id='par_1_111' title="bbox 2196 4948 3789 5023">
     <span class='ocr_line' id='line_1_111' title="bbox 2196 4948 3789 5023; baseline 0.001 -19"><span class='ocrx_word' id='word_1_827' title='bbox 2196 4948 2551 5013; x_wconf 89' lang='lat' dir='ltr'><strong>reclusiouis,</strong></span> <span class='ocrx_word' id='word_1_828' title='bbox 2597 4948 2710 5003; x_wconf 89' lang='lat' dir='ltr'><strong>sive</strong></span> <span class='ocrx_word' id='word_1_829' title='bbox 2753 4949 3130 5015; x_wconf 87' lang='lat' dir='ltr'><strong>monaehatus,</strong></span> <span class='ocrx_word' id='word_1_830' title='bbox 3179 4949 3264 5005; x_wconf 89' lang='lat' dir='ltr'><strong>vel</strong></span> <span class='ocrx_word' id='word_1_831' title='bbox 3320 4951 3789 5023; x_wconf 81' lang='lat' dir='ltr'><strong>peregrinationis</strong></span> 
     </span>
    </p>
   </div>
   <div class='ocr_carea' id='block_1_112' title="bbox 2195 5037 3787 5112">
    <p class='ocr_par' dir='ltr' id='par_1_112' title="bbox 2195 5037 3787 5112">
     <span class='ocr_line' id='line_1_112' title="bbox 2195 5037 3787 5112; baseline 0.002 -19"><span class='ocrx_word' id='word_1_832' title='bbox 2195 5038 2543 5109; x_wconf 62' lang='lat' dir='ltr'><strong>abripiendae.</strong></span> <span class='ocrx_word' id='word_1_833' title='bbox 2576 5037 2791 5093; x_wconf 87' lang='lat' dir='ltr'><strong>Tertius</strong></span> <span class='ocrx_word' id='word_1_834' title='bbox 2819 5039 2954 5105; x_wconf 89' lang='lat' dir='ltr'><strong>dies,</strong></span> <span class='ocrx_word' id='word_1_835' title='bbox 2988 5041 3074 5094; x_wconf 91' lang='lat' dir='ltr'><strong>ubi</strong></span> <span class='ocrx_word' id='word_1_836' title='bbox 3103 5039 3170 5095; x_wconf 91' lang='lat' dir='ltr'><strong>ad</strong></span> <span class='ocrx_word' id='word_1_837' title='bbox 3218 5053 3429 5096; x_wconf 89' lang='lat' dir='ltr'><strong>certum</strong></span> <span class='ocrx_word' id='word_1_838' title='bbox 3475 5056 3787 5112; x_wconf 83' lang='lat' dir='ltr'><strong>proposue-</strong></span> 
     </span>
    </p>
   </div>
   <div class='ocr_carea' id='block_1_113' title="bbox 2197 5128 3787 5203">
    <p class='ocr_par' dir='ltr' id='par_1_113' title="bbox 2197 5128 3787 5203">
     <span class='ocr_line' id='line_1_113' title="bbox 2197 5128 3787 5203; baseline 0.003 -19"><span class='ocrx_word' id='word_1_839' title='bbox 2197 5130 2338 5196; x_wconf 90' lang='lat' dir='ltr'><strong>rint,</strong></span> <span class='ocrx_word' id='word_1_840' title='bbox 2387 5129 2657 5185; x_wconf 86' lang='lat' dir='ltr'><strong>destinata</strong></span> <span class='ocrx_word' id='word_1_841' title='bbox 2692 5128 2905 5185; x_wconf 76' lang='lat' dir='ltr'><strong>elleetui</strong></span> <span class='ocrx_word' id='word_1_842' title='bbox 2957 5132 3297 5203; x_wconf 88' lang='lat' dir='ltr'><strong>mancipare;</strong></span> <span class='ocrx_word' id='word_1_843' title='bbox 3346 5134 3449 5188; x_wconf 85' lang='lat' dir='ltr'><strong>bac</strong></span> <span class='ocrx_word' id='word_1_844' title='bbox 3490 5133 3648 5189; x_wconf 90' lang='lat' dir='ltr'><strong>tertia</strong></span> <span class='ocrx_word' id='word_1_845' title='bbox 3691 5134 3787 5189; x_wconf 87' lang='lat' dir='ltr'><strong>die</strong></span> 
     </span>
    </p>
   </div>
   <div class='ocr_carea' id='block_1_114' title="bbox 2198 5220 3787 5293">
    <p class='ocr_par' dir='ltr' id='par_1_114' title="bbox 2198 5220 3787 5293">
     <span class='ocr_line' id='line_1_114' title="bbox 2198 5220 3787 5293; baseline 0.004 -20"><span class='ocrx_word' id='word_1_846' title='bbox 2198 5220 2380 5276; x_wconf 88' lang='lat' dir='ltr'><strong>divina</strong></span> <span class='ocrx_word' id='word_1_847' title='bbox 2427 5220 2697 5292; x_wconf 59' lang='lat' dir='ltr'><strong>praecipue</strong></span> <span class='ocrx_word' id='word_1_848' title='bbox 2746 5222 2919 5293; x_wconf 85' lang='lat' dir='ltr'><strong>gratia</strong></span> <span class='ocrx_word' id='word_1_849' title='bbox 2958 5221 3098 5277; x_wconf 89' lang='lat' dir='ltr'><strong>solet</strong></span> <span class='ocrx_word' id='word_1_850' title='bbox 3146 5238 3532 5279; x_wconf 90' lang='lat' dir='ltr'><strong>conversorum</strong></span> <span class='ocrx_word' id='word_1_851' title='bbox 3578 5226 3787 5279; x_wconf 83' lang='lat' dir='ltr'><strong>animis</strong></span> 
     </span>
    </p>
   </div>
   <div class='ocr_carea' id='block_1_115' title="bbox 2199 5316 3784 5386">
    <p class='ocr_par' dir='ltr' id='par_1_115' title="bbox 2199 5316 3784 5386">
     <span class='ocr_line' id='line_1_115' title="bbox 2199 5316 3784 5386; baseline 0.002 -15"><span class='ocrx_word' id='word_1_852' title='bbox 2199 5316 2450 5381; x_wconf 89' lang='lat' dir='ltr'><strong>illucerc;</strong></span> <span class='ocrx_word' id='word_1_853' title='bbox 2479 5317 2577 5371; x_wconf 85' lang='lat' dir='ltr'><strong>hac</strong></span> <span class='ocrx_word' id='word_1_854' title='bbox 2605 5317 2749 5371; x_wconf 88' lang='lat' dir='ltr'><strong>enim</strong></span> <span class='ocrx_word' id='word_1_855' title='bbox 2775 5316 2908 5370; x_wconf 87' lang='lat' dir='ltr'><strong>fiunt</strong></span> <span class='ocrx_word' id='word_1_856' title='bbox 2930 5316 3130 5386; x_wconf 63' lang='lat' dir='ltr'><strong>nuptiae</strong></span> <span class='ocrx_word' id='word_1_857' title='bbox 3170 5318 3223 5371; x_wconf 91' lang='lat' dir='ltr'><strong>in</strong></span> <span class='ocrx_word' id='word_1_858' title='bbox 3249 5317 3395 5373; x_wconf 84' lang='lat' dir='ltr'><strong>Cana</strong></span> <span class='ocrx_word' id='word_1_859' title='bbox 3419 5316 3659 5383; x_wconf 73' lang='lat' dir='ltr'><strong>Galilete,</strong></span> <span class='ocrx_word' id='word_1_860' title='bbox 3683 5319 3784 5374; x_wconf 89' lang='lat' dir='ltr'><strong>ul.i</strong></span> 
     </span>
    </p>
   </div>
   <div class='ocr_carea' id='block_1_116' title="bbox 2200 5405 3784 5481">
    <p class='ocr_par' dir='ltr' id='par_1_116' title="bbox 2200 5405 3784 5481">
     <span class='ocr_line' id='line_1_116' title="bbox 2200 5405 3784 5481; baseline 0.002 -19"><span class='ocrx_word' id='word_1_861' title='bbox 2200 5416 2484 5463; x_wconf 85' lang='lat' dir='ltr'><strong>transeunt</strong></span> <span class='ocrx_word' id='word_1_862' title='bbox 2513 5408 2647 5462; x_wconf 91' lang='lat' dir='ltr'><strong>mire</strong></span> <span class='ocrx_word' id='word_1_863' title='bbox 2678 5405 2958 5462; x_wconf 87' lang='lat' dir='ltr'><strong>moraliter</strong></span> <span class='ocrx_word' id='word_1_864' title='bbox 2995 5408 3046 5460; x_wconf 91' lang='lat' dir='ltr'><strong>in</strong></span> <span class='ocrx_word' id='word_1_865' title='bbox 3078 5408 3262 5461; x_wconf 89' lang='lat' dir='ltr'><strong>vinum</strong></span> <span class='ocrx_word' id='word_1_866' title='bbox 3296 5423 3450 5479; x_wconf 61' lang='lat' dir='ltr'><strong>aquae</strong></span> <span class='ocrx_word' id='word_1_867' title='bbox 3496 5409 3678 5481; x_wconf 86' lang='lat' dir='ltr'><strong>(Joan.</strong></span> <span class='ocrx_word' id='word_1_868' title='bbox 3716 5427 3784 5474; x_wconf 83' lang='grc' dir='ltr'><strong>ιι.</strong></span> 
     </span>
    </p>
   </div>
   <div class='ocr_carea' id='block_1_117' title="bbox 2198 5499 3788 5572">
    <p class='ocr_par' dir='ltr' id='par_1_117' title="bbox 2198 5499 3788 5572">
     <span class='ocr_line' id='line_1_117' title="bbox 2198 5499 3788 5572; baseline 0.001 -16"><span class='ocrx_word' id='word_1_869' title='bbox 2198 5499 2274 5572; x_wconf 87' lang='grc'><strong>9).</strong></span> <span class='ocrx_word' id='word_1_870' title='bbox 2305 5500 2359 5554; x_wconf 84' lang='grc' dir='ltr'><strong>1η</strong></span> <span class='ocrx_word' id='word_1_871' title='bbox 2384 5501 2506 5565; x_wconf 80' lang='lat' dir='ltr'><strong>bac,</strong></span> <span class='ocrx_word' id='word_1_872' title='bbox 2534 5500 2772 5568; x_wconf 81' lang='lat' dir='ltr'><strong>inquam,</strong></span> <span class='ocrx_word' id='word_1_873' title='bbox 2809 5514 2931 5553; x_wconf 91' lang='lat' dir='ltr'><strong>cum</strong></span> <span class='ocrx_word' id='word_1_874' title='bbox 2965 5499 3138 5569; x_wconf 89' lang='lat' dir='ltr'><strong>pietas</strong></span> <span class='ocrx_word' id='word_1_875' title='bbox 3169 5500 3427 5556; x_wconf 89' lang='lat' dir='ltr'><strong>desiderii</strong></span> <span class='ocrx_word' id='word_1_876' title='bbox 3459 5503 3510 5556; x_wconf 91' lang='lat' dir='ltr'><strong>in</strong></span> <span class='ocrx_word' id='word_1_877' title='bbox 3540 5500 3788 5557; x_wconf 89' lang='lat' dir='ltr'><strong>fructum</strong></span> 
     </span>
    </p>
   </div>
   <div class='ocr_carea' id='block_1_118' title="bbox 2198 5590 3787 5663">
    <p class='ocr_par' dir='ltr' id='par_1_118' title="bbox 2198 5590 3787 5663">
     <span class='ocr_line' id='line_1_118' title="bbox 2198 5590 3787 5663; baseline 0 -16"><span class='ocrx_word' id='word_1_878' title='bbox 2198 5590 2527 5663; x_wconf 88' lang='lat' dir='ltr'><strong>operationis</strong></span> <span class='ocrx_word' id='word_1_879' title='bbox 2563 5592 2738 5661; x_wconf 80' lang='lat' dir='ltr'><strong>dignae</strong></span> <span class='ocrx_word' id='word_1_880' title='bbox 2770 5590 3132 5660; x_wconf 86' lang='lat' dir='ltr'><strong>proruperit,</strong></span> <span class='ocrx_word' id='word_1_881' title='bbox 3184 5591 3250 5646; x_wconf 84' lang='lat' dir='ltr'><strong>ab</strong></span> <span class='ocrx_word' id='word_1_882' title='bbox 3302 5593 3423 5646; x_wconf 92' lang='lat' dir='ltr'><strong>imis</strong></span> <span class='ocrx_word' id='word_1_883' title='bbox 3462 5593 3529 5649; x_wconf 88' lang='lat' dir='ltr'><strong>ad</strong></span> <span class='ocrx_word' id='word_1_884' title='bbox 3582 5608 3787 5663; x_wconf 84' lang='lat' dir='ltr'><strong>supera</strong></span> 
     </span>
    </p>
   </div>
   <div class='ocr_carea' id='block_1_119' title="bbox 2200 5678 3790 5751">
    <p class='ocr_par' dir='ltr' id='par_1_119' title="bbox 2200 5678 3790 5751">
     <span class='ocr_line' id='line_1_119' title="bbox 2200 5678 3790 5751; baseline 0.001 -15"><span class='ocrx_word' id='word_1_885' title='bbox 2200 5680 2502 5736; x_wconf 86' lang='lat' dir='ltr'><strong>contucnda</strong></span> <span class='ocrx_word' id='word_1_886' title='bbox 2532 5680 2685 5735; x_wconf 87' lang='lat' dir='ltr'><strong>liberi</strong></span> <span class='ocrx_word' id='word_1_887' title='bbox 2713 5678 2824 5751; x_wconf 89' lang='lat' dir='ltr'><strong>jam</strong></span> <span class='ocrx_word' id='word_1_888' title='bbox 2856 5681 3037 5735; x_wconf 68' lang='lat' dir='ltr'><strong>sazculi</strong></span> <span class='ocrx_word' id='word_1_889' title='bbox 3082 5681 3277 5751; x_wconf 89' lang='lat' dir='ltr'><strong>pituita</strong></span> <span class='ocrx_word' id='word_1_890' title='bbox 3324 5682 3609 5738; x_wconf 84' lang='lat' dir='ltr'><strong>elevantur</strong></span> <span class='ocrx_word' id='word_1_891' title='bbox 3659 5699 3790 5737; x_wconf 81' lang='lat' dir='ltr'><strong>eor-</strong></span> 
     </span>
    </p>
   </div>
   <div class='ocr_carea' id='block_1_120' title="bbox 2200 5771 3794 5847">
    <p class='ocr_par' dir='ltr' id='par_1_120' title="bbox 2200 5771 3794 5847">
     <span class='ocr_line' id='line_1_120' title="bbox 2200 5771 3794 5847; baseline 0.004 -20"><span class='ocrx_word' id='word_1_892' title='bbox 2200 5773 2345 5827; x_wconf 87' lang='lat' dir='ltr'><strong>dium</strong></span> <span class='ocrx_word' id='word_1_893' title='bbox 2401 5772 2567 5838; x_wconf 90' lang='lat' dir='ltr'><strong>oculi,</strong></span> <span class='ocrx_word' id='word_1_894' title='bbox 2600 5772 2855 5842; x_wconf 85' lang='lat' dir='ltr'><strong>locusque</strong></span> <span class='ocrx_word' id='word_1_895' title='bbox 2897 5771 3082 5842; x_wconf 82' lang='lat' dir='ltr'><strong>procul</strong></span> <span class='ocrx_word' id='word_1_896' title='bbox 3131 5773 3360 5841; x_wconf 83' lang='lat' dir='ltr'><strong>videtur,</strong></span> <span class='ocrx_word' id='word_1_897' title='bbox 3410 5777 3537 5847; x_wconf 89' lang='lat' dir='ltr'><strong>quia</strong></span> <span class='ocrx_word' id='word_1_898' title='bbox 3586 5793 3794 5847; x_wconf 83' lang='lat' dir='ltr'><strong>sapore</strong></span> 
     </span>
    </p>
   </div>
  </div>
