  <div class='ocr_page' id='page_1' title='image "/cluster/home/n/w/nwhite01/storage/ocr_20150623/156/hvd.32044010683712/090.png"; bbox 0 0 3982 6360; ppageno 0'>
   <div class='ocr_carea' id='block_1_1' title="bbox 186 365 300 424">
    <p class='ocr_par' dir='ltr' id='par_1_1' title="bbox 186 365 300 424">
     <span class='ocr_line' id='line_1_1' title="bbox 186 365 300 424; baseline 0.018 -2"><span class='ocrx_word' id='word_1_1' title='bbox 186 365 300 424; x_wconf 72' lang='grc'><strong>169</strong></span> 
     </span>
    </p>
   </div>
   <div class='ocr_carea' id='block_1_2' title="bbox 1289 339 2352 408">
    <p class='ocr_par' dir='ltr' id='par_1_2' title="bbox 1289 339 2352 408">
     <span class='ocr_line' id='line_1_2' title="bbox 1289 339 2352 408; baseline -0.002 0"><span class='ocrx_word' id='word_1_2' title='bbox 1289 350 1652 408; x_wconf 73' lang='lat' dir='ltr'><strong>MORALIUM</strong></span> <span class='ocrx_word' id='word_1_3' title='bbox 1691 350 1756 405; x_wconf 84' lang='lat' dir='ltr'><strong>IN</strong></span> <span class='ocrx_word' id='word_1_4' title='bbox 1788 339 2079 406; x_wconf 66' lang='lat' dir='ltr'><strong>GENESIN</strong></span> <span class='ocrx_word' id='word_1_5' title='bbox 2106 349 2232 406; x_wconf 84' lang='lat' dir='ltr'><strong>LIB.</strong></span> <span class='ocrx_word' id='word_1_6' title='bbox 2268 350 2352 406; x_wconf 70' lang='lat' dir='ltr'><strong>Vl.</strong></span> 
     </span>
    </p>
   </div>
   <div class='ocr_carea' id='block_1_3' title="bbox 3345 361 3446 419">
    <p class='ocr_par' dir='ltr' id='par_1_3' title="bbox 3345 361 3446 419">
     <span class='ocr_line' id='line_1_3' title="bbox 3345 361 3446 419; baseline 0.04 -4"><span class='ocrx_word' id='word_1_7' title='bbox 3345 361 3446 419; x_wconf 68' lang='grc' dir='ltr'><strong><em>ΠΒ</em></strong></span> 
     </span>
    </p>
   </div>
   <div class='ocr_carea' id='block_1_4' title="bbox 183 460 3450 551">
    <p class='ocr_par' dir='ltr' id='par_1_4' title="bbox 183 460 3450 551">
     <span class='ocr_line' id='line_1_4' title="bbox 183 460 3450 551; baseline -0.002 -15"><span class='ocrx_word' id='word_1_8' title='bbox 183 481 430 551; x_wconf 84' lang='lat' dir='ltr'><strong>quodam</strong></span> <span class='ocrx_word' id='word_1_9' title='bbox 481 475 669 530; x_wconf 89' lang='lat' dir='ltr'><strong>intimo</strong></span> <span class='ocrx_word' id='word_1_10' title='bbox 703 480 825 542; x_wconf 91' lang='lat' dir='ltr'><strong>post</strong></span> <span class='ocrx_word' id='word_1_11' title='bbox 871 469 1090 534; x_wconf 83' lang='lat' dir='ltr'><strong>ﬂuctus,</strong></span> <span class='ocrx_word' id='word_1_12' title='bbox 1134 476 1190 520; x_wconf 88' lang='lat' dir='ltr'><strong>et</strong></span> <span class='ocrx_word' id='word_1_13' title='bbox 1219 463 1603 519; x_wconf 88' lang='lat' dir='ltr'><strong>instabilitates</strong></span> <span class='ocrx_word' id='word_1_14' title='bbox 1639 477 1773 532; x_wconf 81' lang='lat' dir='ltr'><strong>prae-</strong></span> <span class='ocrx_word' id='word_1_15' title='bbox 1803 460 2068 551; x_wconf 72' lang='lat' dir='ltr'><strong>Augendi</strong></span> <span class='ocrx_word' id='word_1_16' title='bbox 2098 461 2226 514; x_wconf 91' lang='lat' dir='ltr'><strong>mihi</strong></span> <span class='ocrx_word' id='word_1_17' title='bbox 2257 461 2475 532; x_wconf 88' lang='lat' dir='ltr'><strong>injacet,</strong></span> <span class='ocrx_word' id='word_1_18' title='bbox 2496 471 2552 517; x_wconf 91' lang='lat' dir='ltr'><strong>et</strong></span> <span class='ocrx_word' id='word_1_19' title='bbox 2572 461 2972 535; x_wconf 87' lang='lat' dir='ltr'><strong>Scripturarum</strong></span> <span class='ocrx_word' id='word_1_20' title='bbox 3003 468 3293 538; x_wconf 87' lang='lat' dir='ltr'><strong>promissio</strong></span> <span class='ocrx_word' id='word_1_21' title='bbox 3320 487 3450 529; x_wconf 90' lang='lat' dir='ltr'><strong>eou-</strong></span> 
     </span>
    </p>
   </div>
   <div class='ocr_carea' id='block_1_5' title="bbox 184 551 1774 628">
    <p class='ocr_par' dir='ltr' id='par_1_5' title="bbox 184 551 1774 628">
     <span class='ocr_line' id='line_1_5' title="bbox 184 551 1774 628; baseline -0.013 -3"><span class='ocrx_word' id='word_1_22' title='bbox 184 579 378 625; x_wconf 87' lang='lat' dir='ltr'><strong>seutcs</strong></span> <span class='ocrx_word' id='word_1_23' title='bbox 423 580 706 628; x_wconf 67' lang='lat' dir='ltr'><strong>mrunmm,</strong></span> <span class='ocrx_word' id='word_1_24' title='bbox 757 561 1069 616; x_wconf 81' lang='lat' dir='ltr'><strong>ﬁrmissima</strong></span> <span class='ocrx_word' id='word_1_25' title='bbox 1120 557 1208 612; x_wconf 91' lang='lat' dir='ltr'><strong>illa</strong></span> <span class='ocrx_word' id='word_1_26' title='bbox 1264 554 1455 619; x_wconf 91' lang='lat' dir='ltr'><strong>statio,</strong></span> <span class='ocrx_word' id='word_1_27' title='bbox 1505 551 1648 622; x_wconf 91' lang='lat' dir='ltr'><strong>quod</strong></span> <span class='ocrx_word' id='word_1_28' title='bbox 1691 559 1774 605; x_wconf 92' lang='lat' dir='ltr'><strong>est</strong></span> 
     </span>
    </p>
   </div>
   <div class='ocr_carea' id='block_1_6' title="bbox 190 643 1771 728">
    <p class='ocr_par' dir='ltr' id='par_1_6' title="bbox 190 643 1771 728">
     <span class='ocr_line' id='line_1_6' title="bbox 190 643 1771 728; baseline -0.012 -13"><span class='ocrx_word' id='word_1_29' title='bbox 190 663 372 728; x_wconf 70' lang='lat' dir='ltr'><strong>Deus,</strong></span> <span class='ocrx_word' id='word_1_30' title='bbox 395 659 485 728; x_wconf 92' lang='lat' dir='ltr'><strong>qui</strong></span> <span class='ocrx_word' id='word_1_31' title='bbox 520 653 842 710; x_wconf 79' lang='lat' dir='ltr'><strong>universalis</strong></span> <span class='ocrx_word' id='word_1_32' title='bbox 875 650 1116 722; x_wconf 82' lang='lat' dir='ltr'><strong>quidem,</strong></span> <span class='ocrx_word' id='word_1_33' title='bbox 1141 647 1234 702; x_wconf 78' lang='lat' dir='ltr'><strong>sed</strong></span> <span class='ocrx_word' id='word_1_34' title='bbox 1268 644 1521 715; x_wconf 91' lang='lat' dir='ltr'><strong>specialis</strong></span> <span class='ocrx_word' id='word_1_35' title='bbox 1548 643 1647 698; x_wconf 85' lang='lat' dir='ltr'><strong>sibi</strong></span> <span class='ocrx_word' id='word_1_36' title='bbox 1680 656 1771 697; x_wconf 84' lang='lat' dir='ltr'><strong>ce-</strong></span> 
     </span>
    </p>
   </div>
   <div class='ocr_carea' id='block_1_7' title="bbox 188 734 1778 810">
    <p class='ocr_par' dir='ltr' id='par_1_7' title="bbox 188 734 1778 810">
     <span class='ocr_line' id='line_1_7' title="bbox 188 734 1778 810; baseline -0.013 -4"><span class='ocrx_word' id='word_1_37' title='bbox 188 750 516 806; x_wconf 66' lang='lat' dir='ltr'><strong>haerentium</strong></span> <span class='ocrx_word' id='word_1_38' title='bbox 567 747 715 802; x_wconf 87' lang='lat' dir='ltr'><strong>locus</strong></span> <span class='ocrx_word' id='word_1_39' title='bbox 743 754 848 807; x_wconf 87' lang='lat' dir='ltr'><strong>est,</strong></span> <span class='ocrx_word' id='word_1_40' title='bbox 879 751 932 797; x_wconf 92' lang='lat' dir='ltr'><strong>et</strong></span> <span class='ocrx_word' id='word_1_41' title='bbox 963 741 1065 795; x_wconf 83' lang='lat' dir='ltr'><strong>lide</strong></span> <span class='ocrx_word' id='word_1_42' title='bbox 1108 739 1284 810; x_wconf 89' lang='lat' dir='ltr'><strong>primo</strong></span> <span class='ocrx_word' id='word_1_43' title='bbox 1334 737 1566 799; x_wconf 90' lang='lat' dir='ltr'><strong>videtur,</strong></span> <span class='ocrx_word' id='word_1_44' title='bbox 1613 734 1664 789; x_wconf 92' lang='lat' dir='ltr'><strong>id</strong></span> <span class='ocrx_word' id='word_1_45' title='bbox 1696 741 1778 787; x_wconf 90' lang='lat' dir='ltr'><strong>est</strong></span> 
     </span>
    </p>
   </div>
   <div class='ocr_carea' id='block_1_8' title="bbox 185 823 1777 904">
    <p class='ocr_par' dir='ltr' id='par_1_8' title="bbox 185 823 1777 904">
     <span class='ocr_line' id='line_1_8' title="bbox 185 823 1777 904; baseline -0.013 -8"><span class='ocrx_word' id='word_1_46' title='bbox 185 842 456 904; x_wconf 83' lang='lat' dir='ltr'><strong>creditur,</strong></span> <span class='ocrx_word' id='word_1_47' title='bbox 491 839 687 894; x_wconf 90' lang='lat' dir='ltr'><strong>dehinc</strong></span> <span class='ocrx_word' id='word_1_48' title='bbox 717 831 1135 903; x_wconf 86' lang='lat' dir='ltr'><strong>contemplando</strong></span> <span class='ocrx_word' id='word_1_49' title='bbox 1166 828 1546 896; x_wconf 66' lang='lat' dir='ltr'><strong>cognoscitur;</strong></span> <span class='ocrx_word' id='word_1_50' title='bbox 1596 823 1777 895; x_wconf 84' lang='lat' dir='ltr'><strong>procul</strong></span> 
     </span>
    </p>
   </div>
   <div class='ocr_carea' id='block_1_9' title="bbox 192 915 1777 1000">
    <p class='ocr_par' dir='ltr' id='par_1_9' title="bbox 192 915 1777 1000">
     <span class='ocr_line' id='line_1_9' title="bbox 192 915 1777 1000; baseline -0.011 -14"><span class='ocrx_word' id='word_1_51' title='bbox 192 931 485 1000; x_wconf 76' lang='lat' dir='ltr'><strong>aspicitur,</strong></span> <span class='ocrx_word' id='word_1_52' title='bbox 509 929 633 999; x_wconf 84' lang='lat' dir='ltr'><strong>quia</strong></span> <span class='ocrx_word' id='word_1_53' title='bbox 659 928 818 998; x_wconf 87' lang='lat' dir='ltr'><strong>longe</strong></span> <span class='ocrx_word' id='word_1_54' title='bbox 845 936 949 988; x_wconf 89' lang='lat' dir='ltr'><strong>est,</strong></span> <span class='ocrx_word' id='word_1_55' title='bbox 980 923 1046 976; x_wconf 89' lang='lat' dir='ltr'><strong>ab</strong></span> <span class='ocrx_word' id='word_1_56' title='bbox 1076 937 1140 976; x_wconf 91' lang='lat' dir='ltr'><strong>eo</strong></span> <span class='ocrx_word' id='word_1_57' title='bbox 1165 918 1303 990; x_wconf 91' lang='lat' dir='ltr'><strong>quod</strong></span> <span class='ocrx_word' id='word_1_58' title='bbox 1329 919 1468 972; x_wconf 85' lang='lat' dir='ltr'><strong>Deus</strong></span> <span class='ocrx_word' id='word_1_59' title='bbox 1488 925 1590 983; x_wconf 90' lang='lat' dir='ltr'><strong>est,</strong></span> <span class='ocrx_word' id='word_1_60' title='bbox 1619 915 1777 987; x_wconf 84' lang='lat' dir='ltr'><strong>quid-</strong></span> 
     </span>
    </p>
   </div>
   <div class='ocr_carea' id='block_1_10' title="bbox 195 1006 1779 1092">
    <p class='ocr_par' dir='ltr' id='par_1_10' title="bbox 195 1006 1779 1092">
     <span class='ocr_line' id='line_1_10' title="bbox 195 1006 1779 1092; baseline -0.009 -19"><span class='ocrx_word' id='word_1_61' title='bbox 195 1021 330 1092; x_wconf 88' lang='lat' dir='ltr'><strong>quid</strong></span> <span class='ocrx_word' id='word_1_62' title='bbox 361 1021 426 1075; x_wconf 92' lang='lat' dir='ltr'><strong>de</strong></span> <span class='ocrx_word' id='word_1_63' title='bbox 449 1035 513 1074; x_wconf 91' lang='lat' dir='ltr'><strong>eo</strong></span> <span class='ocrx_word' id='word_1_64' title='bbox 538 1021 774 1073; x_wconf 89' lang='lat' dir='ltr'><strong>humana</strong></span> <span class='ocrx_word' id='word_1_65' title='bbox 807 1014 1136 1085; x_wconf 80' lang='lat' dir='ltr'><strong>cogitatione</strong></span> <span class='ocrx_word' id='word_1_66' title='bbox 1177 1011 1440 1073; x_wconf 84' lang='lat' dir='ltr'><strong>sentitur;</strong></span> <span class='ocrx_word' id='word_1_67' title='bbox 1471 1008 1624 1078; x_wconf 90' lang='lat' dir='ltr'><strong>pueri</strong></span> <span class='ocrx_word' id='word_1_68' title='bbox 1655 1006 1779 1077; x_wconf 91' lang='lat' dir='ltr'><strong>qui-</strong></span> 
     </span>
    </p>
   </div>
   <div class='ocr_carea' id='block_1_11' title="bbox 195 1100 1781 1182">
    <p class='ocr_par' dir='ltr' id='par_1_11' title="bbox 195 1100 1781 1182">
     <span class='ocr_line' id='line_1_11' title="bbox 195 1100 1781 1182; baseline -0.009 -14"><span class='ocrx_word' id='word_1_69' title='bbox 195 1113 301 1168; x_wconf 91' lang='lat' dir='ltr'><strong>bus</strong></span> <span class='ocrx_word' id='word_1_70' title='bbox 349 1112 590 1182; x_wconf 86' lang='lat' dir='ltr'><strong>loquitur</strong></span> <span class='ocrx_word' id='word_1_71' title='bbox 633 1109 933 1171; x_wconf 78' lang='lat' dir='ltr'><strong>Abraham,</strong></span> <span class='ocrx_word' id='word_1_72' title='bbox 981 1104 1301 1159; x_wconf 80' lang='lat' dir='ltr'><strong>sensualitas</strong></span> <span class='ocrx_word' id='word_1_73' title='bbox 1355 1115 1418 1155; x_wconf 87' lang='lat' dir='ltr'><strong>ac</strong></span> <span class='ocrx_word' id='word_1_74' title='bbox 1467 1100 1781 1170; x_wconf 83' lang='lat' dir='ltr'><strong>imaginatio</strong></span> 
     </span>
    </p>
   </div>
   <div class='ocr_carea' id='block_1_12' title="bbox 197 1194 1777 1274">
    <p class='ocr_par' dir='ltr' id='par_1_12' title="bbox 197 1194 1777 1274">
     <span class='ocr_line' id='line_1_12' title="bbox 197 1194 1777 1274; baseline -0.012 -11"><span class='ocrx_word' id='word_1_75' title='bbox 197 1219 391 1269; x_wconf 75' lang='lat' dir='ltr'><strong>nostra</strong></span> <span class='ocrx_word' id='word_1_76' title='bbox 422 1213 571 1270; x_wconf 88' lang='lat' dir='ltr'><strong>sunt,</strong></span> <span class='ocrx_word' id='word_1_77' title='bbox 605 1219 726 1274; x_wconf 66' lang='lat' dir='ltr'><strong>quae</strong></span> <span class='ocrx_word' id='word_1_78' title='bbox 755 1211 810 1257; x_wconf 92' lang='lat' dir='ltr'><strong>et</strong></span> <span class='ocrx_word' id='word_1_79' title='bbox 840 1200 1123 1272; x_wconf 86' lang='lat' dir='ltr'><strong>pueriliter</strong></span> <span class='ocrx_word' id='word_1_80' title='bbox 1150 1212 1207 1253; x_wconf 92' lang='lat' dir='ltr'><strong>se</strong></span> <span class='ocrx_word' id='word_1_81' title='bbox 1240 1204 1425 1268; x_wconf 88' lang='lat' dir='ltr'><strong>agunt,</strong></span> <span class='ocrx_word' id='word_1_82' title='bbox 1453 1204 1509 1248; x_wconf 88' lang='lat' dir='ltr'><strong>et</strong></span> <span class='ocrx_word' id='word_1_83' title='bbox 1541 1194 1777 1263; x_wconf 82' lang='lat' dir='ltr'><strong>sapiunt,</strong></span> 
     </span>
    </p>
   </div>
   <div class='ocr_carea' id='block_1_13' title="bbox 199 1283 1776 1368">
    <p class='ocr_par' dir='ltr' id='par_1_13' title="bbox 199 1283 1776 1368">
     <span class='ocr_line' id='line_1_13' title="bbox 199 1283 1776 1368; baseline -0.013 -14"><span class='ocrx_word' id='word_1_84' title='bbox 199 1309 258 1354; x_wconf 89' lang='lat' dir='ltr'><strong>et</strong></span> <span class='ocrx_word' id='word_1_85' title='bbox 287 1297 652 1368; x_wconf 84' lang='lat' dir='ltr'><strong>corporalium</strong></span> <span class='ocrx_word' id='word_1_86' title='bbox 671 1295 757 1349; x_wconf 64' lang='lat' dir='ltr'><strong>vix</strong></span> <span class='ocrx_word' id='word_1_87' title='bbox 776 1307 1012 1361; x_wconf 85' lang='lat' dir='ltr'><strong>unquam</strong></span> <span class='ocrx_word' id='word_1_88' title='bbox 1038 1286 1473 1343; x_wconf 86' lang='lat' dir='ltr'><strong>consideratione</strong></span> <span class='ocrx_word' id='word_1_89' title='bbox 1502 1283 1776 1346; x_wconf 88' lang='lat' dir='ltr'><strong>recedunt,</strong></span> 
     </span>
    </p>
   </div>
   <div class='ocr_carea' id='block_1_14' title="bbox 193 1376 1780 1452">
    <p class='ocr_par' dir='ltr' id='par_1_14' title="bbox 193 1376 1780 1452">
     <span class='ocr_line' id='line_1_14' title="bbox 193 1376 1780 1452; baseline -0.008 -9"><span class='ocrx_word' id='word_1_90' title='bbox 193 1390 346 1443; x_wconf 73' lang='lat' dir='ltr'><strong>urtde</strong></span> <span class='ocrx_word' id='word_1_91' title='bbox 369 1395 423 1443; x_wconf 92' lang='lat' dir='ltr'><strong>et</strong></span> <span class='ocrx_word' id='word_1_92' title='bbox 447 1403 562 1440; x_wconf 86' lang='lat' dir='ltr'><strong>cum</strong></span> <span class='ocrx_word' id='word_1_93' title='bbox 595 1386 742 1439; x_wconf 81' lang='lat' dir='ltr'><strong>asino</strong></span> <span class='ocrx_word' id='word_1_94' title='bbox 764 1390 1080 1452; x_wconf 76' lang='lat' dir='ltr'><strong>exspectare</strong></span> <span class='ocrx_word' id='word_1_95' title='bbox 1103 1381 1176 1433; x_wconf 88' lang='lat' dir='ltr'><strong>illi</strong></span> <span class='ocrx_word' id='word_1_96' title='bbox 1199 1378 1335 1448; x_wconf 57' lang='lat' dir='ltr'><strong>tussi</strong></span> <span class='ocrx_word' id='word_1_97' title='bbox 1361 1385 1520 1442; x_wconf 88' lang='lat' dir='ltr'><strong>sunt;</strong></span> <span class='ocrx_word' id='word_1_98' title='bbox 1555 1376 1608 1431; x_wconf 93' lang='lat' dir='ltr'><strong>hi</strong></span> <span class='ocrx_word' id='word_1_99' title='bbox 1637 1378 1780 1430; x_wconf 90' lang='lat' dir='ltr'><strong>enim</strong></span> 
     </span>
    </p>
   </div>
   <div class='ocr_carea' id='block_1_15' title="bbox 203 1471 1782 1550">
    <p class='ocr_par' dir='ltr' id='par_1_15' title="bbox 203 1471 1782 1550">
     <span class='ocr_line' id='line_1_15' title="bbox 203 1471 1782 1550; baseline -0.008 -15"><span class='ocrx_word' id='word_1_100' title='bbox 203 1494 316 1550; x_wconf 79' lang='lat' dir='ltr'><strong>prae</strong></span> <span class='ocrx_word' id='word_1_101' title='bbox 367 1479 535 1533; x_wconf 90' lang='lat' dir='ltr'><strong>nimio</strong></span> <span class='ocrx_word' id='word_1_102' title='bbox 595 1477 678 1533; x_wconf 91' lang='lat' dir='ltr'><strong>sui</strong></span> <span class='ocrx_word' id='word_1_103' title='bbox 726 1477 963 1546; x_wconf 90' lang='lat' dir='ltr'><strong>pondere</strong></span> <span class='ocrx_word' id='word_1_104' title='bbox 1014 1474 1080 1527; x_wconf 89' lang='lat' dir='ltr'><strong>ad</strong></span> <span class='ocrx_word' id='word_1_105' title='bbox 1121 1471 1456 1526; x_wconf 83' lang='lat' dir='ltr'><strong>alacritatem</strong></span> <span class='ocrx_word' id='word_1_106' title='bbox 1507 1485 1782 1540; x_wconf 87' lang='lat' dir='ltr'><strong>nunquam</strong></span> 
     </span>
    </p>
   </div>
   <div class='ocr_carea' id='block_1_16' title="bbox 199 1560 1782 1639">
    <p class='ocr_par' dir='ltr' id='par_1_16' title="bbox 199 1560 1782 1639">
     <span class='ocr_line' id='line_1_16' title="bbox 199 1560 1782 1639; baseline -0.006 -14"><span class='ocrx_word' id='word_1_107' title='bbox 199 1569 679 1639; x_wconf 76' lang='lat' dir='ltr'><strong>contemplationis</strong></span> <span class='ocrx_word' id='word_1_108' title='bbox 709 1567 991 1621; x_wconf 89' lang='lat' dir='ltr'><strong>accedunt.</strong></span> <span class='ocrx_word' id='word_1_109' title='bbox 1021 1563 1183 1618; x_wconf 81' lang='lat' dir='ltr'><strong>Ratio</strong></span> <span class='ocrx_word' id='word_1_110' title='bbox 1207 1578 1338 1618; x_wconf 78' lang='lat' dir='ltr'><strong>vero</strong></span> <span class='ocrx_word' id='word_1_111' title='bbox 1372 1560 1606 1616; x_wconf 88' lang='lat' dir='ltr'><strong>naturali</strong></span> <span class='ocrx_word' id='word_1_112' title='bbox 1647 1577 1782 1632; x_wconf 54' lang='lat' dir='ltr'><strong>qua:-</strong></span> 
     </span>
    </p>
   </div>
   <div class='ocr_carea' id='block_1_17' title="bbox 203 1655 1785 1732">
    <p class='ocr_par' dir='ltr' id='par_1_17' title="bbox 203 1655 1785 1732">
     <span class='ocr_line' id='line_1_17' title="bbox 203 1655 1785 1732; baseline -0.006 -14"><span class='ocrx_word' id='word_1_113' title='bbox 203 1663 330 1718; x_wconf 89' lang='lat' dir='ltr'><strong>dam</strong></span> <span class='ocrx_word' id='word_1_114' title='bbox 377 1677 551 1732; x_wconf 85' lang='lat' dir='ltr'><strong>penna</strong></span> <span class='ocrx_word' id='word_1_115' title='bbox 595 1659 907 1716; x_wconf 89' lang='lat' dir='ltr'><strong>sublimium</strong></span> <span class='ocrx_word' id='word_1_116' title='bbox 941 1667 1136 1728; x_wconf 88' lang='lat' dir='ltr'><strong>potens</strong></span> <span class='ocrx_word' id='word_1_117' title='bbox 1165 1671 1288 1710; x_wconf 90' lang='lat' dir='ltr'><strong>cum</strong></span> <span class='ocrx_word' id='word_1_118' title='bbox 1320 1670 1509 1726; x_wconf 88' lang='lat' dir='ltr'><strong>puero,</strong></span> <span class='ocrx_word' id='word_1_119' title='bbox 1563 1655 1675 1724; x_wconf 88' lang='lat' dir='ltr'><strong>spei</strong></span> <span class='ocrx_word' id='word_1_120' title='bbox 1704 1655 1785 1708; x_wconf 77' lang='lat' dir='ltr'><strong>vi-</strong></span> 
     </span>
    </p>
   </div>
   <div class='ocr_carea' id='block_1_18' title="bbox 197 1749 1779 1826">
    <p class='ocr_par' dir='ltr' id='par_1_18' title="bbox 197 1749 1779 1826">
     <span class='ocr_line' id='line_1_18' title="bbox 197 1749 1779 1826; baseline -0.009 -12"><span class='ocrx_word' id='word_1_121' title='bbox 197 1759 399 1814; x_wconf 88' lang='lat' dir='ltr'><strong>delicet</strong></span> <span class='ocrx_word' id='word_1_122' title='bbox 425 1765 626 1812; x_wconf 73' lang='lat' dir='ltr'><strong>sancta:</strong></span> <span class='ocrx_word' id='word_1_123' title='bbox 651 1755 764 1826; x_wconf 87' lang='lat' dir='ltr'><strong>jugi</strong></span> <span class='ocrx_word' id='word_1_124' title='bbox 809 1754 1148 1809; x_wconf 91' lang='lat' dir='ltr'><strong>incremento</strong></span> <span class='ocrx_word' id='word_1_125' title='bbox 1193 1751 1318 1806; x_wconf 93' lang='lat' dir='ltr'><strong>illuc</strong></span> <span class='ocrx_word' id='word_1_126' title='bbox 1349 1757 1626 1820; x_wconf 83' lang='lat' dir='ltr'><strong>properat,</strong></span> <span class='ocrx_word' id='word_1_127' title='bbox 1655 1749 1779 1802; x_wconf 91' lang='lat' dir='ltr'><strong>dmn</strong></span> 
     </span>
    </p>
   </div>
   <div class='ocr_carea' id='block_1_19' title="bbox 198 1817 1854 1920">
    <p class='ocr_par' dir='ltr' id='par_1_19' title="bbox 198 1817 1854 1920">
     <span class='ocr_line' id='line_1_19' title="bbox 198 1817 1854 1920; baseline -0.005 -14"><span class='ocrx_word' id='word_1_128' title='bbox 198 1853 341 1906; x_wconf 89' lang='lat' dir='ltr'><strong>bona</strong></span> <span class='ocrx_word' id='word_1_129' title='bbox 392 1817 808 1920; x_wconf 46' lang='lat' dir='ltr'><strong>ccelestia&#39;q‘ita:</strong></span> <span class='ocrx_word' id='word_1_130' title='bbox 853 1847 1108 1917; x_wconf 80' lang='lat' dir='ltr'><strong>intelligit</strong></span> <span class='ocrx_word' id='word_1_131' title='bbox 1157 1847 1425 1916; x_wconf 88' lang='lat' dir='ltr'><strong>sperando</strong></span> <span class='ocrx_word' id='word_1_132' title='bbox 1487 1845 1776 1899; x_wconf 82' lang='lat' dir='ltr'><strong>desiderat.</strong></span> <span class='ocrx_word' id='word_1_133' title='bbox 1815 1817 1854 1874; x_wconf 73' lang='grc' dir='ltr'><strong>Β</strong></span> 
     </span>
    </p>
   </div>
   <div class='ocr_carea' id='block_1_20' title="bbox 201 1938 1781 2014">
    <p class='ocr_par' dir='ltr' id='par_1_20' title="bbox 201 1938 1781 2014">
     <span class='ocr_line' id='line_1_20' title="bbox 201 1938 1781 2014; baseline -0.003 -17"><span class='ocrx_word' id='word_1_134' title='bbox 201 1943 340 1997; x_wconf 82' lang='lat' dir='ltr'><strong>Nam</strong></span> <span class='ocrx_word' id='word_1_135' title='bbox 373 1958 695 2014; x_wconf 85' lang='lat' dir='ltr'><strong>progressus</strong></span> <span class='ocrx_word' id='word_1_136' title='bbox 725 1942 888 1995; x_wconf 85' lang='lat' dir='ltr'><strong>animi</strong></span> <span class='ocrx_word' id='word_1_137' title='bbox 924 1941 1098 2010; x_wconf 88' lang='lat' dir='ltr'><strong>ipsum</strong></span> <span class='ocrx_word' id='word_1_138' title='bbox 1139 1948 1224 1995; x_wconf 88' lang='lat' dir='ltr'><strong>est</strong></span> <span class='ocrx_word' id='word_1_139' title='bbox 1261 1938 1624 2004; x_wconf 84' lang='lat' dir='ltr'><strong>desiderium,</strong></span> <span class='ocrx_word' id='word_1_140' title='bbox 1659 1953 1781 2008; x_wconf 87' lang='lat' dir='ltr'><strong>spes</strong></span> 
     </span>
    </p>
   </div>
   <div class='ocr_carea' id='block_1_21' title="bbox 195 2032 1784 2103">
    <p class='ocr_par' dir='ltr' id='par_1_21' title="bbox 195 2032 1784 2103">
     <span class='ocr_line' id='line_1_21' title="bbox 195 2032 1784 2103; baseline -0.004 -15"><span class='ocrx_word' id='word_1_141' title='bbox 195 2035 366 2088; x_wconf 87' lang='lat' dir='ltr'><strong>etiam</strong></span> <span class='ocrx_word' id='word_1_142' title='bbox 399 2035 511 2103; x_wconf 91' lang='lat' dir='ltr'><strong>ipsa</strong></span> <span class='ocrx_word' id='word_1_143' title='bbox 545 2033 768 2096; x_wconf 91' lang='lat' dir='ltr'><strong>dicitur,</strong></span> <span class='ocrx_word' id='word_1_144' title='bbox 795 2032 949 2100; x_wconf 90' lang='lat' dir='ltr'><strong>quasi</strong></span> <span class='ocrx_word' id='word_1_145' title='bbox 981 2041 1063 2084; x_wconf 84' lang='lat' dir='ltr'><strong>est</strong></span> <span class='ocrx_word' id='word_1_146' title='bbox 1104 2045 1219 2099; x_wconf 90' lang='lat' dir='ltr'><strong>pes,</strong></span> <span class='ocrx_word' id='word_1_147' title='bbox 1267 2045 1371 2098; x_wconf 90' lang='lat' dir='ltr'><strong>qua</strong></span> <span class='ocrx_word' id='word_1_148' title='bbox 1401 2044 1784 2098; x_wconf 79' lang='lat' dir='ltr'><strong>promoventur</strong></span> 
     </span>
    </p>
   </div>
   <div class='ocr_carea' id='block_1_22' title="bbox 201 2123 1786 2196">
    <p class='ocr_par' dir='ltr' id='par_1_22' title="bbox 201 2123 1786 2196">
     <span class='ocr_line' id='line_1_22' title="bbox 201 2123 1786 2196; baseline -0.004 -16"><span class='ocrx_word' id='word_1_149' title='bbox 201 2129 272 2180; x_wconf 89' lang='lat' dir='ltr'><strong>ad</strong></span> <span class='ocrx_word' id='word_1_150' title='bbox 303 2127 501 2191; x_wconf 87' lang='lat' dir='ltr'><strong>Deum;</strong></span> <span class='ocrx_word' id='word_1_151' title='bbox 535 2127 781 2196; x_wconf 81' lang='lat' dir='ltr'><strong>signatur</strong></span> <span class='ocrx_word' id='word_1_152' title='bbox 807 2139 938 2178; x_wconf 90' lang='lat' dir='ltr'><strong>sane</strong></span> <span class='ocrx_word' id='word_1_153' title='bbox 967 2131 1114 2178; x_wconf 91' lang='lat' dir='ltr'><strong>recte</strong></span> <span class='ocrx_word' id='word_1_154' title='bbox 1147 2137 1242 2192; x_wconf 83' lang='lat' dir='ltr'><strong>per</strong></span> <span class='ocrx_word' id='word_1_155' title='bbox 1272 2137 1521 2192; x_wconf 87' lang='lat' dir='ltr'><strong>puerum,</strong></span> <span class='ocrx_word' id='word_1_156' title='bbox 1555 2123 1680 2191; x_wconf 87' lang='lat' dir='ltr'><strong>quia</strong></span> <span class='ocrx_word' id='word_1_157' title='bbox 1713 2123 1786 2176; x_wconf 87' lang='lat' dir='ltr'><strong>si-</strong></span> 
     </span>
    </p>
   </div>
   <div class='ocr_carea' id='block_1_23' title="bbox 203 2215 1786 2285">
    <p class='ocr_par' dir='ltr' id='par_1_23' title="bbox 203 2215 1786 2285">
     <span class='ocr_line' id='line_1_23' title="bbox 203 2215 1786 2285; baseline -0.002 -15"><span class='ocrx_word' id='word_1_158' title='bbox 203 2225 300 2270; x_wconf 75' lang='lat' dir='ltr'><strong>cut</strong></span> <span class='ocrx_word' id='word_1_159' title='bbox 343 2230 569 2285; x_wconf 83' lang='lat' dir='ltr'><strong>puerum</strong></span> <span class='ocrx_word' id='word_1_160' title='bbox 630 2230 728 2284; x_wconf 84' lang='lat' dir='ltr'><strong>per</strong></span> <span class='ocrx_word' id='word_1_161' title='bbox 774 2215 1226 2268; x_wconf 88' lang='lat' dir='ltr'><strong>nutrimentorum</strong></span> <span class='ocrx_word' id='word_1_162' title='bbox 1266 2227 1457 2268; x_wconf 90' lang='lat' dir='ltr'><strong>curam</strong></span> <span class='ocrx_word' id='word_1_163' title='bbox 1501 2227 1786 2278; x_wconf 80' lang='lat' dir='ltr'><strong>speramus</strong></span> 
     </span>
    </p>
   </div>
   <div class='ocr_carea' id='block_1_24' title="bbox 197 2303 1784 2377">
    <p class='ocr_par' dir='ltr' id='par_1_24' title="bbox 197 2303 1784 2377">
     <span class='ocr_line' id='line_1_24' title="bbox 197 2303 1784 2377; baseline -0.001 -16"><span class='ocrx_word' id='word_1_164' title='bbox 197 2320 476 2375; x_wconf 86' lang='lat' dir='ltr'><strong>crescere,</strong></span> <span class='ocrx_word' id='word_1_165' title='bbox 517 2308 596 2361; x_wconf 91' lang='lat' dir='ltr'><strong>sic</strong></span> <span class='ocrx_word' id='word_1_166' title='bbox 643 2322 790 2376; x_wconf 92' lang='lat' dir='ltr'><strong>spem</strong></span> <span class='ocrx_word' id='word_1_167' title='bbox 837 2322 934 2377; x_wconf 91' lang='lat' dir='ltr'><strong>per</strong></span> <span class='ocrx_word' id='word_1_168' title='bbox 974 2307 1115 2360; x_wconf 89' lang='lat' dir='ltr'><strong>bona</strong></span> <span class='ocrx_word' id='word_1_169' title='bbox 1157 2320 1322 2374; x_wconf 81' lang='lat' dir='ltr'><strong>opera</strong></span> <span class='ocrx_word' id='word_1_170' title='bbox 1364 2320 1520 2359; x_wconf 89' lang='lat' dir='ltr'><strong>nemo</strong></span> <span class='ocrx_word' id='word_1_171' title='bbox 1563 2314 1646 2360; x_wconf 90' lang='lat' dir='ltr'><strong>est</strong></span> <span class='ocrx_word' id='word_1_172' title='bbox 1694 2303 1784 2373; x_wconf 76' lang='lat' dir='ltr'><strong>qui</strong></span> 
     </span>
    </p>
   </div>
   <div class='ocr_carea' id='block_1_25' title="bbox 208 2396 1774 2468">
    <p class='ocr_par' dir='ltr' id='par_1_25' title="bbox 208 2396 1774 2468">
     <span class='ocr_line' id='line_1_25' title="bbox 208 2396 1774 2468; baseline -0.004 -15"><span class='ocrx_word' id='word_1_173' title='bbox 208 2398 418 2453; x_wconf 90' lang='lat' dir='ltr'><strong>nesciat</strong></span> <span class='ocrx_word' id='word_1_174' title='bbox 449 2398 513 2452; x_wconf 89' lang='lat' dir='ltr'><strong>ad</strong></span> <span class='ocrx_word' id='word_1_175' title='bbox 559 2396 855 2468; x_wconf 79' lang='lat' dir='ltr'><strong>perlectam</strong></span> <span class='ocrx_word' id='word_1_176' title='bbox 887 2398 1183 2466; x_wconf 84' lang='lat' dir='ltr'><strong>procedere</strong></span> <span class='ocrx_word' id='word_1_177' title='bbox 1215 2397 1563 2451; x_wconf 85' lang='lat' dir='ltr'><strong>securitatem</strong></span> <span class='ocrx_word' id='word_1_178' title='bbox 1589 2397 1774 2467; x_wconf 63' lang='lat' dir='ltr'><strong>gloriae</strong></span> 
     </span>
    </p>
   </div>
   <div class='ocr_carea' id='block_1_26' title="bbox 205 2486 1785 2558">
    <p class='ocr_par' dir='ltr' id='par_1_26' title="bbox 205 2486 1785 2558">
     <span class='ocr_line' id='line_1_26' title="bbox 205 2486 1785 2558; baseline 0 -16"><span class='ocrx_word' id='word_1_179' title='bbox 205 2489 622 2558; x_wconf 57' lang='lat' dir='ltr'><strong>consequentia.</strong></span> <span class='ocrx_word' id='word_1_180' title='bbox 685 2486 967 2557; x_wconf 76' lang='lat' dir='ltr'><strong>Postquam</strong></span> <span class='ocrx_word' id='word_1_181' title='bbox 1016 2488 1408 2542; x_wconf 82' lang='lat' dir='ltr'><strong>adorarerimus</strong></span> <span class='ocrx_word' id='word_1_182' title='bbox 1462 2488 1785 2543; x_wconf 74' lang='lat' dir='ltr'><strong>revertimur</strong></span> 
     </span>
    </p>
   </div>
   <div class='ocr_carea' id='block_1_27' title="bbox 203 2577 1785 2648">
    <p class='ocr_par' dir='ltr' id='par_1_27' title="bbox 203 2577 1785 2648">
     <span class='ocr_line' id='line_1_27' title="bbox 203 2577 1785 2648; baseline 0.001 -16"><span class='ocrx_word' id='word_1_183' title='bbox 203 2580 277 2632; x_wconf 89' lang='lat' dir='ltr'><strong>ad</strong></span> <span class='ocrx_word' id='word_1_184' title='bbox 304 2596 414 2643; x_wconf 85' lang='lat' dir='ltr'><strong>vos,</strong></span> <span class='ocrx_word' id='word_1_185' title='bbox 460 2579 512 2634; x_wconf 93' lang='lat' dir='ltr'><strong>id</strong></span> <span class='ocrx_word' id='word_1_186' title='bbox 543 2587 629 2634; x_wconf 83' lang='lat' dir='ltr'><strong>est</strong></span> <span class='ocrx_word' id='word_1_187' title='bbox 657 2578 743 2633; x_wconf 90' lang='lat' dir='ltr'><strong>ttbi</strong></span> <span class='ocrx_word' id='word_1_188' title='bbox 775 2577 971 2633; x_wconf 70' lang='lat' dir='ltr'><strong>divinae</strong></span> <span class='ocrx_word' id='word_1_189' title='bbox 1005 2578 1350 2646; x_wconf 65' lang='lat' dir='ltr'><strong>cognitionis,</strong></span> <span class='ocrx_word' id='word_1_190' title='bbox 1395 2579 1671 2648; x_wconf 88' lang='lat' dir='ltr'><strong>quidpiam</strong></span> <span class='ocrx_word' id='word_1_191' title='bbox 1703 2589 1785 2633; x_wconf 77' lang='lat' dir='ltr'><strong>at-</strong></span> 
     </span>
    </p>
   </div>
   <div class='ocr_carea' id='block_1_28' title="bbox 203 2667 1783 2740">
    <p class='ocr_par' dir='ltr' id='par_1_28' title="bbox 203 2667 1783 2740">
     <span class='ocr_line' id='line_1_28' title="bbox 203 2667 1783 2740; baseline 0.003 -18"><span class='ocrx_word' id='word_1_192' title='bbox 203 2669 508 2740; x_wconf 85' lang='lat' dir='ltr'><strong>tingentes,</strong></span> <span class='ocrx_word' id='word_1_193' title='bbox 573 2667 636 2722; x_wconf 80' lang='lat' dir='ltr'><strong>ex</strong></span> <span class='ocrx_word' id='word_1_194' title='bbox 703 2684 911 2724; x_wconf 92' lang='lat' dir='ltr'><strong>summa</strong></span> <span class='ocrx_word' id='word_1_195' title='bbox 971 2669 1087 2739; x_wconf 91' lang='lat' dir='ltr'><strong>ejus</strong></span> <span class='ocrx_word' id='word_1_196' title='bbox 1139 2667 1783 2739; x_wconf 82' lang='lat' dir='ltr'><strong>incomprelteusibilitate</strong></span> 
     </span>
    </p>
   </div>
   <div class='ocr_carea' id='block_1_29' title="bbox 194 2761 1782 2832">
    <p class='ocr_par' dir='ltr' id='par_1_29' title="bbox 194 2761 1782 2832">
     <span class='ocr_line' id='line_1_29' title="bbox 194 2761 1782 2832; baseline 0.004 -20"><span class='ocrx_word' id='word_1_197' title='bbox 194 2762 464 2832; x_wconf 82' lang='lat' dir='ltr'><strong>quidquid</strong></span> <span class='ocrx_word' id='word_1_198' title='bbox 505 2777 694 2818; x_wconf 90' lang='lat' dir='ltr'><strong>sumus</strong></span> <span class='ocrx_word' id='word_1_199' title='bbox 731 2761 784 2816; x_wconf 89' lang='lat' dir='ltr'><strong>in</strong></span> <span class='ocrx_word' id='word_1_200' title='bbox 830 2761 984 2817; x_wconf 90' lang='lat' dir='ltr'><strong>nobis</strong></span> <span class='ocrx_word' id='word_1_201' title='bbox 1016 2761 1292 2816; x_wconf 87' lang='lat' dir='ltr'><strong>humiliter</strong></span> <span class='ocrx_word' id='word_1_202' title='bbox 1323 2764 1782 2830; x_wconf 82' lang='lat' dir='ltr'><strong>contraxerimus,</strong></span> 
     </span>
    </p>
   </div>
   <div class='ocr_carea' id='block_1_30' title="bbox 195 2848 1783 2922">
    <p class='ocr_par' dir='ltr' id='par_1_30' title="bbox 195 2848 1783 2922">
     <span class='ocr_line' id='line_1_30' title="bbox 195 2848 1783 2922; baseline 0.003 -20"><span class='ocrx_word' id='word_1_203' title='bbox 195 2850 271 2903; x_wconf 79' lang='lat' dir='ltr'><strong>ad</strong></span> <span class='ocrx_word' id='word_1_204' title='bbox 324 2848 557 2904; x_wconf 90' lang='lat' dir='ltr'><strong>humana</strong></span> <span class='ocrx_word' id='word_1_205' title='bbox 613 2866 826 2906; x_wconf 89' lang='lat' dir='ltr'><strong>rursum</strong></span> <span class='ocrx_word' id='word_1_206' title='bbox 887 2851 1145 2922; x_wconf 82' lang='lat' dir='ltr'><strong>sapienda</strong></span> <span class='ocrx_word' id='word_1_207' title='bbox 1199 2861 1252 2906; x_wconf 91' lang='lat' dir='ltr'><strong>et</strong></span> <span class='ocrx_word' id='word_1_208' title='bbox 1307 2853 1586 2906; x_wconf 88' lang='lat' dir='ltr'><strong>tractanda</strong></span> <span class='ocrx_word' id='word_1_209' title='bbox 1647 2855 1783 2908; x_wconf 62' lang='lat' dir='ltr'><strong>reti-i-</strong></span> 
     </span>
    </p>
   </div>
   <div class='ocr_carea' id='block_1_31' title="bbox 205 2942 400 2997">
    <p class='ocr_par' dir='ltr' id='par_1_31' title="bbox 205 2942 400 2997">
     <span class='ocr_line' id='line_1_31' title="bbox 205 2942 400 2997; baseline 0.021 -3"><span class='ocrx_word' id='word_1_210' title='bbox 205 2942 400 2997; x_wconf 90' lang='lat' dir='ltr'><strong>bimus.</strong></span> 
     </span>
    </p>
   </div>
   <div class='ocr_carea' id='block_1_32' title="bbox 279 3031 1785 3105">
    <p class='ocr_par' dir='ltr' id='par_1_32' title="bbox 279 3031 1785 3105">
     <span class='ocr_line' id='line_1_32' title="bbox 279 3031 1785 3105; baseline 0.003 -19"><span class='ocrx_word' id='word_1_211' title='bbox 279 3033 441 3087; x_wconf 80' lang='lat' dir='ltr'><strong>Vsus.</strong></span> <span class='ocrx_word' id='word_1_212' title='bbox 484 3031 538 3086; x_wconf 90' lang='lat'><strong>6.</strong></span> <span class='ocrx_word' id='word_1_213' title='bbox 571 3064 640 3074; x_wconf 93' lang='lat'><strong><em>—</em></strong></span> <span class='ocrx_word' id='word_1_214' title='bbox 669 3031 806 3087; x_wconf 88' lang='lat' dir='ltr'><strong>Tulit</strong></span> <span class='ocrx_word' id='word_1_215' title='bbox 837 3051 1040 3105; x_wconf 82' lang='lat' dir='ltr'><strong>quoque</strong></span> <span class='ocrx_word' id='word_1_216' title='bbox 1079 3035 1220 3104; x_wconf 87' lang='lat' dir='ltr'><strong>ligna</strong></span> <span class='ocrx_word' id='word_1_217' title='bbox 1253 3034 1566 3098; x_wconf 79' lang='lat' dir='ltr'><strong>holocausti,</strong></span> <span class='ocrx_word' id='word_1_218' title='bbox 1598 3046 1643 3089; x_wconf 87' lang='lat' dir='ltr'><strong>et</strong></span> <span class='ocrx_word' id='word_1_219' title='bbox 1685 3037 1785 3090; x_wconf 78' lang='lat' dir='ltr'><strong>int-</strong></span> 
     </span>
    </p>
   </div>
   <div class='ocr_carea' id='block_1_33' title="bbox 203 3124 1784 3195">
    <p class='ocr_par' dir='ltr' id='par_1_33' title="bbox 203 3124 1784 3195">
     <span class='ocr_line' id='line_1_33' title="bbox 203 3124 1784 3195; baseline 0.004 -23"><span class='ocrx_word' id='word_1_220' title='bbox 203 3126 376 3193; x_wconf 76' lang='lat' dir='ltr'><strong>posuit</strong></span> <span class='ocrx_word' id='word_1_221' title='bbox 404 3141 557 3194; x_wconf 89' lang='lat' dir='ltr'><strong>super</strong></span> <span class='ocrx_word' id='word_1_222' title='bbox 589 3124 741 3178; x_wconf 82' lang='lat' dir='ltr'><strong>Isaac</strong></span> <span class='ocrx_word' id='word_1_223' title='bbox 783 3125 954 3193; x_wconf 78' lang='lat' dir='ltr'><strong>ﬁlium</strong></span> <span class='ocrx_word' id='word_1_224' title='bbox 1004 3142 1190 3190; x_wconf 88' lang='lat' dir='ltr'><strong>suum;</strong></span> <span class='ocrx_word' id='word_1_225' title='bbox 1231 3126 1339 3194; x_wconf 84' lang='lat' dir='ltr'><strong>ipse</strong></span> <span class='ocrx_word' id='word_1_226' title='bbox 1377 3142 1494 3180; x_wconf 82' lang='lat' dir='ltr'><strong>vero</strong></span> <span class='ocrx_word' id='word_1_227' title='bbox 1543 3127 1784 3195; x_wconf 83' lang='lat' dir='ltr'><strong>portabat</strong></span> 
     </span>
    </p>
   </div>
   <div class='ocr_carea' id='block_1_34' title="bbox 206 3215 1784 3287">
    <p class='ocr_par' dir='ltr' id='par_1_34' title="bbox 206 3215 1784 3287">
     <span class='ocr_line' id='line_1_34' title="bbox 206 3215 1784 3287; baseline 0.001 -19"><span class='ocrx_word' id='word_1_228' title='bbox 206 3218 262 3269; x_wconf 87' lang='lat' dir='ltr'><strong>in</strong></span> <span class='ocrx_word' id='word_1_229' title='bbox 291 3219 532 3270; x_wconf 81' lang='lat' dir='ltr'><strong>manibus</strong></span> <span class='ocrx_word' id='word_1_230' title='bbox 562 3219 730 3286; x_wconf 84' lang='lat' dir='ltr'><strong>ignem</strong></span> <span class='ocrx_word' id='word_1_231' title='bbox 757 3229 804 3270; x_wconf 86' lang='lat' dir='ltr'><strong>et</strong></span> <span class='ocrx_word' id='word_1_232' title='bbox 834 3216 1070 3285; x_wconf 81' lang='lat' dir='ltr'><strong>gladium</strong></span> <span class='ocrx_word' id='word_1_233' title='bbox 1108 3230 1121 3270; x_wconf 90' lang='lat'><strong>:</strong></span> <span class='ocrx_word' id='word_1_234' title='bbox 1154 3216 1319 3287; x_wconf 84' lang='lat' dir='ltr'><strong>Ligna</strong></span> <span class='ocrx_word' id='word_1_235' title='bbox 1348 3215 1644 3270; x_wconf 84' lang='lat' dir='ltr'><strong>holocausli</strong></span> <span class='ocrx_word' id='word_1_236' title='bbox 1681 3217 1784 3270; x_wconf 91' lang='lat' dir='ltr'><strong>tol-</strong></span> 
     </span>
    </p>
   </div>
   <div class='ocr_carea' id='block_1_35' title="bbox 201 3306 1786 3374">
    <p class='ocr_par' dir='ltr' id='par_1_35' title="bbox 201 3306 1786 3374">
     <span class='ocr_line' id='line_1_35' title="bbox 201 3306 1786 3374; baseline 0.002 -16"><span class='ocrx_word' id='word_1_237' title='bbox 201 3306 392 3370; x_wconf 79' lang='lat' dir='ltr'><strong>limus,</strong></span> <span class='ocrx_word' id='word_1_238' title='bbox 424 3321 545 3360; x_wconf 92' lang='lat' dir='ltr'><strong>cum</strong></span> <span class='ocrx_word' id='word_1_239' title='bbox 593 3316 793 3360; x_wconf 78' lang='lat' dir='ltr'><strong>sancta:</strong></span> <span class='ocrx_word' id='word_1_240' title='bbox 825 3306 1122 3374; x_wconf 66' lang='lat' dir='ltr'><strong>Scripturte</strong></span> <span class='ocrx_word' id='word_1_241' title='bbox 1177 3307 1342 3370; x_wconf 88' lang='lat' dir='ltr'><strong>dicta,</strong></span> <span class='ocrx_word' id='word_1_242' title='bbox 1384 3308 1581 3374; x_wconf 90' lang='lat' dir='ltr'><strong>quibus</strong></span> <span class='ocrx_word' id='word_1_243' title='bbox 1633 3322 1698 3361; x_wconf 87' lang='lat' dir='ltr'><strong>ac</strong></span> <span class='ocrx_word' id='word_1_244' title='bbox 1742 3308 1786 3361; x_wconf 90' lang='lat' dir='ltr'><strong>si</strong></span> 
     </span>
    </p>
   </div>
   <div class='ocr_carea' id='block_1_36' title="bbox 207 3397 1772 3468">
    <p class='ocr_par' dir='ltr' id='par_1_36' title="bbox 207 3397 1772 3468">
     <span class='ocr_line' id='line_1_36' title="bbox 207 3397 1772 3468; baseline 0.003 -21"><span class='ocrx_word' id='word_1_245' title='bbox 207 3398 322 3449; x_wconf 64' lang='lat' dir='ltr'><strong>veri</strong></span> <span class='ocrx_word' id='word_1_246' title='bbox 342 3398 479 3467; x_wconf 85' lang='lat' dir='ltr'><strong>ignis</strong></span> <span class='ocrx_word' id='word_1_247' title='bbox 512 3397 750 3451; x_wconf 74' lang='lat' dir='ltr'><strong>fortiento</strong></span> <span class='ocrx_word' id='word_1_248' title='bbox 775 3398 1079 3451; x_wconf 80' lang='lat' dir='ltr'><strong>devotionis</strong></span> <span class='ocrx_word' id='word_1_249' title='bbox 1105 3408 1302 3451; x_wconf 63' lang='lat' dir='ltr'><strong>nostra}</strong></span> <span class='ocrx_word' id='word_1_250' title='bbox 1318 3397 1567 3452; x_wconf 82' lang='lat' dir='ltr'><strong>llatnmas</strong></span> <span class='ocrx_word' id='word_1_251' title='bbox 1588 3412 1772 3468; x_wconf 86' lang='lat' dir='ltr'><strong>augea-</strong></span> 
     </span>
    </p>
   </div>
   <div class='ocr_carea' id='block_1_37' title="bbox 211 3487 1790 3557">
    <p class='ocr_par' dir='ltr' id='par_1_37' title="bbox 211 3487 1790 3557">
     <span class='ocr_line' id='line_1_37' title="bbox 211 3487 1790 3557; baseline 0.003 -19"><span class='ocrx_word' id='word_1_252' title='bbox 211 3502 355 3547; x_wconf 87' lang='lat' dir='ltr'><strong>mus,</strong></span> <span class='ocrx_word' id='word_1_253' title='bbox 382 3497 657 3556; x_wconf 83' lang='lat' dir='ltr'><strong>gratanter</strong></span> <span class='ocrx_word' id='word_1_254' title='bbox 680 3488 790 3557; x_wconf 79' lang='lat'><strong>86</strong></span> <span class='ocrx_word' id='word_1_255' title='bbox 819 3487 1138 3557; x_wconf 71' lang='lat' dir='ltr'><strong>excipimus.</strong></span> <span class='ocrx_word' id='word_1_256' title='bbox 1185 3489 1331 3541; x_wconf 90' lang='lat' dir='ltr'><strong>Isaac</strong></span> <span class='ocrx_word' id='word_1_257' title='bbox 1370 3487 1479 3541; x_wconf 86' lang='lat' dir='ltr'><strong>lilio</strong></span> <span class='ocrx_word' id='word_1_258' title='bbox 1508 3497 1694 3543; x_wconf 91' lang='lat' dir='ltr'><strong>nostro</strong></span> <span class='ocrx_word' id='word_1_259' title='bbox 1729 3503 1790 3543; x_wconf 91' lang='lat' dir='ltr'><strong>ea</strong></span> 
     </span>
    </p>
   </div>
   <div class='ocr_carea' id='block_1_38' title="bbox 210 3578 1792 3650">
    <p class='ocr_par' dir='ltr' id='par_1_38' title="bbox 210 3578 1792 3650">
     <span class='ocr_line' id='line_1_38' title="bbox 210 3578 1792 3650; baseline 0.002 -20"><span class='ocrx_word' id='word_1_260' title='bbox 210 3578 558 3650; x_wconf 82' lang='lat' dir='ltr'><strong>imponimus,</strong></span> <span class='ocrx_word' id='word_1_261' title='bbox 590 3593 710 3633; x_wconf 90' lang='lat' dir='ltr'><strong>cum</strong></span> <span class='ocrx_word' id='word_1_262' title='bbox 748 3580 862 3650; x_wconf 89' lang='lat' dir='ltr'><strong>spei</strong></span> <span class='ocrx_word' id='word_1_263' title='bbox 901 3589 1098 3634; x_wconf 72' lang='lat' dir='ltr'><strong>nostra:</strong></span> <span class='ocrx_word' id='word_1_264' title='bbox 1125 3580 1190 3633; x_wconf 89' lang='lat' dir='ltr'><strong>ad</strong></span> <span class='ocrx_word' id='word_1_265' title='bbox 1224 3595 1457 3649; x_wconf 87' lang='lat' dir='ltr'><strong>superna</strong></span> <span class='ocrx_word' id='word_1_266' title='bbox 1483 3580 1678 3649; x_wconf 83' lang='lat' dir='ltr'><strong>gaudia</strong></span> <span class='ocrx_word' id='word_1_267' title='bbox 1711 3581 1792 3634; x_wconf 90' lang='lat' dir='ltr'><strong>in-</strong></span> 
     </span>
    </p>
   </div>
   <div class='ocr_carea' id='block_1_39' title="bbox 199 3669 1788 3740">
    <p class='ocr_par' dir='ltr' id='par_1_39' title="bbox 199 3669 1788 3740">
     <span class='ocr_line' id='line_1_39' title="bbox 199 3669 1788 3740; baseline -0.003 -14"><span class='ocrx_word' id='word_1_268' title='bbox 199 3669 492 3740; x_wconf 68' lang='lat' dir='ltr'><strong>Stigandm,</strong></span> <span class='ocrx_word' id='word_1_269' title='bbox 538 3669 604 3725; x_wconf 85' lang='lat' dir='ltr'><strong>de</strong></span> <span class='ocrx_word' id='word_1_270' title='bbox 639 3670 846 3725; x_wconf 68' lang='lat' dir='ltr'><strong>cmlesti</strong></span> <span class='ocrx_word' id='word_1_271' title='bbox 898 3670 1155 3736; x_wconf 82' lang='lat' dir='ltr'><strong>felicitate</strong></span> <span class='ocrx_word' id='word_1_272' title='bbox 1189 3669 1330 3724; x_wconf 85' lang='lat' dir='ltr'><strong>sacri</strong></span> <span class='ocrx_word' id='word_1_273' title='bbox 1381 3669 1580 3737; x_wconf 88' lang='lat' dir='ltr'><strong>eloquii</strong></span> <span class='ocrx_word' id='word_1_274' title='bbox 1626 3671 1788 3724; x_wconf 74' lang='lat' dir='ltr'><strong>verba</strong></span> 
     </span>
    </p>
   </div>
   <div class='ocr_carea' id='block_1_40' title="bbox 203 3758 1790 3830">
    <p class='ocr_par' dir='ltr' id='par_1_40' title="bbox 203 3758 1790 3830">
     <span class='ocr_line' id='line_1_40' title="bbox 203 3758 1790 3830; baseline -0.001 -18"><span class='ocrx_word' id='word_1_275' title='bbox 203 3760 361 3828; x_wconf 88' lang='lat' dir='ltr'><strong>quasi</strong></span> <span class='ocrx_word' id='word_1_276' title='bbox 390 3759 565 3813; x_wconf 90' lang='lat' dir='ltr'><strong>oleum</strong></span> <span class='ocrx_word' id='word_1_277' title='bbox 595 3758 826 3813; x_wconf 87' lang='lat' dir='ltr'><strong>llaunuis</strong></span> <span class='ocrx_word' id='word_1_278' title='bbox 865 3759 1187 3830; x_wconf 85' lang='lat' dir='ltr'><strong>ingerimus.</strong></span> <span class='ocrx_word' id='word_1_279' title='bbox 1229 3759 1502 3812; x_wconf 86' lang='lat' dir='ltr'><strong>Abraham</strong></span> <span class='ocrx_word' id='word_1_280' title='bbox 1533 3759 1588 3811; x_wconf 85' lang='lat' dir='ltr'><strong>in</strong></span> <span class='ocrx_word' id='word_1_281' title='bbox 1621 3759 1790 3812; x_wconf 87' lang='lat' dir='ltr'><strong>mani-</strong></span> 
     </span>
    </p>
   </div>
   <div class='ocr_carea' id='block_1_41' title="bbox 201 3851 1790 3922">
    <p class='ocr_par' dir='ltr' id='par_1_41' title="bbox 201 3851 1790 3922">
     <span class='ocr_line' id='line_1_41' title="bbox 201 3851 1790 3922; baseline -0.001 -16"><span class='ocrx_word' id='word_1_282' title='bbox 201 3854 301 3906; x_wconf 73' lang='lat' dir='ltr'><strong>bus</strong></span> <span class='ocrx_word' id='word_1_283' title='bbox 327 3853 502 3922; x_wconf 82' lang='lat' dir='ltr'><strong>ignem</strong></span> <span class='ocrx_word' id='word_1_284' title='bbox 530 3863 728 3922; x_wconf 86' lang='lat' dir='ltr'><strong>portat,</strong></span> <span class='ocrx_word' id='word_1_285' title='bbox 755 3867 876 3906; x_wconf 90' lang='lat' dir='ltr'><strong>cum</strong></span> <span class='ocrx_word' id='word_1_286' title='bbox 906 3855 1044 3906; x_wconf 87' lang='lat' dir='ltr'><strong>ratio</strong></span> <span class='ocrx_word' id='word_1_287' title='bbox 1069 3861 1253 3906; x_wconf 89' lang='lat' dir='ltr'><strong>nostra</strong></span> <span class='ocrx_word' id='word_1_288' title='bbox 1282 3851 1548 3905; x_wconf 81' lang='lat' dir='ltr'><strong>fervorem</strong></span> <span class='ocrx_word' id='word_1_289' title='bbox 1590 3851 1790 3904; x_wconf 90' lang='lat' dir='ltr'><strong>interni</strong></span> 
     </span>
    </p>
   </div>
   <div class='ocr_carea' id='block_1_42' title="bbox 201 3946 1791 4018">
    <p class='ocr_par' dir='ltr' id='par_1_42' title="bbox 201 3946 1791 4018">
     <span class='ocr_line' id='line_1_42' title="bbox 201 3946 1791 4018; baseline -0.004 -16"><span class='ocrx_word' id='word_1_290' title='bbox 201 3948 460 4003; x_wconf 84' lang='lat' dir='ltr'><strong>desiderii</strong></span> <span class='ocrx_word' id='word_1_291' title='bbox 495 3948 576 4002; x_wconf 83' lang='lat' dir='ltr'><strong>sui</strong></span> <span class='ocrx_word' id='word_1_292' title='bbox 607 3963 703 4018; x_wconf 83' lang='lat' dir='ltr'><strong>per</strong></span> <span class='ocrx_word' id='word_1_293' title='bbox 733 3946 1123 4001; x_wconf 77' lang='lat' dir='ltr'><strong>exhibitinuem</strong></span> <span class='ocrx_word' id='word_1_294' title='bbox 1157 3947 1369 4015; x_wconf 88' lang='lat' dir='ltr'><strong>piorum</strong></span> <span class='ocrx_word' id='word_1_295' title='bbox 1408 3959 1630 4014; x_wconf 90' lang='lat' dir='ltr'><strong>operum</strong></span> <span class='ocrx_word' id='word_1_296' title='bbox 1662 3958 1791 4013; x_wconf 91' lang='lat' dir='ltr'><strong>pru-</strong></span> 
     </span>
    </p>
   </div>
   <div class='ocr_carea' id='block_1_43' title="bbox 208 4035 1791 4104">
    <p class='ocr_par' dir='ltr' id='par_1_43' title="bbox 208 4035 1791 4104">
     <span class='ocr_line' id='line_1_43' title="bbox 208 4035 1791 4104; baseline -0.003 -11"><span class='ocrx_word' id='word_1_297' title='bbox 208 4040 403 4093; x_wconf 83' lang='lat' dir='ltr'><strong>denter</strong></span> <span class='ocrx_word' id='word_1_298' title='bbox 443 4047 700 4092; x_wconf 63' lang='lat' dir='ltr'><strong>ostentat.</strong></span> <span class='ocrx_word' id='word_1_299' title='bbox 746 4036 934 4091; x_wconf 83' lang='lat' dir='ltr'><strong>Portat</strong></span> <span class='ocrx_word' id='word_1_300' title='bbox 978 4035 1231 4104; x_wconf 82' lang='lat' dir='ltr'><strong>gladium,</strong></span> <span class='ocrx_word' id='word_1_301' title='bbox 1274 4035 1399 4089; x_wconf 88' lang='lat' dir='ltr'><strong>dum</strong></span> <span class='ocrx_word' id='word_1_302' title='bbox 1451 4035 1791 4090; x_wconf 83' lang='lat' dir='ltr'><strong>discretionis</strong></span> 
     </span>
    </p>
   </div>
   <div class='ocr_carea' id='block_1_44' title="bbox 209 4125 1786 4200">
    <p class='ocr_par' dir='ltr' id='par_1_44' title="bbox 209 4125 1786 4200">
     <span class='ocr_line' id='line_1_44' title="bbox 209 4125 1786 4200; baseline -0.003 -18"><span class='ocrx_word' id='word_1_303' title='bbox 209 4129 448 4200; x_wconf 80' lang='lat' dir='ltr'><strong>regulam</strong></span> <span class='ocrx_word' id='word_1_304' title='bbox 477 4144 582 4182; x_wconf 90' lang='lat' dir='ltr'><strong>non</strong></span> <span class='ocrx_word' id='word_1_305' title='bbox 609 4128 821 4181; x_wconf 84' lang='lat' dir='ltr'><strong>excedit</strong></span> <span class='ocrx_word' id='word_1_306' title='bbox 848 4126 960 4197; x_wconf 90' lang='lat' dir='ltr'><strong>ipsa</strong></span> <span class='ocrx_word' id='word_1_307' title='bbox 992 4125 1466 4180; x_wconf 88' lang='lat' dir='ltr'><strong>administratione</strong></span> <span class='ocrx_word' id='word_1_308' title='bbox 1495 4126 1786 4191; x_wconf 89' lang='lat' dir='ltr'><strong>virtutum;</strong></span> 
     </span>
    </p>
   </div>
   <div class='ocr_carea' id='block_1_45' title="bbox 205 4216 1793 4288">
    <p class='ocr_par' dir='ltr' id='par_1_45' title="bbox 205 4216 1793 4288">
     <span class='ocr_line' id='line_1_45' title="bbox 205 4216 1793 4288; baseline -0.003 -11"><span class='ocrx_word' id='word_1_309' title='bbox 205 4222 254 4277; x_wconf 85' lang='lat' dir='ltr'><strong>si</strong></span> <span class='ocrx_word' id='word_1_310' title='bbox 303 4221 448 4276; x_wconf 90' lang='lat' dir='ltr'><strong>enim</strong></span> <span class='ocrx_word' id='word_1_311' title='bbox 503 4229 649 4276; x_wconf 79' lang='lat' dir='ltr'><strong>recte</strong></span> <span class='ocrx_word' id='word_1_312' title='bbox 695 4219 910 4286; x_wconf 75' lang='lat' dir='ltr'><strong>oll‘eras,</strong></span> <span class='ocrx_word' id='word_1_313' title='bbox 952 4228 1008 4273; x_wconf 90' lang='lat' dir='ltr'><strong>et</strong></span> <span class='ocrx_word' id='word_1_314' title='bbox 1059 4227 1209 4272; x_wconf 90' lang='lat' dir='ltr'><strong>recte</strong></span> <span class='ocrx_word' id='word_1_315' title='bbox 1241 4232 1346 4271; x_wconf 92' lang='lat' dir='ltr'><strong>non</strong></span> <span class='ocrx_word' id='word_1_316' title='bbox 1389 4216 1624 4284; x_wconf 75' lang='lat' dir='ltr'><strong>dividas,</strong></span> <span class='ocrx_word' id='word_1_317' title='bbox 1668 4233 1793 4288; x_wconf 89' lang='lat' dir='ltr'><strong>pec-</strong></span> 
     </span>
    </p>
   </div>
   <div class='ocr_carea' id='block_1_46' title="bbox 205 4313 370 4367">
    <p class='ocr_par' dir='ltr' id='par_1_46' title="bbox 205 4313 370 4367">
     <span class='ocr_line' id='line_1_46' title="bbox 205 4313 370 4367; baseline -0.012 0"><span class='ocrx_word' id='word_1_318' title='bbox 205 4313 370 4367; x_wconf 84' lang='lat' dir='ltr'><strong>casti.</strong></span> 
     </span>
    </p>
   </div>
   <div class='ocr_carea' id='block_1_47' title="bbox 284 4400 1792 4472">
    <p class='ocr_par' dir='ltr' id='par_1_47' title="bbox 284 4400 1792 4472">
     <span class='ocr_line' id='line_1_47' title="bbox 284 4400 1792 4472; baseline -0.001 -15"><span class='ocrx_word' id='word_1_319' title='bbox 284 4403 446 4457; x_wconf 73' lang='lat' dir='ltr'><strong>Vens.</strong></span> <span class='ocrx_word' id='word_1_320' title='bbox 474 4403 532 4466; x_wconf 92' lang='lat'><strong>7,</strong></span> <span class='ocrx_word' id='word_1_321' title='bbox 561 4403 612 4457; x_wconf 91' lang='lat'><strong>8.</strong></span> <span class='ocrx_word' id='word_1_322' title='bbox 643 4433 712 4441; x_wconf 97' lang='lat'><strong>—</strong></span> <span class='ocrx_word' id='word_1_323' title='bbox 741 4400 972 4472; x_wconf 81' lang='lat' dir='ltr'><strong>Cumque</strong></span> <span class='ocrx_word' id='word_1_324' title='bbox 997 4402 1102 4456; x_wconf 86' lang='lat' dir='ltr'><strong>duo</strong></span> <span class='ocrx_word' id='word_1_325' title='bbox 1137 4410 1404 4472; x_wconf 81' lang='lat' dir='ltr'><strong>pergerent</strong></span> <span class='ocrx_word' id='word_1_326' title='bbox 1444 4400 1624 4467; x_wconf 82' lang='lat' dir='ltr'><strong>simul,</strong></span> <span class='ocrx_word' id='word_1_327' title='bbox 1657 4401 1792 4456; x_wconf 77' lang='lat' dir='ltr'><strong>dixit</strong></span> 
     </span>
    </p>
   </div>
   <div class='ocr_carea' id='block_1_48' title="bbox 213 4493 1864 4577">
    <p class='ocr_par' dir='ltr' id='par_1_48' title="bbox 213 4493 1864 4577">
     <span class='ocr_line' id='line_1_48' title="bbox 213 4493 1864 4577; baseline -0.002 -26"><span class='ocrx_word' id='word_1_328' title='bbox 213 4497 369 4551; x_wconf 75' lang='lat' dir='ltr'><strong>Isaac</strong></span> <span class='ocrx_word' id='word_1_329' title='bbox 398 4497 534 4563; x_wconf 87' lang='lat' dir='ltr'><strong>patri</strong></span> <span class='ocrx_word' id='word_1_330' title='bbox 563 4511 656 4549; x_wconf 86' lang='lat' dir='ltr'><strong>suo</strong></span> <span class='ocrx_word' id='word_1_331' title='bbox 688 4511 705 4549; x_wconf 91' lang='lat'><em>:</em></span> <span class='ocrx_word' id='word_1_332' title='bbox 754 4493 909 4548; x_wconf 85' lang='lat' dir='ltr'><strong>Pater</strong></span> <span class='ocrx_word' id='word_1_333' title='bbox 937 4495 1052 4547; x_wconf 83' lang='lat' dir='ltr'><strong>mi?</strong></span> <span class='ocrx_word' id='word_1_334' title='bbox 1087 4495 1151 4548; x_wconf 80' lang='lat' dir='ltr'><strong>At</strong></span> <span class='ocrx_word' id='word_1_335' title='bbox 1182 4493 1268 4549; x_wconf 88' lang='lat' dir='ltr'><strong>ille</strong></span> <span class='ocrx_word' id='word_1_336' title='bbox 1307 4495 1572 4564; x_wconf 81' lang='lat' dir='ltr'><strong>respondit</strong></span> <span class='ocrx_word' id='word_1_337' title='bbox 1599 4507 1618 4546; x_wconf 81' lang='lat'><strong>.°</strong></span> <span class='ocrx_word' id='word_1_338' title='bbox 1648 4493 1788 4560; x_wconf 84' lang='lat' dir='ltr'><strong>Quid</strong></span> <span class='ocrx_word' id='word_1_339' title='bbox 1820 4523 1864 4577; x_wconf 72' lang='grc' dir='ltr'>ι)</span> 
     </span>
    </p>
   </div>
   <div class='ocr_carea' id='block_1_49' title="bbox 215 4588 1787 4660">
    <p class='ocr_par' dir='ltr' id='par_1_49' title="bbox 215 4588 1787 4660">
     <span class='ocr_line' id='line_1_49' title="bbox 215 4588 1787 4660; baseline 0 -18"><span class='ocrx_word' id='word_1_340' title='bbox 215 4589 311 4654; x_wconf 72' lang='lat' dir='ltr'><strong>vis,</strong></span> <span class='ocrx_word' id='word_1_341' title='bbox 342 4589 415 4656; x_wconf 77' lang='lat' dir='ltr'><strong>[ili</strong></span> <span class='ocrx_word' id='word_1_342' title='bbox 449 4592 556 4643; x_wconf 80' lang='lat' dir='ltr'><strong>mi?</strong></span> <span class='ocrx_word' id='word_1_343' title='bbox 584 4590 734 4653; x_wconf 84' lang='lat' dir='ltr'><strong>Ecce,</strong></span> <span class='ocrx_word' id='word_1_344' title='bbox 768 4589 960 4660; x_wconf 84' lang='lat' dir='ltr'><strong>inquit,</strong></span> <span class='ocrx_word' id='word_1_345' title='bbox 991 4591 1147 4660; x_wconf 87' lang='lat' dir='ltr'><strong>ignis,</strong></span> <span class='ocrx_word' id='word_1_346' title='bbox 1175 4599 1221 4644; x_wconf 89' lang='lat' dir='ltr'><strong>et</strong></span> <span class='ocrx_word' id='word_1_347' title='bbox 1258 4589 1420 4658; x_wconf 86' lang='lat' dir='ltr'><strong>ligna,</strong></span> <span class='ocrx_word' id='word_1_348' title='bbox 1454 4588 1543 4641; x_wconf 85' lang='lat' dir='ltr'><strong>ubi</strong></span> <span class='ocrx_word' id='word_1_349' title='bbox 1589 4598 1662 4642; x_wconf 85' lang='lat' dir='ltr'><strong>est</strong></span> <span class='ocrx_word' id='word_1_350' title='bbox 1707 4589 1787 4642; x_wconf 85' lang='lat' dir='ltr'><strong>vi-</strong></span> 
     </span>
    </p>
   </div>
   <div class='ocr_carea' id='block_1_50' title="bbox 208 4681 1788 4750">
    <p class='ocr_par' dir='ltr' id='par_1_50' title="bbox 208 4681 1788 4750">
     <span class='ocr_line' id='line_1_50' title="bbox 208 4681 1788 4750; baseline 0.003 -18"><span class='ocrx_word' id='word_1_351' title='bbox 208 4682 372 4733; x_wconf 79' lang='lat' dir='ltr'><strong>ctima</strong></span> <span class='ocrx_word' id='word_1_352' title='bbox 407 4682 736 4737; x_wconf 75' lang='lat' dir='ltr'><strong>Itolocausti.’</strong></span> <span class='ocrx_word' id='word_1_353' title='bbox 768 4682 925 4748; x_wconf 86' lang='lat' dir='ltr'><strong>Deus,</strong></span> <span class='ocrx_word' id='word_1_354' title='bbox 963 4682 1057 4746; x_wconf 87' lang='lat' dir='ltr'><strong>ait,</strong></span> <span class='ocrx_word' id='word_1_355' title='bbox 1090 4682 1372 4750; x_wconf 84' lang='lat' dir='ltr'><strong>proridebit</strong></span> <span class='ocrx_word' id='word_1_356' title='bbox 1403 4683 1505 4736; x_wconf 85' lang='lat' dir='ltr'><strong>sibi</strong></span> <span class='ocrx_word' id='word_1_357' title='bbox 1530 4681 1788 4736; x_wconf 75' lang='lat' dir='ltr'><strong>rictimnm</strong></span> 
     </span>
    </p>
   </div>
   <div class='ocr_carea' id='block_1_51' title="bbox 209 4772 1790 4845">
    <p class='ocr_par' dir='ltr' id='par_1_51' title="bbox 209 4772 1790 4845">
     <span class='ocr_line' id='line_1_51' title="bbox 209 4772 1790 4845; baseline 0.002 -20"><span class='ocrx_word' id='word_1_358' title='bbox 209 4772 527 4841; x_wconf 78' lang='lat' dir='ltr'><strong>holocausti,</strong></span> <span class='ocrx_word' id='word_1_359' title='bbox 557 4775 634 4844; x_wconf 84' lang='lat' dir='ltr'><strong>ﬁli</strong></span> <span class='ocrx_word' id='word_1_360' title='bbox 664 4775 774 4830; x_wconf 86' lang='lat' dir='ltr'><strong>mi?</strong></span> <span class='ocrx_word' id='word_1_361' title='bbox 820 4775 937 4828; x_wconf 86' lang='lat' dir='ltr'><strong>Duo</strong></span> <span class='ocrx_word' id='word_1_362' title='bbox 980 4774 1138 4828; x_wconf 81' lang='lat' dir='ltr'><strong>simul</strong></span> <span class='ocrx_word' id='word_1_363' title='bbox 1182 4783 1432 4845; x_wconf 85' lang='lat' dir='ltr'><strong>pergunt,</strong></span> <span class='ocrx_word' id='word_1_364' title='bbox 1480 4791 1601 4830; x_wconf 90' lang='lat' dir='ltr'><strong>cum</strong></span> <span class='ocrx_word' id='word_1_365' title='bbox 1653 4775 1790 4830; x_wconf 80' lang='lat' dir='ltr'><strong>iudi-</strong></span> 
     </span>
    </p>
   </div>
   <div class='ocr_carea' id='block_1_52' title="bbox 211 4863 1784 4934">
    <p class='ocr_par' dir='ltr' id='par_1_52' title="bbox 211 4863 1784 4934">
     <span class='ocr_line' id='line_1_52' title="bbox 211 4863 1784 4934; baseline 0.001 -19"><span class='ocrx_word' id='word_1_366' title='bbox 211 4863 495 4919; x_wconf 83' lang='lat' dir='ltr'><strong>visibiliter</strong></span> <span class='ocrx_word' id='word_1_367' title='bbox 517 4875 569 4920; x_wconf 89' lang='lat' dir='ltr'><strong>et</strong></span> <span class='ocrx_word' id='word_1_368' title='bbox 598 4865 917 4919; x_wconf 89' lang='lat' dir='ltr'><strong>rationabile</strong></span> <span class='ocrx_word' id='word_1_369' title='bbox 952 4879 1251 4934; x_wconf 86' lang='lat' dir='ltr'><strong>speramus,</strong></span> <span class='ocrx_word' id='word_1_370' title='bbox 1300 4873 1353 4917; x_wconf 91' lang='lat' dir='ltr'><strong>et</strong></span> <span class='ocrx_word' id='word_1_371' title='bbox 1397 4865 1664 4934; x_wconf 88' lang='lat' dir='ltr'><strong>sperabile</strong></span> <span class='ocrx_word' id='word_1_372' title='bbox 1697 4881 1784 4917; x_wconf 86' lang='lat' dir='ltr'><strong>ra-</strong></span> 
     </span>
    </p>
   </div>
   <div class='ocr_carea' id='block_1_53' title="bbox 211 4957 1781 5028">
    <p class='ocr_par' dir='ltr' id='par_1_53' title="bbox 211 4957 1781 5028">
     <span class='ocr_line' id='line_1_53' title="bbox 211 4957 1781 5028; baseline -0.001 -17"><span class='ocrx_word' id='word_1_373' title='bbox 211 4957 564 5025; x_wconf 78' lang='lat' dir='ltr'><strong>tioeinamur;</strong></span> <span class='ocrx_word' id='word_1_374' title='bbox 595 4959 817 5027; x_wconf 72' lang='lat' dir='ltr'><strong>lucoque</strong></span> <span class='ocrx_word' id='word_1_375' title='bbox 857 4973 1019 5012; x_wconf 92' lang='lat' dir='ltr'><strong>unum</strong></span> <span class='ocrx_word' id='word_1_376' title='bbox 1052 4958 1357 5026; x_wconf 66' lang='lat' dir='ltr'><strong>expetentia</strong></span> <span class='ocrx_word' id='word_1_377' title='bbox 1390 4958 1527 5011; x_wconf 89' lang='lat' dir='ltr'><strong>idem</strong></span> <span class='ocrx_word' id='word_1_378' title='bbox 1567 4966 1781 5028; x_wconf 81' lang='lat' dir='ltr'><strong>gerunt.</strong></span> 
     </span>
    </p>
   </div>
   <div class='ocr_carea' id='block_1_54' title="bbox 213 5048 1784 5120">
    <p class='ocr_par' dir='ltr' id='par_1_54' title="bbox 213 5048 1784 5120">
     <span class='ocr_line' id='line_1_54' title="bbox 213 5048 1784 5120; baseline 0 -17"><span class='ocrx_word' id='word_1_379' title='bbox 213 5049 370 5106; x_wconf 67' lang='lat' dir='ltr'><strong>Pater</strong></span> <span class='ocrx_word' id='word_1_380' title='bbox 411 5059 592 5104; x_wconf 84' lang='lat' dir='ltr'><strong>autem</strong></span> <span class='ocrx_word' id='word_1_381' title='bbox 635 5049 745 5120; x_wconf 82' lang='lat' dir='ltr'><strong>Spei</strong></span> <span class='ocrx_word' id='word_1_382' title='bbox 787 5066 889 5103; x_wconf 90' lang='lat' dir='ltr'><strong>non</strong></span> <span class='ocrx_word' id='word_1_383' title='bbox 941 5050 1170 5103; x_wconf 87' lang='lat' dir='ltr'><strong>absurde</strong></span> <span class='ocrx_word' id='word_1_384' title='bbox 1218 5048 1524 5102; x_wconf 77' lang='lat' dir='ltr'><strong>intellectus</strong></span> <span class='ocrx_word' id='word_1_385' title='bbox 1567 5051 1784 5114; x_wconf 79' lang='lat' dir='ltr'><strong>dicitur,</strong></span> 
     </span>
    </p>
   </div>
   <div class='ocr_carea' id='block_1_55' title="bbox 209 5140 1789 5212">
    <p class='ocr_par' dir='ltr' id='par_1_55' title="bbox 209 5140 1789 5212">
     <span class='ocr_line' id='line_1_55' title="bbox 209 5140 1789 5212; baseline 0.001 -17"><span class='ocrx_word' id='word_1_386' title='bbox 209 5142 334 5211; x_wconf 91' lang='lat' dir='ltr'><strong>quia</strong></span> <span class='ocrx_word' id='word_1_387' title='bbox 363 5145 502 5198; x_wconf 90' lang='lat' dir='ltr'><strong>unde</strong></span> <span class='ocrx_word' id='word_1_388' title='bbox 524 5156 645 5212; x_wconf 89' lang='lat' dir='ltr'><strong>spes</strong></span> <span class='ocrx_word' id='word_1_389' title='bbox 669 5143 890 5212; x_wconf 83' lang='lat' dir='ltr'><strong>prodeat</strong></span> <span class='ocrx_word' id='word_1_390' title='bbox 913 5155 974 5195; x_wconf 71' lang='lat' dir='ltr'><strong>ex</strong></span> <span class='ocrx_word' id='word_1_391' title='bbox 1001 5140 1209 5194; x_wconf 83' lang='lat' dir='ltr'><strong>ratione</strong></span> <span class='ocrx_word' id='word_1_392' title='bbox 1233 5140 1522 5208; x_wconf 66' lang='lat' dir='ltr'><strong>colligitur,</strong></span> <span class='ocrx_word' id='word_1_393' title='bbox 1548 5152 1596 5195; x_wconf 92' lang='lat' dir='ltr'><strong>et</strong></span> <span class='ocrx_word' id='word_1_394' title='bbox 1624 5145 1789 5196; x_wconf 49' lang='lat' dir='ltr'><strong>ulc-re</strong></span> 
     </span>
    </p>
   </div>
   <div class='ocr_carea' id='block_1_56' title="bbox 211 5231 1783 5302">
    <p class='ocr_par' dir='ltr' id='par_1_56' title="bbox 211 5231 1783 5302">
     <span class='ocr_line' id='line_1_56' title="bbox 211 5231 1783 5302; baseline 0 -15"><span class='ocrx_word' id='word_1_395' title='bbox 211 5233 500 5288; x_wconf 87' lang='lat' dir='ltr'><strong>cbaritatis</strong></span> <span class='ocrx_word' id='word_1_396' title='bbox 526 5233 744 5287; x_wconf 89' lang='lat' dir='ltr'><strong>admoto</strong></span> <span class='ocrx_word' id='word_1_397' title='bbox 796 5233 864 5285; x_wconf 90' lang='lat' dir='ltr'><strong>ab</strong></span> <span class='ocrx_word' id='word_1_398' title='bbox 905 5231 1128 5300; x_wconf 82' lang='lat' dir='ltr'><strong>spiritus</strong></span> <span class='ocrx_word' id='word_1_399' title='bbox 1177 5240 1367 5285; x_wconf 88' lang='lat' dir='ltr'><strong>natura</strong></span> <span class='ocrx_word' id='word_1_400' title='bbox 1412 5234 1783 5302; x_wconf 74' lang='lat' dir='ltr'><strong>progreditur;</strong></span> 
     </span>
    </p>
   </div>
   <div class='ocr_carea' id='block_1_57' title="bbox 211 5320 1789 5392">
    <p class='ocr_par' dir='ltr' id='par_1_57' title="bbox 211 5320 1789 5392">
     <span class='ocr_line' id='line_1_57' title="bbox 211 5320 1789 5392; baseline -0.001 -15"><span class='ocrx_word' id='word_1_401' title='bbox 211 5337 336 5392; x_wconf 87' lang='lat' dir='ltr'><strong>spes</strong></span> <span class='ocrx_word' id='word_1_402' title='bbox 365 5323 698 5378; x_wconf 88' lang='lat' dir='ltr'><strong>intellectum</strong></span> <span class='ocrx_word' id='word_1_403' title='bbox 731 5321 1036 5392; x_wconf 86' lang='lat' dir='ltr'><strong>compellat,</strong></span> <span class='ocrx_word' id='word_1_404' title='bbox 1085 5321 1210 5374; x_wconf 90' lang='lat' dir='ltr'><strong>dum</strong></span> <span class='ocrx_word' id='word_1_405' title='bbox 1245 5320 1551 5375; x_wconf 84' lang='lat' dir='ltr'><strong>carnalibus</strong></span> <span class='ocrx_word' id='word_1_406' title='bbox 1581 5322 1789 5376; x_wconf 82' lang='lat' dir='ltr'><strong>deside-</strong></span> 
     </span>
    </p>
   </div>
   <div class='ocr_carea' id='block_1_58' title="bbox 210 5420 1784 5490">
    <p class='ocr_par' dir='ltr' id='par_1_58' title="bbox 210 5420 1784 5490">
     <span class='ocr_line' id='line_1_58' title="bbox 210 5420 1784 5490; baseline -0.001 -12"><span class='ocrx_word' id='word_1_407' title='bbox 210 5423 308 5478; x_wconf 83' lang='lat' dir='ltr'><strong>riis</strong></span> <span class='ocrx_word' id='word_1_408' title='bbox 336 5433 479 5478; x_wconf 90' lang='lat' dir='ltr'><strong>mota</strong></span> <span class='ocrx_word' id='word_1_409' title='bbox 519 5422 585 5476; x_wconf 86' lang='lat' dir='ltr'><strong>ad</strong></span> <span class='ocrx_word' id='word_1_410' title='bbox 629 5421 929 5478; x_wconf 77' lang='lat' dir='ltr'><strong>ccelestium</strong></span> <span class='ocrx_word' id='word_1_411' title='bbox 959 5421 1392 5490; x_wconf 85' lang='lat' dir='ltr'><strong>desperationem</strong></span> <span class='ocrx_word' id='word_1_412' title='bbox 1428 5420 1784 5488; x_wconf 87' lang='lat' dir='ltr'><strong>patrociniqu</strong></span> 
     </span>
    </p>
   </div>
   <div class='ocr_carea' id='block_1_59' title="bbox 209 5509 1784 5583">
    <p class='ocr_par' dir='ltr' id='par_1_59' title="bbox 209 5509 1784 5583">
     <span class='ocr_line' id='line_1_59' title="bbox 209 5509 1784 5583; baseline -0.001 -16"><span class='ocrx_word' id='word_1_413' title='bbox 209 5513 327 5583; x_wconf 85' lang='lat' dir='ltr'><strong>ejus</strong></span> <span class='ocrx_word' id='word_1_414' title='bbox 363 5513 465 5567; x_wconf 90' lang='lat' dir='ltr'><strong>sibi</strong></span> <span class='ocrx_word' id='word_1_415' title='bbox 497 5512 754 5578; x_wconf 83' lang='lat' dir='ltr'><strong>advocat;</strong></span> <span class='ocrx_word' id='word_1_416' title='bbox 788 5511 1092 5566; x_wconf 84' lang='lat' dir='ltr'><strong>intellectus</strong></span> <span class='ocrx_word' id='word_1_417' title='bbox 1123 5511 1292 5580; x_wconf 88' lang='lat' dir='ltr'><strong>ipsam</strong></span> <span class='ocrx_word' id='word_1_418' title='bbox 1324 5509 1489 5564; x_wconf 87' lang='lat' dir='ltr'><strong>ﬁlium</strong></span> <span class='ocrx_word' id='word_1_419' title='bbox 1523 5511 1784 5582; x_wconf 83' lang='lat' dir='ltr'><strong>nominat,</strong></span> 
     </span>
    </p>
   </div>
   <div class='ocr_carea' id='block_1_60' title="bbox 211 5603 1788 5676">
    <p class='ocr_par' dir='ltr' id='par_1_60' title="bbox 211 5603 1788 5676">
     <span class='ocr_line' id='line_1_60' title="bbox 211 5603 1788 5676; baseline 0 -16"><span class='ocrx_word' id='word_1_420' title='bbox 211 5605 338 5660; x_wconf 90' lang='lat' dir='ltr'><strong>dum</strong></span> <span class='ocrx_word' id='word_1_421' title='bbox 374 5605 475 5660; x_wconf 88' lang='lat' dir='ltr'><strong>sibi</strong></span> <span class='ocrx_word' id='word_1_422' title='bbox 507 5605 740 5676; x_wconf 90' lang='lat' dir='ltr'><strong>quadam</strong></span> <span class='ocrx_word' id='word_1_423' title='bbox 771 5603 1003 5658; x_wconf 90' lang='lat' dir='ltr'><strong>naturali</strong></span> <span class='ocrx_word' id='word_1_424' title='bbox 1049 5605 1247 5660; x_wconf 85' lang='lat' dir='ltr'><strong>unione</strong></span> <span class='ocrx_word' id='word_1_425' title='bbox 1289 5603 1564 5659; x_wconf 75' lang='lat' dir='ltr'><strong>coluerere</strong></span> <span class='ocrx_word' id='word_1_426' title='bbox 1591 5604 1788 5661; x_wconf 81' lang='lat' dir='ltr'><strong>debere</strong></span> 
     </span>
    </p>
   </div>
   <div class='ocr_carea' id='block_1_61' title="bbox 211 5693 1779 5756">
    <p class='ocr_par' dir='ltr' id='par_1_61' title="bbox 211 5693 1779 5756">
     <span class='ocr_line' id='line_1_61' title="bbox 211 5693 1779 5756; baseline -0.002 -6"><span class='ocrx_word' id='word_1_427' title='bbox 211 5697 557 5751; x_wconf 78' lang='lat' dir='ltr'><strong>rectitudinis</strong></span> <span class='ocrx_word' id='word_1_428' title='bbox 599 5704 796 5750; x_wconf 91' lang='lat' dir='ltr'><strong>statum</strong></span> <span class='ocrx_word' id='word_1_429' title='bbox 830 5693 1083 5749; x_wconf 62' lang='lat' dir='ltr'><strong>docendo‘</strong></span> <span class='ocrx_word' id='word_1_430' title='bbox 1099 5694 1452 5752; x_wconf 86' lang='lat' dir='ltr'><strong>determinat.</strong></span> <span class='ocrx_word' id='word_1_431' title='bbox 1499 5693 1658 5756; x_wconf 80' lang='lat' dir='ltr'><strong>Ecce,</strong></span> <span class='ocrx_word' id='word_1_432' title='bbox 1691 5695 1779 5748; x_wconf 88' lang='lat' dir='ltr'><strong>in-</strong></span> 
     </span>
    </p>
   </div>
   <div class='ocr_carea' id='block_1_62' title="bbox 210 5784 1785 5858">
    <p class='ocr_par' dir='ltr' id='par_1_62' title="bbox 210 5784 1785 5858">
     <span class='ocr_line' id='line_1_62' title="bbox 210 5784 1785 5858; baseline 0.002 -20"><span class='ocrx_word' id='word_1_433' title='bbox 210 5785 349 5856; x_wconf 83' lang='lat' dir='ltr'><strong>quit,</strong></span> <span class='ocrx_word' id='word_1_434' title='bbox 376 5788 534 5858; x_wconf 84' lang='lat' dir='ltr'><strong>igms,</strong></span> <span class='ocrx_word' id='word_1_435' title='bbox 563 5797 609 5840; x_wconf 89' lang='lat' dir='ltr'><strong>et</strong></span> <span class='ocrx_word' id='word_1_436' title='bbox 641 5785 806 5857; x_wconf 87' lang='lat' dir='ltr'><strong>ligna,</strong></span> <span class='ocrx_word' id='word_1_437' title='bbox 830 5801 895 5840; x_wconf 87' lang='lat' dir='ltr'><strong>ac</strong></span> <span class='ocrx_word' id='word_1_438' title='bbox 925 5786 969 5840; x_wconf 91' lang='lat' dir='ltr'><strong>si</strong></span> <span class='ocrx_word' id='word_1_439' title='bbox 1014 5786 1250 5844; x_wconf 88' lang='lat' dir='ltr'><strong>diceret:</strong></span> <span class='ocrx_word' id='word_1_440' title='bbox 1276 5785 1416 5841; x_wconf 87' lang='lat' dir='ltr'><strong>Ecce</strong></span> <span class='ocrx_word' id='word_1_441' title='bbox 1447 5785 1624 5840; x_wconf 74' lang='lat' dir='ltr'><strong>fervor</strong></span> <span class='ocrx_word' id='word_1_442' title='bbox 1649 5784 1785 5841; x_wconf 87' lang='lat' dir='ltr'><strong>bene</strong></span> 
     </span>
    </p>
   </div>
   <div class='ocr_carea' id='block_1_63' title="bbox 538 5881 1062 5946">
    <p class='ocr_par' dir='ltr' id='par_1_63' title="bbox 538 5881 1062 5946">
     <span class='ocr_line' id='line_1_63' title="bbox 538 5881 1062 5946; baseline -0.013 0"><span class='ocrx_word' id='word_1_443' title='bbox 538 5885 810 5946; x_wconf 74' lang='grc' dir='ltr'><strong>ΡΑτιιυι..</strong></span> <span class='ocrx_word' id='word_1_444' title='bbox 855 5881 1062 5943; x_wconf 74' lang='lat' dir='ltr'><strong>CLVI.</strong></span> 
     </span>
    </p>
   </div>
   <div class='ocr_carea' id='block_1_64' title="bbox 1876 550 3449 628">
    <p class='ocr_par' dir='ltr' id='par_1_64' title="bbox 1876 550 3449 628">
     <span class='ocr_line' id='line_1_64' title="bbox 1876 550 3449 628; baseline 0.012 -24"><span class='ocrx_word' id='word_1_445' title='bbox 1876 550 2164 604; x_wconf 67' lang='lat' dir='ltr'><strong>ﬂentibus</strong></span> <span class='ocrx_word' id='word_1_446' title='bbox 2210 551 2335 607; x_wconf 90' lang='lat' dir='ltr'><strong>hinc</strong></span> <span class='ocrx_word' id='word_1_447' title='bbox 2382 552 2507 608; x_wconf 89' lang='lat' dir='ltr'><strong>inde</strong></span> <span class='ocrx_word' id='word_1_448' title='bbox 2557 555 2882 612; x_wconf 89' lang='lat' dir='ltr'><strong>testimoniis</strong></span> <span class='ocrx_word' id='word_1_449' title='bbox 2930 557 2976 613; x_wconf 89' lang='lat' dir='ltr'><strong>si</strong></span> <span class='ocrx_word' id='word_1_450' title='bbox 3029 574 3449 628; x_wconf 78' lang='lat' dir='ltr'><strong>perseveravero</strong></span> 
     </span>
    </p>
   </div>
   <div class='ocr_carea' id='block_1_65' title="bbox 1874 641 3448 716">
    <p class='ocr_par' dir='ltr' id='par_1_65' title="bbox 1874 641 3448 716">
     <span class='ocr_line' id='line_1_65' title="bbox 1874 641 3448 716; baseline 0.013 -23"><span class='ocrx_word' id='word_1_451' title='bbox 1874 641 2096 710; x_wconf 81' lang='lat' dir='ltr'><strong>grandis</strong></span> <span class='ocrx_word' id='word_1_452' title='bbox 2135 641 2330 709; x_wconf 91' lang='lat' dir='ltr'><strong>elucet,</strong></span> <span class='ocrx_word' id='word_1_453' title='bbox 2389 653 2468 698; x_wconf 92' lang='lat' dir='ltr'><strong>tot</strong></span> <span class='ocrx_word' id='word_1_454' title='bbox 2517 647 2876 716; x_wconf 84' lang='lat' dir='ltr'><strong>corporalium</strong></span> <span class='ocrx_word' id='word_1_455' title='bbox 2929 649 3320 710; x_wconf 85' lang='lat' dir='ltr'><strong>desideriorum</strong></span> <span class='ocrx_word' id='word_1_456' title='bbox 3372 659 3448 713; x_wconf 84' lang='lat' dir='ltr'><strong>ir-</strong></span> 
     </span>
    </p>
   </div>
   <div class='ocr_carea' id='block_1_66' title="bbox 1879 732 3449 809">
    <p class='ocr_par' dir='ltr' id='par_1_66' title="bbox 1879 732 3449 809">
     <span class='ocr_line' id='line_1_66' title="bbox 1879 732 3449 809; baseline 0.014 -25"><span class='ocrx_word' id='word_1_457' title='bbox 1879 741 2068 786; x_wconf 88' lang='lat' dir='ltr'><strong>ruente</strong></span> <span class='ocrx_word' id='word_1_458' title='bbox 2107 732 2261 802; x_wconf 89' lang='lat' dir='ltr'><strong>gelu,</strong></span> <span class='ocrx_word' id='word_1_459' title='bbox 2319 733 2408 787; x_wconf 92' lang='lat' dir='ltr'><strong>ubi</strong></span> <span class='ocrx_word' id='word_1_460' title='bbox 2461 738 2685 805; x_wconf 89' lang='lat' dir='ltr'><strong>reperiri</strong></span> <span class='ocrx_word' id='word_1_461' title='bbox 2736 741 2940 809; x_wconf 87' lang='lat' dir='ltr'><strong>poterit</strong></span> <span class='ocrx_word' id='word_1_462' title='bbox 2997 745 3305 803; x_wconf 87' lang='lat' dir='ltr'><strong>omnimoda</strong></span> <span class='ocrx_word' id='word_1_463' title='bbox 3361 750 3449 806; x_wconf 88' lang='lat' dir='ltr'><strong>illa</strong></span> 
     </span>
    </p>
   </div>
   <div class='ocr_carea' id='block_1_67' title="bbox 1877 822 3449 907">
    <p class='ocr_par' dir='ltr' id='par_1_67' title="bbox 1877 822 3449 907">
     <span class='ocr_line' id='line_1_67' title="bbox 1877 822 3449 907; baseline 0.013 -31"><span class='ocrx_word' id='word_1_464' title='bbox 1877 822 2216 892; x_wconf 87' lang='lat' dir='ltr'><strong>consumptio</strong></span> <span class='ocrx_word' id='word_1_465' title='bbox 2253 824 2542 880; x_wconf 76' lang='lat' dir='ltr'><strong>mundialis</strong></span> <span class='ocrx_word' id='word_1_466' title='bbox 2573 827 2816 896; x_wconf 69' lang='lat' dir='ltr'><strong>allectus,</strong></span> <span class='ocrx_word' id='word_1_467' title='bbox 2846 834 2935 888; x_wconf 87' lang='lat' dir='ltr'><strong>ubi</strong></span> <span class='ocrx_word' id='word_1_468' title='bbox 2964 834 3111 890; x_wconf 89' lang='lat' dir='ltr'><strong>calor</strong></span> <span class='ocrx_word' id='word_1_469' title='bbox 3139 839 3228 907; x_wconf 87' lang='lat' dir='ltr'><strong>qui</strong></span> <span class='ocrx_word' id='word_1_470' title='bbox 3261 840 3449 896; x_wconf 87' lang='lat' dir='ltr'><strong>incen-</strong></span> 
     </span>
    </p>
   </div>
   <div class='ocr_carea' id='block_1_68' title="bbox 1879 913 3452 1000">
    <p class='ocr_par' dir='ltr' id='par_1_68' title="bbox 1879 913 3452 1000">
     <span class='ocr_line' id='line_1_68' title="bbox 1879 913 3452 1000; baseline 0.014 -33"><span class='ocrx_word' id='word_1_471' title='bbox 1879 913 1970 968; x_wconf 85' lang='lat' dir='ltr'><strong>dat</strong></span> <span class='ocrx_word' id='word_1_472' title='bbox 1995 913 2165 968; x_wconf 90' lang='lat' dir='ltr'><strong>sancti</strong></span> <span class='ocrx_word' id='word_1_473' title='bbox 2192 913 2446 983; x_wconf 90' lang='lat' dir='ltr'><strong>Spiritus.</strong></span> <span class='ocrx_word' id='word_1_474' title='bbox 2467 915 2692 973; x_wconf 88' lang='lat' dir='ltr'><strong>Victima</strong></span> <span class='ocrx_word' id='word_1_475' title='bbox 2725 937 2877 976; x_wconf 86' lang='lat' dir='ltr'><strong>mens</strong></span> <span class='ocrx_word' id='word_1_476' title='bbox 2906 925 3016 994; x_wconf 83' lang='lat' dir='ltr'><strong>ipsa</strong></span> <span class='ocrx_word' id='word_1_477' title='bbox 3041 938 3145 994; x_wconf 86' lang='lat' dir='ltr'><strong>est,</strong></span> <span class='ocrx_word' id='word_1_478' title='bbox 3173 946 3292 1000; x_wconf 73' lang='lat' dir='ltr'><strong>qua:</strong></span> <span class='ocrx_word' id='word_1_479' title='bbox 3324 941 3452 988; x_wconf 84' lang='lat' dir='ltr'><strong>tunc</strong></span> 
     </span>
    </p>
   </div>
   <div class='ocr_carea' id='block_1_69' title="bbox 1879 1005 3451 1094">
    <p class='ocr_par' dir='ltr' id='par_1_69' title="bbox 1879 1005 3451 1094">
     <span class='ocr_line' id='line_1_69' title="bbox 1879 1005 3451 1094; baseline 0.011 -32"><span class='ocrx_word' id='word_1_480' title='bbox 1879 1015 1961 1062; x_wconf 89' lang='lat' dir='ltr'><strong>est</strong></span> <span class='ocrx_word' id='word_1_481' title='bbox 2011 1005 2306 1062; x_wconf 87' lang='lat' dir='ltr'><strong>holocausti</strong></span> <span class='ocrx_word' id='word_1_482' title='bbox 2339 1049 2354 1074; x_wconf 94' lang='lat'><strong>,</strong></span> <span class='ocrx_word' id='word_1_483' title='bbox 2406 1024 2530 1064; x_wconf 90' lang='lat' dir='ltr'><strong>cum</strong></span> <span class='ocrx_word' id='word_1_484' title='bbox 2593 1012 2669 1066; x_wconf 91' lang='lat' dir='ltr'><strong>nil</strong></span> <span class='ocrx_word' id='word_1_485' title='bbox 2717 1011 3451 1094; x_wconf 41' lang='lat' dir='ltr'><strong>mlinquit&#39;inconsumptum</strong></span> 
     </span>
    </p>
   </div>
   <div class='ocr_carea' id='block_1_70' title="bbox 1881 1095 3455 1181">
    <p class='ocr_par' dir='ltr' id='par_1_70' title="bbox 1881 1095 3455 1181">
     <span class='ocr_line' id='line_1_70' title="bbox 1881 1095 3455 1181; baseline 0.016 -34"><span class='ocrx_word' id='word_1_486' title='bbox 1881 1095 2035 1162; x_wconf 84' lang='lat' dir='ltr'><strong>vitii;</strong></span> <span class='ocrx_word' id='word_1_487' title='bbox 2087 1097 2180 1152; x_wconf 91' lang='lat' dir='ltr'><strong>sed</strong></span> <span class='ocrx_word' id='word_1_488' title='bbox 2226 1112 2346 1152; x_wconf 88' lang='lat' dir='ltr'><strong>cmn</strong></span> <span class='ocrx_word' id='word_1_489' title='bbox 2388 1101 2528 1155; x_wconf 89' lang='lat' dir='ltr'><strong>ratio</strong></span> <span class='ocrx_word' id='word_1_490' title='bbox 2555 1101 2759 1158; x_wconf 84' lang='lat' dir='ltr'><strong>relevat</strong></span> <span class='ocrx_word' id='word_1_491' title='bbox 2789 1119 2964 1174; x_wconf 86' lang='lat' dir='ltr'><strong>spem,</strong></span> <span class='ocrx_word' id='word_1_492' title='bbox 2996 1119 3051 1164; x_wconf 93' lang='lat' dir='ltr'><strong>et</strong></span> <span class='ocrx_word' id='word_1_493' title='bbox 3091 1127 3214 1181; x_wconf 84' lang='lat' dir='ltr'><strong>spes</strong></span> <span class='ocrx_word' id='word_1_494' title='bbox 3262 1117 3455 1172; x_wconf 83' lang='lat' dir='ltr'><strong>crebro</strong></span> 
     </span>
    </p>
   </div>
   <div class='ocr_carea' id='block_1_71' title="bbox 1881 1184 3458 1262">
    <p class='ocr_par' dir='ltr' id='par_1_71' title="bbox 1881 1184 3458 1262">
     <span class='ocr_line' id='line_1_71' title="bbox 1881 1184 3458 1262; baseline 0.016 -25"><span class='ocrx_word' id='word_1_495' title='bbox 1881 1184 2132 1250; x_wconf 91' lang='lat' dir='ltr'><strong>consulit,</strong></span> <span class='ocrx_word' id='word_1_496' title='bbox 2162 1194 2218 1241; x_wconf 89' lang='lat' dir='ltr'><strong>et</strong></span> <span class='ocrx_word' id='word_1_497' title='bbox 2245 1187 2385 1242; x_wconf 87' lang='lat' dir='ltr'><strong>inter</strong></span> <span class='ocrx_word' id='word_1_498' title='bbox 2413 1190 2798 1247; x_wconf 88' lang='lat' dir='ltr'><strong>consulendum</strong></span> <span class='ocrx_word' id='word_1_499' title='bbox 2843 1197 3110 1254; x_wconf 89' lang='lat' dir='ltr'><strong>suscitare</strong></span> <span class='ocrx_word' id='word_1_500' title='bbox 3148 1202 3339 1260; x_wconf 80' lang='lat' dir='ltr'><strong>nititur</strong></span> <span class='ocrx_word' id='word_1_501' title='bbox 3369 1222 3458 1262; x_wconf 84' lang='lat' dir='ltr'><strong>ra-</strong></span> 
     </span>
    </p>
   </div>
   <div class='ocr_carea' id='block_1_72' title="bbox 1884 1277 3457 1354">
    <p class='ocr_par' dir='ltr' id='par_1_72' title="bbox 1884 1277 3457 1354">
     <span class='ocr_line' id='line_1_72' title="bbox 1884 1277 3457 1354; baseline 0.016 -25"><span class='ocrx_word' id='word_1_502' title='bbox 1884 1277 2114 1342; x_wconf 85' lang='lat' dir='ltr'><strong>tionem,</strong></span> <span class='ocrx_word' id='word_1_503' title='bbox 2171 1287 2402 1350; x_wconf 86' lang='lat' dir='ltr'><strong>utraque</strong></span> <span class='ocrx_word' id='word_1_504' title='bbox 2438 1296 2659 1338; x_wconf 89' lang='lat' dir='ltr'><strong>necesse</strong></span> <span class='ocrx_word' id='word_1_505' title='bbox 2698 1293 2782 1340; x_wconf 89' lang='lat' dir='ltr'><strong>est</strong></span> <span class='ocrx_word' id='word_1_506' title='bbox 2820 1285 3128 1344; x_wconf 84' lang='lat' dir='ltr'><strong>referantur</strong></span> <span class='ocrx_word' id='word_1_507' title='bbox 3167 1294 3234 1349; x_wconf 85' lang='lat' dir='ltr'><strong>ad</strong></span> <span class='ocrx_word' id='word_1_508' title='bbox 3287 1295 3457 1354; x_wconf 78' lang='lat' dir='ltr'><strong>Deum</strong></span> 
     </span>
    </p>
   </div>
   <div class='ocr_carea' id='block_1_73' title="bbox 1879 1367 3458 1452">
    <p class='ocr_par' dir='ltr' id='par_1_73' title="bbox 1879 1367 3458 1452">
     <span class='ocr_line' id='line_1_73' title="bbox 1879 1367 3458 1452; baseline 0.015 -33"><span class='ocrx_word' id='word_1_509' title='bbox 1879 1367 2222 1421; x_wconf 73' lang='lat' dir='ltr'><strong>victimarum</strong></span> <span class='ocrx_word' id='word_1_510' title='bbox 2258 1371 2613 1439; x_wconf 90' lang='lat' dir='ltr'><strong>provisorem.</strong></span> <span class='ocrx_word' id='word_1_511' title='bbox 2647 1374 2726 1430; x_wconf 80' lang='lat' dir='ltr'><strong>Ex</strong></span> <span class='ocrx_word' id='word_1_512' title='bbox 2760 1376 2929 1432; x_wconf 86' lang='lat' dir='ltr'><strong>libero</strong></span> <span class='ocrx_word' id='word_1_513' title='bbox 2966 1395 3200 1452; x_wconf 81' lang='lat' dir='ltr'><strong>namque</strong></span> <span class='ocrx_word' id='word_1_514' title='bbox 3231 1386 3458 1443; x_wconf 86' lang='lat' dir='ltr'><strong>arbitrio</strong></span> 
     </span>
    </p>
   </div>
   <div class='ocr_carea' id='block_1_74' title="bbox 1882 1461 3459 1541">
    <p class='ocr_par' dir='ltr' id='par_1_74' title="bbox 1882 1461 3459 1541">
     <span class='ocr_line' id='line_1_74' title="bbox 1882 1461 3459 1541; baseline 0.013 -30"><span class='ocrx_word' id='word_1_515' title='bbox 1882 1469 2068 1512; x_wconf 90' lang='lat' dir='ltr'><strong>nostro</strong></span> <span class='ocrx_word' id='word_1_516' title='bbox 2095 1469 2149 1513; x_wconf 91' lang='lat' dir='ltr'><strong>et</strong></span> <span class='ocrx_word' id='word_1_517' title='bbox 2178 1461 2502 1531; x_wconf 85' lang='lat' dir='ltr'><strong>plantamus,</strong></span> <span class='ocrx_word' id='word_1_518' title='bbox 2543 1473 2598 1520; x_wconf 88' lang='lat' dir='ltr'><strong>et</strong></span> <span class='ocrx_word' id='word_1_519' title='bbox 2627 1465 2868 1536; x_wconf 86' lang='lat' dir='ltr'><strong>plantata</strong></span> <span class='ocrx_word' id='word_1_520' title='bbox 2898 1471 3163 1541; x_wconf 90' lang='lat' dir='ltr'><strong>rigamus,</strong></span> <span class='ocrx_word' id='word_1_521' title='bbox 3193 1476 3288 1530; x_wconf 90' lang='lat' dir='ltr'><strong>sed</strong></span> <span class='ocrx_word' id='word_1_522' title='bbox 3325 1476 3459 1532; x_wconf 89' lang='lat' dir='ltr'><strong>nihil</strong></span> 
     </span>
    </p>
   </div>
   <div class='ocr_carea' id='block_1_75' title="bbox 1881 1552 3462 1631">
    <p class='ocr_par' dir='ltr' id='par_1_75' title="bbox 1881 1552 3462 1631">
     <span class='ocr_line' id='line_1_75' title="bbox 1881 1552 3462 1631; baseline 0.014 -28"><span class='ocrx_word' id='word_1_523' title='bbox 1881 1559 1966 1604; x_wconf 85' lang='lat' dir='ltr'><strong>est</strong></span> <span class='ocrx_word' id='word_1_524' title='bbox 1991 1552 2132 1620; x_wconf 89' lang='lat' dir='ltr'><strong>quod</strong></span> <span class='ocrx_word' id='word_1_525' title='bbox 2158 1553 2298 1607; x_wconf 89' lang='lat' dir='ltr'><strong>inter</strong></span> <span class='ocrx_word' id='word_1_526' title='bbox 2328 1569 2426 1610; x_wconf 92' lang='lat' dir='ltr'><strong>nos</strong></span> <span class='ocrx_word' id='word_1_527' title='bbox 2453 1555 2684 1625; x_wconf 86' lang='lat' dir='ltr'><strong>agimus,</strong></span> <span class='ocrx_word' id='word_1_528' title='bbox 2717 1559 2820 1614; x_wconf 92' lang='lat' dir='ltr'><strong>nisi</strong></span> <span class='ocrx_word' id='word_1_529' title='bbox 2854 1575 2919 1614; x_wconf 84' lang='lat' dir='ltr'><strong>ex</strong></span> <span class='ocrx_word' id='word_1_530' title='bbox 2950 1565 3120 1631; x_wconf 88' lang='lat' dir='ltr'><strong>gratia</strong></span> <span class='ocrx_word' id='word_1_531' title='bbox 3160 1564 3462 1624; x_wconf 86' lang='lat' dir='ltr'><strong>incremen-</strong></span> 
     </span>
    </p>
   </div>
   <div class='ocr_carea' id='block_1_76' title="bbox 1884 1642 2757 1722">
    <p class='ocr_par' dir='ltr' id='par_1_76' title="bbox 1884 1642 2757 1722">
     <span class='ocr_line' id='line_1_76' title="bbox 1884 1642 2757 1722; baseline 0.013 -29"><span class='ocrx_word' id='word_1_532' title='bbox 1884 1650 1995 1695; x_wconf 91' lang='lat' dir='ltr'><strong>tum</strong></span> <span class='ocrx_word' id='word_1_533' title='bbox 2029 1643 2117 1696; x_wconf 91' lang='lat' dir='ltr'><strong>det</strong></span> <span class='ocrx_word' id='word_1_534' title='bbox 2158 1642 2300 1699; x_wconf 89' lang='lat' dir='ltr'><strong>Deus</strong></span> <span class='ocrx_word' id='word_1_535' title='bbox 2328 1644 2382 1714; x_wconf 88' lang='lat' dir='ltr'><strong>(I</strong></span> <span class='ocrx_word' id='word_1_536' title='bbox 2409 1644 2533 1701; x_wconf 85' lang='lat' dir='ltr'><strong>Cor.</strong></span> <span class='ocrx_word' id='word_1_537' title='bbox 2566 1664 2648 1713; x_wconf 90' lang='grc' dir='ltr'>ιιι,</span> <span class='ocrx_word' id='word_1_538' title='bbox 2681 1649 2757 1722; x_wconf 88' lang='lat'><strong>6).</strong></span> 
     </span>
    </p>
   </div>
   <div class='ocr_carea' id='block_1_77' title="bbox 1956 1756 3466 1844">
    <p class='ocr_par' dir='ltr' id='par_1_77' title="bbox 1956 1756 3466 1844">
     <span class='ocr_line' id='line_1_77' title="bbox 1956 1756 3466 1844; baseline 0.013 -33"><span class='ocrx_word' id='word_1_539' title='bbox 1956 1756 2114 1811; x_wconf 81' lang='lat' dir='ltr'><strong>Vsus.</strong></span> <span class='ocrx_word' id='word_1_540' title='bbox 2146 1757 2196 1812; x_wconf 91' lang='lat'><strong>9.</strong></span> <span class='ocrx_word' id='word_1_541' title='bbox 2221 1787 2292 1798; x_wconf 93' lang='lat'>—</span> <span class='ocrx_word' id='word_1_542' title='bbox 2322 1758 2610 1830; x_wconf 77' lang='lat' dir='ltr'><strong>Pergebant</strong></span> <span class='ocrx_word' id='word_1_543' title='bbox 2639 1781 2758 1834; x_wconf 85' lang='lat' dir='ltr'><strong>ergo</strong></span> <span class='ocrx_word' id='word_1_544' title='bbox 2780 1767 2999 1836; x_wconf 77' lang='lat' dir='ltr'><strong>pariter,</strong></span> <span class='ocrx_word' id='word_1_545' title='bbox 3025 1784 3369 1844; x_wconf 82' lang='lat' dir='ltr'><strong>reneruntque</strong></span> <span class='ocrx_word' id='word_1_546' title='bbox 3394 1777 3466 1830; x_wconf 83' lang='lat' dir='ltr'><strong>ad</strong></span> 
     </span>
    </p>
   </div>
   <div class='ocr_carea' id='block_1_78' title="bbox 1883 1846 3466 1932">
    <p class='ocr_par' dir='ltr' id='par_1_78' title="bbox 1883 1846 3466 1932">
     <span class='ocr_line' id='line_1_78' title="bbox 1883 1846 3466 1932; baseline 0.014 -33"><span class='ocrx_word' id='word_1_547' title='bbox 1883 1846 2053 1900; x_wconf 87' lang='lat' dir='ltr'><strong>locum</strong></span> <span class='ocrx_word' id='word_1_548' title='bbox 2081 1863 2232 1918; x_wconf 86' lang='lat' dir='ltr'><strong>quem</strong></span> <span class='ocrx_word' id='word_1_549' title='bbox 2270 1852 2564 1905; x_wconf 84' lang='lat' dir='ltr'><strong>ostenderat</strong></span> <span class='ocrx_word' id='word_1_550' title='bbox 2587 1853 2635 1907; x_wconf 78' lang='grc' dir='ltr'><strong><em>εἰ</em></strong></span> <span class='ocrx_word' id='word_1_551' title='bbox 2660 1854 2818 1920; x_wconf 78' lang='lat' dir='ltr'><strong>Deus;</strong></span> <span class='ocrx_word' id='word_1_552' title='bbox 2849 1859 2903 1911; x_wconf 90' lang='lat' dir='ltr'><strong>in</strong></span> <span class='ocrx_word' id='word_1_553' title='bbox 2933 1876 3034 1929; x_wconf 81' lang='lat' dir='ltr'><strong>quo</strong></span> <span class='ocrx_word' id='word_1_554' title='bbox 3073 1864 3354 1932; x_wconf 67' lang='lat' dir='ltr'><strong>a’di/icavit</strong></span> <span class='ocrx_word' id='word_1_555' title='bbox 3386 1867 3466 1921; x_wconf 89' lang='lat' dir='ltr'><strong>al-</strong></span> 
     </span>
    </p>
   </div>
   <div class='ocr_carea' id='block_1_79' title="bbox 1883 1939 3463 2026">
    <p class='ocr_par' dir='ltr' id='par_1_79' title="bbox 1883 1939 3463 2026">
     <span class='ocr_line' id='line_1_79' title="bbox 1883 1939 3463 2026; baseline 0.014 -37"><span class='ocrx_word' id='word_1_556' title='bbox 1883 1947 2016 1996; x_wconf 86' lang='lat' dir='ltr'><strong>tare,</strong></span> <span class='ocrx_word' id='word_1_557' title='bbox 2053 1949 2101 1992; x_wconf 77' lang='lat' dir='ltr'><strong>et</strong></span> <span class='ocrx_word' id='word_1_558' title='bbox 2143 1939 2362 2009; x_wconf 81' lang='lat' dir='ltr'><strong>desuper</strong></span> <span class='ocrx_word' id='word_1_559' title='bbox 2399 1940 2542 2011; x_wconf 85' lang='lat' dir='ltr'><strong>ligna</strong></span> <span class='ocrx_word' id='word_1_560' title='bbox 2604 1949 2910 2014; x_wconf 85' lang='lat' dir='ltr'><strong>composuit.</strong></span> <span class='ocrx_word' id='word_1_561' title='bbox 2947 1947 3160 2005; x_wconf 83' lang='lat' dir='ltr'><strong>P..riler</strong></span> <span class='ocrx_word' id='word_1_562' title='bbox 3209 1968 3463 2026; x_wconf 88' lang='lat' dir='ltr'><strong>pergunt,</strong></span> 
     </span>
    </p>
   </div>
   <div class='ocr_carea' id='block_1_80' title="bbox 1883 2031 3462 2115">
    <p class='ocr_par' dir='ltr' id='par_1_80' title="bbox 1883 2031 3462 2115">
     <span class='ocr_line' id='line_1_80' title="bbox 1883 2031 3462 2115; baseline 0.012 -32"><span class='ocrx_word' id='word_1_563' title='bbox 1883 2044 2006 2084; x_wconf 90' lang='lat' dir='ltr'><strong>cum</strong></span> <span class='ocrx_word' id='word_1_564' title='bbox 2037 2031 2224 2086; x_wconf 88' lang='lat' dir='ltr'><strong>eadem</strong></span> <span class='ocrx_word' id='word_1_565' title='bbox 2254 2033 2552 2090; x_wconf 84' lang='lat' dir='ltr'><strong>intentione</strong></span> <span class='ocrx_word' id='word_1_566' title='bbox 2581 2037 2842 2101; x_wconf 61' lang='lat' dir='ltr'><strong>caelestia,</strong></span> <span class='ocrx_word' id='word_1_567' title='bbox 2873 2040 3150 2114; x_wconf 91' lang='lat' dir='ltr'><strong>Deumque</strong></span> <span class='ocrx_word' id='word_1_568' title='bbox 3195 2048 3462 2115; x_wconf 88' lang='lat' dir='ltr'><strong>ambiunt,</strong></span> 
     </span>
    </p>
   </div>
   <div class='ocr_carea' id='block_1_81' title="bbox 1884 2121 3466 2210">
    <p class='ocr_par' dir='ltr' id='par_1_81' title="bbox 1884 2121 3466 2210">
     <span class='ocr_line' id='line_1_81' title="bbox 1884 2121 3466 2210; baseline 0.013 -36"><span class='ocrx_word' id='word_1_569' title='bbox 1884 2121 2010 2174; x_wconf 92' lang='lat' dir='ltr'><strong>dum</strong></span> <span class='ocrx_word' id='word_1_570' title='bbox 2047 2136 2144 2176; x_wconf 92' lang='lat' dir='ltr'><strong>nec</strong></span> <span class='ocrx_word' id='word_1_571' title='bbox 2175 2123 2398 2190; x_wconf 86' lang='lat' dir='ltr'><strong>spiritus</strong></span> <span class='ocrx_word' id='word_1_572' title='bbox 2443 2127 2560 2180; x_wconf 90' lang='lat' dir='ltr'><strong>sine</strong></span> <span class='ocrx_word' id='word_1_573' title='bbox 2589 2128 2894 2184; x_wconf 76' lang='lat' dir='ltr'><strong>rationabili</strong></span> <span class='ocrx_word' id='word_1_574' title='bbox 2933 2148 3027 2201; x_wconf 85' lang='lat' dir='ltr'><strong>spe</strong></span> <span class='ocrx_word' id='word_1_575' title='bbox 3064 2145 3169 2199; x_wconf 74' lang='lat' dir='ltr'><strong>est,</strong></span> <span class='ocrx_word' id='word_1_576' title='bbox 3213 2153 3312 2194; x_wconf 91' lang='lat' dir='ltr'><strong>nec</strong></span> <span class='ocrx_word' id='word_1_577' title='bbox 3341 2154 3466 2210; x_wconf 89' lang='lat' dir='ltr'><strong>spes</strong></span> 
     </span>
    </p>
   </div>
   <div class='ocr_carea' id='block_1_82' title="bbox 1885 2211 3464 2297">
    <p class='ocr_par' dir='ltr' id='par_1_82' title="bbox 1885 2211 3464 2297">
     <span class='ocr_line' id='line_1_82' title="bbox 1885 2211 3464 2297; baseline 0.013 -31"><span class='ocrx_word' id='word_1_578' title='bbox 1885 2211 2004 2266; x_wconf 88' lang='lat' dir='ltr'><strong>sine</strong></span> <span class='ocrx_word' id='word_1_579' title='bbox 2049 2213 2316 2283; x_wconf 85' lang='lat' dir='ltr'><strong>spirituali</strong></span> <span class='ocrx_word' id='word_1_580' title='bbox 2370 2215 2695 2275; x_wconf 87' lang='lat' dir='ltr'><strong>rectitudine</strong></span> <span class='ocrx_word' id='word_1_581' title='bbox 2723 2229 2827 2275; x_wconf 92' lang='lat' dir='ltr'><strong>est.</strong></span> <span class='ocrx_word' id='word_1_582' title='bbox 2871 2222 2951 2275; x_wconf 81' lang='lat' dir='ltr'><strong>Ad</strong></span> <span class='ocrx_word' id='word_1_583' title='bbox 2996 2222 3165 2279; x_wconf 85' lang='lat' dir='ltr'><strong>locum</strong></span> <span class='ocrx_word' id='word_1_584' title='bbox 3196 2229 3464 2297; x_wconf 88' lang='lat' dir='ltr'><strong>venimus,</strong></span> 
     </span>
    </p>
   </div>
   <div class='ocr_carea' id='block_1_83' title="bbox 1885 2302 3466 2373">
    <p class='ocr_par' dir='ltr' id='par_1_83' title="bbox 1885 2302 3466 2373">
     <span class='ocr_line' id='line_1_83' title="bbox 1885 2302 3466 2373; baseline 0.014 -22"><span class='ocrx_word' id='word_1_585' title='bbox 1885 2315 2042 2369; x_wconf 89' lang='lat' dir='ltr'><strong>quem</strong></span> <span class='ocrx_word' id='word_1_586' title='bbox 2066 2302 2302 2357; x_wconf 81' lang='lat' dir='ltr'><strong>ostendit</strong></span> <span class='ocrx_word' id='word_1_587' title='bbox 2327 2302 2486 2370; x_wconf 89' lang='lat' dir='ltr'><strong>Deus,</strong></span> <span class='ocrx_word' id='word_1_588' title='bbox 2525 2320 2646 2360; x_wconf 93' lang='lat' dir='ltr'><strong>cum</strong></span> <span class='ocrx_word' id='word_1_589' title='bbox 2681 2307 2732 2362; x_wconf 92' lang='lat' dir='ltr'><strong>in</strong></span> <span class='ocrx_word' id='word_1_590' title='bbox 2766 2308 2858 2364; x_wconf 90' lang='lat' dir='ltr'><strong>Dei</strong></span> <span class='ocrx_word' id='word_1_591' title='bbox 2890 2312 3098 2368; x_wconf 89' lang='lat' dir='ltr'><strong>visione</strong></span> <span class='ocrx_word' id='word_1_592' title='bbox 3125 2315 3191 2368; x_wconf 87' lang='lat' dir='ltr'><strong>ad</strong></span> <span class='ocrx_word' id='word_1_593' title='bbox 3221 2332 3466 2373; x_wconf 86' lang='lat' dir='ltr'><strong>momen-</strong></span> 
     </span>
    </p>
   </div>
   <div class='ocr_carea' id='block_1_84' title="bbox 1887 2391 3466 2475">
    <p class='ocr_par' dir='ltr' id='par_1_84' title="bbox 1887 2391 3466 2475">
     <span class='ocr_line' id='line_1_84' title="bbox 1887 2391 3466 2475; baseline 0.013 -33"><span class='ocrx_word' id='word_1_594' title='bbox 1887 2397 2000 2443; x_wconf 88' lang='lat' dir='ltr'><strong>tum</strong></span> <span class='ocrx_word' id='word_1_595' title='bbox 2045 2393 2200 2460; x_wconf 90' lang='lat' dir='ltr'><strong>quasi</strong></span> <span class='ocrx_word' id='word_1_596' title='bbox 2235 2391 2355 2448; x_wconf 91' lang='lat' dir='ltr'><strong>loco</strong></span> <span class='ocrx_word' id='word_1_597' title='bbox 2401 2408 2428 2447; x_wconf 87' lang='lat' dir='ltr'><strong>a</strong></span> <span class='ocrx_word' id='word_1_598' title='bbox 2473 2403 2656 2450; x_wconf 91' lang='lat' dir='ltr'><strong>nostra</strong></span> <span class='ocrx_word' id='word_1_599' title='bbox 2701 2395 3051 2457; x_wconf 77' lang='lat' dir='ltr'><strong>ﬂuctuatione</strong></span> <span class='ocrx_word' id='word_1_600' title='bbox 3099 2404 3466 2475; x_wconf 88' lang='lat' dir='ltr'><strong>subsistimus,</strong></span> 
     </span>
    </p>
   </div>
   <div class='ocr_carea' id='block_1_85' title="bbox 1884 2479 3468 2558">
    <p class='ocr_par' dir='ltr' id='par_1_85' title="bbox 1884 2479 3468 2558">
     <span class='ocr_line' id='line_1_85' title="bbox 1884 2479 3468 2558; baseline 0.016 -30"><span class='ocrx_word' id='word_1_601' title='bbox 1884 2479 2026 2548; x_wconf 88' lang='lat' dir='ltr'><strong>quod</strong></span> <span class='ocrx_word' id='word_1_602' title='bbox 2064 2489 2244 2535; x_wconf 88' lang='lat' dir='ltr'><strong>tamen</strong></span> <span class='ocrx_word' id='word_1_603' title='bbox 2279 2498 2384 2536; x_wconf 88' lang='lat' dir='ltr'><strong>non</strong></span> <span class='ocrx_word' id='word_1_604' title='bbox 2423 2484 2527 2539; x_wconf 84' lang='lat' dir='ltr'><strong>nisi</strong></span> <span class='ocrx_word' id='word_1_605' title='bbox 2555 2485 2754 2555; x_wconf 67' lang='lat' dir='ltr'><strong>prurvia</strong></span> <span class='ocrx_word' id='word_1_606' title='bbox 2782 2488 2950 2558; x_wconf 89' lang='lat' dir='ltr'><strong>ipsius</strong></span> <span class='ocrx_word' id='word_1_607' title='bbox 2990 2491 3350 2553; x_wconf 88' lang='lat' dir='ltr'><strong>ill-ustratione</strong></span> <span class='ocrx_word' id='word_1_608' title='bbox 3385 2511 3468 2553; x_wconf 89' lang='lat' dir='ltr'><strong>at-</strong></span> 
     </span>
    </p>
   </div>
   <div class='ocr_carea' id='block_1_86' title="bbox 1886 2571 3466 2658">
    <p class='ocr_par' dir='ltr' id='par_1_86' title="bbox 1886 2571 3466 2658">
     <span class='ocr_line' id='line_1_86' title="bbox 1886 2571 3466 2658; baseline 0.011 -33"><span class='ocrx_word' id='word_1_609' title='bbox 1886 2571 2168 2641; x_wconf 90' lang='lat' dir='ltr'><strong>tingimus.</strong></span> <span class='ocrx_word' id='word_1_610' title='bbox 2207 2573 2274 2626; x_wconf 85' lang='lat' dir='ltr'><strong>In</strong></span> <span class='ocrx_word' id='word_1_611' title='bbox 2316 2592 2418 2645; x_wconf 88' lang='lat' dir='ltr'><strong>quo</strong></span> <span class='ocrx_word' id='word_1_612' title='bbox 2469 2577 2638 2632; x_wconf 89' lang='lat' dir='ltr'><strong>altare</strong></span> <span class='ocrx_word' id='word_1_613' title='bbox 2687 2578 3057 2648; x_wconf 68' lang='lat' dir='ltr'><strong>aedificamus,</strong></span> <span class='ocrx_word' id='word_1_614' title='bbox 3113 2599 3277 2656; x_wconf 85' lang='lat' dir='ltr'><strong>super</strong></span> <span class='ocrx_word' id='word_1_615' title='bbox 3324 2591 3466 2658; x_wconf 82' lang='lat' dir='ltr'><strong>quod</strong></span> 
     </span>
    </p>
   </div>
   <div class='ocr_carea' id='block_1_87' title="bbox 1883 2662 3465 2735">
    <p class='ocr_par' dir='ltr' id='par_1_87' title="bbox 1883 2662 3465 2735">
     <span class='ocr_line' id='line_1_87' title="bbox 1883 2662 3465 2735; baseline 0.013 -20"><span class='ocrx_word' id='word_1_616' title='bbox 1883 2662 2026 2731; x_wconf 82' lang='lat' dir='ltr'><strong>ligna</strong></span> <span class='ocrx_word' id='word_1_617' title='bbox 2077 2665 2481 2734; x_wconf 78' lang='lat' dir='ltr'><strong>componimus,</strong></span> <span class='ocrx_word' id='word_1_618' title='bbox 2535 2668 2662 2723; x_wconf 91' lang='lat' dir='ltr'><strong>dum</strong></span> <span class='ocrx_word' id='word_1_619' title='bbox 2711 2672 3062 2728; x_wconf 82' lang='lat' dir='ltr'><strong>conscientiae</strong></span> <span class='ocrx_word' id='word_1_620' title='bbox 3126 2676 3465 2735; x_wconf 77' lang='lat' dir='ltr'><strong>devotionem</strong></span> 
     </span>
    </p>
   </div>
   <div class='ocr_carea' id='block_1_88' title="bbox 1880 2759 3466 2842">
    <p class='ocr_par' dir='ltr' id='par_1_88' title="bbox 1880 2759 3466 2842">
     <span class='ocr_line' id='line_1_88' title="bbox 1880 2759 3466 2842; baseline 0.013 -35"><span class='ocrx_word' id='word_1_621' title='bbox 1880 2765 2205 2810; x_wconf 82' lang='lat' dir='ltr'><strong>caeterarum</strong></span> <span class='ocrx_word' id='word_1_622' title='bbox 2239 2768 2383 2812; x_wconf 72' lang='lat' dir='ltr'><strong>cmtu</strong></span> <span class='ocrx_word' id='word_1_623' title='bbox 2422 2759 2687 2816; x_wconf 90' lang='lat' dir='ltr'><strong>virtutum</strong></span> <span class='ocrx_word' id='word_1_624' title='bbox 2720 2764 3141 2825; x_wconf 89' lang='lat' dir='ltr'><strong>adminiculante</strong></span> <span class='ocrx_word' id='word_1_625' title='bbox 3181 2771 3466 2842; x_wconf 84' lang='lat' dir='ltr'><strong>erigimus,</strong></span> 
     </span>
    </p>
   </div>
   <div class='ocr_carea' id='block_1_89' title="bbox 1885 2845 3471 2928">
    <p class='ocr_par' dir='ltr' id='par_1_89' title="bbox 1885 2845 3471 2928">
     <span class='ocr_line' id='line_1_89' title="bbox 1885 2845 3471 2928; baseline 0.015 -32"><span class='ocrx_word' id='word_1_626' title='bbox 1885 2845 2135 2913; x_wconf 69' lang='lat' dir='ltr'><strong>sacrique</strong></span> <span class='ocrx_word' id='word_1_627' title='bbox 2173 2845 2378 2916; x_wconf 91' lang='lat' dir='ltr'><strong>eloquii</strong></span> <span class='ocrx_word' id='word_1_628' title='bbox 2419 2850 2794 2922; x_wconf 81' lang='lat' dir='ltr'><strong>undecumque</strong></span> <span class='ocrx_word' id='word_1_629' title='bbox 2841 2854 2983 2910; x_wconf 87' lang='lat' dir='ltr'><strong>dicta</strong></span> <span class='ocrx_word' id='word_1_630' title='bbox 3019 2859 3382 2928; x_wconf 87' lang='lat' dir='ltr'><strong>excerpimus,</strong></span> <span class='ocrx_word' id='word_1_631' title='bbox 3416 2875 3471 2918; x_wconf 90' lang='lat' dir='ltr'><strong>et</strong></span> 
     </span>
    </p>
   </div>
   <div class='ocr_carea' id='block_1_90' title="bbox 1883 2935 3472 3024">
    <p class='ocr_par' dir='ltr' id='par_1_90' title="bbox 1883 2935 3472 3024">
     <span class='ocr_line' id='line_1_90' title="bbox 1883 2935 3472 3024; baseline 0.012 -34"><span class='ocrx_word' id='word_1_632' title='bbox 1883 2935 2066 2990; x_wconf 82' lang='lat' dir='ltr'><strong>Cordis</strong></span> <span class='ocrx_word' id='word_1_633' title='bbox 2119 2936 2274 3022; x_wconf 82' lang='lat' dir='ltr'><strong>altari</strong></span> <span class='ocrx_word' id='word_1_634' title='bbox 2324 2941 2496 3011; x_wconf 87' lang='lat' dir='ltr'><strong>magis</strong></span> <span class='ocrx_word' id='word_1_635' title='bbox 2528 2943 2807 3014; x_wconf 78' lang='lat' dir='ltr'><strong>magisque</strong></span> <span class='ocrx_word' id='word_1_636' title='bbox 2857 2945 3191 3004; x_wconf 87' lang='lat' dir='ltr'><strong>incendendo</strong></span> <span class='ocrx_word' id='word_1_637' title='bbox 3227 2954 3472 3024; x_wconf 84' lang='lat' dir='ltr'><strong>congeri-</strong></span> 
     </span>
    </p>
   </div>
   <div class='ocr_carea' id='block_1_91' title="bbox 1889 3028 3470 3116">
    <p class='ocr_par' dir='ltr' id='par_1_91' title="bbox 1889 3028 3470 3116">
     <span class='ocr_line' id='line_1_91' title="bbox 1889 3028 3470 3116; baseline 0.014 -36"><span class='ocrx_word' id='word_1_638' title='bbox 1889 3044 2030 3082; x_wconf 89' lang='lat' dir='ltr'><strong>mus.</strong></span> <span class='ocrx_word' id='word_1_639' title='bbox 2065 3028 2299 3102; x_wconf 86' lang='lat' dir='ltr'><strong>Cumque</strong></span> <span class='ocrx_word' id='word_1_640' title='bbox 2331 3033 2624 3105; x_wconf 81' lang='lat' dir='ltr'><strong>colligasset</strong></span> <span class='ocrx_word' id='word_1_641' title='bbox 2665 3035 2823 3092; x_wconf 87' lang='lat' dir='ltr'><strong>Isaac</strong></span> <span class='ocrx_word' id='word_1_642' title='bbox 2872 3039 3042 3107; x_wconf 84' lang='lat' dir='ltr'><strong>ﬁlium</strong></span> <span class='ocrx_word' id='word_1_643' title='bbox 3091 3059 3266 3110; x_wconf 89' lang='lat' dir='ltr'><strong>suum,</strong></span> <span class='ocrx_word' id='word_1_644' title='bbox 3297 3048 3470 3116; x_wconf 83' lang='lat' dir='ltr'><strong>posuit</strong></span> 
     </span>
    </p>
   </div>
   <div class='ocr_carea' id='block_1_92' title="bbox 1889 3123 3472 3206">
    <p class='ocr_par' dir='ltr' id='par_1_92' title="bbox 1889 3123 3472 3206">
     <span class='ocr_line' id='line_1_92' title="bbox 1889 3123 3472 3206; baseline 0.013 -36"><span class='ocrx_word' id='word_1_645' title='bbox 1889 3133 2007 3170; x_wconf 88' lang='lat' dir='ltr'><strong>eum</strong></span> <span class='ocrx_word' id='word_1_646' title='bbox 2035 3135 2190 3186; x_wconf 84' lang='lat' dir='ltr'><strong>super</strong></span> <span class='ocrx_word' id='word_1_647' title='bbox 2220 3132 2414 3176; x_wconf 84' lang='lat' dir='ltr'><strong>struem</strong></span> <span class='ocrx_word' id='word_1_648' title='bbox 2447 3123 2728 3194; x_wconf 86' lang='lat' dir='ltr'><strong>lignorum.</strong></span> <span class='ocrx_word' id='word_1_649' title='bbox 2763 3128 2947 3197; x_wconf 76' lang='lat' dir='ltr'><strong>(Vens.</strong></span> <span class='ocrx_word' id='word_1_650' title='bbox 2980 3130 3091 3201; x_wconf 76' lang='grc'><strong>10.)</strong></span> <span class='ocrx_word' id='word_1_651' title='bbox 3125 3131 3472 3206; x_wconf 77' lang='lat' dir='ltr'><strong>Extenditque</strong></span> 
     </span>
    </p>
   </div>
   <div class='ocr_carea' id='block_1_93' title="bbox 1891 3215 3468 3294">
    <p class='ocr_par' dir='ltr' id='par_1_93' title="bbox 1891 3215 3468 3294">
     <span class='ocr_line' id='line_1_93' title="bbox 1891 3215 3468 3294; baseline 0.013 -33"><span class='ocrx_word' id='word_1_652' title='bbox 1891 3226 2133 3276; x_wconf 66' lang='lat' dir='ltr'><strong>nuntium,</strong></span> <span class='ocrx_word' id='word_1_653' title='bbox 2187 3222 2234 3266; x_wconf 86' lang='lat' dir='ltr'><strong>et</strong></span> <span class='ocrx_word' id='word_1_654' title='bbox 2281 3215 2503 3285; x_wconf 78' lang='lat' dir='ltr'><strong>arripuit</strong></span> <span class='ocrx_word' id='word_1_655' title='bbox 2552 3217 2808 3286; x_wconf 82' lang='lat' dir='ltr'><strong>gladium,</strong></span> <span class='ocrx_word' id='word_1_656' title='bbox 2858 3231 2911 3272; x_wconf 90' lang='lat' dir='ltr'><strong>ut</strong></span> <span class='ocrx_word' id='word_1_657' title='bbox 2962 3223 3252 3278; x_wconf 78' lang='lat' dir='ltr'><strong>immolaret</strong></span> <span class='ocrx_word' id='word_1_658' title='bbox 3301 3227 3468 3294; x_wconf 81' lang='lat' dir='ltr'><strong>[ilium</strong></span> 
     </span>
    </p>
   </div>
   <div class='ocr_carea' id='block_1_94' title="bbox 1887 3302 3472 3379">
    <p class='ocr_par' dir='ltr' id='par_1_94' title="bbox 1887 3302 3472 3379">
     <span class='ocr_line' id='line_1_94' title="bbox 1887 3302 3472 3379; baseline 0.011 -26"><span class='ocrx_word' id='word_1_659' title='bbox 1887 3317 2063 3354; x_wconf 88' lang='lat' dir='ltr'><strong>suum.</strong></span> <span class='ocrx_word' id='word_1_660' title='bbox 2115 3302 2270 3357; x_wconf 86' lang='lat' dir='ltr'><strong>Isaac</strong></span> <span class='ocrx_word' id='word_1_661' title='bbox 2320 3306 2660 3376; x_wconf 87' lang='lat' dir='ltr'><strong>colligamus,</strong></span> <span class='ocrx_word' id='word_1_662' title='bbox 2692 3325 2812 3362; x_wconf 92' lang='lat' dir='ltr'><strong>cum</strong></span> <span class='ocrx_word' id='word_1_663' title='bbox 2854 3325 3002 3379; x_wconf 85' lang='lat' dir='ltr'><strong>spem</strong></span> <span class='ocrx_word' id='word_1_664' title='bbox 3057 3314 3108 3365; x_wconf 90' lang='lat' dir='ltr'><strong>in</strong></span> <span class='ocrx_word' id='word_1_665' title='bbox 3157 3314 3472 3370; x_wconf 65' lang='lat' dir='ltr'><strong>caelestibus</strong></span> 
     </span>
    </p>
   </div>
   <div class='ocr_carea' id='block_1_95' title="bbox 1889 3391 3470 3472">
    <p class='ocr_par' dir='ltr' id='par_1_95' title="bbox 1889 3391 3470 3472">
     <span class='ocr_line' id='line_1_95' title="bbox 1889 3391 3470 3472; baseline 0.015 -33"><span class='ocrx_word' id='word_1_666' title='bbox 1889 3391 2098 3455; x_wconf 83' lang='lat' dir='ltr'><strong>gaudiis</strong></span> <span class='ocrx_word' id='word_1_667' title='bbox 2129 3395 2354 3460; x_wconf 89' lang='lat' dir='ltr'><strong>positam</strong></span> <span class='ocrx_word' id='word_1_668' title='bbox 2388 3396 2485 3449; x_wconf 86' lang='lat' dir='ltr'><strong>soli</strong></span> <span class='ocrx_word' id='word_1_669' title='bbox 2519 3397 2629 3452; x_wconf 90' lang='lat' dir='ltr'><strong>Deo</strong></span> <span class='ocrx_word' id='word_1_670' title='bbox 2672 3397 2774 3452; x_wconf 72' lang='lat' dir='ltr'><strong>lixa</strong></span> <span class='ocrx_word' id='word_1_671' title='bbox 2809 3400 3072 3456; x_wconf 87' lang='lat' dir='ltr'><strong>eharitate</strong></span> <span class='ocrx_word' id='word_1_672' title='bbox 3099 3405 3470 3472; x_wconf 89' lang='lat' dir='ltr'><strong>astringimus.</strong></span> 
     </span>
    </p>
   </div>
   <div class='ocr_carea' id='block_1_96' title="bbox 1891 3481 3472 3567">
    <p class='ocr_par' dir='ltr' id='par_1_96' title="bbox 1891 3481 3472 3567">
     <span class='ocr_line' id='line_1_96' title="bbox 1891 3481 3472 3567; baseline 0.012 -33"><span class='ocrx_word' id='word_1_673' title='bbox 1891 3481 1946 3534; x_wconf 91' lang='lat' dir='ltr'><strong>In</strong></span> <span class='ocrx_word' id='word_1_674' title='bbox 1980 3481 2136 3536; x_wconf 88' lang='lat' dir='ltr'><strong>altari</strong></span> <span class='ocrx_word' id='word_1_675' title='bbox 2180 3502 2335 3553; x_wconf 89' lang='lat' dir='ltr'><strong>super</strong></span> <span class='ocrx_word' id='word_1_676' title='bbox 2359 3496 2553 3542; x_wconf 84' lang='lat' dir='ltr'><strong>struem</strong></span> <span class='ocrx_word' id='word_1_677' title='bbox 2599 3489 2861 3559; x_wconf 86' lang='lat' dir='ltr'><strong>lignorum</strong></span> <span class='ocrx_word' id='word_1_678' title='bbox 2906 3494 3172 3562; x_wconf 86' lang='lat' dir='ltr'><strong>ponimus,</strong></span> <span class='ocrx_word' id='word_1_679' title='bbox 3218 3512 3339 3550; x_wconf 90' lang='lat' dir='ltr'><strong>cum</strong></span> <span class='ocrx_word' id='word_1_680' title='bbox 3373 3500 3472 3567; x_wconf 77' lang='lat' dir='ltr'><strong>pim</strong></span> 
     </span>
    </p>
   </div>
   <div class='ocr_carea' id='block_1_97' title="bbox 1890 3573 3471 3650">
    <p class='ocr_par' dir='ltr' id='par_1_97' title="bbox 1890 3573 3471 3650">
     <span class='ocr_line' id='line_1_97' title="bbox 1890 3573 3471 3650; baseline 0.012 -23"><span class='ocrx_word' id='word_1_681' title='bbox 1890 3573 2281 3640; x_wconf 85' lang='lat' dir='ltr'><strong>voluntatis,et</strong></span> <span class='ocrx_word' id='word_1_682' title='bbox 2307 3577 2710 3650; x_wconf 90' lang='lat' dir='ltr'><strong>Scripturarum</strong></span> <span class='ocrx_word' id='word_1_683' title='bbox 2743 3585 3101 3650; x_wconf 89' lang='lat' dir='ltr'><strong>auctoritatis,</strong></span> <span class='ocrx_word' id='word_1_684' title='bbox 3135 3589 3280 3642; x_wconf 90' lang='lat' dir='ltr'><strong>omni</strong></span> <span class='ocrx_word' id='word_1_685' title='bbox 3314 3590 3471 3647; x_wconf 89' lang='lat' dir='ltr'><strong>altari</strong></span> 
     </span>
    </p>
   </div>
   <div class='ocr_carea' id='block_1_98' title="bbox 1890 3667 3472 3746">
    <p class='ocr_par' dir='ltr' id='par_1_98' title="bbox 1890 3667 3472 3746">
     <span class='ocr_line' id='line_1_98' title="bbox 1890 3667 3472 3746; baseline 0.014 -29"><span class='ocrx_word' id='word_1_686' title='bbox 1890 3667 2188 3730; x_wconf 85' lang='lat' dir='ltr'><strong>sacratius,</strong></span> <span class='ocrx_word' id='word_1_687' title='bbox 2238 3667 2646 3726; x_wconf 79' lang='lat' dir='ltr'><strong>l&#39;undmnentum</strong></span> <span class='ocrx_word' id='word_1_688' title='bbox 2702 3675 2800 3744; x_wconf 86' lang='lat' dir='ltr'><strong>ipsi</strong></span> <span class='ocrx_word' id='word_1_689' title='bbox 2850 3677 3280 3746; x_wconf 83' lang='lat' dir='ltr'><strong>substcruimus;</strong></span> <span class='ocrx_word' id='word_1_690' title='bbox 3331 3685 3472 3739; x_wconf 89' lang='lat' dir='ltr'><strong>unde</strong></span> 
     </span>
    </p>
   </div>
   <div class='ocr_carea' id='block_1_99' title="bbox 1891 3757 3474 3840">
    <p class='ocr_par' dir='ltr' id='par_1_99' title="bbox 1891 3757 3474 3840">
     <span class='ocr_line' id='line_1_99' title="bbox 1891 3757 3474 3840; baseline 0.01 -28"><span class='ocrx_word' id='word_1_691' title='bbox 1891 3757 2034 3812; x_wconf 89' lang='lat' dir='ltr'><strong>enim</strong></span> <span class='ocrx_word' id='word_1_692' title='bbox 2090 3758 2281 3814; x_wconf 89' lang='lat' dir='ltr'><strong>melius</strong></span> <span class='ocrx_word' id='word_1_693' title='bbox 2326 3763 2612 3817; x_wconf 87' lang='lat' dir='ltr'><strong>roboretur</strong></span> <span class='ocrx_word' id='word_1_694' title='bbox 2642 3781 2804 3833; x_wconf 88' lang='lat' dir='ltr'><strong>quam</strong></span> <span class='ocrx_word' id='word_1_695' title='bbox 2836 3777 2897 3820; x_wconf 86' lang='lat' dir='ltr'><strong>ut</strong></span> <span class='ocrx_word' id='word_1_696' title='bbox 2935 3769 3134 3822; x_wconf 87' lang='lat' dir='ltr'><strong>mentis</strong></span> <span class='ocrx_word' id='word_1_697' title='bbox 3159 3772 3378 3840; x_wconf 91' lang='lat' dir='ltr'><strong>puritati</strong></span> <span class='ocrx_word' id='word_1_698' title='bbox 3417 3784 3474 3830; x_wconf 88' lang='lat' dir='ltr'><strong>et</strong></span> 
     </span>
    </p>
   </div>
   <div class='ocr_carea' id='block_1_100' title="bbox 1889 3847 3472 3917">
    <p class='ocr_par' dir='ltr' id='par_1_100' title="bbox 1889 3847 3472 3917">
     <span class='ocr_line' id='line_1_100' title="bbox 1889 3847 3472 3917; baseline 0.011 -17"><span class='ocrx_word' id='word_1_699' title='bbox 1889 3847 2084 3902; x_wconf 75' lang='lat' dir='ltr'><strong>divina:</strong></span> <span class='ocrx_word' id='word_1_700' title='bbox 2113 3850 2326 3905; x_wconf 64' lang='lat' dir='ltr'><strong>veritati</strong></span> <span class='ocrx_word' id='word_1_701' title='bbox 2356 3852 2695 3907; x_wconf 76' lang='lat' dir='ltr'><strong>innitau&#39;mr?</strong></span> <span class='ocrx_word' id='word_1_702' title='bbox 2742 3855 3046 3914; x_wconf 74' lang='lat' dir='ltr'><strong>Extendere</strong></span> <span class='ocrx_word' id='word_1_703' title='bbox 3068 3858 3297 3916; x_wconf 91' lang='lat' dir='ltr'><strong>dicimus</strong></span> <span class='ocrx_word' id='word_1_704' title='bbox 3322 3875 3472 3917; x_wconf 74' lang='lat' dir='ltr'><strong>extra</strong></span> 
     </span>
    </p>
   </div>
   <div class='ocr_carea' id='block_1_101' title="bbox 1890 3940 3468 4025">
    <p class='ocr_par' dir='ltr' id='par_1_101' title="bbox 1890 3940 3468 4025">
     <span class='ocr_line' id='line_1_101' title="bbox 1890 3940 3468 4025; baseline 0.013 -35"><span class='ocrx_word' id='word_1_705' title='bbox 1890 3940 2118 3995; x_wconf 86' lang='lat' dir='ltr'><strong>tendere.</strong></span> <span class='ocrx_word' id='word_1_706' title='bbox 2173 3941 2427 3998; x_wconf 79' lang='lat' dir='ltr'><strong>Extendit</strong></span> <span class='ocrx_word' id='word_1_707' title='bbox 2484 3960 2614 4014; x_wconf 89' lang='lat' dir='ltr'><strong>ergo</strong></span> <span class='ocrx_word' id='word_1_708' title='bbox 2665 3964 2905 4015; x_wconf 80' lang='lat' dir='ltr'><strong>mnuum,</strong></span> <span class='ocrx_word' id='word_1_709' title='bbox 2960 3951 3206 4022; x_wconf 89' lang='lat' dir='ltr'><strong>quisquis</strong></span> <span class='ocrx_word' id='word_1_710' title='bbox 3237 3969 3468 4025; x_wconf 86' lang='lat' dir='ltr'><strong>superna</strong></span> 
     </span>
    </p>
   </div>
   <div class='ocr_carea' id='block_1_102' title="bbox 1887 4031 3470 4111">
    <p class='ocr_par' dir='ltr' id='par_1_102' title="bbox 1887 4031 3470 4111">
     <span class='ocr_line' id='line_1_102' title="bbox 1887 4031 3470 4111; baseline 0.011 -28"><span class='ocrx_word' id='word_1_711' title='bbox 1887 4031 2217 4099; x_wconf 81' lang='lat' dir='ltr'><strong>aspiratione</strong></span> <span class='ocrx_word' id='word_1_712' title='bbox 2245 4031 2541 4090; x_wconf 75' lang='lat' dir='ltr'><strong>delectatus</strong></span> <span class='ocrx_word' id='word_1_713' title='bbox 2584 4037 2722 4091; x_wconf 88' lang='lat' dir='ltr'><strong>ultra</strong></span> <span class='ocrx_word' id='word_1_714' title='bbox 2775 4039 2914 4094; x_wconf 72' lang='lat' dir='ltr'><strong>vires</strong></span> <span class='ocrx_word' id='word_1_715' title='bbox 2953 4044 3200 4111; x_wconf 88' lang='lat' dir='ltr'><strong>proprias</strong></span> <span class='ocrx_word' id='word_1_716' title='bbox 3240 4059 3470 4100; x_wconf 78' lang='lat' dir='ltr'><strong>canatur</strong></span> 
     </span>
    </p>
   </div>
   <div class='ocr_carea' id='block_1_103' title="bbox 1891 4120 3465 4208">
    <p class='ocr_par' dir='ltr' id='par_1_103' title="bbox 1891 4120 3465 4208">
     <span class='ocr_line' id='line_1_103' title="bbox 1891 4120 3465 4208; baseline 0.01 -35"><span class='ocrx_word' id='word_1_717' title='bbox 1891 4120 1943 4174; x_wconf 91' lang='lat' dir='ltr'><strong>in</strong></span> <span class='ocrx_word' id='word_1_718' title='bbox 1975 4124 2444 4194; x_wconf 81' lang='lat' dir='ltr'><strong>contemplationis</strong></span> <span class='ocrx_word' id='word_1_719' title='bbox 2483 4129 2826 4184; x_wconf 79' lang='lat' dir='ltr'><strong>exercitium.</strong></span> <span class='ocrx_word' id='word_1_720' title='bbox 2876 4132 3183 4204; x_wconf 85' lang='lat' dir='ltr'><strong>Arripimns</strong></span> <span class='ocrx_word' id='word_1_721' title='bbox 3210 4137 3465 4208; x_wconf 78' lang='lat' dir='ltr'><strong>gladium,</strong></span> 
     </span>
    </p>
   </div>
   <div class='ocr_carea' id='block_1_104' title="bbox 1892 4213 3468 4285">
    <p class='ocr_par' dir='ltr' id='par_1_104' title="bbox 1892 4213 3468 4285">
     <span class='ocr_line' id='line_1_104' title="bbox 1892 4213 3468 4285; baseline 0.01 -19"><span class='ocrx_word' id='word_1_722' title='bbox 1892 4221 1950 4267; x_wconf 90' lang='lat' dir='ltr'><strong>ut</strong></span> <span class='ocrx_word' id='word_1_723' title='bbox 1987 4213 2332 4271; x_wconf 88' lang='lat' dir='ltr'><strong>immolemus</strong></span> <span class='ocrx_word' id='word_1_724' title='bbox 2371 4219 2566 4285; x_wconf 78' lang='lat' dir='ltr'><strong>ﬁliuni,</strong></span> <span class='ocrx_word' id='word_1_725' title='bbox 2615 4221 2740 4274; x_wconf 91' lang='lat' dir='ltr'><strong>dum</strong></span> <span class='ocrx_word' id='word_1_726' title='bbox 2776 4231 2926 4277; x_wconf 87' lang='lat' dir='ltr'><strong>tanta</strong></span> <span class='ocrx_word' id='word_1_727' title='bbox 2957 4227 3264 4281; x_wconf 87' lang='lat' dir='ltr'><strong>constantia</strong></span> <span class='ocrx_word' id='word_1_728' title='bbox 3302 4231 3468 4282; x_wconf 89' lang='lat' dir='ltr'><strong>animi</strong></span> 
     </span>
    </p>
   </div>
   <div class='ocr_carea' id='block_1_105' title="bbox 1892 4305 3471 4386">
    <p class='ocr_par' dir='ltr' id='par_1_105' title="bbox 1892 4305 3471 4386">
     <span class='ocr_line' id='line_1_105' title="bbox 1892 4305 3471 4386; baseline 0.008 -26"><span class='ocrx_word' id='word_1_729' title='bbox 1892 4305 2133 4360; x_wconf 76' lang='lat' dir='ltr'><strong>divinum</strong></span> <span class='ocrx_word' id='word_1_730' title='bbox 2171 4309 2550 4375; x_wconf 84' lang='lat' dir='ltr'><strong>amplectimur</strong></span> <span class='ocrx_word' id='word_1_731' title='bbox 2587 4313 2816 4367; x_wconf 77' lang='lat' dir='ltr'><strong>verbum</strong></span> <span class='ocrx_word' id='word_1_732' title='bbox 2865 4321 2922 4367; x_wconf 91' lang='lat' dir='ltr'><strong>ut</strong></span> <span class='ocrx_word' id='word_1_733' title='bbox 2964 4317 3246 4386; x_wconf 64' lang='lat' dir='ltr'><strong>praesentis</strong></span> <span class='ocrx_word' id='word_1_734' title='bbox 3289 4320 3471 4372; x_wconf 87' lang='lat' dir='ltr'><strong>tnundi</strong></span> 
     </span>
    </p>
   </div>
   <div class='ocr_carea' id='block_1_106' title="bbox 1893 4397 3473 4472">
    <p class='ocr_par' dir='ltr' id='par_1_106' title="bbox 1893 4397 3473 4472">
     <span class='ocr_line' id='line_1_106' title="bbox 1893 4397 3473 4472; baseline 0.009 -24"><span class='ocrx_word' id='word_1_735' title='bbox 1893 4413 1990 4449; x_wconf 89' lang='lat' dir='ltr'><strong>nos</strong></span> <span class='ocrx_word' id='word_1_736' title='bbox 2022 4397 2244 4452; x_wconf 86' lang='lat' dir='ltr'><strong>omnino</strong></span> <span class='ocrx_word' id='word_1_737' title='bbox 2273 4399 2415 4468; x_wconf 84' lang='lat' dir='ltr'><strong>quod</strong></span> <span class='ocrx_word' id='word_1_738' title='bbox 2461 4399 2581 4454; x_wconf 81' lang='lat' dir='ltr'><strong>ﬁeri</strong></span> <span class='ocrx_word' id='word_1_739' title='bbox 2629 4415 2734 4454; x_wconf 87' lang='lat' dir='ltr'><strong>non</strong></span> <span class='ocrx_word' id='word_1_740' title='bbox 2787 4411 2964 4472; x_wconf 90' lang='lat' dir='ltr'><strong>potest</strong></span> <span class='ocrx_word' id='word_1_741' title='bbox 2997 4405 3305 4460; x_wconf 88' lang='lat' dir='ltr'><strong>interimere</strong></span> <span class='ocrx_word' id='word_1_742' title='bbox 3344 4408 3473 4462; x_wconf 77' lang='lat' dir='ltr'><strong>veli-</strong></span> 
     </span>
    </p>
   </div>
   <div class='ocr_carea' id='block_1_107' title="bbox 1894 4487 3470 4560">
    <p class='ocr_par' dir='ltr' id='par_1_107' title="bbox 1894 4487 3470 4560">
     <span class='ocr_line' id='line_1_107' title="bbox 1894 4487 3470 4560; baseline 0.008 -21"><span class='ocrx_word' id='word_1_743' title='bbox 1894 4499 2012 4540; x_wconf 89' lang='lat' dir='ltr'><strong>mus</strong></span> <span class='ocrx_word' id='word_1_744' title='bbox 2041 4487 2106 4541; x_wconf 88' lang='lat' dir='ltr'><strong>ad</strong></span> <span class='ocrx_word' id='word_1_745' title='bbox 2137 4503 2312 4541; x_wconf 91' lang='lat' dir='ltr'><strong>usum.</strong></span> <span class='ocrx_word' id='word_1_746' title='bbox 2345 4488 2458 4543; x_wconf 88' lang='lat' dir='ltr'><strong>Etsi</strong></span> <span class='ocrx_word' id='word_1_747' title='bbox 2505 4490 2649 4543; x_wconf 88' lang='lat' dir='ltr'><strong>enim</strong></span> <span class='ocrx_word' id='word_1_748' title='bbox 2698 4490 2896 4546; x_wconf 91' lang='lat' dir='ltr'><strong>dicitur</strong></span> <span class='ocrx_word' id='word_1_749' title='bbox 2925 4511 2938 4545; x_wconf 93' lang='lat'>:</span> <span class='ocrx_word' id='word_1_750' title='bbox 2976 4491 3187 4560; x_wconf 84' lang='lat' dir='ltr'><strong>Vacate,</strong></span> <span class='ocrx_word' id='word_1_751' title='bbox 3232 4509 3279 4549; x_wconf 87' lang='lat' dir='ltr'><strong>et</strong></span> <span class='ocrx_word' id='word_1_752' title='bbox 3307 4497 3470 4552; x_wconf 79' lang='lat' dir='ltr'><strong>ridete</strong></span> 
     </span>
    </p>
   </div>
   <div class='ocr_carea' id='block_1_108' title="bbox 1895 4579 3472 4652">
    <p class='ocr_par' dir='ltr' id='par_1_108' title="bbox 1895 4579 3472 4652">
     <span class='ocr_line' id='line_1_108' title="bbox 1895 4579 3472 4652; baseline 0.01 -22"><span class='ocrx_word' id='word_1_753' title='bbox 1895 4579 2141 4649; x_wconf 81' lang='lat' dir='ltr'><strong>quoniam</strong></span> <span class='ocrx_word' id='word_1_754' title='bbox 2181 4595 2272 4649; x_wconf 82' lang='lat' dir='ltr'><strong>ego</strong></span> <span class='ocrx_word' id='word_1_755' title='bbox 2305 4597 2416 4634; x_wconf 85' lang='lat' dir='ltr'><strong>sum</strong></span> <span class='ocrx_word' id='word_1_756' title='bbox 2457 4580 2629 4651; x_wconf 86' lang='lat' dir='ltr'><strong>(Psal.</strong></span> <span class='ocrx_word' id='word_1_757' title='bbox 2664 4598 2790 4648; x_wconf 67' lang='lat' dir='ltr'><strong>xcv,</strong></span> <span class='ocrx_word' id='word_1_758' title='bbox 2819 4583 2925 4652; x_wconf 86' lang='lat' dir='ltr'><strong>ll),</strong></span> <span class='ocrx_word' id='word_1_759' title='bbox 2959 4585 3314 4644; x_wconf 85' lang='lat' dir='ltr'><strong>discernenda</strong></span> <span class='ocrx_word' id='word_1_760' title='bbox 3346 4601 3472 4646; x_wconf 93' lang='lat' dir='ltr'><strong>sunt</strong></span> 
     </span>
    </p>
   </div>
   <div class='ocr_carea' id='block_1_109' title="bbox 1895 4670 3472 4747">
    <p class='ocr_par' dir='ltr' id='par_1_109' title="bbox 1895 4670 3472 4747">
     <span class='ocr_line' id='line_1_109' title="bbox 1895 4670 3472 4747; baseline 0.008 -22"><span class='ocrx_word' id='word_1_761' title='bbox 1895 4670 2007 4725; x_wconf 88' lang='lat' dir='ltr'><strong>sola</strong></span> <span class='ocrx_word' id='word_1_762' title='bbox 2041 4671 2227 4740; x_wconf 89' lang='lat' dir='ltr'><strong>utique</strong></span> <span class='ocrx_word' id='word_1_763' title='bbox 2255 4673 2434 4733; x_wconf 80' lang='lat' dir='ltr'><strong>noxia,</strong></span> <span class='ocrx_word' id='word_1_764' title='bbox 2463 4689 2492 4728; x_wconf 90' lang='lat' dir='ltr'><strong>a</strong></span> <span class='ocrx_word' id='word_1_765' title='bbox 2521 4673 2716 4741; x_wconf 85' lang='lat' dir='ltr'><strong>quibus</strong></span> <span class='ocrx_word' id='word_1_766' title='bbox 2742 4690 2936 4731; x_wconf 82' lang='lat' dir='ltr'><strong>vacare</strong></span> <span class='ocrx_word' id='word_1_767' title='bbox 2960 4678 3244 4747; x_wconf 87' lang='lat' dir='ltr'><strong>debemus;</strong></span> <span class='ocrx_word' id='word_1_768' title='bbox 3280 4697 3472 4738; x_wconf 86' lang='lat' dir='ltr'><strong>secun-</strong></span> 
     </span>
    </p>
   </div>
   <div class='ocr_carea' id='block_1_110' title="bbox 1895 4761 3473 4845">
    <p class='ocr_par' dir='ltr' id='par_1_110' title="bbox 1895 4761 3473 4845">
     <span class='ocr_line' id='line_1_110' title="bbox 1895 4761 3473 4845; baseline 0.009 -30"><span class='ocrx_word' id='word_1_769' title='bbox 1895 4761 2020 4815; x_wconf 92' lang='lat' dir='ltr'><strong>dum</strong></span> <span class='ocrx_word' id='word_1_770' title='bbox 2069 4778 2302 4833; x_wconf 89' lang='lat' dir='ltr'><strong>namque</strong></span> <span class='ocrx_word' id='word_1_771' title='bbox 2344 4765 2622 4830; x_wconf 77' lang='lat' dir='ltr'><strong>passiones</strong></span> <span class='ocrx_word' id='word_1_772' title='bbox 2651 4776 3011 4836; x_wconf 91' lang='lat' dir='ltr'><strong>peccatorum,</strong></span> <span class='ocrx_word' id='word_1_773' title='bbox 3071 4787 3190 4842; x_wconf 72' lang='lat' dir='ltr'><strong>qua:</strong></span> <span class='ocrx_word' id='word_1_774' title='bbox 3239 4774 3290 4828; x_wconf 92' lang='lat' dir='ltr'><strong>in</strong></span> <span class='ocrx_word' id='word_1_775' title='bbox 3343 4775 3473 4845; x_wconf 85' lang='lat' dir='ltr'><strong>ipsis</strong></span> 
     </span>
    </p>
   </div>
   <div class='ocr_carea' id='block_1_111' title="bbox 1892 4852 3472 4930">
    <p class='ocr_par' dir='ltr' id='par_1_111' title="bbox 1892 4852 3472 4930">
     <span class='ocr_line' id='line_1_111' title="bbox 1892 4852 3472 4930; baseline 0.008 -23"><span class='ocrx_word' id='word_1_776' title='bbox 1892 4852 2266 4908; x_wconf 77' lang='lat' dir='ltr'><strong>mortiﬁcanda</strong></span> <span class='ocrx_word' id='word_1_777' title='bbox 2311 4864 2436 4909; x_wconf 87' lang='lat' dir='ltr'><strong>sunt</strong></span> <span class='ocrx_word' id='word_1_778' title='bbox 2486 4858 2726 4912; x_wconf 89' lang='lat' dir='ltr'><strong>membra</strong></span> <span class='ocrx_word' id='word_1_779' title='bbox 2775 4874 2938 4930; x_wconf 89' lang='lat' dir='ltr'><strong>super</strong></span> <span class='ocrx_word' id='word_1_780' title='bbox 2981 4870 3219 4926; x_wconf 87' lang='lat' dir='ltr'><strong>terram,</strong></span> <span class='ocrx_word' id='word_1_781' title='bbox 3267 4868 3472 4920; x_wconf 89' lang='lat' dir='ltr'><strong>nonad</strong></span> 
     </span>
    </p>
   </div>
   <div class='ocr_carea' id='block_1_112' title="bbox 1893 4945 3473 5019">
    <p class='ocr_par' dir='ltr' id='par_1_112' title="bbox 1893 4945 3473 5019">
     <span class='ocr_line' id='line_1_112' title="bbox 1893 4945 3473 5019; baseline 0.008 -21"><span class='ocrx_word' id='word_1_782' title='bbox 1893 4945 2104 5000; x_wconf 89' lang='lat' dir='ltr'><strong>utilium</strong></span> <span class='ocrx_word' id='word_1_783' title='bbox 2135 4955 2188 5001; x_wconf 91' lang='lat' dir='ltr'><strong>et</strong></span> <span class='ocrx_word' id='word_1_784' title='bbox 2222 4947 2544 5002; x_wconf 90' lang='lat' dir='ltr'><strong>naturalium</strong></span> <span class='ocrx_word' id='word_1_785' title='bbox 2577 4951 2915 5019; x_wconf 82' lang='lat' dir='ltr'><strong>negotiorum</strong></span> <span class='ocrx_word' id='word_1_786' title='bbox 2954 4969 3162 5008; x_wconf 91' lang='lat' dir='ltr'><strong>curam.</strong></span> <span class='ocrx_word' id='word_1_787' title='bbox 3202 4955 3351 5009; x_wconf 86' lang='lat' dir='ltr'><strong>Hane</strong></span> <span class='ocrx_word' id='word_1_788' title='bbox 3385 4955 3473 5010; x_wconf 71' lang='lat' dir='ltr'><strong>ilie</strong></span> 
     </span>
    </p>
   </div>
   <div class='ocr_carea' id='block_1_113' title="bbox 1891 5030 3470 5106">
    <p class='ocr_par' dir='ltr' id='par_1_113' title="bbox 1891 5030 3470 5106">
     <span class='ocr_line' id='line_1_113' title="bbox 1891 5030 3470 5106; baseline 0.006 -22"><span class='ocrx_word' id='word_1_789' title='bbox 1891 5030 2127 5086; x_wconf 72' lang='lat' dir='ltr'><strong>Jontncs</strong></span> <span class='ocrx_word' id='word_1_790' title='bbox 2159 5033 2292 5087; x_wconf 86' lang='lat' dir='ltr'><strong>abba</strong></span> <span class='ocrx_word' id='word_1_791' title='bbox 2325 5035 2603 5104; x_wconf 84' lang='lat' dir='ltr'><strong>parvulus.</strong></span> <span class='ocrx_word' id='word_1_792' title='bbox 2648 5038 2735 5106; x_wconf 87' lang='lat' dir='ltr'><strong>qui</strong></span> <span class='ocrx_word' id='word_1_793' title='bbox 2776 5038 2957 5094; x_wconf 89' lang='lat' dir='ltr'><strong>vivere</strong></span> <span class='ocrx_word' id='word_1_794' title='bbox 3007 5049 3236 5093; x_wconf 82' lang='lat' dir='ltr'><strong>conatus</strong></span> <span class='ocrx_word' id='word_1_795' title='bbox 3279 5049 3385 5103; x_wconf 89' lang='lat' dir='ltr'><strong>est,</strong></span> <span class='ocrx_word' id='word_1_796' title='bbox 3413 5051 3470 5093; x_wconf 92' lang='lat' dir='ltr'><strong>ut</strong></span> 
     </span>
    </p>
   </div>
   <div class='ocr_carea' id='block_1_114' title="bbox 1894 5117 3473 5187">
    <p class='ocr_par' dir='ltr' id='par_1_114' title="bbox 1894 5117 3473 5187">
     <span class='ocr_line' id='line_1_114' title="bbox 1894 5117 3473 5187; baseline 0.006 -17"><span class='ocrx_word' id='word_1_797' title='bbox 1894 5117 2117 5187; x_wconf 87' lang='lat' dir='ltr'><strong>angelus</strong></span> <span class='ocrx_word' id='word_1_798' title='bbox 2163 5121 2483 5174; x_wconf 77' lang='lat' dir='ltr'><strong>extenderat</strong></span> <span class='ocrx_word' id='word_1_799' title='bbox 2537 5138 2778 5186; x_wconf 90' lang='lat' dir='ltr'><strong>manum,</strong></span> <span class='ocrx_word' id='word_1_800' title='bbox 2829 5124 2956 5178; x_wconf 88' lang='lat' dir='ltr'><strong>dum</strong></span> <span class='ocrx_word' id='word_1_801' title='bbox 3002 5126 3224 5177; x_wconf 83' lang='lat' dir='ltr'><strong>omnino</strong></span> <span class='ocrx_word' id='word_1_802' title='bbox 3273 5141 3473 5180; x_wconf 81' lang='lat' dir='ltr'><strong>exuere</strong></span> 
     </span>
    </p>
   </div>
   <div class='ocr_carea' id='block_1_115' title="bbox 1895 5205 3468 5279">
    <p class='ocr_par' dir='ltr' id='par_1_115' title="bbox 1895 5205 3468 5279">
     <span class='ocr_line' id='line_1_115' title="bbox 1895 5205 3468 5279; baseline 0.006 -22"><span class='ocrx_word' id='word_1_803' title='bbox 1895 5205 2063 5259; x_wconf 75' lang='lat' dir='ltr'><strong>voluit</strong></span> <span class='ocrx_word' id='word_1_804' title='bbox 2100 5208 2224 5261; x_wconf 72' lang='lat' dir='ltr'><strong>vita:</strong></span> <span class='ocrx_word' id='word_1_805' title='bbox 2274 5207 2555 5271; x_wconf 65' lang='lat' dir='ltr'><strong>humanae;</strong></span> <span class='ocrx_word' id='word_1_806' title='bbox 2595 5209 2929 5263; x_wconf 77' lang='lat' dir='ltr'><strong>inmiolasset</strong></span> <span class='ocrx_word' id='word_1_807' title='bbox 2978 5210 3136 5279; x_wconf 85' lang='lat' dir='ltr'><strong>plane</strong></span> <span class='ocrx_word' id='word_1_808' title='bbox 3183 5211 3372 5277; x_wconf 87' lang='lat' dir='ltr'><strong>lilium,</strong></span> <span class='ocrx_word' id='word_1_809' title='bbox 3426 5215 3468 5268; x_wconf 92' lang='lat' dir='ltr'><strong>si</strong></span> 
     </span>
    </p>
   </div>
   <div class='ocr_carea' id='block_1_116' title="bbox 1896 5292 3474 5367">
    <p class='ocr_par' dir='ltr' id='par_1_116' title="bbox 1896 5292 3474 5367">
     <span class='ocr_line' id='line_1_116' title="bbox 1896 5292 3474 5367; baseline 0.006 -21"><span class='ocrx_word' id='word_1_810' title='bbox 1896 5292 2263 5350; x_wconf 77' lang='lat' dir='ltr'><strong>inﬂexibiliter</strong></span> <span class='ocrx_word' id='word_1_811' title='bbox 2313 5295 2422 5350; x_wconf 94' lang='lat' dir='ltr'><strong>Deo</strong></span> <span class='ocrx_word' id='word_1_812' title='bbox 2468 5298 2565 5351; x_wconf 87' lang='lat' dir='ltr'><strong>soli</strong></span> <span class='ocrx_word' id='word_1_813' title='bbox 2623 5296 2948 5366; x_wconf 87' lang='lat' dir='ltr'><strong>speculando</strong></span> <span class='ocrx_word' id='word_1_814' title='bbox 2978 5298 3088 5367; x_wconf 89' lang='lat' dir='ltr'><strong>spei</strong></span> <span class='ocrx_word' id='word_1_815' title='bbox 3153 5299 3474 5358; x_wconf 89' lang='lat' dir='ltr'><strong>intendisset</strong></span> 
     </span>
    </p>
   </div>
   <div class='ocr_carea' id='block_1_117' title="bbox 1896 5384 3472 5468">
    <p class='ocr_par' dir='ltr' id='par_1_117' title="bbox 1896 5384 3472 5468">
     <span class='ocr_line' id='line_1_117' title="bbox 1896 5384 3472 5468; baseline 0.007 -31"><span class='ocrx_word' id='word_1_816' title='bbox 1896 5384 2178 5449; x_wconf 89' lang='lat' dir='ltr'><strong>intuitum;</strong></span> <span class='ocrx_word' id='word_1_817' title='bbox 2232 5400 2356 5455; x_wconf 89' lang='lat' dir='ltr'><strong>spes</strong></span> <span class='ocrx_word' id='word_1_818' title='bbox 2408 5401 2646 5468; x_wconf 72' lang='lat' dir='ltr'><strong>namque</strong></span> <span class='ocrx_word' id='word_1_819' title='bbox 2697 5385 2938 5440; x_wconf 71' lang='lat' dir='ltr'><strong>funditus</strong></span> <span class='ocrx_word' id='word_1_820' title='bbox 2985 5389 3146 5443; x_wconf 80' lang='lat' dir='ltr'><strong>eximi</strong></span> <span class='ocrx_word' id='word_1_821' title='bbox 3193 5407 3222 5444; x_wconf 89' lang='lat' dir='ltr'><strong>a</strong></span> <span class='ocrx_word' id='word_1_822' title='bbox 3271 5392 3472 5448; x_wconf 88' lang='lat' dir='ltr'><strong>mundo</strong></span> 
     </span>
    </p>
   </div>
   <div class='ocr_carea' id='block_1_118' title="bbox 1891 5481 3470 5557">
    <p class='ocr_par' dir='ltr' id='par_1_118' title="bbox 1891 5481 3470 5557">
     <span class='ocr_line' id='line_1_118' title="bbox 1891 5481 3470 5557; baseline 0.006 -21"><span class='ocrx_word' id='word_1_823' title='bbox 1891 5490 2090 5550; x_wconf 87' lang='lat' dir='ltr'><strong>potest,</strong></span> <span class='ocrx_word' id='word_1_824' title='bbox 2120 5482 2214 5536; x_wconf 90' lang='lat' dir='ltr'><strong>sed</strong></span> <span class='ocrx_word' id='word_1_825' title='bbox 2237 5481 2349 5551; x_wconf 85' lang='lat' dir='ltr'><strong>spei</strong></span> <span class='ocrx_word' id='word_1_826' title='bbox 2380 5481 2986 5550; x_wconf 79' lang='lat' dir='ltr'><strong>nostra-.‘contemplatio</strong></span> <span class='ocrx_word' id='word_1_827' title='bbox 3015 5499 3230 5557; x_wconf 88' lang='lat' dir='ltr'><strong>semper</strong></span> <span class='ocrx_word' id='word_1_828' title='bbox 3265 5487 3470 5546; x_wconf 89' lang='lat' dir='ltr'><strong>intendi</strong></span> 
     </span>
    </p>
   </div>
   <div class='ocr_carea' id='block_1_119' title="bbox 1891 5573 3474 5643">
    <p class='ocr_par' dir='ltr' id='par_1_119' title="bbox 1891 5573 3474 5643">
     <span class='ocr_line' id='line_1_119' title="bbox 1891 5573 3474 5643; baseline 0.006 -14"><span class='ocrx_word' id='word_1_829' title='bbox 1891 5590 1996 5630; x_wconf 91' lang='lat' dir='ltr'><strong>non</strong></span> <span class='ocrx_word' id='word_1_830' title='bbox 2045 5582 2257 5643; x_wconf 85' lang='lat' dir='ltr'><strong>potest;</strong></span> <span class='ocrx_word' id='word_1_831' title='bbox 2307 5575 2601 5628; x_wconf 86' lang='lat' dir='ltr'><strong>secundum</strong></span> <span class='ocrx_word' id='word_1_832' title='bbox 2644 5573 2744 5629; x_wconf 93' lang='lat' dir='ltr'><strong>hoc</strong></span> <span class='ocrx_word' id='word_1_833' title='bbox 2793 5591 2924 5634; x_wconf 87' lang='lat' dir='ltr'><strong>sane</strong></span> <span class='ocrx_word' id='word_1_834' title='bbox 2976 5589 3322 5636; x_wconf 82' lang='lat' dir='ltr'><strong>revertuntur</strong></span> <span class='ocrx_word' id='word_1_835' title='bbox 3355 5597 3474 5638; x_wconf 36' lang='lat' dir='ltr'><strong>ant.</strong></span> 
     </span>
    </p>
   </div>
   <div class='ocr_carea' id='block_1_120' title="bbox 1891 5662 2535 5726">
    <p class='ocr_par' dir='ltr' id='par_1_120' title="bbox 1891 5662 2535 5726">
     <span class='ocr_line' id='line_1_120' title="bbox 1891 5662 2535 5726; baseline -0.006 -6"><span class='ocrx_word' id='word_1_836' title='bbox 1891 5664 2070 5726; x_wconf 72' lang='lat' dir='ltr'><strong>utalia,</strong></span> <span class='ocrx_word' id='word_1_837' title='bbox 2099 5678 2220 5718; x_wconf 92' lang='lat' dir='ltr'><strong>cum</strong></span> <span class='ocrx_word' id='word_1_838' title='bbox 2254 5662 2535 5718; x_wconf 88' lang='lat' dir='ltr'><strong>incedunt.</strong></span> 
     </span>
    </p>
   </div>
   <div class='ocr_carea' id='block_1_121' title="bbox 1963 5778 3472 5857">
    <p class='ocr_par' dir='ltr' id='par_1_121' title="bbox 1963 5778 3472 5857">
     <span class='ocr_line' id='line_1_121' title="bbox 1963 5778 3472 5857; baseline 0.003 -22"><span class='ocrx_word' id='word_1_839' title='bbox 1963 5780 2127 5835; x_wconf 70' lang='lat' dir='ltr'><strong>Vsus.</strong></span> <span class='ocrx_word' id='word_1_840' title='bbox 2161 5779 2248 5851; x_wconf 83' lang='lat' dir='ltr'><strong>ll,</strong></span> <span class='ocrx_word' id='word_1_841' title='bbox 2284 5778 2368 5835; x_wconf 73' lang='grc'><strong>12.</strong></span> <span class='ocrx_word' id='word_1_842' title='bbox 2398 5813 2468 5824; x_wconf 91' lang='grc'><strong><em>--</em></strong></span> <span class='ocrx_word' id='word_1_843' title='bbox 2494 5778 2564 5837; x_wconf 85' lang='lat' dir='ltr'><strong>Et</strong></span> <span class='ocrx_word' id='word_1_844' title='bbox 2599 5800 2714 5841; x_wconf 83' lang='lat' dir='ltr'><strong>ecce</strong></span> <span class='ocrx_word' id='word_1_845' title='bbox 2753 5786 2969 5857; x_wconf 86' lang='lat' dir='ltr'><strong>angelus</strong></span> <span class='ocrx_word' id='word_1_846' title='bbox 3013 5784 3223 5840; x_wconf 84' lang='lat' dir='ltr'><strong>Domini</strong></span> <span class='ocrx_word' id='word_1_847' title='bbox 3249 5787 3312 5842; x_wconf 85' lang='lat' dir='ltr'><strong>de</strong></span> <span class='ocrx_word' id='word_1_848' title='bbox 3347 5785 3472 5842; x_wconf 66' lang='lat' dir='ltr'><strong>coelo</strong></span> 
     </span>
    </p>
   </div>
   <div class='ocr_carea' id='block_1_122' title="bbox 2923 5878 2962 5934">
    <p class='ocr_par' dir='ltr' id='par_1_122' title="bbox 2923 5878 2962 5934">
     <span class='ocr_line' id='line_1_122' title="bbox 2923 5878 2962 5934; baseline 0 0"><span class='ocrx_word' id='word_1_849' title='bbox 2923 5878 2962 5934; x_wconf 84' lang='lat'><strong>6</strong></span> 
     </span>
    </p>
   </div>
  </div>
