3982 6360
541 401 643 458 1'71

541 512 784 573 clamavit
813 511 987 564 dicens
1029 526 1047 564 :
1087 509 1367 575 Abraham,
1411 510 1712 564 Abraham?
1760 508 1865 574 Qui
1911 526 2122 579 respon-

536 608 618 661 dit
651 623 669 660 :
695 605 909 659 Adsum.
946 599 1022 654 Ne
1060 601 1330 664 extendas,
1371 602 1466 665 ait,
1515 617 1731 654 manant
1781 611 1927 653 tuam
1974 616 2130 668 super

540 711 785 768 puerum,
845 709 1005 763 neque
1051 692 1220 760 facias
1251 692 1328 746 illi
1361 692 1670 763 quidquam.
1721 689 1876 745 Nunc
1915 693 2128 761 cognovi

539 790 681 860 quod
691 789 872 842 timeas
896 783 1149 850 Deum,“
1177 802 1281 838 non
1304 785 1592 854 peperceris
1617 783 1730 852 ﬁlio
1755 791 1844 835 tuo
1861 782 2124 851 unigeni'o

539 897 746 958 propter
766 902 866 938 me.
894 883 1344 954 AngelusDontini
1373 883 1437 936 de
1464 881 1590 936 caelo
1621 882 1838 945 clamat,
1863 897 1984 937 cum
2020 897 2124 934 vox

539 977 676 1031 sacri
708 975 917 1044 'eloquii
946 973 1087 1028 bona
1121 972 1280 1026 nobis
1314 971 1571 1026 nuntians
1597 971 1664 1026 de
1693 971 1984 1039 Scriptura:
2009 987 2122 1040 my-

534 1067 701 1123 sterio
728 1082 792 1121 ac
817 1067 862 1122 si
890 1066 956 1120 de
984 1063 1126 1119 coelo
1156 1064 1394 1120 insonat.
1423 1062 1704 1133 Scriptura
1739 1078 1894 1118 sacra
1924 1062 2120 1117 coelum

533 1158 838 1229 appellatur
884 1156 954 1209 ob
1003 1162 1212 1209 secreta
1245 1154 1449 1221 divina,
1496 1169 1615 1223 qua:
1657 1153 1852 1222 operit,
1901 1161 1960 1207 ιιι
1983 1162 2066 1206 est
2105 1169 2118 1206 :

535 1245 641 1310 Qui
691 1242 856 1312 operit
908 1240 1092 1294 cwlum
1146 1239 1388 1304 nubibus,
1441 1251 1488 1294 et
1533 1253 1684 1311 parat
1715 1251 1866 1294 terra:
1892 1241 2120 1310 pluviam

536 1333 715 1403 (l’sul.
752 1347 942 1392 (ιλιι-ι.
990 1332 1066 1400 8).
1114 1332 1387 1385 Abraham
1443 1332 1526 1386 bis
1580 1331 1668 1386 hic
1698 1339 1942 1396 vocatur,
1999 1348 2118 1386 cum

539 1425 701 1495 paulo
737 1424 988 1492 superius
1029 1423 1192 1478 semel
1225 1425 1564 1491 nominetur;
1599 1426 1740 1494 quod
1790 1439 1895 1478 non
1945 1423 2013 1477 ab
2063 1440 2120 1478 re

540 1517 804 1580 creditur,
844 1516 947 1568 illic
986 1530 1219 1584 namque
1247 1531 1343 1585 per
1371 1515 1723 1569 tentationem
1751 1515 1922 1569 semel
1956 1529 2114 1568 voca-

542 1619 649 1674 tur,
681 1618 739 1662 ut
767 1624 796 1662 a
827 1616 1083 1676 concepta
1112 1608 1364 1676 superbia
1412 1617 1794 1673 convertatur;
1860 1607 1948 1662 lue
1989 1621 2117 1661 vero

535 1701 936 1771 geminatur,ut
961 1715 1066 1753 non
1090 1703 1249 1754 modo
1277 1709 1466 1754 sancta
1491 1701 1670 1754 anima
1703 1718 1731 1753 a
1761 1717 1859 1755 suo
1891 1710 2111 1770 torpore

536 1801 801 1846 cenversa
831 1789 1109 1855 credatur,
1145 1790 1238 1843 sed
1267 1806 1333 1843 ex
1365 1790 1475 1860 87
1503 1789 1669 1844 ιιιιιΙιο
1695 1792 1857 1844 etiam
1901 1789 2117 1860 pietatis

537 1884 684 1939 cultu
725 1885 792 1938 ad
819 1882 1228 1952 justilicationis
1255 1883 1481 1952 gloriam
1511 1884 1825 1954 pervenisse
1857 1891 2122 1938 monstre-

542 1987 652 2043 tur,
699 1979 841 2030 unde
871 1984 924 2030 et
959 1975 1172 2030 vocanti
1209 1977 1498 2045 respondet
1530 1991 1544 2029 :
1577 1977 1796 2041 Adsunt,
1836 1986 1894 2030 ut
1926 1983 2125 2030 sancta:

533 2071 751 2138 pagina:
780 2067 942 2122 dictis
983 2066 1178 2120 debita:
1205 2066 1528 2121 obedientia:
1566 2067 1877 2138 impendere
1905 2083 1965 2123 se
2001 2083 2122 2138 pro-

539 2162 628 2212 dat
650 2157 906 2213 cilicium.
935 2156 1015 2210 Ne
1036 2157 1285 2210 extendas
1301 2174 1515 2211 manant
1539 2169 1681 2211 tuam
1706 2175 1862 2228 super
1879 2175 2123 2228 puerum,

536 2256 590 2310 id
611 2263 691 2308 est
715 2253 930 2308 neeitra
954 2251 1146 2305 virium
1171 2251 1584 2321 possibilitatem
1612 2252 1982 2315 i.t.beci|lium,
2007 2266 2124 2321 qua:

533 2356 794 2402 notantur
821 2360 918 2415 per
945 2360 1190 2414 puerum,
1253 2355 1358 2398 tuae
1407 2344 1880 2412 ςοιιιιιιιιιιίιιιίοιιίε
1933 2359 2126 2398 exeras

535 2447 814 2494 conatum.
852 2433 1033 2504 Neque
1062 2433 1230 2502 facias
1261 2433 1338 2487 illi
1367 2435 1690 2505 quidquam;
1747 2449 1871 2488 cum
1905 2450 2120 2487 manum

539 2544 703 2599 super
747 2526 1117 2590 extendimus,
1155 2525 1357 2594 aliquid
1406 2524 1478 2580 illi
1526 2525 1738 2580 scilicet
1767 2539 1770 2542 ·
1795 2541 1960 2595 puero
1999 2526 2127 2581 laci-

541 2635 686 2684 mt.s,
725 2619 778 2673 id
806 2627 891 2672 est
918 2615 1122 2687 aliquid
1153 2631 1220 2672 ex
1265 2617 1444 2679 nobis,
1473 2626 1531 2672 et
1580 2633 1647 2672 ex
1696 2619 1893 2672 virtute
1938 2629 2122 2674 nostra

540 2711 740 2766 addere
786 2709 1037 2762 humana:
1078 2715 1277 2762 nostra:
1313 2707 1614 2762 inﬁrmitati
1653 2710 1946 2770 credimus,
2001 2725 2124 2764 cum

543 2803 662 2856 sine
693 2800 805 2854 Deo
835 2799 912 2853 nil
940 2797 1120 2854 facere
1143 2810 1346 2870 praeter
1369 2799 1556 2853 vitium
1582 2799 1875 2856 valeamus.
1907 2801 2125 2856 lllanura

535 2905 672 2965 ergo
725 2907 793 2948 ne
838 2893 1173 2958 extenderis,
1222 2907 1360 2947 onus
1397 2891 1670 2958 videlicet,
1714 2891 1872 2962 juxta
1924 2894 2125 2949 dictttm

541 2986 806 3058 sapientis
836 3003 850 3040 :
883 2984 1058 3056 Super
1099 2994 1151 3040 te
1197 3000 1267 3040 ne
1317 2985 1583 3040 levaveris
1631 2984 1810 3052 (Deut.
1863 3002 1960 3051 xu,
2016 2988 2124 3058 18),

541 3077 686 3132 unde
711 3092 833 3131 mox
863 3077 1096 3145 superbe
1119 3075 1321 3146 aliquid
1357 3076 1450 3130 tibi
1490 3092 1612 3131 cum
1648 3077 1722 3130 nil
1752 3093 1819 3132 ex
1865 3088 1917 3134 te
1958 3079 2128 3135 lacius

541 3181 706 3238 agere
733 3166 992 3222 videaris.
1033 3166 1192 3220 Nunc
1228 3167 1460 3237 cognovi,
1514 3169 1656 3238 quod
1701 3177 1802 3235 est,
1851 3170 2126 3240 cognitum

541 3258 638 3314 tibi
665 3256 789 3323 feci,
819 3257 943 3328 quia
967 3257 1153 3310 timeas
1180 3255 1368 3322 Deum,
1399 3257 1524 3310 dum
1553 3273 1779 3326 parcere
1806 3259 1918 3327 filio
1949 3260 2129 3330 unige-

542 3353 652 3406 nilo
679 3349 940 3416 nolueris,
973 3349 1100 3403 dum
1133 3348 1340 3404 scilicet
1370 3347 1436 3404 de
1463 3365 1556 3420 spe
1585 3350 1829 3406 saeculari
1862 3351 1936 3406 nfl
1989 3353 2128 3407 intra

541 3452 594 3497 te
633 3443 870 3499 residere
902 3440 1218 3512 protuleris,
1260 3441 1352 3496 sed
1391 3441 1561 3511 ipsam
1611 3459 1761 3512 spem
1797 3445 2130 3515 unigenitum

542 3536 762 3600 feceris,
792 3535 920 3590 dum
948 3532 1080 3588 nulli
1108 3533 1196 3588 alii
1223 3542 1422 3603 praeter
1449 3535 1558 3589 Deo
1581 3535 1678 3590 soli
1706 3552 1823 3590 eam
1850 3536 2131 3592 intendere

537 3626 813 3691 volueris;
846 3624 1124 3696 parcimus
1155 3625 1299 3679 enim
1331 3626 1446 3695 spei
1492 3635 1715 3690 nostrae,
1763 3642 1884 3680 cum
1927 3626 2130 3698 aliquid

542 3719 877 3774 mundanum
909 3715 1222 3772 humanitus
1248 3717 1302 3772 in
1331 3732 1392 3772 ea
1424 3718 1666 3788 patimur
1698 3733 2002 3773 remanere.

614 3809 778 3866 Vsus.
808 3806 891 3871 15,
918 3808 1005 3862 14.
1027 3839 1096 3848 -
1119 3807 1324 3864 Levavit
1354 3808 1624 3862 Abraham
1651 3809 1828 3863 oculos
1846 3847 1862 3874 ,
1905 3811 2132 3881 viditque

540 3902 906 3956 arieteminter
925 3917 1099 3970 vepres
1113 3901 1394 3955 ltwrentem
1408 3900 1651 3956 cornibus
1683 3900 1845 3966 Quem
1862 3919 2131 3956 assumens

541 3991 730 4047 obtulit
759 3991 1120 4046 holocaustum
1147 4008 1241 4062 pro
1269 3992 1404 4061 lilio.
1430 3991 1789 4061 Apellavitque
1819 4008 2004 4046 nomen
2031 3992 2132 4047 loci

542 4085 708 4150 illius,
736 4084 992 4140 Dominus
1024 4085 1180 4140 videt.
1213 4083 1365 4139 Unde
1416 4102 1578 4154 usque
1601 4085 1754 4138 hodie
1782 4086 1981 4139 dicitur
2013 4103 2032 4141 :
2065 4085 2133 4141 In

543 4169 719 4234 monte
747 4177 1004 4234 Dominus
1033 4177 1241 4233 videbit.
1263 4176 1432 4232 Levat
1459 4176 1726 4231 Abraham
1764 4176 1973 4244 oculos,
2007 4193 2128 4233 cum

543 4270 612 4323 ad
641 4268 932 4339 Scriptum
960 4267 1260 4323 intonautis
1298 4269 1498 4322 monita
1526 4283 1555 4320 a
1585 4267 1816 4337 propriae
1859 4269 2133 4340 proposito

545 4360 844 4416 nimietatis
874 4360 1032 4430 erigit
1061 4359 1286 4429 spiritus
1327 4368 1513 4414 noster
1540 4360 1622 4414 sui
1653 4359 1953 4416 intellectus
2002 4377 2130 4417 aeu-

543 4453 710 4507 mina.
737 4452 964 4507 Arietem
984 4451 1215 4521 denique
1235 4451 1369 4504 inter
1393 4467 1571 4520 vepres
1583 4450 1864 4506 luvrentem
1889 4453 2130 4508 cantibus

541 4545 710 4606 videt,
732 4558 855 4599 cum
885 4557 1044 4597 sacro
1072 4548 1394 4613 suggerente
1425 4541 1640 4610 eloquio
1665 4543 1929 4612 superbia:
1955 4546 2131 4600 cervi-

543 4635 830 4691 cositatem
867 4633 1011 4688 inter
1032 4647 1224 4700 vepres
1251 4631 1604 4700 cupiditatum
1631 4631 1840 4687 occulte
1867 4633 1920 4687 in
1951 4635 2132 4690 animo

544 4725 940 4782 suborientium
975 4721 1242 4777 all'ectatze
1271 4722 1524 4792 potentiae
1567 4723 1822 4782 cornibus
1853 4725 2130 4781 detentam

546 4816 822 4872 subtiliter
852 4813 1127 4882 intelligit.
1166 4812 1318 4867 Solet
1340 4827 1574 4883 namque
1601 4815 1825 4870 nimium
1858 4818 2134 4872 subtiliter

546 4904 910 4976 contemplari
943 4903 1272 4965 volentibus,
1295 4903 1449 4972 quasi
1485 4915 1606 4974 post
1633 4915 1862 4977 tergum,
1896 4908 1986 4963 ubi
2030 4909 2131 4964 sibi

546 5001 726 5055 minus
751 4995 1056 5060 attendunt,
1081 4995 1364 5065 subripere
1391 4999 1662 5067 superbia,
1691 5015 1809 5070 quae
1856 5002 1930 5056 ita
1977 5003 2130 5071 cupi-

546 5093 703 5146 ditatt
754 5091 1048 5150 honorum,
1075 5095 1169 5140 aut
1198 5087 1392 5154 laudis,
1425 5105 1488 5144 ac
1519 5091 1564 5145 si
1617 5093 1860 5162 veprium
1900 5093 2132 5149 stimulis

547 5183 781 5253 implexa
818 5178 1072 5250 potentiae
1098 5180 1433 5237 desideriove
1460 5183 1555 5238 ltiti
1599 5187 1859 5242 cornibus
1905 5187 2127 5256 pendet,

547 5271 806 5329 cornibus
827 5268 970 5323 enim
994 5272 1232 5339 potentia
1257 5272 1454 5344 signari
1485 5275 1719 5339 solet,nt
1742 5277 1832 5328 vix
1860 5275 2129 5331 Abraham

548 5359 934 5420 intellectualis
971 5362 1084 5416 hate
1130 5363 1441 5436 distinguat.
1477 5365 1578 5420 nisi
1637 5366 1894 5435 respiciat
1933 5368 1999 5422 ad
2053 5385 2132 5424 se-

548 5455 729 5522 ipsum
745 5461 800 5506 et
831 5450 1014 5507 oculos
1045 5451 1199 5516 levet,
1235 5456 1364 5524 quid
1395 5455 1496 5508 sibi
1532 5454 1781 5509 videlicet
1813 5455 2032 5526 irrepat,
2063 5475 2129 5515 ex

552 5543 670 5611 ipsa
725 5542 810 5596 cui
868 5543 1296 5614 contemplanda:
1326 5545 1501 5598 inhiat
1537 5543 1630 5598 Dei
1681 5547 2133 5616 contemplatione

550 5644 759 5704 penset.
791 5633 1186 5705 Contemplatio
1213 5644 1419 5700 autem,
1451 5642 1509 5687 ut
1536 5649 1676 5706 saepe
1719 5636 1973 5704 diximus,
2025 5657 2130 5697 non

551 5726 723 5782 solum
756 5727 808 5782 in
835 5726 1017 5782 divina
1050 5726 1256 5781 visione
1281 5725 1560 5794 accipitur,
1586 5729 1678 5782 sed
1727 5727 1890 5783 etiam
1919 5729 1971 5785 ιιι
2004 5747 2132 5786 con-

549 5818 879 5877 sideratione
901 5817 1265 5891 spiritualium
1303 5832 1508 5887 rerum,
1544 5828 1598 5874 et
1628 5822 1775 5879 omni
1797 5821 2133 5880 discussione

1390 399 1450 453 γ.
1493 394 1818 451 GUIBERTI
1859 391 2149 450 ABBATIS
2187 390 2244 448 S.
2290 391 2528 447 MARLE
2572 393 2656 448 DE
2701 393 3092 454 NOVIGENTO

3755 389 3866 450 17!

2159 513 2199 568 Α
2232 508 2495 573 veritatis,
2524 509 2576 563 in
2603 527 2706 580 qua
2733 513 3086 567 cuntanimus
3112 512 3214 568 sibi
3245 511 3855 583 prteminercvidetur,

2234 600 2396 654 multa
2427 617 2526 671 pro
2549 587 2660 656 sure
2695 604 2939 658 scientite
2985 605 3142 674 quasi
3170 605 3497 670 reverentia,
3538 605 3838 674 superbia

2229 697 2284 742 et
2341 667 2676 757 laudationis
2743 667 3059 747 allectautlte
3119 693 3446 764 cogitatione
3483 667 3862 764 pler-umque

2230 781 2531 834 mordetur.
2567 781 2721 836 llunc
2749 798 2880 850 ergo
2907 783 3132 838 arietem
3169 785 3397 840 tumoris
3453 794 3508 839 et
3537 783 3862 852 iactantia

2227 886 2327 939 pro
2359 871 2468 927 lilio
2490 886 2728 927 mactare
2760 875 3048 940 debemus,
3105 875 3232 931 dum
3291 892 3399 930 non
3449 878 3567 946 spei
3626 886 3858 931 nostrae

2228 964 2508 1029 intuitum,
2536 976 2798 1034 quantum
2827 967 2892 1021 ad
2925 969 3156 1022 activam
3184 968 3382 1034 attinet
3413 969 3586 1022 vitam
3621 969 3860 1023 exstin-

2226 1055 2312 1125 gui
2345 1056 2836 1126 permittimus,sed
2864 1058 3054 1112 vitium
3084 1059 3351 1128 superbia:
3370 1074 3493 1114 eum
3517 1073 3628 1113 sua
3657 1059 3856 1113 ambi-

2228 1149 2372 1205 tione
2397 1151 2706 1205 omnitnoda
2737 1150 3082 1206 ambustionc
3109 1151 3496 1206 consumimus.
3553 1149 3665 1206 Sic
3688 1153 3856 1205 enim

2225 1255 2254 1293 a
2283 1241 2391 1294 Deo
2416 1239 2828 1310 intelligentiam
2877 1255 3100 1310 sperare
3133 1239 3395 1295 debemus
3444 1239 3855 1310 speculativzc,

2225 1341 2284 1385 ιιι
2321 1331 2674 1384 intentionem
2709 1345 2813 1384 non
2845 1330 3250 1385 diverberetnus
3287 1323 3499 1385 activae.
3551 1327 3722 1383 Sane
3755 1345 3854 1382 oc-

2225 1422 2500 1476 cideretur
2544 1422 2706 1485 (ilius,
2741 1421 2784 1476 si
2809 1436 2932 1491 spes
2962 1429 3147 1476 nostra
3173 1421 3301 1476 solis
3331 1420 3656 1476 caelestibus
3677 1424 3856 1476 rebus

2224 1515 2432 1566 intenta
2465 1511 2722 1564 deﬁceret
2758 1510 2825 1564 ab
2855 1511 3086 1565 actualis
3139 1511 3262 1564 vita:
3316 1511 3545 1579 negotiis
3575 1511 3852 1564 utilibus.

2222 1600 2354 1654 Nam
2384 1601 2532 1655 hunc
2557 1599 2758 1665 locum,
2777 1599 2830 1654 id
2846 1609 2929 1654 est
2958 1599 3138 1654 cordis
3161 1608 3364 1654 statum
3388 1599 3656 1654 Dominus
3681 1601 3850 1663 videt;

2223 1691 2378 1744 idest
2414 1691 2699 1760 approbat,
2731 1705 2853 1744 cum
2904 1691 3166 1760 quidquid
3213 1691 3493 1746 suboritur
3535 1691 3845 1754 elationis,

2225 1789 2450 1846 mactat,
2481 1791 2534 1835 et
2561 1781 2688 1835 inde
2713 1781 2798 1836 his
2829 1781 2921 1851 qui
2953 1782 3151 1837 divina:
3173 1783 3500 1854 cognitionis
3533 1783 3714 1838 hodie
3742 1786 3846 1838 ha-

2157 1859 2199 1916 Β
2231 1873 2358 1926 bent
2381 1881 2532 1926 certa
2560 1873 2892 1929 discretione
2923 1885 3160 1942 constat,
3190 1877 3332 1945 quod
3357 1877 3409 1929 in
3432 1887 3612 1930 monte
3649 1876 3847 1930 Domi-

2227 1980 2325 2018 nus
2352 1963 2553 2031 videat,
2582 1967 2706 2034 quia
2741 1967 2792 2020 in
2844 1983 3057 2022 summo
3102 1969 3425 2022 humilitatis
3483 1970 3844 2024 constitutos

2227 2056 2390 2113 futuri
2424 2057 2603 2111 saeculi
2639 2057 2809 2127 gloria
2837 2057 3058 2113 exaltat.
3093 2058 3242 2112 Videt
3275 2073 3402 2113 suos
3443 2075 3540 2129 per
3575 2058 3724 2131 juge
3752 2063 3842 2114 hic

2225 2145 2554 2216 adjutorium
2585 2148 2956 2218 approbando,
2979 2149 3164 2203 videbit
3187 2157 3392 2203 aeterno
3423 2149 3629 2204 decore
3667 2167 3833 2206 coro-

2228 2240 2425 2294 nando.
2459 2237 2613 2294 Unde
2638 2249 2721 2294 est
2748 2258 2760 2294 :
2797 2240 2998 2294 Iterum
3049 2251 3223 2295 autem
3255 2242 3434 2296 videbo
3466 2260 3577 2308 ros,
3609 2253 3668 2296 et
3702 2261 3836 2312 gau-

2226 2330 2364 2384 debit
2397 2346 2489 2383 cor
2515 2339 2768 2395 vestrum,
2796 2341 2843 2384 et
2865 2332 3118 2402 gaudium
3153 2342 3373 2386 ve..trum
3405 2349 3554 2386 nemo
3592 2333 3754 2387 tollet
3802 2353 3833 2387 α

2227 2422 2367 2475 vobis
2397 2421 2577 2492 (Joan.
2605 2438 2720 2487 XVI,
2759 2423 2876 2491 2:2).

2299 2511 2466 2566 Vens.
2494 2511 2578 2579 15,
2610 2514 2694 2578 16,
2718 2513 2805 2568 17.
2823 2541 2889 2553 -—-
2913 2512 3128 2569 l’ocavit
3165 2525 3338 2568 autem
3363 2513 3581 2584 angelus
3607 2513 3836 2570 Domini

2228 2601 2496 2656 Abraham
2551 2605 2780 2658 secundo
2818 2604 2881 2658 de
2907 2604 3031 2658 etvlo
3059 2603 3238 2658 dicens
3265 2624 3283 2661 :
3312 2602 3414 2658 Per
3458 2607 3835 2675 memetipsum

2220 2692 2429 2761 jnravi,
2454 2693 2580 2746 dicit
2614 2694 2894 2760 Dominus,
2926 2697 3049 2766 quia
3081 2694 3253 2764 fecisti
3281 2712 3387 2748 rem
3420 2697 3580 2761 hanc,
3617 2707 3673 2750 et
3727 2715 3833 2752 non

2229 2784 2502 2852 pepercisti
2521 2783 2633 2852 [ilio
2665 2795 2754 2837 tuo
2778 2787 3041 2856 unigenito
3067 2798 3087 2838 :
3112 2787 3405 2839 beneglicam
3435 2787 3613 2848 tibi,et
3637 2788 3831 2841 multi-

2229 2875 2432 2943 plicabo
2463 2883 2636 2930 sen'ten
2659 2887 2806 2930 tuum
2837 2877 2967 2931 sicut
3003 2877 3180 2932 stellas
3207 2878 3341 2943 cazli,
3366 2888 3412 2932 et
3444 2877 3832 2933 velutarenam

2231 2979 2347 3034 qua
2392 2975 2464 3019 est
2513 2966 2566 3019 in
2607 2965 2784 3020 littore
2819 2967 3004 3020 maris.
3053 2966 3183 3020 Post
3235 2967 3467 3037 primam
3521 2966 3707 3036 angeli
3766 2970 3838 3020 de

2230 3057 2368 3109 caelo
2391 3057 2746 3120 vocationem,
2785 3073 2903 3127 qum
2950 3058 3092 3112 facta
3132 3065 3221 3112 est
3267 3069 3387 3128 post
3437 3057 3835 3124 teutationem,

2237 3145 2291 3200 itt
2323 3162 2427 3217 qua
2457 3158 2581 3219 post
2611 3150 2986 3204 conversionis
3034 3151 3334 3221 ingressum
3367 3151 3571 3206 ονοιίιιιί
3614 3166 3722 3220 per
3753 3153 3838 3206 di-

2233 3239 2355 3294 vina
2378 3240 2590 3312 eloquia
2623 3245 2986 3312 processimus
3008 3243 3072 3296 ad
3093 3243 3556 3313 justiﬁcationem,
3575 3247 3840 3295 secundo

2233 3333 2420 3387 iisdem
2454 3334 2768 3390 cwlestibus
2801 3335 3096 3404 Scriptura:
3145 3336 3368 3390 monitis
3417 3335 3716 3391 excitamur
3752 3337 3836 3388 ml

2231 3424 2640 3497 gloriﬁcationis
2679 3443 2850 3497 spem.
2898 3430 2997 3484 l‘er
3066 3431 3418 3499 semetipsum
3471 3429 3606 3483 Deus
3642 3427 3834 3496 juvat.

2232 3533 2353 3572 cum
2382 3533 2478 3587 per
2513 3521 2758 3574 veritatis
2797 3531 3037 3575 tenorem
3076 3521 3167 3590 jus
3229 3523 3281 3576 in
3335 3522 3493 3576 nobis
3531 3521 3836 3575 rectitudi-

2231 3626 2463 3679 netnque
2495 3611 2692 3665 firmat.
2717 3609 2850 3682 Ego,
2869 3615 3080 3678 ait,sum
3107 3615 3186 3668 via
3211 3625 3257 3669 et
3285 3616 3472 3670 veritas
3497 3610 3685 3681 (Joan.
3717 3632 3832 3678 xw,

2233 3706 2310 3776 6);
2363 3707 2645 3761 veritatem
2679 3718 2856 3760 autem
2885 3717 3027 3763 tenet
3051 3708 3294 3779 quisquis
3319 3719 3349 3762 a
3380 3708 3584 3779 peccati
3610 3708 3831 3763 fallaci-t

2233 3813 2292 3854 se
2315 3799 2552 3871 continet
2573 3815 2586 3863 ;
2611 3814 2772 3853 omne
2804 3797 3002 3854 bonum
3031 3802 3082 3854 in
3100 3816 3311 3855 summo
3333 3801 3475 3855 bono
3491 3813 3612 3853 esse
3637 3799 3830 3861 habet,

2233 3894 2438 3963 peccati
2469 3909 2598 3948 vero
2628 3893 2768 3947 nulla
2792 3901 2871 3949 est
2903 3895 3298 3964 essentia,quia
3330 3894 3446 3947 sine
3474 3892 3585 3946 Deo
3621 3891 3830 3945 factum

2187 4029 2191 4032 -
2234 3995 2316 4042 est
2347 3986 2498 4050 nihil,
2534 3987 2583 4040 id
2612 3998 2695 4042 est
2721 3998 3026 4058 peccatum,
3055 3997 3111 4042 et
3159 3989 3405 4042 homines
3437 4004 3559 4041 cum
3593 3997 3829 4055 peccant

2235 4075 2372 4130 ﬁunt
2401 4076 2533 4131 nihil
2563 4087 2825 4146 quantum
2873 4079 2939 4132 ad
2994 4093 3113 4133 esse
3141 4093 3352 4133 verum.
3405 4078 3542 4146 Quia
3581 4092 3721 4147 ergo
3778 4079 3826 4129 iu

2223 4174 2382 4238 nullo
2425 4177 2704 4246 pepercisti
2735 4176 2940 4232 carnali
2992 4185 3094 4230 tua:
3143 4175 3426 4240 voluntati,
3459 4181 3517 4228 ttt
3565 4190 3664 4245 spe
3696 4175 3826 4229 boui

2235 4265 2526 4321 mundialis
2555 4283 2675 4320 eam
2724 4267 2959 4338 gaudere
2990 4266 3358 4336 permitteres,
3405 4265 3498 4320 sed
3555 4265 3652 4318 uni
3715 4267 3829 4320 Deo

2234 4373 2354 4412 eam
2422 4359 2702 4413 nnicornis
2769 4373 2918 4412 more
2964 4357 3114 4427 juxta
3168 4358 3478 4428 psalmum.
3535 4356 3826 4412 iltlendisli

2235 4449 2410 4521 (Psal.
2439 4467 2548 4517 XCI,
2586 4451 2696 4520 11),
2731 4452 2856 4522 quia
2889 4467 3026 4515 rem,
3052 4451 3100 4505 id
3135 4460 3218 4506 est
3248 4451 3540 4504 utilitatem
3564 4465 3673 4504 non
3701 4467 3828 4504 cor-

2159 4540 2406 4612 Dporis,
2460 4540 2552 4594 sed
2585 4542 2807 4611 spiritus
2867 4543 2933 4596 ad
2983 4542 3306 4613 gignendum
3345 4542 3504 4596 unius
3556 4539 3829 4595 irrellexzc

2235 4633 2346 4702 spei
2373 4631 2626 4700 fructum,
2662 4635 2806 4704 quod
2837 4633 3081 4704 signatur
3104 4649 3202 4704 per
3223 4633 3582 4704 unigenitum,
3617 4630 3824 4698 fecisti;

2235 4722 2538 4777 benedicam
2571 4725 2686 4791 tibi,
2712 4724 2764 4778 id
2788 4734 2871 4778 est
2895 4725 3187 4794 provehatn
3218 4734 3270 4778 te
3295 4723 3617 4778 omnimodze
3648 4725 3830 4778 virtu-

2238 4813 2304 4868 tis
2328 4813 2547 4879 cll'ectu,
2569 4824 2618 4868 et
2647 4815 3002 4882 multiplicabo
3027 4831 3199 4869 semen
3226 4824 3392 4886 tuum,
3419 4814 3608 4868 merita
3635 4814 3831 4870 videli-

2236 4911 2324 4958 cet
2367 4918 2592 4972 operum
2645 4912 2882 4966 tuorum,
2917 4921 3035 4973 quze
3091 4905 3181 4959 hic
3221 4905 3376 4976 juxta
3431 4903 3780 4960 PSaImistam
3810 4949 3826 4968 ,

2234 4993 2576 5047 seminantur
2598 4994 2651 5048 in
2675 4993 2950 5066 lacrymis,
2968 4997 3191 5066 prmmio
3209 4996 3494 5050 cumulabo
3523 4998 3824 5067 centuplitri

2237 5081 2409 5154 (Psal.
2443 5099 2600 5152 cxxv,
2631 5084 2708 5158 5),
2748 5088 2924 5156 utqui
2983 5104 3145 5158 super
3188 5103 3358 5158 pauca
3397 5089 3570 5144 lidelis
3629 5090 3822 5158 fueris,

2235 5192 2395 5248 supra
2434 5178 2600 5233 multa
2631 5180 2976 5235 constituaris
3007 5181 3222 5252 (Matth.
3254 5197 3382 5247 xxv,
3412 5182 3503 5248 21,
3531 5181 3646 5251 25).

2304 5268 2408 5324 Per
2433 5270 2609 5325 stellas
2661 5273 2795 5336 radi,
2823 5272 3053 5326 virtutes
3101 5273 3296 5326 anima}
3339 5273 3656 5342 accipimus,
3699 5289 3827 5342 qtue

2236 5362 2286 5416 in
2319 5371 2522 5416 aeterna
2565 5363 2902 5418 beatitudine
2956 5363 3098 5418 sicut
3146 5379 3175 5417 a
3205 5363 3342 5420 ccelo
3369 5379 3647 5434 nunquam
3678 5365 3822 5418 divi-

2235 5454 2634 5520 dunturstelltn,
2654 5457 2732 5513 sic
2763 5472 2862 5511 nec
2894 5457 3134 5525 separari
3160 5465 3414 5527 poterunt
3443 5473 3471 5510 a
3503 5466 3822 5512 sanctorum

2215 5555 2436 5603 ‘mente.
2463 5547 2566 5602 Per
2591 5565 2806 5602 arenam
2837 5549 2950 5619 88
2972 5550 3135 5603 maris
3152 5535 3712 5618 littoream,corporis
3737 5548 3824 5600 itt-

2237 5641 2525 5712 telligimus
2550 5640 3054 5710 impassibilitatem,
3072 5657 3190 5711 qum
3212 5641 3314 5696 erit
3334 5649 3455 5710 post
3470 5641 3826 5695 resurrectio-

2236 5749 2381 5798 nem,
2409 5731 2622 5801 quando
2645 5730 2756 5799 jam
2784 5732 3088 5787 securitatis
3117 5732 3300 5787 littore
3333 5731 3635 5794 constituti,
3660 5729 3827 5785 asalo

2237 5834 2478 5881 motuum
2501 5821 2824 5893 liberi,sicut
2845 5823 2910 5880 de
2933 5839 3098 5880 arena
3121 5822 3286 5879 salem
3313 5820 3824 5892 ﬁericoguovimus,

3965 1874 3967 1934 χ
