3982 6360
139 390 256 456 ΠΒ

1285 377 1653 445 ΜΟΒΜΔΠΜ
1693 375 1760 431 ιΝ
1790 375 2086 436 GENESIN
2115 377 2244 439 LIB.
2287 378 2375 441 Vi.

3323 399 3425 460 171

138 510 227 566 ita
263 517 430 566 totam
460 507 640 566 carnis
674 505 1088 578 gravitudincm,
1122 511 1178 559 et
1227 501 1738 574 corruptibilitatem
1766 499 1816 561 Α
1843 497 2091 553 voluntas
2121 507 2328 554 nostra.
2355 499 2459 556 Sed
2497 509 2780 573 postquam
2811 502 2876 560 ad
2905 501 3173 566 Bersabee
3193 519 3424 571 reverti-

137 602 419 673 sapientia
469 616 568 656 nos
618 600 958 654 inhabitaute
1026 596 1390 652 condiendam
1445 593 1740 649 credimus.

141 691 452 748 Possidebit
505 708 682 746 semen
736 701 884 744 tuum
911 699 1089 759 portas
1113 687 1451 741 inimicorum
1503 700 1740 738 suorum.

141 784 344 856 (Vens.
387 784 500 854 18.)
545 783 610 836 Et
668 783 1036 836 benedicentur
1084 780 1139 833 in
1196 778 1390 832 semine
1431 786 1520 829 tuo
1569 791 1745 828 omnes

137 884 330 944 gentes
386 883 580 939 terrae,
625 873 751 943 quia
827 870 1046 925 obedisti
1121 871 1234 923 uoci
1292 883 1442 920 metu.
1503 865 1747 919 Possidet

143 983 329 1021 semen
357 975 534 1033 portas
563 965 918 1026 inimicorum,
947 977 1070 1016 cum
1103 960 1335 1014 virtutes
1366 959 1466 1014 sub
1505 970 1564 1012 se
1607 956 1748 1034 obti-

147 1068 292 1116 nent
322 1059 475 1125 vitia,
499 1074 620 1128 qua:
650 1066 778 1112 sunt
824 1065 1026 1126 portai,
1057 1070 1155 1124 per
1198 1068 1334 1123 quas
1390 1052 1627 1106 intratur
1680 1049 1747 1106 ad

147 1151 490 1206 consortium
522 1148 882 1214 diabolorum,
907 1145 1359 1206 antonomastice,
1377 1143 1744 1198 inimicorum.

149 1240 352 1296 Omnes
383 1251 562 1312 gentes
605 1237 1000 1294 benedicuntur
1050 1238 1104 1290 in
1157 1235 1373 1300 semine,
1427 1249 1552 1289 cum
1606 1234 1746 1288 bona

153 1343 346 1388 nostra
373 1333 426 1386 in
447 1333 728 1402 prmeipuo
751 1331 996 1385 omnium
1023 1328 1289 1384 seminum
1323 1335 1592 1397 augentur
1617 1325 1749 1379 cha-

151 1425 343 1479 ritatc.
375 1425 489 1494 Ipsa
520 1424 666 1479 enim
715 1423 894 1494 operit
937 1421 1340 1476 multitudinem
1398 1425 1748 1486 peccatorum

147 1515 302 1586 (Jac.
331 1532 385 1582 v,
413 1516 525 1587 ‘20),
550 1524 605 1570 et
628 1515 825 1570 dicitur
845 1513 1179 1584 perfectionis
1203 1510 1469 1565 vinculum
1495 1507 1634 1580 (Col.
1659 1523 1745 1576 ιιι,

154 1609 271 1680 tt).

230 1699 393 1754 Vens.
441 1699 526 1754 19.
568 1727 640 1738 -ο
689 1695 942 1752 Reversus
986 1706 1064 1750 est
1117 1694 1387 1756 Abraham
1443 1692 1514 1746 ad
1560 1707 1748 1762 pueros

151 1807 314 1857 suos;
358 1784 706 1861 abieruntque
750 1788 1009 1844 Bersabee
1041 1785 1231 1850 stmul,
1275 1795 1325 1840 et
1365 1784 1616 1838 habitavit
1652 1784 1746 1837 ibi.

1848 601 1957 657 tur,
2013 594 2302 662 puerisque
2356 593 2731 666 conjungitur,
2782 597 2835 652 in
2897 599 3174 658 civitatem
3248 608 3426 666 Arbee

1849 684 2111 738 moritura
2143 685 2461 738 devolxitur.
2497 687 2703 742 Civitas
2729 690 2908 744 anima
2937 701 3054 758 est,
3091 696 3266 754 Arbce
3293 701 3427 756 dici—

1851 783 2194 844 turquatuor.
2229 774 2304 828 Ex
2338 775 2676 830 auimalitate
2703 788 2904 844 autem,
2933 797 2996 836 ex
3022 784 3200 840 intima
3219 789 3428 844 scilicet

1850 865 2018 919 nostri
2047 873 2467 934 partc,quatuor
2501 869 2813 936 passionum
2844 873 3088 930 miserias
3115 875 3424 948 toleramus,

1849 953 1901 1008 id
1929 963 2014 1008 est
2059 963 2320 1020 metuere,
2371 969 2594 1026 cupere,
2644 960 2900 1028 gaudere,
2964 964 3166 1022 dolere.
3220 968 3426 1037 Quibus

1851 1050 1973 1106 dum
2003 1050 2338 1106 szcculariter
2356 1066 2706 1122 occupamur,
2737 1069 2766 1108 a
2797 1056 2966 1112 divini
2997 1062 3220 1118 omnino
3248 1063 3428 1122 cultus

1849 1155 1979 1194 cura
2010 1139 2386 1196 distrabimur.
2432 1141 2648 1198 llebron
2689 1158 2834 1208 vero,
2887 1160 3008 1215 qua:
3059 1160 3112 1203 et
3154 1151 3425 1222 Chebron,

1848 1229 2151 1284 incantator
2199 1231 2616 1301 interpretatur;
2657 1235 2770 1290 haec
2804 1251 2995 1306 nempe
3018 1231 3032 1240 ”
3048 1239 3258 1298 funesta
3295 1261 3430 1316 qua-

1853 1321 2462 1379 ternitasincantatoris
2491 1325 2632 1396 gerit
2679 1325 2950 1394 ollicium,
3001 1330 3128 1384 dum
3175 1339 3428 1406 prosequi

1849 1413 2138 1481 persuadet
2163 1415 2398 1470 animam
2425 1415 2713 1487 cujuslibet
2751 1419 2942 1474 borum
2975 1422 3231 1480 desiderii
3278 1429 3429 1495 cogi-

1852 1510 2084 1556 tatuum.
2122 1501 2252 1570 Qua:
2292 1506 2473 1560 omnia
2536 1508 2593 1561 in
2651 1517 2791 1562 terra
2829 1508 3082 1566 Chanaan
3117 1513 3272 1584 fiunt,
3305 1517 3432 1586 quia

1852 1593 1906 1648 in
1935 1602 2149 1650 terrena
2185 1607 2365 1652 mente
2389 1600 2662 1654 continuae
2718 1599 3106 1672 inquietudinis
3159 1609 3430 1678 negotium

1849 1687 2160 1755 excitando,
2201 1699 2472 1760 perpetua:
2499 1694 2866 1751 damnationis
2909 1699 3090 1766 parari
3145 1699 3436 1757 humilitati

1853 1795 1957 1835 non
1991 1789 2258 1838 metuunt.
2287 1782 2545 1840 Chanaan
2585 1801 2714 1841 sane
2745 1789 3058 1856 negotiator,
3091 1789 3173 1844 vel
3217 1802 3435 1860 paratus

149 1881 287 1938 Ροει
310 1859 668 1938 summam,“
701 1883 898 1938 divina:
953 1878 1360 1950 specularionis,
1393 1879 1570 1950 fragili
1617 1893 1751 1948 qua-
1785 1859 1826 1913 Β
1851 1870 2138 1925 humilitati
2163 1873 2382 1930 dicitur.
2415 1874 2666 1945 Venitque
2693 1877 2958 1932 Abraham
3009 1890 3061 1932 ut
3092 1859 3357 1950 plangeret
3389 1890 3438 1935 et

149 1973 282 2027 (iam
320 1973 646 2028 necessitate
673 1964 968 2026 relabimur
998 1969 1066 2025 ad
1093 1983 1248 2024 usum
1275 1969 1530 2024 humana:
1555 1969 1746 2024 volun-

155 2066 313 2130 tatis,
368 2073 424 2120 et
450 2046 877 2128 allectualitatis,
910 2076 1030 2131 quae
1067 2061 1225 2115 nobis
1253 2059 1543 2130 pueritiam
1599 2061 1750 2115 incu-

151 2154 303 2209 tiunt
363 2154 620 2208 levitatis.
661 2151 933 2206 Bersabee
974 2159 1160 2220 puteus
1227 2148 1474 2217 septimus
1527 2147 1747 2202 dicitur.

150 2243 386 2299 Abimus
413 2244 480 2298 ad
509 2251 730 2314 puteum
753 2241 1062 2310 septimum,
1079 2252 1201 2295 cum
1215 2237 1282 2292 ad
1302 2239 1748 2293 consuetudinem

153 2335 490 2392 revolvimur
538 2335 857 2390 interiorum
887 2333 1330 2402 exteriorumque
1355 2346 1631 2398 sensuum,
1686 2333 1751 2388 de

151 2442 264 2496 qua
299 2428 558 2496 voragine
589 2441 713 2482 cum
741 2425 936 2480 crebro
972 2423 1364 2478 exbauriamus
1405 2423 1580 2478 undas
1629 2423 1753 2480 sub-

146 2512 450 2573 orientium
480 2517 866 2588 cupiditatum,
926 2528 1206 2584 nunquam
1261 2522 1440 2569 tamen
1509 2514 1748 2586 quandiu

151 2620 408 2667 creatura
439 2609 728 2679 sobjicitur
751 2607 982 2662 vanitati
1027 2605 1216 2660 nolens
1262 2604 1444 2676 (Rom.
1474 2621 1596 2672 vut,
1629 2606 1746 2677 20),

151 2703 482 2757 exhauritur
507 2701 576 2756 ad
593 2715 810 2770 purum.
841 2696 1193 2766 Septenarius
1221 2697 1364 2750 enim
1394 2711 1460 2751 ex
1493 2709 1745 2766 quatuor,

151 2808 278 2863 quae
302 2807 502 2862 corpus
530 2791 825 2862 signant,et
851 2787 1044 2851 tribus,
1071 2802 1191 2856 quae
1218 2781 1486 2850 animam,
1511 2795 1745 2852 constat,

147 2899 253 2955 per
288 2899 410 2954 qua:
434 2884 535 2939 sub
575 2882 944 2937 additamenta
967 2881 1112 2951 putei
1142 2879 1416 2934 interioris
1432 2879 1749 2935 exterioris-

150 2988 260 3042 quc
282 2975 546 3044 accipitur
587 2973 959 3030 sensualitatis
988 2972 1550 3042 incomprehensibilis
1573 2973 1748 3028 inStar

150 3067 339 3136 abyssi
369 3065 734 3137 profunditas.
767 3065 867 3120 llic
893 3065 1226 3130 habitamus,
1251 3065 1377 3118 dum
1421 3075 1478 3119 et
1524 3065 1576 3118 in
1621 3081 1748 3135 pro-

155 3157 338 3213 fundis
355 3158 912 3229 concupiscentiarum
938 3157 1295 3219 diversamur,
1324 3165 1377 3209 et
1392 3163 1570 3209 tamen
1590 3155 1744 3224 quasi

1847 1964 1994 2034 ﬂeret
2021 1981 2156 2019 eam.
2196 1963 2344 2021 Venit
2369 1968 2658 2034 Abraham,
2683 1985 2806 2024 cum
2848 1971 2985 2025 ratio
3037 1979 3222 2027 nostra
3265 1988 3296 2026 a
3323 1973 3438 2029 dis-

1849 2057 2102 2125 persione
2144 2072 2240 2112 sua
2298 2059 2604 2130 regreditur
2635 2061 2702 2114 ad
2753 2061 2835 2116 sui
2868 2061 3037 2130 ipsius
3075 2077 3295 2129 curam;
3323 2062 3436 2130 flet,

1851 2163 1975 2203 cum
2003 2145 2180 2204 fluxus
2213 2149 2492 2206 interioris
2528 2151 2807 2207 mollitiem
2851 2153 3006 2222 quasi
3037 2168 3206 2222 aquas
3253 2155 3322 2210 ab
3357 2154 3438 2210 in-

1854 2237 2164 2292 tentionum
2199 2239 2369 2294 oculis
2397 2240 2632 2306 emittit;
2662 2239 2890 2310 plangit,
2919 2256 3044 2296 cum
3074 2242 3128 2296 in
3177 2244 3439 2300 exteriori

1853 2326 2173 2384 habitudine
2200 2344 2263 2384 ac
2287 2330 2402 2384 siin
2435 2345 2566 2386 voce
2587 2331 2812 2386 exhibet
2854 2332 3036 2388 cordis
3084 2339 3439 2398 anxietatem,

1851 2433 1957 2488 qua
1985 2419 2201 2475 sincere
2231 2421 2564 2478 intrinsecus
2596 2425 2842 2493 poenitet.
2896 2421 3089 2479 Multos
3141 2423 3287 2479 enim
3337 2425 3441 2480 hoc

1849 2526 2012 2581 agere
2038 2513 2214 2578 palam
2255 2515 2440 2584 pudet.

1925 2603 2090 2659 Vens.
2119 2606 2174 2672 '5,
2205 2604 2258 2659 4.
2293 2637 2357 2646 --
2389 2605 2623 2678 Cumque
2648 2609 2962 2664 surrexisset
2991 2611 3056 2663 ab
3088 2614 3254 2680 amoto
3281 2611 3440 2680 farrea

1852 2696 1949 2759 ris,
1980 2696 2184 2752 locutus
2215 2699 2380 2752 estad
2405 2699 2546 2767 ﬁlios
2585 2699 2724 2755 Heln
2743 2701 2920 2756 dicens
2946 2715 2964 2753 :
3001 2702 3216 2757 Advena
3246 2719 3363 2757 sum
3389 2714 3439 2758 et

1848 2787 2152 2857 peregrinus
2179 2789 2321 2858 apud
2349 2805 2456 2857 vos,
2484 2790 2604 2845 date
2629 2791 2759 2845 mihi
2768 2791 2860 2862 jus
2887 2791 3115 2863 sepulcri
3149 2797 3434 2859 vobiscum,

1851 2885 1904 2928 ut
1944 2877 2190 2946 sepeliam
2217 2890 2482 2934 mortuam
2512 2897 2703 2936 meum.
2735 2881 3020 2954 Surgimus
3058 2887 3122 2939 ab
3150 2887 3316 2956 ofﬁcio
3345 2888 3439 2958 fu-

1851 2969 1991 3022 neris
2009 2985 2130 3022 cum
2162 2970 2426 3041 erigimur
2451 2972 2504 3026 in
2529 2987 2677 3043 spem
2703 2974 2873 3029 venia:
2903 2984 3024 3045 post
3047 2975 3438 3037 exhibitionem

1850 3059 2226 3126 paenitudinis.
2265 3060 2403 3117 lleth
2432 3064 2824 3136 interpretatur
2846 3068 3096 3136 [ormido,
3123 3068 3206 3126 vel
3233 3080 3437 3139 stupor.

1851 3145 1932 3199 Ad
1959 3145 2099 3213 ﬁlios
2132 3147 2266 3202 lletlt
2298 3149 2587 3218 loquimur,
2611 3152 2736 3206 dum
2766 3167 2888 3207 cum
2919 3153 3120 3210 nostris
3151 3157 3442 3226 cogitatio-

156 3248 372 3306 Domini
407 3251 458 3304 in
481 3221 643 3304 domo
682 3250 906 3305 serviles
929 3249 1189 3318 strepitus
1217 3241 1548 3302 dominando
1569 3221 1744 3316 depri—
1772 3221 1817 3281 δ
1849 3237 2026 3302 niblIS,
2051 3254 2170 3308 quae
2216 3241 2382 3295 veluti
2413 3243 2631 3311 quidam
2658 3246 2802 3300 fetus
2832 3246 3031 3300 mentis
3061 3257 3260 3302 nostrae
3286 3260 3442 3321 sunt,

158 3343 379 3396 mimus.
409 3337 664 3396 Ilabitare
694 3349 874 3394 autem
904 3353 1046 3408 smpe
1093 3339 1148 3392 in
1212 3335 1511 3406 Scripturis
1554 3350 1652 3405 pro
1683 3351 1748 3389 eo

158 3431 307 3502 quod
344 3439 424 3486 est
478 3430 770 3494 dominari,
791 3430 1033 3500 ponitur,
1055 3443 1157 3483 nec
1181 3429 1248 3483 ab
1271 3443 1329 3482 re
1355 3427 1479 3496 quia
1505 3427 1751 3481 habitare

162 3519 236 3574 ab
265 3534 331 3574 co
353 3519 539 3586 verbo,
576 3520 720 3588 quod
755 3528 838 3576 cst
863 3519 1072 3582 habere,
1107 3517 1441 3573 dctortitium
1494 3515 1748 3587 frequen-

157 3612 390 3664 tativum
421 3625 538 3676 csr;
577 3611 662 3665 his
690 3620 871 3666 autem
901 3625 1019 3679 qua:
1044 3610 1306 3664 habemus
1351 3610 1614 3664 dominari
1653 3624 1752 3665 nos

153 3703 424 3768 dicimus;
456 3703 534 3758 sic
563 3688 692 3773 ergo
713 3702 976 3758 Bersabee
1003 3711 1183 3771 puteo,
1215 3701 1466 3757 videlicet
1521 3702 1752 3771 septimo

159 3795 571 3850 notissimorum
609 3795 793 3850 carnis
821 3803 876 3849 ct
929 3794 1095 3848 animi
1127 3808 1404 3859 sensuum,
1456 3795 1750 3850 habitanda

157 3887 526 3954 dominamur,
572 3896 634 3941 ut
662 3887 1250 3957 eorumcvagationem
1306 3883 1609 3942 cohibenda
1656 3887 1749 3941 ali-

159 3980 480 4050 quantisper
524 3977 665 4033 fluxa
709 3977 977 4034 desideria
1029 3977 1182 4047 quasi
1231 3993 1400 4048 aquas
1439 3994 1506 4033 ex
1551 3977 1750 4032 infimis

157 4083 526 4142 exponemus.

737 4163 963 4224 CAPUT
1001 4165 1184 4226 XXIII.

239 4257 396 4312 Vens.
441 4259 494 4322 1,
523 4258 578 4313 2.
614 4287 684 4300 -—-
727 4258 866 4314 Vixit
907 4271 1080 4315 autem
1129 4261 1271 4316 Sara
1327 4270 1535 4316 centum
1572 4260 1752 4329 viginti

166 4359 352 4418 septem
391 4365 578 4403 annos.
607 4347 674 4402 Et
707 4361 916 4404 mortua
942 4360 1015 4404 est
1056 4351 1112 4404 in
1155 4351 1362 4404 civitate
1409 4351 1604 4414 Arbee,
1633 4367 1752 4419 qua:

168 4448 239 4491 est
271 4436 479 4492 Hebron
504 4439 558 4494 in
589 4450 728 4494 terra
756 4438 1034 4495 Chanaan.
1062 4440 1164 4495 Per
1193 4441 1408 4506 Seram,
1457 4456 1576 4508 qnze
1601 4443 1752 4508 prin-

1847 3338 2133 3400 postqnam
2189 3333 2368 3388 divina
2411 3335 2702 3391 formidine
2753 3353 2859 3392 non
2912 3337 3086 3392 solum
3146 3351 3442 3410 tanguntur

1851 3419 2167 3488 introrsum,
2198 3425 2293 3478 sed
2324 3426 2488 3480 etiam
2515 3429 2642 3482 dum
2685 3438 2828 3484 terra
2856 3431 3116 3487 Chanaan
3169 3449 3293 3492 esse
3345 3453 3440 3492 vc-

1854 3521 2061 3580 rentur,
2094 3515 2146 3570 id
2168 3528 2251 3571 est
2275 3527 2538 3587 externae,
2571 3531 2630 3576 et
2678 3523 2852 3578 inutili
2911 3526 3205 3583 humilitati
3253 3531 3440 3599 parari

1850 3602 2144 3675 refugiunt,
2170 3623 2339 3677 usque
2387 3611 2452 3666 ad
2477 3621 2766 3682 .stuporem
2795 3616 3040 3686 corporis
3076 3617 3179 3674 hoc
3239 3619 3436 3676 timore

1852 3694 2119 3763 feruntur,
2165 3699 2232 3754 de
2285 3711 2481 3757 ttOSll'tB
2528 3702 2719 3759 salutis
2775 3705 2986 3762 interna
3046 3711 3439 3768 commoditate

1853 3798 2168 3846 tractamus.
2191 3791 2304 3863 89
2330 3793 2562 3861 Advena,
2597 3795 2790 3866 inquit,
2815 3815 2930 3854 sum
2959 3803 3101 3870 apud
3124 3819 3230 3857 vos.
3262 3803 3440 3860 Adve-

1853 3896 1935 3934 [ιω
1957 3897 2164 3947 sumus,
2190 3884 2282 3952 qui
2317 3887 2629 3956 nuperrime
2665 3889 2731 3942 ad
2763 3905 2859 3944 cor
2884 3892 3142 3947 redimus.
3163 3892 3439 3963 Peregrini

1852 3987 2059 4038 sumus,
2101 3973 2192 4041 qui
2221 3975 2454 4030 necdum
2481 3976 2618 4031 intra
2660 3980 3010 4036 conscientia)
3039 3982 3216 4036 sinum
3245 3999 3440 4038 conse-

1851 4062 2050 4117 dimus.
2085 4062 2409 4134 Peregrinus
2447 4078 2630 4122 autem
2662 4085 2690 4122 a
2720 4073 3052 4141 peragrando
3096 4072 3310 4128 dicitur.
3337 4075 3439 4128 Jus

1852 4155 2079 4224 sepulcri
2105 4157 2172 4211 ab
2196 4157 2278 4210 eis
2306 4159 2462 4213 nobis
2476 4161 2900 4231 exiginms,cum
2928 4165 3166 4219 debttam
3197 4168 3438 4236 requiem

1855 4247 1997 4302 intra
2033 4263 2130 4301 nos
2183 4249 2330 4317 ipsos
2382 4250 2450 4304 ab
2497 4251 2736 4320 ipsarum
2789 4254 3177 4323 cogitationum
3207 4258 3438 4312 naturali

1856 4337 2182 4392 turbulentia
2205 4341 2597 4410 conquirimus.
2633 4341 2734 4408 Qui
2786 4343 3100 4398 thesaurum
3153 4345 3436 4412 effodiunt,

1851 4427 2005 4496 juxta
2055 4427 2200 4494 Job,
2267 4431 2542 4496 gaudent,
2586 4447 2709 4484 cum
2763 4432 3070 4486 invenerint
3131 4433 3438 4502 sepulcrum

171 4543 285 4597 ceps
310 4529 721 4598 interpretatur,
751 4530 1003 4586 voluntas
1029 4532 1279 4601 superius
1307 4547 1336 4585 a
1366 4546 1450 4586 me
1476 4531 1749 4588 intellecta

1859 4521 2002 4591 (Job.
2038 4538 2118 4588 Ill,
2147 4523 2234 4587 Ἡ,
2261 4522 2374 4592 2'2).
2403 4524 2466 4576 Et
2490 4521 2644 4590 juxta
2678 4525 2818 4577 hunc
2851 4532 3056 4594 typum,
3108 4524 3274 4578 Maria
3307 4525 3440 4581 foris

174 4621 526 4691 dignoscitur,
550 4639 613 4678 eo
638 4624 780 4694 quod
821 4625 1047 4680 rationis
1073 4625 1278 4680 imbuta
1307 4625 1554 4690 consilio,
1589 4626 1752 4681 totius

171 4713 328 4767 bona:
361 4713 684 4784 principium
717 4715 1030 4770 inveniatur
1061 4729 1180 4770 esse
1217 4715 1471 4769 actionis.
1500 4715 1601 4768 Per
1628 4731 1750 4768 cen-

169 4816 278 4858 tum
303 4805 485 4874 viginti
508 4815 699 4875 septem
727 4823 893 4860 annos
919 4806 1180 4878 perfectio
1210 4808 1450 4862 scientia:
1473 4822 1537 4862 ac
1557 4823 1754 4877 opera-

172 4895 332 4948 tionis
355 4895 703 4966 exprimitur.
758 4896 813 4950 In
843 4897 1158 4952 centenario
1203 4913 1441 4968 namque
1471 4899 1751 4967 perfectio,

173 4983 224 5038 iu
249 4985 544 5052 vicenario,
568 4988 655 5040 ubi
681 4985 925 5058 Decalogi
944 4988 1155 5056 species
1168 4989 1491 5056 geminatur,
1507 4990 1751 5045 doctrina

171 5086 225 5132 et
249 5079 522 5134 exsecutio
551 5070 745 5134 divitia:
769 5079 904 5150 legis
935 5080 1286 5148 exprimitur;
1318 5096 1434 5150 qum
1455 5083 1527 5136 rei
1554 5084 1756 5139 utrius-

175 5185 276 5238 que
307 5169 571 5239 perfectio
602 5173 668 5225 ad
697 5185 1092 5241 septenartum,
1149 5171 1238 5240 qui
1268 5173 1632 5241 spiritualium
1671 5183 1756 5230 est

175 5258 340 5329 figura
366 5261 754 5315 charismatum
784 5263 1086 5327 deducitur,
1129 5264 1255 5332 quia
1300 5272 1518 5318 centum
1563 5265 1754 5334 viginti

174 5354 516 5408 credentibus
541 5357 681 5424 (Act.
708 5371 749 5420 ι,
784 5355 894 5426 15),
926 5356 1098 5411 sancti
1123 5354 1359 5427 Spiritus
1379 5358 1756 5428 gratiaillapsa

177 5447 544 5516 cognoscitur;
573 5447 865 5518 requiescit
885 5451 1028 5503 enim
1059 5463 1223 5518 super
1251 5448 1528 5512 humilem,
1568 5458 1623 5503 et
1653 5460 1758 5504 tre-

177 5547 408 5594 mentem
443 5553 726 5596 sermones
748 5540 841 5596 Dei
893 5539 1028 5611 (Isa.
1060 5541 1300 5610 1.xvr,2);
1334 5542 1432 5596 hos
1462 5541 1644 5610 itaque
1663 5541 1756 5610 qui

178 5630 354 5685 sciunt
384 5641 437 5686 et
463 5631 669 5687 faciunt
697 5631 934 5702 Spiritus
963 5631 1252 5698 inhabitat,
1287 5632 1582 5703 fictumque
1609 5634 1759 5688 devi-

182 5731 273 5776 tat.
335 5721 644 5778 Secundum
698 5723 842 5792 quod
893 5723 1074 5793 itaque
1112 5723 1198 5778 his
1245 5722 1486 5779 innuitur
1515 5724 1758 5779 numeris

180 5814 309 5870 virit
346 5813 500 5883 Sara,
539 5817 662 5887 quia
688 5816 870 5872 taliter
894 5831 951 5874 se
978 5817 1186 5874 habens
1234 5827 1378 5874 recte
1416 5817 1758 5889 principatur

1856 4613 2032 4681 plorat
2062 4613 2128 4666 ad
2181 4624 2592 4669 monumentum
2629 4615 2810 4686 (Joau.
2844 4632 2936 4681 xx,
2972 4619 3080 4686 11).
3139 4617 3440 4690 Sepelimus

1857 4714 2141 4771 mortuum,
2175 4693 2295 4758 cum
2323 4707 2394 4759 nil
2429 4707 2478 4760 in
2507 4709 2607 4761 hoc
2633 4709 2834 4761 mundo
2862 4717 3190 4780 sperantem,
3218 4713 3440 4783 jamque.

1856 4801 2177 4855 crucifixum
2213 4801 2351 4856 intra
2409 4806 2605 4858 motuin
2648 4807 2875 4861 rationis
2935 4810 3277 4868 recondimus
3322 4813 3438 4865 atti-

1858 4906 2026 4944 mum.

1933 4989 2088 5044 Vnus.
2123 4989 2180 5053 5,
2214 4988 2266 5042 6.
2289 5017 2356 5026 —-
2395 4985 2894 5057 Responderuutque
2927 4987 3027 5056 ﬁlii
3079 4987 3215 5042 flet/1
3247 5004 3266 5041 .°
3301 4989 3438 5042 ducli

1858 5098 1970 5144 nos,
2005 5079 2272 5134 Domine?
2309 5076 2560 5148 Princeps
2596 5078 2692 5132 Dei
2723 5095 2776 5132 es
2825 5080 2964 5148 apud
3003 5097 3115 5144 nos,
3165 5082 3216 5133 in
3264 5080 3438 5132 electis

1857 5170 2108 5240 sepulcris
2151 5171 2340 5226 nostris
2365 5171 2536 5240 'sepeli
2575 5180 2834 5224 mortuum
2884 5180 3051 5234 litum,
3085 5170 3360 5241 nullusque
3391 5181 3438 5224 te

1856 5263 2124 5332 prohibere
2158 5264 2364 5332 poterit,
2399 5265 2545 5334 'quin
2595 5264 2648 5314 in
2687 5271 3019 5316 monumento
3059 5263 3172 5330 ejus
3215 5262 3436 5332 scpelias

1858 5365 2121 5410 mortuum
2153 5365 2323 5420 tuum.
2356 5353 2482 5408 Filii
2512 5353 2648 5408 [Ietlt
2674 5353 2903 5408 Abrahae
2937 5355 3284 5423 respondent,
3313 5371 3434 5416 cum

1859 5447 2219 5516 cogitationes
2269 5445 2470 5500 timidae
2533 5443 2758 5498 consilio
2820 5444 3046 5498 rationis
3109 5446 3434 5516 aggaudent.

1858 5539 2017 5604 Audi,
2050 5535 2318 5608 inquiunt,
2349 5555 2462 5604 nos,
2496 5537 2737 5602 Domine,
2781 5535 2835 5592 id
2875 5545 2960 5592 est
2994 5538 3438 5598 iutellectualiter

1859 5645 1958 5687 nos
1988 5631 2254 5685 discerne.
2291 5628 2631 5696 Principatus
2662 5629 2805 5683 enim
2842 5628 2933 5684 Dei
2972 5629 3118 5684 vices
3149 5629 3201 5682 in
3234 5629 3436 5685 nostris

1859 5720 2211 5777 interioribus
2239 5721 2376 5790 agis,
2414 5719 2558 5774 unde
2585 5727 2642 5774 et
2676 5718 2728 5774 in
2771 5718 3056 5790 Apocalysi
3089 5733 3208 5771 cum
3244 5717 3354 5774 Deo
3383 5722 3434 5772 in

1861 5817 2074 5882 throno,
2108 5813 2161 5870 id
2189 5811 2573 5883 estjudiciaria
2617 5820 2908 5884 potestate,
2949 5803 3212 5868 vincendo
3245 5813 3435 5868 sedere
