3978 6332
527 423 628 478 175

1376 401 1434 454 ν.
1469 395 1792 454 GUIBERTI
1823 397 2107 453 ABBATIS
2136 397 2197 454 S.
2237 393 2474 451 MARUE
2515 396 2600 449 DE
2628 389 3024 451 NOVIGENTO

3675 377 3780 448 ire

522 527 848 602 permittcris
878 522 1056 594 (Apoc.
1082 483 1177 580 ‘lll,
1206 511 1319 583 21),
1354 511 1478 564 dum
1516 510 1666 564 utilia
1718 511 1984 580 noxiaque
2016 511 2096 564 di-
2124 519 2166 572 Α
2197 511 2336 562 intra
2369 517 2520 578 septa
2551 509 2918 598 .conscientize
2963 516 3166 564 statum
3218 507 3380 561 animi
3411 505 3525 576 jam
3580 503 3778 562 Stccult)

508 600 678 677 .vidis.
715 617 892 672 Electa
939 607 1204 676 sepulcra,
1239 601 1435 672 quibus
1489 600 1782 670 scpelimus
1827 610 2090 653 mortuum

520 711 708 763 activa:
751 712 832 758 est
874 709 928 754 et
971 691 1404 763 contemplativa:
1451 691 1575 744 vita:
1627 698 1921 755 secretum,
1973 690 2096 744 licet

519 811 743 868 qumque
773 792 874 845 alia
921 788 1097 841 virtus
1149 783 1458 854 sepulcrdm
1504 781 1609 836 dici
1659 782 1851 851 possit,
1892 796 1997 849 qua
2036 794 2094 834 se

517 887 744 956 quisque
785 895 814 933 a
863 876 1118 931 vitiorum
1161 872 1484 928 tumultibus
1525 871 1830 926 abscondit.
1877 869 1956 936 Si,
2010 871 2094 923 in-

517 974 725 1042 quiunt,
769 983 892 1023 cum
923 967 1033 1021 Deo
1073 965 1316 1020 sentiens
1344 961 1643 1034 principari
1676 961 1915 1032 legitime
1954 961 2095 1015 inter

513 1076 610 1114 nos
669 1057 940 1120 volueris,
998 1053 1176 1109 nullus
1228 1063 1275 1108 te
1326 1052 1598 1123 prohibere
1665 1052 1853 1120 poterit
1917 1059 2096 1105 motus

511 1161 714 1218 carnis,
749 1167 875 1222 quia
923 1150 1115 1219 sopitis
1150 1147 1542 1218 cogitationum
1590 1143 1857 1214 pestibus,
1909 1155 2097 1196 neces-

509 1245 656 1300 sario
698 1243 812 1313 jam
862 1257 968 1296 non
1025 1240 1130 1295 erit
1176 1237 1424 1309 perversi
1466 1235 1713 1292 molestia
1757 1243 1930 1300 actus,
1975 1247 2098 1303 qnt'e

509 1333 809 1404 prtepediat
848 1331 901 1386 in
947 1338 1282 1384 monumento
1329 1336 1595 1381 mortuum
1644 1339 1868 1394 ponere,
1914 1323 1965 1377 id
2016 1332 2100 1378 est

511 1426 654 1479 intra
685 1423 1005 1478 memoriam
1037 1420 1102 1474 ad
1134 1419 1549 1473 incitamentum
1599 1415 1958 1486 poenitentiae,
1992 1427 2096 1466 non

511 1515 578 1568 ad
604 1513 1008 1568 refricationem
1035 1509 1253 1563 malitire
1275 1506 1483 1576 peccati
1517 1505 1794 1560 licentiam
1821 1517 2096 1558 coercere.

510 1602 919 1656 Monumentum
949 1607 1132 1654 autem
1184 1611 1216 1652 a
1261 1595 1552 1662 monendo,
1602 1595 1757 1664 quasi
1791 1593 2098 1648 monimen-

511 1691 626 1746 tum
681 1691 901 1746 dicitur.
943 1689 1232 1745 Peccatum
1279 1701 1409 1742 vero
1455 1694 1732 1742 mortuum
1785 1683 2036 1749 dicimus,
2069 1698 2098 1738 a

509 1782 664 1850 cujus
694 1782 1097 1853 perpetratione
1125 1779 1431 1836 deficimus.

2197 601 2459 655 cruciﬁxi.

2265 690 2429 744 Vsus.
2462 689 2548 755 10,
2580 691 2664 744 Η.
2693 722 2762 730 —
2791 689 3075 743 llabitabat
3106 699 3278 744 autem
3313 690 3528 762 Ephren
3569 691 3625 743 in
3671 705 3774 743 me-

2193 779 2279 832 dio
2302 779 2531 848 ﬁliorum
2559 779 2715 833 Ileth.
2743 779 3126 850 Responditque
3150 777 3369 849 Ephron
3391 779 3460 832 ad
3484 779 3770 844 Abraham,

2193 873 2392 925 cunctis
2437 872 2794 934 audientibus,
2835 873 2923 941 qui
2957 872 3383 941 ingrediebantur
3410 881 3616 942 portam
3647 871 3775 924 civi-

2195 965 2318 1016 tatis
2347 963 2462 1032 ejus
2495 963 2675 1016 dicens
2703 975 2721 1013 :
2762 952 3108 1033 Nequaquam
3157 964 3230 1016 ita
3263 962 3382 1032 ﬁat,
3429 961 3653 1016 Domine
3681 963 3775 1028 mi,

2195 1056 2284 1108 sed
2336 1057 2501 1126 magis
2551 1055 2794 1110 ausculta
2843 1055 2984 1122 quod
3034 1054 3268 1125 loquor:
3318 1055 3519 1124 Agrum
3568 1055 3777 1108 tradant

2197 1147 2309 1213 tibi,
2341 1160 2385 1202 et
2431 1147 2731 1216 speluncam
2776 1164 2894 1218 qua:
2937 1150 2990 1202 in
3031 1165 3091 1202 eo
3135 1158 3232 1212 est,
3277 1148 3617 1218 praesentibus
3656 1147 3779 1215 ﬁliis

2197 1239 2374 1310 populi
2418 1240 2539 1304 mei,
2588 1239 2745 1310 sepeli
2783 1251 3045 1294 mortuum
3078 1250 3248 1294 tuum.
3289 1239 3437 1294 Inter
3472 1238 3611 1293 ﬁlios
3642 1237 3780 1294 llcth

2200 1331 2416 1400 Ephron
2472 1333 2711 1398 habitat,
2761 1348 2882 1386 cum
2932 1333 3351 1403 cogitationibus
3397 1344 3544 1387 metu
3597 1332 3780 1386 divino

2198 1421 2536 1486 conterritis,
2586 1420 2815 1476 allectus
2861 1431 3049 1476 noster
3082 1422 3174 1491 qui
3224 1438 3330 1476 non
3388 1422 3456 1477 ab
3494 1437 3554 1477 re
3603 1421 3782 1491 pulvis

2198 1513 2400 1568 dicitur
2442 1512 2671 1577 inutilis,
2723 1512 2880 1582 quasi
2927 1513 3161 1581 quodam
3215 1504 3484 1584 spirituali
3533 1514 3780 1577 humore,

2199 1604 2317 1674 ipsa
2345 1604 2532 1658 eadem
2562 1603 2850 1658 formidine
2876 1603 2942 1657 ad
2965 1619 3154 1658 earum
3176 1604 3500 1658 sententiam
3529 1618 3588 1658 se
3617 1603 3786 1657 strin-

2201 1698 2277 1768 git.
2307 1705 2360 1752 et
2407 1697 2625 1751 solidat.
2656 1696 3030 1766 Cogitationes
3080 1705 3262 1751 autem
3314 1695 3452 1750 ﬁlios
3485 1711 3648 1765 posse
3679 1695 3786 1751 dici

2197 1803 2266 1844 ex
2300 1790 2559 1860 sapientis
2593 1792 2757 1845 verbo
2800 1788 3108 1858 colligimus
3131 1830 3149 1854 ,
3177 1789 3269 1857 qui
3301 1788 3533 1858 vipereis
3580 1787 3787 1856 cogita-'-

582 1875 748 1930 Vsns.
781 1875 835 1941 7,
863 1877 920 1938 8,
948 1874 1002 1929 9.
1033 1905 1104 1914 —
1137 1871 1377 1927 Surrexit
1430 1870 1730 1936 Abraham,
1777 1878 1824 1923 et
1864 1869 2100 1923 adoravit

2207 1882 2379 1937 tiones
2414 1883 2700 1937 stultorum
2729 1882 3170 1954 generationibus
3199 1889 3499 1950 comparat,
3526 1890 3787 1944 mentem,

511 1971 762 2040 populum
803 1980 957 2025 ιρι-τω
985 2011 999 2036 ,
1058 1970 1204 2038 ﬁlios
1247 1967 1484 2023 videlicet
1537 1965 1696 2032 Heth,
1747 1964 1984 2035 dixitque
2033 1963 2101 2017 ad

511 2077 598 2113 eos
627 2075 646 2112 :
683 2060 746 2116 Si
782 2060 947 2127 placet
994 2061 1188 2114 animae
1219 2067 1423 2123 vestrae,
1460 2065 1517 2111 ut
1555 2056 1803 2123 sepeliam
1835 2064 2100 2108 mortuum

509 2171 704 2217 meum,
735 2153 914 2206 audite
942 2165 1044 2216 me,
1089 2161 1135 2205 et
1167 2149 1470 2204 intercedite
1501 2148 1642 2218 apud
1679 2146 1900 2217 Ephron
1932 2145 2099 2214 ﬁlium

514 2243 668 2308 Scor,
713 2252 769 2297 ut
805 2243 891 2296 det
941 2243 1070 2296 mihi
1115 2241 1417 2312 speluncam
1454 2239 1734 2309 duplicem,
1761 2255 1918 2308 quant
1949 2237 2099 2291 habet

511 2339 564 2392 in
605 2350 836 2392 extrema
871 2349 1021 2407 parte
1053 2339 1168 2408 agri
1211 2339 1316 2392 sui.
1350 2337 1428 2392 Do
1475 2339 1522 2391 ei
1559 2338 1831 2404 pecuniam
1865 2336 2098 2404 dignam,

513 2429 685 2483 tradat
718 2427 839 2500 [al.,
905 2430 1128 2497 pecunia
1174 2429 1335 2499 digna
1365 2426 1561 2498 tradat]
1605 2427 1732 2480 mihi
1767 2443 1879 2480 eam
1925 2441 2102 2479 coram

513 2521 654 2576 vobis
704 2521 759 2575 in
811 2521 1191 2589 possessionem
1250 2517 1536 2588 sepulchri.
1591 2517 1854 2571 Abraham
1908 2517 2100 2586 surgit,

512 2625 636 2666 cum
680 2611 748 2666 de
776 2611 1167 2681 cogitationum
1215 2625 1441 2664 assensu
1482 2608 1536 2662 in
1587 2623 1737 2677 spem
1783 2607 2104 2678 arripienda:

514 2702 820 2758 sanctitatis
879 2702 1186 2758 intellectus
1237 2717 1296 2757 se
1353 2700 1533 2772 erigit.
1594 2699 1800 2754 Aderat
1851 2699 2101 2769 populum

514 2806 690 2862 teme,
741 2809 863 2850 cum
909 2794 1197 2851 devotione
1245 2792 1434 2848 humili
1486 2791 1689 2861 exeipit
1733 2791 2100 2846 obedientiam

514 2887 867 2959 cogitationis
899 2885 1014 2956 jam
1060 2885 1268 2942 solidat.
1325 2885 1408 2950 Si,
1455 2884 1661 2953 inquit,
1714 2882 1879 2953 placet
1912 2883 2103 2937 animle

515 2988 718 3039 oestrw.
749 2978 801 3032 id
829 2987 913 3033 est
942 2977 1068 3033 huic
1095 2977 1196 3048 pia:
1219 2973 1555 3030 animositati
1585 2981 1798 3038 vestrm,
1829 2987 1931 3042 qua
1963 2972 2103 3028 desi-

513 3070 723 3125 derium
759 3080 963 3126 sanctae
992 3067 1424 3126 conversationis
1457 3065 1764 3134 aspirastis,
1801 3073 1861 3118 ut
1898 3080 1925 3118 a
1955 3079 2104 3135 pres-

514 3163 656 3218 suris
707 3161 1018 3218 forensibus
1066 3161 1275 3216 foveam
1321 3160 1594 3221 animum,
1645 3158 1824 3212 audite
1876 3173 1985 3223 me,
2036 3157 2103 3210 ad

513 3270 693 3310 memn
743 3255 1121 3324 obtemperate
1165 3253 1476 3322 imperium,
1527 3260 1573 3304 et
1614 3249 1912 3304 iutercedite
1963 3251 2106 3318 apud

513 3345 754 3416 Ephron,
787 3347 841 3402 id
872 3353 958 3401 cst
1001 3346 1147 3415 agite
1192 3360 1315 3400 curn
1361 3343 1556 3398 affectu
1603 3352 1804 3403 vestro,
1851 3341 1940 3410 qui
1985 3349 2104 3394 tan-

511 3453 676 3510 quam
708 3437 884 3508 pulvis
923 3437 1131 3494 inutilis
1179 3437 1447 3506 superbiae
1491 3443 1654 3490 vento
1687 3449 1717 3488 a
1767 3432 1906 3488 facie
1947 3444 2104 3488 terra:

513 3531 822 3602 projicitur,
865 3540 1139 3600 quatenus
1181 3535 1266 3584 det
1301 3529 1428 3582 mihi
1472 3526 1770 3598 speluncam
1821 3525 2100 3595 duplicem,

515 3623 800 3690 permittat
838 3621 1050 3677 scilicet
1094 3620 1342 3675 obtinere
1381 3617 1772 3682 scusnalétatis,
1813 3624 1868 3670 ct
1916 3616 2103 3685 imagi-

514 3713 754 3768 nationis
793 3712 1063 3783 geminam
1111 3725 1336 3766 caveam
1367 3709 1516 3764 ferali
1561 3708 1796 3779 quadam
1843 3707 2102 3762 aviditate

515 3807 682 3860 rebus
704 3807 982 3875 corporeis
1012 3805 1334 3869 inhiantem,
1366 3802 1566 3858 nullius
1602 3800 1900 3870 spiritualis
1929 3800 2101 3855 scien-

516 3898 604 3952 tiae
652 3913 931 3967 capacem.
991 3897 1210 3966 Ephron
1260 3905 1441 3950 autem
1499 3895 1886 3961 interpretatur
1933 3891 2100 3962 pulvis

521 3989 742 4055 inutilis,
777 3989 829 4044 in
874 4005 979 4060 quo
1009 3987 1234 4044 all'cctus
1279 3987 1573 4042 instabilis.
1605 3986 1655 4040 Is
1681 3993 1762 4040 est
1784 3985 1840 4038 in
1869 3994 2100 4038 extrema

514 4091 664 4149 parte
704 4083 841 4151 agri,
877 4083 930 4136 in
974 4082 1060 4137 bis
1101 4081 1286 4150 utique
1312 4095 1432 4149 quae
1473 4078 1816 4133 extrinsecus
1851 4074 2102 4145 adjacent

517 4173 754 4243 corpori.
782 4175 925 4243 Ager
955 4183 1138 4228 autem
1165 4187 1366 4241 corpus
1411 4178 1494 4225 est
1521 4168 1877 4224 excolendum
1925 4169 2101 4225 cultro

516 4264 743 4336 ingenii.
795 4266 876 4320 Do
927 4267 975 4320 ei
1027 4266 1304 4334 pecuniam
1355 4264 1604 4333 dignam,
1664 4261 1844 4314 vinum
1893 4253 2103 4315 scilicet

515 4357 666 4425 illud,
710 4359 854 4428 quod
893 4359 945 4412 in
980 4357 1222 4413 Cauticis
1264 4355 1488 4420 dicitur,
1531 4353 1686 4409 dulce
1712 4352 1895 4407 dilecti
1944 4352 2101 4409 labiis

516 4453 584 4506 ad
621 4451 1023 4516 ruminandum,
1054 4459 1107 4504 ct
1135 4448 1336 4521 gutturi
1369 4449 1487 4516 eius
1510 4460 1763 4517 saporum
1791 4444 1970 4516 (Cant.
2002 4461 2096 4513 vn,

2203 1975 2298 2038 ait,
2328 1975 2637 2039 comedunt,
2667 1985 2894 2030 matrem
2920 1987 3093 2028 suam.
3120 1975 3175 2029 In
3203 1973 3378 2028 medio
3402 1987 3530 2028 vero
3555 1973 3781 2041 Ephrou

2203 2065 2432 2130 habitat,
2465 2067 2589 2134 quia
2622 2067 2815 2120 rationi
2845 2065 3082 2121 innitens
3115 2075 3302 2120 noster
3331 2063 3557 2119 allectus
3590 2063 3788 2118 iisdem

2203 2156 2621 2228 cogitationibus
2669 2173 2734 2212 ac
2779 2157 2825 2212 si
2867 2148 2974 2213 dux
3029 2157 3226 2228 aliquis
3272 2155 3536 2210 militibus
3581 2155 3794 2210 utiliter

2197 2247 2307 2316 jam
2336 2261 2392 2301 se
2419 2248 2614 2313 munit,
2643 2255 2698 2301 et
2727 2247 3021 2317 constipat.
3055 2247 3271 2317 Ephron
3297 2245 3530 2300 Abrahae
3561 2259 3794 2314 respon-

2204 2339 2302 2403 dit,
2329 2355 2451 2394 cutn
2488 2337 2714 2394 allectus
2745 2340 2972 2393 rationis
3003 2338 3206 2409 monita
3245 2345 3523 2406 gratanter
3556 2336 3794 2406 accepit.

2203 2429 2305 2496 Qui
2361 2429 2739 2497 ingrediuntur
2793 2437 3001 2498 portam
3055 2427 3292 2482 civitatis
3349 2427 3602 2493 audiat,
3665 2442 3794 2482 cum

2203 2523 2441 2577 nnivcrsi
2471 2521 2733 2575 animales
2762 2519 2934 2575 nostri
2966 2521 3219 2590 impetus,
3253 2520 3345 2590 qui
3379 2519 3628 2574 timorem
3661 2517 3794 2582 Dei,

2203 2613 2294 2684 qui
2351 2622 2502 2682 porta
2554 2613 2620 2666 ad
2669 2611 2858 2674 Deum,
2911 2620 2968 2666 et
3019 2609 3083 2665 ad
3120 2610 3231 2682 90
3280 2610 3460 2666 cordis
3510 2609 3794 2664 civitatem

2204 2708 2555 2763 redeuntibus
2598 2715 2708 2770 est,
2760 2705 3132 2777 experiuntur,
3187 2704 3464 2776 preposito
3513 2703 3798 2775 religionis

2204 2798 2484 2852 ohediunt.
2519 2795 2892 2866 Nequaquam,
2925 2795 3020 2859 ait,
3053 2793 3297 2859 Domine,
3321 2793 3564 2848 scientiae
3595 2809 3798 2864 opero-

2204 2887 2318 2943 sius
2345 2887 2474 2942 mihi
2501 2885 2946 2942 commendanda:
2961 2885 3370 2954 Scripturarum
3397 2884 3641 2950 insistas,
3667 2885 3797 2954 quia

2207 2978 2252 3032 si
2303 2977 2483 3032 nullus
2531 2983 2696 3042 esset,
2746 2973 2838 3046 qui
2884 2991 2969 3032 me
3010 2983 3276 3039 moneret,
3321 2991 3502 3032 sermo
3553 2976 3797 3038 divinus.

2206 3071 2354 3126 nullo
2381 3073 2540 3128 modo
2574 3079 2753 3127 tamen
2787 3071 2998 3140 tepidus
3035 3071 3260 3140 reperiri
3292 3085 3507 3140 possem
3537 3085 3668 3142 erga
3706 3071 3799 3125 Dei

2207 3163 2510 3220 voluntates
2556 3165 2952 3234 exsequendas.
2985 3162 3134 3217 Talia
3183 3163 3510 3234 cegitamus,
3548 3178 3680 3218 cum
3735 3164 3800 3216 ad

2209 3267 2420 3327 tempus
2466 3257 2738 3328 sptrituali
2771 3255 3040 3311 desiderio
3089 3253 3446 3310 alfectualiter
3481 3253 3799 3309 inflamma-

2206 3364 2347 3403 mur.
2403 3347 2560 3406 Unde
2601 3349 2818 3403 additur
2858 3365 2871 3402 :
2917 3347 3170 3403 Ausculta
3219 3345 3358 3416 quod
3403 3346 3610 3416 loquor,
3668 3349 3800 3417 quia

2207 3441 2376 3496 multo
2413 3441 2675 3512 ampliora
2705 3441 2961 3512 proponit
2988 3439 3299 3508 aliquoties,
3344 3437 3472 3493 dum
3505 3439 3572 3494 ad
3600 3439 3803 3494 horam
3891 3439 3900 3442 ’

2205 3533 2405 3587 novitia
2436 3532 2614 3588 fervet
2652 3531 2886 3596 aﬂ'ectio,
2935 3545 3097 3600 quam
3141 3529 3270 3584 velit
3301 3530 3519 3600 aggredi
3567 3530 3805 3601 spiritus

2206 3623 2364 3692 hujus
2393 3623 2572 3678 nimiae
2603 3623 2907 3678 alacritatis
2938 3621 3272 3676 moderator.
3327 3621 3548 3689 Agrum,
3589 3621 3804 3692 inquit,

2205 3718 2451 3786 corporis
2501 3726 2592 3772 tuo
2643 3714 3092 3786 irrelragabilitcr
3135 3713 3244 3783 juri
3293 3713 3617 3781 subjiciam,
3676 3727 3804 3768 sen-

2205 3808 2506 3874 sualitatis,
2541 3823 2601 3863 ac
2634 3807 3042 3879 imaginalitatis
3087 3807 3358 3877 geminam
3401 3807 3805 3876 capacitatem,

2203 3897 2504 3966 speluncam
2545 3899 2734 3967 utique
2783 3898 3051 3968 duplicem
3095 3897 3392 3952 attribuam
3427 3897 3808 3965 prasentihns

2204 3988 2362 4053 liliis,
2413 3989 2466 4044 id
2501 3997 2586 4044 est
2633 3989 3079 4061 cogitationibus,
3128 4003 3235 4042 non
3275 3985 3388 4056 jam
3442 3987 3511 4041 ab
3543 3987 3804 4040 interiori

2203 4097 2299 4138 sua
2329 4082 2636 4138 oberrando
2679 4098 2814 4137 cura
2851 4082 3094 4146 remotis,
3124 4080 3218 4135 sed
3269 4081 3334 4134 ad
3362 4081 3510 4150 pium
3553 4078 3804 4134 cilicium

2205 4176 2512 4232 astantibus
2542 4183 2598 4229 et
2623 4175 2854 4230 devotis.

2273 4268 2439 4323 Vens.
2473 4267 2558 4331 12,
2591 4267 2680 4330 15,
2707 4266 2794 4331 Η,
2827 4265 2913 4320 l5.
2943 4297 3013 4306 -—
3035 4266 3286 4319 Adoravit
3314 4265 3584 4318 Abraham
3616 4283 3807 4320 coram

2203 4359 2392 4431 pepulo
2422 4371 2598 4422 ιρι-ναν,
2630 4369 2675 4411 et
2714 4358 2918 4410 locutus
2949 4367 3021 4409 est
3057 4356 3123 4407 ad
3160 4355 3374 4426 Ephron
3416 4357 3808 4408 circumstante

2203 4452 2392 4522 plebe:
2441 4451 2630 4516 Qua'so
2684 4460 2737 4503 ut
2787 4450 2978 4503 audias
3031 4465 3146 4508 me:
3195 4449 3329 4501 dabo
3375 4450 3658 4516 pecuniam
3710 4461 3810 4519 pro

515 4543 596 4612 9),
639 4544 925 4599 scientiam
957 4543 1148 4612 utique
1173 4541 1586 4611 Scripturarum
1618 4537 1768 4594 omni
1798 4537 2097 4609 diligentia,
2128 4559 2169 4614 ο
2203 4558 2352 4610 agro,
2375 4541 2578 4609 suscipe
2606 4555 2742 4602 eam,
2771 4549 2817 4592 et
2852 4541 2926 4592 sic
2961 4541 3205 4609 sepeliant
3238 4551 3500 4593 mortuum
3533 4558 3720 4595 meum
3754 4545 3808 4595 in

514 4648 571 4708 et,
593 4625 942 4690 meditatione
973 4635 1190 4705 dignam
1235 4634 1285 4687 ei
1335 4631 1679 4686 administro.
1725 4629 1862 4684 lluic
1905 4630 2102 4700 spretis

516 4725 864 4780 saecularibus
913 4724 1085 4789 curis,
1133 4721 1522 4792 multiplicibus
1569 4721 1890 4775 interiorum
1941 4735 2102 4790 nego-

519 4817 722 4872 tiorum
764 4815 1196 4885 impensionibus
1239 4813 1672 4884 augmentandte,
1708 4822 1763 4866 et
1804 4812 1910 4866 huc
1951 4811 2102 4865 illnc-

518 4927 624 4980 que
657 4925 761 4964 non
791 4908 1138 4974 continendo,
1171 4909 1265 4962 sed
1287 4907 1560 4975 erogando
1584 4905 1893 4968 dilatanda',
1921 4904 2098 4958 inten-

519 5002 648 5058 dere
691 4992 1064 5070 Opportunum
1116 5013 1332 5068 semper
1386 5006 1469 5052 est
1519 5007 1572 5050 ct
1621 4995 1836 5050 salubre
1886 4995 2100 5050 alfectui

517 5102 726 5148 nostro.
757 5089 946 5144 Coram
973 5091 1113 5144 vobis
1141 5107 1255 5145 eam
1284 5090 1411 5143 mihi
1441 5089 1616 5142 tradat
1648 5089 1702 5141 in
1728 5088 2101 5156 possessionem

518 5181 764 5251 sepulcri,
817 5180 1070 5234 videlicet
1118 5196 1239 5234 cum
1281 5195 1448 5235 sacra:
1481 5179 1689 5250 pagina:
1737 5165 2030 5247 pecuniam
2071 5193 2099 5231 a

521 5288 609 5327 me
642 5271 937 5325 (ur-audam
968 5271 1519 5341 pertractandamque
1569 5271 1888 5340 susceperit,
1928 5281 1986 5325 ut
2017 5272 2098 5325 in-

523 5360 815 5418 teriorib’us
857 5360 1021 5416 lucris
1054 5363 1296 5427 studeat,
1343 5377 1466 5416 cum
1507 5363 1571 5417 ab
1611 5363 1971 5417 exterioribus
2004 5379 2099 5416 va-

519 5469 647 5507 care
706 5452 974 5521 cmpcrit,
1037 5453 1152 5522 ipse
1216 5454 1486 5526 appetitus
1542 5455 1812 5524 quondam
1868 5455 2101 5509 carnalis

519 5547 649 5600 mihi
679 5561 792 5599 eam
828 5546 1024 5610 tradat,
1069 5547 1201 5602 mihi
1247 5549 1456 5604 scilicet
1503 5549 1704 5604 habere
1752 5549 1953 5603 volenti
1982 5565 2100 5617 spe-

521 5635 734 5689 luncam
769 5633 1026 5704 duplicem
1057 5637 1367 5694 nullatenus
1403 5641 1772 5705 contradicat,
1807 5655 1983 5693 coram
2014 5655 2101 5692 eo-

521 5725 599 5782 bis
640 5727 970 5783 assentiente
1022 5730 1207 5799 utique
1257 5732 1509 5788 universo
1549 5741 1697 5788 motu
1734 5731 2098 5802 cogitationis,

522 5820 576 5874 in
603 5820 981 5888 possessionem
1009 5821 1253 5893 sepulcri,
1283 5832 1341 5879 ut
1368 5823 1526 5880 liceat
1551 5829 1602 5878 in
1633 5832 1746 5879 tuto
1775 5839 2102 5880 conservare

2203 4647 2284 4685 eo.
2314 4630 2594 4700 Respondit
2628 4629 2878 4700 Ephron:
2912 4630 3129 4685 Domine
3151 4633 3245 4697 mi,
3267 4632 3414 4686 audi.
3439 4631 3606 4687 Terra
3634 4652 3808 4705 quam

2200 4724 2435 4788 postulas
2466 4723 2862 4794 quadringentis
2909 4723 3111 4792 argenti
3135 4723 3275 4776 siclis
3313 4724 3485 4790 valet;
3531 4727 3688 4780 istud
3731 4737 3808 4781 est

2201 4813 2422 4882 pretium
2454 4813 2591 4866 inter
2612 4829 2712 4875 me,
2745 4821 2792 4865 et
2839 4821 2906 4874 te,
2941 4811 3030 4866 sed
3057 4823 3310 4882 quantum
3337 4824 3411 4867 est
3451 4815 3595 4868 hoc?
3625 4817 3814 4888 Sepeli

2202 4914 2468 4957 mortuum
2491 4915 2660 4958 tmtnt.
2688 4904 2954 4959 Abraham
2979 4921 3154 4958 caram
3177 4905 3368 4976 populo
3390 4917 3546 4961 terra:
3574 4911 3810 4976 adorat,

2203 5011 2325 5050 cum
2365 5003 2756 5066 cogitationum
2800 4996 2952 5051 turba
2983 5012 3010 5049 a
3043 5011 3139 5050 sua
3173 4997 3512 5066 dispersione
3544 5015 3814 5068 reversa,

2205 5099 2258 5142 et
2287 5088 2354 5142 ad
2382 5103 2548 5141 unum
2579 5096 2791 5150 coacta,
2824 5096 2872 5141 ct
2904 5086 3304 5157 quodammodo
3335 5089 3436 5143 sibi
3471 5088 3574 5159 ipsi
3611 5107 3814 5146 coram

2205 5178 2367 5242 facta,
2398 5194 2562 5248 penes
2590 5181 2758 5234 Deum
2793 5180 2936 5234 ratio
2965 5195 3084 5235 sese
3115 5181 3384 5235 humiliat.
3416 5181 3577 5239 Unde
3609 5195 3674 5240 et
3706 5201 3815 5255 ρο-

2201 5271 2358 5340 palus
2409 5282 2570 5326 terrae
2620 5272 2838 5336 dicitur,
2897 5286 3018 5325 cum
3077 5273 3406 5342 cogitatnum
3467 5286 3814 5333 nostrorum

2203 5364 2474 5420 mobilitas
2530 5364 2598 5417 ad
2647 5363 2863 5417 modum
2919 5373 3075 5417 terras
3132 5365 3440 5434 aliquandiu
3488 5369 3812 5436 stabilitur,

2201 5457 2420 5510 et'harc
2469 5455 2621 5524 plebs
2661 5455 3000 5519 circumstat,
3059 5456 3185 5510 dum
3238 5457 3513 5520 Abraham
3564 5459 3814 5529 Ephron

2203 5545 2467 5614 loquitur,
2499 5545 2625 5614 quia
2674 5546 2936 5614 cogitatio
2980 5545 3034 5601 in
3078 5563 3191 5601 suae
3222 5547 3439 5618 fervore
3480 5549 3816 5609 devotionis

2203 5638 2495 5691 constituta
2529 5637 2840 5702 circumest,
2871 5637 2996 5691 dum
3036 5654 3129 5692 sua
3164 5639 3352 5693 intima
3389 5640 3640 5711 undique
3673 5661 3814 5714 pro-

2203 5728 2326 5783 vide
2372 5738 2566 5790 munit,
2599 5741 2698 5780 nec
2735 5743 2794 5780 se
2825 5744 2853 5780 a
2897 5729 3122 5783 rationis
3156 5731 3375 5784 oraculo
3413 5732 3636 5800 dividit,
3695 5747 3816 5793 stat
3875 5727 3894 5746 ’

2212 5837 2443 5891 quoque,
2474 5821 2601 5875 dum
2651 5819 2717 5875 ad
2749 5822 3016 5889 quoslibet
3043 5823 3298 5878 vitiorum
3345 5825 3588 5881 assultus
3637 5831 3819 5898 spiri-
