3982 6360
177 381 303 437 ΓΠ

1287 386 1650 444 nomnen
1676 387 1742 443 IN
1781 387 2076 450 GENESIN
2100 394 2228 452 LIB.
2265 378 2346 453 v1;

3347 408 3446 466 178

181 497 268 563 tui
299 493 522 552 obedire
549 502 602 553 et
642 506 858 553 certare
901 507 1088 568 parata
1134 500 1408 556 consistit.
1456 501 1555 557 Est
1602 503 1771 567 enim,
1805 507 1850 566 Δ
1879 519 1962 560 est
1986 511 2230 564 omnium
2259 510 2527 566 veritatis.
2554 511 2634 566 Ad
2665 511 2803 568 hanc
2846 523 2957 570 tota
2987 515 3095 571 Lex
3127 517 3351 587 pendet,
3396 534 3454 578 et

183 599 348 662 quasi
385 589 665 664 proprium
695 599 843 645 stare
873 590 1156 646 certantis.
1185 590 1399 656 Quwso,
1445 593 1542 657 ait,
1571 609 1640 649 ne
1681 602 1770 648 tuo

184 683 450 738 moderno
495 683 665 739 calori
700 682 926 736 nimium
981 681 1140 746 ﬁdas,
1188 696 1406 752 precor,
1459 684 1670 748 audias,
1725 684 1776 738 id

181 784 271 828 est
301 775 511 831 discere
541 759 609 829 ne
640 789 862 838 renuas,
902 773 1059 828 velox
1098 773 1164 826 ad
1193 773 1522 828 audiendum
1551 774 1775 840 existas,

185 865 309 918 sine
325 864 623 934 Scriptura:
649 867 974 920 documento
1003 863 1075 917 nil
1103 878 1260 932 posse
1289 873 1342 918 te
1364 863 1542 919 facere
1563 864 1774 928 eredas,

184 955 334 1010 hanc
367 971 495 1026 ergo
545 971 644 1026 pro
671 971 803 1026 agro
831 955 1094 1025 excipias,
1127 964 1186 1008 ut
1217 969 1322 1008 non
1357 956 1410 1008 in
1441 954 1665 1024 agresti,
1712 969 1776 1008 ac

185 1046 362 1099 sterili
416 1048 663 1117 corporis
708 1047 892 1110 cultu,
943 1047 1037 1102 sed
1083 1045 1151 1101 de
1193 1047 1488 1116 spiritualis
1535 1046 1777 1115 pecunia:

185 1137 484 1205 gratulcris
520 1147 802 1206 provectu.
838 1137 1039 1201 Siclus,
1081 1137 1235 1208 juxta
1267 1139 1409 1206 quod
1449 1137 1666 1208 legitur,
1696 1137 1776 1189 vi-

187 1225 326 1295 ginti
359 1226 546 1282 obolos
579 1228 742 1282 habet
769 1245 782 1292 ;
813 1227 1004 1282 obolus
1032 1242 1164 1282 velo
1194 1243 1222 1280 a
1255 1225 1611 1300 similitudine
1635 1226 1776 1280 obeli

187 1319 414 1384 dicitur,
448 1321 590 1389 quod
627 1331 710 1376 est
740 1321 968 1392 sagitta;
1021 1321 1187 1376 siclus
1207 1336 1336 1388 ergo
1365 1320 1554 1390 viginti
1589 1321 1774 1376 obolos

187 1412 498 1479 continens,
517 1428 668 1468 sacra
688 1414 876 1484 pagina
905 1422 1005 1478 est,
1030 1429 1150 1483 qua:
1169 1412 1489 1483 Decalogum
1509 1413 1774 1478 scientiae,

188 1511 244 1557 et
267 1503 572 1569 denarium,
594 1505 642 1558 id
665 1515 747 1559 est
768 1504 1154 1574 perfectionem
1183 1505 1342 1560 nobis
1368 1505 1616 1575 proponit
1647 1519 1775 1575 ope-

188 1596 420 1652 rationis
451 1597 626 1661 honm,
658 1597 855 1667 quibus
890 1599 1043 1668 quasi
1081 1599 1296 1668 sagittis
1331 1599 1462 1652 vitia
1507 1597 1776 1654 feriuntur

183 1687 403 1751 animae,
453 1689 646 1758 hisque
689 1705 900 1744 rursum
948 1705 1102 1746 mens
1151 1693 1396 1762 tangitur
1445 1691 1773 1747 vulneranda

180 1779 477 1834 charitate.
528 1779 850 1836 Vicenarius
904 1783 1048 1836 enim
1107 1783 1190 1839 bis
1245 1783 1529 1838 denarium
1589 1784 1770 1838 habet.

182 1867 326 1949 Quia
365 1877 546 1924 autem
589 1871 970 1942 quadringenti
1013 1880 1431 1941 quatercentum
1467 1873 1769 1939 ctmtinent,
1807 1841 1848 1902 Β

179 1967 240 2013 et
287 1969 523 2030 quatuor
578 1963 868 2031 Evangelia
921 1964 1120 2019 mundo
1172 1963 1590 2030 abrenuntiare,
1632 1964 1774 2032 quod

185 2051 492 2120 perfectum
545 2063 658 2117 est,
698 2053 946 2115 edocent,
978 2055 1068 2123 qui
1119 2055 1376 2123 plenariaa
1417 2055 1690 2119 scientiis,
1723 2063 1780 2108 ct

188 2144 424 2198 actionis
463 2145 689 2215 integra:
739 2145 1015 2210 denarios,
1067 2146 1118 2199 id
1147 2156 1232 2200 est
1279 2145 1640 2216 perfectiones
1676 2147 1778 2200 ha-

191 2233 324 2289 bent
366 2248 430 2286 ex
463 2233 757 2303 Scriptura:
791 2233 980 2304 legalis
1025 2236 1379 2300 documento,
1429 2235 1785 2305 perfectionis

188 2324 572 2387 centenarium
609 2335 975 2394 assequuntur
1001 2341 1064 2380 ex
1098 2336 1332 2395 quatuor
1363 2327 1778 2398 Evangeliorum

191 2413 394 2476 dictis,
450 2415 662 2482 seipsos
716 2415 1056 2483 abnegando.
1119 2415 1462 2470 Adolescenti
1515 2429 1805 2484 namque,

190 2511 284 2580 qui
316 2511 558 2580 legemla'
581 2511 841 2579 primaevo
869 2507 1224 2570 custodierat,
1275 2507 1476 2563 dicitur
1519 2521 1549 2560 a
1595 2506 1778 2561 Domi-

189 2623 263 2660 no
283 2646 297 2668 ,
329 2614 387 2658 ut
417 2605 460 2659 si
495 2604 622 2659 velit
661 2603 936 2674 perfectus
968 2617 1110 2665 esse,
1146 2617 1268 2674 qua:
1299 2600 1548 2669 possidet
1582 2601 1781 2654 vendat

188 2696 408 2769 (Matth.
439 2713 549 2760 XIX,
581 2696 697 2767 2|).
731 2695 1053 2767 Decalogum
1102 2695 1390 2750 exterioris
1422 2692 1780 2749 observantia:

187 2794 517 2859 attenderat,
563 2801 619 2846 et
655 2792 778 2846 ideo
814 2789 1198 2846 intellectualis
1245 2787 1493 2860 Decalogi
1532 2803 1656 2842 eum
1691 2803 1785 2842 sa-

189 2885 323 2956 gitta
353 2900 458 2938 non
489 2883 759 2939 vulnerat.

265 2974 418 3031 Valet
459 2990 587 3046 ergo
619 2984 760 3029 terra
800 2971 1050 3044 corporis
1082 2973 1251 3027 nostri
1282 2971 1679 3044 quadringentis
1707 2971 1779 3025 si—

190 3066 306 3133 clis,
357 3067 482 3136 quis
515 3066 594 3120 nil
641 3065 855 3131 stabile,
887 3073 1167 3131 coiistans,
1219 3074 1316 3119 aut
1361 3065 1600 3120 validum
1635 3065 1688 3119 in
1719 3080 1784 3120 se

1879 601 2155 670 propheta:
2184 600 2402 672 (Matth.
2434 618 2574 668 xxn,
2601 603 2724 675 40);
2758 605 2968 674 publica
2997 615 3176 662 autem
3199 618 3304 675 est,
3327 613 3453 680 quia

1881 693 2124 758 rudibus,
2166 703 2222 747 ct
2254 693 2408 763 quasi
2442 695 2675 762 publicis
2709 697 2940 768 ingeniis
2973 699 3292 755 naturaliter
3339 703 3453 757 sin-

1877 783 2076 838 ceritas
2113 782 2340 851 iustitia:
2381 785 2766 854 cognoseibilis
2823 803 2943 842 esse
2987 798 3183 858 potest,
3230 793 3454 860 probata

1878 891 2028 942 vero,
2057 877 2184 946 quia
2221 876 2338 931 sine
2365 877 2608 931 externis
2636 882 2971 948 argumentis
3000 881 3194 946 elucet,
3228 898 3292 937 ac
3321 899 3457 953 prte-

1878 970 2048 1024 miuet
2092 985 2189 1040 per
2217 969 2452 1038 seipsam
2484 967 2594 1038 ipsa
2629 967 2925 1039 Scriptura:
2966 987 3134 1027 sacra:
3161 974 3387 1042 paritas.

1951 1060 2113 1115 Vens.
2162 1062 2250 1127 l7,
2301 1061 2404 1125 18,
2465 1061 2551 1118 19.
2606 1092 2676 1101 -
2718 1060 3172 1136 Conﬁrmatusque
3213 1077 3288 1120 est
3338 1083 3460 1136 ager

1877 1153 2143 1223 quondam
2174 1153 2461 1221 Ephronis,
2498 1153 2552 1208 in
2581 1171 2684 1224 quo
2726 1164 2838 1208 erat
2876 1153 3122 1224 spelunca
3152 1157 3344 1225 duilex
3381 1175 3462 1212 rc-

1877 1245 2098 1313 spiciens
2144 1242 2355 1308 Manre,
2398 1254 2506 1299 tam
2535 1245 2642 1315 ipse
2687 1262 2850 1316 quam
2877 1247 3146 1315 spelunca,
3192 1258 3239 1301 et
3287 1266 3470 1304 omnes.

1877 1333 2090 1388 arbores
2123 1335 2237 1404 ejus
2261 1334 2366 1405 91
2400 1336 2453 1390 in
2497 1337 2698 1391 cunctis
2747 1337 2982 1391 terminis
3032 1354 3124 1406 per
3161 1340 3460 1404 circuitum,

1877 1425 2103 1480 Abrahae
2149 1428 2204 1481 in
2259 1429 2640 1498 possessionem
2681 1429 2974 1485 videntibus
3024 1430 3151 1498 [iliis
3207 1428 3368 1494 llcth,
3415 1443 3460 1483 et

1877 1517 2076 1570 cunctis
2101 1519 2191 1587 qui
2219 1517 2486 1572 intrabant
2529 1528 2734 1590 portam
2758 1519 3000 1573 ciuitatis.
3032 1520 3195 1590 Atque
3223 1521 3295 1573 ita
3326 1536 3443 1589 sepe

1877 1605 1984 1659 livit
2016 1607 2282 1662 Abraham
2317 1607 2510 1662 Saram
2556 1626 2770 1663 uxorem
2809 1626 2958 1663 suam
2987 1611 3039 1663 in
3075 1598 3320 1678 spelunca
3349 1626 3466 1678 agri

1876 1696 2096 1768 duplici,
2135 1701 2225 1771 qui
2276 1701 2580 1770 respiciebat
2615 1700 2824 1754 Manrc.
2873 1699 3003 1756 "tl’c
3048 1712 3120 1755 est
3170 1701 3378 1756 llebron
3410 1703 3462 1754 in

1879 1797 2019 1842 terra
2077 1787 2354 1844 Chanaan.
2409 1790 2544 1861 Ager
2595 1792 2858 1862 quondam
2917 1790 3208 1860 Is'pltronis,
3265 1807 3462 1862 corpus

1877 1880 2086 1936 scilicet
2116 1882 2245 1937 olim
2287 1885 2560 1938 subditum
2613 1885 2873 1954 appetitui
2911 1885 3110 1950 carnis,
3147 1886 3200 1938 in
3229 1902 3330 1956 quo
3363 1886 3462 1937 du-

1875 1970 1995 2042 plex
2031 1973 2278 2042 spelunca
2321 1975 2694 2030 scnsualitatis
2739 1991 2803 2029 ac
2840 1976 3248 2047 imaginalitatis
3295 1976 3464 2031 fervet

1879 2063 1946 2117 ad
1983 2063 2207 2118 insidias
2253 2066 2518 2130 avaritim,
2554 2081 2619 2120 ac
2657 2067 3001 2136 rapacitatis,
3053 2067 3280 2121 Abi-aha:
3326 2083 3456 2122 con-

1880 2151 2130 2207 ﬁrmatur
2157 2155 2212 2208 in
2243 2155 2643 2223 possessionem,
2677 2157 2804 2211 dum
2833 2158 2973 2226 quod
3002 2158 3053 2210 in
3091 2159 3465 2214 (‘OllVCl‘SiOlllS

1882 2243 2038 2298 initio
2085 2261 2192 2300 non
2225 2247 2346 2301 sine
2391 2247 2638 2302 molestia
2684 2249 3100 2313 observabatur,
3158 2251 3355 2304 transit
3411 2251 3479 2305 in.

1881 2333 2304 2392 delectationem
2339 2353 2438 2408 per
2489 2339 2782 2396 irremissm
2814 2341 3119 2396 devotionis
3159 2341 3469 2412 jugitatem.

1881 2427 2052 2485 Porro
2085 2444 2186 2498 per
2231 2429 2546 2500 speluncam
2596 2447 2787 2487 sensus
2824 2440 2878 2486 et
2915 2432 3177 2500 imagines
3222 2447 3328 2485 non
3382 2431 3466 2484 in-

1882 2521 2150 2577 concinne
2199 2522 2532 2593 accepimus,
2583 2525 2709 2592 quia
2755 2524 2832 2579 uti
2874 2524 2978 2587 leo,
3031 2532 3192 2594 atque
3238 2524 3375 2578 latro
3413 2525 3480 2578 in.

1881 2614 2093 2683 spelreis
2139 2614 2310 2670 latere
2347 2615 2554 2678 didicit,
2598 2616 2674 2670 ita
2709 2615 2936 2671 affectus
2979 2616 3258 2684 corporeis
3304 2615 3466 2669 rebus

1883 2705 2131 2771 inhians,
2165 2706 2309 2760 intra
2346 2716 2402 2760 et
2431 2716 2586 2761 extra
2613 2707 2839 2776 praefata
2881 2712 2986 2763 duo
3013 2707 3099 2761 illa
3131 2723 3194 2762 ac
3227 2707 3272 2762 si
3302 2723 3468 2778 quas-

1881 2799 2005 2853 dam
2061 2798 2430 2854 concavitatcs
2481 2799 2714 2855 obsidet.
2775 2799 2892 2854 Non
2942 2801 3089 2855 enim
3142 2801 3247 2855 alia
3305 2815 3468 2870 quam

1881 2888 2184 2957 corporalia
2223 2897 2458 2954 norunt;
2507 2888 2634 2944 hinc
2675 2889 2763 2942 ille
2811 2889 3113 2958 egreditur,
3161 2899 3219 2943 ut
3268 2905 3484 2944 caneth

1882 2977 2080 3047 piscat,
2115 2993 2210 3047 per
2240 2978 2357 3033 htec
2391 2977 2458 3032 ad
2507 2978 2656 3033 illum
2689 2978 2989 3049 corporalis
3029 2979 3196 3033 libido
3233 2979 3476 3050 ingredi--

1886 3079 1988 3134 tur,
2021 3081 2080 3124 ut
2106 3078 2384 3141 suggerat.
2417 3069 2714 3141 Postquam
2743 3072 2988 3141 corporis
3013 3070 3278 3140 fragilitas
3302 3071 3466 3124 animi

193 3159 380 3225 habet,
412 3158 514 3212 nisi
547 3167 859 3232 sanctarum
895 3156 1300 3228 Scripturarum
1327 3172 1357 3211 a
1380 3158 1635 3214 vitiorum
1658 3155 1780 3226 jure
1809 3185 1848 3240 ρ
1885 3161 2084 3214 virtute
2115 3160 2386 3226 lirinatur,
2427 3160 2616 3215 Manre
2655 3161 2800 3230 quod
2834 3163 3228 3230 interpretatur
3253 3160 3468 3214 divisio-

195 3251 500 3307 redimatur
551 3248 869 3328 impendiis;
922 3250 1027 3303 hoc
1073 3249 1216 3303 inter
1273 3249 1570 3314 rationem,
1606 3257 1662 3303 et
1701 3248 1782 3302 af-

196 3342 398 3396 fectum
431 3351 513 3396 est
543 3341 801 3410 pretium,
826 3340 954 3409 quia
983 3340 1200 3408 quoties
1227 3340 1531 3394 carnalium
1560 3340 1782 3394 lascivia

198 3433 499 3502 prorumpit
540 3431 852 3508 allectuum,
891 3443 948 3486 et
996 3431 1516 3503 corporisiudebile
1561 3440 1788 3500 usurpat

196 3531 264 3584 ad
301 3529 551 3584 libidines
579 3543 803 3600 agrum,
839 3528 918 3582 nil
961 3528 1186 3598 spiritus
1229 3535 1414 3582 noster
1458 3525 1786 3582 convenien-

197 3624 306 3677 t-ius
327 3623 470 3691 quod
497 3621 756 3693 appetitui
781 3621 963 3677 carnis
985 3627 1223 3691 opponat
1243 3618 1422 3674 habet
1443 3619 1509 3672 ad
1539 3633 1783 3681 manum,

193 3727 356 3781 quam
382 3710 680 3780 Scriptura:
703 3711 1110 3766 documentum.
1139 3709 1245 3765 Sed
1270 3719 1526 3774 quantum
1556 3719 1630 3762 est
1655 3709 1788 3762 hoc?

194 3803 272 3857 Ac
303 3801 348 3855 si
384 3801 624 3855 diceret-
683 3801 836 3856 Licet
871 3801 1051 3870 aliqua
1088 3800 1362 3870 quantitas
1400 3799 1494 3853 tibi
1537 3799 1785 3854 videatur

195 3891 454 3948 adversus
490 3889 740 3960 corporis
784 3891 1043 3958 impetum
1095 3888 1504 3958 Scripturarum
1541 3887 1784 3942 testimo—

197 3979 301 4036 niis
329 3978 628 4043 abundare,
677 3979 918 4048 appetitu
963 3989 1143 4032 tamen
1197 3978 1263 4032 ad
1305 3977 1536 4032 rationis
1565 3985 1666 4031 tua:
1695 3995 1784 4032 ar-

199 4073 415 4126 bitrium
463 4071 820 4142 complacato,
868 4069 945 4125 nil
993 4085 1246 4141 magnum
1297 4078 1402 4123 est.
1453 4067 1623 4138 Sepeli
1655 4083 1782 4138 ergo

200 4173 482 4228 mortuum,
535 4161 692 4216 bonis
739 4162 925 4232 utique
969 4160 1228 4231 operibus
1261 4168 1378 4229 tege
1426 4173 1626 4228 corpus
1661 4174 1784 4213 cor-

201 4252 491 4321 ruptivum,
533 4267 600 4306 ne
638 4268 735 4322 per
765 4253 887 4306 vita:
914 4251 1289 4305 remissionem
1331 4251 1558 4319 prodeat
1601 4249 1653 4303 in
1704 4249 1783 4303 fe-

203 4352 371 4398 torem
413 4343 724 4398 criminum.
757 4342 945 4414 (Vleas.
997 4341 1109 4412 16.)
1146 4343 1312 4396 Audit
1349 4343 1450 4397 hoc
1484 4342 1780 4408 Abraham,

204 4449 322 4486 cum
373 4435 658 4490 sentientis
701 4451 822 4489 cum
872 4434 984 4490 Deo
1033 4432 1440 4488 allectualitatis
1471 4447 1583 4488 sum
1631 4441 1782 4503 grate

1883 3267 1992 3316 nes,
2022 3251 2106 3305 vel
2141 3251 2439 3320 perspicua,
2469 3253 2716 3322 respicit,
2749 3253 2874 3320 quia
2927 3262 3214 3322 postquam
3253 3267 3406 3306 mens
3436 3268 3464 3304 a

1884 3344 2138 3398 vitiorum
2185 3360 2244 3398 se
2285 3343 2432 3398 lluxu
2485 3344 2803 3414 restringit,
2839 3345 3281 3414 perspicuitatem
3331 3343 3466 3397 divi-

1884 3433 2076 3498 sionis,
2109 3434 2160 3488 id
2191 3447 2274 3490 est
2323 3435 2672 3491 discretionis
2717 3436 2962 3506 attingit;
3003 3436 3117 3506 ipse
3145 3449 3274 3504 ergo
3318 3450 3468 3504 ager,

1884 3530 1940 3576 et
1967 3522 2246 3592 spelunca,
2279 3532 2336 3578 ut
2367 3523 2748 3594 prtemisimus,
2787 3521 3004 3576 interno
3035 3522 3214 3592 vigore
3249 3521 3470 3575 firman-

1887 3621 1996 3675 tur,
2048 3613 2142 3666 sed
2187 3622 2241 3666 et
2289 3613 2506 3666 arbores
2551 3614 2605 3666 in
2655 3611 2855 3666 cunctis
2904 3612 3162 3675 terminis,
3206 3611 3468 3666 universa":

1885 3703 2094 3758 scilicet
2145 3701 2504 3774 cogitationes
2555 3703 2787 3758 fructum
2844 3703 2917 3774 pii
2969 3704 3176 3773 operis,
3232 3713 3288 3758 et
3344 3703 3492 3757 folia-

1885 3802 2089 3846 sancta:
2130 3792 2424 3847 locutionis
2469 3793 2803 3855 emittentes,
2854 3792 2906 3845 in
2949 3792 3097 3844 on'mi
3151 3807 3246 3846 sua
3297 3793 3468 3845 inten-

1885 3886 2062 3950 tione,
2122 3901 2242 3956 qua:
2301 3885 2465 3954 quasi
2507 3885 2754 3954 qua‘dam
2814 3882 3094 3937 finalitatis
3140 3883 3377 3954 provisio
3415 3883 3482 3936 in.

1883 3979 2096 4033 cunctis
2129 3993 2246 4047 qua:
2272 3977 2482 4049 agimus
2511 3977 2851 4048 dignoscitur
2889 3989 3032 4040 esse,
3077 3975 3395 4030 solidantur.

1956 4069 2073 4124 Fiiii
2103 4069 2238 4124 llcth
2268 4069 2473 4135 vident,
2509 4084 2631 4124 cum
2671 4069 2868 4125 talibus
2921 4067 3150 4140 negotiis
3175 4066 3462 4138 cogitatio—

1886 4175 2012 4213 num
2065 4170 2242 4214 motus
2293 4159 2388 4214 ulli
2439 4174 2545 4214 non
2599 4159 2877 4224 invident;
2928 4157 3108 4215 cuncti
3154 4158 3318 4213 etiam
3375 4157 3468 4227 qui

1883 4257 2089 4319 portam
2140 4249 2364 4302 civitatis
2422 4249 2656 4313 intrant,
2701 4263 2892 4304 omnes
2932 4249 3120 4318 utique
3153 4247 3492 4313 rationales,_

1887 4338 2225 4409 imaginales,
2252 4337 2536 4393 sensuales
2561 4353 2778 4408 quoque
2807 4339 3062 4408 impetus,
3099 4338 3188 4408 qui
3222 4354 3319 4407 per
3342 4353 3468 4406 por—

1888 4440 1996 4484 tam
2029 4430 2193 4486 divini
2227 4430 2437 4486 timoris
2476 4429 2709 4502 (initium
2759 4430 2904 4486 enim
2955 4430 3238 4499 sapientiae
3283 4427 3385 4496 est)
3415 4438 3472 4482 et

205 4525 404 4592 excipit
449 4524 902 4580 benevolentiam.
956 4524 1212 4594 Appendit
1261 4524 1574 4593 pecuniam,
1623 4539 1780 4592 quam
1813 4531 1860 4589 ι)
1889 4530 2234 4591 peccatorum
2264 4521 2650 4588 confessionis,
2685 4523 2752 4576 ad
2789 4522 3064 4576 civitatem
3097 4521 3190 4576 Dei
3218 4537 3276 4575 se
3320 4520 3468 4575 colli—

207 4609 421 4681 Ephron
463 4614 847 4684 postulaverat,
901 4613 1234 4668 audientibus
1278 4611 1404 4680 ﬁliis
1454 4609 1626 4676 Heth;
1659 4612 1784 4682 quia

208 4704 454 4772 proponit
484 4705 786 4760 intellectus
815 4703 1028 4760 all'ectui
1075 4703 1370 4773 Scriptura:
1407 4703 1599 4763 divinze
1627 4702 1787 4771 justi-

207 4795 358 4858 tiam,
391 4809 497 4863 qua
529 4811 680 4850 suam
709 4797 943 4867 dirigere
973 4796 1135 4850 vitam
1168 4795 1382 4855 debeat,
1411 4803 1466 4849 et
1500 4810 1661 4865 quam
1694 4809 1790 4862 per

205 4887 565 4941 obedientiam
628 4888 862 4943 ﬁliorum
919 4887 1098 4952 lleth,
1157 4890 1488 4958 cogitatuum
1541 4887 1790 4942 videlicet

212 4987 519 5033 nostrorum
561 4979 748 5035 divino
777 4979 970 5032 timore
1004 4988 1290 5040 tas-torum,
1323 4979 1474 5052 sequi
1503 4978 1785 5034 deliberat.

208 5069 272 5123 Et
310 5071 426 5124 haec
459 5080 675 5125 moneta
713 5071 926 5139 publica
959 5078 1059 5132 est,
1094 5079 1150 5124 et
1197 5071 1442 5138 probata,
1477 5070 1606 5139 quia
1655 5069 1786 5123 nulli

210 5163 311 5218 nisi
356 5164 547 5218 insano
579 5164 631 5218 in
682 5163 903 5218 dubium
935 5163 1156 5217 veniunt
1186 5177 1354 5216 sacra:
1379 5163 1589 5232 pagina:
1632 5163 1789 5217 insti-

210 5265 340 5310 tuta.
373 5255 590 5310 Judicia
620 5257 766 5310 enim
797 5255 1007 5310 Domini
1050 5272 1169 5310 vera
1192 5255 1487 5324 justi/icata
1515 5255 1570 5307 in
1598 5266 1788 5309 semet-

210 5344 315 5410 ipsa
339 5343 494 5415 (Psal
519 5361 675 5408 xvtu,
703 5346 812 5413 ‘10).
833 5344 1042 5399 Moneta
1069 5345 1315 5414 quaedam
1341 5353 1445 5410 est,
1473 5345 1560 5399 lex
1580 5344 1788 5410 divina,

211 5435 298 5490 ubi
331 5452 610 5501 mensura,
640 5453 888 5504 nurnero,
913 5447 966 5492 et
995 5441 1230 5509 pondere
1256 5439 1436 5494 omnia
1469 5438 1609 5492 Deus
1633 5439 1788 5492 iusti-

213 5527 332 5590 tuit,
385 5544 672 5583 ntnnerum
723 5530 940 5599 quidem
990 5531 1339 5588 consiliorum
1393 5531 1782 5594 universitatis,

212 5631 516 5672 mensuram
548 5621 788 5676 omnium
819 5637 914 5691 per
949 5621 1182 5692 singula,
1231 5633 1286 5677 et
1333 5639 1428 5692 per
1461 5625 1642 5677 omnia
1673 5622 1785 5676 siu-

211 5707 452 5776 gulorum
484 5713 1085 5783 contemperabilitatis,
1131 5715 1361 5782 pondus,
1399 5715 1541 5784 quod
1586 5729 1614 5768 a
1653 5731 1782 5784 pen-

170 5796 378 5854 'dendo
421 5802 620 5859 dicitur
658 5805 724 5860 ad
767 5805 1276 5878 contemplationem
1325 5807 1465 5865 illius
1510 5823 1629 5880 quae
1660 5807 1781 5864 linis

1889 4623 2041 4685 gunt,
2069 4613 2152 4667 his
2177 4612 2523 4668 commerciis
2547 4612 2749 4667 favent.
2779 4611 2934 4667 Unde
2959 4611 3156 4666 dicitur
3185 4629 3198 4664 :
3234 4611 3488 4682 Populus-

1888 4703 2022 4774 ejus,
2054 4713 2100 4755 et
2132 4718 2270 4769 oves,
2301 4702 2512 4770 introite
2531 4712 2711 4773 portas
2740 4701 2922 4774 ejusin
2941 4701 3264 4772 confessione
3295 4701 3468 4774 (Psal.

1891 4809 2036 4858 κους,
2063 4792 2118 4864 4)
2146 4811 2158 4846 :
2186 4793 2370 4863 sepelit
2403 4793 2588 4863 itaque
2611 4793 2875 4848 Abraham
2902 4810 3116 4850 uazorem
3143 4794 3198 4848 in
3225 4794 3490 4865 spelunca

1889 4885 2024 4955 agri,
2076 4885 2166 4956 qui
2210 4885 2431 4956 respicit
2488 4885 2707 4952 Manre,
2762 4902 2885 4941 cinn
2928 4897 3146 4942 auctore
3195 4887 3488 4942 intellectu.

1889 4981 2234 5048 scnsualitas,
2271 4997 2336 5036 ac
2369 4981 2735 5054 imaginalitas
2765 4983 3064 5053 corporalis
3095 4983 3160 5038 ad
3182 4982 3469 5038 discretio-

1889 5073 1975 5130 nis
2011 5074 2265 5128 virtutem
2298 5075 2548 5142 tendens,
2580 5083 2634 5129 et
2656 5075 2756 5129 sub
2787 5090 2918 5144 agro
2970 5073 3268 5142 spiritualis
3317 5087 3469 5126 exer-

1890 5166 2001 5222 citii
2042 5181 2102 5221 se
2131 5165 2439 5232 continens,
2473 5183 2504 5221 a
2539 5165 2832 5220 visibilium
2884 5164 3264 5224 delectatione.
3289 5178 3468 5218 rerum
3499 5221 3502 5225 _

1889 5275 1947 5314 se
1974 5258 2253 5322 cohibens,
2285 5259 2456 5328 ipsam
2499 5258 2688 5319 etiam.
2713 5257 2989 5320 interioris
3025 5257 3257 5314 hominis
3281 5257 3468 5312 volun-

1889 5359 2053 5405 tatem
2087 5349 2266 5416 fovet,
2300 5366 2363 5407 ac
2409 5349 2575 5412 veluti
2607 5349 2884 5412 intraduo
2933 5355 3082 5416 septa
3109 5349 3306 5408 nnnlit.
3342 5347 3476 5402 lla'c

1886 5452 1960 5495 est
1990 5440 2202 5494 Hebron
2228 5442 2282 5494 in
2318 5450 2457 5494 terra
2487 5439 2744 5493 Chanaan
2770 5449 2788 5487 .'
2819 5435 3034 5492 liebrou
3087 5438 3470 5507 interpretatur

1890 5543 2223 5601 augmentum
2255 5536 2650 5600 sempiternum,
2708 5528 2790 5584 vel
2838 5527 2968 5582 visio
2998 5531 3310 5599 sempiterna
3338 5529 3468 5583 dici-

1889 5633 1995 5687 tur,
2026 5623 2283 5678 Chanaan
2314 5638 2442 5676 vcro
2469 5622 3024 5690 mutationemsonat;
3079 5622 3264 5676 Manre
3314 5638 3496 5692 ergo._

1886 5715 1938 5769 id
1966 5724 2050 5769 est
2081 5712 2410 5768 discretionis
2461 5715 2803 5786 perspicuitas
2852 5716 2918 5770 ad
2959 5716 3062 5770 hoc
3115 5724 3172 5767 ut
3217 5712 3489 5773 fiatvisie-

1891 5807 2242 5880 sempiterna,
2275 5814 2328 5862 ct
2353 5815 2613 5881 augeatur
2639 5821 2874 5882 semper,
2905 5805 3146 5876 attingit,
3191 5819 3313 5860 cum
3339 5803 3464 5858 sub..-
