3982 6360
547 385 656 439 179

1409 389 1463 442 ν.
1506 390 1832 446 GUIBERTI
1857 389 2149 448 ABBATIS
2190 390 2249 446 Β.
2292 392 2529 450 MARle
2563 394 2652 451 DE
2691 394 3094 455 NOVIGENTO—

465 487 472 492 ’
545 500 711 555 tilitas
740 499 1222 570 dignoseendorum
1267 501 1554 572 spirituum
1598 506 1666 562 ad
1709 507 2121 577 contemplatio—
2151 517 2200 577 Α
2225 509 2490 579 corporis,
2522 509 2778 566 diuturna
2801 513 2915 583 jam
2968 523 3156 568 contra
3205 513 3486 585 passiones
3526 516 3851 588 vigilantia

542 608 670 646 nem
699 607 870 662 usque
897 593 990 648 Dei
1020 591 1254 662 proﬁcit,
1281 607 1401 662 quae
1421 594 1639 661 quidem
1667 596 1757 651 hic
1795 596 2002 668 incipit,
2025 599 2117 654 sed

543 684 612 740 ab
639 682 922 753 aenigmate
948 691 1001 736 et
1027 682 1244 751 speculo
1282 682 1349 736 ad
1381 683 1831 754 sempiternitatis
1859 704 2122 760 angulati-

545 784 676 840 tum,
709 777 852 843 quod
879 773 1252 844 complebitur,
1283 789 1406 828 cum
1439 774 1578 830 facie
1623 776 1688 830 ad
1719 776 1908 832 faciem
1939 781 2119 835 videre

541 865 860 935 cteperimus
887 863 937 936 (Ι
956 864 1080 919 Cor.
1113 881 1234 930 xm,
1266 866 1376 934 12),
1403 866 1594 935 surgit.
1635 867 1703 922 Et
1734 869 1839 925 hoc
1872 871 1925 922 in
1979 880 2118 925 terra

541 960 791 1014 Chanaan
823 960 898 1021 fit,
953 960 1048 1015 ubi
1089 975 1220 1014 vera
1268 962 1503 1015 mutatio
1523 971 1740 1018 :eternae
1781 963 2114 1029 stabilitatis,

538 1056 693 1102 terra:
715 1048 966 1104 videlicet
993 1047 1289 1103 viventium
1314 1048 1388 1102 nil
1408 1048 1519 1118 jam
1557 1051 1734 1107 inesse
1766 1054 1920 1109 nobis
1944 1063 2118 1109 muta-

532 1136 640 1193 bile
668 1137 820 1192 sinit.

605 1227 771 1283 Vens.
812 1228 999 1284 20.—
1033 1228 1098 1283 Et
1159 1231 1498 1298 conﬁrmatus
1555 1243 1662 1300 est,
1729 1235 1938 1306 inquit,
1994 1252 2120 1306 ager

2222 603 2321 656 sub
2352 602 2592 658 dominio
2635 603 2901 669 Abrahaa,
2955 605 3166 660 scilicet
3211 605 3460 672 rationis,
3504 618 3552 662 et
3597 619 3852 663 antrum

2224 692 2570 747 conscientia-
2615 705 2804 749 contra
2860 696 3143 765 imperium
3207 697 3439 768 justitia:
3501 698 3854 755 nullatenus

2224 786 2633 851 murmurantis,
2667 795 2724 840 ut
2771 787 3116 855 possideatur
3163 788 3289 858 jure
3333 791 3723 852 monumenti,
3785 801 3852 844 ut

2219 872 2419 942 jugiter
2448 873 2654 928 scilicet
2683 876 2879 930 mentis
2922 879 3239 931 memoriam
3293 889 3549 935 moneant
3597 878 3852 951 profes-

2223 963 2410 1028 sionis,
2434 980 2594 1035 quam
2620 965 2686 1020 de
2706 967 2940 1036 propriae
2963 967 3155 1022 fecerit
3170 970 3588 1026 mortilicatione
3605 973 3852 1039 carnis,

2223 1063 2280 1110 et
2332 1067 2825 1113 recommemorcnt
2887 1060 3150 1130 propositi
3206 1064 3288 1116 sui
3331 1077 3344 1114 :
3395 1074 3850 1118 monumentum

2223 1163 2416 1219 nempe
2445 1158 2498 1204 et
2532 1159 2803 1206 mortuum
2837 1153 2995 1224 tegit,
3025 1163 3079 1210 et
3120 1169 3149 1209 a
3191 1155 3448 1210 monendo
3486 1157 3851 1213 vocabulum

2223 1241 2473 1309 sumpsit.

1805 1445 2052 1486 EXPLICIT
2093 1447 2245 1487 LIBER
2287 1449 2516 1492 SEXTUS.

545 1581 3842 1634 _.________._________________________

1405 1744 1868 1834 INCIPIT
1938 1748 2300 1839 LIBER
2371 1750 2964 1846 SEPTIMUS

1270 1953 2018 2076 MORALIUM
2140 1961 2288 2074 IN

2412 1964 3075 2086 GENESIM.

600 2316 708 2386 92
727 2315 1307 2386 SeptimontinGcncsi
1332 2318 1671 2388 aggrediens,
1689 2319 1794 2374 Deo
1818 2319 2111 2389 aspirante,
2149 2306 2191 2359 Β
2223 2322 2416 2389 inhias,
2456 2324 2556 2379 sub
2586 2324 2948 2396 intelligentia
2991 2327 3192 2398 ingenii
3235 2329 3340 2385 mei
3387 2330 3657 2402 deprime,
3687 2335 3826 2405 quia

533 2417 855 2474 tractatum,
905 2410 1078 2464 sancti
1131 2409 1368 2479 Spiritus
1428 2409 1558 2464 mihi
1610 2411 1874 2480 deprecor
1924 2410 2116 2465 adesse

530 2499 900 2569 prmsentiam,
945 2501 1049 2555 hoc
1104 2501 1299 2554 deinde
1322 2500 1599 2554 humiliter
1636 2516 1812 2554 meum
1859 2510 2110 2570 expostu-

533 2588 694 2644 lando
722 2587 980 2645 lectorem
1027 2599 1110 2656 ut,
1153 2590 1195 2644 si
1249 2605 1354 2659 qua
1419 2590 1600 2645 minus
1649 2605 1808 2660 quam
1861 2591 2117 2660 competit

533 2677 768 2734 dilucide
817 2679 1014 2749 posita,
1068 2688 1160 2734 aut
1215 2679 1616 2749 Scripturarum
1649 2679 1910 2751 exemplis
1937 2681 2115 2736 minus

534 2783 696 2838 quam
727 2769 885 2825 vellet
919 2770 1128 2835 fulcita,
1165 2781 1260 2824 aut
1313 2771 1475 2824 nimia
1522 2769 1791 2825 brevitate
1837 2779 2114 2826 contracta

533 2860 846 2930 perviderit,
880 2861 1152 2932 indulgeat
1184 2876 1318 2916 mea:
1373 2861 1804 2916 misericorditer
1859 2862 2112 2924 novitati,

533 2951 625 3020 qui
675 2951 855 3022 potius
905 2952 958 3006 in
1005 2953 1107 3007 hoc
1149 2967 1269 3006 meo
1315 2951 1488 3020 primo
1541 2951 1801 3020 opusculo
1860 2952 2114 3021 quidnam

535 3057 696 3114 agere
723 3059 935 3114 possem
961 3044 1198 3115 experiri
1227 3043 1392 3110 volui,
1425 3053 1480 3100 et
1511 3059 1644 3098 mea:
1671 3043 1839 3100 solius
1867 3045 2116 3099 utilitatis

535 3150 698 3190 causa
729 3135 932 3191 cudere
960 3135 1064 3190 ista
1096 3135 1372 3206 proposui,
1397 3135 1506 3190 imo
1532 3149 1638 3190 non
1680 3135 1899 3200 cudere,
1931 3135 2025 3190 sed
2048 3135 2115 3190 ad

534 3227 811 3282 memoria:
862 3227 996 3282 mihi
1059 3227 1493 3298 reparationem,
1543 3243 1666 3282 cum
1725 3243 1787 3282 ea
1853 3225 2116 3296 relegere,

533 3323 846 3378 summatim
883 3332 1106 3394 tangere
1137 3323 1301 3394 cupii.
1354 3321 1520 3378 Plane
1570 3322 1737 3378 multa
1791 3321 2118 3377 testimoniis

533 3417 791 3471 roborare
811 3416 984 3485 potui,
1018 3416 1112 3472 sed
1145 3431 1311 3472 mora:
1350 3415 1640 3486 impatiens
1664 3414 1830 3470 nolui.
1861 3413 2120 3485 Scptil'or-

535 3507 610 3562 mi
634 3506 798 3574 igitur
823 3505 1029 3576 Spiritu
1053 3507 1405 3577 accingamur
1431 3505 1498 3561 ad
1527 3513 1741 3560 caetera.

1105 3619 1333 3676 CAPUT
1360 3619 1552 3675 XXIV.

2217 2413 2324 2466 vim
2382 2422 2488 2468 tua:
2535 2415 2871 2484 operationis
2920 2417 2988 2472 ab
3035 2418 3245 2489 origine
3291 2419 3458 2476 debes
3519 2423 3820 2480 rationalis

2217 2512 2531 2573 exspectare
2561 2505 2826 2572 scientiae,
2858 2516 2916 2561 ut
2944 2507 3090 2564 nulla
3133 2510 3224 2565 tibi
3256 2513 3517 2583 subripiat
3541 2531 3822 2585 praesum-

2218 2595 2328 2663 ptio
2358 2595 2659 2652 alacritatis
2687 2612 2872 2664 vante;
2899 2598 3076 2654 femur
3095 2616 3226 2656 sane
3254 2601 3374 2657 fons
3404 2606 3820 2673 quodammodo

2218 2686 2526 2756 propaginis
2547 2702 2666 2743 esse
2689 2688 3046 2757 dignoscitur,
3073 2707 3170 2762 per
3191 2693 3332 2762 quod
3359 2693 3468 2765 ipsa
3500 2695 3819 2768 intelligen-

2221 2779 2308 2832 tiae
2333 2779 2488 2833 sedes
2515 2795 2621 2835 non
2647 2779 2868 2853 indigne
2889 2783 3092 2838 veritas
3117 2799 3146 2837 a
3172 2785 3330 2841 nobis
3353 2787 3652 2857 accipitur,
3687 2791 3820 2846 inde

2219 2883 2347 2940 ergo
2377 2867 2657 2937 adjuratur
2687 2872 2959 2941 appetitus
2988 2881 3176 2929 noster
3229 2891 3323 2944 per
3374 2875 3543 2930 Deum
3605 2879 3726 2933 caeli
3761 2892 3817 2934 et

2219 2969 2394 3025 teme,
2428 2960 2556 3030 quia
2587 2976 2685 3032 per
2715 2963 2972 3019 humilem
3005 2981 3112 3036 qua
3140 2968 3354 3023 veritati
3385 2985 3612 3026 summa:
3649 2973 3820 3029 inﬂe-

2219 3051 2384 3104 ctitur
2417 3050 2822 3118 depressionem
2849 3055 2915 3109 ad
2938 3055 3028 3125 jus
3065 3058 3557 3131 rectitudinemque
3585 3066 3813 3128 statuit,

2221 3157 2316 3210 per
2340 3142 2458 3212 ejus
2483 3144 2871 3215 cognitionem,
2904 3146 2994 3216 qui
3049 3149 3378 3206 intellectum
3423 3155 3514 3207 dat
3564 3157 3815 3223 parvulis

2219 3230 2391 3300 (Psal.
2424 3249 2614 3300 cxvtu,
2646 3233 2793 3306 I30),
2821 3237 2912 3305 qui
2943 3247 3026 3293 est
3067 3238 3207 3295 Deus
3236 3242 3386 3307 caeli,
3421 3243 3813 3301 intellectuali-

2223 3322 2348 3376 tazis
2377 3333 2596 3391 nostrae,
2625 3339 2718 3380 sua
2749 3325 2957 3382 scilicet
2981 3341 3099 3383 eam
3125 3329 3482 3387 illustratione
3501 3331 3806 3398 clarifians,

2220 3424 2270 3470 et
2296 3428 2390 3482 per
2421 3413 2594 3483 ipsum
2623 3413 2822 3471 caelum
2849 3416 3058 3486 pluvias
3086 3420 3422 3478 voluntarias
3455 3438 3614 3479 sacrre
3635 3423 3818 3481 insti-

2223 3501 2446 3556 lulionis
2477 3511 2652 3565 terrae,
2685 3505 2787 3574 ipsi
2828 3507 2918 3575 pio
2961 3506 3213 3564 videlicet
3250 3513 3512 3582 appetitui
3562 3514 3814 3572 admini-

2221 3597 2440 3657 strans,
2489 3591 2704 3661 arljurat
2743 3609 2830 3650 ne
2881 3597 3113 3667 accipiat
3174 3616 3394 3656 uxorem
3437 3603 3550 3672 ﬁlio
3609 3619 3713 3660 suo
3745 3608 3815 3662 de

605 3710 770 3764 vus.
813 3712 864 3775 1,
894 3709 953 3775 2,
984 3711 1039 3775 δ’
1248 3658 1592 3764 ἓξηῗῐὲιέςη
1621 3709 1884 3763 Abraham
1935 3724 2115 3774 senex,
2145 3658 2188 3718 (ἶ
2218 3681 2430 3775 ﬁliabus
2458 3682 2898 3775 Cltananworum,
2927 3689 3064 3742 inter
3091 3707 3220 3760 quos
3241 3681 3471 3760 habitat,
3499 3696 3605 3765 hoc
3629 3708 3717 3753 est
3744 3712 3815 3754 ne

536 3807 842 3877 dierumque
889 3806 1196 3872 multarunt,
1241 3815 1289 3861 et
1336 3805 1594 3860 Dominus
1647 3805 1700 3858 in
1732 3804 1930 3858 cunctis
1963 3804 2115 3858 bene-

537 3903 742 3956 dixerat
765 3904 834 3955 ei.
869 3901 1115 3972 Dixitque
1145 3902 1214 3954 ad
1243 3916 1447 3954 servum
1476 3899 1732 3954 seniorem
1760 3899 1946 3952 domus
1983 3913 2114 3964 sum,

534 3995 626 4064 qui
647 4005 865 4063 μηνίει-αι
892 3994 1128 4048 omnibus
1149 4009 1265 4064 qua:
1293 3989 1708 4046 habebat:Pone
1739 4006 1950 4045 manum
1974 4000 2120 4042 tuam

536 4087 712 4141 subter
742 4085 912 4153 femur
944 4103 1137 4151 meum,
1170 4095 1224 4138 ut
1259 4085 1498 4154 adjurem
1525 4093 1594 4148 te,
1619 4100 1712 4153 per
1747 4082 1910 4135 Deum
1935 4080 2047 4134 creti
2070 4090 2116 4134 et

537 4189 712 4244 terrm,
747 4188 802 4232 ut
831 4195 930 4233 non
961 4179 1188 4248 accipias
1219 4193 1431 4230 uxorem
1468 4176 1579 4244 [ilio
1627 4191 1740 4228 meo
1792 4174 1857 4227 de
1905 4171 2122 4240 filiabus

537 4267 980 4334 (Iltananteorum,
1020 4269 1156 4322 inter
1179 4283 1308 4338 quos
1336 4265 1548 4329 habito;
1576 4264 1666 4318 sed
1718 4263 1790 4318 ad
1815 4273 2030 4326 terram,
2065 4271 2115 4314 et

536 4363 606 4416 ad
627 4362 989 4431 cognationem
1031 4375 1201 4414 meam
1245 4357 1631 4428 proﬁciscaris,
1677 4364 1723 4409 et
1752 4354 1871 4408 inde
1891 4353 2118 4422 accipias

535 4468 754 4507 uxorem
802 4451 914 4519 ﬁlio
968 4467 1080 4504 meo
1121 4449 1294 4502 Isaac.
1329 4446 1549 4516 Sepulta
1585 4461 1650 4500 eo
1684 4460 1791 4516 quo
1837 4443 2112 4499 adnotavi-

534 4559 656 4598 mus
691 4543 851 4597 modo
883 4544 1038 4607 Sara,
1075 4539 1455 4595 intellectualis
1483 4546 1665 4592 noster
1691 4538 1966 4591 Abraham
1999 4552 2115 4590 mo-

535 4649 653 4689 rum
674 4633 935 4705 gravitate
962 4633 1213 4694 senescit,
1235 4630 1635 4698 multarumque
1649 4628 1905 4682 virtutum
1927 4627 2116 4684 diebus

535 4726 782 4791 albescit,
812 4724 942 4780 etei
976 4735 1194 4777 omnem
1247 4718 1707 4781 benedictionem,
1756 4717 2114 4786 spiritualium

533 4819 785 4874 videlicet
829 4817 1224 4874 charismatum
1278 4811 1704 4883 provectionem,
1745 4811 2003 4867 Dominus
2030 4811 2114 4866 in-

534 4910 730 4966 fundit.
783 4908 840 4964 Si
896 4921 1025 4977 ergo
1049 4921 1149 4975 per
1189 4904 1464 4958 Abraham
1512 4919 1576 4958 ex
1635 4903 1750 4974 ejus
1803 4905 2113 4977 conjectura

532 4999 772 5056 nominis
835 4996 1144 5052 intellectus
1192 4993 1474 5063 accipitur,
1527 4994 1658 5065 quid
1711 5009 1808 5064 per
1861 4995 2115 5050 seniorem
2149 5005 2196 5063 ι)

531 5095 743 5157 domus,
776 5089 864 5160 qui
897 5096 1095 5159 praeest
1118 5087 1230 5141 suis
1259 5085 1532 5151 omnibus,
1562 5085 1754 5142 melius
1777 5101 1938 5157 (luam
1973 5084 2112 5141 bene

533 5187 724 5259 agendi
755 5184 1024 5254 appetitus
1056 5180 1401 5251 exprimitur,
1436 5181 1526 5250 qui
1553 5189 1839 5251 postquam
1889 5178 2114 5234 rationis

531 5276 832 5333 maturitati
860 5271 1048 5330 sedula
1088 5273 1347 5327 servitute
1368 5271 1728 5337 connectitur,
1775 5271 1928 5341 quasi
1972 5285 2105 5340 pra:-

530 5370 671 5428 vius,
705 5373 760 5420 et
782 5363 1039 5435 magister
1065 5377 1274 5426 eorum,
1300 5377 1417 5432 quze
1444 5363 1530 5432 pie
1555 5362 1796 5434 gerimus
1819 5360 2109 5414 invenitur.

530 5459 640 5514 Per
699 5455 874 5524 femur
926 5455 1198 5516 Abrahae,
1258 5452 1702 5524 propag-atiouem
1766 5439 2114 5519 intelligimus

533 5546 834 5620 spiritualis
869 5546 1256 5618 intelligentiae,
1298 5561 1419 5615 quze
1462 5543 1663 5598 divinis
1689 5541 2032 5604 lectionibus,
2060 5549 2114 5595 et

534 5638 745 5694 diutina
765 5639 1190 5694 conversationis
1203 5634 1537 5706 experientia
1557 5633 1817 5687 dilatatur
1838 5631 1890 5686 in
1914 5641 2108 5686 mente.

537 5731 780 5798 Manum,
812 5733 1002 5803 inquit,
1053 5743 1198 5786 tuam
1251 5728 1443 5783 femori
1491 5742 1614 5783 meo
1657 5741 1914 5796 suppone,
1948 5727 1997 5782 id
2029 5736 2114 5782 est

536 5827 788 5883 virtutem
821 5825 973 5883 bona:
1026 5834 1129 5880 tuac
1177 5819 1471 5888 aviditatis,
1527 5836 1632 5898 qua
1659 5821 1860 5877 sanctis
1905 5820 2112 5876 actibus

2220 3772 2550 3828 voluntatem
2579 3773 2777 3832 ﬂuxam
2810 3781 3107 3835 secundum
3157 3782 3426 3840 desideria
3462 3787 3812 3845 smeularium

2219 3868 2438 3916 acterna:
2483 3863 2866 3933 damnationis,
2917 3868 3210 3925 humilitati
3263 3875 3654 3942 parandorum,
3692 3880 3812 3948 spei

2220 3950 2389 4006 semel
2415 3951 2466 4005 in
2498 3952 2706 4008 coelesti
2732 3956 2928 4022 gaudio
2957 3959 3098 4024 tixaz,
3127 3974 3191 4016 ac
3221 3961 3264 4017 si
3297 3963 3410 4018 ﬁlio
3449 3963 3600 4020 Isaae
3628 3967 3812 4021 admi-

2221 4052 2394 4110 sceat,
2437 4052 2495 4098 ut
2540 4046 2606 4101 de
2653 4047 2868 4104 liliabus
2911 4049 3244 4108 Hierusalem
3293 4055 3360 4112 ad
3412 4056 3810 4114 Chananitidas

2219 4137 2404 4192 oculos
2441 4135 2701 4192 reﬂectat.
2736 4138 2910 4196 liabet
2950 4142 3091 4199 ﬁlius
3138 4161 3393 4214 uxorem,
3425 4152 3646 4220 quando
3681 4167 3812 4223 spes

2221 4229 2520 4284 etelcstium
2561 4247 2591 4284 a
2623 4232 2856 4287 terrenis
2905 4233 3082 4290 elevat
3129 4237 3464 4294 voluntatem
3488 4281 3504 4308 ,
3557 4250 3618 4296 ut
3659 4244 3808 4312 quod

2221 4329 2407 4390 sperat
2433 4337 2542 4377 non
2572 4324 2761 4388 verbo,
2787 4323 2883 4379 sed
2912 4340 3076 4396 opere
3099 4329 3262 4395 velit;
3297 4329 3464 4386 filiam
3511 4347 3643 4388 vero
3661 4333 3811 4390 Cha-

2219 4413 2517 4469 nanitidem
2567 4414 2670 4470 sibi
2714 4416 2982 4484 adnectit,
3026 4433 3148 4474 cum
3189 4422 3257 4476 ad
3307 4422 3615 4486 mollitiem,
3645 4425 3812 4482 lasci-

2221 4506 2474 4576 viamque
2503 4507 2688 4562 mundi
2725 4522 2959 4578 superna
3005 4510 3260 4569 alacritas
3305 4529 3364 4570 se
3419 4515 3677 4571 demittit.
3735 4519 3814 4575 De

2219 4596 2542 4666 cognatione
2587 4596 2818 4654 Abrahae
2866 4613 3090 4655 uxorem
3150 4604 3426 4674 accepturi
3473 4604 3540 4658 ad
3601 4615 3812 4662 terram

2220 4687 2638 4758 proficiscimur,
2671 4703 2794 4744 cum
2821 4690 2886 4744 ad
2920 4690 3406 4761 impassibilitatem
3449 4697 3502 4750 in
3535 4710 3809 4766 quantum

2219 4779 2477 4849 possibile
2522 4787 2608 4835 est
2646 4780 2832 4843 animi,
2890 4796 3010 4850 qua;
3054 4798 3182 4838 vera
3224 4786 3494 4842 stabilitas
3542 4799 3628 4843 est
3677 4787 3814 4860 (hoc

2218 4871 2363 4925 enim
2395 4877 2539 4924 terra
2569 4869 2884 4942 significat),
2911 4875 3322 4940 contendentes,
3353 4871 3710 4946 spiritualiter
3739 4881 3810 4934 ad

2222 4959 2664 5018 conformitatem
2697 4965 2888 5018 matris
2916 4973 3114 5019 nostra:
3141 4966 3475 5024 Hierusalem
3521 4983 3809 5038 superetn-

2223 5052 2548 5114 lestis,cum
2605 5067 2713 5121 qua
2761 5055 3032 5124 quondam
3091 5058 3252 5112 homo
3309 5068 3496 5115 noster
3538 5061 3808 5123 exterior,

2222 5144 2349 5197 dum
2401 5153 2550 5198 recte
2591 5144 2747 5209 vivit,
2793 5148 3208 5216 germanitatem
3263 5150 3445 5214 habet,
3489 5153 3810 5210 conversari

2221 5240 2510 5310 gestimus;
2540 5241 2681 5296 unde
2707 5242 2846 5296 sicut
2883 5241 2934 5295 in
2985 5242 3145 5308 coelo,
3189 5243 3262 5299 ita
3309 5253 3366 5300 et
3405 5244 3456 5298 in
3498 5251 3646 5300 terra
3687 5246 3808 5301 ﬁeri

2222 5333 2317 5392 Dei
2359 5333 2691 5391 voluntatem
2734 5349 2953 5391 oramus
2998 5335 3216 5406 (Matth.
3259 5336 3474 5406 v1.12),
3520 5352 3587 5392 ex
3627 5352 3690 5392 ea
3717 5354 3808 5392 co-

2221 5428 2478 5498 gnatione
2518 5443 2742 5484 uxorem
2795 5428 3122 5498 accipimus,
3169 5445 3291 5484 cum
3352 5433 3483 5484 moti
3533 5429 3808 5486 desiderio

2219 5520 2380 5576 beate
2405 5519 2654 5586 vivendi,
2711 5519 2813 5590 pize
2862 5519 3157 5576 voluntatis
3195 5521 3421 5590 gratiam
3469 5521 3644 5592 magis
3686 5536 3806 5576 am-

2217 5613 2530 5683 plectimur.

2293 5727 2453 5782 Vens.
2499 5727 2553 5790 5,
2587 5728 2638 5782 6.
2665 5757 2732 5767 —
2769 5727 3053 5796 Respondit
3081 5737 3310 5780 servus':
3346 5725 3402 5780 Si
3440 5722 3666 5779 noluerit
3693 5742 3799 5779 mtt-

2221 5821 2315 5874 lier
2364 5819 2535 5873 venire
2594 5835 2790 5872 mecum
2841 5820 2894 5870 in
2944 5828 3136 5874 terram
3182 5819 3336 5886 hanc,
3391 5833 3510 5871 num
3562 5819 3804 5874 reducere

3747 383 3884 441 180’

3969 2551 3976 2602 l

3969 3583 3978 3660 ἔ
