3978 6332
501 415 602 472 183

1352 412 1413 466 V.
1453 410 1780 468 GUIBERTI
1817 405 2112 466 ABBATIS
2148 405 2204 461 S.
2251 403 2490 460 ΜΑΒΙΑΞ
2531 403 2618 459 DE
2647 400 3040 460 NOVIGENTO

3650 383 3750 442 181

500 525 719 595 biberit,
781 543 887 583 non
941 527 1080 582 sitiet
1115 525 1252 579 ultra
1287 523 1471 590 (Joan.
1504 540 1579 590 vt,
1631 524 1745 597 55),
1796 525 2074 582 Christum
2104 524 2151 582 Α
2250 516 2411 572 Vens.
2442 516 2528 580 15,
2555 516 2641 572 16.
2671 546 2742 556 -
2773 515 3011 570 Necdum
3041 513 3180 566 intra
3211 524 3265 562 se
3291 507 3441 597 verba
3471 506 3754 597 egoniptcre:

503 617 710 674 scilicet
738 619 892 675 bouis
910 617 1106 673 nostris
1121 615 1372 684 operibus
1398 630 1494 685 per
1517 626 1718 673 sanctze
1746 620 1860 689 spei
1887 635 2079 690 exspe-

503 711 793 765 ctationem
819 710 1055 779 requiem
1099 709 1422 764 invenimus.
1455 708 1588 764 Nam
1627 711 1692 765 de
1723 726 1860 780 aqua
1898 713 2078 782 oppidi

503 801 593 872 qui
624 801 778 866 bibit,
809 802 952 856 sitiet
983 803 1200 857 itermn.
1238 801 1372 855 Dum
1401 803 1628 872 superbit
1656 805 1869 874 impius,
1898 807 2077 860 incen-

501 889 646 943 ditur
663 906 861 959 panper
886 889 1056 958 (Paul.
1091 908 1168 953 Ix,
1197 891 1290 959 23)
1324 909 1336 946 :
1361 893 1488 947 dum
1515 893 1758 948 mulieres
1788 896 2080 966 egrediun-

503 989 591 1032 tur
628 979 698 1032 ad
726 979 1074 1035 hauriendam
1113 999 1327 1053 aquam,
1359 982 1485 1038 dum
1519 983 1727 1055 fragilia
1760 985 1934 1041 instar
1963 1005 2080 1042 Inu-

499 1071 693 1138 lierum
739 1072 904 1127 corda
951 1074 1017 1130 de
1046 1090 1211 1146 prava
1235 1091 1354 1142 sua,
1395 1087 1451 1132 et
1481 1079 1688 1134 occulta
1725 1082 2080 1151 conceptione

497 1159 565 1216 ad
597 1172 816 1231 apertas
846 1176 1048 1220 exetmt
1077 1167 1328 1232 malitias,
1356 1178 1416 1224 ut
1443 1169 1690 1226 hauriant
1717 1187 1824 1227 non
1851 1171 2077 1238 Christi,

498 1249 593 1305 sed
623 1251 802 1322 oppidi
845 1267 1034 1324 aquas,
1084 1255 1135 1310 id
1170 1266 1254 1312 est
1286 1257 1542 1328 impleant
1586 1260 1640 1315 in
1677 1261 1850 1326 malis,
1883 1279 1986 1318 non
2026 1264 2078 1318 in

496 1341 655 1396 bouis
681 1342 948 1399 desideria
980 1361 1102 1412 sua,
1131 1362 1220 1414 eo,
1253 1348 1497 1419 inquam,
1538 1359 1799 1421 tempore,
1838 1370 1945 1424 quo
1973 1354 2083 1408 lar-

498 1432 610 1502 gito
655 1433 758 1489 sibi
807 1439 1104 1506 pamitendi
1148 1441 1325 1510 spatio
1369 1441 1667 1498 abutuntur
1711 1445 1762 1500 in
1805 1448 2081 1516 superbia,

499 1529 715 1585 student
759 1533 930 1588 sancti
981 1534 1182 1605 quique
1234 1546 1389 1592 extra
1449 1539 1704 1608 oppidum
1754 1557 1848 1596 sua
1905 1543 2083 1598 facere

497 1631 681 1686 opera.
972 1654 976 1660 ς
1742 1633 1758 1656 ι

570 1705 729 1763 Vens.
763 1710 847 1764 l2.
879 1743 949 1752 —-—-
980 1713 1224 1782 Domine,
1255 1717 1353 1783 ait,
1397 1718 1596 1773 domini
1646 1722 1748 1775 mei
1793 1723 2081 1788 Abraham,

497 1812 732 1866 occurre,
764 1802 995 1871 obsecro,
1042 1808 1194 1872 mihi,
1243 1811 1418 1874 hodie,
1447 1819 1496 1865 et
1539 1807 1626 1882 fac
1665 1815 2084 1870 misericordiam

496 1904 614 1943 cum
663 1891 876 1948 domino
919 1913 1031 1952 meo
1073 1899 1356 1955 Abraham.
1388 1903 1539 1969 Quod
1594 1913 1679 1960 est
1724 1905 1922 1972 dicere,
1973 1908 2079 1962 Do-
2116 1891 2156 1948 Β

499 1980 666 2047 mine,
716 1985 812 2053 qui
842 2001 974 2042 tuen:
1019 1989 1316 2047 dominaris
1353 1995 1566 2059 rationi,
1621 2013 1780 2066 quam
1827 1999 1982 2063 mihi,
2031 2008 2080 2055 te

496 2071 742 2140 praeside,
787 2076 1038 2134 desidero
1085 2079 1244 2136 hodie
1291 2084 1688 2142 inhabitatioue
1743 2089 1930 2160 utique
1976 2100 2081 2146 tuae

498 2162 654 2228 lucis,
687 2165 778 2234 qui
808 2166 924 2222 dies
951 2170 1148 2239 ubique
1175 2189 1438 2242 praesens,
1466 2186 1522 2231 et
1549 2193 1762 2248 semper
1791 2196 1871 2247 es,
1897 2182 2077 2251 opitu-

495 2253 712 2311 lationis
740 2267 842 2312 tuae
881 2261 1010 2316 mihi
1049 2264 1226 2330 praebe
1249 2281 1558 2336 occursum,
1583 2254 1636 2325 et
1658 2286 1776 2326 eam
1801 2289 1921 2342 quae
1945 2273 2078 2328 mihi

494 2356 695 2416 praeest
725 2363 830 2403 non
863 2352 1076 2416 merito,
1121 2356 1213 2410 sed
1247 2357 1616 2414 llllSCl'iCOl‘lliJ
1649 2362 1885 2418 claritica
1916 2367 2081 2422 ratio-

494 2451 641 2492 nem.
664 2438 852 2508 (Vens.
885 2444 998 2513 15.)
1020 2443 1156 2500 Ecce
1174 2460 1249 2502 sto
1261 2463 1468 2520 prapter
1480 2452 1674 2521 {autem
1695 2472 1866 2527 aqum,
1887 2470 1933 2512 et
1954 2458 2080 2527 ﬁlia:

494 2527 848 2606 habitatorum
877 2534 1099 2590 civitatis
1122 2539 1279 2607 hujus
1309 2541 1716 2611 egredienturad
1733 2547 2080 2603 hauriendam

495 2630 708 2684 aquam.
747 2614 867 2674 Stat
899 2633 1109 2691 propter
1133 2625 1348 2692 fontem,
1397 2631 1615 2697 quando
1638 2641 1822 2687 noster
1856 2631 2081 2689 allectus

498 2702 695 2761 haustu
727 2705 893 2765 lentis
941 2712 1130 2767 mterni
1165 2715 1452 2772 roboratus
1498 2730 1668 2776 certat
1707 2721 1820 2792 jam
1853 2723 2082 2780 viriliter

497 2806 690 2854 contra
719 2801 916 2858 diaboli
962 2815 1016 2860 et
1047 2809 1225 2864 carnis
1249 2809 1727 2883 impugnationem.
1759 2817 1960 2872 Caatcli
1991 2833 2082 2874 ac-

501 2889 784 2991 cumbunt,
804 2903 869 2991 et
897 2910 1089 2953 servus
1133 2908 1265 2965 stat,
1290 2903 1416 2972 quia
1448 2905 1665 2960 virtutis
1692 2908 1868 2964 studia
1902 2909 1954 2964 in
1985 2925 2082 2980 spe

496 2984 1216 3083 sui.prandi-requiescunt,
1245 2996 1492 3062 quamvis
1517 2998 1638 3065 pius
1665 3000 1932 3068 appetitus
1983 3016 2082 3072 pro

499 3070 777 3142 religionis
807 3075 1122 3136 defensione
1155 3089 1444 3152 pugnando
1473 3102 1532 3142 se
1558 3099 1836 3156 exerceat;
1887 3070 2082 3149 stando

497 3163 640 3218 enim
673 3165 902 3236 quisque
951 3180 1154 3239 certat;
1205 3175 1542 3233 habitatores
1592 3179 1851 3247 civitatis,
1903 3193 2079 3240 motus

498 3265 626 3310 sunt
662 3259 829 3313 nostri
890 3261 1205 3330 rationales,
1261 3267 1326 3320 ad
1356 3283 1492 3337 quos
1555 3271 1794 3341 regimen
1847 3275 2082 3343 pertinet

500 3352 714 3407 mentis.
757 3353 831 3416 lli
860 3355 998 3412 tilias
1058 3359 1282 3427 habent,
1334 3364 1550 3433 quando
1599 3368 1700 3436 ipsi
1753 3377 1951 3434 motus,
1999 3369 2082 3424 vel

498 3443 731 3500 virtutes
785 3463 851 3502 ex
891 3464 994 3505 suo
1024 3465 1286 3522 prospero
1331 3467 1526 3512 eventu
1581 3475 1836 3514 vanarum
1879 3461 2082 3532 cogita-

503 3535 705 3614 tipnum
736 3537 986 3596 lascivias
1014 3554 1296 3612 generant.
1341 3545 1418 3601 De
1465 3549 1685 3605 civitate
1729 3551 2082 3621 egrediuntur

501 3629 620 3684 ista).
661 3632 728 3686 ad
780 3633 1135 3693 hauriendam
1187 3655 1406 3711 aquam,
1465 3643 1532 3697 de
1589 3643 1834 3698 interiori
1877 3643 2084 3698 scilicet

500 3723 666 3777 animi
693 3741 844 3792 cura,
875 3731 1141 3786 excedunt
1173 3735 1239 3789 ad
1261 3733 1448 3791 horam
1481 3737 1549 3790 ad
1576 3737 1876 3792 affectanda
1907 3735 2084 3792 laud?s

502 3819 841 3883 temporaria:
867 3823 1080 3893 gaudia.

575 3909 737 3964 Vens.
772 3913 854 3966 14.
889 3945 955 3954 --
1005 3916 1180 3987 Igitur
1227 3921 1418 3988 puella,
1471 3923 1556 3976 cui
1607 3924 1788 3978 dixero
1823 3938 1841 3978 :
1875 3923 2082 3980 Inclina

501 3999 742 4069 hydriam
767 4014 821 4056 ut
847 4004 1042 4074 bibam,
1089 4020 1137 4064 et
1179 4011 1272 4065 illa
1321 4014 1640 4082 responderit
1667 4029 1686 4067 :
1711 4013 1856 4079 Bibe,
1881 4017 2005 4085 quin
2035 4027 2082 4072 et

502 4091 714 4146 camelis
764 4097 867 4150 tuis
907 4098 1044 4152 dabo
1071 4112 1270 4170 potum,
1308 4102 1420 4172 ipsa
1467 4113 1542 4158 est
1579 4121 1737 4174 quam
1768 4109 2084 4177 prmparasti

501 4198 646 4238 servo
694 4195 784 4240 tuo
835 4187 1012 4256 Isaac,
1062 4203 1110 4247 et
1134 4211 1228 4260 per
1261 4196 1359 4249 hoc
1401 4196 1688 4267 intelligam
1718 4198 1854 4266 quod
1899 4199 2081 4268 feceris

502 4273 915 4334 misericordiam
943 4297 1062 4334 cum
1101 4281 1325 4338 Domino
1354 4300 1468 4338 meo
1506 4283 1686 4340 Isaac.
1715 4286 1820 4343 Per
1848 4289 2080 4358 puellam

501 4365 733 4434 puritas,
771 4378 824 4424 et
849 4370 993 4426 nitor
1012 4387 1166 4428 novae
1191 4376 1561 4442 conscientiae;
1612 4378 1738 4433 huic
1767 4390 1824 4434 ut
1863 4380 2084 4436 inclinet

500 4456 749 4527 hydriam
783 4467 849 4514 ad
897 4462 1188 4518 bibendum
1231 4464 1482 4532 dicimus,
1521 4482 1642 4522 cum
1689 4470 2083 4527 rationabiliter

2182 617 2288 673 rat,
2337 617 2387 662 et
2424 625 2539 663 ecce
2566 608 2928 678 egrediebatur
2967 603 3192 658 Rebecca
3221 599 3335 670 ﬁlia
3382 591 3608 651 Bathucl
3659 588 3754 659 ﬁlii

2184 706 2420 773 hie/cher,
2480 708 2662 761 uxoris
2705 703 2944 769 Nachor,
2990 683 3187 772 fratris.
3218 697 3516 758 Abraham;
3564 688 3754 744 habens

2178 798 2420 866 hydriam
2469 799 2523 850 in
2572 793 2820 864 scapula:
2852 791 3025 862 puella
3059 791 3247 864 decora
3296 785 3470 845 nimis,
3514 782 3755 848 virgoque

2177 891 2530 959 pulcherrima
2555 902 2600 944 et
2625 889 2887 958 incognita
2919 887 3048 942 viro.
3075 883 3249 938 Verba
3280 880 3525 936 absolute
3555 873 3757 941 aliquo-

2181 983 2284 1037 ties
2315 983 2493 1038 inania
2528 982 2782 1051 quaelibet
2825 994 3019 1034 vocare
3044 974 3301 1036 sulemus,
3353 985 3474 1040 quae
3507 967 3581 1021 nil
3616 964 3756 1018 aliud

2179 1091 2341 1146 quam
2368 1088 2559 1129 sonmn
2593 1073 2820 1140 habent;
2853 1071 2995 1124 unde
3037 1069 3123 1124 est
3151 1083 3165 1121 :
3199 1084 3216 1118 ι
3258 1064 3433 1120 Verba
3467 1063 3557 1116 dat
3583 1057 3757 1112 omnis

2180 1182 2334 1222 amor
2361 1167 2527 1238 (0v.).
2575 1185 2594 1217 ι
2644 1165 2945 1234 Antequ-zm
2987 1161 3150 1217 verba
3204 1155 3588 1225 «impleam-:3,
3634 1161 3760 1204 ecce

2181 1260 2427 1315 Rebecca
2457 1259 2752 1328 egreditur,
2781 1256 2906 1327 quia
2938 1255 3253 1324 priusquam
3287 1248 3465 1304 nubila
3497 1257 3756 1314 nugarum

2182 1354 2249 1407 ad
2296 1352 2509 1422 plenum
2551 1367 2580 1404 a
2608 1350 2772 1406 corde
2816 1347 3189 1409 cxcludamus,
3238 1350 3458 1410 repente
3499 1351 3568 1390 ex
3598 1333 3760 1388 nimio

2183 1444 2502 1515 repulsio:.is
2543 1443 2748 1506 labore,
2792 1439 3072 1494 oborieute
3120 1433 3336 1490 fastidio
3386 1430 3654 1490 Rebecca,
3708 1424 3761 1479 id

2183 1547 2268 1593 est
2294 1535 2672 1606 patientiatsic
2695 1532 2842 1587 enim
2889 1524 3298 1597 interpretatur)
3334 1521 3605 1582 excedere
3640 1516 3764 1571 deli-

2182 1627 2378 1682 cieudo
2424 1625 2632 1680 nititur.
2666 1625 2865 1678 Beatus
2895 1621 3040 1676 enim
3070 1619 3162 1687 qui
3192 1616 3381 1694 sullcrt
3410 1612 3762 1669 tentationcm

2186 1717 2328 1790 (Jac.
2361 1734 2400 1780 ι,
2436 1717 2520 1783 12)
2558 1734 2571 1770 :
2600 1714 2824 1770 Bathuel
2852 1715 2995 1783 virgo
3020 1710 3118 1764 Dei
3138 1709 3354 1771 dicitur,
3380 1706 3433 1760 in
3456 1721 3565 1773 quo
3588 1697 3765 1756 incor-

2186 1821 2356 1882 ruptae
2387 1812 2508 1866 ﬁdei
2557 1819 2734 1864 status
2779 1805 3124 1876 exprimitur,
3163 1806 3229 1858 de
3251 1817 3358 1872 quo
3400 1799 3647 1854 ltelzecca
3691 1793 3769 1865 gi-

2185 1905 2384 1974 gnitur,
2447 1901 2570 1970 quia
2618 1902 2743 1955 dum
2802 1897 3074 1952 credimus
3120 1897 3373 1964 his,qu£e
3425 1907 3490 1944 ex
3525 1888 3626 1943 ﬁde
3656 1885 3766 1941 sula

2186 2003 2458 2058 tenentur,
2519 1991 2782 2062 patientia
2833 1989 2978 2042 inter
3024 1986 3162 2040 mala
3215 1982 3501 2054 praesentia
3535 1994 3632 2050 pro
3675 1992 3770 2045 spe

2181 2095 2514 2140 :rtcrnorum
2543 2085 2597 2136 in
2645 2081 2799 2137 nobis
2822 2089 3160 2150 procreatur.
3192 2075 3343 2131 Unde
3379 2072 3602 2129 Bathucl
3631 2070 3773 2126 illius

2185 2179 2423 2242 Mclchan,
2451 2177 2503 2230 id
2533 2185 2615 2230 est
2663 2175 2874 2243 regium,
2907 2171 2992 2226 vel
3040 2181 3336 2240 regnatura:
3382 2167 3602 2228 dicitur,
3645 2163 3770 2232 quia

2181 2267 2323 2337 quod
2357 2279 2500 2320 nunc
2549 2265 2600 2318 in
2649 2263 2754 2318 ﬁde
2800 2263 2942 2316 inter
2979 2268 3327 2315 teutamenta.
3353 2257 3677 2327 persistitur.
3708 2269 3770 2308 ex

2183 2357 2419 2427 perlecta
2451 2355 2623 2425 surgit
2655 2354 2845 2426 gloria,
2883 2369 3044 2423 quam
3089 2351 3381 2414 credimus,
3442 2344 3772 2416 supercoele-

2182 2450 2283 2503 stis
2311 2447 2649 2502 Hierusalem
2677 2445 2869 2499 matris
2892 2452 3110 2505 nostra},
3135 2442 3247 2512 jam
3271 2458 3335 2496 ex
3365 2449 3514 2510 parte
3542 2452 3769 2508 regnan-

2184 2543 2273 2608 tis,
2305 2552 2360 2595 ct
2415 2550 2537 2611 post
2579 2539 2766 2610 judicii
2825 2538 2966 2591 diem
3009 2536 3074 2588 ad
3129 2536 3393 2604 integrum
3447 2540 3769 2602 regnaturae.

2182 2633 2388 2689 Melcha
2413 2644 2495 2688 cst
2522 2648 2658 2685 uxor
2703 2630 2926 2684 Nuchor
2973 2627 3162 2681 fratris
3191 2625 3485 2685 Abraham,
3519 2622 3643 2692 quia
3685 2621 3770 2675 illa

2181 2741 2301 2797 qua}
2324 2725 2434 2795 jam
2464 2732 2647 2794 regnat
2679 2736 2876 2792 sponsa
2926 2729 3009 2774 cst
3037 2718 3174 2788 ejus,
3221 2719 3312 2790 qui
3362 2732 3550 2772 verum
3598 2717 3770 2770 lumen

2181 2830 2284 2881 est,
2329 2819 2382 2871 in
2429 2834 2532 2887 quo
2560 2817 2910 2886 requiescunt,
2960 2812 3272 2882 quicunque
3319 2825 3446 2864 vera
3497 2824 3630 2878 pace
3653 2808 3773 2878 qui-

2182 2921 2404 2975 escunt;
2462 2918 2518 2964 et
2576 2909 2705 2978 ipse
2737 2905 2956 2960 Nachor
3003 2904 3174 2958 frater
3228 2911 3313 2957 est
3351 2899 3605 2967 Abrahae,
3645 2902 3774 2970 quia

2183 3003 2361 3058 lumen
2385 3004 2528 3073 quod
2569 2999 2836 3055 illuminat
2859 2998 3142 3058 mundum,
3173 2996 3300 3052 dum
3333 3010 3462 3049 caro
3493 2995 3569 3057 lit,
3605 2993 3776 3048 inter

2185 3094 2358 3148 factus
2399 3100 2482 3147 est
2506 3094 2747 3146 omnimn
2775 3089 2885 3158 qui,
2922 3105 3019 3159 per
3063 3089 3244 3153 tidem,
3277 3101 3471 3142 nomen
3509 3096 3562 3140 et
3605 3101 3772 3157 opera

2186 3187 2468 3241 imitantur
2495 3183 2742 3238 Abrahte.
2788 3181 3042 3253 liydriam
3075 3180 3127 3233 in
3167 3177 3385 3248 scapnla
3415 3185 3614 3246 portat,
3645 3177 3771 3246 quia

2185 3279 2391 3348 pondus
2423 3275 2798 3346 cupiditatum,
2825 3273 2964 3342 quod
2987 3271 3240 3325 talentum
3265 3269 3463 3340 plumbi
3494 3269 3543 3322 in
3567 3269 3776 3322 Zacha-

2185 3371 2265 3424 rla
2287 3367 2554 3437 significat
2577 3364 2764 3435 (Zach.
2789 3380 2837 3428 v,
2881 3364 2960 3434 7),
2993 3379 3111 3432 qua:
3139 3377 3198 3418 se
3226 3361 3492 3416 violenter
3523 3362 3775 3430 ingerunt

2184 3476 2327 3532 aegre
2381 3460 2606 3523 tolerat;
2656 3457 2848 3528 hydria
2898 3455 3275 3525 cupiditatem,
3309 3467 3446 3522 aqua
3504 3449 3776 3521 signiﬁcat

2185 3553 2546 3623 voluptatem;
2589 3558 2846 3622 gravatur
2890 3563 3019 3618 ergo
3050 3561 3144 3617 per
3183 3545 3518 3614 voluptatum
3564 3559 3650 3613 cu;
3679 3543 3776 3597 ili-

2187 3654 2377 3706 tatcm,
2407 3643 2593 3696 decora
2647 3641 2698 3694 in
2736 3638 2950 3701 affectu,
3005 3636 3124 3691 sine
3165 3635 3512 3704 corruptione
3547 3632 3774 3697 favoris,

2183 3735 2537 3808 pulcherrima
2563 3733 2613 3786 in
2665 3731 2883 3796 eli'ectu,
2932 3727 3197 3798 incognita
3231 3726 3359 3789 riro,
3395 3741 3518 3795 qu:e
3562 3723 3776 3779 scilicet

2187 3827 2423 3882 audacia:
2450 3824 2648 3878 diaboli
2673 3831 2859 3894 patere
2888 3820 3016 3876 velit
3044 3819 3097 3872 in
3122 3817 3288 3872 nullo.
3327 3817 3562 3872 Dicimus
3585 3826 3774 3869 autem

2186 3935 2292 3976 non
2323 3919 2463 3989 quod
2505 3919 2616 3972 haec
2641 3914 2954 3983 omniajam
2983 3913 3075 3976 sit,
3107 3911 3202 3966 sed
3236 3909 3378 3980 quod
3416 3910 3483 3963 ad
3514 3910 3614 3963 hoc
3653 3921 3776 3962 csse

2185 4012 2481 4075 contendit,
2510 4011 2650 4065 sicut
2695 4006 2990 4062 Ecclesium
3016 4003 3132 4060 sine
3161 4017 3289 4071 ruga
3320 4010 3375 4056 et
3401 3999 3607 4055 macula
3638 3997 3778 4053 dicit

2183 4103 2472 4176 Apostolus
2501 4101 2718 4172 (Ephes.
2751 4117 2806 4166 v,
2827 4100 2941 4170 27).

2257 4197 2422 4252 Vens.
2452 4195 2541 4259 l7,
2568 4195 2653 4248 18.
2681 4222 2752 4232 -
2779 4189 3124 4244 Descenderat
3154 4197 3327 4240 autem
3367 4185 3438 4239 ad
3470 4184 3696 4252 fontem,
3725 4189 3775 4235 et

2184 4287 2482 4358 impleverat
2523 4283 2786 4354 hydrium,
2827 4297 2890 4334 ac
2921 4280 3286 4334 revertebatur.
3339 4273 3689 4343 Occurritque
3727 4273 3775 4325 ei

2183 4393 2382 4442 servus,
2404 4385 2450 4429 et
2484 4375 2599 4428 ait:
2635 4371 2944 4427 Pauxillum
2973 4368 3101 4423 mihi
3118 4368 3312 4455 ‘pra'be
3353 4367 3422 4419 ad
3452 4364 3773 4419 sorbendum

2185 4488 2335 4543 aqua
2355 4472 2418 4524 de
2432 4469 2619 4540 hydria
2644 4468 2900 4533 tua.Qure
2919 4465 3181 4535 respondit
3207 4477 3224 4516 :
3254 4462 3402 4527 Bibe,
3421 4461 3530 4532 95
3563 4459 3775 4514 domine

500 4548 567 4600 ad
595 4548 984 4607 humiliandam
1013 4553 1192 4608 saeculi
1224 4557 1577 4625 cupiditatum
1606 4559 1656 4614 iu
1681 4562 1855 4631 scipsa
1887 4577 2082 4632 super-
2115 4577 2159 4631 ι)
2181 4552 2276 4628 ἰηί,
2302 4563 2635 4632 celeriterque
2663 4560 2899 4630 deposuit
2936 4558 3177 4628 hydriam
3200 4572 3356 4622 super
3385 4555 3566 4608 uiuant
3595 4569 3774 4618 suam,

501 4635 645 4692 biam
675 4653 1053 4709 provocanms,
1103 4653 1164 4698 ut
1191 4660 1310 4701 eam
1344 4647 1612 4714 bibamus,
1665 4650 1715 4705 id
1748 4661 1832 4706 est
1875 4668 1940 4707 ex
1975 4661 2085 4708 toto

503 4729 555 4781 in
581 4731 737 4787 nobis
762 4747 1168 4791 consumamus.
1215 4737 1328 4795 Hoc
1359 4742 1518 4796 modo
1553 4743 1823 4799 'lsraelitae
1858 4744 2083 4800 vitulmn

503 4825 895 4882 comminutum
929 4828 1198 4895 biberunt,
1233 4841 1286 4888 et
1312 4835 1496 4890 idraco
1524 4837 1686 4891 datur
1719 4853 1841 4893 esca
1873 4838 2086 4908 populis

501 4913 816 4986 {Ethiopum
866 4918 1040 4991 (Psal.
1069 4939 1259 4992 usui,
1287 4927 1400 4997 14).
1433 4928 1741 4999 Respondet
1765 4931 1852 4984 illa
1887 4949 1900 4985 :
1934 4930 2080 4990 Bibe.

501 5018 623 5059 eum
646 5007 844 5062 rationi
862 5010 999 5068 bene
1017 5018 1326 5086 suggerenti
1341 5017 1530 5074 hilaris
1555 5021 1738 5075 obedit
1764 5020 2086 5077 benevolen-

503 5098 573 5156 tia
589 5100 657 5153 ad
671 5113 729 5153 se
746 5103 1117 5176 castigandam
1136 5109 1500 5165 conscientiae.
1515 5111 1749 5167 Camelis
1765 5120 1947 5182 potum
1971 5113 2088 5182 polo

500 5198 715 5259 licetur,
755 5210 878 5250 cum
908 5200 1199 5257 virtutibus
1238 5217 1303 5256 ex
1335 5203 1565 5273 propr-ite
1593 5205 1910 5274 evagatione
1935 5206 2084 5275 cupi-

500 5287 689 5343 ditatis
713 5286 990 5347 instaurat
1019 5293 1200 5348 robur.
1227 5294 1387 5360 Cum,
1421 5295 1616 5365 inquit,
1645 5295 1736 5350 tali
1768 5297 1926 5351 modo
1953 5299 2084 5352 mihi

501 5396 654 5437 meus
679 5381 959 5439 munditia:
988 5386 1158 5441 amica
1189 5388 1459 5452 arriserit,
1487 5389 1655 5443 sciam
1681 5389 1866 5460 procul
1901 5391 2084 5456 dubio,

498 5482 553 5530 et
577 5472 914 5542 perpendam
957 5492 1065 5532 non
1118 5494 1240 5534 meo
1288 5481 1573 5545 exercitio,
1608 5482 1700 5538 sed
1748 5483 1935 5552 gratiae
1981 5493 2086 5537 tua:

498 5563 641 5618 dono
672 5563 816 5617 hanc
859 5569 1152 5637 praeparari
1183 5570 1236 5624 in
1270 5585 1357 5627 me
1379 5571 1733 5641 voluntatem,
1785 5587 1904 5644 quae
1934 5587 2086 5628 asso-

498 5655 635 5710 ciari
666 5669 943 5715 mereatur
980 5662 1150 5730 Isaac,
1190 5666 1318 5721 risui
1358 5668 1564 5723 scilicet
1605 5669 1957 5740 sempiterno,
1994 5669 2086 5738 qui

500 5759 648 5800 nunc
678 5743 822 5800 ridet
851 5748 906 5804 in
959 5767 1074 5823 spe,
1103 5758 1196 5812 sed
1245 5767 1422 5816 tamen
1462 5762 1628 5817 servit
1680 5763 1808 5829 tuis,
1841 5759 2083 5828 Domine;

498 5837 694 5894 oﬂiciis
719 5837 1021 5901 militando.
1521 5854 1532 5861 ’

2187 4664 2236 4708 et
2259 4655 2401 4708 dedit
2431 4654 2479 4707 ei
2505 4663 2704 4722 potum.
2745 4653 2827 4704 Ad
2859 4651 3052 4720 fontem
3084 4649 3366 4705 descendit
3415 4645 3773 4710 conscientia,

2189 4763 2309 4804 cum
2341 4766 2368 4800 a
2400 4745 2606 4801 caelesti
2648 4743 2916 4799 desiderio
2955 4742 3258 4798 deﬂectitur
3296 4741 3363 4796 ad
3403 4741 3581 4798 saeculi
3614 4739 3778 4808 hujus

2187 4837 2351 4893 ﬂuxa.
2394 4837 2586 4906 Implet
2633 4835 2897 4906 hydriam,
2945 4851 3066 4890 cum
3103 4836 3169 4889 de
3207 4833 3389 4888 inﬁma
3437 4833 3552 4903 eius
3600 4833 3773 4905 gloria

2188 4930 2392 4986 satiare
2423 4928 2613 4982 nititur
2641 4926 2949 4981 avaritiam.
2994 4925 3122 4981 Post
3151 4937 3270 4996 quae
3299 4926 3606 4990 revertitur,
3644 4923 3776 4994 quia

2188 5020 2427 5091 qualibet
2475 5019 2687 5090 expleta
2724 5018 2946 5074 libidine
2991 5018 3280 5088 aliquoties
3307 5019 3521 5073 animus
3549 5015 3774 5071 admissi

2188 5113 2458 5183 paenitens
2498 5113 2563 5168 ad
2594 5127 2652 5167 se
2681 5112 2973 5167 reducitur.
3022 5110 3283 5166 Redeunti
3311 5127 3489 5166 servus
3519 5110 3776 5174 occurrit,

2189 5216 2312 5260 cum
2352 5205 2691 5275 resipiscenti
2720 5203 3066 5259 conscientiae
3093 5202 3312 5257 virtutis
3338 5203 3606 5273 appetitus
3633 5199 3780 5254 allu-

2189 5297 2288 5354 dit.
2319 5297 2628 5351 Pauxillum
2651 5313 2803 5365 aqua:
2828 5296 2896 5349 ad
2927 5295 3236 5368 sorbendum
3267 5293 3524 5364 postulat,
3555 5291 3778 5362 quoties

2189 5389 2566 5445 inteilectualis
2615 5387 2838 5444 allectus
2903 5387 3259 5458 cupiditatum
3321 5386 3534 5440 ﬂuentis
3588 5383 3774 5438 sinum

2189 5483 2386 5538 mentis
2409 5483 2626 5553 deplere
2656 5475 2946 5537 desiderat.
2971 5479 3218 5534 Celeriter
3241 5494 3368 5548 ergo
3389 5479 3779 5548 obtemperans

2189 5575 2432 5644 hydriam
2476 5587 2632 5642 super
2685 5571 2865 5625 ulnam
2915 5570 3156 5640 deponit,
3195 5583 3316 5622 cum
3357 5567 3460 5621 sibi
3496 5563 3776 5633 scapulam

2189 5667 2373 5737 iniqua
2402 5664 2660 5736 patientia
2707 5664 2772 5719 ad
2817 5663 2921 5717 ima
2962 5662 3176 5717 curvari
3221 5659 3594 5715 carnalitatum
3629 5655 3778 5708 mole

2190 5759 2422 5827 respuit,
2451 5757 2545 5812 sed
2569 5755 2762 5810 debita:
2794 5754 3127 5810 fortitudinis
3167 5753 3388 5808 brachio
3437 5751 3777 5818 voluptatum

2196 5849 2474 5906 lasciviam
2504 5848 2793 5919 regendam
2816 5848 3059 5917 suscipit,
3092 5855 3146 5901 ct
3191 5844 3414 5898 rationis
3451 5857 3544 5897 ore
3567 5855 3775 5896 consu-
