3978 6332
227 388 329 449 185

1313 368 1675 432 MORALIUM
1700 367 1768 423 IN
1803 365 2096 422 GENESlN
2134 365 2260 424 LIB.
2304 361 2414 420 VII.

3401 377 3424 432 -Ι
3435 373 3505 433 86

231 499 487 562 mendam
510 495 766 570 exponit.
791 496 973 569 (Vens.
1003 492 1090 558 l9,
1111 488 1204 560 20)
1229 487 1459 558 Cumque
1484 486 1572 541 ille
1599 485 1828 548 bibisset,
1858 481 1904 537 Α
1933 481 2136 558 absque
2172 479 2474 536 humilitate
2507 483 2562 532 ct
2597 475 2852 546 patientia
2882 474 3123 532 exhiberi
3171 490 3276 531 non
3307 486 3507 546 potest.

233 593 424 664 adjecit
450 605 475 646 :
509 590 658 656 Quin
688 599 739 644 et
785 585 993 643 camelis
1023 583 1128 638 tuis
1149 581 1391 635 hauriam
1418 593 1628 649 aquam,
1667 575 1830 629 donec

235 661 409 738 cuncti
463 681 670 734 bibant.
720 675 1114 748 E/fundensque
1162 667 1488 740 hydriamin
1539 661 1830 726 canalibus,

235 773 459 830 recurrit
509 771 581 826 ad
618 781 858 840 puteum,
889 775 942 820 ut
984 763 1216 818 hauriret
1262 775 1478 830 aquam,
1511 765 1559 811 et
1587 757 1831 808 haustam

235 864 482 921 omnibus
504 861 726 917 camelis
755 859 918 914 dedit.
949 854 1096 910 Mens
1129 859 1272 908 tacta
1300 848 1556 905 divinitus
1602 861 1710 902 non
1744 857 1832 898 so-

239 953 348 1006 lum
403 952 458 1006 in
492 966 604 1004 una
636 946 878 1020 qualibet
908 959 964 1000 re
993 939 1485 1012 concupiscentiam
1514 934 1566 991 vi
1596 933 1834 990 rationa-

238 1043 408 1098 litatis
455 1041 708 1097 consumi
743 1037 960 1109 gaudet,
1002 1035 1095 1091 sed
1125 1043 1184 1090 et.
1217 1031 1475 1087 omnibus
1518 1025 1750 1088 camelis,
1781 1022 1834 1080 id

238 1144 323 1190 est
350 1133 655 1188 humilibus
678 1131 939 1185 virtutum
966 1125 1161 1183 studiis
1187 1126 1377 1180 datura
1410 1129 1472 1178 et.
1491 1115 1836 1175 refocillat'so-

240 1227 328 1283 nis
351 1225 560 1290 locum,
618 1237 788 1294 aqu..s
817 1221 992 1286 omnis
1026 1217 1278 1273 molliciei
1311 1215 1486 1272 noxiae
1531 1227 1590 1268 se
1618 1208 1837 1266 haurire

239 1315 496 1387 spondet.
536 1312 726 1368 Virtus
769 1310 914 1366 enim
963 1323 1066 1363 non
1097 1307 1259 1361 habet
1309 1319 1416 1375 quo
1463 1309 1701 1364 maneat,
1730 1297 1838 1353 nisi

239 1408 357 1464 vitii
388 1407 680 1462 humorem
711 1403 937 1473 spiritus
967 1399 1107 1472 ignis
1142 1398 1335 1454 sudum
1377 1395 1590 1451 reddat.
1628 1392 1836 1462 Aquam

209 1502 426 1570 ~itaque
479 1499 537 1552 in
585 1494 856 1550 canalibus
881 1490 1224 1553 eli-audimus,
1263 1502 1383 1542 cum
1414 1480 1836 1554 superﬂuitatem

241 1569 632 1650 secularitatis
659 1602 756 1658 per
783 1583 1142 1640 humilitatem
1168 1578 1560 1650 cogitationum
1591 1569 1849 1629 exinani-.

241 1698 385 1738 mus.
414 1678 639 1746 Canalis
663 1656 811 1732 enim
859 1674 928 1729 ob
957 1670 1349 1728 concavitatem
1383 1680 1535 1722 suam
1563 1656 1839 1716 humilitaL

247 1786 356 1831 tem
415 1771 622 1828 tuentis
681 1767 973 1837 signiﬁcat,
1023 1761 1164 1817 unde
1217 1757 1418 1816 dicitur
1457 1757 1510 1811 in
1541 1751 1778 1810 Canticis
1819 1766 1834 1804 :

245 1830 428 1920 Comm
455 1864 574 1934 ejus
603 1830 985 1926 sicut‘purpura
1010 1854 1142 1924 regis
1163 1853 1332 1907 vincta
1355 1846 1628 1902 canalibus
1659 1842 1836 1915 (Cant.
1871 1830 1914 1886 Β

246 1970 348 2017 vn,
377 1951 453 2019 6).
485 1951 567 2005 Ad
594 1959 806 2018 puteum
834 1959 960 2000 vero
985 1942 1338 2006 recurrimus,
1391 1946 1450 1991 ut
1476 1952 1667 2008 aquam
1707 1934 1843 1988 hau-

249 2049 482 2111 riamus,
516 2043 862 2109 haustumque
891 2034 1101 2092 camelis
1127 2035 1336 2095 demus,
1361 2045 1483 2086 cuin
1509 2028 1574 2082 ad
1596 2025 1844 2082 conside-

253 2135 488 2191 randam
512 2133 674 2186 totius
702 2140 898 2185 nostrm
929 2123 1386 2196 concupiscentia:
1411 2135 1643 2176 massam
1669 2118 1844 2174 aciem

261 2227 431 2282 animi
456 2225 781 2288 reducimus,
816 2230 878 2276 ut
916 2236 946 2275 a
974 2218 1176 2274 nostris
1205 2231 1324 2270 eam
1355 2213 1562 2270 sinibus
1589 2209 1845 2268 extruda-

260 2335 406 2382 mns,
451 2325 508 2370 ct
554 2315 816 2368 virtutum
867 2323 1206 2382 quarumque
1256 2305 1506 2363 examina
1561 2301 1844 2357 libidinum

253 2407 669 2475 consumptione
695 2419 1000 2474 pascamus.
1549 2416 1551 2418 ·

331 2499 495 2553 Vens.
527 2497 620 2560 Si,
652 2495 816 2549 21—
830 2493 929 2548 Ille
944 2503 1118 2546 autem
1143 2486 1594 2557 contemplabatur
1619 2500 1734 2540 eam
1764 2493 1848 2537 ta-

256 2591 409 2653 citus,
431 2589 565 2642 scire
596 2587 788 2651 rolens,
818 2595 992 2638 utrum
1016 2597 1321 2652 prosperum
1359 2577 1563 2647 fecisset
1589 2574 1850 2629 Dominus

221 2681 226 2686 ’
258 2683 358 2736 iter
382 2695 563 2739 suum,
597 2694 665 2731 an
698 2694 821 2730 non.
871 2673 1155 2744 Postquam
1201 2686 1322 2741 ergo
1371 2670 1608 2722 biberunt
1639 2665 1844 2733 cameli,

258 2771 477 2842 protulit
507 2771 588 2824 uir
615 2770 825 2822 inaures
853 2781 1042 2820 aureas
1065 2763 1410 2833 appendentes
1435 2759 1590 2816 siclos
1619 2759 1769 2821 duos,
1800 2765 1849 2812 et

259 2863 498 2918 armillas
545 2861 763 2915 totidem
806 2859 980 2933 pondo
1025 2857 1273 2910 siclorum
1314 2853 1511 2906 decem.
1571 2850 1850 2921 Virginem

261 2953 410 3008 taciti
441 2949 898 3020 contemplamur,
930 2963 1052 3002 cum
1087 2962 1116 3001 a
1143 2945 1373 3015 strepitu
1414 2941 1668 2998 forastico
1699 2957 1851 2996 men-

263 3041 403 3096 tibus
427 3039 751 3109 consopitis,
771 3051 931 3107 quam
964 3034 1255 3102 gloriosum
1280 3031 1352 3087 sit
1383 3046 1413 3085 a
1434 3029 1639 3101 peccati
1669 3043 1851 3084 morsu

260 3135 558 3190 immunem
595 3130 796 3186 habere
831 3127 1240 3191 conscientiam,
1271 3124 1413 3179 intra
1436 3138 1532 3178 nos
1557 3123 1700 3193 ipsos
1729 3135 1854 3191 per-

261 3227 574 3296 pendimus.
653 3223 708 3278 ln
789 3221 942 3293 cujus
1015 3216 1430 3290 pulchritudinis
1498 3213 1853 3271 delectatione

263 3318 567 3389 ai.sp'ciuin
606 3313 877 3386 quoddam
927 3311 1242 3382 accipimus,
1295 3317 1473 3364 utrum
1528 3319 1852 3380 prosperum

263 3410 516 3466 desid-.rii
567 3407 739 3464 nostri
769 3419 988 3462 cursum
1041 3403 1203 3459 faciat
1240 3401 1520 3466 Dominus,
1566 3399 1691 3470 quia
1727 3398 1855 3453 dum

262 3502 372 3558 disi
398 3516 569 3556 tarum
595 3497 792 3569 speciei
833 3511 1016 3551 rerum
1050 3493 1147 3549 soli
1173 3491 1475 3566 quaerenda:
1501 3488 1856 3552 intendimus,

264 3596 334 3652 ib'
368 3595 614 3667 piol'ecto
636 3609 699 3648 ac
733 3592 774 3646 si
803 3589 855 3645 in
891 3589 1030 3645 libro
1055 3587 1306 3659 legimus,
1328 3584 1457 3656 quid
1484 3583 1630 3648 boni,
1659 3580 1859 3652 quidve

266 3685 394 3739 mali
440 3697 826 3753 exsequamur,
856 3679 986 3750 quid
1016 3694 1178 3743 nunc,
1211 3676 1340 3748 quid
1369 3675 1424 3730 in
1470 3672 1651 3728 futuro
1691 3669 1857 3726 sorti—

267 3777 376 3832 turi
399 3780 623 3840 "sumus,
655 3789 720 3829 ex
745 3773 923 3842 aliqua
957 3780 1111 3842 parte
1139 3776 1528 3839 pt'tesagamur.
1569 3761 1858 3835 Postquam

271 3872 434 3943 igitur
473 3871 669 3924 bibunt
699 3861 1031 3931 cameli,‘ubi
1065 3861 1274 3919 scilicet
1296 3877 1326 3915 a
1353 3859 1551 3914 virtute
1581 3856 1860 3911 humilita-

273 3963 340 4016 tis
363 3960 729 4023 consumitur,
769 3955 1030 4027 quidquid
1077 3955 1218 4008 iutra
1265 3966 1362 4006 nos
1403 3959 1488 4004 est
1513 3948 1626 4004 vitii
1660 3945 1864 4016 profert

272 4050 445 4105 virilis
521 4048 754 4103 feminea
820 4045 934 4114 jam
1003 4042 1218 4098 exclusa
1283 4038 1505 4096 mollitie
1559 4036 1863 4092 intellectus

273 4145 542 4214 geminam
577 4142 686 4196 Deo
709 4149 763 4194 et
805 4137 1132 4203 hominibus,
1159 4137 1302 4206 quod
1325 4149 1420 4204 per
1445 4133 1656 4186 inaures
1683 4131 1863 4202 signa-

276 4243 364 4288 tur
392 4233 781 4296 obedientiam,
814 4239 872 4284 ut
898 4244 1020 4285 cum
1049 4226 1156 4282 Deo
1177 4225 1401 4294 obsequi
1446 4223 1640 4280 nititur
1661 4222 1746 4278 his
1772 4221 1864 4292 qui

275 4329 378 4383 sibi
417 4336 642 4398 patet-ne
674 4331 937 4393 praesunt,
980 4329 1034 4374 et
1061 4319 1302 4376 fraterne
1329 4317 1548 4382 adsunt,
1590 4315 1643 4369 in
1680 4314 1864 4368 auditu

275 4419 425 4472 auris
450 4425 830 4472 ornamentum
863 4411 1106 4482 obsequii
1137 4426 1241 4464 non
1277 4416 1525 4480 negetur.
1549 4407 1664 4462 Non
1693 4406 1865 4461 solum

275 4511 420 4564 enim
448 4509 713 4578 patribus,
767 4506 859 4561 sed
890 4515 946 4559 et
980 4503 1127 4558 omni
1167 4504 1415 4556 humana:
1445 4508 1710 4556 creatura:
1742 4511 1867 4568 pro-

277 4613 399 4671 pter
432 4600 602 4655 Deuin
627 4599 781 4655 subdi
809 4596 1063 4652 debemus
1085 4593 1134 4666 (Ι
1149 4591 1292 4648 Petr.
1323 4608 1383 4658 ii,
1413 4589 1867 4662 15).Obsequinm

278 4709 430 4762 vero,
457 4694 610 4763 juxta
633 4699 871 4762 poetam,
904 4688 1044 4758 parit
1064 4686 1264 4741 amicos
1293 4684 1451 4754 (Ten.
1476 4682 1692 4753 Andr.),
1731 4681 1871 4735 unde

280 4805 336 4846 et
373 4790 598 4846 totidem
642 4785 866 4841 armilla:
894 4784 1081 4855 puclla:
1105 4783 1354 4838 manibus
1380 4779 1726 4836 adhibentur.
1769 4777 1874 4834 Per

281 4883 548 4948 armillas,
601 4896 722 4951 qua:
776 4879 1048 4942 manibus,
1079 4875 1231 4946 quasi
1277 4889 1479 4931 corona
1530 4872 1870 4942 praiminent,

283 4973 496 5027 fructus
525 4969 651 5024 boni
676 4966 857 5038 operis
886 4963 1171 5035 accipitur,
1202 4963 1342 5034 quod
1369 4969 1452 5016 est
1475 4975 1574 5032 pax
1605 4959 1778 5030 primo
1807 4960 1873 5015 ad

287 5064 482 5129 Deum,
517 5060 717 5116 dehinc
753 5057 818 5112 ad
861 5056 1200 5127 proximum;
1230 5069 1334 5125 pax
1369 5053 1512 5108 enim
1543 5051 1666 5106 belli
1699 5049 1876 5107 exacti

283 5156 544 5227 pretium,
609 5166 712 5222 pax
775 5162 986 5204 summa
1045 5146 1291 5201 laborum
1347 5151 1696 5200 estzmanus
1745 5156 1876 5197 vero

285 5257 452 5315 opera
478 5243 774 5315 signiﬁcat,
805 5239 999 5310 quibus
1041 5245 1094 5292 et
1125 5237 1233 5291 Deo
1261 5235 1630 5306 obscquimur.
1674 5242 1727 5288 et
1747 5247 1874 5303 pro-

285 5331 438 5395 ximo
467 5335 722 5406 exempla
751 5334 1071 5404 pracbemus.
1116 5329 1404 5384 Prmminm
1448 5336 1627 5382 autem
1652 5341 1877 5398 operum

286 5431 456 5486 etiam
503 5429 558 5483 in
600 5426 877 5500 praesenti,
930 5424 1084 5494 quasi
1120 5424 1336 5494 quidam
1387 5435 1588 5476 ornans
1644 5435 1763 5487 nos,
1815 5433 1881 5474 ac

292 5522 550 5579 muniens
612 5517 847 5573 ambitus
899 5516 1257 5582 armillarum,
1320 5528 1474 5569 amor
1551 5521 1738 5567 noster
1811 5509 1883 5565 ad

294 5613 488 5677 Deum,
533 5609 744 5678 Deique
791 5608 856 5661 ad
911 5621 1011 5661 nos
1057 5619 1351 5674 rursusque
1407 5617 1473 5656 ex
1517 5602 1608 5672 pio
1655 5614 1882 5655 nascens

289 5721 460 5782 opere
485 5700 727 5776 proximi
752 5699 816 5752 ad
863 5713 984 5761 nos,
1033 5705 1086 5752 ct
1122 5707 1306 5751 noster
1336 5697 1402 5751 ad
1431 5694 1757 5766 proximum.
1788 5690 1883 5744 In-

286 5781 446 5855 anres
505 5790 823 5865 appendunt
857 5789 1011 5844 siclos
1043 5788 1198 5855 duos,
1241 5786 1364 5857 quia
1417 5801 1541 5840 vera
1573 5781 1876 5839 obcdicntia

1929 574 2121 628 Aurea:
2142 580 2290 638 sunt,
2319 585 2441 625 cum
2482 584 2578 640 pro
2617 569 2733 624 solo
2783 569 2890 624 Deo
2921 568 3145 641 imperia
3192 567 3506 625 obedientiae

1932 675 2086 728 ﬁunt.
2119 670 2360 728 Armillae
2379 671 2550 738 pondo
2571 670 2818 725 siclorum
2851 671 3026 724 decent
3052 679 3198 735 sunt,
3226 684 3348 724 cum
3387 685 3510 726 cor-

1931 779 2032 834 pus
2056 769 2304 817 nostrum
2331 767 2567 830 quatuor
2587 760 2889 815 subsistens
2915 759 3216 824 elementis,
3245 769 3300 813 et
3327 759 3507 814 anima

1935 853 2126 917 tribus,
2161 849 2440 906 inteltectu
2465 847 2690 914 scilicet,
2719 851 3002 916 memoria,
3035 849 3332 914 voluntate,
3364 849 3508 919 priu—

1934 945 2199 1015 cipalilius
2257 943 2412 999 donis
2457 941 2712 1013 pendent,
2779 955 2842 994 ac
2892 955 3058 1009 prona
3084 949 3208 994 sunt
3257 939 3322 993 ad
3354 939 3510 995 unius

1935 1036 2264 1092 desiderium
2297 1033 2616 1099 Trinitatis;
2666 1031 2874 1102 pondus
2909 1045 3140 1100 namque
3184 1045 3248 1084 ac
3275 1029 3452 1099 pondo
3479 1043 3507 1083 a

1933 1129 2203 1200 pendentia
2227 1128 2502 1193 dicuntur,
2540 1135 2595 1184 et
2640 1123 2782 1196 quod
2814 1122 3010 1192 pendet
3038 1122 3104 1176 ad
3150 1121 3350 1192 aliquid
3392 1130 3511 1175 ten-

1935 1221 2035 1287 dit,
2073 1221 2216 1275 unde
2253 1223 2308 1274 et
2333 1226 2578 1272 amantes
2605 1215 2840 1286 pendere
2871 1212 3136 1268 feruntur.

2005 1311 2168 1367 Vens.
2186 1310 2280 1376 ‘23,
2295 1307 2563 1374 24,23-
2583 1306 2830 1377 Dixitque
2859 1302 2930 1357 ad
2947 1319 3061 1358 eam
3081 1317 3099 1357 :
3116 1298 3280 1369 Cujus
3303 1315 3354 1352 es
3366 1299 3476 1366 ﬁlia
3492 1299 3518 1351 ?

1935 1401 2032 1458 Est
2073 1404 2127 1458 in
2175 1401 2328 1456 domo
2370 1399 2536 1471 patris
2564 1398 2642 1452 tui
2679 1395 2824 1451 locus
2871 1394 2939 1450 ad
2992 1388 3348 1446 manendum?
3387 1387 3518 1453 Quae

1937 1491 2196 1562 respondit
2228 1488 2320 1545 :F
2325 1488 2418 1543 ilia
2461 1485 2734 1542 Bathuelis
2779 1500 2920 1549 sum,
2946 1481 3044 1552 ﬁlii
3094 1479 3331 1543 Narlior,
3367 1493 3519 1544 quem

1935 1585 2128 1656 peperit
2155 1585 2204 1638 ei
2234 1580 2460 1638 Melcha.
2492 1577 2775 1633 Palearum
2796 1591 2998 1647 quoque
3028 1582 3076 1626 et
3107 1571 3214 1641 feni
3235 1569 3522 1640 plurimum

1935 1687 2009 1732 est
2045 1674 2184 1746 apud
2214 1690 2327 1738 nos,
2371 1681 2418 1727 et
2445 1671 2590 1724 lacus
2624 1669 2887 1740 spatiosus
2917 1665 2986 1722 ad
3016 1661 3354 1718 manendum.
3385 1659 3522 1712 Dum

1939 1764 2366 1823 conversationis
2389 1770 2592 1818 nostra:
2619 1759 2852 1831 rigorem
2875 1756 3147 1812 ferventer
3173 1751 3522 1812 attendimus,

1942 1858 2112 1927 ipsam
2152 1851 2545 1917 conversionis,
2608 1848 2694 1905 vel
2745 1847 2908 1902 etiam
2961 1839 3279 1900 intentionis
3328 1845 3527 1894 nostra:

1941 1949 2206 2019 originem
2229 1956 2559 2014 causamque
2579 1939 2810 1997 solerter
2835 1937 3154 2008 plerumque
3185 1930 3525 1987 discutimus.

1942 2040 2107 2111 Cujus
2154 2053 2283 2110 ergo
2343 2037 2415 2093 sit
2464 2035 2578 2104 ﬁlia
2621 2041 2732 2088 tam
2779 2031 2958 2086 nitens
3011 2024 3366 2088 conscientia,
3420 2023 3530 2076 Deo

1943 2131 2176 2195 scilicet,
2199 2144 2267 2183 an
2294 2124 2510 2181 diabolo
2537 2129 2888 2195 propagante,
2904 2121 2972 2174 sit
2993 2118 3134 2173 edita
3155 2115 3529 2184 disquiriinus,

1943 2235 2064 2277 cum
2092 2233 2157 2275 ne
2178 2217 2317 2273 bona
2348 2224 2405 2271 ut
2433 2214 2632 2270 assolet
2657 2225 2822 2282 prava
2853 2207 3156 2264 intentione
3181 2203 3528 2273 coeperimus,

1944 2320 2104 2368 caute
2145 2307 2525 2380 prospicimus.
2561 2305 2761 2360 Domus
2789 2298 2986 2356 diaboli
3020 2297 3108 2352 hic
3141 2293 3372 2350 mundus
3399 2292 3534 2346 diri-

1945 2408 2059 2456 tur.
2082 2397 2254 2452 Porro
2281 2395 2371 2462 hic
2393 2395 2588 2448 donius
2611 2391 2805 2462 patris,
2831 2387 3084 2443 videlicet
3111 2385 3226 2447 Dei.
3251 2400 3298 2437 n'
3325 2399 3356 2436 n
3387 2381 3456 2435 ali
3484 2380 3534 2435 'd

1946 2501 2030 2546 est
2060 2504 2224 2560 quam
2273 2502 2427 2542 mens
2470 2486 2586 2555 ipsa
2616 2497 2736 2553 quae
2765 2478 3126 2550 spiritualiter
3173 2475 3289 2544 ipso
3322 2471 3536 2526 iub-cbi-

1927 2589 2098 2638 -tante
2123 2578 2388 2650 dirigitur.
2414 2576 2480 2630 Et
2501 2574 2640 2629 sicut
2666 2571 2805 2641 apud
2833 2568 3110 2625 diabolum
3150 2563 3538 2635 dispergimzr,

1949 2672 2022 2727 ita
2071 2668 2140 2724 ad
2171 2681 2357 2728 curam
2404 2663 2682 2720 interioris
2712 2657 2948 2716 hominis
3003 2653 3144 2728 apud
3191 2654 3360 2708 Deum
3409 2663 3540 2704 vere

1949 2759 2166 2822 Patroni
2207 2759 2350 2813 intra
2406 2771 2506 2810 nos
2557 2754 2704 2826 ipsos
2753 2767 2818 2808 ac
2868 2751 2914 2808 si
2954 2746 3235 2805 domestTci
3293 2741 3541 2800 localiter

1950 2863 2381 2908 commonemus.
2429 2845 2608 2903 Locus
2638 2851 2822 2900 autem
2864 2839 3103 2898 ﬁdelium
3142 2836 3382 2894 cliaritas
3435 2842 3538 2897 est,

1952 2959 2058 2999 non
2078 2940 2320 3006 horaria,
2348 2937 2466 3005 sed,
2496 2946 2555 2992 ut
2589 2935 2664 2991 ita
2688 2935 2886 2999 diram,
2912 2929 3297 2990 mansionaria,
3321 2923 3462 2980 unde
3487 2930 3542 2978 et

1954 3039 2188 3110 Spiritus
2211 3043 2434 3093 sanctus
2464 3033 2551 3090 die
2581 3031 2938 3087 Pentecostes
2985 3025 3226 3082 illabitur
3274 3017 3544 3076 manenti-

1953 3108 2054 3190 bus
2111 3129 2164 3184 in
2220 3129 2410 3184 eodem
2477 3124 2617 3178 loco.
2667 3120 2833 3185 Filia,
2875 3118 3068 3189 inquit,
3117 3111 3388 3173 But/melis
3434 3108 3547 3180 96

1953 3215 2340 3275 sum:Batbuel
2363 3215 2505 3286 virgo
2529 3213 2625 3268 Dei
2651 3211 2877 3268 dicitur:
2910 3209 3063 3280 virgo
3095 3214 3275 3259 autem
3307 3200 3382 3255 nil
3410 3214 3545 3254 co..-

1955 3309 2260 3368 venientius
2300 3307 2568 3378 accipitur
2587 3318 2750 3376 quam
2792 3300 3020 3364 veritas,
3046 3312 3169 3366 quae
3188 3294 3313 3363 quia
3342 3307 3406 3346 ex
3436 3291 3544 3344 Deo

1955 3413 2060 3470 est,
2089 3401 2160 3456 nil
2190 3415 2252 3455 ea
2283 3399 2471 3470 purius
2500 3405 2616 3462 est;
2652 3408 2802 3449 mens
2832 3392 3014 3460 itaque
3047 3387 3131 3458 pia
3159 3380 3436 3438 Bathnclis
3464 3388 3548 3433 est
3589 3423 3592 3426 .

1958 3495 2086 3560 ﬁlia,
2120 3491 2243 3564 quia
2272 3507 2338 3546 ex
2361 3488 2616 3548 castitate
2659 3483 2904 3540 veritatis
2943 3481 3113 3546 edita,
3151 3475 3294 3530 nulla
3330 3470 3546 3541 recipit,

1959 3587 2064 3643 nisi
2089 3584 2422 3641 sinceritatis
2450 3581 2674 3636 monita.
2707 3577 2891 3631 Omnis
2921 3575 3065 3629 enim
3095 3571 3184 3643 qui
3210 3581 3282 3626 est
3325 3583 3388 3622 ea:
3418 3563 3552 3620 ueri-

1961 3686 2088 3741 tate,
2144 3675 2299 3729 audit
2341 3689 2512 3727 vocem
2551 3684 2720 3724 nteant
2766 3665 2948 3737 (Joan.
2997 3679 3153 3728 xvm,
3184 3661 3296 3727 37).
3325 3654 3552 3712 Bathucl

1961 3767 2183 3823 Melcha:
2211 3776 2292 3821 est
2318 3763 2480 3829 ﬁlius,
2507 3761 2633 3832 quia
2664 3759 2868 3814 veritas
2899 3772 3004 3816 non
3031 3754 3135 3810 nisi
3159 3767 3256 3824 per
3286 3750 3552 3806 rationem

1943 3855 2016 3914 ‘in
2044 3858 2200 3913 nobis
2247 3855 2512 3918 exoritur,
2553 3867 2672 3922 qum
2703 3849 2935 3912 Melcha,
2991 3845 3043 3901 id
3083 3854 3166 3900 est
3215 3842 3398 3912 regina
3427 3838 3553 3908 jure

1964 3955 2186 4019 dicitur,
2227 3952 2352 4022 quia
2382 3949 2641 4004 divinitus
2687 3945 2960 4000 illustrata
3009 3939 3214 3999 nostris
3249 3936 3554 3992 rectissime

1965 4045 2214 4102 sensibus
2263 4042 2617 4113 principatur,
2667 4038 2810 4094 unde
2841 4045 2893 4092 et
2926 4034 3208 4106 peperisse
3256 4031 3399 4085 hunc
3445 4029 3556 4083 Na-

1966 4137 2098 4192 chor
2132 4133 2357 4198 dicitur,
2407 4130 2497 4202 qui
2549 4128 2750 4198 requies
2790 4125 3004 4179 luminis
3053 4120 3376 4194 appellatur,
3426 4117 3554 4187 quia

1967 4222 2227 4294 quidquid
2281 4235 2422 4275 verte
2456 4216 2781 4290 cognitionis
2833 4215 2973 4269 intra
3023 4227 3122 4268 nos
3166 4227 3261 4281 per
3290 4203 3595 4268 Melchan,‘

1969 4316 2234 4369 rationem
2289 4310 2519 4374 scilicet,
2577 4307 2837 4379 gignitur,
2877 4306 2944 4358 ad
2991 4314 3270 4358 auctorem
3312 4299 3557 4370 profecto

1971 4407 2164 4472 Deum,
2188 4405 2240 4459 in
2267 4417 2373 4464 quo
2394 4416 2522 4456 vero
2553 4399 2753 4454 lumine
2782 4414 2810 4450 a
2844 4395 3076 4466 negotio,
3113 4392 3165 4446 id
3191 4403 3274 4446 est
3304 4397 3550 4459 peccato,

1896 4529 1946 4588 υ
1973 4498 2382 4571 perambulante
2431 4494 2484 4548 in
2542 4490 2779 4588 tenebris
2806 4485 3095 4588 (Psal.'ix,
3145 4481 3210 4588 8).
3239 4478 3564 4588 ins'pienjtim-

1974 4589 2213 4646 suaviter
2265 4584 2618 4658 quiescimus,
2673 4577 2926 4633 refertur.
2983 4572 3085 4627 Per
3127 4569 3306 4642 pa'eas
3333 4567 3474 4638 quod
3527 4582 3559 4620 a

1973 4696 2144 4753 grano
2166 4677 2464 4740 decutitur,
2495 4687 2557 4726 ea
2583 4685 2701 4742 quae
2733 4669 2783 4724 in
2819 4666 2972 4722 nobis
2999 4662 3354 4734 superﬂuunt,
3377 4659 3562 4727 culpas

1973 4747 2181 4827 scilicet
2219 4764 2588 4836 intelligimus.
2621 4759 2724 4815 Per
2753 4757 2936 4813 fenum
2976 4750 3330 4808 humanitatis
3359 4747 3563 4818 fragili«

1975 4869 2059 4918 tas
2086 4858 2381 4930 accipitur;
2435 4854 2618 4925 paleas
2651 4865 2802 4920 ergo,
2833 4857 2889 4903 et
2919 4844 3027 4900 feni
3063 4843 3352 4915 plurimum
3396 4838 3564 4918 habet

1975 4928 2223 5026 quisquis
2246 4957 2304 5004 et
2333 4947 2487 5017 culpa
2499 4960 2614 4999 rum
2638 4952 2692 4998 et
2713 4942 2942 5012 propriae
2965 4935 3146 4992 carnis
3175 4932 3289 5004 jugi
3313 4928 3563 4986 conside-

1977 5006 2327 5104 ;atioiie.non
2350 5049 2516 5096 caret.
2552 5035 2660 5090 Sed
2697 5041 2751 5089 et
2781 5030 2926 5084 locus
2951 5027 3210 5096 spatiosus
3243 5023 3311 5076 ad
3350 5035 3565 5074 manen-
3602 5006 3611 5016 ’

1979 5139 2104 5192 dum
2134 5135 2187 5189 in
2215 5134 2375 5188 domo
2394 5138 2490 5194 est,
2515 5125 2642 5198 quia
2673 5122 2773 5180 etsi
2803 5117 3048 5190 corporis
3068 5113 3274 5183 pondus
3305 5109 3563 5178 patimur,

1979 5238 2033 5284 et
2052 5227 2414 5283 circumstans
2463 5234 2563 5274 nos
2612 5221 2920 5286 peccaturo,
2959 5208 3124 5260 latum
3184 5213 3361 5255 tamen
3399 5212 3567 5268 penes

1979 5337 2080 5378 nos
2118 5329 2507 5376 conservamus
2530 5306 2814 5366 charitatis
2839 5300 3177 5360 mandatum,
3215 5292 3356 5363 quod
3403 5291 3565 5346 etiam

1981 5409 2364 5482 complectitur
2405 5401 2710 5461 inimicum,
2749 5393 2998 5464 quodque
3041 5385 3216 5457 operit
3266 5380 3568 5438 multitudi-

1982 5473 2506 5574 nem-peccatorum,
2564 5490 2705 5546 unde
2770 5485 2965 5542 dicitur
2998 5499 3012 5536 :
3046 5477 3291 5537 Statuisti
3349 5477 3405 5529 in
3454 5473 3570 5526 loco

1983 5566 2214 5669 spatioso
2267 5589 2422 5663 pedes
2467 5600 2608 5640 meos
2654 5577 2828 5652 (Psal.
2859 5590 2986 5640 xxx,
3017 5572 3096 5644 9).
3128 5570 3209 5623 Ad
3251 5566 3568 5623 manendum

1984 5706 2117 5746 vero
2149 5697 2248 5751 est,
2283 5683 2492 5742 scilicet
2541 5678 2604 5733 ad
2652 5669 3130 5746 perseverandum,
3162 5673 3220 5717 ut
3248 5677 3354 5716 non
3404 5657 3568 5711 verbo
3597 5670 3608 5685 '

1988 5795 2042 5841 et
2069 5784 2270 5853 lingua,
2305 5777 2399 5833 scd
2443 5788 2608 5845 opere
2639 5769 2924 5840 diligamus
2955 5772 3026 5833 .ct
3067 5759 3297 5815 veritate
3333 5753 3384 5823 (Ι
3407 5751 3544 5806 Joan
