3982 6360
471 250 575 310 181

472 383 559 433 ιιι,

470 458 627 530 Quod
646 455 791 513 enim
818 459 1080 518 mutatur,
1110 463 1216 505 non
1241 453 1325 502 est
1346 445 1400 500 in
1423 445 1673 501 veritate.

543 595 708 651 Vens.
741 590 831 657 9.6,
854 589 946 644 27.
980 616 1051 630 -ν
1088 582 1372 640 Inclinarit
1417 596 1473 635 se
1510 579 1688 644 homo,
1727 584 1777 631 et
1822 573 2059 629 adoravit

471 687 664 748 Deum,
693 683 867 737 dicens
892 694 911 733 .'
934 678 1250 734 Benedictus
1282 672 1539 728 Dominus
1568 669 1706 723 Deus
1731 666 1931 723 domini
1959 666 2062 720 mei

476 778 762 841 Abraham,
779 775 866 846 qui
894 788 1001 827 non
1049 768 1267 825 abstulit
1312 761 1727 819 misericordiam
1769 768 1815 814 et
1870 759 2061 813 verita-

472 879 572 925 tem
595 882 746 922 suam
777 882 808 919 α
837 863 1052 918 domino
1078 876 1218 922 meo,
1244 866 1293 911 et
1321 864 1460 909 recto
1491 853 1679 907 itinere
1711 866 1792 904 me
1817 847 2061 920 perduxit

472 961 528 1015 in
553 958 765 1012 domum
785 954 967 1026 fratris
993 952 1195 1006 domini
1220 947 1344 1001 mei.
1374 944 1596 1013 Quoties
1631 940 1845 998 aﬁ‘cctui
1873 949 2062 994 nostro

473 1048 740 1106 sentimus
792 1048 932 1101 bene
974 1041 1166 1114 agendi
1199 1040 1268 1095 ad
1306 1045 1489 1092 votum
1521 1035 1845 1106 respondere
1872 1029 2064 1106 volun-

473 1148 660 1205 tatem,
692 1135 984 1193 hutniliare
1005 1133 1262 1188 debemus
1292 1130 1358 1186 ad
1387 1128 1556 1183 Deum
1586 1134 1784 1181 nostra:
1815 1119 2063 1178 humani-

471 1232 604 1287 tatis
636 1229 894 1299 rigorem,
926 1238 1159 1295 eumque
1200 1221 1538 1286 benedicere,
1581 1213 2064 1274 intellectualitatis

473 1329 679 1376 nostras
732 1316 1037 1387 przesidem,
1096 1315 1186 1386 qui
1257 1311 1684 1368 misericorditer
1732 1322 1886 1364 suam
1937 1319 2063 1361 cum

475 1406 734 1480 operibus
783 1405 1031 1461 attribuit
1079 1405 1236 1460 nobis
1291 1402 1475 1469 ﬁdem,
1513 1410 1568 1457 et
1619 1399 1884 1470 promissa
1914 1410 2065 1452 com-

478 1498 677 1568 piendo
703 1495 985 1568 largitione
1006 1494 1212 1566 praemii
1238 1494 1290 1548 in
1320 1493 1426 1548 ﬁne
1456 1490 1733 1547 exhibebit
1756 1489 2063 1552 veritatem,

478 1599 536 1642 et
561 1588 1004 1643 documentorum
1037 1600 1259 1641 suorum
1289 1585 1503 1639 tramite
1532 1580 1860 1652 perducetin
1876 1592 2067 1647 super-

479 1682 756 1738 caelestem
800 1680 1019 1735 domum
1060 1678 1263 1736 Christi
1286 1677 1434 1743 Jesu,
1478 1677 1569 1748 qui
1608 1676 1780 1732 frater
1822 1684 1909 1731 est
1948 1688 2067 1729 om-
2101 1701 2143 1756 Β

475 1773 650 1837 nium,
699 1769 1099 1826 rationabiliter
1149 1776 1205 1825 et
1260 1766 1559 1824 secundum
1635 1780 1817 1823 mores
1888 1762 2064 1818 ﬁdelis

477 1864 714 1919 Abrahat
764 1861 1081 1919 viventium.
1132 1861 1397 1917 Dominus
1436 1866 1616 1914 autem
1663 1857 1880 1921 dicitur,
1938 1854 2066 1925 quia

481 1957 699 2013 atl‘ectui
747 1956 885 2012 ratio
929 1956 1262 2022 dominatur,
1307 1961 1364 2011 et
1399 1953 1653 2010 Christus
1697 1952 1864 2006 frater
1906 1948 2066 2019 hujus

480 2050 681 2105 domini
708 2059 952 2114 vocatur.
983 2049 1109 2120 quia
1149 2049 1234 2105 his
1261 2047 1622 2118 potissimum,
1672 2046 1763 2116 qui
1796 2045 1912 2101 suis
1941 2058 2069 2115 pra-

475 2141 560 2197 vis
588 2142 824 2198 motibus
855 2150 1097 2213 praesunt
1130 2149 1243 2197 tota
1275 2139 1640 2212 germanitate
1668 2137 2028 2193 connectitur.

546 2277 708 2335 Vsus.
742 2279 836 2350 28,
883 2280 977 2349 29,
1013 2280 1103 2335 30.
1147 2277 1492 2334 -—-Cucurrit
1547 2279 1722 2348 itaque
1771 2276 1968 2346 puclla,
2018 2284 2066 2329 et

476 2371 734 2424 nuntiavit
779 2371 833 2425 in
860 2371 1073 2425 domum
1112 2371 1298 2425 matris
1322 2386 1432 2424 sua:
1452 2371 1628 2425 omnia
1656 2378 1769 2439 qua:
1804 2370 2065 2422 audierat.

484 2459 730 2516 Habebat
770 2473 945 2518 autem
978 2461 1208 2517 Rebecca
1230 2461 1471 2531 fratrem,
1497 2461 1703 2517 nomine
1741 2459 1942 2525 Laban,
1975 2461 2066 2532 qui

480 2551 703 2621 festinus
734 2568 969 2620 egressus
994 2561 1069 2607 est
1089 2553 1158 2607 ad
1181 2553 1464 2618 hominem,
1496 2553 1585 2607 ubi
1604 2563 1714 2607 erat
1735 2553 1875 2621 fons.
1907 2551 2070 2607 Cunt-

481 2658 582 2713 que
603 2642 807 2697 vidisset
831 2643 1041 2698 inaures
1063 2653 1110 2697 et
1133 2642 1373 2698 armillas
1395 2645 1449 2697 in
1471 2643 1710 2699 manibus
1733 2646 1928 2700 sororis
1959 2660 2070 2698 sua:

479 2742 529 2788 et
555 2733 783 2788 audisset
821 2744 1009 2788 cuncta
1042 2734 1194 2789 verba
1242 2734 1553 2805 referentis:
1584 2734 1715 2789 Utro
1756 2733 1961 2788 locutus
1995 2743 2068 2788 est

484 2822 613 2876 mihi
639 2823 815 2890 homo,
848 2818 980 2878 viruit
1003 2824 1071 2878 ad
1113 2825 1304 2890 virum,
1333 2825 1423 2895 qui
1446 2823 1614 2879 stabat
1635 2825 1795 2894 juxta
1822 2822 2068 2889 camelos,

480 2920 529 2965 et
557 2927 717 2982 prope
752 2911 950 2982 fontem
997 2930 1168 2983 aquae.
1221 2913 1409 2970 Matris
1440 2916 1633 2970 domus
1683 2915 1800 2986 ipsa
1845 2916 2073 2973 rationis

483 3012 571 3056 est
597 3017 717 3071 qua:
739 3018 837 3058 nos
866 3005 1102 3075 protegit
1140 3004 1332 3061 virtus.
1361 3006 1443 3061 Ad
1475 3007 1616 3061 hanc
1641 3022 1867 3062 currens
1896 3007 2070 3079 puella

485 3092 838 3165 nuutiatqute
874 3095 1063 3161 audiit,
1094 3095 1222 3151 dum
1247 3097 1596 3153 conscientia:
1624 3098 1829 3167 puritas
1861 3099 1913 3153 in
1944 3114 2072 3155 cun—
2097 3083 2143 3142 ε

483 3187 587 3242 etis
617 3188 729 3243 suis
764 3186 1046 3245 affectibus
1085 3191 1153 3245 ad
1185 3191 1414 3247 rationis
1455 3208 1681 3247 exatnen
1716 3202 1825 3247 tota
1871 3192 2071 3248 seduli-

487 3286 596 3334 tate
628 3280 881 3346 recurrit,
936 3296 1164 3354 seseque
1212 3283 1303 3339 illa
1345 3283 1624 3356 judicante
1670 3283 1925 3355 disponit.
1967 3283 2073 3340 Re—

481 3371 646 3427 becca
671 3373 870 3429 dicitur
890 3374 1167 3445 patientia,
1193 3374 1378 3431 Laban
1424 3391 1551 3432 vero
1578 3376 1779 3431 candor
1805 3376 2074 3446 interpre—

490 3473 654 3519 tatur.
716 3465 938 3521 Paticns
995 3482 1127 3535 ergo
1188 3468 1526 3524 conscientia
1591 3468 1811 3524 candori
1872 3478 2074 3523 aeterno

496 3568 757 3625 germane
782 3554 1157 3626 coniungitur;
1189 3557 1291 3612 nisi
1330 3558 1473 3612 enim
1512 3572 1636 3627 spes
1669 3573 1788 3613 eam
1829 3573 2075 3627 supernae

488 3645 754 3700 claritatis
797 3645 1089 3711 attolleret,
1134 3646 1278 3702 inter
1313 3664 1596 3720 pressurus
1624 3650 1766 3706 illico
1792 3649 2079 3705 tolerantia

487 3736 723 3791 fctninee
751 3736 1069 3792 lassaretur.
1097 3737 1149 3793 ls
1175 3737 1369 3793 festiue
1391 3740 1667 3811 egreditur
1687 3741 1756 3794 ad
1790 3741 2074 3814 hominem,

488 3822 578 3875 ubi
609 3831 721 3876 erat
764 3821 902 3891 fons,
935 3823 1060 3894 quia
1111 3826 1388 3881 contuitus
1440 3825 1686 3881 sollicitae
1733 3825 2079 3896 cogitationis

487 3914 766 3984 exprimit,
822 3915 1256 3972 intellectualitcr
1315 3932 1499 3974 coram
1561 3920 1762 3974 nostris
1827 3918 2080 3974 humanis

490 4005 796 4074 all'eetibus,
830 4008 922 4077 qui
959 4008 1138 4063 Stet-tui
1174 4009 1456 4064 imminent
1506 4009 1914 4079 cupiditatibus,
1960 4023 2081 4079 quae

489 4097 562 4152 sit
589 4095 757 4168 gloria
781 4098 941 4169 {lucis
979 4099 1141 4166 illius,
1175 4101 1260 4155 cui
1304 4092 1482 4157 nullus
1510 4101 1653 4157 valet
1695 4103 1887 4158 obesse
1929 4101 2080 4157 defe-

489 4198 631 4245 ctus.
671 4189 854 4247 Laban
885 4207 1118 4264 namque
1148 4193 1216 4249 ad
1247 4195 1520 4250 hominem
1552 4196 1812 4267 egressio,
1836 4195 1910 4249 nil
1935 4196 2078 4251 aliud

493 4294 578 4339 est
606 4299 768 4354 quam
795 4288 1059 4341 adversus
1084 4288 1443 4343 humanitatis
1470 4296 1674 4343 motum
1708 4288 2087 4343 ratiocinantis

494 4375 717 4445 spiritus
754 4377 823 4433 de
872 4379 1137 4435 sententia
1177 4394 1424 4448 supernae
1462 4378 1728 4434 claritatis
1779 4380 2078 4449 expressio.

496 4468 655 4525 Videt
700 4470 911 4524 inaures
967 4480 1014 4524 et
1061 4469 1302 4525 armillas
1354 4471 1409 4523 in
1442 4469 1683 4524 manibus
1723 4471 1919 4524 sororis
1948 4486 2080 4536 suat,

494 4575 616 4615 cum
657 4559 944 4615 videndum
978 4561 1229 4631 proponit
1274 4560 1469 4615 anima:
1509 4559 1732 4630 patienti
1768 4570 1818 4615 et
1856 4561 2084 4632 geminae

497 4649 848 4715 obeditionis,
889 4650 1001 4707 Deo
1031 4651 1243 4708 scilicet
1289 4661 1345 4706 et
1383 4651 1614 4717 homini,
1652 4650 1848 4708 debita:
1877 4652 2085 4706 exerci-

499 4741 658 4806 tium,
713 4749 767 4796 ct
814 4743 1043 4812 gemina:
1080 4743 1412 4813 operationis
1451 4742 1707 4808 fructum,
1746 4757 1867 4812 qua:
1905 4743 2086 4798 divino

494 4829 683 4886 itidem
738 4830 949 4895 honori,
998 4841 1053 4887 ct
1094 4831 1348 4886 fraterna:
1377 4830 1624 4885 exhiberi
1656 4831 1815 4886 debet
1853 4830 2086 4887 aediﬁca—

499 4921 655 4988 tioni,
701 4930 756 4977 et
799 4938 865 4978 ex
910 4924 1012 4978 hoc
1045 4923 1380 4994 perpendere
1411 4931 1595 4977 monet
1622 4938 1743 4993 qua:
1761 4938 1958 4978 corona
1991 4924 2087 4978 de-

500 5013 696 5069 beatur
739 5022 816 5070 tot
876 5013 1124 5071 laborutn
1172 5013 1453 5085 dispendia
1502 5014 1810 5071 sustinenti.
1864 5015 2087 5071 inaures

498 5106 863 5163 obedientiam
903 5107 1212 5178 signiﬁcare
1263 5105 1417 5161 testis
1469 5115 1553 5162 est
1590 5105 1692 5163 Job
1729 5107 2086 5163 revalescenti

498 5198 704 5255 inauris
731 5199 854 5254 data
886 5197 1008 5267 (Job
1050 5214 1183 5262 χιιι,
1215 5195 1326 5269 ll).
1347 5197 1512 5270 Audit
1541 5198 1691 5253 verba
1729 5199 1920 5270 puellae
1958 5184 2090 5270 refe-

501 5289 685 5359 rentis,
714 5305 839 5347 cum
867 5289 1233 5361 intelligenter
1253 5268 1513 5345 obaudire
1539 5288 1671 5345 facit
1701 5268 1937 5346 animam
1963 5268 2089 5345 boni

501 5389 584 5444 sui
612 5395 933 5458 apparatum
969 5385 1242 5456 appetitus
1281 5383 1595 5440 all'ercntem
1645 5385 1710 5440 ad
1742 5390 2088 5442 emerendam

501 5478 740 5535 caelestis
787 5478 973 5549 gloria:
1007 5476 1205 5535 lucem.
1265 5476 1414 5533 Venit
1449 5477 1634 5534 Laban
1663 5479 1732 5533 ad
1763 5479 1952 5547 virum,
2000 5480 2091 5553 qui

472 5581 613 5643 .stat
631 5571 789 5642 juxta
821 5569 1044 5627 camelos
1091 5588 1250 5643 prope
1278 5573 1494 5644 fontem,
1526 5588 1649 5628 cum
1692 5575 1902 5631 accedit
1926 5573 2092 5631 coale—

504 5672 589 5722 Ite
635 5659 963 5721 desiderium
995 5663 1062 5721 ad
1100 5662 1355 5721 allectum
1396 5663 1509 5737 jam
1546 5665 1777 5722 viriliter
1804 5666 2091 5724 decertan-

1291 236 1356 291 ν.
1398 231 1725 294 GUIBERTI
1765 228 2059 290 ABBATIS
2094 227 2154 284 S.

610 360 723 432 t8),
774 357 827 415 id
856 364 942 414 est
969 363 1117 413 certa
1167 360 1341 410 status
1384 349 1554 407 nostri
1601 345 2054 423 inimutabilitate.
2086 319 2146 402 At

2114 4421 2159 4476 ι)

2198 223 2444 283 unum
2484 223 2573 281 DE
2608 207 3015 282 semesum
3722 217 3865 274 ηε

2162 348 2291 403 tem,
2358 338 2428 394 ob
2481 338 2767 394 humilium
2822 338 3086 394 virtutum
3137 331 3555 400 defensionem,
3596 340 3853 389 contra

2163 431 2344 485 mundi
2377 429 2603 496 ﬂuxum,
2654 431 2706 485 id
2742 440 2826 486 est
2863 428 3087 501 puteum
3116 428 3514 483 imminentem.
3571 423 3851 496 Repre—

2160 522 2349 577 hendit
2399 537 2485 577 me
2533 521 2752 592 quidam
2804 520 3005 575 fontem
3046 518 3103 574 in
3162 519 3307 574 mala
3354 516 3845 587 signiﬁcatione

2161 615 2452 684 accepisse,
2502 615 2596 669 sed
2638 606 3186 669 meminerit'l'ontem
3219 612 3272 666 in
3299 610 3443 666 malo
3468 609 3697 679 accipi
3726 609 3839 664 ubi

2160 716 2215 763 ct
2241 708 2381 763 unde
2408 706 2650 778 loquitur
2682 706 2942 761 Dominus
2964 704 3345 761 Samaritante.
3374 702 3618 759 Cameli
3670 716 3837 773 qua-

2160 796 2288 854 liter
2324 796 2652 869 intelligendi
2679 806 2827 863 sunt,
2870 796 3119 867 superius
3150 794 3410 849 diximus.

2234 888 2394 944 Vsus.
2423 890 2511 956 Si,
2543 888 2630 955 3‘2,
2663 887 2752 944 55.
2782 919 2849 929 -
2879 887 3180 959 Ingredere,
3220 886 3489 941 bettedirte
3521 886 3835 950 Domini,

2162 998 2257 1037 cur
2287 981 2418 1052 foris
2446 981 2599 1035 stas?
2629 978 2938 1050 Prwparavi
2981 980 3194 1034 domum
3237 988 3284 1032 et
3313 977 3490 1032 locant
3524 978 3825 1033 camelis.

2163 1073 2232 1129 Et
2259 1073 2550 1128 introduxit
2581 1088 2700 1128 eum
2730 1072 2784 1126 in
2806 1070 3112 1141 hospitium,
3143 1085 3205 1123 ac
3224 1069 3477 1123 destravit
3509 1068 3827 1133 camelos,

2162 1165 2405 1236 deditque
2438 1165 2617 1236 paleas
2642 1204 2658 1230 ,
2707 1180 2770 1216 ac
2820 1162 3032 1232 fenum,
3066 1170 3113 1215 et
3163 1176 3353 1231 aquant
3400 1161 3471 1213 ad
3510 1159 3827 1213 lavandos

2162 1258 2317 1329 pedes
2347 1254 2664 1313 camelorum
2685 1264 2732 1309 et
2763 1254 2993 1309 virorum
3021 1253 3109 1324 qui
3141 1262 3382 1307 venerant
3408 1268 3538 1305 cum
3588 1268 3708 1306 eo.
3748 1251 3825 1305 Et

2165 1350 2431 1420 appositus
2465 1359 2539 1403 est
2570 1348 2625 1401 in
2654 1355 2932 1423 conspectu
2956 1345 3070 1415 ejus
3091 1345 3265 1415 panis.
3291 1342 3548 1400 Allectus
3588 1352 3824 1399 noster

2167 1456 2198 1496 a
2221 1440 2447 1496 Domino
2470 1439 2834 1504 benedi‘citur,
2859 1452 2981 1494 cum
3008 1438 3076 1493 ad
3103 1436 3377 1509 religionis
3405 1446 3820 1513 augmentum

2168 1532 2486 1591 intenditur.
2532 1530 2582 1586 ls
2634 1530 2843 1602 ingredi
2894 1536 3183 1592 monetur,
3229 1543 3355 1583 cum
3406 1542 3436 1581 a
3500 1526 3821 1582 forastico

2169 1625 2398 1696 atri-pitu
2451 1623 2520 1679 ad
2568 1624 2771 1679 mentis
2815 1622 3054 1692 quietem
3102 1620 3358 1676 secedere
3404 1634 3505 1690 per
3571 1618 3817 1674 interni

2169 1718 2350 1790 gaudii
2396 1716 2687 1772 candorem
2731 1714 2982 1771 trahitur.
3031 1712 3418 1768 lntellectualis
3459 1710 3632 1766 enim
3700 1711 3821 1767 iste

2169 1809 2352 1865 Lahan
2380 1809 2614 1873 domum,
2645 1822 2710 1864 ac
2739 1806 2909 1861 locum
2931 1805 3142 1860 camelis
3173 1810 3462 1874 pra‘parat,
3491 1817 3641 1858 cum
3682 1812 3753 1857 et
3776 1819 3811 1855 a

2168 1916 2267 1957 con
2302 1901 2513 1957 cientim
2543 1901 2702 1955 domo
2728 1898 2837 1971 97
2867 1905 3147 1968 peccatum
3192 1894 3468 1958 eliminat,
3498 1902 3567 1949 et
3597 1894 3803 1948 totius

2168 1994 2382 2049 virtutis
2412 1991 2821 2057 consistorium,
2855 1991 3054 2046 bonam
3090 1987 3302 2043 scilicet
3340 1985 3715 2042 voluntatem
3750 1986 3807 2042 in

2168 2086 2356 2141 eadem
2382 2087 2542 2141 domo
2573 2084 2745 2148 locat;
2776 2082 2985 2138 inducit
3012 2082 3069 2136 in
3112 2078 3415 2153 hospitium,
3445 2093 3585 2134 cum
3620 2075 3807 2145 hujus

2166 2175 2621 2247 peregrinationis
2671 2182 2914 2244 tempore
2958 2171 3182 2245 pictatis
3214 2184 3379 2241 opera
3403 2185 3513 2224 non
3565 2168 3801 2225 desinit

2170 2268 2312 2322 intra
2362 2267 2558 2321 mentis
2599 2266 2779 2322 celare
2823 2273 3133 2329 secretum,
3161 2270 3385 2334 propter
3427 2260 3799 2316 transitoria:

2172 2340 2348 2412 l'auzlis
2397 2358 2693 2413 incursum.
2726 2355 2931 2413 Cameli
2975 2355 3313 2420 desirantur,
3347 2366 3472 2408 cum
3509 2350 3797 2420 quaelibet

2171 2449 2474 2504 sanctitatis
2504 2449 2893 2521 integumenta,
2920 2446 3116 2518 quibus
3144 2460 3366 2502 sessuro
3391 2443 3447 2498 in
3470 2443 3644 2498 nobis
3671 2443 3807 2498 Deo

2175 2539 2407 2596 lideliter
2449 2540 2833 2614 cingebamur.
2883 2538 3076 2596 humili
3125 2553 3157 2597 a
3203 2534 3358 2592 nobis
3400 2533 3793 2591 testimatioee

2172 2631 2476 2699 solvuntur,
2523 2648 2579 2689 et
2626 2634 2694 2689 ad
2745 2632 2942 2688 futura:
2993 2629 3349 2687 beatitudinis
3405 2627 3786 2684 emerendam

2172 2722 2462 2780 candorem
2513 2723 2660 2778 nulla
2717 2730 2997 2793 putantur.
3054 2719 3148 2776 Vel
3199 2719 3363 2775 etiam
3420 2732 3518 2773 eos
3578 2717 3795 2773 Laban

2172 2817 2454 2881 dcstravit,
2498 2831 2623 2871 cum
2664 2814 2905 2871 caelestis
2942 2828 3098 2869 antur
3143 2813 3212 2867 ab
3259 2810 3406 2866 omni
3454 2809 3676 2881 peceati
3723 2817 3785 2863 et

2174 2905 2417 2963 inanium
2450 2906 2786 2978 cogitatuum
2813 2904 3051 2977 pondere
3074 2903 3338 2958 virtutum
3371 2901 3549 2956 studia
3580 2901 3783 2956 sutile.

2172 3001 2338 3057 vavit.
2368 3001 2469 3056 Dat
2494 3000 2696 3071 paleas,
2723 3007 2777 3052 et
2806 2997 2985 3068 fenum
3007 2995 3107 3062 eis,
3136 3010 3259 3050 cum
3284 3001 3339 3048 et
3367 2991 3799 3064 reprobationis.

2176 3092 2475 3159 miseriam,
2507 3099 2563 3147 et
2592 3090 2789 3146 divina:
2816 3087 3098 3145 electionis
3123 3085 3348 3158 gloriam
3379 3083 3482 3155 piis
3508 3085 3780 3154 proponit

2175 3183 2475 3250 exercitiis,
2504 3190 2565 3237 ut
2593 3182 2673 3238 sic
2699 3181 2764 3237 de
2792 3195 2886 3251 spe
2907 3179 3188 3236 electionis
3219 3178 3431 3232 laetetur
3456 3190 3546 3231 eor
3569 3190 3789 3245 suum,‘

2174 3286 2442 3351 quatenus
2471 3274 2538 3329 de
2564 3290 2691 3329 casu
2737 3271 3140 3344 reprobationis
3163 3269 3428 3327 extitneat
3454 3279 3634 3321 nomen
3666 3265 3763 3319 di-

2174 3369 2378 3423 vinum.
2402 3366 2593 3422 Paleas
2620 3366 2902 3436 reprobus,
2929 3361 3110 3419 fenum
3136 3361 3242 3416 dici
3264 3361 3484 3425 electos,
3513 3358 3770 3429 exempla

2177 3459 2444 3515 dabimus.
2475 3457 2665 3513 Paleas
2705 3466 2825 3512 uret
2853 3455 2965 3527 igni
3004 3451 3460 3524 enexstinguibili,
3498 3451 3550 3506 in
3580 3449 3783 3506 Evam-

2177 3552 2319 3630 gelio
2349 3551 2505 3623 (an.
2536 3567 2619 3615 ιιι,
2651 3551 2772 3621 l'l);
2805 3561 2860 3605 et
2889 3549 3185 3604 Bchemoth
3234 3547 3413 3603 fenum
3442 3556 3502 3600 ut
3545 3545 3643 3599 hos
3673 3559 3770 3599 co-

2178 3644 2367 3708 medit,
2409 3642 2463 3697 in
2492 3640 2591 3696 Job
2623 3640 2746 3713 (Job
2792 3658 2881 3708 xc,
2912 3641 3023 3713 10).
3052 3641 3182 3697 lude
3206 3654 3336 3712 ergo
3365 3653 3517 3710 aqua:
3538 3636 3771 3706 pedibus

2179 3735 2510 3798 camelorum
2566 3734 2810 3790 lavandis
2856 3741 3242 3804 suggeruntur,
3273 3731 3405 3801 quia
3444 3729 3512 3785 de
3558 3743 3677 3798 spe,
3713 3737 3772 3784 et

2181 3827 2375 3882 timore
2406 3826 2668 3897 irriguum
2695 3826 2948 3896 superius
2977 3834 3033 3880 et
3065 3824 3330 3896 irriguum
3365 3819 3596 3876 inferius
3619 3819 3760 3890 (Jos.

2181 3933 2238 3981 v,
2272 3916 2360 3990 l9)
2397 3917 2678 3988 expiandis
2701 3918 2964 3972 virtutum
2994 3926 3305 3974 nostrarum
3333 3912 3615 3986 superfluis
3636 3913 3765 3968 aﬂa-

2181 4010 2357 4067 ctibus
2387 4009 2651 4081 ingeritur
2696 4009 2934 4065 caelitus.
2969 4007 3076 4065 Sed
3108 4016 3164 4065 et
3207 4007 3447 4067 camelos
3497 4005 3625 4061 istos
3660 4007 3761 4060 viri

2186 4109 2402 4172 regunt,
2441 4101 2569 4171 quia
2612 4099 3011 4155 intellectttalcs
3056 4100 3229 4155 nostri
3276 4107 3487 4163 motus,
3512 4113 3643 4168 quos
3679 4115 3761 4151 ro-

2184 4193 2361 4247 bustos
2388 4192 2695 4262 fortitudine
2720 4190 2821 4246 Job
2849 4191 3081 4261 appellat
3108 4189 3232 4260 (Job
3284 4206 3477 4255 xxxw,
3507 4186 3615 4259 19),
3646 4190 3757 4242 vir-

2185 4294 2358 4340 tutum
2391 4285 2445 4339 in
2495 4284 2653 4340 nobis
2697 4292 2816 4339 acta
2862 4280 3121 4355 dirigunt.
3155 4281 3320 4337 Panis
3368 4282 3549 4351 itaque
3585 4280 3659 4335 sic
3686 4280 3759 4335 illi

2186 4378 2498 4449 apponitur,
2532 4377 2661 4448 quia
2700 4376 2897 4431 divinm
2942 4376 3110 4431 solius
3138 4372 3607 4443 contemplationis
3633 4372 3762 4428 alle-

2184 4470 2294 4527 ctui
2318 4478 2529 4536 nostro,
2547 4466 2658 4537 jam
2688 4477 2815 4523 tunc
2835 4485 2865 4521 a
2897 4467 3128 4539 negotiis
3149 4467 3453 4537 consopito,
3483 4464 3761 4521 delectatio

2187 4563 2369 4617 inesse
2394 4561 2763 4632 dignoscitur;
2794 4561 2936 4615 unde
2958 4570 3012 4615 et
3044 4560 3096 4614 in
3129 4570 3424 4629 conspectu
3466 4557 3580 4628 ejus
3608 4560 3761 4627 panis

2187 4652 2462 4723 appositus
2490 4652 2707 4707 dicitur.
2741 4651 2807 4705 Et
2840 4652 3133 4705 notandum
3164 4652 3309 4721 quod
3345 4651 3505 4720 prius
3530 4651 3757 4706 camelo-

2188 4760 2304 4799 rum
2330 4759 2396 4798 ac
2438 4744 2674 4799 virorum
2707 4743 2870 4815 pedes
2914 4743 3188 4809 lavantur,
3244 4741 3583 4812 postmodum
3613 4744 3761 4813 panis

2186 4835 2495 4906 apponitur,
2531 4835 2656 4905 quia
2710 4835 2815 4890 nisi
2846 4835 3284 4905 compunctionis
3311 4836 3483 4906 gratia
3517 4850 3672 4899 mens,
3705 4843 3767 4893 et

2187 4930 2363 4985 virtus
2385 4943 2417 4982 a
2447 4927 2730 4997 soperﬁuis
2751 4929 2865 4983 suis
2896 4937 3004 4983 tota
3029 4928 3262 4992 lavetur,
3292 4941 3563 4997 nunquam
3591 4925 3768 4987 divina

2188 5020 2554 5090 speculatione
2585 5019 2851 5086 reﬁcitur,
2874 5035 2995 5090 quat
3036 5034 3141 5075 non
3188 5019 3291 5074 nisi
3328 5035 3362 5075 a
3416 5019 3760 5074 mundicordi-

2205 5110 2306 5168 Lus
2353 5121 2730 5184 praegustatur.
2771 5113 3063 5184 Antequam
3109 5113 3376 5172 comedam
3397 5153 3411 5176 ,
3440 5113 3660 5182 suspiro,
3685 5113 3752 5167 ait

2190 5206 2410 5275 quidam
2463 5204 2586 5277 (Job
2619 5221 2703 5270 ιιι,
2727 5204 2852 5276 24);
2878 5205 2971 5260 sed
3004 5220 3144 5277 pane
3169 5206 3274 5260 hoc
3305 5205 3409 5261 sibi
3454 5203 3748 5275 appositost

2191 5311 2536 5354 comesurum
2589 5312 2784 5352 SCI‘VUS
2829 5308 3018 5368 negat,
3084 5296 3259 5352 donec
3314 5311 3444 5352 SllOS
3503 5309 3745 5353 sermone:
3800 5322 3813 5349 ι

2191 5388 2454 5456 exsolvat,
2500 5389 2624 5459 quia
2653 5389 2720 5443 ad
2753 5389 2901 5443 illum
2930 5388 3020 5458 qui
3049 5389 3272 5460 angelos
3305 5389 3481 5460 pascit
3516 5388 3747 5444 edendun

2189 5498 2385 5553 panem
2414 5498 2473 5537 se
2496 5481 2743 5537 sufﬁcere
2782 5496 2888 5535 non
2918 5495 3079 5552 posse
3106 5481 3352 5552 deputat,
3384 5482 3486 5536 nisi
3514 5491 3760 5550 conceptae

2194 5574 2499 5630 devotionis
2551 5571 2804 5627 aliectum
2857 5573 3134 5644 appetitus
3191 5584 3385 5630 noster
3438 5571 3621 5630 cﬂ‘ectu
3670 5572 3757 5642 pia:

2195 5665 2530 5741 operationis
2557 5663 2825 5723 absolvat.
2863 5665 2973 5722 llos
3019 5680 3209 5738 panes,
3260 5666 3372 5724 imo
3420 5673 3631 5741 propter
3653 5661 3757 5725 uni-
