3978 6332
239 342 344 397 189

1308 334 1670 394 MORALIUM
1707 334 1774 390 IN
1805 333 2099 393 GENESIN
2128 337 2250 394 LIB.
2293 338 2397 395 VII.

3408 347 3514 403 190

241 468 412 513 tatem
443 454 746 511 Trinitatis
765 455 909 511 hunc
936 465 1125 523 panem
1148 450 1375 516 amicus,
1399 451 1465 505 de
1483 450 1570 505 via
1593 448 1829 515 rediens,
1861 452 1903 511 Α
1936 452 2222 519 praeteritis
2281 454 2415 507 meis
2480 454 2716 523 lapsibus
2769 456 3081 526 pmnitcntlo
3137 472 3467 530 compungar
3490 475 3527 524 ;_

247 552 315 609 ab
344 550 526 606 amico
559 549 811 619 improbe
836 545 1068 618 postulat
1096 543 1247 616 (Luc.
1277 560 1352 609 xi,
1380 543 1459 614 6).

317 641 528 697 Annuit
560 641 772 704 Laban,
805 647 865 693 ut
910 638 1177 707 loquatur,
1210 635 1333 705 quia
1375 634 1594 690 cmleste
1627 630 1838 686 deside-

254 736 390 790 rium
422 748 521 788 nos
551 733 824 803 praecipue
844 729 1025 799 juvat,
1051 738 1109 783 ut
1135 727 1276 798 quod
1320 726 1486 796 probe
1515 732 1831 793 conceptum

252 838 358 893 est,
390 826 686 881 cﬂiciatur.
720 825 891 880 Verba
936 831 1116 877 autem
1144 836 1243 890 pro
1272 820 1430 874 rebus
1461 819 1513 872 in
1560 831 1713 873 sacra
1742 830 1836 884 pa-

251 922 393 990 gina,
418 919 661 974 maxime
693 916 879 979 veteri,
908 915 1080 970 solere
1110 914 1257 984 poni,
1299 910 1427 966 nulli
1463 910 1682 964 dubium
1727 916 1831 960 est.

250 1013 436 1082 (Vens.
469 1011 558 1072 54,
588 1009 704 1077 55.)
734 1011 942 1068 Servus,
968 1007 1162 1078 inquit,
1208 1020 1323 1058 sum
1355 1002 1578 1055 Abrahae
1618 1009 1666 1052 et
1712 997 1821 1052 Do-

250 1106 423 1157 minus
447 1103 714 1156 benedixit
736 1100 945 1153 domino
983 1113 1095 1178 meo
1142 1095 1310 1159 valde,
1336 1095 1387 1148 in
1421 1100 1682 1162 quantum
1730 1090 1834 1145 sci-

250 1196 375 1252 licet
402 1211 525 1251 sum
578 1191 937 1248 all‘ectualitas
983 1204 1071 1245 me
1121 1186 1350 1256 Slllljl4i0
1402 1182 1631 1247 rationi,
1677 1179 1833 1250 cujus

250 1288 493 1345 dominio
537 1287 841 1342 ubertatem
879 1285 1022 1339 Deus
1071 1281 1257 1335 tribuit
1305 1275 1688 1348 provectionis,
1718 1291 1832 1328 rua-

247 1381 638 1451 gniﬁcatusque
684 1387 758 1432 est
800 1374 867 1429 ad
914 1387 1179 1428 summam
1211 1368 1565 1441 pertingendo
1596 1365 1829 1428 virtutis,

248 1490 365 1527 oves
391 1472 604 1528 habens
625 1465 1010 1525 beneﬁcientia:
1038 1464 1104 1519 ad
1135 1462 1437 1534 proximum
1479 1466 1534 1515 et
1568 1458 1621 1512 in
1654 1456 1829 1527 seipsa

250 1563 642 1634 simplicitatis,
672 1562 839 1625 boves,
867 1557 1233 1613 maturitatem
1266 1568 1474 1609 morum
1502 1559 1556 1606 et
1601 1550 1830 1621 gratiam

249 1654 686 1727 praedicationis,
714 1660 987 1722 argentum
1027 1646 1265 1703 scientia:
1304 1654 1360 1700 et
1388 1644 1611 1715 eloquii,
1641 1659 1830 1698 aurum

249 1748 533 1818 sapientia:
554 1754 650 1801 aut
672 1759 839 1800 sacrae
865 1740 1158 1811 religionis,
1187 1754 1358 1792 servos
1385 1735 1681 1807 corporalis
1707 1750 1834 1789 con-

1935 542 2197 597 habemus
2229 544 2373 597 enim
2423 544 2699 601 sinistram
2737 547 2803 603 de
2831 549 3156 603 contritione
3190 551 3416 619 peccati,
3456 560 3510 606 et

1935 631 2211 686 dexteram
2240 634 2307 687 de
2332 645 2586 703 provectu
2622 637 2768 693 boni.
2802 638 2884 693 Ad
2920 640 3034 695 ι)ωο
3062 642 3232 707 gratia
3264 641 3353 693 Dei
3384 657 3509 695 cum

1934 736 1998 775 eo
2029 724 2169 791 quod
2216 724 2399 793 genuit
2443 726 2645 780 caelesti
2689 727 2956 783 desiderio
2983 770 2996 793 ,
3028 729 3254 784 Batltuel
3303 730 3509 784 scilicet

1936 812 2115 866 Laban
2166 813 2598 871 intellectualiter
2646 817 2902 873 inferunt.
2933 820 2973 873 Α
3011 820 3232 873 Domino
3272 836 3510 890 egressus

1934 914 2007 958 est
2038 920 2230 970 sermo,
2260 920 2323 959 ex
2362 905 2558 960 occulti
2597 906 2780 976 utique
2829 924 3053 963 censura
3101 910 3319 980 judicii,
3354 909 3510 978 quasi

1934 995 2125 1061 sagitta
2173 1009 2237 1048 ex
2283 995 2535 1064 pharetra
2580 1010 2676 1064 per
2716 997 2981 1052 evidentis
3016 1008 3117 1053 tute
3166 999 3512 1069 aspirationis

1935 1100 2131 1140 munus
2165 1086 2256 1141 Dei
2282 1087 2505 1141 emicuit
2534 1088 2825 1153 sententia,
2853 1103 2917 1141 ex
2942 1104 3047 1159 qua
3080 1099 3227 1158 potes
3256 1090 3510 1159 colligere

1933 1182 2075 1251 quod
2121 1196 2182 1236 ea
2231 1197 2336 1253 qua
2381 1182 2611 1237 interius
2640 1197 2738 1252 per
2783 1197 2881 1237 nos
2930 1182 3142 1236 doceris
3186 1183 3393 1247 unctio,
3443 1184 3510 1236 ad

1934 1274 2315 1329 certitudincm
2349 1284 2453 1329 tua:
2482 1274 2676 1329 futura:
2701 1274 3068 1344 provectionis
3096 1274 3202 1327 imo
3226 1274 3513 1343 pcrlcctio~

1934 1364 2019 1419 nis
2049 1364 2144 1419 tibi
2191 1365 2434 1419 habenda
2471 1364 2541 1419 sit
2570 1364 2725 1434 quasi
2771 1379 2869 1435 pro
2895 1363 3127 1433 quodam
3158 1362 3363 1416 ccelesti
3391 1377 3515 1415 ora-

1934 1454 2075 1510 culo.
2112 1454 2229 1511 Non
2269 1455 2412 1509 enim
2443 1454 2588 1508 aliud
2639 1454 2734 1509 tibi
2783 1469 3073 1523 suggerere
3120 1467 3215 1522 per
3252 1452 3514 1506 incertum

1933 1558 2222 1612 possumus
2248 1559 2408 1613 quam
2436 1544 2581 1613 quod
2614 1542 2738 1599 velit
2768 1542 2902 1612 ipse,
2932 1558 3053 1596 cum
3100 1542 3272 1597 simus
3308 1539 3518 1594 indubi-

1938 1643 2117 1688 tanter
2148 1634 2215 1689 ab
2241 1635 2377 1704 ipso.

2009 1721 2172 1777 Vsus.
2203 1723 2263 1778 5|
2289 1765 2303 1788 ,
2336 1722 2436 1785 52.
2466 1724 2555 1778 55.
2593 1755 2662 1763 -
2688 1722 2773 1778 Εη
2818 1721 3045 1777 Rebecca
3094 1738 3269 1775 coram
3320 1730 3367 1775 te
3410 1729 3515 1785 est,

252 1839 504 1893 lumacias
548 1837 790 1905 legitimo
836 1847 935 1888 suo
981 1831 1237 1886 addicens
1286 1828 1546 1897 imperio,
1590 1825 1831 1890 ancillas,
1867 1802 1911 1862 Β
1939 1812 2061 1867 ιοίίε
2081 1829 2220 1879 eam.
2252 1823 2298 1868 ει
2326 1814 2672 1882 Pro/505808”.
2703 1823 2751 1868 ϐε
2788 1814 2854 1867 δίε
2884 1829 3019 1866 τικτον
3052 1812 3150 1880 ﬁlii
3185 1811 3384 1864 domini
3418 1811 3516 1872 lui.

253 1930 530 1986 interioris
574 1925 808 1983 lascivia:
853 1923 1120 1980 castitatis
1170 1920 1458 1977 severitate
1505 1919 1832 1988 reprimens,

253 2021 482 2076 camelos
514 2017 954 2090 ponderositatis,
993 2029 1057 2069 ac
1086 2013 1321 2079 inertiae,
1351 2022 1396 2066 et
1425 2013 1603 2066 asinos
1632 2008 1834 2065 stolidi-

258 2114 388 2168 tatis
411 2112 730 2180 acineptite,
766 2109 832 2163 ad
876 2121 1102 2163 acumen
1147 2104 1344 2159 divina:
1393 2102 1708 2158 subtilitatis
1743 2100 1841 2155 cli-

266 2218 445 2258 mans.
475 2202 597 2270 Quae
644 2212 945 2271 sequuntur
975 2211 1145 2268 usque
1200 2196 1267 2252 ad
1315 2209 1438 2250 eum
1496 2194 1694 2259 locum,
1746 2192 1834 2247 ubi

262 2294 396 2349 dicit
434 2312 449 2348 :
482 2293 539 2348 Si
583 2293 761 2363 facitis
804 2288 1257 2352 misericordiam,
1298 2297 1347 2340 et
1393 2287 1659 2340 veritatem
1721 2300 1836 2337 cum

256 2386 469 2438 doinino
503 2401 643 2450 meo,
676 2384 906 2438 indicate
936 2382 1095 2447 mihi,
1139 2380 1273 2435 satis
1309 2379 1558 2449 superius
1605 2384 1838 2430 tractata

256 2487 475 2547 patent,
507 2492 611 2531 nec
659 2474 967 2546 replicando
1015 2481 1160 2536 sunt,
1210 2486 1331 2525 cum
1387 2479 1463 2525 tot
1508 2468 1841 2524 discutienda

256 2578 484 2624 restent.
529 2567 628 2623 Est
659 2577 835 2621 tamen
868 2565 1033 2634 quod,
1066 2564 1167 2617 etsi
1195 2563 1439 2617 videatur
1474 2575 1594 2616 esse
1641 2561 1840 2614 disser-

258 2670 399 2726 ttnn,
429 2661 666 2730 aliquem
700 2673 918 2713 movere
961 2655 1153 2726 possit,
1182 2654 1388 2710 scilicet
1420 2652 1562 2721 quod
1592 2650 1791 2704 dicitur
1824 2664 1838 2702 :

263 2752 394 2807 Veni
436 2753 592 2805 hodie
643 2751 712 2804 ad
759 2750 953 2819 [autent
985 2764 1153 2817 aqum.
1208 2746 1263 2800 Si
1316 2746 1460 2801 enim
1500 2744 1618 2799 fons
1667 2757 1838 2811 aquae,

255 2844 403 2908 iuxta
434 2844 581 2912 quod
608 2844 712 2896 hoc
756 2841 873 2895 loco
903 2853 1038 2909 pene
1064 2838 1262 2907 ubique
1291 2837 1583 2901 sensimus,
1614 2835 1666 2888 in
1695 2833 1840 2902 cupi-

258 2934 443 2988 ditatis
487 2942 615 3002 typo
641 2930 925 3001 accipitur,
961 2927 1293 2983 contrarium
1323 2926 1559 2989 videtur,
1581 2922 1721 2993 quod
1749 2921 1842 2974 ad-

260 3026 404 3079 ditur
448 3024 623 3089 hodie,
672 3022 766 3078 sed
815 3021 989 3085 hodie,
1036 3021 1090 3074 id
1136 3027 1220 3074 est
1256 3033 1353 3088 per
1397 3014 1843 3071 illuminationem

260 3119 469 3190 gratiae,
498 3118 567 3170 ad
596 3117 810 3187 fontem,
836 3122 1059 3185 puteum
1094 3112 1303 3168 scilicet
1343 3110 1493 3165 illum
1539 3122 1693 3163 emere
1722 3122 1845 3161 con-

1936 1907 2070 1960 sicut
2098 1905 2304 1961 locutus
2334 1915 2408 1960 est
2441 1905 2719 1960 Dominus.
2752 1905 2907 1971 Quod
2954 1920 3071 1957 cum
3117 1903 3347 1956 audisset
3390 1916 3521 1970 puer

1938 1999 2225 2063 Abraham,
2270 1998 2505 2051 adoravit
2553 1999 2609 2050 in
2656 2006 2796 2051 terra
2843 1995 3146 2049 Dominum.
3186 1992 3520 2060 Prolalisque

1937 2091 2073 2143 vasis
2102 2088 2356 2158 argenteis
2378 2097 2423 2140 et
2454 2088 2647 2147 aureis,
2666 2096 2713 2140 et
2743 2087 2986 2150 vestibus,
3021 2085 3161 2138 dedit
3188 2101 3249 2137 ca
3282 2082 3521 2135 Rebecca:

1938 2194 2032 2249 pro
2067 2194 2311 2243 munere,
2361 2176 2715 2245 fratribusque
2743 2176 2881 2244 ejus,
2908 2186 2954 2229 et
3001 2174 3160 2226 matri
3190 2187 3405 2225 munera
3437 2169 3523 2222 ob-

1940 2270 2078 2321 tulit.
2116 2268 2206 2332 Si,
2240 2268 2525 2337 inquiunt,
2571 2267 2847 2320 dexteram
2899 2264 3115 2318 virtutis
3156 2263 3348 2332 eligis,
3395 2274 3520 2314 ecce

1944 2358 2264 2422 Rebeccam,
2298 2358 2349 2412 id
2388 2366 2470 2410 est
2506 2356 2820 2426 patientiam
2852 2370 2960 2424 prae
2992 2354 3165 2407 oculis
3199 2352 3394 2405 mentis
3426 2350 3520 2403 tibi

1943 2448 2242 2502 habendam
2289 2446 2676 2515 cognosce,ad
2724 2445 3074 2499 tentationem
3125 2442 3269 2496 enim
3315 2454 3525 2508 pratpa-

1946 2552 2089 2603 rare,
2119 2546 2170 2593 et
2198 2553 2295 2608 per
2328 2536 2704 2591 tribulationes
2740 2550 2961 2604 regnum
2994 2534 3082 2587 Dei
3116 2533 3317 2586 intrare
3351 2538 3401 2585 te
3431 2544 3524 2582 ηοσ-

1942 2648 2095 2688 cesse
2121 2642 2206 2687 est
2234 2632 2372 2703 (Act.
2406 2646 2520 2695 xw,
2551 2630 2667 2700 9.1).
2698 2627 2755 2683 Si
2780 2642 2909 2696 ergo
2938 2627 3018 2679 vis
3053 2623 3345 2694 pI‘Ollt'lSCl,
3372 2620 3526 2675 bonis

1945 2730 2129 2797 utique
2160 2728 2368 2781 actibus
2396 2723 2727 2795 promoveri,
2755 2722 2877 2776 tolle
2907 2721 2970 2773 ab
2998 2719 3180 2772 intima
3207 2714 3523 2775 intentione,

1945 2818 2228 2872 sublevans
2257 2832 2395 2875 eam,
2438 2829 2507 2868 ne
2547 2829 2643 2882 pro
2668 2811 2914 2881 praesenti
2960 2806 3148 2877 procul
3180 2805 3340 2859 dubio
3370 2803 3528 2855 retri-

1945 2913 2167 2967 butione
2198 2910 2483 2978 ferendam
2533 2916 2688 2977 putes
2732 2919 2853 2961 esse
2900 2901 3243 2962 molestiam,
3291 2896 3384 2951 sed
3418 2894 3527 2947 lilio

1949 3002 2161 3058 Domini
2211 3001 2288 3054 ttti
2320 3006 2547 3053 annecte
2592 3012 2736 3062 eam,
2787 2995 2898 3065 spei
2954 2991 3205 3047 videlicet
3239 2987 3433 3041 divina:
3461 2999 3528 3036 ex

1950 3092 2221 3147 intellectu
2252 3090 2506 3159 magistro
2534 3087 2861 3157 progenitm,
2895 3100 2923 3137 a
2953 3097 3061 3153 quo
3091 3082 3234 3135 inter
3258 3089 3530 3132 aerumnas

261 3168 469 3190 D'“""’
500 3168 561 3170 ""
596 3168 683 3187 l"'
720 3168 725 3169 ν
762 3168 765 3169 ν
800 3168 810 3179 ι
839 3168 856 3185 ι

261 3204 1047 3278 cupiscentimvenimus,dum,
1073 3200 1512 3264 Deoillustrante,
1535 3196 1847 3265 voraginem
1876 3171 1916 3226 (ἶ
1952 3193 2201 3255 parluum
2246 3181 2490 3237 osculum
2541 3193 2786 3249 supernae
2835 3173 3222 3231 consolationis
3276 3168 3525 3236 accipiat.

263 3296 599 3354 confusionis
648 3297 764 3365 ejus
813 3293 1176 3363 agnoscimus,
1211 3291 1354 3345 unde
1378 3298 1432 3344 et
1476 3297 1643 3353 stare,
1671 3287 1724 3340 id
1767 3294 1851 3341 est

263 3389 552 3459 vigilanter
579 3387 864 3442 decertare
890 3384 1095 3453 positus
1119 3378 1272 3452 juxta
1296 3390 1513 3452 puteum
1539 3378 1852 3449 perhibetur

262 3492 472 3535 servus.
518 3476 631 3530 Etsi
666 3474 789 3544 quia
834 3476 888 3528 in
939 3474 1137 3531 bonam
1186 3480 1397 3541 partem
1444 3469 1608 3525 fontis
1656 3483 1850 3522 nomen

265 3565 437 3635 accipi
482 3564 619 3619 solet
665 3562 964 3630 intelligere
1013 3561 1225 3615 diverse
1275 3560 1539 3622 velimus,
1582 3557 1737 3610 hodie
1782 3555 1851 3608 ad

265 3655 463 3722 fontem
492 3652 765 3718 venimus,
793 3652 918 3721 quia
952 3666 1057 3704 non
1087 3649 1189 3704 nisi
1239 3663 1335 3718 per
1364 3648 1505 3702 diem
1534 3647 1728 3701 divina:
1758 3660 1850 3700 co-

266 3745 547 3815 gnitionis,
580 3743 859 3813 sapientiae
894 3750 949 3795 et
972 3740 1096 3794 vita:
1125 3740 1326 3794 fontem
1354 3738 1687 3807 attingimus.
1734 3735 1853 3805 Ipse

266 3838 413 3891 enim
444 3837 588 3891 Deus
612 3849 707 3903 per
727 3836 961 3904 seipsum
986 3831 1310 3902 quaerendus
1335 3839 1439 3895 est,
1462 3830 1573 3903 Ego
1596 3844 1852 3899 namque,

269 3928 390 3991 ait,
439 3942 557 3981 sum
598 3927 682 3979 via
729 3923 908 3995 (Joan.
956 3938 1082 3990 atv,
1114 3923 1192 3992 6).
1236 3922 1318 3977 Ad
1364 3921 1591 3976 Bathuel
1625 3936 1753 3992 ergo
1800 3929 1857 3976 et

270 4017 480 4082 Laban,
510 4016 577 4071 ad
603 4014 835 4086 gratiam
863 4013 1115 4069 videlicet
1143 4012 1259 4076 Dei,
1290 4027 1394 4082 qua
1425 4012 1496 4066 nil
1517 4011 1744 4074 castius,
1781 4009 1855 4064 nil

272 4108 536 4178 integrius
568 4116 672 4171 est,
700 4120 765 4159 ex
794 4120 898 4174 qua
928 4103 1130 4159 candor
1156 4102 1393 4158 cwlcstis
1418 4102 1669 4157 desiderii
1704 4101 1857 4155 nobis

273 4198 594 4263 innascitur,
631 4205 810 4251 utrum
862 4196 1292 4251 misericordiam
1342 4204 1397 4250 et
1440 4195 1724 4250 veritatem
1752 4193 1857 4246 Do-

273 4293 423 4347 mino
450 4299 640 4347 nostro
662 4288 867 4345 faciant
891 4289 1102 4344 dicitur.
1128 4289 1203 4342 Ex
1230 4289 1402 4358 gratia
1429 4289 1854 4343 misericordiam

273 4391 625 4453 peccatorum
656 4379 826 4435 venia:
857 4378 1181 4448 accipimus;
1217 4394 1282 4433 ex
1319 4379 1566 4441 veritate,
1597 4379 1739 4448 quod
1767 4378 1859 4432 de-

277 4476 479 4531 sideria
532 4480 721 4529 nostra
781 4472 1087 4540 suspirant,
1147 4470 1547 4539 supercoelcstis
1608 4468 1858 4524 candoris

274 4566 545 4640 promissa
572 4565 883 4635 recipimus.
908 4563 965 4616 ln
990 4570 1246 4631 quantum
1273 4575 1401 4631 ergo
1429 4570 1484 4616 et
1513 4561 1617 4615 vim
1643 4562 1694 4614 in
1710 4560 1862 4615 nobis

276 4658 505 4734 gratiae,
548 4665 602 4712 et
648 4654 866 4726 superni
920 4652 1173 4707 desiderii
1213 4650 1420 4705 fervere
1464 4650 1765 4714 sentimus,
1797 4649 1863 4703 de

277 4751 462 4807 futura
495 4757 682 4804 nostra
712 4744 1085 4801 misericordia
1109 4752 1163 4799 et
1190 4742 1416 4798 veritate
1446 4742 1533 4811 agi
1582 4740 1863 4797 nobiscum

277 4842 538 4896 sciamus.

358 4930 522 4985 Vens.
550 4930 641 4996 49,
670 4927 759 4983 50.
789 4958 856 4968 -
887 4912 991 4982 Sin
1013 4926 1162 4980 aliud
1191 4924 1382 4994 placet,
1413 4932 1459 4977 et
1484 4924 1580 4977 hoc
1601 4923 1778 4986 dicite,
1808 4932 1862 4977 ut

278 5025 473 5079 vadum
503 5022 574 5076 ad
609 5021 898 5082 dexteram,
923 5020 1025 5072 sive
1064 5018 1132 5070 ad
1160 5016 1450 5070 sinistram.
1476 5013 1867 5085 Responderunt

281 5117 469 5171 Laban
499 5126 547 5171 et
575 5113 798 5169 Bal/mel
822 5125 838 5164 :
861 5111 905 5165 Α
929 5110 1154 5165 Domino
1181 5125 1413 5180 egressus
1440 5118 1514 5162 est
1543 5122 1743 5172 sermo;
1766 5102 1869 5160 non

279 5224 563 5278 possumus
592 5216 743 5262 extra
771 5204 1021 5277 placitum
1046 5202 1161 5272 ejus
1200 5200 1484 5270 quidquam
1515 5199 1663 5253 aliud
1702 5208 1870 5252 tecum

281 5302 454 5372 loqui.
478 5299 633 5368 Quod
659 5307 741 5354 est
771 5297 952 5351 dicere
978 5314 990 5350 :
1021 5294 1076 5349 Si
1104 5293 1345 5366 peccatis
1368 5292 1735 5347 emerentibus
1766 5306 1870 5344 non

282 5392 527 5453 veniam,
555 5398 611 5446 et
633 5386 986 5443 beatitudinis
1016 5387 1294 5456 promissae
1318 5381 1704 5451 impletioncm,
1729 5381 1872 5452 quod

282 5496 372 5543 est
403 5486 576 5556 gratia
608 5491 664 5539 et
694 5482 930 5545 veritas,
964 5480 1272 5550 impendere
1318 5475 1452 5529 mihi
1503 5474 1610 5528 Deo
1644 5488 1738 5544 per
1778 5488 1875 5527 vos

284 5586 555 5649 operante
600 5590 707 5631 non
751 5573 902 5639 libet,
930 5571 1115 5627 ethoc
1145 5568 1402 5625 divinitus
1448 5566 1755 5635 inspirando
1795 5564 1875 5617 in-

287 5669 581 5734 noteseite,
608 5676 669 5721 ut
703 5675 797 5719 aut
824 5663 888 5716 ad
917 5663 1193 5718 dexteram
1232 5660 1455 5715 tendens
1481 5655 1673 5727 potiori
1700 5654 1877 5710 studio

288 5764 516 5827 virtutis
539 5773 821 5823 exercear,
849 5755 961 5825 98
996 5764 1085 5810 aut
1113 5753 1348 5810 sinislra:
1397 5764 1479 5807 me
1522 5748 1777 5810 credens,
1813 5746 1877 5799 de

1891 4507 1935 4560 D

1951 3276 2213 3332 Dominus
2240 3275 2358 3329 hinc
2400 3272 2658 3341 loquitur,
2692 3270 2815 3324 dum
2850 3267 3048 3336 ubique
3099 3261 3530 3333 persecutionem

1951 3366 2282 3439 patientibus
2315 3363 2558 3417 caslestia
2591 3361 2702 3415 sola
2733 3373 2952 3429 sperare
2981 3363 3179 3410 monet.
3205 3352 3365 3405 Audit
3396 3352 3531 3413 hate,

1954 3462 2005 3515 id
2060 3468 2144 3514 est
2190 3456 2439 3526 intelligit
2487 3453 2709 3508 affectus
2763 3450 2954 3505 rationi
3005 3445 3349 3506 deserviens,
3393 3451 3446 3496 et
3478 3441 3531 3493 in

1955 3560 2120 3615 terra,
2153 3552 2256 3605 hoc
2303 3559 2385 3603 est
2413 3549 2463 3602 itt
2494 3546 2761 3601 soliditate
2808 3539 3127 3596 humilitatis
3155 3537 3271 3590 sine
3302 3550 3404 3602 qua
3440 3548 3536 3602 pa-

1956 3642 2147 3697 tientia
2201 3656 2306 3694 non
2358 3647 2475 3701 est,
2526 3638 2693 3691 Deum
2761 3632 3033 3688 excelsum
3085 3636 3234 3681 tanto
3300 3623 3535 3677 vicinius

1955 3741 2156 3804 quanto
2180 3730 2438 3786 humilius
2470 3733 2610 3781 orat.
2646 3723 2782 3777 Vasa
2815 3728 3067 3789 argentea
3109 3714 3381 3783 capacitas
3409 3717 3537 3765 sunt

1955 3802 2094 3880 sacri
2144 3820 2374 3889 eloquii,
2426 3826 2479 3871 ct
2526 3814 2787 3870 scientim.
2840 3809 3021 3863 Aurea
3072 3802 3372 3860 fecunditas
3402 3838 3417 3863 ,
3470 3813 3537 3850 ne

1956 3915 2179 3972 scientia
2231 3912 2412 3972 inﬂet,
2446 3904 2761 3968 charitatis;
2802 3910 2979 3955 vestes
3009 3893 3310 3950 sanctitatis
3349 3903 3536 3958 opera,

1956 4008 2152 4077 quibus
2176 3999 2551 4058 mortiﬁcanda
2587 3995 2815 4064 tegimus
2844 4004 3005 4059 super
3034 3996 3233 4040 terram
3268 3980 3534 4043 membra.

1954 4094 2287 4152 Prcl‘erimus
2354 4092 2483 4151 ista,
2535 4102 2656 4140 cum
2709 4081 2973 4153 proximis
3028 4076 3304 4131 reddimus
3360 4069 3536 4124 utilia.

1958 4188 2197 4242 Rebeccw
2219 4199 2313 4253 pro
2339 4195 2549 4234 munere
2572 4192 2633 4230 ea
2661 4176 2873 4238 damus,
2902 4186 3022 4227 cum
3050 4162 3318 4221 laboranti
3341 4159 3538 4217 exinde

1959 4278 2232 4351 patientia:
2291 4273 2493 4343 aliquid
2550 4266 2935 4324 consolationis
3004 4261 3219 4317 interim
3287 4255 3538 4310 lacimus.

1960 4341 2272 4427 Fratribus,
2305 4341 2469 4417 animi
2506 4359 2664 4430 plane
2698 4354 2987 4409 virtutibus
3017 4346 3295 4405 desudanti
3328 4341 3540 4412 spiritui

1963 4460 2196 4514 viriliter
2223 4452 2611 4512 adnitentibus,
2645 4457 2699 4502 et
2730 4446 2890 4500 matri
2925 4440 3176 4498 cltaritati
3202 4479 3216 4501 ,
3244 4451 3363 4505 qua:
3394 4440 3544 4486 amat

1964 4552 2105 4621 quod
2139 4548 2349 4612 tolerat,
2377 4544 2564 4600 eodem
2589 4539 2747 4593 modo
2788 4549 3001 4588 munera
3032 4528 3207 4584 solatii
3241 4523 3537 4579 olle-rimus.

1967 4643 2153 4714 (Vens.
2196 4638 2308 4708 54.)
2352 4636 2594 4704 lnitoque
2641 4628 2867 4684 convivio
2918 4630 3173 4678 vescentes
3215 4617 3431 4684 pariter,
3480 4627 3544 4665 ac

1968 4735 2191 4789 bibentes
2243 4734 2543 4783 manserunt
2590 4723 2681 4777 ibi.
2725 4718 2965 4773 Allectus
3019 4720 3203 4768 noster
3258 4714 3544 4777 postquam

1970 4830 2288 4893 conceptum
2317 4816 2629 4873 humanitus
2657 4812 2933 4873 timorem,
2962 4804 3309 4875 patientiam,
3353 4813 3416 4851 ac
3442 4796 3548 4848 htt—

1968 4917 2253 4972 militatem
2282 4910 2493 4966 reﬂavit
2514 4904 2771 4971 amando,
2803 4900 3109 4957 convivium
3155 4910 3277 4951 cum
3308 4888 3547 4961 praefatis

1969 5011 2218 5068 omnibus
2247 5007 2369 5071 init,
2403 5005 2527 5060 dum
2560 5003 2699 5071 quod
2739 5000 2790 5053 in
2820 4997 2973 5052 initio
3008 4988 3378 5049 conversionis
3408 4998 3551 5054 :egrc

1972 5104 2188 5163 tulerat,
2241 5100 2364 5163 hoc,
2418 5096 2471 5151 id
2519 5103 2602 5149 est
2650 5093 2874 5147 adversa
2933 5085 3113 5141 mundi
3168 5081 3279 5137 sola
3334 5075 3554 5133 virtutis

1971 5193 2254 5250 dulcedine
2312 5197 2517 5244 tractus
2560 5182 2902 5252 amplectitur
2939 5186 2991 5233 et
3038 5174 3325 5230 desiderat.
3368 5165 3559 5221 Vesci-

1973 5305 2096 5344 mur
2142 5300 2306 5356 ergo,
2356 5297 2476 5337 cum
2526 5276 2783 5348 quidquid
2829 5272 2986 5327 noxie
3026 5270 3218 5323 durum
3274 5278 3332 5319 se
3382 5259 3553 5316 menti

1974 5378 2249 5441 obtulerit,
2278 5376 2435 5430 dente
2461 5368 2687 5425 rationis
2716 5364 2997 5419 atterimus
3016 5401 3029 5423 ,
3078 5368 3133 5413 et
3168 5357 3221 5410 in
3264 5368 3420 5409 usum
3449 5360 3556 5405 tra-

1976 5471 2236 5524 ducentes
2288 5461 2637 5534 spiritualitcr
2693 5454 3031 5509 roboramur.
3095 5446 3376 5509 Bibimus,
3434 5452 3558 5496 cum

1978 5558 2226 5630 poculum
2274 5554 2463 5625 gratiae
2514 5545 2843 5618 septiformis
2891 5539 3192 5596 hauriendo
3239 5534 3428 5590 eadem
3466 5544 3559 5585 co-

1980 5660 2153 5707 mesta
2180 5646 2484 5704 condimus.
2520 5641 2730 5694 Pariter
2751 5648 3053 5698 manemus,
3092 5645 3213 5685 cum
3247 5643 3274 5680 a
3308 5622 3564 5692 religione

1986 5738 2280 5810 proposita,
2313 5743 2364 5791 ct
2406 5732 2471 5787 ab
2519 5729 2603 5786 his
2651 5743 2770 5799 qum
2820 5723 3177 5797 prictnisimus
3222 5716 3368 5771 nullo
3406 5710 3564 5767 modo
