3982 6360
181 372 288 430 195

1214 365 1576 426 MORALIUM
1607 364 1675 422 IN
1711 361 2007 421 GENESIN
2038 365 2162 420 LIB.
2211 368 2312 422 \‘li.

3343 381 3444 438 £94

179 490 400 564 propria
447 484 803 541 aestimatione
858 484 1078 556 deponit
1137 498 1247 537 non
1296 496 1416 536 esse
1463 478 1762 546 condignas
1790 481 1839 537 Α
1865 474 1991 528 dum
2021 476 2192 530 adhuc
2227 479 2337 546 ipse
2369 479 2572 545 viveret,
2605 481 2674 534 ad
2709 480 2918 552 plagam
2950 483 3274 541 orientalem.
3304 487 3443 546 Dum

131 571 136 576 ⁷
183 583 468 655 passiones
501 579 657 650 hujus
707 578 964 648 temporis
997 575 1063 629 ad
1095 575 1332 627 futuram
1373 569 1624 642 judicans
1652 569 1764 639 glo-

172 682 346 739 'riam,
373 689 492 741 qua:
514 668 842 725 revelabitur
873 668 924 722 in
948 665 1104 723 nobis
1128 663 1308 735 (Rom.
1340 663 1460 728 vni,
1491 661 1611 732 i8);
1641 675 1765 730 pro-

130 751 136 768 :
183 772 362 841 prium
407 768 590 837 itaque
621 763 942 820 admirando
989 758 1280 831 compellat
1330 757 1604 812 allectum.
1634 756 1764 822 Quis

181 871 280 922 est,
329 859 524 930 inquit,
561 864 725 912 tanta}
751 853 1104 910 humanitatis
1134 852 1186 906 in
1217 852 1325 906 Deo
1350 859 1527 904 motus
1551 851 1575 902 ?
1601 865 1763 919 quam

181 952 451 1022 profundo
479 951 676 1006 mentis
701 947 898 1003 intuitu
929 947 1306 1008 attendendus,
1333 944 1424 1014 qui
1448 959 1541 1012 per
1555 959 1762 1011 agrum,

183 1043 236 1096 id
269 1052 352 1097 est
379 1039 662 1112 spirituale
690 1037 1009 1093 exercitium
1052 1035 1208 1090 nobis
1235 1033 1300 1088 ad
1327 1048 1385 1088 se
1417 1032 1766 1087 tendentibus

181 1132 420 1203 gratuito
443 1129 685 1185 occurrit
713 1141 928 1196 semper
957 1124 1157 1179 auxilio
1177 1125 1189 1178 ι
1209 1123 1359 1179 Solet
1389 1131 1570 1178 autem
1601 1124 1765 1178 etiam

181 1221 482 1276 secundum
517 1219 688 1288 ipsam
731 1217 983 1272 deitatem
1023 1214 1292 1270 humanus
1329 1213 1434 1267 dici
1470 1213 1636 1278 Deus,
1659 1213 1770 1282 spi-

183 1311 324 1365 ritus
377 1323 600 1380 quoque
644 1308 916 1362 humanus
939 1314 995 1359 et
1019 1299 1236 1360 stabilis
1276 1304 1555 1374 appellari,
1586 1304 1768 1360 verbis

183 1399 387 1452 nostris
417 1395 726 1452 necessario
748 1395 814 1448 ad
838 1395 1024 1448 divina
1048 1393 1331 1448 traductis.
1357 1392 1464 1448 Per
1493 1394 1764 1456 hominem

183 1503 318 1558 ergo
372 1486 701 1548 humanitas,
766 1485 818 1539 id
874 1493 958 1539 est
1011 1484 1205 1554 pietas.
1257 1485 1533 1554 Apparuit,
1570 1484 1764 1554 inquit,

171 1579 498 1647 benignitas,
542 1587 590 1632 et
631 1578 934 1630 humanitas
987 1577 1266 1631 salvatoris
1297 1576 1426 1647 (Tit.
1455 1593 1539 1643 ιιι,
1563 1577 1638 1648 4).
1671 1577 1768 1636 llic

168 1681 280 1734 'est,
327 1671 422 1734 ait,
461 1669 707 1732 allectus,
766 1669 1010 1722 dominus
1052 1671 1216 1731 meus,
1269 1668 1413 1723 hunc
1437 1669 1622 1738 utique
1661 1685 1765 1724 non

170 1753 460 1818 immerito
513 1761 762 1832 praaelegi
791 1759 1113 1824 dominaturi,
1161 1768 1442 1829 tantopere
1467 1760 1636 1828 pium,
1675 1761 1765 1830 qui

1865 565 2098 620 vivimus
2140 567 2287 621 enim
2335 569 2404 621 ad
2457 571 2765 624 orientalem
2817 573 3050 643 plagam,
3100 590 3353 646 separare
3377 581 3444 633 ab

1867 654 2024 709 Isaac
2045 655 2158 723 ﬁlio
2174 671 2268 711 eos
2294 657 2572 725 debemus,
2603 663 2724 730 quia
2749 663 3016 719 subtiliter
3032 666 3446 724 discernendum

1867 748 2022 803 nobis
2045 757 2148 815 est,
2173 751 2298 805 dum
2327 753 2438 807 veri
2461 753 2698 811 Orientis
2719 758 2866 812 vitali
2899 759 3019 815 luce
3045 762 3438 831 perfundimur,

1867 856 1937 894 ne
1973 854 2138 910 opera
2165 841 2476 897 humanitus
2501 843 2642 899 facta
2695 847 2760 902 ad
2795 848 3150 906 intentionem
3177 856 3442 911 mercedis

1867 941 2116 998 supernae
2138 931 2463 1000 permiscere
2477 934 2790 991 audeamus.
2809 937 2976 995 Filios
2996 942 3442 1011 concubinarum,

1867 1034 2030 1090 Opera
2056 1020 2493 1077 allectualitalum
2510 1028 2892 1096 corporalium,
2913 1030 3064 1087 lsaac
3081 1033 3269 1099 lilimn,
3289 1052 3440 1106 spem

1869 1110 2111 1166 cmlestis
2133 1112 2311 1182 gaudii
2341 1113 2594 1169 dicimus.
2620 1115 2766 1172 Ordo
2789 1127 2970 1172 autem
2993 1133 3074 1176 est
3108 1141 3120 1176 :
3154 1125 3292 1179 Dum
3316 1130 3446 1182 vit-e-

1870 1209 1943 1253 ret
1964 1200 2032 1253 ad
2061 1201 2363 1256 orientalem
2384 1203 2614 1272 plagam,
2636 1208 2894 1274 separavit
2914 1225 3021 1263 eos.

1940 1289 2108 1344 Vens.
2141 1291 2192 1355 7,
2223 1291 2278 1345 8.
2305 1323 2375 1333 —
2406 1291 2645 1347 Fuerunt
2694 1305 2866 1350 autent
2893 1299 3018 1352 enni
3049 1300 3168 1354 vita:
3190 1302 3306 1371 ejus
3327 1321 3447 1360 cen-

1870 1390 1982 1434 tum
2007 1384 2335 1452 septuaginta
2357 1386 2581 1455 quinque
2618 1404 2898 1441 annorum.
2936 1389 3000 1443 Et
3028 1391 3276 1459 deﬁciens
3308 1412 3448 1448 mor-

1870 1482 1992 1526 tuus
2013 1484 2088 1526 est
2117 1475 2168 1526 in
2199 1485 2460 1528 senectute
2489 1477 2642 1539 bona,
2669 1489 3022 1549 provecta’que
3053 1483 3245 1546 (etatis,
3269 1494 3314 1535 et
3342 1484 3442 1552 ple-

1871 1577 1970 1616 nus
1995 1561 2223 1616 dierum.
2248 1561 2352 1617 Per
2379 1564 2688 1631 quinarium
2717 1567 2957 1622 exterior
2981 1569 3140 1622 homo
3161 1581 3362 1636 noster,
3381 1573 3451 1628 ob

1870 1653 2109 1723 quinque
2131 1669 2259 1710 suos
2285 1669 2478 1711 sensus
2491 1657 2778 1725 accipitur.
2799 1657 3256 1729 Septuagcnarius
3270 1673 3451 1730 septe—

1875 1745 2089 1800 narium
2120 1755 2175 1802 et
2199 1747 2484 1802 denarium
2518 1749 2822 1804 evidentius
2862 1749 3078 1819 prazl‘ert
3114 1751 3164 1805 in
3197 1763 3450 1823 septena-

181 1863 236 1906 et
268 1870 421 1908 suam
471 1868 570 1908 nos
597 1851 986 1922 agriculturam
1019 1851 1200 1915 elIieit,
1233 1861 1286 1906 et
1330 1853 1484 1907 nobis
1508 1853 1766 1916 resisten-

1880 1839 1980 1900 rio,
2011 1839 2102 1908 qui
2137 1855 2393 1896 numerus
2443 1841 2744 1911 spiritualis
2773 1851 2874 1909 est,
2899 1852 2953 1898 et
3001 1859 3064 1897 cx
3092 1854 3327 1914 quatuor
3357 1849 3452 1902 tri—

173 1945 333 1999 Iihus
364 1954 525 2012 atque
551 1943 782 2013 superbe
814 1942 1024 1998 aversis
1045 1950 1366 2012 precaturus
1395 1952 1450 1997 ut
1487 1943 1771 2001 redeamus

181 2037 449 2092 occurrit.
503 2037 582 2090 Ad
615 2037 730 2090 hcce
785 2019 1032 2090 Rebecca
1061 2035 1170 2089 cito
1201 2036 1422 2103 pallium
1452 2036 1612 2099 tollit,
1636 2044 1690 2090 et
1717 2054 1772 2091 se

187 2127 387 2196 operit,
422 2126 550 2195 quia
606 2125 865 2194 patientia
903 2124 1030 2180 licet
1075 2124 1175 2179 sibi
1210 2139 1307 2194 pro
1327 2126 1440 2180 Deo
1470 2125 1635 2179 multa
1661 2126 1771 2196 pati

189 2218 457 2280 videatur,
498 2217 837 2270 verecrmdia:
857 2225 1106 2270 ornatum
1147 2215 1332 2279 sumit,
1357 2215 1482 2269 dum
1509 2231 1628 2286 qua:
1665 2217 1776 2286 agit

188 2305 335 2359 nulla
376 2305 632 2370 aestimat,
666 2313 722 2360 et
750 2304 816 2358 de
855 2303 1150 2374 prteteritis
1197 2305 1488 2372 erubescit,
1533 2305 1676 2358 unde
1723 2313 1776 2360 et

187 2395 476 2465 insigniter
527 2397 630 2450 hac
685 2395 798 2465 ipsa
851 2393 1159 2449 humilitate
1197 2404 1323 2450 ante
1373 2395 1466 2452 Dei
1509 2395 1696 2451 oculos
1716 2409 1775 2450 se

187 2487 387 2558 operit.
430 2485 615 2540 Potest
639 2493 694 2540 et
724 2491 821 2554 per
841 2485 1062 2556 pallium
1095 2486 1238 2554 quod
1267 2485 1494 2541 inferius
1521 2486 1776 2541 dilatatur

188 2585 246 2630 et
295 2576 544 2646 superius
594 2583 937 2646 angustatur,
991 2573 1217 2628 actualis
1255 2583 1310 2629 et
1352 2577 1774 2645 contemplativa

191 2668 303 2721 vita
353 2667 544 2737 accipi,
590 2681 819 2736 quarum
868 2665 1041 2720 altera
1077 2666 1143 2718 ad
1181 2679 1367 2718 curam
1408 2665 1640 2736 proximi
1664 2667 1772 2720 lata

180 2767 294 2821 'est,
325 2757 492 2811 altera
533 2758 600 2812 ad
633 2757 726 2812 Dei
755 2757 1017 2812 visionem
1061 2756 1296 2812 acuitur.
1327 2754 1526 2810 Narrat
1548 2755 1775 2812 allectus

186 2845 355 2916 .100
379 2854 562 2900 noster
587 2859 706 2916 quae
729 2844 1076 2916 gessitlsaac,
1107 2860 1228 2899 cum
1254 2843 1513 2914 quidquid
1541 2845 1773 2916 agendo,

189 2937 275 2989 Vel
333 2935 752 3006 contemplanda
805 2933 1016 2990 edicere
1073 2935 1285 2990 videtur
1321 2935 1388 2988 ad
1423 2933 1774 2989 emerendam

182 3025 433 3081 caelestis
457 3026 636 3095 gaudii
666 3025 898 3095 gratiam
927 3035 1187 3095 reportat.

263 3117 428 3172 Vsus.
459 3118 546 3171 67.
571 3146 641 3156 —-
672 3116 776 3182 Qui
805 3117 1092 3170 introduxit
1139 3132 1252 3170 eam
1284 3117 1339 3170 in
1373 3114 1772 3170 tabernaculum

187 3203 348 3260 Sara:
409 3208 590 3260 matris
649 3223 780 3270 sure,
831 3217 878 3260 et
912 3205 1102 3276 accepit
1149 3222 1388 3272 uxorem,
1413 3214 1460 3260 et
1495 3207 1548 3258 in
1571 3216 1775 3260 tantum

191 3298 373 3350 dilexit
400 3308 452 3350 ut
479 3297 710 3350 dolorem
741 3297 830 3366 qui
860 3313 924 3350 ex
966 3307 1128 3350 morte
1158 3297 1342 3350 matris
1365 3297 1624 3350 acciderat
1653 3307 1780 3350 tem-

194 3399 422 3457 peraret.
451 3389 598 3443 lsaac
645 3388 948 3443 Rebeccam
972 3391 1025 3442 in
1061 3392 1247 3442 matris
1271 3389 1667 3443 tabernaculum
1696 3391 1779 3443 iu-

197 3481 371 3544 ducit,
421 3495 542 3534 eum
593 3480 832 3534 caelestis
882 3480 1058 3550 gaudii
1092 3479 1420 3534 desiderium
1464 3480 1778 3549 patientiam

198 3569 338 3622 intra
360 3571 460 3637 piae
494 3569 784 3624 voluntatis
807 3569 1087 3635 ambitum,
1113 3586 1232 3640 qua:
1259 3569 1423 3624 totius
1451 3570 1576 3624 boni
1607 3580 1782 3624 mater

192 3669 301 3722 cst,
339 3659 440 3713 sibi
496 3660 995 3724 commilitaturam,
1047 3669 1100 3715 et
1129 3677 1158 3714 a
1198 3676 1257 3715 se
1288 3661 1494 3714 sanctis
1522 3663 1780 3731 operibus

198 3751 594 3806 l'ecundandam
634 3752 882 3821 suscipit,
918 3763 964 3804 et
997 3753 1049 3804 in
1081 3761 1284 3805 tantum
1314 3765 1411 3820 pro
1435 3750 1546 3804 Deo
1569 3751 1682 3819 jam
1718 3768 1776 3806 se

191 3845 302 3912 pati
337 3843 576 3909 lmtatur,
634 3853 692 3896 ut
729 3842 883 3896 dolor
932 3842 1288 3911 poenitentiae,
1343 3841 1433 3911 qui
1462 3857 1528 3897 ex
1557 3842 1775 3898 defectu

191 3934 320 3986 olim
342 3934 583 4004 ejusdem
633 3933 786 3986 honre
818 3932 1106 3988 voluntatis
1133 3933 1428 3998 acciderat,
1471 3933 1620 3987 nimii
1651 3949 1778 4003 pro-

191 4039 351 4079 cessu
385 4025 590 4080 amoris
615 4033 766 4080 certa
797 4040 893 4093 spe
925 4025 1092 4079 venite
1108 4026 1220 4093 jam
1249 4026 1463 4095 penitus
1493 4025 1774 4082 leniretur.

774 4114 1001 4172 CAPUT
1041 4115 1208 4170 XXV.

267 4204 426 4260 Vens.
457 4206 509 4260 1.
533 4237 604 4246 -
634 4207 899 4260 Abraham
931 4223 1041 4260 vero
1071 4206 1228 4260 aliaat
1253 4207 1400 4261 duxit
1423 4224 1657 4274 uxorem,
1684 4225 1778 4262 no-

191 4299 332 4353 mine
360 4298 665 4352 Cethuram.
699 4297 935 4352 Celhura
984 4299 1183 4352 dicitur
1211 4298 1485 4352 thimiame
1532 4300 1773 4368 o/fereos,

194 4389 280 4445 vel
304 4390 568 4458 capulata.
613 4388 904 4458 Postquam
932 4387 1087 4454 Sara,
1121 4388 1369 4444 voluntas
1391 4390 1624 4457 scilicet,
1651 4407 1774 4460 qua:

1803 3172 1848 3236 C

197 4480 452 4551 princeps
499 4481 752 4545 Abrahae,
797 4481 850 4534 id
874 4489 956 4535 est
985 4481 1217 4535 rationis
1249 4491 1350 4548 est,
1385 4498 1489 4536 non
1521 4483 1664 4552 quod
1687 4499 1771 4536 ra-
1797 4505 1850 4564 D

201 4571 330 4624 tioni
359 4572 709 4641 principetur,
740 4574 834 4627 sed
864 4573 1005 4642 quod
1031 4589 1097 4627 ex
1133 4573 1251 4643 ejus
1277 4575 1553 4628 consortio
1573 4576 1777 4645 princi-

198 4662 344 4732 pium
385 4663 550 4718 totius
570 4663 857 4734 probitatis
885 4666 976 4729 sit,
1028 4675 1329 4734 postquam,
1383 4667 1626 4736 inquam,
1658 4670 1774 4725 hrcc

196 4754 394 4810 sarculo
449 4756 666 4819 occidit,
700 4755 759 4809 lit
796 4755 1054 4821 Cethura,
1109 4756 1234 4810 dum
1266 4755 1338 4810 ita
1372 4766 1483 4810 toto
1521 4757 1776 4814 desiderii

195 4843 391 4899 ardore
418 4855 714 4910 crematur,
749 4855 806 4898 nt
836 4845 941 4899 vita
963 4846 1217 4911 hominis,
1253 4847 1361 4900 Deo
1386 4862 1481 4914 per
1501 4848 1776 4904 internum

162 4934 455 4990 ‘individui
513 4939 717 4991 alueris
769 4935 946 4992 fmdus
999 4939 1268 5006 copulata,
1321 4940 1388 4994 ad
1427 4939 1593 4996 Deum
1630 4941 1776 4996 omni

195 5028 362 5080 odore
413 5029 720 5082 sanctitatis
769 5029 1014 5084 conlecta
1068 5027 1274 5084 feratur
1313 5031 1497 5102 (Vens.
1556 5033 1638 5106 5.)
1681 5035 1781 5090 Dat

197 5121 462 5174 Abraham
512 5133 700 5175 cuncta
725 5139 842 5191 qum
872 5122 1109 5192 possidet
1139 5121 1320 5188 Isaac,
1353 5126 1476 5192 quia
1521 5127 1779 5198 quidquid

197 5211 506 5267 intellectus
535 5213 586 5266 in
619 5213 889 5282 spirituali
931 5213 1235 5268 substantia
1268 5215 1582 5282 lmneratur,
1610 5228 1779 5273 totum

198 5299 262 5355 ad
316 5301 554 5356 caelestis
605 5301 804 5356 ltctitizc
837 5302 983 5356 lucra
1041 5303 1454 5373 multiplicanda
1482 5305 1778 5362 confertur.

199 5391 384 5464 (Vsus.
424 5393 502 5465 6.)
537 5392 693 5448 Filiis
717 5395 1122 5449 concubinarum
1140 5395 1368 5466 largitur
1393 5413 1631 5463 munera,
1655 5401 1780 5453 dum

199 5482 451 5552 cperihns
495 5485 893 5539 rationabiliter
930 5485 1146 5554 quidem
1185 5485 1405 5556 emptis,
1457 5487 1783 5545 sedvminns

199 5573 436 5644 legitima
491 5575 742 5631 humanm
793 5575 1094 5632 aﬂ'ectionis
1145 5577 1469 5646 admistione
1503 5579 1782 5650 perfectis,

205 5678 304 5718 non
350 5673 575 5730 :nlerua,
631 5667 723 5720 sed
755 5667 1094 5737 temporaria:
1133 5669 1510 5738 prosperitatis
1562 5673 1785 5728 ascribit

157 5761 159 5764 ’
203 5757 442 5824 praemia.
473 5755 538 5812 Et
569 5761 846 5830 separavit,
902 5760 1097 5830 inquit,
1126 5778 1211 5816 eos
1241 5761 1304 5817 ab
1328 5760 1490 5816 Isaac
1523 5762 1635 5831 ﬁlio
1663 5782 1782 5832 suo,

1869 1929 2079 1998 busque
2108 1939 2348 1996 constat,
2404 1932 2628 2000 spiritus
2656 1943 2842 1988 noster
2873 1935 3095 2006 intelligi
3127 1946 3326 2005 potest,
3359 1940 3450 2008 qui

1873 2028 2110 2089 quatuor
2159 2021 2548 2090 principalibus
2574 2023 2888 2102 virtutibus,
2925 2035 2979 2079 et
3009 2028 3240 2091 ratione,
3261 2028 3452 2082 volun-

1875 2103 2314 2180 tate’all‘ectuque
2337 2114 2641 2180 prazminet,
2673 2124 2726 2168 et
2763 2115 2910 2169 solus
2939 2117 3238 2186 septiformi
3264 2119 3453 2186 gratia:

1874 2200 2219 2270 capesseudm
2243 2203 2470 2258 idoneus
2512 2213 2627 2269 est;
2662 2205 2806 2260 hunc
2834 2208 3200 2276 seplenarium
3229 2210 3453 2264 denario

1875 2290 2186 2360 adjicimus,
2247 2292 2374 2346 dum
2431 2295 2669 2347 animant
2727 2311 2900 2351 sacra:
2949 2298 3271 2353 doetnnento
3322 2300 3456 2370 legis

1875 2382 2192 2438 imbuimus.
2232 2384 2358 2438 lude
2387 2401 2514 2456 ergo
2544 2386 2612 2440 ad
2633 2389 3007 2442 centenarium
3036 2390 3126 2460 qui
3154 2391 3370 2457 transit,
3403 2393 3458 2448 in

1873 2473 2158 2529 dexteram
2206 2473 2458 2541 ferimur,
2495 2475 2546 2532 id
2577 2479 2755 2534 estad
2789 2481 3298 2556 contemplationem
3337 2484 3456 2548 Dei,

1873 2580 1992 2635 qua:
2016 2565 2228 2620 initium
2258 2571 2517 2636 perennis
2540 2569 2654 2640 jam
2693 2571 3046 2628 beatitudinis
3067 2584 3173 2638 est,
3195 2590 3458 2630 conscen-

1877 2656 2076 2712 dimus.
2131 2657 2288 2713 Hunc
2317 2676 2489 2730 usque
2531 2664 2905 2722 centenarium
2942 2665 3218 2722 Abraham
3247 2667 3460 2722 intelle-

1875 2749 2073 2805 ctualis
2126 2751 2310 2806 vivere
2365 2767 2583 2822 quoque
2622 2765 2782 2822 pacto
2811 2757 3008 2811 szeculo
3043 2759 3243 2827 potuit,
3278 2758 3377 2818 sed
3401 2759 3458 2814 in

1874 2838 1977 2894 hoc
2002 2841 2335 2896 constitutus
2361 2841 2622 2899 deﬁciens
2653 2846 3041 2914 cupiditatibus
3071 2863 3258 2904 earum
3292 2864 3458 2920 nego-

1879 2931 1968 2984 tiis
1996 2929 2153 2995 obiit,
2179 2946 2304 2986 cum
2329 2931 2513 3002 plenus
2537 2934 2760 2998 dierum,
2795 2952 3075 2992 sacrarum
3099 2939 3308 2995 scilicet
3340 2939 3460 2996 lucc

1878 3019 2162 3090 multiplici
2196 3022 2567 3086 scientiarum,
2607 3033 2657 3078 et
2681 3038 2934 3096 provech
2956 3031 3148 3098 aztatis,
3179 3042 3460 3099 promotus

1880 3124 2011 3165 sane
2041 3109 2164 3164 altis
2189 3111 2446 3181 gradibus
2475 3115 2778 3170 sanctitatis
2807 3117 2860 3170 iu
2882 3129 3160 3182 senectute,
3188 3135 3295 3174 non
3355 3137 3462 3190 qua

1883 3201 2262 3256 inveteraverit
2283 3204 2422 3258 inter
2438 3204 2748 3261 inimicosin
2767 3217 2908 3263 terra
2933 3209 3105 3268 aliena
3123 3209 3295 3280 (I’sal.
3315 3229 3390 3277 v1,
3405 3216 3459 3278 8;

1881 3289 2114 3346 Baruch.
2141 3307 2222 3357 ut,
2258 3293 2366 3361 ll),
2392 3295 2485 3348 sed
2513 3311 2616 3363 qua
2641 3299 2996 3366 permaturuit
3032 3300 3297 3371 religiosae
3319 3317 3454 3358 con-

1882 3382 2211 3436 versationis
2244 3384 2599 3438 diuturnitate
2629 3386 2789 3439 bona.

1955 3471 2122 3526 Vens.
2151 3474 2205 3528 9.
2241 3504 2306 3513 —
2331 3473 2790 3546 Congregatusque
2815 3486 2889 3529 est
2913 3478 2981 3530 ad
3003 3477 3252 3547 populum
3281 3498 3458 3550 suum,

1883 3571 1930 3615 et
1955 3561 2266 3630 sepelierunt
2293 3579 2410 3616 eum
2438 3562 2595 3616 Isaac
2615 3575 2661 3617 et
2686 3563 2899 3629 lsmael,
2923 3565 3024 3634 lilii
3052 3569 3135 3620 sui
3150 3569 3202 3621 in
3215 3569 3460 3638 spelunca

1883 3653 2104 3721 duplici,
2152 3670 2270 3723 ante
2305 3655 2408 3707 sita
2456 3665 2532 3708 est
2572 3656 2624 3708 in
2652 3672 2778 3725 agr.)
2815 3655 3049 3726 Epltron,
3077 3667 3179 3714 etc.
3218 3659 3393 3728 Isaac,
3417 3674 3465 3717 et

1880 3741 2118 3808 Ismaelh
2139 3743 2239 3812 ﬁlii
2263 3744 2562 3809 Abraham,
2597 3745 2868 3814 sepeliunt
2891 3748 2943 3800 in
2975 3748 3220 3816 spelunca
3243 3729 3464 3820 duplici,

1882 3848 2006 3887 cum
2046 3843 2100 3886 et
2149 3848 2272 3903 spes
2323 3835 2566 3888 caelestis
2622 3837 2822 3905 gaudii,
2866 3845 2920 3889 et
2965 3835 3188 3891 allectus
3209 3837 3320 3907 jam
3349 3839 3461 3896 Deo

1880 3927 2139 3982 obediens
2171 3942 2275 3981 non
2321 3928 2423 3981 sibi
2481 3928 2679 3996 quietis
2721 3930 2944 3982 internae
2977 3930 3239 3984 rationem
3289 3933 3463 4002 gratia

1881 4027 2200 4089 contegunt,
2246 4027 2303 4072 ut
2351 4034 2449 4073 nec
2480 4019 2734 4087 spelunca
2759 4019 3146 4086 scusualitatis,
3177 4037 3274 4078 nec
3299 4023 3464 4077 etiam

1881 4108 2072 4179 ipsius,
2109 4126 2228 4179 quae
2259 4111 2537 4166 molestior
2578 4125 2698 4164 esse
2729 4110 2887 4174 solet,
2921 4111 3326 4179 imaginalitatis
3353 4113 3464 4184 spi-

1881 4203 2045 4257 ritum
2083 4205 2192 4258 Deo
2243 4205 2507 4258 intentum
2567 4206 2818 4276 prodant,
2862 4204 2954 4259 sed
2987 4205 3160 4260 cidem
3190 4207 3394 4261 servire
3432 4225 3463 4262 a

1882 4295 2112 4365 negotiis
2157 4310 2408 4349 curarmn
2454 4295 2745 4364 parcendo,
2775 4295 3038 4350 ofevendo
3085 4279 3460 4364 consentiant;

1882 4397 2078 4442 czctera
2111 4388 2358 4456 superius
2413 4397 2642 4442 tractata
2675 4397 3008 4456 quaerantur.
3040 4387 3146 4442 Sed
3173 4399 3463 4456 antequam

1880 4477 2124 4546 sepeliat,
2157 4479 2225 4530 ad
2247 4477 2494 4547 populum
2517 4494 2668 4530 suum
2693 4479 3464 4546 congregatusordinatesatis

1881 4569 2102 4633 dicitur,
2156 4570 2258 4622 nisi
2307 4570 2450 4623 enim
2500 4585 2528 4622 a
2572 4585 2667 4624 sua
2700 4569 3040 4638 dispersione
3065 4569 3370 4626 intellectus
3395 4573 3462 4626 ad

1881 4661 1983 4716 sibi
2016 4659 2305 4715 unicndam
2355 4661 2748 4730 cogitationum
2801 4661 2956 4731 quasi
2988 4660 3128 4731 vulgi
3163 4661 3463 4718 tnultitudi~

1881 4768 2005 4807 nem
2037 4767 2156 4807 sese
2186 4752 2486 4822 collegerit,
2521 4768 2798 4821 nunquam
2825 4753 3130 4824 sepulcrum
3162 4754 3292 4810 illud
3313 4755 3463 4824 quie-

1883 4855 1988 4901 tem
2014 4845 2208 4900 mentis
2233 4847 2468 4914 attingit.
2502 4846 2689 4917 (Vens.
2721 4847 2829 4916 ll.)
2856 4844 2924 4898 Et
2947 4859 3060 4916 post
3095 4847 3289 4900 obitum
3318 4847 3462 4900 illius

1883 4938 2142 4994 benedixit
2165 4937 2418 4992 Dominus
2437 4937 2590 4991 Isaac
2619 4936 2730 5008 ﬁlio
2751 4936 2880 5007 ejus,
2908 4938 2998 5008 qui
3019 4937 3463 5006 habitahatjuxta

1882 5040 2094 5100 puteum
2155 5027 2378 5084 Viventis
2444 5039 2490 5083 et
2585 5028 2813 5083 Videmis
2871 5028 3148 5084 Beuedicit
3207 5027 3462 5081 Dominus

1883 5121 2041 5176 Isaac
2099 5121 2212 5190 ﬁlio
2267 5130 2379 5185 post
2418 5122 2612 5175 obitum
2661 5123 2910 5183 Ahrahm,
2971 5121 3094 5174 dum
3129 5119 3242 5188 spei
3267 5129 3463 5174 nostra!

1885 5213 2184 5282 spiritualis
2233 5212 2434 5266 hctitize
2481 5213 2888 5265 exuberantiam
2941 5209 3282 5279 multiplicat,
3314 5219 3463 5280 post—

1884 5322 2047 5375 quam
2102 5307 2408 5360 intellectus
2444 5315 2630 5359 noster
2656 5318 2720 5357 ex
2756 5313 2867 5358 toto
2913 5303 3096 5356 delicit
3127 5304 3182 5360 in
3222 5306 3462 5375 appetitu

1886 5397 2178 5452 mundialis
2205 5397 2407 5468 glorim.
2448 5396 2614 5449 Juxta
2640 5405 2851 5464 puteum
2897 5392 3122 5470 Viuentis
3151 5404 3195 5448 et
3233 5393 3464 5450 Videntis

1887 5490 2115 5552 habitat,
2145 5505 2265 5542 cum
2292 5487 2566 5542 interioris
2588 5484 2820 5539 hominis
2849 5473 3098 5549 gloriatio
3121 5499 3242 5539 eum
3270 5485 3322 5538 in
3356 5499 3462 5554 quo

1887 5592 1970 5636 est
2000 5581 2164 5636 totius
2194 5579 2318 5632 boni
2361 5578 2534 5646 origo,
2568 5584 2622 5629 et
2661 5574 2802 5629 unde
2844 5575 3122 5630 haurimus
3161 5576 3324 5629 totius
3353 5577 3461 5644 spi-

1890 5673 2204 5729 ritualitatis
2253 5688 2316 5726 ac
2355 5669 2637 5724 vitaiitatis
2689 5669 2880 5736 undas,
2931 5670 3270 5724 observando
3313 5669 3459 5724 oraui

1889 5765 2164 5838 diligentia
2194 5764 2623 5832 confrequentat.
2672 5762 2746 5816 Illi
2771 5763 2914 5815 enim
2945 5765 3018 5815 rei
3055 5761 3294 5815 assidere
3319 5761 3462 5813 sole-
