3978 6332
452 392 552 450 195

1235 382 1295 439 ν.
1325 381 1650 438 GUIBER’I‘I
1689 376 1984 437 ABDATIS
2017 379 2075 436 S.
2118 373 2362 436 MARIIE
2401 379 2490 436 DE
2513 375 2912 439 NOVIGENTO

3621 377 3720 442 196

449 521 766 578 mus,quam
790 503 1079 563 custodire,
1105 512 1317 570 quaque
1339 497 1444 552 frui
1467 498 1718 566 cupimus
1743 513 1758 563 ;
1793 496 1872 552 sic
1899 510 2028 567 ergo
2063 499 2105 556 Α
2132 505 2269 561 erat,
2295 495 2423 563 quid
2452 511 2655 552 necesse
2683 496 2783 565 fuit
2810 496 3080 566 concipere
3101 497 3130 552 .’
3153 493 3496 571 Perrexitqtte
3520 509 3578 554 ut
3599 511 3722 555 eon-

451 598 599 654 iuxta
625 608 842 668 puteum
874 594 1098 648 habitat.

523 691 686 744 Vens.
715 685 799 750 l7,
831 685 916 740 l8.
947 713 1016 724 —
1040 681 1180 736 Anni
1206 680 1326 735 vita:
1357 679 1556 735 Ismael
1581 690 1786 734 centum
1813 678 2029 750 triginta

450 790 659 850 septem.
687 776 939 843 Deﬁciens
961 783 1198 826 ntortuus
1214 782 1388 843 est,.et
1411 773 1682 847 app_ositus
1697 773 1764 823 ad
1778 772 2028 841 populum

449 885 622 924 suum.
654 865 921 918 Habitavit
945 875 1119 916 autem
1155 863 1217 914 ab
1251 861 1434 916 Hevila
1468 879 1625 932 usque
1649 859 1774 924 Sur,
1806 879 1923 930 qua:
1952 878 2033 914 re-

448 959 596 1028 spicit
619 955 693 1010 1E
697 965 908 1024 gyptum
938 954 1320 1008 introeuntibus
1349 954 1629 1023 Assyrios;
1668 953 1819 1022 101
1854 968 2029 1006 coram

447 1047 644 1102 cunctis
657 1045 908 1115 fratribus
922 1047 1031 1099 suis
1047 1045 1194 1099 obiit.
1211 1045 1316 1099 Per
1329 1054 1550 1114 septena
1562 1045 1696 1097 rium
1717 1041 2032 1112 temporali-

445 1148 530 1190 tas
544 1136 831 1205 accipitur,
847 1151 966 1206 quae
980 1145 1184 1206 septem
1201 1136 1390 1191 diebus
1403 1134 1936 1190 CVolvitur.Tricenat
1952 1133 2035 1187 ius

444 1228 513 1281 ad
527 1227 810 1282 Trinitatis
832 1228 1066 1298 pertinet
1087 1227 1452 1292 dilectionem,
1471 1242 1564 1296 per
1587 1228 1794 1294 piorum
1810 1239 2032 1294 cperam

445 1317 871 1380 exsecutionem,
889 1317 1066 1371 sexies
1082 1316 1231 1386 quini
1258 1317 1476 1386 triginta
1500 1311 2040 1383 complent.Scxdic-'

446 1405 545 1461 bus
565 1406 866 1477 fecitopera
881 1423 976 1460 sua
998 1407 1156 1469 Deus,
1175 1415 1328 1460 sexta
1347 1407 1506 1460 etiam
1523 1403 2031 1459 creavithominem.

453 1498 690 1568 Operam
745 1513 876 1568 ergo
927 1498 1174 1552 senarius
1225 1497 1402 1550 innuit
1449 1495 1876 1565 perl'ectioneu‘t,
1919 1511 2036 1564 quze

447 1593 680 1662 quinarii
727 1591 1062 1644 exteriorum
1082 1605 1336 1644 sensuum
1368 1590 1619 1644 cohibeat
1644 1588 2032 1660 inazquitatetn.

445 1683 803 1738 Ccntenarius
830 1698 960 1736 vero
993 1682 1251 1748 insinuat,
1281 1683 1407 1752 quia
1449 1682 1642 1737 dexter
1661 1693 1768 1748 est,
1795 1683 1886 1737 Dei
1910 1698 2039 1738 con-

447 1775 882 1846 templationem.
913 1777 1183 1846 Quidquid
1216 1776 1398 1846 itaque
1435 1775 1850 1846 tcmporalitatis
1884 1776 2039 1830 nobis

2131 585 2324 640 suleret
2354 584 2659 639 Dominum.
2697 586 2990 657 Postquam
3021 587 3073 642 in
3097 590 3471 646 conversionis
3490 591 3722 662 printer.

2133 675 2222 731 dio
2252 675 2525 744 patientiae
2557 675 2701 746 leges
2738 677 3132 747 amplectimur,
3169 680 3337 749 ipsam
3367 681 3608 736 sterilem
3635 697 3720 738 res

2132 768 2412 836 perimus,
2456 769 2582 836 quia
2629 769 2730 822 etsi
2775 769 3117 826 adversarios
3161 772 3374 838 tolerat,
3417 772 3504 828 his
3547 783 3719 830 tamen

2135 857 2367 928 benigne
2398 857 2622 928 obsequi
2657 860 2885 912 arduum
2929 860 3090 916 nimis
3125 871 3297 932 putat.
3334 862 3568 919 Necesse
3597 879 3722 936 ergo

2135 956 2218 1000 est
2244 956 2296 1000 ut
2331 962 2615 1016 precemur
2644 947 2928 1003 Dominum
2959 967 3067 1020 quo
3093 949 3295 1008 tribuat
3326 953 3574 1010 Rebeccte
3601 972 3720 1010 con-

2137 1048 2362 1104 ceptum.
2391 1039 2558 1111 Igitur
2577 1042 2925 1107 exaudiatur,
2949 1045 3127 1115 etiam
3154 1045 3397 1115 geminos
3426 1046 3568 1102 fetus
3592 1063 3719 1102 con-

2138 1129 2401 1204 cepimus,
2430 1131 2659 1197 scilicet,
2691 1142 2748 1187 ut
2785 1149 2923 1203 quos
2966 1134 3286 1201 toleramus,
3319 1137 3435 1192 sine
3471 1138 3724 1207 scrupulo

2138 1220 2320 1290 aliquo
2352 1223 2404 1276 in
2434 1224 2664 1294 gratiam
2704 1226 3077 1293 admittamus,
3116 1236 3171 1283 et
3205 1244 3326 1284 cum
3362 1229 3724 1285 amaverimus

2136 1313 2458 1371 benefacere
2495 1317 2580 1372 his
2609 1318 2770 1372 etiam
2805 1334 2925 1373 cum
2962 1320 3433 1390 perseveraverint
3465 1321 3518 1376 in
3547 1322 3721 1386 malo,

2139 1417 2201 1458 ac
2229 1405 2504 1460 deservire
2543 1423 2823 1474 curemus;
2864 1410 2956 1463 sed
2986 1410 3313 1465 colliduntur
3347 1411 3400 1466 in
3430 1422 3576 1466 utero
3602 1429 3723 1481 par-

2139 1497 2265 1562 vuli,
2292 1499 2415 1568 quia
2445 1500 2705 1565 immensa
2730 1512 2812 1556 est
2836 1503 3149 1573 congressio
3171 1503 3312 1558 intra
3337 1505 3723 1560 conscientiam

2139 1589 2240 1643 ista
2288 1590 2470 1646 facere
2510 1593 2782 1648 molientis
2813 1596 2999 1649 animi.
3033 1594 3168 1650 Dum
3205 1598 3346 1651 enitn
3388 1597 3532 1651 videt
3567 1599 3723 1653 obsc-

2139 1679 2326 1747 quium
2369 1680 2578 1751 ingrate
2627 1682 2695 1736 ab
2739 1681 2958 1739 inimico
3003 1685 3236 1756 suscipi,
3280 1702 3433 1742 mens
3475 1687 3587 1758 ipsa
3631 1705 3726 1742 cur

2143 1770 2302 1824 talem
2345 1772 2554 1843 diligat,
2595 1773 2908 1846 indignatur
2943 1774 3066 1832 sibi.
3106 1779 3304 1834 Amare
3337 1794 3495 1850 ergo,
3531 1789 3586 1836 et
3619 1795 3724 1835 non

446 1867 616 1932 inest,
642 1866 866 1922 allectus
897 1875 1080 1922 uoster
1108 1881 1268 1921 verus
1297 1867 1488 1921 lsmael
1513 1869 1780 1937 expendat
1824 1868 1876 1923 in
1921 1870 2035 1934 Dei,
2071 1855 2112 1913 Β
2144 1863 2349 1926 amari.
2380 1864 2698 1935 obsequium
2728 1867 3000 1938 pra-bere.
3035 1869 3128 1924 sed
3173 1869 3396 1940 despici.
3440 1881 3725 1942 utrumque

446 1971 555 2011 non
598 1957 794 2021 verbo,
826 1957 919 2012 sed
961 1972 1124 2026 opere
1163 1958 1404 2025 integro,
1437 1957 1804 2024 dilectionem,
1842 1959 1885 2013 si
1930 1959 2040 2013 vult

445 2049 747 2118 perfectum
782 2049 962 2104 facere
986 2049 1282 2114 hominem,
1308 2060 1362 2103 et
1388 2050 1480 2104 Dei
1521 2050 1788 2121 attingere
1817 2051 2040 2106 visionis

447 2142 856 2196 beatitudinem.
890 2141 939 2195 ls
979 2157 1236 2196 numerus
1282 2149 1363 2197 est
1417 2157 1680 2196 annorum
1729 2142 2036 2213 plenitudo,

447 2233 659 2288 scilicet
697 2233 842 2287 clara
885 2233 1170 2288 virtutum.
1223 2234 1375 2290 Unde
1420 2250 1656 2305 congrue
1698 2235 2037 2304 postmodum

448 2322 650 2376 dicitur
677 2323 948 2394 appositus
989 2322 1058 2376 ad
1098 2323 1350 2392 populum
1396 2340 1549 2377 suum
1575 2363 1589 2390 ,
1625 2324 1751 2377 dum
1794 2332 1914 2392 post
1963 2333 2039 2377 tot

445 2412 802 2470 claritudines
845 2415 1151 2470 sanctitatis
1190 2414 1469 2470 derelictis
1511 2415 1908 2470 habitatoribus
1941 2415 2037 2468 Ce-

447 2507 568 2571 dar,
616 2505 788 2560 soluat
835 2507 1026 2576 patria:
1071 2521 1265 2561 revera
1319 2509 1431 2576 jam
1485 2522 1596 2561 sua:
1635 2507 2039 2576 supercoeleszis

446 2597 665 2666 pepulo,
692 2597 1008 2654 coneivibus
1031 2598 1142 2652 suis
1172 2599 1367 2668 apponi
1401 2615 1544 2653 nunc
1569 2599 1862 2664 desiderat,
1897 2600 1949 2654 in
1981 2615 2037 2653 re

443 2697 630 2758 postea
657 2692 1026 2760 apponcudus.
1058 2690 1326 2745 Habitavit
1362 2703 1542 2746 autem
1571 2691 1634 2744 ab
1665 2691 1852 2746 Heuila
1880 2710 2040 2764 usque

444 2779 585 2860 Sur,
618 2781 669 2836 id
707 2791 792 2836 est
829 2781 1142 2837 dominatus
1184 2787 1267 2837 est
1292 2783 1530 2838 motibus
1562 2784 1678 2838 suis
1716 2799 1747 2838 a
1773 2783 2038 2856 principio

445 2873 849 2936 conversionis,
901 2874 953 2927 in
993 2890 1099 2943 quo
1136 2875 1316 2930 omnis
1348 2883 1598 2929 creatura
1636 2875 2037 2945 iugemiscendo

445 2965 685 3034 parturit
712 2980 881 3034 usque
910 2965 1085 3018 adhuc
1117 2974 1171 3020 et
1206 2965 1349 3024 dolet
1372 2965 1550 3034 (llam.
1575 2981 1691 3029 vnt,
1718 2966 1844 3038 2‘2);
1877 2985 2038 3038 usque

448 3053 591 3120 Sur,
626 3055 678 3108 id
710 3064 793 3109 est
833 3071 1002 3124 usque
1043 3057 1108 3109 ad
1140 3057 1437 3126 spiritualis
1477 3057 1808 3113 fortitudinis
1849 3071 2036 3114 contra

447 3149 630 3200 omnia
677 3156 1102 3217 temperamenta
1152 3150 1336 3203 robur.
1375 3150 1505 3217 Qure
1554 3161 1732 3206 tamen
1776 3151 2036 3206 fortitudo

446 3239 670 3306 respicit
701 3237 991 3308 {Ruptum
1011 3279 1026 3304 ,
1058 3240 1108 3293 id
1135 3241 1588 3297 esttribulationis
1611 3245 2022 3314 coangustautis

450 3332 730 3397 tenebras,
757 3332 1156 3388 introeuntibus
1183 3333 1366 3390 carnis
1385 3334 1664 3390 affectibus
1689 3336 1962 3408 Assyrios,
1984 3337 2035 3391 id

449 3431 535 3477 est
588 3423 826 3484 aulicos.
881 3424 1118 3489 scilicet,
1175 3425 1377 3478 imitari
1428 3426 1734 3481 volentibus
1789 3443 2035 3498 quosque

445 3514 706 3586 voluptati
741 3518 971 3572 deditos.
1001 3520 1164 3574 Aulus
1192 3537 1426 3591 namque
1466 3524 1707 3576 omnium
1735 3538 1854 3577 esse
1885 3524 2035 3576 novi-

450 3621 571 3662 mus
605 3608 933 3678 voluptatum
966 3610 1268 3667 volutabra.
1302 3613 1359 3668 ln
1389 3614 1639 3669 domibus
1662 3613 1818 3684 plane
1849 3630 2032 3683 regqu

449 3706 577 3752 sunt
615 3699 705 3768 qui
747 3699 997 3757 mollibus
1037 3702 1335 3758 induuntur
1369 3705 1520 3775 (Luc.
1563 3721 1656 3770 vn,
1685 3705 1775 3776 25)
1806 3724 1818 3758 :
1850 3705 2036 3762 l-levila

450 3790 841 3860 interpretatur
873 3797 1192 3863 parturiens,
1232 3797 1315 3853 vel
1347 3798 1570 3861 dolens;
1603 3798 1709 3853 Sur
1749 3798 2032 3867 fortitudo;

449 3879 994 3950 {Egyptustribulatio
1015 3898 1384 3957 coangustans,
1405 3889 1488 3943 vel
1509 3890 1752 3945 tenebrae.
1780 3888 2036 3945 Habitare

449 3989 603 4040 vero,
638 3991 737 4046 pro
771 3991 836 4031 eo
876 3979 1018 4046 quod
1041 3988 1160 4046 est,
1195 3981 1477 4046 dominari,
1519 3982 1572 4036 in
1613 3982 1897 4052 Scriptura
1935 4000 2035 4053 po-

448 4065 620 4119 nitur.
650 4067 784 4121 Dum
803 4067 961 4137 plane
983 4068 1143 4125 fortia
1167 4073 1416 4140 qua-libet
1435 4073 1665 4142 agimus,
1689 4074 1826 4128 etde
1851 4075 2032 4128 mundi

448 4155 811 4213 oblectatione
847 4161 999 4229 quasi
1039 4162 1107 4216 de
1155 4163 1291 4218 aula:
1348 4164 1572 4218 introitu
1626 4174 1917 4232 tentantur,
1968 4169 2034 4222 ad

451 4246 742 4318 (Egyptum
801 4253 1053 4308 maeroris
1105 4263 1160 4307 et
1216 4255 1606 4321 tenebrarum,
1659 4257 1801 4326 quod
1863 4267 2032 4313 totum

449 4340 683 4393 mundus
705 4350 805 4406 est,
830 4343 1109 4398 attendere
1129 4343 1408 4399 debemus.
1432 4345 1604 4401 Assur
1625 4358 1805 4402 autem
1834 4349 2035 4404 dicitur

451 4431 597 4484 aula.
625 4429 816 4485 Coram
853 4435 1052 4486 cunctis
1077 4433 1330 4502 fratribus
1355 4437 1482 4500 obit,
1510 4437 1634 4491 dum
1657 4439 1907 4494 omnibus
1932 4441 2034 4508 piis

2144 1954 2385 2022 graviter
2415 1955 2724 2027 indignatur
2763 1957 2896 2025 sibi,
2929 1960 3054 2014 dum
3089 1957 3367 2015 servitium
3409 1977 3513 2016 non
3543 1977 3727 2017 susce-

2142 2055 2292 2114 ptum
2343 2046 2614 2102 internum
2659 2051 2947 2105 conturbat
2995 2067 3268 2117 amorem,
3319 2063 3371 2108 et
3419 2069 3574 2108 amor
3617 2054 3726 2124 ipse

2143 2135 2305 2189 nimis
2331 2151 2472 2205 aegre
2495 2138 2699 2207 patitur
2721 2138 2879 2194 officii
2907 2142 3314 2210 inmensionem.
3343 2142 3502 2209 Quid,
3531 2141 3724 2214 inquit,

2145 2227 2273 2280 mihi
2324 2229 2561 2297 proderit
2597 2229 2753 2300 hujus
2792 2232 2944 2286 bona:
2985 2233 3214 2288 actionis
3248 2235 3561 2305 concepisse
3600 2233 3728 2289 affe-

2143 2329 2308 2384 ctum,
2328 2319 2424 2388 qui
2445 2321 2510 2373 ad
2535 2327 2641 2374 tam
2664 2322 2871 2376 tristem
2891 2325 3235 2379 conscientiae
3256 2327 3427 2394 vergit
3443 2325 3730 2380 effectum?

2144 2407 2250 2463 Sed
2297 2412 2586 2480 petendum
2628 2424 2712 2466 est
2753 2413 3241 2471 intellectualitatis
3283 2413 3602 2482 oraculum,
3639 2412 3730 2470 ubi

2141 2501 2485 2555 Consulamus
2516 2501 2822 2558 Dominum.

2215 2591 2378 2648 Vens.
2411 2592 2505 2658 25,
2539 2593 2632 2658 24,
2657 2593 2750 2648 25.
2774 2625 2845 2635 —
2874 2594 3007 2650 Duo:
3029 2611 3164 2650 enim
3191 2606 3365 2666 gentes
3395 2597 3448 2651 in
3472 2605 3620 2651 utero
3643 2606 3733 2651 tuo

2141 2695 2282 2746 sunt,
2315 2694 2362 2738 et
2397 2686 2502 2740 duo
2542 2686 2722 2756 populi
2758 2703 2821 2742 ea:
2858 2699 3034 2743 ventre
3074 2701 3162 2742 tuo
3195 2690 3524 2755 dividentur,
3563 2706 3734 2759 popu-

2142 2776 2322 2846 lusque
2365 2777 2615 2847 populant
2659 2781 2952 2848 superabit,
2987 2792 3034 2834 et
3077 2781 3248 2851 major
3290 2783 3472 2836 serviet
3517 2782 3731 2835 minori.

2144 2867 2247 2933 Qui
2283 2869 2428 2938 prior
2457 2885 2692 2938 egressus
2721 2882 2815 2936 est,
2853 2873 3004 2942 rufus
3047 2883 3180 2938 erat,
3212 2883 3259 2927 et
3284 2881 3422 2927 totus
3452 2875 3506 2927 in
3537 2889 3736 2926 morem

2140 2957 2291 3027 pellis
2343 2959 2598 3030 hispidus.
2667 2960 3016 3032 Vocatumque
3058 2975 3131 3017 est
3176 2981 3360 3018 nomen
3406 2965 3519 3034 ejus
3565 2965 3736 3018 Esau.

2145 3046 2394 3102 Protinus
2416 3050 2550 3104 alter
2571 3053 2839 3121 egrediens
2865 3053 3102 3122 plantam
3122 3054 3303 3123 fratris
3323 3056 3529 3108 tenebat
3550 3072 3735 3117 manu,

2141 3148 2188 3190 et
2237 3140 2433 3194 idcirco
2475 3142 2751 3210 appellarit
2785 3161 2972 3198 nomen
3011 3145 3122 3214 ejus
3163 3145 3350 3200 Jacob.
3399 3145 3533 3201 Dure
3562 3159 3742 3217 gentes

2143 3230 2369 3299 patienti
2421 3233 2616 3287 animm
2665 3236 2716 3286 in
2765 3234 3111 3290 conscientia:
3158 3246 3305 3290 utero
3348 3247 3500 3302 sunt,
3553 3238 3742 3292 carnis

2145 3322 2357 3378 scilicet
2397 3326 2696 3393 cogitatus,
2729 3336 2783 3380 et
2817 3328 3128 3396 spirituales
3172 3329 3400 3384 rationis
3436 3338 3651 3396 motus,
3694 3341 3743 3385 et

2141 3429 2205 3468 ex
2245 3426 2438 3481 ventre,
2486 3416 2538 3471 id
2577 3425 2690 3486 est,
2737 3417 2973 3472 humana
3026 3417 3348 3490 fragilitate,
3385 3421 3492 3475 duo
3535 3435 3744 3488 genera

2142 3508 2477 3575 appetituum
2533 3509 2635 3563 sibi
2698 3509 2928 3564 invicem
2982 3510 3364 3576 infensorum,
3423 3511 3744 3566 conditione

2147 3599 2620 3668 corruptibilitatis
2673 3595 2896 3656 unitatis
2946 3610 3145 3656 statum
3191 3602 3556 3680 praepediente
3606 3618 3742 3657 con—

2141 3700 2384 3760 surgent,
2415 3692 2506 3745 scd
2536 3692 2759 3762 populus
2792 3694 3040 3764 populum
3069 3703 3308 3764 superat,
3330 3694 3618 3763 majorque
3640 3696 3742 3747 mi-

2144 3784 2261 3835 nori
2307 3783 2508 3847 servit,
2571 3785 2697 3838 dum
2753 3786 3058 3839 animalitas
3098 3801 3216 3854 quae
3258 3786 3435 3856 primo
3486 3785 3537 3839 in
3588 3786 3743 3840 omni

2141 3873 2357 3928 homine
2386 3884 2603 3944 regnat;
2646 3875 2794 3944 prius
2827 3877 2994 3941 enim,
3029 3877 3180 3946 juxta
3215 3876 3554 3946 Apostolutn,
3591 3878 3743 3946 quod

2142 3964 2396 4028 animale,
2431 3965 2755 4034 dentiumque
2786 3967 2928 4035 quod
2957 3967 3238 4036 spirituale
3269 3966 3318 4037 (I
3345 3966 3468 4020 Cor.
3499 3982 3592 4030 xv,
3624 3967 3744 4038 46},

2142 4055 2546 4125 Spiritualitatis
2592 4065 2648 4110 ut
2703 4057 2922 4128 (lignum
2970 4067 3054 4112 est
3106 4057 3336 4128 imperio
3388 4057 3743 4127 subjugatur.

2141 4145 2258 4199 Noli
2310 4161 2464 4216 ergo,
2518 4146 2714 4215 inquit,
2767 4162 2931 4216 penes
2980 4158 3031 4202 te
3081 4148 3318 4213 turbari,
3367 4146 3410 4202 si
3457 4147 3744 4217 patientiae

2139 4238 2362 4310 prasmio
2387 4240 2466 4293 vis
2488 4237 2756 4293 coronari.
2791 4238 2893 4304 Qui
2922 4240 3068 4308 prior
3090 4240 3386 4310 egreditur,
3421 4237 3577 4307 rufus
3599 4249 3742 4303 erat,

2137 4333 2264 4402 quia
2297 4333 2340 4386 is
2369 4331 2462 4401 qui
2496 4332 2746 4401 primitus
2775 4331 2825 4385 in
2854 4332 3006 4385 nobis
3031 4342 3253 4401 apparet
3283 4340 3482 4393 motus,
3511 4346 3580 4385 ex
3613 4348 3741 4402 pas-

2138 4425 2291 4480 sione
2321 4425 2713 4479 dcsideriorum
2742 4427 2984 4488 veniens,
3014 4425 3166 4493 quasi
3197 4441 3262 4480 ex
3291 4425 3494 4488 carnis,
3521 4434 3581 4479 et
3609 4440 3741 4479 san-

448 4525 614 4580 animi
649 4525 883 4580 motibus
906 4541 935 4579 a
968 4541 1063 4580 sua
1094 4527 1412 4598 evagatione
1443 4530 1692 4597 reversis,
1722 4531 1932 4600 sibique
1958 4532 2024 4586 ad
2058 4555 2102 4608 ι)
2138 4517 2316 4590 guinis
2371 4515 2579 4588 οτίὲίηο
2635 4527 2718 4572 εει
2745 4557 2759 4582 ν
2817 4517 3384 4586 ςοιιειψῑδοοιιιῑειιίιοι*
3424 4516 3741 4574 ﬂammeus-

447 4616 804 4670 securandum
824 4617 1183 4687 praesentibus
1207 4634 1236 4671 a
1261 4616 1462 4674 forensi
1485 4619 1836 4676 distractione
1859 4631 2024 4692 atque

448 4710 663 4779 negotio
690 4710 844 4765 beate
888 4711 1092 4766 interit.
1126 4711 1279 4768 Unde
1309 4722 1362 4768 et
1389 4716 1635 4786 superius
1664 4718 1896 4786 primum
1929 4719 2026 4772 de-

448 4799 678 4866 fecisse,
730 4803 1071 4872 postmodum
1120 4814 1364 4860 mortuus
1414 4807 1580 4862 fuisse
1629 4808 1862 4874 dicitur;
1921 4810 2024 4864 nisi

446 4893 589 4947 enim
629 4893 823 4948 lsmael
871 4903 1097 4949 terrente
1126 4913 1191 4951 cx
1225 4907 1334 4952 toto
1373 4897 1741 4952 alfeetualitati
1776 4898 2023 4964 deﬁciat,

446 4987 653 5056 peccati
683 4983 965 5041 effectibus
986 4993 1254 5057 quomodo
1285 4993 1418 5045 mori
1440 4993 1505 5044 ad
1539 4993 1809 5061 integrum
1841 4991 2028 5060 queat?

515 5077 646 5145 Quae
698 5087 996 5146 sequuntur
1048 5079 1236 5149 (Vens.
1290 5081 1499 5149 18-22),
1553 5080 1688 5134 alias
1726 5081 1838 5149 jam
1883 5078 2027 5133 dicta

450 5179 591 5234 sunt,
618 5181 846 5238 excepto
875 5171 1017 5240 quod
1039 5173 1390 5241 quadraginta
1414 5187 1674 5225 annorum
1709 5171 1856 5226 Isaac
1878 5171 2030 5225 duxit

448 5260 774 5324 llebcccam,
798 5276 892 5330 per
921 5263 1166 5330 Decalegi
1197 5262 1447 5316 videlicet
1476 5261 1860 5330 impletionem,
1884 5276 2030 5314 sum-

447 5367 588 5405 mam
613 5349 916 5419 Evangelii,
934 5354 1077 5421 quod
1109 5353 1458 5421 quaternario
1485 5353 1728 5422 signatur
1755 5355 2029 5424 attingens

447 5443 512 5496 ad
547 5440 825 5512 patientiae
853 5444 1167 5511 amplexus,
1204 5445 1348 5512 quod
1386 5453 1468 5499 est
1501 5444 1846 5513 perfectionis
1873 5445 2029 5501 fasti-

445 5532 591 5601 gium
651 5529 890 5584 devenit.
948 5530 1368 5602 Deprecatusque
1416 5544 1488 5588 est
1541 5533 1696 5588 Isaac
1750 5534 2030 5590 Dominum

443 5637 537 5689 pro
581 5634 741 5673 uxore
779 5635 897 5682 sua,
945 5637 1004 5673 eo
1045 5623 1182 5689 quod
1220 5633 1348 5676 esset
1393 5623 1615 5688 sterilis;
1645 5626 1733 5696 qui
1771 5628 2029 5681 exaudivit

451 5727 583 5771 sunt,
626 5719 674 5762 et
705 5709 847 5761 dedit
879 5726 1178 5782 conceptum
1213 5712 1486 5780 Rebeccw,
1527 5717 1616 5770 sed
1651 5715 2032 5770 collidebantur

445 5807 497 5852 tn
524 5811 669 5854 utero
699 5797 814 5866 ejus
843 5803 1070 5868 parvuli.
1113 5804 1244 5869 Qute
1271 5808 1384 5860 ait:
1424 5808 1484 5863 Si
1515 5810 1590 5864 sic
1628 5810 1756 5864 milii
1793 5807 2030 5877 futurum

2131 4611 2179 4665 ls
2215 4609 2358 4664 enim
2389 4608 2536 4663 color
2564 4617 2611 4661 et
2655 4609 2826 4679 ignis,
2864 4619 2916 4662 et
2948 4609 3230 4676 sanguinis
3273 4608 3508 4678 speciem
3543 4609 3741 4674 habet,

2129 4699 2272 4755 unde
2312 4708 2365 4754 et
2409 4707 2598 4752 aestum
2649 4699 3100 4767 concupiscentia
3143 4698 3376 4753 carnalis
3416 4695 3725 4767 significat.

2131 4791 2198 4844 In
2227 4807 2420 4844 morem
2445 4789 2592 4859 pellis
2618 4797 2700 4842 est
2731 4789 2987 4858 hispidus,
3016 4791 3138 4844 dum
3166 4789 3460 4858 asperitate
3495 4789 3737 4843 influen—

2134 4882 2268 4935 tium
2301 4879 2767 4951 superfluarutnve
2791 4880 3180 4950 cogitationum
3215 4878 3370 4949 102
3395 4895 3458 4934 ac
3481 4893 3738 4934 mutuum

2132 4987 2346 5041 semper
2393 4981 2478 5026 est
2526 4970 2800 5027 horridus.
2837 4971 2941 5026 Per
2987 4973 3179 5042 pellem
3231 4988 3362 5028 vero
3401 4975 3737 5028 memoriam

2131 5077 2420 5133 possumus
2455 5062 2784 5132 intelligere,
2815 5079 2935 5132 qua:
2971 5063 3219 5118 animalis
3249 5062 3360 5131 jam
3396 5064 3601 5118 mortui
3645 5080 3736 5119 re-

2132 5156 2480 5226 prtesentatio
2528 5166 2651 5221 est;
2711 5156 2969 5210 memoria
3020 5173 3148 5226 ergo
3201 5165 3381 5210 nostra
3429 5165 3508 5210 tot
3557 5157 3738 5211 aflluit

2137 5250 2448 5305 incursibus
2503 5252 2950 5321 suggestionum,
3010 5260 3208 5320 quanta
3266 5249 3422 5318 pellis
3469 5250 3736 5317 qua-libet

2136 5343 2402 5399 densitate
2451 5345 2706 5413 pilorum.
2757 5343 2897 5396 Esau
2941 5344 3140 5396 dicitur
3187 5359 3401 5396 acervus
3442 5342 3737 5411 lapidum;

2133 5435 2426 5492 carnalitas
2475 5437 2658 5505 itaque
2705 5447 2888 5490 nostra
2932 5450 3159 5488 acervus
3199 5433 3434 5504 lapidum
3472 5444 3735 5497 vocatur,

2134 5532 2260 5586 dum
2287 5531 2515 5600 pondus,
2534 5539 2588 5584 et
2616 5529 2812 5584 duritia
2837 5528 3221 5598 spiritualium,
3245 5526 3736 5597 corporaliumque

2135 5625 2366 5696 pestium
2417 5623 2784 5678 indesinenter
2831 5623 2881 5675 iu
2932 5621 3078 5674 illam
3127 5621 3466 5690 congeritur,
3502 5629 3566 5672 ut
3607 5620 3734 5687 jam

2138 5720 2224 5772 vix
2253 5718 2318 5772 ad
2352 5731 2584 5787 superna
2615 5715 2901 5786 qurercuda
2928 5715 3164 5779 levetur;
3196 5714 3288 5768 sed
3315 5713 3558 5784 protinus
3589 5713 3738 5767 alter

2136 5811 2436 5877 egreditur,
2492 5809 2582 5878 qui
2631 5807 2864 5878 plantam
2909 5805 3090 5874 fratris
3136 5821 3294 5859 manu
3339 5811 3542 5869 teneat,
3593 5803 3734 5860 dum

3953 446 3957 700 ι

3955 707 3959 960 ι

3957 990 3961 1192 l
