3978 6332
188 383 278 442 1ῡῖ

1156 370 1520 435 MORALIUM
1555 372 1623 429 1N
1662 370 1955 429 GENESIN
1994 369 2122 425 LIB.
2171 368 2277 426 νη.

3324 382 3422 440 198

182 496 460 571 apii-"uatis
505 496 856 567 subsequiwr
897 491 1062 558 zelus,
1116 492 1209 561 qui
1257 491 1517 560 plantam,
1566 487 1616 542 id
1659 494 1742 541 est
1769 489 1819 548 Α
1847 483 2060 537 duritiae
2097 483 2330 539 carnalis
2365 484 2528 540 sentit
2562 486 2788 540 emollit.
2822 486 2968 542 Esau
2999 489 3064 544 de
3094 507 3221 561 agro
3251 493 3424 553 lassus

182 588 523 643 intentionem
555 589 708 658 pravi
737 584 1007 646 desiderii,
1038 598 1157 652 quae
1185 582 1341 651 quasi
1366 580 1584 650 quidam
1623 578 1744 632 finis

184 687 233 732 et
261 678 540 746 cogitatus,
571 686 627 732 et
654 677 831 747 Operis
856 686 961 738 est,
993 673 1309 728 fortitudine
1342 670 1567 725 rationis
1593 684 1746 724 ever-

184 777 269 823 tat.
299 767 463 822 Jacob
508 768 724 837 itaque,
788 767 841 821 id
877 773 960 820 est
994 762 1439 834 supplantatorem
1483 759 1742 829 patientia

184 862 316 917 hunc
360 868 535 912 mater
578 857 842 927 appellat,
874 855 966 926 qui
1010 855 1254 924 profecto
1295 850 1557 921 quidquid
1603 862 1744 902 maia

185 951 546 1022 praestolamur
584 950 878 1004 intentione
913 946 1195 1002 subducat.
1233 944 1348 999 Hoc
1375 951 1459 997 est
1495 941 1637 1011 quod
1668 938 1746 995 le.

185 1044 331 1115 gitur,
362 1041 500 1095 Caro
532 1042 851 1110 concupiscit
881 1040 1127 1093 adversus
1154 1037 1428 1108 spiritum,
1458 1044 1505 1089 et
1529 1034 1744 1104 spiritus

184 1136 409 1187 adversus
431 1148 644 1186 carnem
671 1130 813 1201 (Cal.
854 1147 907 1197 v,
944 1130 1054 1201 Π).
1104 1129 1326 1199 Tempus
1355 1137 1563 1198 partus,
1599 1125 1745 1196 quod

185 1223 415 1293 superius
437 1237 538 1276 nos
577 1222 941 1291 praeterierat,
972 1206 1078 1289 quo
1105 1219 1296 1290 gemini
1328 1219 1383 1272 in
1412 1228 1558 1272 utero
1591 1230 1744 1286 repeo

188 1313 379 1367 riuntur
398 1351 412 1375 ,
445 1312 522 1365 nil
559 1311 701 1366 aliud
728 1311 1135 1367 convenientius
1163 1310 1371 1365 aestimo
1398 1324 1561 1378 quam
1600 1308 1747 1377 ipsas

189 1402 491 1458 tentationis
522 1402 832 1469 molestias,
875 1418 994 1473 quae
1027 1402 1243 1472 quidem
1280 1401 1523 1472 geminos
1558 1399 1743 1464 edunt,

185 1492 296 1548 dum
343 1492 580 1563 primum
630 1493 924 1548 carnaliter
986 1492 1623 1564 titillant,'postmodum
1678 1492 1746 1547 ad

187 1584 579 1640 subversionem
618 1584 873 1654 nequitiae
906 1584 1153 1654 spiritum
1183 1583 1337 1653 quasi
1372 1582 1603 1653 pugilem
1631 1582 1744 1636 vir-

191 1676 307 1731 tutis
331 1676 686 1730 exsuscitant.
720 1675 1159 1741 Uterusautem,
1186 1675 1299 1746 ipsa
1327 1690 1435 1747 quo
1468 1676 1583 1731 haec
1603 1674 1744 1730 cele-

183 1767 392 1821 brantur
425 1765 771 1820 conscientiae
803 1766 1148 1821 invisibilitas
1176 1776 1277 1821 est.

1846 574 2013 637 venit,
2048 589 2171 627 cum
2209 575 2262 629 in
2305 576 2531 631 terrenis
2572 577 2797 648 fatigata
2842 586 3071 651 negotiis
3113 585 3421 645 auimalitas

1850 672 2034 719 nostra
2077 665 2146 718 ad
2189 667 2576 722 conscientiam
2620 672 2918 740 spiritualia
2944 674 3333 747 disquirentem
3367 698 3429 738 se

1845 754 2065 825 colligit.
2086 754 2273 810 Coctio
2294 771 2421 812 vero
2443 767 2527 813 est
2547 760 2690 828 rufa,
2714 763 2826 832 ipsa
2849 766 3047 831 carnis,
3072 777 3125 822 ct
3150 775 3429 841 sanguinis

1844 846 2158 916 passionum
2180 847 2438 904 coercitio
2460 849 2662 906 fervida
2683 871 2696 905 :
2716 854 2881 910 rubor
2903 859 3045 913 enim
3074 867 3425 933 sanguineus,

1846 948 1939 993 aut
1961 938 2210 994 carnales
2228 949 2413 1007 aestus,
2439 949 2535 995 aut
2555 953 2833 1010 peccatum
2855 947 3143 1018 significat.
3170 955 3252 1008 Da
3275 960 3425 1021 milii,

1847 1030 2042 1099 inquit,
2077 1031 2142 1085 de
2180 1035 2409 1087 coctione
2440 1032 2593 1101 rufa,
2631 1034 2683 1088 id
2713 1044 2795 1091 est
2823 1052 2988 1093 avara
3020 1044 3149 1098 mihi
3181 1062 3428 1118 excoquc

1849 1122 2144 1188 desideria,
2172 1132 2225 1178 et
2257 1124 2309 1178 in
2340 1124 2476 1180 meis
2506 1140 2594 1181 me
2616 1126 3001 1196 cupiditatibus
3021 1133 3425 1205 lassabundum,

1851 1215 1933 1270 vel
1963 1215 2078 1285 ipsa
2106 1215 2264 1271 famis
2291 1216 2562 1287 pestiferae
2587 1218 2901 1288 depulsione
2925 1235 3210 1295 exsatura;
3236 1230 3304 1285 ob
3328 1232 3432 1287 hoc

1850 1321 2086 1375 namque
2116 1307 2285 1363 Edoni
2314 1318 2499 1365 noster
2524 1320 2747 1366 vocatur
2768 1311 3015 1381 affectus,
3043 1318 3169 1386 quia
3202 1325 3431 1378 terrenis

1850 1398 2221 1454 indesinenter
2264 1412 2587 1472 angustatur
2625 1407 2986 1474 passionibus.
3033 1408 3200 1465 Edoni
3239 1428 3434 1484 nempe

1850 1490 2051 1545 dicitur
2091 1504 2347 1560 terrenus,
2395 1495 2478 1550 vel
2527 1500 2866 1568 sanguineus.
2928 1499 3134 1569 Vende,
3171 1504 3265 1571 ait,
3307 1509 3434 1562 mihi

1849 1583 2219 1653 primogenita,
2267 1600 2335 1639 ne
2384 1587 2594 1643 scilicet
2646 1590 2875 1646 ulterius
2912 1593 2966 1646 in
3019 1596 3155 1651 meis
3198 1597 3435 1667 aliquem

1852 1674 2097 1729 moribus
2134 1676 2427 1745 primatum
2469 1680 2695 1750 privatae
2741 1685 3024 1754 potestatis
3062 1704 3295 1761 usurpa.
3339 1693 3433 1746 sed

1854 1766 2016 1836 regiae
2062 1766 2361 1836 nxajcstatis
2405 1770 2634 1842 imperio
2686 1775 2883 1831 cedens
2929 1779 3327 1847 spiritualitatis
3384 1794 3436 1841 te

246 1855 398 1910 Vsus.
420 1854 510 1920 26,
529 1854 1198 1926 27,28.—Sexagenarius
1214 1866 1324 1910 erat
1345 1856 1521 1921 Isaae,
1538 1857 1749 1927 quando
1780 1848 1824 1903 Β
1851 1857 2005 1926 sequi
2044 1860 2296 1929 protiterc
2323 1864 2569 1934 vestigia.
2606 1864 2745 1931 Quid
2776 1869 2904 1921 mihi
2923 1909 2937 1935 ,
2969 1870 3163 1940 inquit,
3201 1876 3434 1931 carnalis

188 1946 283 1999 nati
302 1956 413 1999 sunt
444 1946 492 2001 ei
508 1945 736 2016 parvuli.
766 1945 968 2011 Quibus
997 1946 1190 2001 adultis
1217 1946 1386 2015 factus
1403 1958 1475 2002 est
1503 1947 1649 2002 Esau
1672 1951 1750 2003 vir

190 2053 365 2106 gnarus
391 2037 639 2103 venandi,
679 2045 728 2090 et
766 2038 923 2091 homo
961 2038 1216 2107 agricola.
1256 2038 1422 2093 Jacob
1461 2049 1631 2094 autem
1671 2039 1751 2093 vir

190 2130 391 2197 simplex
418 2128 684 2182 habitabat
714 2128 768 2183 in
800 2128 1168 2184 tabernaculis.

262 2216 405 2272 Isaac
438 2217 645 2272 amabat
689 2216 855 2281 Esau,
894 2235 953 2273 eo
982 2219 1124 2289 quod
1152 2220 1216 2274 de
1252 2221 1607 2276 venationibus
1635 2222 1751 2291 ejus

193 2318 483 2373 vesceretur,
537 2318 587 2364 et
640 2308 873 2366 Rebecca
923 2310 1170 2383 diligebat
1208 2312 1394 2369 Iacob.
1448 2315 1753 2370 Nascuntur

191 2397 334 2451 nobis
375 2399 604 2465 parvuli,
634 2414 756 2455 cum
795 2401 862 2457 ad
898 2401 1115 2472 plenum
1155 2404 1208 2457 in
1256 2404 1454 2475 praeliis
1497 2407 1752 2463 vitiorum

186 2488 469 2543 exercitatae
532 2492 777 2546 carnalia
829 2507 894 2548 ac
940 2495 1239 2563 spiritualia
1291 2512 1518 2568 quaeque
1568 2508 1754 2570 patent

185 2574 475 2632 discretioui
507 2590 725 2635 nostrae.
744 2580 893 2636 Isaac
916 2585 1270 2654 sexagenario
1290 2597 1602 2653 nascuntur,
1628 2604 1749 2644 cum

189 2667 288 2735 spei
312 2677 504 2724 nostrae
530 2687 627 2741 per
650 2672 860 2743 integra
889 2674 1113 2743 perfecti
1146 2677 1379 2732 hominis
1401 2693 1585 2749 opera,
1611 2681 1754 2751 quod

188 2760 528 2828 sexagenario
566 2761 842 2832 signatur,
872 2766 1123 2834 supernis
1151 2767 1359 2837 gaudiis
1385 2768 1499 2839 jam
1535 2769 1754 2826 intentae

189 2847 373 2903 utiliter
421 2850 539 2906 haec
586 2860 1013 2922 temperamenta
1066 2857 1132 2911 ad
1178 2858 1510 2927 probationis
1551 2859 1755 2915 scilicet

190 2939 388 3009 gloriam
410 2943 791 3000 suboriuntur.
810 2945 1028 3001 Parvuli
1049 2956 1175 3004 tunc
1195 2950 1435 3016 adolent,
1457 2966 1579 3006 cum
1605 2962 1756 3021 tepor

191 3033 528 3103 suggestionis
549 3035 616 3090 ad
631 3036 866 3092 calorem
884 3039 1063 3093 nimiae
1078 3042 1382 3110 prorumpit
1404 3044 1748 3099 invectionis:

192 3121 271 3175 sed
310 3132 483 3180 tamen
532 3126 578 3180 si
619 3126 913 3184 carnalitas
956 3127 1147 3197 fervet,
1192 3132 1490 3202 spiritualis
1534 3150 1754 3191 necesse

190 3220 257 3267 est
315 3213 548 3284 impetus
589 3225 646 3271 ut
688 3228 876 3273 contra
919 3221 1197 3278 ardentius
1221 3200 1433 3281 ardere
1478 3242 1750 3297 nunquam
1782 3200 1823 3257 Ο

191 3313 359 3359 cesset.
407 3306 630 3363 Parvuli
679 3324 807 3365 sane
850 3311 990 3367 alter
1036 3314 1241 3379 bonus,
1282 3316 1455 3372 malus
1498 3318 1656 3383 alter,
1699 3329 1754 3374 et

192 3406 410 3470 uterque,
448 3403 495 3456 si
528 3402 792 3471 velimus,
824 3406 1018 3461 bonus.
1059 3407 1213 3464 Unde
1239 3416 1294 3464 et
1328 3409 1496 3476 Esau,
1524 3413 1602 3465 vir
1628 3412 1755 3468 licet

187 3507 365 3560 gnarus
388 3495 614 3549 venandi
637 3496 730 3563 sit,
760 3497 1014 3569 homoque
1034 3499 1288 3570 agricola,
1322 3509 1498 3556 tamen
1521 3501 1589 3557 ab
1605 3502 1755 3559 lsaac

197 3581 436 3653 diligitur,
492 3602 553 3639 eo
585 3587 725 3653 quod
764 3589 830 3643 de
874 3590 988 3659 ejus
1032 3590 1391 3645 venationibus
1434 3604 1751 3660 vesceretur;

195 3687 399 3734 venator
424 3679 598 3734 multo
626 3695 728 3737 suo
751 3690 875 3737 actu
904 3683 977 3737 nil
1008 3683 1151 3739 aliud
1175 3698 1334 3753 quam
1363 3699 1583 3741 carnem
1609 3703 1755 3758 quae-

192 3765 271 3821 rit.
298 3770 544 3841 Agricola
564 3812 578 3838 ,
608 3788 730 3827 eum
775 3782 980 3829 terram
1018 3783 1299 3840 exerceat,
1331 3773 1536 3847 frugem
1576 3787 1752 3832 tamen

194 3861 357 3932 exigit.
402 3863 546 3918 Esau
578 3865 781 3936 itaque,
820 3866 870 3920 id
903 3874 986 3921 est
1020 3867 1200 3922 carnis
1238 3866 1461 3923 allectus
1488 3868 1601 3923 sola
1631 3884 1754 3924 cor-

190 3955 319 4023 poris
364 3956 637 4012 desideria
692 3959 907 4027 quaerit,
953 3960 1049 4013 sed
1102 3969 1280 4015 tamen
1327 3960 1502 4015 instar
1541 3971 1597 4016 et
1641 3962 1755 4030 ipse

194 4045 419 4113 agricolae
464 4063 587 4103 cum
615 4049 797 4104 carnis
837 4060 1038 4105 terram
1080 4050 1261 4106 multis
1296 4061 1419 4123 agat
1450 4051 1750 4118 laboribus,

193 4150 393 4206 magnos
427 4139 623 4195 rationi
651 4149 849 4195 nostrae
880 4142 946 4196 ad
968 4157 1197 4213 superna
1231 4145 1576 4213 respectanti,
1605 4153 1658 4199 et
1688 4146 1754 4200 ad

198 4227 284 4281 ista
324 4233 585 4302 pugnanti
629 4248 838 4303 magnae
875 4236 1182 4289 saturitatis
1224 4236 1420 4306 ingerit
1460 4246 1647 4308 gustus
1686 4253 1753 4291 ex

197 4318 517 4376 victoriarum
545 4324 916 4394 proventibus.
939 4326 1103 4380 Jacob
1141 4330 1219 4381 vir
1238 4327 1458 4396 simplex
1486 4328 1626 4382 domi
1654 4329 1751 4381 ha-

197 4408 331 4479 bitat,
375 4429 534 4483 quem
585 4414 830 4472 Rebecca
876 4417 956 4472 vel
1007 4418 1118 4487 ipsa
1165 4427 1329 4483 amat,
1376 4419 1501 4473 dum
1541 4418 1754 4474 animus

194 4503 531 4575 simplicitati,
569 4508 621 4562 id
652 4518 737 4564 est
764 4509 955 4563 unitati
988 4511 1184 4564 mentis
1216 4511 1306 4564 uni
1343 4525 1555 4577 vacare,
1587 4526 1750 4565 unum
1782 4537 1829 4595 ο

198 4597 413 4663 gaudens
457 4600 701 4670 cogitare
746 4602 995 4667 intendit,
1044 4611 1098 4657 et
1128 4603 1272 4657 domi
1311 4603 1581 4668 habitans,
1622 4618 1749 4657 con-

202 4688 416 4746 scientia:
467 4694 656 4763 utique
708 4694 1008 4764 imperans,
1057 4711 1086 4748 a
1132 4694 1389 4763 patientia
1442 4694 1752 4748 humanitus

197 4779 437 4851 diligitur,
482 4799 602 4854 quae
647 4786 803 4855 quasi
851 4786 1185 4842 muliebriter
1215 4785 1282 4839 de
1318 4786 1534 4856 propria
1575 4786 1753 4855 quiete

199 4870 416 4941 laetatur,
456 4877 587 4931 dum
618 4875 785 4933 Jaeob
818 4877 1134 4947 simpliciter
1166 4878 1434 4942 stabilito,
1468 4878 1613 4932 nullo
1643 4887 1752 4931 tur-

200 4962 311 5020 bine
335 4967 554 5024 interius
582 4969 953 5039 propulsatur,
986 4970 1112 5024 dum
1141 4972 1317 5025 minus
1344 4969 1588 5040 providet
1610 4983 1755 5039 quan-

199 5070 309 5111 nam
337 5060 534 5115 utilitas
558 5075 625 5116 ex
660 5062 953 5115 tentatione
982 5069 1253 5116 nascatur.

259 5148 403 5206 Vsus.
428 5153 515 5217 29,
539 5153 629 5219 30,
656 5153 743 5207 31.
763 5183 830 5192 ——
846 5152 997 5207 Coxit
1018 5163 1189 5207 autent
1214 5151 1379 5206 Iacob
1395 5151 1752 5222 pulmentum;

198 5240 257 5291 ad
283 5258 416 5310 quem
452 5261 568 5297 cum
603 5245 819 5298 venisset
854 5243 997 5298 Esau
1035 5244 1099 5297 de
1138 5261 1265 5311 agro
1305 5244 1497 5309 lassus,
1526 5245 1642 5297 ait:
1672 5245 1751 5299 Da

201 5332 310 5383 inihi
339 5335 396 5389 de
432 5338 664 5390 coctione
702 5337 801 5389 hac
839 5336 979 5406 rufa,
1015 5335 1136 5405 quia
1176 5336 1364 5403 oppido
1402 5335 1573 5390 lassus
1613 5354 1753 5407 sum.

202 5421 350 5485 Quam
396 5430 456 5481 ob
508 5444 724 5482 causam
762 5437 999 5481 vocatum
1051 5437 1125 5481 est
1173 5443 1357 5480 nomen
1395 5429 1509 5497 ejus
1557 5424 1750 5481 Edoni.

208 5511 361 5571 Vende
394 5520 517 5573 milii
555 5521 900 5589 primogenita
936 5529 1048 5585 tua,
1088 5520 1273 5590 inquit.
1318 5517 1415 5572 Cui
1452 5519 1636 5573 Esau:
1670 5517 1752 5571 En

203 5610 413 5674 morior;
462 5612 585 5681 quid
633 5611 762 5664 mihi
807 5612 1087 5679 proderunt
1140 5612 1483 5681 primogenita
1521 5611 1546 5664 .9
1586 5610 1749 5664 Jacob

205 5697 494 5761 pulmentum
542 5703 746 5771 coquit,
800 5702 925 5757 dum
981 5701 1278 5772 spiritualis
1319 5703 1471 5772 vigor
1510 5701 1750 5757 scientiae

208 5787 393 5858 aliquis,
427 5804 480 5850 et
514 5794 713 5851 divinae
753 5793 871 5852 loco
900 5795 1184 5850 charitatis
1212 5795 1470 5865 quidquid
1511 5793 1650 5867 apud
1682 5808 1741 5849 sc

1852 1948 2111 2017 affectus,
2155 1954 2335 2021 prodit
2382 1965 2573 2011 contra
2615 1960 2881 2015 rationem
2932 1977 3097 2032 prava
3144 1966 3321 2022 moliri
3370 1985 3435 2025 ac

1853 2041 2073 2114 indigna
2110 2044 2383 2113 dominia,
2422 2063 2545 2104 cum
2585 2050 2661 2105 nil
2708 2052 2839 2107 mihi
2881 2068 2946 2109 ex
2992 2056 3096 2112 hoc
3134 2059 3433 2128 acquiram,

1852 2134 1956 2189 nisi
1987 2138 2179 2192 mortis
2218 2146 2433 2194 aeternae
2476 2140 2754 2211 dispendia
2785 2145 2808 2197 ?
2843 2144 3032 2217 (Vens.
3070 2149 3161 2214 53,
3201 2151 3316 2224 54.)
3349 2154 3436 2209 Ait

1853 2225 2024 2281 Jacob
2047 2242 2067 2281 .'
2089 2230 2225 2285 Jura
2255 2248 2376 2301 ergo
2405 2232 2552 2288 milii.
2573 2234 2782 2289 .luravit
2806 2235 2975 2304 Esau,
2998 2249 3047 2294 et
3071 2242 3301 2297 vendidit
3326 2246 3438 2315 pri-

1854 2321 2134 2387 mogenita.
2160 2318 2228 2374 Et
2255 2323 2331 2376 sic
2358 2333 2568 2393 accepto
2593 2341 2728 2393 pane
2750 2335 2799 2380 et
2824 2326 2973 2382 lentis
2993 2330 3167 2385 edulio
3188 2334 3434 2399 comedit,

1853 2420 1901 2464 et
1932 2410 2053 2465 bibit
2080 2422 2126 2466 et
2151 2413 2296 2477 abiit,
2322 2416 2697 2485 parvipendens
2727 2419 2865 2487 quod
2887 2421 3229 2492 primogenita
3254 2428 3434 2480 vendi-

1853 2503 2010 2557 derit.
2040 2503 2196 2559 Jurat
2224 2505 2370 2560 Esau
2403 2508 2686 2563 vendendo
2703 2510 3070 2581 primogenita,
3099 2515 3224 2569 dum
3253 2516 3319 2571 ad
3341 2516 3433 2585 jus

1856 2596 2345 2669 rectitudinemque
2377 2614 2436 2655 se
2457 2600 2667 2655 confert
2694 2602 2876 2658 carnis
2905 2606 3189 2675 appetitus,
3214 2618 3438 2678 accepto

1857 2688 2155 2757 spiritualis
2177 2690 2444 2746 libertatis
2468 2692 2663 2762 pretio,
2687 2694 2875 2750 subter
2896 2697 3123 2753 rationis
3142 2714 3262 2756 sese
3285 2716 3436 2756 man-

1855 2780 2085 2850 cipando
2114 2783 2392 2853 regimina.
2418 2784 2619 2838 Panem
2645 2800 2774 2856 ergo
2804 2797 2930 2842 tunc
2952 2790 3169 2859 accipit,
3191 2804 3246 2847 et
3279 2792 3439 2848 lentis

1858 2874 2119 2939 edulium,
2152 2890 2274 2930 cum
2314 2885 2435 2945 post
2461 2876 2702 2932 avaritiae
2741 2876 2940 2933 famem
2982 2896 3120 2949 pane
3158 2884 3439 2941 charitatis

1859 2965 2124 3032 reficitur,
2148 2976 2203 3021 et
2228 2968 2540 3039 passionum
2565 2969 2891 3036 carnalium,
2915 2988 3034 3040 quae
3057 2973 3217 3030 lentis
3243 2977 3439 3032 rubore

1857 3058 2143 3129 signantur
2163 3099 2177 3124 ,
2208 3061 2620 3130 consumptione
2647 3062 2944 3132 saginatur.
2976 3063 3207 3119 Comedit
3238 3068 3437 3138 itaque,

1860 3150 1911 3206 id
1943 3160 2028 3207 est
2059 3151 2187 3206 forti
2221 3153 2483 3223 quidquid
2522 3154 2574 3207 in
2610 3169 2668 3209 se
2707 3155 2868 3210 noxie
2908 3156 3100 3211 durum
3128 3169 3213 3213 est
3238 3160 3442 3215 discre-

1858 3246 2022 3300 tionis
2052 3245 2237 3299 atterit
2266 3246 2463 3310 dente;
2498 3246 2655 3310 bibit,
2689 3247 2884 3316 poculo
2913 3249 3118 3304 scilicet
3146 3252 3441 3319 spiritualis

1856 3340 2073 3410 gratiae;
2118 3340 2250 3402 ahit,
2293 3339 2492 3393 virtute
2534 3339 2720 3408 utique
2766 3340 3002 3408 prolicit,
3052 3349 3108 3397 et
3148 3343 3438 3413 primatum

1859 3432 2108 3503 nequitiae
2131 3430 2397 3503 spirituali
2434 3431 2657 3486 servitio
2684 3433 2978 3501 postponit.

2316 3563 2470 3634 103
2510 3563 2737 3619 CAPUT
2788 3563 2975 3621 x-xvt.

1927 3676 2090 3732 Vens.
2118 3677 2169 3744 l,
2210 3675 2262 3730 2.
2287 3708 2356 3717 —
2383 3672 2512 3732 Orta
2538 3687 2713 3732 autem
2747 3680 2887 3748 [ame
2912 3697 3069 3750 super
3095 3690 3438 3755 terram,post

1856 3787 1969 3824 eam
2000 3771 2325 3825 sterilitatem
2349 3788 2467 3842 qua:
2497 3772 2758 3825 acciderat
2786 3772 2839 3825 in
2858 3773 3038 3827 diebus
3054 3776 3298 3844 Abrahae,
3313 3780 3437 3833 abiit

1856 3862 1925 3915 ad
1954 3862 2248 3917 Abintelech
2283 3879 2450 3932 regem
2483 3859 2893 3917 Pala’stinorum
2928 3864 2981 3918 in
3015 3863 3237 3921 Gerara.
3263 3868 3436 3940 Appa-

1857 3955 2063 4024 ruitque
2094 3954 2142 4009 ei
2179 3953 2469 4020 Dominus,
2508 3963 2556 4008 et
2585 3954 2658 4008 ait
2688 3968 2707 4006 :
2744 3953 2828 4009 Ne
2867 3955 3151 4013 descendas
3186 3959 3239 4013 in
3272 3960 3437 4031 digg-

1854 4056 2022 4119 ptum.
2072 4044 2264 4101 Fames
2311 4062 2467 4116 super
2512 4056 2703 4101 terram
2746 4058 2863 4116 post
2888 4048 3217 4106 sterilitatem
3258 4052 3438 4108 diebus

1857 4140 2081 4193 Abrahw
2108 4139 2304 4193 factam
2330 4138 2525 4203 oritur,
2559 4153 2682 4193 cum
2711 4138 2907 4193 divinae
2939 4154 3101 4210 sapor
3141 4142 3440 4204 dulcedinis

1856 4229 2350 4299 addeprimendam
2387 4228 2721 4283 tcrrenitatis
2771 4238 2977 4284 nostrae
3034 4233 3343 4302 superbiam
3371 4253 3437 4293 ex

1855 4320 2081 4373 victoria
2112 4319 2525 4375 intutncscentis
2557 4320 2812 4374 vitiorum
2856 4324 3023 4377 menti
3074 4324 3432 4393 subtrahitur,

1855 4419 1978 4480 post
2008 4410 2151 4465 illam
2182 4411 2545 4476 sterilitatem,
2578 4427 2739 4481 quam
2781 4413 3014 4481 primum
3055 4425 3182 4470 ante
3202 4431 3436 4477 concus-

1857 4501 2064 4555 sionem
2121 4502 2469 4556 conscientiae
2526 4502 2779 4569 Abrahae,
2858 4506 2960 4560 hoc
3004 4519 3088 4563 est
3143 4513 3436 4571 intellectui

1856 4592 2106 4662 privatim
2154 4592 2475 4647 infecundus
2532 4592 2705 4649 factus
2736 4605 2839 4660 est,
2875 4597 3244 4671 insipidusque
3284 4610 3439 4675 panis

1855 4684 1996 4738 vitae.
2024 4682 2183 4736 Prius
2211 4682 2357 4737 enim
2405 4697 2436 4735 a
2485 4682 2580 4738 Dei
2626 4686 2775 4740 verbi
2846 4697 3002 4757 gustu
3055 4692 3193 4746 ratio
3244 4702 3436 4766 torpet,

1856 4773 2199 4845 posnnodum
2258 4786 2323 4827 ex
2387 4773 2500 4843 ipsa
2564 4775 2739 4831 inedia
2795 4782 3036 4849 graviter
3099 4789 3435 4847 conscientia

1857 4870 2105 4940 languet;
2149 4870 2353 4935 diebus,
2381 4870 2431 4924 id
2455 4881 2537 4925 est
2564 4871 2927 4928 intelleclihus
2954 4876 3201 4946 Abrahae,
3231 4882 3437 4939 scilicet

1862 4966 2089 5019 rationis
2142 4965 2244 5019 hac
2292 4972 2450 5019 IlOCle
2514 4964 2839 5019 tabentibus.
2877 4966 3024 5022 lsaac
3053 4973 3121 5022 ad
3149 4973 3439 5029 Abime/ec/t

1858 5074 2027 5127 regem
2052 5059 2105 5111 in
2127 5055 2326 5111 σει-(ινα
2354 5058 2521 5120 vadit,
2576 5056 2698 5125 quia
2744 5073 2919 5121 mens,
2956 5076 3191 5128 superno
3217 5067 3430 5132 quidem

1858 5149 2327 5218 gaudio-intenta,
2376 5151 2439 5201 ad
2497 5146 2672 5199 Patris
2722 5149 2802 5200 sui
2877 5165 3123 5219 regnum,
3184 5156 3433 5222 quodest

1860 5241 2112 5307 mundus,
2139 5240 2366 5303 encedit,
2399 5239 2486 5293 ubi
2510 5238 2632 5290 dum
2662 5238 2895 5307 gaudere
2923 5240 3131 5307 nititur,
3166 5244 3422 5304 diabolurr

1860 5328 1950 5399 qui
1993 5343 2146 5397 pater
2179 5328 2359 5383 mundi
2410 5334 2711 5378 amatorum
2748 5335 2846 5387 est,
2875 5342 3057 5396 regem
3084 5330 3436 5403 advenarum,

1859 5424 2066 5480 scilicet
2115 5421 2600 5493 peregrinationem
2659 5418 2819 5487 hujus
2881 5421 3063 5474 swculi
3110 5437 3208 5491 pro
3257 5430 3429 5496 patria

1859 5516 2178 5577 amantium,
2204 5523 2257 5567 et
2278 5528 2373 5583 per
2399 5513 2500 5566 hoc
2533 5511 2598 5566 ad
2624 5527 2681 5564 se
2706 5513 3181 5582 propinquantium
3211 5524 3432 5587 reperit.

1856 5610 2192 5673 Abimelcch,
2223 5607 2391 5677 patris
2420 5607 2518 5659 mei
2546 5623 2789 5674 regnum;
2844 5607 3045 5663 Gerara
3097 5612 3296 5666 dicitur
3339 5617 3437 5667 ad-

1855 5720 1983 5756 rena
2032 5701 2475 5771 appropinquans.
2528 5699 2765 5768 Apparet
2806 5701 2853 5752 ei
2878 5698 3154 5767 Dominus,
3194 5707 3320 5760 dum
3349 5724 3437 5760 cr-

1859 5806 2034 5847 rorcm
2061 5792 2251 5846 animae
2279 5790 2450 5847 oculis
2488 5790 2687 5863 detegit
2727 5789 3049 5847 intellectus.
3098 5793 3179 5849 Ne
3221 5797 3433 5851 descen-
