3982 6360
129 386 231 441 ξοι

1132 373 1498 435 MORALIUM
1524 371 1595 428 IN
1628 370 1925 428 GENESIN
1967 369 2096 425 LIB.
2128 368 2235 424 VII.

3289 367 3396 424 202

132 502 354 553 caaleste
383 498 561 548 anima
589 493 933 561 resipiscens,
992 490 1116 544 boni
1151 489 1334 557 operis
1377 493 1584 541 semine
1610 487 1710 538 hu-
1744 489 1785 540 Α
1812 485 2085 536 Abraham
2118 478 2370 542 moritur,
2401 491 2523 532 cum
2555 477 2857 534 intellectus
2886 495 2917 533 a
2945 478 3053 534 Deo
3083 477 3395 543 dirimitur;

134 586 411 642 manitatis
470 600 655 640 casum
709 584 962 652 contegit.
1020 584 1206 636 Annus
1254 578 1554 649 cuiuspiam
1586 577 1712 632 boni

136 678 399 749 perfectio
446 677 783 748 intelligitur.
838 675 923 731 Uti
964 677 1110 729 enim
1159 689 1336 727 annus
1390 671 1601 732 diebus,
1635 669 1716 723 sic

131 783 359 837 qureque
389 767 563 821 virtus
584 765 999 833 cogitationum,
1052 763 1404 821 locutionum,
1462 772 1713 829 operum-

135 866 240 920 que
270 853 479 920 piorum
516 850 683 921 fulget
725 851 1047 914 adnisibus;
1104 849 1156 902 in
1191 850 1291 902 hac
1340 847 1523 915 itaque
1546 845 1718 897 virtu-

138 951 249 995 tum
304 942 633 1012 plenitudine
692 940 990 1010 centuplum
1054 941 1273 1003 invenit,
1322 937 1448 991 dum
1501 944 1718 990 aeternsc

137 1032 593 1088 remunerationis
645 1047 913 1085 summam
954 1031 1066 1100 jam
1120 1038 1298 1084 mente
1357 1040 1596 1097 prresaga
1625 1040 1720 1078 ex-

136 1133 435 1194 spectatam
462 1122 689 1177 fideliter
733 1121 956 1192 colligit.
971 1121 1308 1175 Benedicitur
1328 1117 1535 1189 itaque.
1563 1115 1723 1183 spiri-

144 1215 273 1268 tuali
313 1214 522 1268 scilicet
566 1214 833 1269 subtantia
888 1222 1290 1284 augmentalur,
1336 1208 1720 1282 locupletatur,

143 1301 238 1357 sed
274 1312 475 1366 tamen,
525 1312 583 1356 ut
632 1318 741 1356 sum
788 1317 1003 1372 seraper
1035 1301 1342 1372 fragilitatis
1392 1300 1718 1364 meminerit,

145 1394 301 1445 hanno
329 1394 546 1447 dicitur.
584 1391 869 1462 Proﬁciens
900 1410 1029 1464 ergo
1067 1395 1287 1455 virtute,
1316 1401 1471 1459 atque
1492 1407 1722 1445 succres-

146 1502 269 1538 cens
304 1502 396 1555 spe
423 1487 482 1551 it,
543 1488 593 1541 id
636 1496 721 1541 est
772 1489 1037 1544 desiderio
1097 1488 1337 1542 tenditur
1380 1486 1447 1539 ad
1477 1485 1722 1539 bravium

143 1576 443 1631 vocationis
495 1592 742 1647 superna:
772 1576 999 1649 (Philip.
1028 1595 1112 1643 ιιι,
1147 1578 1259 1649 14),
1292 1578 1464 1632 donec
1510 1575 1723 1629 infimas

144 1668 353 1723 evincat
396 1670 720 1740 cupiditates
766 1671 1077 1725 sanctitatis
1128 1669 1520 1741 magnitudine.
1550 1666 1723 1722 Habet

140 1760 516 1825 possessionem
564 1762 737 1813 ovium
795 1770 843 1814 et
879 1769 1252 1823 armentorum,
1280 1761 1406 1813 dum
1455 1764 1509 1811 et
1535 1766 1721 1811 acma-

1817 570 1906 625 alii
1934 570 2102 640 putei,
2130 584 2265 638 quos
2310 569 2587 624 obstrusos
2634 567 2783 622 lsaac
2830 568 2983 631 fodit.
3027 571 3119 626 Dei
3159 571 3397 643 cognitio

1818 660 2150 727 scientiaque
2181 671 2518 727 quarumque
2549 656 2841 721 virtutum,
2877 671 2908 711 e
2938 660 3130 726 quibus
3178 649 3397 717 vititlem

1820 750 2084 805 sumimus
2131 751 2364 810 undam.
2435 749 2827 817 intelliguntur,
2881 750 2971 819 qui
3023 767 3120 820 per
3176 755 3401 813 rationis

1822 841 2091 897 defectum
2119 856 2147 895 a
2180 840 2510 895 daemonibus
2540 841 2693 895 obice
2742 841 3069 896 terrenitatis
3094 844 3397 911 opplentur,

1823 931 1915 985 sed
1944 930 2011 983 ad
2049 943 2279 999 superna
2310 929 2503 999 gaudia
2548 930 2729 983 animo
2767 930 3088 997 respirante,
3114 928 3404 999 spirituali-

1825 1020 1927 1074 bus
1952 1019 2165 1087 studiis,
2193 1019 2287 1089 qui
2325 1020 2541 1083 rationi,
2575 1020 2729 1090 105
2771 1036 2899 1075 vero
2928 1020 3136 1077 scilicet
3154 1022 3404 1090 Abrahae,

1824 1108 2149 1176 inserviunt,
2193 1109 2461 1169 exhausti,
2514 1110 2851 1165 discretionis
2898 1111 3097 1168 sedula:
3142 1127 3274 1167 cura
3316 1114 3407 1167 dc-

1822 1201 2074 1274 plentur;
2123 1203 2221 1257 hos
2257 1201 2442 1255 iisdem
2492 1202 2805 1265 nominibus,
2828 1204 3012 1273 quibus
3036 1214 3085 1258 et
3115 1216 3235 1258 ante
3260 1214 3410 1275 pater

1826 1294 2077 1364 appellat,
2100 1294 2226 1348 dum
2268 1294 2320 1347 in
2360 1301 2565 1346 tantum
2609 1294 2909 1348 sanctitatis
2952 1296 3090 1363 apud
3139 1297 3307 1353 Deum
3356 1292 3436 1353 et'

1830 1384 2081 1442 homines
2108 1383 2361 1452 opinione
2396 1397 2515 1437 sese
2544 1382 2841 1452 iusigniens
2882 1386 3209 1455 magniﬁcat,
3240 1402 3412 1457 quan-

1826 1484 1936 1530 tum
1959 1473 2231 1532 subtilitas
2268 1471 2436 1542 ipsius
2470 1472 2699 1526 rationis
2745 1472 2860 1526 fieri
2901 1473 3097 1531 debere
3126 1478 3312 1534 dictat.
3342 1479 3411 1534 In

1824 1578 2050 1623 torrente
2064 1580 2245 1625 autem
2262 1565 2511 1629 fodimus,
2525 1581 2649 1619 cum
2665 1566 3100 1623 transibilitatem
3114 1568 3270 1637 hujus
3286 1582 3415 1628 tem-

1822 1658 2125 1728 poralitatis
2140 1661 2481 1725 discuumas,
2504 1655 2682 1724 ibique
2696 1672 2888 1727 aquam
2904 1657 3070 1710 vivam
3088 1656 3415 1725 invenimus,

1824 1749 1973 1820 quia,
1994 1750 2179 1805 mundi
2201 1750 2579 1829 perpendenda
2599 1760 2911 1813 excursum,
2935 1746 3137 1802 fontem
3166 1762 3317 1816 aqm:
3330 1763 3420 1804 sa-

143 1848 274 1901 limn
310 1859 364 1903 ct
388 1851 932 1918 contemplativorum
981 1851 1245 1904 bonorum
1272 1850 1390 1903 sine
1417 1848 1592 1902 laudis
1626 1848 1726 1900 bu-
1758 1834 1801 1889 Β
1826 1843 2008 1898 lientis
2042 1844 2094 1897 in
2132 1844 2299 1898 vitam
2339 1853 2595 1898 aeternam
2624 1846 2807 1914 (Joan.
2839 1854 2918 1902 Π.
2947 1838 3034 1909 14)
3057 1839 3301 1894 subicere
3327 1854 3421 1894 n0-

150 1956 326 1995 manu}
363 1943 779 2012 participatione
821 1932 1031 1997 obtinet
1082 1941 1555 2013 multiplicitatem.
1590 1938 1729 1994 Oves

145 2031 401 2103 lanigera:
452 2044 506 2087 et
555 2034 827 2102 simplices
869 2050 993 2090 cum
1045 2035 1176 2098 sint,
1238 2031 1494 2087 hmnilem
1529 2032 1732 2091 bencli-

148 2123 344 2175 ccntiac
397 2121 614 2191 signant
663 2130 866 2175 actum.
915 2123 1194 2186 Armenta,
1246 2121 1406 2177 fortia
1458 2119 1733 2187 religionis

151 2225 341 2278 opera,
374 2225 493 2279 qua:
538 2219 594 2264 ct
645 2210 1102 2280 contemplatores
1147 2209 1429 2274 sublevant
1461 2208 1525 2261 ad
1556 2208 1733 2261 divina

150 2300 380 2354 videnda
407 2301 574 2363 viros,
603 2302 920 2371 accipimus.
958 2302 1183 2357 Familia
1208 2319 1235 2355 a
1260 2301 1573 2372 famulando
1599 2304 1738 2358 dici-

155 2401 271 2457 tur;
314 2392 536 2461 familia’
566 2392 747 2462 itaque
772 2393 934 2447 habet
975 2395 1288 2463 plurimum,
1320 2395 1410 2465 qui
1441 2404 1735 2464 quantum-

148 2498 363 2552 cunque
394 2483 607 2537 culmen
662 2483 901 2555 attigerit
950 2486 1235 2551 virtutum,
1289 2488 1501 2545 turbam
1553 2492 1736 2542 tamen

154 2572 329 2642 (licet,
361 2572 530 2629 velint
553 2574 747 2638 nolint,
772 2575 971 2629 rationi
994 2574 1343 2648 famulentur)
1366 2576 1570 2646 patitur
1592 2576 1740 2647 cogi-

160 2666 449 2719 talionum.

230 2756 387 2811 Vsus.
432 2757 518 2821 15.
556 2756 639 2823 16,
672 2757 757 2811 l7.
780 2785 849 2797 -—
877 2758 955 2813 0b
986 2760 1082 2813 hoc
1128 2761 1411 2825 invidentes
1445 2761 1739 2833 Palwstini,

159 2862 335 2900 omnes
356 2856 557 2915 puteos,
584 2864 715 2917 quos
752 2848 992 2917 foderant
1021 2852 1151 2905 servi
1182 2853 1346 2922 patris
1362 2855 1445 2907 sui
1472 2854 1741 2910 Abraham

158 2938 250 2993 illo
284 2949 509 3010 tempore
540 2941 921 3008 obstrusernnt,
946 2942 1213 3013 implentes
1268 2946 1426 2999 humo
1449 2946 1504 3000 in
1539 2957 1743 3003 tantum

162 3043 215 3084 ut
243 3024 351 3101 ipse
383 3032 676 3087 Abimelech
725 3034 915 3088 diceret
944 3035 1013 3087 ad
1064 3034 1254 3090 Isaac:
1287 3036 1487 3092 Recede
1513 3056 1545 3095 a
1574 3042 1743 3104 nobis,

1828 1934 1911 1989 bis
1937 1933 2004 1989 ad
2028 1933 2253 2005 gloriam
2278 1944 2587 2004 contempto
2614 1936 2962 2005 praesentium
2986 1929 3134 1991 ﬂuxu
3153 1928 3419 1985 Videmus.

1902 2021 2063 2079 Vens.
2085 2023 2175 2091 20,
2198 2024 2289 2091 21,
2306 2026 2471 2080 23.~
2483 2026 2589 2082 Sed
2611 2035 2658 2081 et
2676 2028 2749 2081 ibi
2763 2028 3005 2097 jurgium
3027 2029 3126 2099 fuit
3144 2032 3421 2098 patorum

1834 2110 2049 2167 Gerarte
2098 2113 2376 2169 adversum
2422 2125 2656 2184 pastores
2683 2115 2862 2182 Isaac,
2917 2117 3251 2173 dicentium:
3303 2116 3422 2174 N0-

1834 2214 1945 2257 stra
1974 2213 2052 2258 est
2100 2221 2259 2274 aqua.
2299 2206 2651 2271 Quamobrem
2681 2223 2869 2260 nomen
2898 2208 3061 2277 putei,
3106 2218 3170 2263 ex
3195 2226 3254 2264 eo
3277 2212 3416 2281 quod

1836 2295 2121 2359 acciderat,
2154 2297 2352 2349 vocavit
2392 2294 2745 2351 Calumniam.
2787 2296 3058 2357 Fuderunt
3087 2309 3135 2356 et
3159 2300 3343 2364 alium,
3368 2313 3416 2356 et

1838 2402 1932 2455 pro
1958 2386 2050 2439 illo
2079 2403 2281 2457 quoque
2310 2388 2466 2441 rixati
2495 2398 2638 2452 sunt,
2664 2388 3044 2458 appellavitque
3089 2408 3208 2446 eum
3234 2390 3423 2449 Inimi-

1838 2481 2012 2534 citias.
2045 2480 2324 2550 Profectus
2367 2482 2487 2536 inde
2529 2483 2663 2551 fodit
2707 2484 2872 2538 alium
2927 2496 3140 2555 puteum
3183 2504 3277 2557 pro
3316 2504 3419 2559 quo

1841 2587 1944 2625 non
1970 2572 2365 2629 contenderunt.
2383 2572 2637 2629 Pastores
2658 2572 2873 2630 Gerarte
2902 2591 3096 2635 sensus
3122 2579 3422 2649 accipimus

1842 2667 2024 2733 carnis
2073 2677 2297 2732 nostrae,
2326 2669 2417 2739 qui
2453 2685 2550 2725 nos
2577 2671 2987 2727 sorbitiunculis
3022 2643 3301 2730 saecularis
3328 2689 3422 2743 pa-

1844 2765 2007 2823 scunt
2036 2756 2291 2817 laseivite.
2337 2757 2580 2813 l’astores
2612 2758 2793 2827 Isaac,
2827 2771 3005 2821 motus
3030 2772 3156 2823 sunt
3181 2771 3426 2821 contem-

1844 2846 2061 2916 plativi,
2093 2848 2185 2919 qui
2215 2848 2547 2904 defectiones
2576 2851 2841 2919 spirituali
2871 2852 3130 2909 alimento
3158 2854 3413 2910 reliciunt

1847 2940 2036 2995 animi.
2080 2941 2334 3005 Carnalia
2371 2957 2502 3012 ergo
2547 2948 2807 3000 adversus
2845 2946 3418 3019 spiritualiajurgant.

1848 3034 2037 3090 dicunt
2064 3036 2207 3104 quod
2241 3048 2419 3090 nostra
2446 3046 2519 3095 ert
2544 3053 2704 3103 aqua,
2753 3037 2879 3092 dum
2921 3038 3183 3101 suadetur
3225 3038 3295 3095 ab
3340 3040 3428 3096 bis

160 3125 408 3193 quoniam
436 3126 695 3195 potentior
726 3126 892 3179 nostri
941 3126 1114 3195 factus
1144 3144 1197 3181 es
1226 3126 1396 3183 valde.
1426 3127 1496 3182 Et
1522 3129 1612 3183 ille
1636 3131 1743 3185 dis-
1771 3171 1814 3227 ϐ
1849 3126 1992 3193 quod
2035 3124 2312 3180 saecularis
2356 3126 2623 3197 spirituali
2658 3128 3227 3197 omnino.pra:mineat
3249 3130 3429 3186 scien-

161 3216 349 3269 cedens
379 3227 433 3270 ut
462 3218 653 3271 veniret
683 3218 752 3270 ad
786 3227 1068 3273 torrentem
1107 3217 1345 3286 Geram,
1377 3221 1744 3293 habitaretque

163 3308 254 3361 ibi.
288 3308 587 3375 Palaestini,
636 3311 726 3381 qui
752 3318 806 3365 et
843 3309 1275 3382 Philistluci,qui
1299 3313 1541 3383 potione,
1584 3313 1634 3367 id
1663 3324 1749 3369 est

164 3397 437 3465 superﬂuo
483 3400 677 3453 haustu
721 3399 986 3469 superbia:
1009 3400 1286 3467 cadentes,
1308 3390 1531 3457 scilicet
1552 3403 1746 3457 dazmo-

165 3498 266 3539 nes
309 3484 701 3558 intelliguntur,
748 3488 818 3543 ob
889 3488 1083 3547 divina:
1147 3491 1299 3546 nobis
1344 3492 1534 3562 gratiae
1585 3494 1749 3549 uber-

168 3582 338 3629 tatem
364 3576 685 3643 invidentes,
713 3587 904 3648 puteos
928 3580 1246 3649 capacitatis
1273 3596 1337 3637 ac
1360 3580 1750 3654 intelligentiae,

164 3680 301 3733 quos
330 3668 616 3733 memoria,
648 3669 918 3736 voluntas,
964 3680 1018 3725 et
1065 3670 1288 3731 allectus
1315 3681 1369 3729 et
1399 3674 1581 3729 ueteri
1613 3674 1751 3730 inte-

162 3756 340 3811 riores
364 3766 543 3813 motus
563 3760 756 3814 animae
783 3762 922 3816 servi
956 3762 1457 3833 profecto"ratiouis
1486 3766 1747 3822 detractis

164 3846 380 3901 inertiae
415 3848 719 3913 ruderibus,
760 3862 1103 3919 paraverant,
1152 3862 1379 3909 terrena:
1407 3853 1751 3924 cogitationis

161 3940 326 3993 [iunco
362 3934 619 4005 obruunt,
643 3950 699 3996 et
725 3940 989 4008 foramen,
1023 3959 1131 4014 quo
1158 3960 1422 4014 aquarum
1452 3947 1748 4003 viventium

161 4029 511 4100 profunditas
554 4032 859 4104 attingitur,
888 4035 1242 4093 subtilitatem
1292 4037 1501 4093 scilicet
1549 4038 1749 4111 ingenii

161 4135 424 4174 curarum
454 4122 687 4178 molibus
711 4126 1019 4181 obstruunt.
1047 4127 1102 4182 lu
1133 4139 1338 4183 tantum
1381 4130 1518 4185 livor
1553 4131 1753 4187 daemo-

164 4228 303 4267 num
326 4216 699 4281 excandescit,
721 4226 779 4271 ut
806 4233 902 4286 per
931 4218 1264 4286 Abimelech,
1298 4222 1540 4291 iniquum
1565 4224 1753 4279 videli-

161 4314 263 4361 cet
289 4308 597 4377 quempiam
644 4308 711 4363 ad
746 4310 939 4366 diaboli
990 4315 1159 4382 patris
1213 4314 1478 4369 malorum
1528 4329 1752 4385 regnum

159 4396 555 4466 pertinentem,
591 4400 844 4466 religioso
886 4403 1045 4458 alicui
1094 4414 1281 4475 aperte
1312 4405 1531 4459 dicant:
1558 4405 1755 4461 Recede

1850 3216 1946 3280 tia,
1972 3213 2125 3283 cujus
2149 3215 2203 3269 in
2233 3224 2484 3286 promptu
2521 3227 2609 3269 est
2636 3216 2827 3284 gloria.
2860 3216 3176 3288 Nomenque
3196 3221 3338 3288 putei
3359 3236 3423 3274 ex

1850 3315 2048 3361 eventu
2086 3316 2249 3361 vocat
2273 3304 2632 3371 Calumniam,
2672 3308 2799 3361 dum
2834 3323 2900 3362 ex
2943 3323 3007 3363 ea
3042 3309 3422 3380 intelligentia,

1853 3413 1974 3467 quae
2003 3413 2070 3453 ex
2096 3406 2339 3455 torrente
2368 3398 2616 3453 discusso
2645 3397 2937 3466 colligitur,
2973 3399 3203 3468 insignis
3232 3411 3425 3455 contra

1849 3494 2101 3556 pastores
2128 3486 2349 3543 Gerarze
2385 3486 2656 3542 calumnia
2704 3485 2979 3541 interloris
3014 3487 3248 3544 hominis
3289 3504 3428 3551 nun-

1850 3593 2015 3648 quam
2046 3578 2283 3634 desitura
2321 3587 2590 3634 movetur.
2630 3576 2802 3647 Alter,
2844 3577 2936 3646 qui
2967 3576 3168 3633 foditur
3198 3588 3424 3650 puteus,

1851 3656 2021 3724 sacra:
2057 3670 2457 3741 praedicationis
2497 3668 2819 3741 intelligitur
2867 3670 3061 3735 virtus,
3092 3686 3238 3741 qua},
3280 3672 3429 3729 vires

1850 3775 1915 3814 ex
1945 3761 2202 3816 torrentis
2230 3760 2535 3817 delossione
2563 3768 2616 3815 et
2643 3769 2773 3833 potu
2800 3750 2984 3817 vitalis
3007 3778 3161 3833 aqua:
3184 3779 3425 3829 sumens,

1852 3860 2006 3906 tanto
2018 3853 2207 3923 purius
2228 3853 2348 3908 aliis
2360 3853 2608 3924 propinat
2624 3862 2827 3924 quanto
2849 3854 2980 3909 fonti
2998 3855 3226 3912 vicinius
3240 3855 3424 3923 instat;

1850 3956 1949 4012 pro
1972 3944 2078 3998 hoc
2098 3957 2313 4012 quoque
2343 3943 2616 4009 rixantur,
2636 3942 2763 4014 quia
2785 3944 2921 3998 bene
2937 3942 3283 4011 loquentibus
3303 3962 3429 4017 pro-

1852 4031 1981 4099 priae
2011 4030 2240 4086 actionis
2271 4029 2560 4086 infirmitas
2587 4031 2633 4087 si
2665 4031 2845 4100 aliqua
2874 4031 2944 4086 sit
2969 4032 3112 4089 illico
3147 4034 3423 4105 objicitur.

1920 4121 2170 4192 Appellat
2210 4122 2357 4176 hunc
2401 4121 2727 4188 inimicitias,
2780 4136 2877 4177 nec
2902 4120 3226 4193 incongrue,
3254 4128 3424 4196 .quia,

1847 4212 1999 4284 juxta
2033 4224 2270 4285 poetam,
2322 4214 2425 4268 hoc
2479 4221 2722 4284 tempore
2774 4214 2997 4269 (Odium
3037 4216 3181 4285 parit
3224 4220 3426 4274 veritas

1853 4304 2000 4379 (Ter.
2055 4305 2220 4358 Andr.
2262 4303 2303 4365 l,
2364 4303 2475 4372 41).
2540 4322 2560 4356 ι
2613 4304 2767 4360 Unde
2814 4318 3036 4362 necesse
3078 4315 3160 4363 est
3201 4318 3261 4363 ut
3304 4310 3429 4365 inde

1854 4395 2252 4466 proficiscatur,
2295 4394 2345 4448 id
2372 4403 2476 4457 est,
2506 4393 2572 4447 ad
2601 4394 2875 4449 meliorem
2920 4396 3045 4449 vitae
3066 4405 3269 4467 statum
3306 4414 3429 4469 pro-

160 4506 194 4543 a
222 4488 401 4553 nobis,
428 4493 549 4560 quia
590 4494 848 4562 potentior
877 4499 1037 4550 nostri
1082 4498 1254 4567 factus
1288 4515 1340 4553 es
1369 4498 1536 4561 valde,
1568 4499 1619 4552 id
1646 4508 1740 4566 est,

1858 4497 2158 4550 moveatur,
2214 4493 2269 4538 et
2322 4493 2541 4554 puteum
2600 4484 2786 4549 fodiat,
2849 4488 3049 4555 egestis
3098 4487 3308 4543 scilicet
3364 4491 3431 4542 ah

162 4581 207 4636 si
230 4581 559 4637 excellentia
612 4587 735 4640 vita;
780 4601 878 4643 nos
929 4604 1242 4659 exsuperas,
1303 4590 1448 4645 inter
1486 4606 1607 4655 nos,
1661 4590 1752 4662 qui

161 4672 377 4728 sacculo
428 4675 601 4731 adhuc
629 4678 988 4745 tleservimus,
1015 4697 1083 4735 ne
1125 4696 1409 4752 appareas,
1442 4682 1534 4737 sed
1567 4682 1755 4752 procul

165 4780 196 4819 a
220 4765 392 4818 nobis
407 4773 462 4818 et
490 4767 703 4836 egregie
730 4768 850 4821 vive
888 4778 948 4822 ut
974 4769 1217 4823 simulas.
1251 4770 1487 4824 Torrens
1517 4767 1751 4835 Ceraru',

166 4855 503 4923 volubilitas,
558 4868 613 4911 et
662 4860 893 4928 impetus
946 4870 1031 4914 est
1084 4862 1334 4917 humanm
1381 4862 1527 4927 vitae,
1551 4862 1758 4917 scilicet

170 4950 591 5019 propinquantis
622 4953 842 5006 advenae
869 4953 934 5005 ad
967 4954 1253 5007 terminum
1306 4953 1757 5024 peregrinationis

171 5052 304 5096 sine.
338 5039 456 5106 Quo
482 5056 611 5111 ergo
663 5042 834 5111 magis
883 5044 1001 5111 piris
1046 5043 1239 5111 aliquis
1266 5044 1583 5099 molestatur
1611 5060 1639 5097 a
1664 5060 1757 5098 cu—

171 5136 315 5204 pidis
368 5134 659 5189 mundialis
718 5135 921 5203 glorise.
968 5151 1033 5189 eo
1081 5136 1312 5205 amplius
1360 5138 1665 5193 concitatur
1691 5136 1756 5191 ad

173 5226 668 5282 considerationem
719 5226 1001 5281 labilitatis
1045 5233 1296 5291 terrenae,
1327 5235 1381 5279 et
1416 5228 1470 5280 in
1505 5228 1607 5282 hoc
1629 5241 1757 5297 pro-

174 5323 365 5384 spectu
398 5314 515 5383 ﬁgit
540 5323 742 5369 statum
766 5316 961 5371 mentis
991 5331 1119 5369 sua}.

246 5407 415 5461 Vens.
464 5407 550 5468 l8,
603 5406 788 5462 l9.—
817 5406 1144 5478 Rursumque
1190 5406 1322 5477 [odit
1370 5406 1503 5460 alios
1546 5418 1758 5479 puteos,

174 5513 305 5570 quos
336 5497 578 5567 foderant
607 5501 741 5553 servi
766 5499 930 5568 patris
963 5499 1046 5552 sui
1087 5498 1375 5565 Abraham,
1405 5509 1451 5553 et
1481 5515 1610 5570 quos
1640 5500 1762 5553 olim

178 5589 273 5644 illo
329 5599 537 5645 mortuo
583 5590 940 5644 obstruserant
996 5588 1350 5655 Philisthiim;
1393 5589 1767 5661 appellavitque

180 5696 267 5734 eos
298 5679 482 5733 iisdem
521 5682 838 5744 nominibus,
878 5680 1063 5749 quibus
1101 5690 1221 5734 ante
1267 5690 1555 5741 vocaverat.
1593 5678 1768 5733 Fode-

182 5780 402 5839 runtque
458 5772 510 5824 in
561 5781 818 5834 torrente,
877 5780 925 5824 et
978 5782 1275 5842 repererunt
1324 5789 1512 5843 aquam
1573 5773 1761 5826 vivam.

507 5886 777 5945 ΡΑτιιοι..
815 5885 1021 5946 CLVI.
1088 5909 1095 5917 ·

1859 4575 2042 4629 animo
2070 4575 2303 4627 terrenis
2326 4573 2627 4635 affectibus,
2660 4590 2766 4628 non
2811 4575 2862 4628 iu
2905 4578 3195 4645 superﬁcie
3222 4581 3430 4651 cogita-

1860 4666 2043 4729 tionis,
2074 4664 2499 4733 imaginationis,
2535 4674 2629 4720 aut
2669 4665 2941 4724 lorasticae
2976 4669 3219 4735 visionis,
3250 4674 3345 4728 sed
3379 4674 3432 4728 in

1860 4758 2049 4811 intimo
2099 4755 2553 4827 intelligibilitatis
2613 4760 2964 4828 purissimum
3024 4764 3239 4819 vivendi
3311 4764 3432 4821 fon-

1863 4858 1966 4904 tem
2018 4856 2279 4919 requirat.
2329 4848 2475 4903 Ordo
2521 4851 2663 4905 enim
2706 4863 2906 4909 nostra:
2942 4855 3175 4910 actionis
3228 4872 3294 4913 ex
3345 4860 3431 4912 iu-

1862 4950 2028 4997 terna:
2049 4956 2187 4996 vena
2212 4941 2554 5012 progreditur
2581 4946 2989 5014 propositionis,
3018 4950 3160 5003 unde
3183 4950 3433 5017 exempla

1860 5033 1981 5087 aliis
2012 5032 2285 5101 proﬂuunt
2328 5033 2683 5102 eruditionis;
2718 5036 2864 5106 prius
2915 5052 3046 5109 ergo
3096 5046 3293 5108 puteus
3344 5042 3412 5095 do

1858 5125 2087 5189 etrinze,
2155 5125 2498 5192 postmodum
2571 5125 2774 5181 foditur
2835 5130 3168 5197 Operationis
3236 5128 3434 5199 justas,

1860 5218 1951 5288 qui
2006 5218 2230 5272 omnino
2291 5218 2402 5287 jam
2464 5228 2613 5272 caret
2666 5219 3054 5285 contentione,
3113 5221 3241 5289 quia
3299 5223 3434 5280 tales

1861 5310 2187 5381 prxcipuam
2234 5310 2592 5364 reverentiam
2634 5310 2809 5365 solent
2847 5310 3068 5377 habere,
3117 5314 3313 5383 quibus
3360 5318 3435 5372 nil

1863 5403 2115 5459 homines
2167 5414 2396 5471 possunt
2435 5404 2711 5472 obiicere;
2774 5405 2957 5474 prius,
3015 5406 3265 5477 inquam,
3316 5404 3447 5466 Ani‘

1863 5511 1951 5549 ma
2000 5510 2235 5565 namque
2281 5496 2600 5559 laborantis,
2641 5496 2794 5565 juxta
2841 5496 3186 5563 Salomonem
3214 5541 3230 5566 .
3280 5500 3433 5557 labo-

1865 5596 1950 5641 rat
1986 5587 2104 5649 sibi,
2139 5588 2263 5657 quia
2287 5587 2532 5657 compulit
2563 5604 2680 5643 eum
2711 5605 2767 5645 os
2790 5608 2942 5645 suum
2970 5591 3154 5663 (Prov.
3179 5610 3295 5660 xvi,
3322 5593 3433 5664 26).

1867 5678 2095 5746 Propter
2133 5676 2366 5733 ollicium
2411 5693 2545 5735 sane
2582 5682 3004 5751 praulicationis,
3043 5699 3109 5745 ne
3139 5686 3435 5754 praedicans

1870 5770 2133 5839 reprobus
2171 5770 2499 5841 inveniatur,
2543 5777 2759 5832 extendi
2805 5776 3094 5833 admodum
3125 5778 3260 5833 solet
3278 5762 3431 5833 exer-

3090 5892 3126 5950 7
