3978 6332
489 386 598 444 208

1313 375 1373 429 V.
1414 369 1738 429 GUIBERTI
1780 363 2069 422 ABBATIS
2098 362 2156 417 S.
2185 360 2443 433 MARIIE
2486 359 2572 415 DE
2611 356 3019 417 NOVIGENTO

3660 354 3762 410 204

492 521 680 575 citium
720 521 820 590 pia:
862 510 1216 584 operationis.
1265 508 1326 561 Et
1361 516 1554 561 contra
1593 526 1603 559 :
1642 504 1947 567 Abscondit,
1998 502 2077 555 in-
2106 499 2149 546 Α
2196 500 2453 562 Vidimus,
2504 499 2773 567 inquiunt,
2824 509 2989 550 tecum
3036 510 3143 547 esse
3196 482 3499 545 Dominum.
3537 491 3762 545 Geraris

491 614 626 683 quit,
653 613 799 681 piger
830 618 1042 661 manum
1066 617 1215 656 suam
1246 600 1340 653 sub
1366 598 1580 663 ascella,
1622 615 1711 652 nec
1743 606 1810 650 att
1842 612 1899 649 os
1921 609 2073 647 suum

490 706 717 776 applicat
737 717 849 756 eam
883 696 1063 766 (Prov.
1099 709 1214 758 xxx,
1240 692 1355 761 24).
1387 690 1542 745 Unde
1571 699 1625 745 et
1656 689 1854 744 vocavit
1890 700 2074 741 nomen

491 795 636 848 illius
662 789 934 851 Latitudo,
964 786 1140 839 dicens
1166 798 1183 835 :
1219 783 1375 837 Nunc
1406 783 1642 836 dilatavit
1669 798 1761 836 nos
1796 779 2071 842 Dominus,

490 895 536 939 et
584 884 704 953 fecit
744 894 973 935 crescere
1019 890 1177 947 super
1227 886 1443 929 terram.
1478 873 1534 928 Si
1565 873 1811 928 latitudo
1836 870 2073 927 Charitas

489 976 837 1047 appellatur,
889 973 1135 1027 charitas
1190 970 1433 1039 profecto
1486 969 1723 1023 maxima
1780 975 1862 1022 est
1913 975 1967 1020 et
2019 964 2071 1018 in

486 1064 658 1120 verbo
715 1078 816 1134 pro
868 1062 1042 1117 salute
1089 1061 1325 1129 proximi
1381 1059 1653 1125 laborare,
1701 1065 1756 1112 et
1783 1056 1973 1120 vitam,
2017 1061 2074 1106 ut

486 1157 658 1211 verbo
709 1163 1015 1224 competat,
1074 1153 1346 1222 sagaciter
1393 1151 1683 1217 ordinare,
1746 1157 1806 1203 ut
1856 1155 1910 1202 et
1955 1136 2073 1200 aliis

485 1248 667 1303 valeat
710 1246 960 1317 exemplo
1008 1246 1284 1315 prodesse.
1334 1244 1547 1297 Aliter:
1579 1243 1727 1297 Solet
1776 1253 1973 1308 nempe
2017 1239 2071 1292 in

487 1336 786 1408 Evangelio
830 1334 1223 1390 desudantibus
1266 1334 1407 1387 Dcus
1441 1334 1576 1387 mira
1608 1333 1782 1403 gratia
1814 1346 1921 1400 quo
1953 1345 2071 1383 am-

488 1427 631 1498 plius
672 1427 928 1481 insistunt
964 1425 1196 1479 dilatare
1248 1423 1585 1478 intellectum
1612 1423 1678 1478 ad
1702 1422 1840 1476 sacri
1873 1419 2070 1489 eloquii

489 1516 860 1588 dignoscenda
876 1513 1265 1583 aceloquenter
1289 1512 1610 1567 enubilanda
1642 1511 1924 1583 mysteria.
1953 1509 2069 1564 Non

492 1610 662 1665 dicit:
695 1607 945 1660 Dilatavit
993 1619 1079 1659 me
1134 1604 1425 1667 Dominus,
1472 1603 1566 1659 sed
1617 1620 1708 1656 nos
1762 1600 2068 1671 pluraliter,

488 1696 615 1765 quia
653 1694 913 1764 quidquid
942 1693 1026 1747 vel
1052 1693 1105 1748 in
1140 1693 1409 1756 doctrina,
1442 1691 1523 1745 vel
1556 1692 1608 1745 in
1642 1691 1865 1745 virtutis
1888 1689 2070 1745 studio

488 1785 893 1858 pr0pagationis
926 1784 1009 1839 vir
1039 1784 1268 1854 quisque
1296 1785 1419 1854 pius
1445 1783 1777 1853 assequitur,
1822 1782 1924 1836 hoc
1962 1795 2067 1835 non

492 1878 668 1949 magis
690 1893 789 1948 pro
821 1891 917 1932 sua
944 1891 1106 1945 quam
1158 1874 1393 1944 proximi
1447 1874 1684 1928 utilitate
1732 1888 1761 1927 a
1812 1872 1922 1926 Deo
1970 1872 2071 1927 sibi

491 1972 606 2027 dari
659 1970 972 2025 arbitratur.
1028 1965 1182 2021 Facit
1227 1982 1325 2021 nos
1370 1965 1513 2021 Deus
1555 1981 1709 2033 super
1735 1974 1927 2019 terram
1960 1979 2073 2017 cre-

497 2079 663 2128 scere,
691 2075 813 2115 cum
842 2066 935 2114 aut
971 2072 1137 2127 super
1166 2057 1412 2127 corporis
1436 2056 1704 2112 desideria
1744 2055 1935 2125 Spiritu
1973 2068 2074 2108 nos

496 2148 786 2211 excellere,
833 2154 927 2201 aut
961 2160 1126 2215 super
1169 2152 1392 2210 terram,
1437 2144 1489 2199 id
1526 2152 1611 2198 est
1639 2143 1937 2206 Christum,
1982 2141 2072 2209 qui

487 2223 688 2294 omnes
714 2236 809 2291 alit
838 2235 1114 2302 fundatas,
1144 2235 1275 2290 facit
1298 2236 1589 2291 virtutibus
1613 2234 1878 2289 eminere.

558 2325 840 2386 Vens.25,
870 2325 961 2380 24.
993 2324 1337 2379 —Ascendit
1391 2334 1567 2379 autem
1617 2340 1682 2379 ea:
1707 2323 1798 2378 illo
1848 2324 1961 2378 loco
2018 2325 2074 2379 in

489 2417 768 2482 Bersabee,
798 2416 887 2470 ubi
907 2416 1153 2485 apparuit
1175 2416 1221 2469 ei
1244 2414 1502 2469 Dominus
1528 2416 1581 2468 in
1605 2416 1719 2485 ipsa
1748 2424 1895 2468 nocte
1917 2428 1935 2466 .'
1960 2414 2073 2485 Ego

487 2525 628 2576 sum,
657 2508 850 2577 inquit,
874 2505 1016 2560 Deus
1044 2507 1208 2576 patris
1237 2507 1336 2560 tui.
1358 2506 1486 2560 Noli
1512 2505 1716 2572 timere,
1745 2508 1869 2576 quia
1902 2516 2073 2561 tecum

488 2615 629 2654 sum.
667 2597 1171 2654 Bersabeedicitur
1210 2607 1397 2668 puteus
1437 2598 1752 2662 saturitatis,
1781 2597 1867 2653 vel
1891 2607 2074 2667 puteus

489 2694 724 2763 quintus.
754 2691 956 2746 Puteus
991 2698 1171 2745 autem
1199 2688 1505 2744 saturitatis
1531 2688 1809 2758 plenitudo
1839 2696 1922 2743 est
1947 2702 2074 2743 con-

492 2782 821 2854 templativa;
861 2780 1193 2845 refectionis,
1224 2788 1280 2835 et
1317 2778 1541 2849 quintus
1569 2786 1672 2843 est,
1700 2777 1826 2847 quia
1854 2786 2076 2847 quater-

491 2874 709 2929 narium
750 2872 916 2928 totius
961 2870 1377 2940 temporalitatis
1422 2868 1688 2939 dignitate
1719 2868 2073 2923 transcendit.

494 2964 703 3021 Dicitur
754 2964 918 3019 etiam
968 2978 998 3017 a
1041 2960 1363 3031 quibusdam
1415 2960 1558 3030 quod
1602 2974 1791 3014 verum
1820 2967 1923 3024 est,
1968 2973 2074 3014 non

491 3064 688 3130 puteus
714 3056 956 3128 quintus,
990 3055 1085 3111 sed
1116 3054 1402 3123 septimus,
1434 3061 1489 3108 et
1512 3053 1652 3107 bene
1680 3062 1921 3117 resonat,
1945 3051 2075 3121 quia

493 3148 759 3221 sapientia
780 3146 1143 3219 spiritualium
1167 3146 1433 3202 donorum
1458 3144 1724 3213 septimus
1746 3143 1947 3213 gradus
1969 3152 2072 3209 est,
2104 3181 2148 3242 Ο

491 3245 585 3300 ubi
617 3240 894 3312 plenitudo
918 3240 1044 3295 vitae
1072 3254 1138 3293 ac
1164 3238 1348 3309 gloriae
1378 3244 1482 3301 est,
1523 3236 1651 3307 quia
1692 3235 1833 3290 Deus
1861 3235 2077 3305 sapien-

492 3335 569 3391 tia
608 3342 711 3389 est.
750 3330 953 3387 Exillo
992 3331 1157 3403 igitur
1189 3329 1326 3394 loco,
1366 3329 1627 3399 przedicta
1656 3328 1863 3383 scilicet
1884 3328 2077 3399 ampli-

497 3428 689 3484 tudine
735 3426 1043 3493 cbaritatis,
1097 3437 1206 3479 non
1258 3423 1362 3477 nisi
1409 3423 1461 3476 in
1495 3436 1602 3491 quo
1632 3430 1779 3476 recte
1808 3432 1983 3475 statur
2010 3422 2077 3475 ad

496 3519 776 3585 Bersabee,
808 3518 862 3572 id
885 3525 969 3572 est
995 3516 1251 3570 haustum
1278 3514 1471 3570 divinm
1495 3513 1718 3569 visionis
1746 3514 2074 3569 ascenditur.

496 3610 574 3665 lbi
602 3609 659 3665 in
688 3610 804 3679 ipsa
835 3606 1061 3678 speculi,
1098 3614 1153 3661 et
1176 3604 1477 3676 mnigmatis
1517 3605 1849 3659 obscuritate
1898 3612 2080 3659 monet

500 3715 603 3756 nos
625 3701 771 3756 Deus
820 3713 929 3754 non
980 3696 1180 3752 debere
1228 3696 1442 3761 timere,
1490 3695 1607 3766 ipse
1654 3695 1743 3764 qui
1782 3693 2076 3759 Abraham,

499 3790 834 3846 intellectum
866 3787 1075 3843 scilicet
1106 3794 1377 3852 nostrum,
1419 3800 1516 3840 sua
1554 3786 1666 3857 jam
1713 3784 1954 3855 implevit
1983 3799 2076 3840 co-

500 3882 768 3954 gnitione,
816 3880 972 3935 nobis
1022 3878 1198 3933 aderit
1245 3877 1300 3932 in
1352 3877 1599 3940 seminis,
1656 3876 1710 3931 id
1758 3884 1845 3931 est
1892 3875 2079 3946 gratia:

503 3974 966 4045 multiplicatione,
1009 3972 1075 4025 ad
1125 3986 1184 4026 se
1238 3971 1605 4026 contuendum
1654 3970 1841 4023 nonin
1873 3968 2075 4033 nubilo,

502 4068 598 4125 sed
627 4074 832 4136 aperte.
868 4062 1053 4133 (Vens.
1081 4062 1197 4135 25.)
1234 4061 1420 4133 Itaque
1460 4061 1737 4130 wdi/icavit
1777 4061 1849 4114 ibi
1890 4059 2075 4124 altare,

500 4171 548 4215 et
591 4160 828 4213 invocato
870 4156 939 4210 ibi
983 4155 1191 4209 nomine
1236 4153 1443 4207 Domini
1491 4151 1723 4207 extendit
1765 4150 2079 4204 tabernacu‘

501 4252 645 4318 tum,
692 4249 1038 4321 prtecepitquc
1091 4245 1249 4301 servis
1298 4246 1408 4300 suis
1459 4255 1512 4297 ut
1567 4243 1803 4313 {ederent
1845 4250 2077 4311 puteum.

500 4343 683 4398 Altare
710 4341 781 4395 ibi
818 4340 1171 4403 aediﬁcamus,
1206 4352 1328 4393 cum
1360 4344 1563 4406 quanto
1594 4335 1765 4406 magis
1791 4334 1957 4388 Deum
1989 4349 2083 4389 co-

502 4434 834 4505 gnoscimus,
862 4439 1012 4487 tanto
1045 4428 1325 4485 fortiorem
1357 4428 1495 4483 bene
1525 4427 1718 4498 agendi
1749 4426 2080 4482 voluntatem

2182 590 2402 659 dicitur,
2448 598 2731 655 cornupeta
2783 599 2982 651 eorum,
3033 587 3083 639 in
3144 599 3242 653 ἶίο
3291 582 3610 659 ἰηιριιγὶεἰιιιτ
3666 596 3761 634 no—

2178 683 2338 737 cendi
2405 681 2725 750 appetitus,
2783 678 2926 732 haud
2976 675 3196 731 dubium
3248 673 3377 742 quin
3435 658 3757 726 dicmonum.

2178 771 2314 825 llinc
2346 785 2498 841 ergo,
2532 785 2598 823 ex
2626 769 2827 838 impetu
2859 766 3069 821 scilicet
3117 779 3228 819 sua:
3271 762 3666 817 malevolentiae
3695 763 3761 813 ad

2179 862 2346 916 altare
2368 860 2509 930 quod
2534 858 2850 931 principalis
2875 858 3022 913 locus
3044 864 3149 922 est,
3170 856 3395 910 veniunt
3420 854 3760 914 Abimelech.

2177 954 2267 1023 qui
2315 952 2517 1007 dicitur
2560 961 2710 1016 pater
2749 966 2891 1004 meus
2932 965 3045 1011 rex,
3082 946 3166 1002 vel
3196 963 3410 1017 regnum
3442 946 3612 1014 patris
3639 947 3761 1007 mei,

2177 1045 2228 1099 in
2258 1060 2364 1112 quo
2390 1043 2658 1113 accipitur
2699 1040 2976 1110 superbia,
3020 1040 3104 1093 cui
3139 1038 3482 1109 potissimum
3515 1037 3766 1092 diabolus

2176 1137 2425 1207 imperat,
2462 1145 2663 1205 utpote
2717 1150 2811 1189 rex
2859 1149 3024 1203 super
3070 1128 3447 1186 omues’ﬁlios
3497 1129 3763 1200 superbire

2177 1228 2296 1295 (Job
2354 1243 2463 1292 xu,
2512 1225 2625 1296 25),
2668 1234 2722 1279 et
2770 1224 3032 1284 Ocozath,
3086 1221 3153 1277 de
3197 1236 3303 1291 quo
3352 1220 3632 1275 nescimus
3666 1217 3761 1289 qui

2176 1318 2364 1384 fuerit,
2418 1327 2659 1372 attamen
2704 1316 3023 1387 complicem
3055 1315 3171 1386 ejus
3204 1330 3309 1369 non
3342 1314 3674 1377 dubitamus,
3707 1313 3762 1365 in

2174 1424 2282 1479 quo
2306 1424 2410 1463 non
2445 1408 2677 1463 absurde
2705 1408 3025 1478 intelligitur
3059 1404 3293 1469 invidia,
3323 1404 3590 1473 superbia:
3616 1403 3763 1457 vide-

2174 1499 2303 1554 licet
2344 1497 2475 1563 lilia,
2529 1498 2671 1552 unde
2695 1507 2748 1551 ct
2777 1507 2975 1562 tenens,
3007 1497 3090 1551 vel
3119 1495 3561 1566 comprehenderis
3596 1495 3764 1548 inter—

2173 1598 2441 1660 pretatur,
2476 1591 2600 1659 quia
2646 1606 2761 1655 cor,
2810 1590 2951 1657 quod
2993 1587 3493 1657 comprehenderit,
3546 1586 3629 1640 sic
3678 1595 3764 1638 te-

2181 1690 2307 1736 neat
2335 1692 2394 1736 ut
2419 1680 2635 1736 dillicile
2667 1681 2982 1735 renitescat.
3024 1679 3158 1732 Hinc
3186 1679 3237 1733 in
3266 1678 3369 1731 alia
3403 1677 3762 1732 translatione

2176 1775 2443 1843 pronubas
2476 1773 2790 1829 Abimelech
2831 1773 3051 1837 dicitur,
3094 1772 3217 1841 quia
3261 1771 3512 1841 superbia
3546 1768 3759 1841 gaudiis

2178 1867 2487 1923 luxuriante
2544 1865 2895 1930 carnalibus,
2948 1864 3085 1918 livor
3139 1864 3257 1935 ejus
3307 1860 3746 1932 intcmperantiis

2177 1961 2331 2029 quasi
2375 1961 2595 2029 quidam
2654 1959 2925 2030 pronuba,
2972 1958 3023 2011 id
3058 1966 3141 2012 est
3186 1957 3620 2027 supplementum
3668 1968 3764 2007 nc-

2180 2053 2368 2122 qultiae
2408 2052 2739 2116 comitatur;
2782 2059 2835 2105 et
2889 2049 3073 2103 Phicol
3123 2049 3232 2102 dua:
3281 2047 3529 2111 militum,
3585 2045 3764 2099 inanis

2179 2141 2375 2214 gloria,
2417 2141 2583 2196 totius
2608 2140 2983 2210 pervcrsitatis
3018 2136 3564 2205 lirmamentmn,'qui
3596 2134 3764 2189 inter-

2176 2241 2423 2303 pretatur
2448 2250 2503 2286 os
2529 2234 2783 2295 omnium,
2820 2231 2943 2300 quia
2978 2231 3028 2283 in
3062 2229 3238 2284 laudis
3278 2230 3531 2283 humana:
3568 2226 3764 2296 praeci-

2177 2328 2282 2392 pue
2328 2322 2625 2377 delectetur
2644 2336 2811 2387 aura;
2857 2323 2993 2385 hmc,
3033 2321 3278 2391 inquam,
3326 2320 3455 2387 tria,
3480 2319 3530 2373 id
3563 2330 3646 2373 est
3672 2334 3768 2373 sn-

2178 2412 2393 2481 perbia,
2438 2412 2659 2477 invidia,
2714 2411 2893 2465 inanis
2941 2411 3112 2482 gloria
3159 2410 3364 2465 homini
3412 2420 3630 2466 terrena
3676 2424 3764 2463 re-

2179 2502 2392 2573 Spuenti
2427 2512 2481 2557 et
2511 2503 2715 2557 amanti
2752 2501 3019 2565 cazlestia,
3060 2501 3280 2571 speciali
3319 2501 3661 2556 insecutiouc
3696 2515 3763 2553 se

2179 2593 2458 2663 ingerunt,
2498 2602 2552 2649 et
2589 2602 2738 2648 tanto
2783 2593 3142 2663 perniciosius
3193 2603 3396 2663 quanto
3445 2591 3764 2648 consulendi

2178 2684 2356 2755 gratia
2402 2685 2504 2741 sub
2543 2685 2843 2740 amicorum
2874 2685 3095 2741 nomine
3146 2685 3409 2741 devotius.
3453 2684 3767 2756 Respondet

2185 2785 2370 2832 tamen
2413 2776 2584 2842 lsaac,
2628 2792 2828 2848 eosque
2870 2778 3156 2850 praevenit,
3189 2794 3251 2834 ac
3278 2780 3323 2834 si
3355 2779 3565 2834 diceret
3594 2777 3770 2846 :Quis

2180 2871 2313 2926 mihi
2352 2884 2651 2928 conventus
2694 2874 2993 2938 vobiscum,
3044 2891 3166 2929 cum
3216 2876 3291 2930 nil
3335 2875 3388 2930 in
3431 2874 3588 2930 vobis
3615 2874 3767 2930 aliud

2179 2978 2342 3033 quam
2397 2963 2595 3019 lelbale
2638 2963 2836 3018 animae
2885 2979 3017 3019 meae
3069 2966 3219 3020 virus
3272 2964 3659 3035 compererim,
3707 2972 3769 3019 et

2179 3057 2293 3112 sola
2335 3066 2517 3113 vestra
2562 3054 2974 3111 exsecraln‘litas
3023 3072 3121 3110 suo
3167 3058 3395 3111 horrore
3441 3058 3508 3111 ab
3556 3056 3765 3113 ambitu

2180 3146 2364 3201 δίρρυιί
2415 3159 2503 3200 me
2551 3144 2860 3215 expulerit?
2924 3143 3160 3199 Vidimus
3207 3156 3415 3210 tecunt,
3478 3145 3760 3214 inquiunt.

2181 3238 2294 3308 ipsa
2321 3237 2503 3307 operis
2528 3236 2799 3292 evidentia
2845 3236 3016 3292 Deum
3056 3253 3186 3291 esse.
3222 3234 3295 3291 Et
3337 3251 3457 3291 cum
3492 3232 3763 3306 spirituali

2180 3334 2479 3401 praeeellas,
2520 3330 2666 3386 omni
2713 3329 2999 3399 temporali
3042 3346 3102 3385 es
3131 3330 3326 3399 dignus
3350 3329 3590 3394 honore,
3618 3331 3767 3399 quod

2181 3422 2383 3478 multos
2408 3421 2657 3477 obtinere
2683 3423 2863 3477 cernis
2898 3422 3157 3488 indebita,
3192 3438 3314 3478 cum
3347 3432 3450 3477 tuae
3479 3422 3768 3493 religionis

2182 3514 2344 3568 favor
2378 3512 2708 3570 diﬁitttdatttr
2754 3514 2972 3583 ubique.
3021 3513 3254 3568 Attende
3302 3528 3432 3585 ergo
3477 3514 3624 3583 quod
3666 3512 3768 3566 tibi

2179 3603 2438 3675 prodesse
2474 3604 2741 3672 cupimus,
2773 3619 2840 3658 ne
2870 3619 3067 3658 renuas
3097 3604 3415 3673 impendere
3439 3618 3601 3658 aures
3625 3603 3769 3658 bene

2186 3694 2623 3761 consulentibus,
2654 3696 2927 3766 perpende
2959 3695 3104 3765 quod
3135 3696 3227 3750 tibi
3257 3710 3532 3765 nunquam
3561 3694 3770 3749 damno

2188 3787 2410 3851 luimus,
2455 3802 2558 3841 nec.
2603 3796 2722 3843 tuas
2764 3788 3155 3858 prosperitates
3200 3788 3604 3854 imminuimus,
3654 3789 3769 3842 into

2184 3878 2464 3948 multiplici
2506 3877 2663 3933 laude
2700 3879 2990 3949 pollentem
3032 3895 3177 3935 nunc
3214 3894 3384 3950 usque
3409 3880 3592 3951 vigere
3620 3896 3742 3951 per-

2185 3970 2453 4023 misimus.
2500 3968 2699 4024 Ftedus
2747 3970 2932 4039 itaque
2981 3978 3226 4024 nostrum
3257 3985 3324 4025 ne
3354 3984 3599 4040 respuas,
3640 3986 3763 4025 cum

2186 4061 2295 4115 Deo
2329 4059 2725 4130 multiplicante
2757 4068 2806 4115 te
2835 4060 3017 4131 augeri
3046 4062 3274 4124 sentias,
3323 4062 3367 4117 si
3412 4062 3636 4117 monitis
3670 4078 3764 4116 ac-

2185 4152 2464 4222 quiescas;
2518 4150 2634 4207 hzce
2682 4152 3087 4224 a:qnipolleuter
3141 4154 3283 4209 dicta
3334 4155 3518 4209 sensui
3572 4169 3764 4209 eorum

2183 4252 2506 4297 consonant.

2256 4333 2421 4389 Vens.
2448 4334 2537 4400 30,
2570 4334 2659 4396 5|,
2692 4334 2781 4401 52,
2808 4332 2899 4390 33.
2921 4366 2992 4377 —
3015 4334 3164 4392 Fecit
3190 4354 3312 4410 ergo
3346 4338 3420 4394 eis
3451 4338 3765 4403 convivium,

2187 4437 2253 4491 et,
2288 4438 2400 4498 post
2429 4429 2601 4483 cibum
2645 4439 2688 4483 et
2728 4439 2929 4499 potum,
2980 4441 3247 4501 surgentes
3276 4448 3428 4486 mane
3449 4432 3765 4502 juraverunt

502 4541 717 4597 semper
751 4526 1029 4581 meliorem
1070 4523 1239 4588 avidi,
1279 4522 1398 4576 sine
1424 4536 1531 4591 qua
1559 4520 1737 4576 omnis
1778 4519 1952 4575 virtus
1985 4535 2082 4573 an-
2116 4526 2161 4582 D
2187 4521 2285 4576 sibi
2332 4532 2534 4576 mutuo.
2583 4522 2893 4594 Dimisitque
2932 4540 3018 4578 eos
3058 4523 3275 4595 paciﬁce
3312 4524 3471 4579 Isaac
3502 4526 3555 4578 in
3595 4524 3767 4580 locant

504 4628 663 4691 gusta
711 4626 818 4684 est,
861 4613 1316 4680 constabiliendo,
1355 4613 1482 4669 hinc
1510 4612 1635 4668 inde
1674 4612 1888 4668 collatis
1909 4612 2080 4665 virtu-

506 4711 649 4766 tibus
689 4709 756 4764 ad
801 4707 971 4763 Deum
1016 4705 1317 4775 erigimus:
1347 4704 1491 4759 unde
1522 4712 1569 4758 et
1593 4704 1831 4758 invocato
1862 4702 1959 4757 Dei
1989 4718 2084 4757 no-

504 4803 644 4857 mine
671 4800 870 4857 dicitur
896 4798 1209 4855 extendisse
1245 4795 1666 4860 tabernaculum,
1709 4796 1836 4848 dum
1881 4808 1987 4848 non
2016 4791 2082 4847 ad

506 4890 586 4943 sui
619 4889 787 4959 ipsius
812 4886 1142 4958 opinionem,
1176 4884 1270 4939 sed
1300 4884 1368 4939 ad
1394 4883 1488 4938 Dei
1520 4882 1690 4939 solius
1719 4883 1929 4937 laudem
1956 4896 2085 4952 ope-

507 4997 626 5036 rum
654 4979 937 5037 effectibus
966 4979 1120 5033 bona:
1150 4980 1325 5031 exerit
1350 4975 1645 5031 voluntatis
1680 4975 1979 5045 appetitum
2016 4974 2083 5028 ad

506 5070 601 5127 Dei
634 5070 883 5126 militiam
916 5066 1345 5136 exsequendum.
1380 5065 1493 5121 lloc
1522 5065 1666 5121 enim
1699 5066 1876 5135 signat
1907 5065 2087 5120 taber-

507 5160 781 5225 naculum,
830 5157 1077 5228 prmcipit
1118 5157 1278 5210 servis
1315 5164 1375 5209 ut
1415 5155 1623 5209 fodiant
1684 5164 1921 5224 puteum,
1960 5170 2086 5209 cum

506 5253 858 5308 interioribus
897 5250 1367 5319 exterioribusque
1386 5248 1545 5319 106
1563 5247 1677 5302 suis
1708 5248 1898 5301 indicit
1926 5247 2087 5301 moti-

508 5344 631 5407 bus,
664 5350 722 5395 ut
745 5348 1076 5402 scrutentur,
1107 5338 1295 5407 quanti
1330 5337 1506 5392 valeat
1536 5346 1754 5408 gustare
1776 5338 2090 5406 prtesentia-

506 5430 658 5493 liter,
690 5429 734 5484 si
768 5428 903 5481 tanti
936 5427 1077 5481 valet
1110 5428 1396 5496 azuigmata
1428 5427 1694 5497 speculari
1725 5428 1914 5481 Deum.

583 5520 746 5577 Vens.
772 5518 863 5582 26,
892 5517 983 5582 27,
1008 5518 1099 5574 28.
1123 5549 1192 5558 —
1215 5518 1295 5573 Ad
1321 5535 1473 5589 quem
1493 5518 1663 5573 locum
1690 5536 1808 5573 cum
1831 5519 2087 5574 venissent

508 5613 572 5667 de
601 5610 819 5665 Geraris
845 5608 1162 5675 Abimelech,
1197 5622 1243 5665 et
1278 5611 1509 5666 0cozath
1534 5615 1689 5667 amici
1718 5615 1854 5684 ejus,
1888 5625 1934 5669 et
1965 5614 2090 5668 Phi-

509 5700 590 5754 col
627 5702 738 5752 dux
760 5698 1009 5765 militum,
1040 5700 1241 5756 locutus
1264 5712 1339 5757 est
1375 5705 1448 5758 eis
1481 5704 1636 5760 Isaac
1662 5719 1679 5757 :
1707 5706 1847 5771 Quid
1883 5709 2089 5761 venistis

509 5793 581 5847 ad
607 5808 688 5845 me
710 5792 971 5846 hominem
1019 5810 1169 5864 quem
1217 5798 1416 5867 odistis,
1456 5812 1503 5854 et
1541 5802 1813 5874 expulistis
1837 5819 1867 5855 a
1899 5802 2038 5857 vobis
2066 5802 2090 5854 ?

2186 4629 2361 4668 suum.
2402 4612 2537 4668 Ecce
2569 4625 2743 4669 autem
2777 4624 3020 4687 venerunt
3063 4617 3115 4670 in
3152 4618 3262 4687 ipso
3296 4617 3381 4672 die
3422 4618 3557 4672 servi
3609 4616 3764 4672 Isaac

2188 4708 2562 4762 aununtiautes
2603 4710 2650 4763 ei
2677 4709 2741 4762 de
2765 4720 2916 4779 puteo
2939 4728 3090 4782 quem
3119 4712 3383 4782 (oderant,
3406 4723 3560 4783 atque
3589 4713 3768 4769 dicen—

2208 4808 2283 4852 tes
2311 4812 2328 4849 :
2356 4798 2659 4855 Invenimus
2687 4818 2897 4871 aquam.
2937 4802 3089 4858 Unde
3127 4805 3403 4876 appellavit
3431 4823 3570 4871 eum,
3597 4806 3770 4860 Abuno

2191 4890 2452 4944 dantiam.
2502 4891 2698 4946 Tribus
2747 4893 2853 4948 illis
2903 4895 3211 4950 convivium
3263 4895 3414 4952 Isaac
3454 4896 3605 4961 facit,
3648 4913 3769 4953 cum

2192 4978 2340 5047 ipsas
2366 4980 2625 5035 vitiorum
2657 4982 2998 5039 adulationes
3022 4985 3527 5043 ratiocinationibus
3550 4988 3772 5059 quibus-

2190 5068 2312 5123 dam
2338 5080 2523 5139 auget,
2550 5080 2604 5125 et
2629 5073 2819 5126 nutrit.
2849 5072 2975 5129 Post
3002 5075 3181 5129 cibum
3229 5085 3283 5131 et
3307 5084 3493 5146 potum
3522 5087 3772 5149 surgunt,

2190 5176 2312 5216 cum
2364 5172 2486 5233 post
2537 5163 2739 5219 fercula
2794 5167 3108 5235 temporalis
3155 5169 3365 5239 gloria,
3412 5185 3533 5239 qure
3556 5169 3774 5240 potibus

2190 5255 2487 5325 irrigantur
2530 5258 2741 5312 consilii
2789 5259 3017 5314 rationis
3065 5261 3336 5327 humanae,
3384 5262 3669 5317 elevantur
3718 5262 3773 5315 in

2191 5362 2341 5417 spem
2385 5349 2696 5405 ambitionis
2724 5350 3021 5419 explendae.
3047 5352 3199 5407 Mane
3218 5353 3322 5407 sibi
3353 5360 3545 5408 mutuo
3564 5354 3773 5425 jurant,

2191 5438 2316 5493 dum
2340 5440 2390 5494 in
2415 5440 2530 5509 ipso
2574 5441 2949 5510 prosperitatis
2977 5444 3155 5498 arrisu
3201 5458 3323 5499 sese
3364 5443 3539 5499 lidelis
3594 5444 3775 5497 anima

2188 5539 2245 5584 et
2310 5531 2501 5587 vitium
2561 5534 2957 5588 contoederant.
3029 5533 3190 5589 Mane
3250 5536 3364 5591 sive
3410 5550 3664 5606 ,aurora,
3723 5544 3777 5589 et

2128 5688 2141 5704 _
2192 5624 2356 5677 etiam
2402 5625 2519 5679 dies
2564 5640 2661 5695 pro
2699 5626 2955 5682 secundis
2987 5629 3149 5682 rebus
3181 5637 3479 5698 ponuntur,
3519 5637 3579 5681 ut
3604 5636 3689 5682 est
3720 5627 3773 5681 in

2192 5711 2332 5766 Job:
2367 5711 2424 5767 Si
2466 5714 2638 5768 subito
2690 5719 2991 5785 apparuerit
3025 5734 3240 5783 auram,
3285 5718 3616 5770 arbitrantur
3663 5734 3778 5769 um-

2196 5803 2340 5856 bram
2386 5804 2567 5858 mortis
2611 5803 2733 5876 (Job
2797 5822 2943 5874 utv,
2979 5808 3085 5877 Π).
3138 5808 3191 5861 In
3242 5808 3415 5862 locum
3473 5823 3633 5862 suum
3683 5820 3776 5860 eos
