3982 6360
227 340 341 397 205

241 551 364 619 gari
396 565 457 605 ea
486 550 606 604 sine
633 549 740 603 ulla
772 548 996 618 spiritus
1022 546 1395 617 objurgatione
1420 546 1702 616 permittit,
1729 544 1823 600 sed

237 640 300 694 in
330 640 447 710 ipsa
494 640 603 704 die,
652 654 774 709 quae
823 638 889 691 ad
940 652 1129 707 pacem
1176 637 1299 698 sibi,
1334 636 1437 706 pia:
1476 633 1824 706 cogitationis

237 740 442 796 motus,
473 731 566 800 qui
602 731 799 785 rationi
826 729 1152 792 inserviunt,
1195 727 1438 782 interiori
1466 727 1670 783 homini
1697 741 1822 796 sug—

226 831 433 894 gerunt
460 838 517 876 se
550 822 826 877 invenisse
855 836 1073 891 aquam,
1100 835 1159 874 se
1182 819 1276 873 Dei
1305 818 1540 887 aliquam
1572 826 1822 887 gustasse

236 915 518 969 notitiam.
574 912 729 968 Unde
779 923 835 967 et
883 910 1116 981 appellat
1159 909 1571 971 Abundantium,
1617 906 1743 975 quia
1790 920 1818 958 a

232 1003 621 1075 temporalium
677 988 923 1073 appetitur
954 1016 1014 1055 se
1046 1008 1263 1055 revocat
1294 999 1359 1053 ad
1402 997 1597 1051 divinae
1627 1009 1818 1066 perpe-

232 1097 453 1151 tuitatis
480 1095 916 1151 exuberantiam.
946 1090 1013 1147 Et
1044 1108 1228 1146 nomen
1249 1091 1363 1144 urbi
1395 1089 1692 1159 impositum
1721 1096 1817 1152 est,

243 1187 507 1241 Bersabee
536 1203 697 1257 usque
725 1185 779 1239 in
809 1192 1114 1254 pra’sentem
1141 1182 1297 1235 diem.
1326 1180 1464 1235 Urbs
1495 1180 1597 1234 ista
1632 1194 1821 1249 super-

196 1277 481 1333 ccelcstis
526 1276 783 1331 Ecclesia:
822 1274 1129 1342 frequentia
1178 1280 1286 1355 es},
1336 1286 1457 1340 quae
1500 1271 1626 1324 vita:
1671 1269 1819 1324 fonte

229 1367 498 1430 nutritur,
522 1366 610 1420 ubi
638 1365 817 1419 lumen
842 1364 893 1417 in
920 1362 1145 1425 lumine,
1174 1370 1225 1415 et
1248 1361 1367 1415 dies
1395 1360 1461 1416 de
1485 1359 1572 1414 die
1601 1359 1816 1415 videtur

229 1457 409 1529 (Psal.
439 1473 604 1521 xxxv,
639 1456 751 1522 10).
784 1456 1057 1510 Bersabee
1106 1454 1209 1509 sibi
1258 1469 1453 1508 nomen
1498 1452 1815 1522 imponitur,

225 1551 356 1620 quia
380 1549 791 1604 exeandcseens
816 1549 1088 1612 avaritiae,
1119 1546 1202 1599 vel
1228 1545 1524 1616 cujuslibet
1556 1544 1674 1599 vitii
1698 1543 1818 1597 sitis

224 1641 284 1695 in
327 1641 433 1694 hoc
483 1638 683 1693 sreculo
737 1654 836 1708 per
880 1637 1394 1707 centeniplatiouem
1446 1634 1609 1703 hujus
1654 1634 1817 1690 fontis

222 1746 431 1791 aeterna
463 1735 749 1790 saturitate
777 1733 1160 1802 exstinguitur,
1190 1732 1242 1785 in
1273 1732 1453 1785 futuro
1479 1739 1588 1783 tota
1619 1722 1813 1783 salva?

223 1836 407 1882 torum
455 1840 587 1897 pars
641 1825 760 1895 ejus
793 1826 910 1879 sola
942 1822 1215 1879 inlusione
1261 1823 1423 1877 beata
1469 1820 1717 1876 ellieitur.
1762 1822 1813 1877 Is
1846 1806 1888 1860 Β

222 1917 372 1972 enim
390 1925 596 1987 puteus
630 1916 723 1971 Dei
750 1915 961 1971 scilicet
996 1916 1209 1975 notitia,
1248 1914 1513 1985 pertingit
1550 1930 1720 1984 usque
1759 1915 1810 1968 in

222 2006 376 2063 illam
428 2007 572 2062 diem
613 2005 997 2061 indefectivam
1038 2004 1458 2075 przesentialiter
1498 2006 1809 2068 videndam.

224 2114 351 2168 qua:
397 2114 504 2152 una
543 2097 735 2154 melior
762 2106 847 2153 est
868 2099 922 2151 in
950 2099 1107 2154 atriis
1129 2098 1262 2161 suis,
1294 2112 1455 2167 quam
1483 2098 1655 2152 millia
1685 2099 1799 2153 die-

227 2205 351 2244 rum
385 2188 562 2260 (Psal.
590 2206 823 2257 Lxxxm,
850 2191 962 2261 ll).

301 2280 471 2336 Vens.
496 2281 591 2348 54,
623 2282 711 2336 35.
746 2313 816 2323 -—
848 2281 994 2337 Esau
1032 2298 1152 2336 vero
1175 2282 1629 2352 quadragenarius
1664 2282 1815 2336 duxit

225 2391 444 2440 uxores,
485 2374 676 2429 Iudith
720 2376 889 2444 ﬁliam
936 2375 1090 2430 Beeri
1142 2374 1374 2439 Hethwi,
1424 2386 1472 2429 et
1532 2374 1813 2429 Basematli

224 2464 397 2533 ﬁliam
418 2464 556 2519 ΕΙοη
578 2466 814 2535 ejusdem
847 2466 949 2520 loci
963 2484 982 2531 ;
1010 2481 1128 2536 qua:
1150 2464 1317 2519 amba:
1338 2464 1664 2533 offenderant
1697 2464 1814 2517 ani-

226 2572 372 2610 mum
402 2556 561 2611 Isaac
584 2566 632 2610 et
661 2555 924 2611 Rebeccw.
956 2556 1098 2611 Esau
1139 2556 1232 2625 qui
1275 2556 1670 2624 interpretatur
1697 2554 1813 2623 fru—

225 2659 359 2715 stra,
407 2648 721 2703 inferiorem
776 2648 948 2702 nostri
987 2656 1232 2717 partem,
1284 2646 1560 2700 carnalem
1608 2645 1815 2701 scilicet

225 2740 412 2811 signat
434 2739 709 2803 allectum,
737 2740 967 2794 vanitati
997 2740 1284 2794 intentum.
1315 2738 1415 2806 Qui
1445 2737 1815 2809 quadragena-

226 2832 361 2898 rius,
401 2831 454 2886 id
491 2839 578 2886 est
625 2832 1008 2901 temporalitati
1038 2847 1161 2901 qua:
1188 2831 1540 2901 quaternario
1567 2830 1816 2900 signatur

224 2924 500 2990 addictus,
545 2925 701 2980 duxit
749 2940 962 2988 uxores,
994 2923 1254 2988 lascivia},
1286 2922 1575 2977 mundialis
1600 2921 1813 2992 cupidi-

226 3014 396 3080 tatis;
425 3014 611 3070 Judith
639 3014 864 3069 laudans
894 3015 978 3069 vel
1009 3014 1296 3083 conﬁtens;
1328 3014 1480 3068 Beeri
1505 3015 1672 3080 putei;
1709 3012 1814 3067 He-

1362 336 1727 394 MORALIUM
1765 336 1833 391 IN
1869 338 2164 396 GENESIN
2205 341 2333 397 LIB.
2361 340 2471 396 VII.

232 459 471 528 paeilice
517 458 759 520 dimittit,
811 457 938 510 dum
989 470 1086 525 per
1126 452 1356 509 affectus
1381 455 1673 508 vanitatem
1700 469 1827 508 eva-
1857 465 1907 518 Α

3403 346 3512 402 9.06

2486 458 2711 515 CAPUT
2751 460 2962 515 XXVII.

2002 544 2163 600 Vens.
2202 546 2251 608 I,
2280 548 2337 611 2,
2371 548 2424 601 '5.
2456 579 2523 588 -—
2557 548 2741 604 Senuit
2788 559 2961 603 autem
3004 549 3180 615 Isaac,
3242 562 3289 605 et
3315 557 3511 627 caliga-

1927 649 2106 691 verum
2131 638 2269 691 oculi
2290 639 2427 707 ejus,
2485 652 2531 695 et
2578 643 2751 697 videre
2800 658 2904 696 non
2935 652 3157 712 poterat.
3199 642 3513 719 Vocavitque

1926 726 2073 781 Esau
2116 728 2287 796 ﬁlium
2338 746 2491 783 suam
2548 734 2824 800 majorem,
2874 744 2919 786 et
2959 732 3089 788 dixit
3138 735 3227 788 ei:
3263 734 3371 790 Fili
3418 741 3510 791 mi.

1925 819 2144 882 Adsum,
2180 821 2373 889 inquit.
2406 819 2504 875 Cui
2554 836 2721 891 pater.
2786 823 2939 880 Vides
2968 828 3106 896 quod
3157 831 3435 895 senuerim,
3465 843 3512 884 et

1923 910 2155 980 ignorem
2195 911 2330 965 dicat
2364 914 2545 966 mortis
2575 930 2724 967 metu.
2785 913 2946 970 Sume
2993 934 3142 971 arma
3183 928 3294 986 tua,
3324 922 3512 989 phare-

1924 1009 2060 1054 tram
2100 1011 2146 1054 et
2202 1018 2409 1069 arcum,
2456 1012 2505 1056 et
2558 1004 2801 1072 egredere
2831 1005 2998 1072 foras.
3060 1008 3208 1063 Isaac
3237 1019 3511 1073 senectus,

1924 1090 2118 1143 anima:
2147 1099 2230 1145 est
2263 1105 2293 1144 a
2340 1092 2612 1160 spirituali
2668 1093 2865 1147 robore
2913 1094 3178 1151 defectus.
3219 1094 3373 1153 Oculi
3397 1100 3514 1170 ejus

1924 1179 2180 1250 caligant,
2215 1195 2339 1234 cum
2381 1179 2497 1249 ejus
2532 1183 2733 1237 mentis
2760 1183 2934 1237 aciem
2991 1199 3020 1237 a
3072 1186 3193 1251 Deo
3243 1189 3513 1245 desideria

1922 1283 2086 1336 prava
2138 1270 2511 1325 reverberant.
2583 1271 2873 1341 Postquam
2924 1288 3057 1342 ergo
3109 1274 3385 1344 ingenium
3444 1283 3513 1335 ab

1923 1362 2137 1416 interna
2189 1363 2400 1418 visione
2444 1374 2650 1429 cessat,
2704 1365 2755 1419 in
2805 1365 3057 1421 allectum
3096 1369 3297 1431 cordis,
3355 1371 3514 1440 juxta

1921 1456 2209 1525 psalmum,
2243 1457 2386 1512 illico
2409 1472 2632 1512 necesse
2665 1466 2749 1513 est
2774 1454 3013 1514 transeat
3036 1460 3208 1531 (Psal.
3230 1478 3405 1527 Lxxu,
3433 1464 3512 1533 '7),

1922 1547 2065 1601 unde
2090 1556 2144 1600 et
2183 1548 2445 1619 majorem
2494 1563 2602 1602 non
2654 1549 2940 1620 dignitate,
2982 1552 3075 1604 sed
3108 1553 3340 1620 quadam
3378 1563 3513 1607 tem-

1923 1638 2125 1708 poralis
2178 1655 2308 1695 usus
2360 1639 2752 1710 primrevitate,
2806 1640 2978 1709 ﬁlium
3033 1642 3239 1710 ipsum,
3301 1644 3514 1700 scilicet

1919 1730 2175 1787 allectum
2206 1732 2458 1793 advocat,
2494 1731 2603 1785 Fili
2630 1734 2744 1786 mi?
2770 1734 2848 1787 Ac
2877 1733 2921 1787 si
2953 1734 3133 1788 dicat:
3169 1734 3302 1789 Cum
3358 1745 3515 1789 natu-

1918 1824 2106 1879 raliter
2134 1840 2200 1879 ex
2234 1840 2319 1879 me
2364 1825 2617 1895 prodeas,
2670 1841 2777 1880 non
2841 1836 2925 1881 est
2953 1826 3268 1889 absurdum,
3303 1827 3347 1881 si
3382 1828 3515 1883 meis

1917 1916 2061 1969 votis
2094 1915 2381 1970 inservias.
2414 1915 2578 1970 Vides
2602 1917 2745 1985 quod
2775 1916 2842 1970 ab
2876 1932 3061 1972 arnore
3093 1933 3331 1987 superno
3361 1918 3513 1974 defc-

1917 2007 2107 2071 cerim,
2141 2014 2195 2059 et
2226 2006 2392 2071 diem,
2429 2007 2479 2059 id
2506 2017 2590 2061 est
2641 2007 3056 2078 intelligentiam
3108 2008 3269 2078 hujus
3321 2024 3351 2065 a
3402 2009 3513 2063 Deo

1919 2098 2051 2152 mihi
2088 2097 2248 2152 illata:
2275 2098 2596 2154 defectionis
2627 2098 2895 2171 ignorem.
2945 2100 3111 2157 Sume
3140 2118 3271 2172 ergo
3319 2103 3513 2168 pltare-

1920 2197 2057 2240 tram
2086 2188 2324 2255 consilii,
2358 2190 2451 2244 ubi
2506 2191 2857 2261 sagittarum,
2907 2192 2960 2245 id
3002 2202 3084 2246 est
3114 2195 3511 2249 sententiarum

1914 2277 2129 2347 capiam
2192 2293 2491 2349 congeras,
2538 2290 2585 2333 et
2639 2297 2821 2335 arcum
2868 2281 3076 2336 callidae
3132 2292 3186 2338 et
3237 2283 3512 2339 insidiosa:

1918 2371 2274 2441 operationis,
2307 2388 2415 2443 quo
2441 2383 2739 2444 conceptas
2789 2374 3109 2431 dolositates
3142 2375 3423 2442 excludas,
3458 2386 3513 2433 et

1921 2467 2005 2520 his
2034 2475 2279 2521 armatus
2322 2468 2566 2537 egredere
2608 2466 2777 2534 foras,
2829 2469 3151 2525 interiorum
3188 2472 3380 2541 utique
3413 2486 3509 2527 ne-

1917 2556 2124 2628 gligens
2152 2557 2399 2613 forenses
2429 2573 2624 2613 exerce
2648 2574 2835 2625 curas;
2864 2562 3162 2615 secundum
3193 2564 3297 2618 hoc
3321 2578 3512 2633 pecca-

1920 2658 2086 2713 tores,
2119 2650 2171 2704 in
2218 2650 2448 2706 Psalmis
2490 2669 2501 2703 :
2536 2650 2879 2705 Intendernnt
2922 2670 3138 2716 arcum,
3194 2671 3509 2722 pararerun:

1916 2743 2139 2811 sagittas
2186 2740 2243 2794 in
2295 2742 2545 2810 pharetra
2579 2740 2754 2811 (Psal.
2804 2760 2857 2807 x,
2887 2743 2967 2809 2),
3004 2754 3056 2796 ut
3098 2745 3313 2799 scilicet
3355 2750 3509 2815 pravi

1918 2842 2096 2889 motus
2140 2832 2378 2887 directas
2427 2834 2699 2903 perimant
2762 2835 3294 2908 rationes.‘Cumque
3322 2850 3509 2892 venata

1917 2924 2117 2995 alii/uid
2137 2925 2573 2993 apprehenderis;
2607 2925 2794 2993 (Vens.
2827 2925 2882 2998 4)
2933 2926 3019 2996 fac
3060 2927 3186 2980 mihi
3215 2927 3337 2981 inde
3390 2927 3509 2998 pul-

1917 3028 2167 3081 mentum,
2212 3017 2344 3070 sicut
2371 3016 2495 3070 velle
2518 3032 2597 3069 me
2622 3018 2777 3082 nosti,
2808 3028 2852 3070 et
2882 3018 3016 3087 aﬂer
3038 3028 3094 3071 ut
3139 3018 3430 3083 comedam,
3457 3030 3508 3073 et

225 3108 402 3164 thmus
444 3108 640 3164 dicitur
676 3119 909 3179 stupens.
952 3108 1256 3174 Confessio,
1297 3117 1351 3163 et
1383 3108 1521 3173 laus,
1555 3122 1674 3178 quae
1702 3109 1814 3163 Deo
1843 3149 1888 3209 Ο
1920 3109 2190 3162 benedicat
2214 3109 2307 3162 tibi
2333 3111 2511 3162 anima
2546 3125 2682 3170 mea,
2735 3120 3014 3178 antequam
3063 3112 3282 3164 moriar.
3332 3111 3508 3167 Vena-

226 3197 341 3253 sola
380 3198 562 3253 szeculi
608 3199 969 3269 prosperitate
1017 3198 1269 3265 refertur,
1320 3199 1429 3252 ﬁlia
1487 3207 1611 3263 est,
1664 3196 1808 3253 ﬂuxa

224 3286 498 3354 videlicet,
524 3289 601 3343 nil
638 3290 857 3360 dignum
899 3290 1101 3344 virtute
1128 3302 1351 3360 gerens,
1385 3296 1440 3343 et
1469 3288 1577 3342 ﬁlia
1616 3296 1809 3357 puteo-

227 3393 377 3444 rum,
436 3378 488 3432 id
522 3387 608 3433 est
642 3379 1205 3448 concupiscentiarum
1238 3378 1559 3443 carnalium,
1592 3378 1715 3447 quia
1745 3392 1813 3434 ex

228 3469 430 3543 gaudio
463 3471 868 3525 obscurissima:
893 3471 1269 3526 delectationis
1298 3470 1548 3541 emergit.
1580 3469 1816 3525 Confite-

229 3570 323 3614 tur
352 3560 497 3615 enim
530 3576 632 3632 pro
662 3561 812 3615 nullo
845 3561 1177 3617 aeternitatis
1204 3576 1389 3617 amore
1425 3602 1440 3627 ,
1474 3564 1567 3619 sed
1597 3562 1721 3628 quia
1747 3564 1814 3617 ad

226 3668 471 3723 praesens
530 3654 873 3710 benefeeeris
930 3656 1001 3710 ei.
1057 3656 1125 3710 Et
1177 3655 1300 3711 talis
1344 3642 1634 3723 confessio,
1684 3655 1810 3709 dum

225 3745 381 3814 quasi
414 3745 642 3801 devotos
675 3760 734 3800 se
761 3747 871 3801 Deo
901 3746 1263 3812 arbitrantur,
1294 3747 1345 3801 in
1375 3747 1589 3817 reprobi
1621 3761 1813 3802 sensus

223 3850 319 3891 eos
361 3836 530 3891 mittit
577 3846 880 3907 stuporem,
909 3847 971 3892 ut
998 3838 1168 3894 libere
1196 3839 1297 3894 sibi
1333 3840 1623 3894 videantur
1654 3855 1813 3909 posse

223 3928 405 3983 omnis
422 3928 539 3983 vitii
556 3944 817 3984 exercere
834 3929 1080 3984 fetorem.
1097 3929 1401 3993 Basemath,
1424 3932 1475 3984 in
1491 3930 1807 3996 nominibus,

225 4018 341 4077 sive
381 4020 707 4091 delinquens,
744 4020 825 4076 vel
863 4020 1096 4091 deposita
1147 4023 1557 4091 interpretatur,
1615 4022 1666 4075 iu
1706 4037 1811 4091 quo

222 4109 543 4179 intelligitur
571 4111 844 4180 superbia,
876 4126 997 4180 qua:
1044 4111 1200 4166 valde
1246 4111 1511 4181 gloriatur
1566 4112 1620 4166 in
1651 4113 1808 4183 107

220 4200 509 4254 nominum
540 4200 1018 4255 celebrationibus.
1044 4200 1247 4255 l‘tomen
1271 4202 1416 4256 enim
1450 4202 1502 4256 in
1530 4200 1811 4272 Scriptura

218 4290 419 4347 usitate
471 4305 572 4360 pro
619 4289 760 4344 fama
802 4292 1043 4361 ponitur.
1085 4291 1214 4357 Quae
1246 4291 1372 4345 dum
1404 4306 1523 4346 scse
1576 4292 1811 4346 inaniter

217 4380 540 4435 extollendo
568 4380 853 4449 delinquit,
885 4380 955 4433 ad
990 4390 1209 4435 :eternae
1238 4380 1594 4451 depositionis
1622 4396 1809 4435 casum

215 4474 417 4528 tendit.
473 4473 628 4528 Elom
683 4483 864 4528 autem
913 4474 1115 4527 dicitur
1161 4474 1303 4543 regio
1343 4474 1671 4543 campestris,
1724 4474 1806 4529 vel

214 4579 468 4630 quercus.
520 4563 690 4634 Regio
742 4563 1083 4618 latitudinem
1115 4565 1243 4618 vitre
1274 4556 1552 4619 saecularis
1598 4566 1803 4631 innuit;

215 4670 450 4726 campus
489 4656 943 4712 incultibilitatem
994 4656 1194 4712 mentis
1241 4658 1501 4711 ostendit.
1564 4657 1809 4725 Quercus

219 4750 382 4819 Cujus
413 4748 620 4805 fructus
639 4764 834 4819 porcos
858 4749 1052 4819 pascit,
1085 4749 1367 4818 operarios
1400 4750 1658 4819 nequitia:
1684 4751 1806 4819 qui-

222 4845 326 4899 bus
376 4842 653 4898 dtemones
696 4841 1109 4913 aggratulanlur
1155 4842 1450 4912 portendit.
1503 4842 1634 4896 Filia
1681 4858 1810 4913 ergo

225 4933 409 4988 talium
442 4933 715 5003 superbia,
747 4949 813 4986 ex
848 4932 1003 4987 malis
1044 4933 1279 5002 pessima
1323 4943 1449 4988 nata
1495 4934 1809 5004 parentibus

223 5023 388 5090 Esau,
417 5023 471 5077 id
501 5031 584 5078 est
607 5021 980 5077 affectualitati
1016 5023 1282 5093 jungitur,
1320 5039 1440 5093 qua:
1479 5033 1534 5079 et
1563 5025 1806 5095 ejusdem

176 5110 180 5114 ’
223 5116 351 5183 loci,
384 5116 437 5172 id
466 5125 550 5171 est
580 5131 764 5187 prava:
807 5115 1102 5170 secundum
1154 5132 1369 5171 errores
1415 5116 1804 5186 amplitudinis,

226 5209 460 5279 agrestis
500 5219 556 5264 et
592 5208 892 5264 inaccurati
924 5209 1250 5279 peccatoris,
1283 5209 1525 5277 perversi
1551 5218 1605 5264 et
1634 5227 1664 5265 a
1695 5213 1804 5266 dte-

226 5302 477 5357 monibus
528 5303 699 5357 amati
747 5301 931 5372 operis
973 5300 1192 5356 dicitur.
1244 5300 1293 5353 Is
1333 5298 1560 5357 allectus
1596 5318 1717 5358 eum
1750 5303 1803 5357 in

226 5392 572 5458 smcularibus
605 5393 778 5448 libere
814 5408 912 5464 per
958 5394 1062 5448 ista
1104 5390 1310 5447 difﬂuat
1342 5392 1394 5446 in
1425 5392 1594 5458 Isaac,
1640 5396 1691 5449 id
1723 5405 1808 5451 est

228 5482 275 5537 in
301 5483 484 5537 anima
509 5485 577 5538 de
606 5484 979 5554 supercmlesti
1006 5483 1202 5555 gaudio
1232 5484 1511 5555 cogitanti,
1541 5487 1802 5543 rationem

229 5590 346 5630 cum
372 5575 425 5630 in
458 5576 585 5632 talia
618 5591 676 5632 se
705 5578 979 5649 paulisper
1004 5577 1192 5642 ﬂectit,
1224 5579 1467 5648 graviter
1510 5580 1710 5647 irritat,
1750 5593 1804 5638 et

230 5673 512 5720 conantem
548 5666 809 5723 resistere
851 5667 1089 5723 motibus
1131 5667 1456 5737 Rebeccam,
1504 5668 1555 5725 id
1597 5679 1680 5725 est
1712 5687 1804 5743 pa-

234 5758 468 5814 tientiam
495 5761 761 5817 acerrime
793 5772 968 5819 vexat.

1836 4516 1887 4574 Ι)

1922 3211 2032 3254 tum
2060 3201 2262 3256 vadens
2290 3202 2470 3255 anima
2508 3202 2709 3272 aliquid
2741 3203 3120 3271 apprehendit,
3158 3219 3281 3259 cum
3315 3220 3507 3260 carna-

1912 3292 1983 3346 lia
2012 3293 2153 3347 bona
2191 3304 2439 3361 quaerens
2463 3293 2736 3362 quidpiam
2779 3295 2879 3349 sibi
2909 3305 3223 3363 competens
3253 3296 3507 3352 desiderii

1913 3384 2123 3439 retibus
2144 3384 2418 3453 astringit.
2452 3384 2585 3439 Inde
2631 3386 2957 3454 pulmentum
3012 3387 3161 3451 facit,
3196 3403 3322 3443 cum
3364 3390 3506 3446 idem

1913 3477 2373 3546 concupiscentim
2421 3477 2544 3549 igne
2596 3493 2840 3548 coquens
2888 3479 2942 3533 in
2987 3480 3279 3550 voluptatis
3332 3491 3505 3538 totum

1913 3566 2197 3621 mollitiem
2233 3566 2429 3631 trahit;
2480 3568 2744 3638 quidquid
2776 3568 2920 3624 enim
2948 3579 3043 3624 aut
3090 3570 3385 3637 laboriose,
3414 3586 3510 3627 aut

1914 3657 2151 3711 suaviter
2178 3667 2467 3712 excreetur
2496 3658 2548 3712 in
2579 3660 2797 3724 sarculo,
2824 3661 2984 3716 linem
3030 3677 3144 3718 sum
3184 3662 3506 3719 intentionis

1910 3748 2148 3817 aliquam
2176 3748 2511 3818 voluptatem
2544 3751 2727 3806 habet.
2753 3752 2918 3821 A/fer,
2948 3753 3141 3823 inquit,
3166 3755 3322 3808 sicut
3369 3755 3506 3811 velle

1913 3853 2000 3893 me
2022 3838 2183 3903 nosti,
2214 3848 2268 3891 ut
2296 3840 2588 3913 comedam,
2630 3842 2682 3896 id
2720 3852 2804 3899 est
2850 3844 2994 3899 sicut
3027 3847 3324 3901 humanum
3358 3848 3506 3903 dele-

1914 3931 2050 3986 ctari
2096 3932 2321 4003 conjicis
2369 3947 2587 4004 quaque
2620 3950 2677 3989 re
2730 3935 3006 4003 allectum,
3059 3938 3137 3993 si:
3176 3939 3311 3993 mihi
3342 3939 3500 3999 infer,

1912 4025 2056 4080 unde
2101 4039 2276 4080 meum
2322 4027 2535 4081 nutrire
2580 4029 2806 4084 debeam
2857 4032 3181 4101 appetitum,
3234 4042 3291 4087 ut
3322 4034 3503 4087 anima

1912 4134 2029 4172 mea
2068 4117 2157 4171 tibi
2180 4118 2475 4185 benedicat,
2500 4129 2781 4192 antequam
2807 4124 3025 4188 moriar,
3068 4125 3121 4178 id
3149 4134 3233 4179 cst
3279 4134 3336 4179 ut
3384 4128 3502 4179 ani-

1915 4210 2135 4270 malitas
2180 4225 2300 4266 mea
2370 4212 2461 4266 tibi
2515 4213 2890 4286 multipliciter
2935 4218 3155 4274 insistat
3220 4219 3496 4290 augendo.

1913 4303 2229 4372 priusquam
2259 4306 2675 4373 superveniente
2699 4307 2874 4379 aliqua
2896 4310 3234 4379 paenitudine
3258 4309 3501 4365 saeculari

1914 4393 2100 4463 gloriae
2131 4395 2435 4450 interimar.
2476 4426 2479 4427 ν

1988 4484 2145 4540 Vens.
2188 4487 2245 4551 5,
2278 4486 2329 4540 6.
2356 4517 2426 4525 —
2456 4486 2610 4551 Quod
2637 4506 2753 4542 cum
2784 4490 3014 4543 audisset
3048 4488 3299 4557 Rebecca,
3333 4502 3379 4545 et
3411 4493 3501 4545 ille

1913 4580 2102 4633 abisset
2132 4580 2186 4632 in
2219 4595 2429 4647 agrum,
2460 4589 2514 4632 ut
2532 4580 2824 4648 jussionem
2882 4581 3049 4650 patris
3088 4580 3345 4652 expleret,
3366 4584 3502 4639 dixit

1911 4670 2079 4724 Jacob
2117 4670 2229 4737 [ilio
2254 4685 2371 4722 suo.
2401 4669 2627 4725 Ratione
2651 4670 2813 4740 igitur
2836 4673 2899 4724 ad
2929 4673 3262 4729 mundanum
3294 4675 3500 4732 deﬂexa

1914 4759 2186 4823 allectum,
2217 4761 2476 4829 patientia
2510 4760 2718 4815 scilicet
2765 4761 3031 4831 Rebecca,
3063 4779 3228 4835 quam
3278 4769 3501 4824 amissio

1906 4854 2019 4923 jam
2074 4852 2479 4921 pimtcritorum
2524 4862 2767 4909 exterret
2815 4853 3094 4924 laborum,
3158 4860 3497 4928 spiritualem

1914 4953 2131 5001 revocat
2187 4948 2517 5018 appetitum,
2568 4948 2658 5018 qui
2704 4948 2754 5002 in
2790 4957 3064 5005 terrenum
3113 4949 3228 5017 jam
3261 4969 3499 5023 evagaus

1912 5046 2211 5108 qumstum,
2259 5039 2569 5108 supplantet
2615 5039 2932 5110 cupiditatis
2977 5039 3192 5098 vitium.
3224 5042 3495 5106 Intellexi,

1912 5132 2108 5200 inquit,
2152 5131 2509 5197 intellectum,
2546 5133 2639 5202 qui
2697 5133 2791 5189 tibi
2823 5132 3156 5203 patrocinari
3208 5133 3493 5201 debuerat,

1909 5239 2031 5277 eum
2062 5223 2449 5278 atlectualitate
2474 5234 2721 5294 agentem
2752 5225 2816 5279 de
2839 5223 3140 5280 carnalium
3164 5230 3494 5285 commercio

1909 5329 2113 5382 rerum,
2155 5318 2247 5371 sed
2283 5324 2431 5371 tuum
2481 5333 2547 5372 ne
2596 5332 2819 5386 respuas
2854 5319 3156 5375 attribuerc
3186 5322 3489 5379 caelestium

1907 5406 2021 5475 spei
2074 5406 2400 5461 desiderium
2452 5423 2516 5461 ac
2573 5407 2830 5461 studium.
2872 5407 3059 5479 (Vens.
3102 5412 3182 5483 7.)
3231 5412 3399 5485 Perge
3423 5417 3493 5471 aa‘

1907 5512 2131 5565 gregem,
2163 5496 2296 5564 a/I‘er
2318 5496 2444 5549 mihi
2468 5496 2601 5549 duos
2623 5497 2800 5552 Ita’dos
2822 5499 3076 5569 'optimos,
3109 5515 3163 5556 ut
3187 5504 3380 5574 faciant
3428 5527 3494 5563 ea;

1906 5587 1981 5640 eis
2011 5603 2156 5670 escas
2174 5588 2312 5655 patri
2337 5595 2444 5651 tuo,
2475 5588 2661 5657 quibus
2686 5588 2902 5646 libenter
2920 5597 3257 5650 vescitur.Ad
3287 5614 3493 5671 gregem

1907 5677 2202 5745 pergimus,
2234 5693 2354 5731 cum
2381 5677 2645 5734 virtutum
2681 5681 3071 5755 multiplicitati
3126 5687 3486 5751 intendimus;

1909 5769 2036 5821 duos
2075 5770 2253 5824 laedas
2291 5772 2509 5839 optimos
2551 5770 2870 5843 ollerimus,
2911 5792 3032 5833 cum
3088 5789 3141 5836 et
3183 5788 3384 5846 nostra,
3437 5793 3491 5839 et
