3978 6332
518 343 609 397 207
1327 330 1386 382 V.
1436 315 2077 381 GUIBERTIABBATIS
2116 313 2171 369 S.
2216 311 2455 369 ΜΑΒΙιΕ
2497 310 2585 367 DE
2625 309 3022 367 NOVIGENTO

3633 320 3730 378 208

516 472 695 512 eorum
717 452 1085 524 quos'peccare
1108 444 1331 500 fecimus
1354 436 1489 493 mala
1513 433 1827 506 poenitentia
1855 431 2078 486 nimium
2111 435 2156 493 Α
2185 426 2351 482 Jacob
2386 426 2650 491 videlicet,
2689 424 3111 480 circumdamus.
3160 424 3440 481 lla'dorum
3484 430 3733 497 pelliculis

513 548 619 601 Deo
668 523 821 616 grata
864 542 1145 612 ‘lugemus,
1197 533 1493 598 eademque
1547 526 1726 582 debila
1776 523 2078 616 humilitate

512 612 869 697 conﬁtemur;
900 629 1083 683 Inritus
1110 634 1344 689 namque
1394 625 1735 688 peccatorem
1780 612 2074 683 signiﬁcat.

510 724 703 780 Nescio
737 733 913 777 utrum
961 717 1094 769 alias
1149 713 1202 766 in
1258 712 1360 765 hoc
1389 723 1553 778 opere
1582 706 1831 768 dixerim,
1884 703 2078 759 viderit

512 816 744 882 prudens
773 810 942 864 lector
969 804 1235 859 lsaianum
1268 801 1394 855 illud
1419 817 1446 854 a
1479 798 1706 853 Domino
1735 798 1935 851 dictum
1953 796 2078 850 huic

510 908 624 959 loco
657 897 943 956 convenire
974 913 986 949 :
1023 892 1081 949 Si
1111 892 1326 963 fuerint,
1359 890 1551 960 inquit,
1581 898 1789 958 peccata
1821 896 1988 940 vestra
2021 895 2077 939 ut

507 992 789 1054 coccinum,
832 996 888 1042 et
916 1001 1153 1050 rursum,
1184 992 1239 1039 ut
1267 981 1579 1037 vermiculus
1615 980 1772 1044 (lsai.
1807 996 1845 1043 l,
1878 977 1995 1048 18);
2024 986 2080 1032 et

504 1080 644 1150 quod
676 1080 766 1133 nix
796 1078 862 1132 ad
886 1076 1188 1140 coccinum,
1218 1084 1273 1129 et
1301 1073 1368 1127 ad
1405 1070 1761 1126 vermiculum
1790 1069 1936 1132 lana.
1978 1067 2079 1123 sub

504 1170 704 1240 optima
746 1171 938 1224 horum
989 1169 1154 1222 duum
1207 1164 1601 1236 signiﬁcatione
1647 1161 1901 1218 refertur.
1950 1160 2078 1214 lnde

504 1262 636 1317 facit
662 1260 909 1316 Rebecca
938 1276 1110 1324 escas,
1158 1256 1345 1327 quibus
1400 1256 1615 1310 libenter
1657 1263 1806 1324 pater
1833 1253 2076 1317 vescitur,

503 1371 626 1410 cum
684 1353 894 1423 patiens
947 1352 1059 1423 jam
1100 1349 1459 1423 tentationum
1510 1362 1730 1403 suarum
1755 1360 1820 1400 ex
1851 1345 2075 1400 materia

506 1447 854 1519 pmnitentize,
878 1454 932 1500 et
959 1443 1093 1497 alias
1119 1444 1346 1496 virtutes
1390 1439 1630 1503 conﬁcit,
1679 1439 1877 1509 quibus
1920 1437 2076 1507 quasi

506 1535 864 1592 condimentis
890 1533 1114 1587 rationis
1159 1531 1261 1586 sibi
1297 1530 1658 1601 patrocinium
1696 1535 1942 1582 mutatet
1972 1527 2078 1581 illi-

506 1630 594 1684 cit.
620 1628 806 1699 (Vens.
839 1624 949 1695 10.)
985 1624 1128 1691 Quas
1151 1639 1268 1677 cum
1296 1620 1554 1685 intuleris,
1589 1620 1781 1689 inquit,
1815 1619 2076 1672 benedicat

502 1718 615 1782 tibi,
646 1728 922 1787 antequam
962 1714 1237 1776 moriatur,
1272 1712 1324 1766 id
1361 1721 1443 1766 est
1466 1727 1588 1765 cum
1612 1711 1755 1765 vires
1784 1724 1850 1763 ex
1880 1718 2079 1763 Virtute

2178 520 2417 576 obvolvit
2444 533 2658 585 manus,
2681 534 2802 573 cum
2838 525 3272 587 perpetratorum
3330 519 3586 577 malorum
3622 540 3728 582 me-

2179 612 2368 666 moriis
2409 611 2648 663 futurum
2698 624 2726 663 a
2782 608 2937 677 lapsu
2986 606 3150 661 simili
3202 609 3371 661 munit
3404 625 3554 679 opus.
3606 612 3730 672 Cotti

2181 704 2321 756 nuda
2351 702 2607 772 protegit,
2640 716 2762 754 cum
2819 699 2966 754 verbi
3017 714 3082 753 ac
3130 699 3468 767 cogitationis
3516 708 3732 776 propriae

2180 793 2462 847 immunita
2488 792 2601 862 iugi
2636 790 2979 854 humilitatis,
3020 798 3074 845 et
3102 789 3303 845 erroris
3333 791 3541 859 pristini
3566 809 3731 853 recor-

2178 884 2397 940 datione
2433 884 2697 939 defendit.
2749 883 2829 939 Ea
2883 897 3118 952 namque
3165 896 3286 952 qua:
3317 884 3613 954 cogitamus
3645 903 3732 958 per

2176 977 2373 1032 collum
2397 976 2556 1031 verba
2574 975 2803 1041 edimus,
2832 976 2974 1030 unde
2993 984 3048 1030 et
3075 990 3172 1045 pro
3217 984 3442 1045 utroque
3477 977 3731 1049 ponimus.

2182 1062 2516 1121 Pulmentum
2561 1066 2676 1133 dat,
2708 1052 2833 1122 dum
2863 1074 3100 1122 mentem
3150 1065 3220 1121 ab
3270 1067 3417 1120 omni
3452 1069 3733 1139 sanguinis.

2178 1159 2231 1213 id
2259 1170 2340 1213 est
2374 1158 2581 1227 peccati
2612 1159 2842 1213 humore
2884 1165 3048 1227 atque
3088 1157 3286 1212 duritia
3328 1158 3448 1229 igne
3496 1161 3732 1218 desiderii

2180 1247 2476 1318 spiritualis
2504 1246 2712 1302 emollit
2728 1255 2812 1326 ,ει
2856 1246 3043 1303 siccat.
3077 1246 3481 1316 Consequenter
3507 1261 3733 1319 postmo-

2178 1340 2306 1395 dum
2360 1357 2519 1411 panes
2583 1339 2748 1395 tradit
2800 1355 2930 1409 quos
2966 1348 3205 1406 coxerat,
3230 1354 3353 1395 cum
3385 1338 3736 1399 inﬁrmitatem

2179 1430 2548 1486 conversionis
2579 1430 2646 1485 ad
2667 1429 2994 1485 soliditatem
3048 1436 3253 1484 sanctae
3298 1430 3734 1496 conversationis,

2178 1536 2277 1592 per
2301 1521 2583 1576 charitatis
2602 1520 2796 1575 divina:
2831 1520 3080 1575 ardorem
3110 1519 3263 1590 quasi
3295 1517 3544 1584 farinam,
3564 1520 3626 1574 ad
3647 1535 3737 1591 pa-

2180 1613 2265 1667 nis
2288 1611 2656 1668 fortitudinem
2685 1610 2868 1666 animo
2915 1609 3306 1666 observandam
3337 1608 3599 1678 proponit.
3622 1608 3736 1667 Haec

2178 1704 2360 1760 omnia
2384 1702 2646 1774 patientia
2677 1700 2828 1768 facit,
2849 1702 2975 1756 dum
3002 1702 3143 1755 inter
3186 1715 3431 1754 murmur
3458 1699 3736 1754 carnalium

505 1777 788 1879 receperit,
825 1806 1114 1875 antequam
1141 1801 1740 1872 defectumcujuspiam
1780 1799 1962 1869 lapsus
1990 1814 2076 1853 re—
2109 1777 2152 1830 Β
2179 1803 2420 1851 motuum
2451 1794 2631 1849 studio
2663 1793 2941 1864 religionis
2969 1793 3209 1856 insistit;
3239 1791 3324 1846 his
3351 1801 3554 1861 patrem
3585 1790 3738 1853 illatis

508 1900 727 1965 incidat,
779 1897 1073 1969 praeveniet
1129 1904 1180 1951 te
1234 1893 1794 1965 acquirendodivina:
1849 1891 2076 1963 gratiam

505 1988 988 2060 multiplicationis.

572 2079 737 2133 Vens.
772 2077 863 2144 11,
891 2077 977 2142 12,
1010 2076 1097 2143 13,
1127 2074 1213 2129 14.
1237 2104 1306 2115 —
1332 2071 1489 2127 Nosti
1533 2072 1672 2144 quod
1722 2070 1868 2125 Esau
1914 2071 2080 2140 frater

503 2185 644 2224 meus
672 2169 825 2222 homo
866 2168 1061 2237 pilosus
1106 2166 1203 2228 sit,
1235 2172 1282 2217 et
1331 2180 1423 2232 ego
1467 2161 1618 2217 lenis.
1650 2160 1709 2216 Si
1733 2162 2080 2215 attrectaverit

498 2267 647 2328 pater
675 2273 842 2322 meus,
875 2266 922 2311 et
970 2255 1208 2320 senserit,
1252 2255 1407 2308 timeo
1455 2269 1517 2308 ne
1566 2261 1706 2323 putet
1734 2252 1833 2307 sibi
1859 2251 2080 2306 voluisse

499 2349 737 2415 illudere,
763 2360 810 2403 et
835 2349 1050 2402 inducat
1087 2364 1242 2417 super
1271 2363 1352 2400 me
1377 2345 1793 2400 maledictionem
1812 2361 1916 2415 pro
1937 2344 2081 2398 bene-

501 2441 747 2494 dictione.
776 2439 843 2493 In
872 2455 953 2492 me
983 2439 1073 2503 sit,
1099 2438 1197 2503 ait,
1219 2438 1320 2490 ista
1363 2436 1684 2502 maledictio,
1721 2436 1799 2504 ﬁli
1824 2436 1919 2501 mi,
1957 2445 2077 2489 tan-

503 2544 612 2584 tum
634 2533 758 2585 audi
784 2546 952 2584 vocem
976 2545 1143 2582 meam
1166 2542 1185 2581 .'
1215 2526 1403 2599 Perge,
1427 2529 1559 2597 a/fer
1586 2544 1704 2598 qua:
1750 2528 1882 2581 dixi.
1915 2528 2078 2593 Abiit,

506 2632 552 2673 et
580 2621 778 2687 attulit,
802 2621 1046 2691 deditque
1071 2620 1253 2674 matri.
1304 2618 1470 2683 Esau,
1525 2619 1720 2688 inquit,
1760 2619 1812 2673 id
1840 2628 1924 2673 est
1954 2635 2078 2674 car-

506 2708 644 2763 nalis
671 2708 917 2770 aﬁ'ectus,
954 2717 1029 2763 tot
1052 2718 1278 2763 aestuum
1310 2707 1668 2778 corporalium
1699 2708 1829 2763 setis
1861 2724 1982 2764 cum
2009 2708 2080 2763 sit

504 2800 775 2865 horridus,
809 2810 863 2853 et
895 2798 1158 2869 hispidus,
1192 2799 1281 2868 qui
1312 2798 1472 2868 108
1493 2798 1691 2853 dicitur
1717 2798 1885 2867 frater
1912 2815 2077 2864 meus,

504 2892 629 2961 quia
677 2906 744 2945 ex
772 2891 957 2945 eadem
982 2899 1158 2945 mente
1189 2905 1394 2954 sumus,
1423 2900 1470 2944 et
1497 2905 1587 2960 ego
1606 2930 1621 2955 ,
1673 2899 1860 2960 utpote
1888 2890 2081 2946 divina:

505 2980 878 3051 tranquillitati
921 2980 1156 3045 innixus,
1199 2978 1515 3033 naturaliter
1541 2978 1671 3032 lenis
1717 2988 1773 3036 et
1814 2978 2077 3051 placidus.

509 3072 563 3127 Si
597 3072 927 3138 intellectus,
952 3086 1109 3142 quem
1142 3080 1349 3142 patrem
1385 3086 1700 3141 prosequor,
1725 3079 1780 3127 et
1830 3072 1916 3126 cui
1945 3071 2081 3128 bene

502 3153 860 3234 geréndorum
890 3178 1017 3217 cura
1047 3162 1322 3226 incumbit,
1353 3171 1428 3217 tot
1460 3163 1769 3233 passionum
1797 3164 2077 3220 suborien-

503 3256 637 3309 tium
661 3253 1013 3323 asperitatem
1046 3252 1410 3323 praisenserit,
1444 3268 1636 3308 vereor
1661 3268 1729 3310 ne
1766 3253 2001 3310 ludibrio
2021 3262 2077 3311 et

500 3346 705 3402 levitati
750 3345 986 3401 ascribat
1036 3352 1143 3400 tam
1194 3345 1360 3400 ardua
1410 3344 1643 3403 voluisse
1693 3354 1966 3415 appetere,
2021 3354 2079 3403 et

504 3445 674 3492 totum
716 3434 821 3491 boc
862 3433 994 3490 mibi
1038 3435 1218 3505 potius
1248 3437 1316 3491 ad
1368 3436 1691 3493 deteriorem
1715 3447 1900 3509 vergat
1926 3437 2069 3494 defe-

500 3540 670 3595 ctum,
698 3543 862 3599 quam
891 3528 959 3583 ad
985 3527 1217 3598 aliquem
1244 3529 1371 3585 vita:
1410 3529 1734 3598 profectam.
1765 3529 1914 3586 Solet
1931 3531 2075 3587 enim

501 3620 663 3690 empti
708 3620 840 3683 boni
888 3619 1195 3689 desperatio
1248 3619 1303 3674 in
1351 3620 1592 3675 deterius
1635 3635 1851 3691 semper
1883 3621 2074 3678 relabi.

504 3712 630 3783 Ego,
680 3710 757 3765 ait
806 3709 1065 3780 patientia
1111 3716 1303 3775 mater,
1340 3706 1773 3775 'maledictionis,
1834 3711 2076 3767 defectus

502 3803 712 3858 scilicet
751 3802 942 3873 hujus,
996 3800 1040 3856 si
1067 3816 1188 3870 qua:
1242 3801 1333 3865 sit,
1389 3801 1664 3857 molestias
1694 3801 2076 3872 fastidinmque

504 3894 711 3958 feram,
805 3902 1009 3947 tantum
1072 3907 1224 3961 perge
1287 3892 1507 3961 pietatis
1581 3893 1818 3948 studium
1879 3890 2073 3964 aggre-

502 3986 716 4051 diendo,
745 3994 797 4038 et
820 3985 953 4054 affer
973 3999 1091 4052 quae
1122 3983 1416 4051 deliqueris
1444 3984 1773 4050 conﬁtendo,
1814 3987 1919 4041 imo
1942 4002 2073 4042 con-

504 4074 754 4130 fessionis
778 4073 1049 4129 oblatione
1076 4073 1376 4143 purgando.
1434 4075 1569 4128 Abiit
1616 4075 1949 4145 proﬁciendo
2008 4080 2076 4134 ab

504 4171 630 4225 imis
654 4171 719 4224 ad
748 4184 963 4240 supera,
988 4168 1162 4223 attulit
1192 4168 1524 4237 pmnitentia:
1540 4184 1727 4238 opera,
1757 4186 1877 4240 qua:
1907 4173 2077 4241 eonﬁ-

503 4262 696 4316 cienda
726 4264 953 4320 aliarum
981 4266 1329 4321 condimento
1355 4264 1613 4318 virtutum
1638 4262 1839 4331 excipit
1878 4272 2074 4330 mater,

503 4367 623 4421 qua:
647 4352 761 4409 haec
787 4356 947 4410 anxie
969 4357 1203 4425 parturit
1230 4353 1507 4425 patientia.

2178 1895 2355 1951 vocat,
2389 1886 2474 1941 his
2502 1886 2643 1940 enim
2700 1886 2963 1940 virtutum
3014 1884 3272 1954 operibus
3327 1898 3546 1939 necesse
3571 1893 3652 1947 est
3685 1895 3738 1941 ut

2180 1978 2318 2033 ratio
2344 1988 2567 2047 paterne
2595 1976 2890 2045 provideat.
2923 1974 3041 2042 Quo
3058 1960 3389 2030 obaudiente
3423 1981 3477 2030 et
3502 1972 3735 2029 aﬁ'ectum

2180 2083 2244 2123 ac
2284 2067 2330 2122 si
2382 2066 2434 2121 in
2474 2064 2613 2119 ﬁlios
2662 2065 2993 2136 porrigente,
3032 2064 3165 2119 dicit
3211 2061 3407 2129 Iacob,
3460 2063 3740 2133 spiritualis

2180 2159 2390 2214 scilicet
2417 2158 2684 2228 appetitus
2725 2174 2738 2211 :
2781 2156 2967 2226 (Vt-IRS.
3004 2154 3117 2228 19.)
3142 2156 3251 2226 Ego
3284 2171 3401 2209 sum
3451 2154 3591 2209 Esau
3636 2156 3738 2223 pri--

2179 2250 2468 2321 mogenitus
2501 2260 2655 2314 tuus;
2677 2248 2777 2318 feci
2803 2250 2936 2304 sicut
2974 2249 3262 2319 pra‘cepisti
3292 2241 3443 2313 mihi;
3479 2246 3533 2301 id
3560 2256 3657 2311 est,
3700 2247 3736 2300 si

2179 2357 2394 2413 qumras
2435 2357 2597 2412 quem
2656 2357 2739 2397 me
2768 2341 3045 2412 proﬁtear,
3093 2356 3178 2397 me
3207 2339 3563 2397 aﬂ'ectualiter
3585 2348 3638 2399 et
3661 2354 3739 2395 se-

2178 2435 2414 2489 cundum
2441 2432 2687 2502 corporis
2715 2446 2907 2487 sensus
2932 2432 3131 2487 vixisse
3160 2438 3454 2500 protestor,
3487 2446 3601 2499 qua:
3641 2429 3737 2498 pri-

2181 2538 2347 2580 maeva
2378 2523 2614 2580 hominis
2654 2523 2765 2578 vita
2812 2532 2926 2587 est,
2970 2522 3345 2578 carnalitatem
3393 2535 3497 2576 non
3534 2519 3742 2585 diﬁiteor

2181 2631 2383 2681 meam,
2418 2615 2498 2670 uti
2530 2624 2579 2670 te
2605 2614 2803 2669 docere
2829 2628 3116 2682 cognosco.
3141 2612 3310 2683 Surge
3331 2626 3460 2682 ergo
3484 2611 3548 2666 ad
3574 2610 3741 2675 deleu-

2180 2708 2389 2763 sionem
2438 2706 2817 2763 teneritudinis
2874 2720 3026 2769 mete,
3083 2705 3202 2758 sede
3252 2704 3323 2759 ad
3372 2699 3740 2767 exliibitioneia

2182 2798 2524 2855 discretionis
2559 2796 2877 2868 judiciarim.
2908 2806 2954 2851 et
3000 2798 3062 2851 de
3091 2796 3364 2851 venatione
3387 2810 3499 2859 mea
3530 2793 3739 2865 comede,

2183 2891 2250 2947 de
2294 2890 2602 2946 omnimoda
2663 2889 2867 2951 scilicet
2916 2888 3307 2945 carnalitatum
3348 2884 3741 2955 consumptione

2185 2982 2439 3046 reﬁcere,
2478 2991 2535 3035 ut
2580 2981 2674 3035 ben
2704 2980 2843 3034 dicat
2880 2980 3009 3033 milii
3056 2979 3235 3032 anima
3291 2987 3409 3043 tua,
3463 2976 3513 3041 id
3543 2985 3621 3031 est
3647 2974 3741 3027 vita

2186 3083 2275 3130 tua
2326 3081 2675 3145 augmentum
2724 3073 2857 3137 mihi
2907 3070 3188 3143 spirituale
3234 3071 3519 3133 attribuat.
3568 3068 3740 3123 Atinia

2180 3168 2338 3239 plane
2359 3184 2458 3239 pro
2486 3169 2596 3223 vita
2625 3167 2751 3238 poni
2778 3167 2934 3235 solet,
2970 3174 3029 3222 ut
3049 3173 3131 3223 est
3162 3180 3177 3221 :
3219 3164 3328 3233 Qui
3360 3172 3505 3221 amat
3528 3163 3741 3225 animans

2176 3275 2349 3326 suam,
2379 3259 2557 3329 perdet
2582 3274 2696 3311 eam
2720 3256 2902 3327 (Joan.
2931 3272 3030 3323 xu,
3060 3256 3174 3326 25).
3196 3255 3381 3311 Vitam
3406 3262 3611 3319 autem,
3633 3252 3744 3307 vita

2179 3351 2413 3406 dicimus
2437 3350 2774 3419 qualitatem.

2251 3448 2411 3505 Vsus.
2451 3448 2540 3504 ‘20.
2562 3478 2632 3489 —
2662 3446 2958 3514 Quomodo,
2990 3447 3166 3517 inquit
3190 3445 3366 3511 Isaac,
3394 3443 3619 3501 invenire
3646 3449 3742 3503 tant

2174 3540 2278 3594 cito
2303 3538 2558 3607 potuistiZ
2591 3537 2854 3603 uoluntas,
2901 3537 3003 3599 ait,
3058 3534 3153 3590 Dei
3202 3534 3329 3604 fuit,
3387 3542 3445 3588 ut
3494 3531 3594 3586 cito
3626 3527 3743 3591 mihi

2175 3635 2471 3682 occurreret
2498 3627 2636 3697 quod
2660 3625 2911 3680 volebam.
2928 3623 3152 3679 Miratur
3176 3621 3467 3693 aliquoties
3492 3621 3605 3690 ipsa
3618 3617 3745 3672 ratio

2174 3725 2286 3771 tam
2319 3715 2500 3770 subito
2525 3713 2774 3784 spiritum
2804 3727 2873 3769 ex
2903 3720 3051 3766 tanta
3079 3711 3444 3767 obduratione
3483 3709 3581 3765 sibi
3604 3721 3741 3765 com-

2176 3806 2483 3878 punctionis
2505 3805 2733 3869 infundi,
2764 3806 2855 3860 sed
2883 3806 3071 3861 eadem
3100 3820 3196 3874 per
3219 3804 3519 3876 appetitum
3540 3799 3743 3872 pietatis

2179 3905 2347 3951 totum
2390 3898 2555 3951 refert
2595 3897 2661 3951 ad
2710 3896 2940 3966 gratiam
2991 3894 3108 3950 Dei.
3152 3880 3347 3967 (Vens.
3390 3894 3478 3959 21,
3519 3890 3741 3957 22,25.)

2178 3988 2375 4042 Accede
2423 3988 2545 4049 huc,
2588 3986 2681 4049 ait,
2734 3978 2785 4038 ut
2835 3996 3044 4055 tangam
3075 3994 3147 4051 te,
3186 3984 3266 4053 [ili
3317 3986 3415 4051 mi,
3468 3993 3515 4038 et
3549 3981 3742 4053 probent

2177 4089 2351 4132 utrum
2400 4088 2456 4131 tu
2485 4078 2556 4131 sis
2583 4077 2725 4145 ﬁlius
2759 4094 2900 4130 meus
2944 4076 3110 4142 Esau,
3142 4094 3210 4130 an
3249 4094 3377 4133 non.
3419 4074 3639 4131 Accessit
3666 4071 3744 4139 il'e

2175 4170 2245 4223 ad
2283 4182 2514 4239 patrem,
2566 4178 2613 4222 et
2656 4167 2867 4238 palpata
2909 4185 2969 4222 eo
2995 4170 3126 4222 dixit
3157 4167 3317 4223 Isaac
3348 4184 3368 4221 .'
3415 4167 3525 4223 Vox
3551 4165 3742 4237 quidem

2176 4276 2275 4315 vox
2298 4260 2461 4315 Jacob
2488 4271 2581 4326 est,
2613 4260 2703 4317 sed
2732 4278 2918 4314 manus
2945 4276 3131 4315 manus
3167 4271 3291 4321 sunt
3338 4261 3504 4315 Esau.
3542 4259 3606 4312 Et
3650 4271 3743 4309 non

2176 4352 2414 4421 cognovit
2442 4366 2583 4411 eum,
2612 4350 2736 4419 quia
2774 4351 2954 4419 ῃὶιοδιε
2996 4367 3182 4405 manus
3211 4350 3610 4406 similitudinem
3637 4346 3742 4415 fra-

577 4442 736 4497 Vens.
782 4443 867 4508 15,
904 4444 991 4510 16,
1019 4446 1103 4499 17.
1127 4475 1196 4485 —
1220 4443 1435 4497 Paravit
1460 4439 1552 4495 illa
1578 4442 1742 4510 cibos,
1766 4444 1898 4498 sicut
1923 4461 2072 4499 nore-
2103 4466 2152 4526 ο
2178 4448 2274 4501 tris
2312 4448 2532 4516 majoris
2578 4456 2957 4517 expresserant.
3012 4445 3207 4513 Tangit
3232 4446 3382 4501 Isaac
3411 4442 3741 4505 accodentcm

504 4538 587 4582 rat
616 4530 743 4585 uelle
762 4541 966 4601 patrem
990 4532 1155 4587 illius.
1187 4532 1253 4586 Et
1303 4531 1528 4587 restibus
1553 4530 1700 4585 Esau
1727 4531 1877 4586 valde
1907 4534 2073 4602 bonis,

501 4637 634 4690 quas
674 4623 813 4691 apud
853 4640 905 4677 se
934 4624 1154 4679 habebat
1188 4624 1349 4688 danti,
1391 4624 1562 4678 induit
1600 4640 1738 4686 eum,
1776 4625 2078 4694 pelliculas-

502 4727 601 4780 que
646 4713 919 4769 haedorum
962 4716 1303 4770 circumdedit
1355 4716 1631 4781 manibus,
1675 4725 1723 4769 et
1758 4717 1880 4771 colli
1932 4721 2075 4775 nuda

502 4806 758 4870 praetexit.
803 4803 960 4858 Dedit
1004 4804 1347 4875 pulmentum,
1394 4814 1444 4859 et
1489 4821 1648 4872 panes
1704 4821 1836 4876 quos
1864 4818 2076 4861 coxerat

502 4896 739 4951 tradidit.
783 4896 1031 4954 Rebecca
1073 4900 1213 4952 cibos
1261 4899 1329 4953 ad
1375 4898 1546 4971 patris
1582 4902 1706 4957 velle
1739 4910 1915 4971 parat,
1951 4916 2074 4955 cum

420 5010 433 5027 κ
503 4988 761 5057 patientia
788 4991 1082 5053 secundum
1109 4992 1250 5062 quod
1279 4993 1347 5048 ab
1384 4992 1659 5049 intellectu
1696 4994 1797 5049 sibi
1830 5002 1913 5051 est
1943 4993 2072 5047 insi-

504 5087 614 5132 tum
646 5093 742 5150 per
767 5080 1078 5148 passionum
1118 5081 1458 5136 tolerantiam
1507 5083 1766 5136 virtutum
1820 5082 2072 5137 refectio-

502 5183 598 5224 nes
647 5172 954 5241 componit,
1005 5184 1060 5229 et
1114 5172 1363 5236 ordinat;
1420 5173 1565 5227 nulla
1592 5182 1673 5229 est
1709 5174 1852 5227 enim
1879 5174 2072 5243 virtus,

500 5274 659 5329 quam
702 5260 1062 5316 tentationum
1094 5261 1381 5316 tolerantia
1430 5278 1537 5318 non
1574 5263 1936 5316 commendat.
1973 5262 2073 5316 Ve-

499 5360 608 5408 stes
636 5353 781 5425 Esau
835 5352 991 5427 valde
1040 5354 1210 5408 bonas
1261 5368 1429 5421 penes
1472 5370 1569 5407 nos
1622 5354 1883 5409 habemus
1910 5354 2072 5419 domi,

498 5458 621 5497 cum
648 5450 969 5513 ornamenta
999 5442 1073 5511 pii
1098 5443 1370 5512 appetitus
1390 5443 1547 5499 nobis
1573 5443 1894 5500 naturaliter
1919 5446 2073 5515 quasi

498 5535 699 5589 mentis
730 5532 914 5587 domui
947 5534 1128 5601 insita,
1165 5535 1283 5591 sine
1335 5551 1443 5606 quo
1492 5535 1633 5591 bona
1680 5551 1906 5608 quaeque
1949 5548 2076 5593 sunt

497 5623 645 5678 nulla
691 5636 1115 5695 conservamus,
1159 5635 1215 5681 et
1264 5636 1494 5683 vacante
1533 5629 1699 5684 totius
1738 5629 2073 5686 carnalitatis

497 5713 829 5781 cxclusoque
849 5710 1065 5783 atfectu,
1092 5715 1172 5771 his
1196 5716 1310 5770 vitii
1330 5718 1785 5788 supplantatorem
1810 5720 2071 5788 animum,

2176 4537 2364 4605 Iacob,
2406 4546 2466 4592 ut
2497 4539 2707 4608 probet,
2739 4538 2785 4592 si
2815 4538 2957 4592 ﬁlius
2979 4538 3097 4607 ejus
3126 4538 3266 4593 Esau
3291 4550 3397 4609 est,
3428 4551 3555 4599 eum
3576 4533 3745 4588 anima

2171 4629 2295 4699 jam
2313 4628 2625 4684 cmlestibus
2662 4629 2875 4699 gaudiis
2914 4629 3148 4688 inhians.
3184 4629 3605 4687 convenientem
3640 4625 3742 4691 jam

2176 4719 2278 4774 sibi
2320 4720 2465 4789 piam
2503 4718 2841 4773 aﬁectionem
2873 4728 3025 4772 certo
3052 4717 3288 4788 experiri
3344 4716 3559 4779 nititur,
3591 4727 3655 4767 an
3685 4711 3745 4765 de

2177 4812 2546 4875 carnalitatis,
2594 4811 2683 4867 cui
2737 4810 2864 4865 olim
2918 4811 3158 4876 vacavit,
3211 4810 3440 4877 aﬁ‘ectu,
3504 4807 3642 4877 quod
3670 4812 3745 4857 est

2177 4902 2340 4965 Esau,
2375 4916 2499 4955 vere
2531 4901 2808 4970 pmniteat,
2839 4902 2890 4955 id
2915 4910 2998 4957 est
3022 4902 3067 4956 si
3103 4917 3163 4957 se
3186 4902 3329 4955 Esau
3380 4903 3742 4970 recognoscat.

2177 4994 2375 5050 Tactus
2402 4996 2546 5049 enim
2598 4994 2719 5049 ﬁnis
2762 5008 2883 5051 esse
2933 4995 3265 5065 dignoscitur
3310 4993 3551 5050 nationis
3574 5007 3597 5065 ;_
3617 4988 3746 5043 sicut

2174 5095 2356 5143 autem
2385 5100 2452 5140 ex
2487 5094 2638 5154 patre
2663 5085 2828 5149 ﬁlius,
2859 5086 2939 5141 sic
2961 5100 3029 5140 ex
3073 5086 3283 5139 ratione
3312 5083 3399 5143 vel
3444 5077 3744 5149 humanitus

2175 5192 2270 5232 seu
2294 5175 2552 5230 divinitus
2578 5175 2856 5245 inspirata,
2882 5175 3007 5245 pius
3033 5174 3401 5239 occasionem,
3430 5171 3577 5224 utita
3599 5177 3744 5237 aper-

2177 5269 2305 5333 tius,
2343 5266 2500 5335 juxta
2541 5266 2900 5335 Augustinum
2947 5265 3142 5330 dicam,
3171 5262 3392 5333 essendi
3425 5258 3640 5329 accipit,
3666 5252 3743 5307 vel

2176 5358 2463 5416 mundialis
2488 5354 2737 5423 affectus,
2763 5357 2916 5412 verbi
2943 5356 3147 5429 gratia,
3165 5365 3225 5411 ut
3250 5370 3317 5409 ex
3347 5354 3550 5409 virtute
3579 5346 3743 5423 inanis

2174 5450 2365 5520 gloria,
2389 5448 2475 5503 vel
2500 5449 2689 5504 vitium
2713 5448 3019 5504 securitatis
3046 5463 3112 5502 ac
3141 5447 3184 5502 si
3212 5462 3279 5502 ex
3325 5458 3527 5500 manna
3554 5436 3745 5509 vermis

2174 5541 2437 5596 exoritur.
2494 5538 2634 5607 Vera
2687 5539 2852 5609 igitur
2918 5536 3349 5609 supplantatoris
3414 5530 3745 5609 confessione

2174 5631 2428 5700 probata,
2477 5642 2664 5683 vocem
2712 5629 2930 5698 quidem
2978 5628 3148 5683 Jacob
3201 5626 3422 5697 asserit,
3476 5623 3570 5678 sed
3612 5620 3750 5696 Esaq

2175 5736 2386 5786 manus,
2422 5720 2548 5789 quia
2589 5720 2689 5774 etsi
2722 5734 2882 5789 opera
2913 5719 3252 5775 carnalitatis
3276 5709 3525 5783 antiqua:
3564 5714 3741 5772 inerret
