3978 6332
232 437 331 494 209

1387 426 1753 487 MORALIUM
1788 424 1855 479 IN
1889 424 2184 483 GENESIN
2224 428 2354 484 LIB.
2383 426 2514 484 Vill.

3383 420 3485 477 2l0

233 571 289 611 ac
316 550 606 620 improbat,
648 562 838 604 vocem
882 553 1061 601 tamen
1109 546 1454 617 paenitentis,
1503 549 1613 602 imo
1657 546 1788 615 justi
1822 548 1865 607 Α
1893 542 2176 611 plinariter
2196 546 2935 618 conscientia,virtutumque
2958 545 3208 619 frugibus
3233 538 3483 602 [ιειίιυὶιρι

233 646 361 699 inter
383 639 836 710 supplantandum
869 636 996 693 vitia
1022 652 1082 693 se
1112 638 1165 691 in
1194 637 1461 708 principio
1485 639 1791 694 accusantis

232 736 416 791 laudat.
451 732 506 787 In
536 741 801 803 quantum
848 745 991 801 ergo
1024 730 1320 787 carnaliter
1347 731 1501 796 vixit,
1534 731 1646 799 jam
1683 746 1788 786 non

230 817 579 896 cognoscitur,
616 823 669 878 id
697 832 779 878 est
805 838 909 879 non
944 824 1293 893 approbatur,
1320 824 1443 893 quia
1470 825 1653 894 pilosa:
1679 841 1792 878 ma-

230 935 334 982 nus,
365 916 416 971 id
446 925 531 971 est
552 914 896 970 horridorum
926 930 1148 985 operum
1205 915 1622 986 imaginationes
1658 914 1809 979 affer

226 1020 357 1065 ctum
380 1006 488 1069 sibi
517 1006 844 1062 mundialem
870 1006 999 1061 velit
1023 1006 1157 1061 nolit
1185 1008 1495 1076 important.
1534 1005 1788 1075 Majorem

225 1110 389 1157 autem
422 1113 549 1154 eum
577 1097 708 1165 dici,
735 1114 833 1168 pro
854 1113 919 1153 eo
938 1098 1082 1170 quod
1111 1099 1164 1154 in
1195 1098 1412 1155 homine
1451 1100 1625 1170 prima
1648 1100 1792 1171 viget

224 1190 539 1254 animalitas,
560 1188 818 1260 intellige.

286 1278 438 1336 Vsus.
478 1279 644 1335 24.-
683 1280 759 1334 Tu
784 1296 856 1345 es,
885 1280 1080 1351 inquit,
1106 1281 1251 1351 ﬁlius
1274 1298 1417 1336 meus
1445 1281 1630 1336 Esau?
1652 1281 1792 1338 Con-

226 1375 381 1431 literis
410 1374 695 1430 bestialem
746 1376 799 1428 in
851 1375 1034 1429 animo
1067 1389 1187 1430 meo
1229 1382 1281 1430 te
1319 1378 1632 1431 exercuisse
1662 1376 1793 1432 alle-

223 1476 373 1524 ctum.
408 1466 702 1526 Conﬁteor,
728 1466 931 1536 inquit;
982 1475 1039 1521 at
1086 1466 1214 1522 ille:
1249 1467 1580 1539 (Vens.25.)
1644 1468 1792 1540 0/]‘er

223 1558 331 1631 [a|.,
363 1558 516 1629 aﬂer]
542 1558 668 1612 milii
692 1559 755 1613 de
779 1560 1048 1613 venatione
1079 1568 1171 1614 tua
1199 1560 1363 1630 cibos,
1389 1561 1472 1631 fili
1489 1564 1584 1627 mi,
1612 1562 1665 1617 id
1686 1569 1789 1629 est,

223 1648 262 1703 si
288 1662 407 1717 ergo
440 1656 492 1702 te
520 1646 877 1703 alfectualiter
896 1663 1111 1705 errasse
1139 1649 1346 1716 fateris,
1374 1661 1535 1721 teque
1563 1652 1792 1720 poenitet

227 1737 370 1808 109
394 1738 627 1793 carnalis
670 1748 908 1809 quaestus
955 1740 1302 1807 desiderium,
1335 1743 1476 1812 quod
1526 1743 1580 1797 in
1615 1743 1788 1806 cibos,

224 1831 270 1884 in
301 1831 506 1885 virtutis
537 1832 726 1901 utique
762 1832 1108 1887 condimenta
1144 1834 1379 1901 vertisti,
1430 1837 1496 1889 ad
1529 1851 1617 1892 me
1659 1838 1795 1891 reti-

223 1923 452 1977 ciendum
477 1921 635 1977 offer.
679 1921 823 1988 Quos
866 1923 1067 1978 oblatos
1106 1941 1223 1978 cum
1250 1926 1575 1991 comedisset,
1608 1927 1791 1981 obtulit
1825 1932 1867 1987 B

224 2015 264 2069 ei
305 2014 446 2067 etiam
472 2012 671 2068 uinum.
712 2011 928 2068 Oblatas
957 2015 1210 2080 comedit,
1236 2032 1359 2071 cum
1386 2018 1645 2087 quidquid
1669 2032 1792 2074 car—

226 2104 441 2158 nalitatis
489 2103 595 2159 sibi
652 2103 847 2169 inerat,
898 2105 950 2159 in
1001 2120 1156 2160 usum
1205 2106 1422 2163 virtutis
1482 2109 1663 2163 vertit.
1690 2108 1794 2164 Dat

231 2194 375 2250 etiam
407 2196 596 2260 vinum,
623 2211 747 2251 cum
783 2196 895 2251 hanc
918 2196 1101 2251 omnia
1128 2199 1425 2269 componit,
1470 2208 1525 2254 et
1544 2203 1553 2211 ’
1573 2199 1809 2254 ordinat.

232 2302 319 2355 per
357 2288 648 2357 spiritualis
692 2288 879 2359 gratia:
933 2288 1168 2356 donum;
1222 2290 1325 2346 hoc
1378 2289 1523 2346 enim
1556 2290 1792 2346 lzetilicat

224 2394 317 2433 non
344 2380 500 2434 modo
535 2379 802 2457 homines,
834 2390 890 2435 ut
920 2380 1117 2451 legitur
1140 2380 1311 2451 (l’sal.
1336 2398 1453 2448 CIII,
1480 2382 1590 2453 15),
1617 2384 1709 2439 sed
1736 2391 1793 2437 et

221 2471 374 2539 ipsum
428 2469 866 2543 Deum.,(V£tts.
916 2472 1032 2544 26.)
1084 2472 1200 2539 Quo
1227 2474 1421 2530 hausto
1444 2476 1699 2542 accedit,
1742 2485 1790 2530 et

220 2562 472 2615 osculatur
499 2580 640 2628 eum,
670 2565 795 2633 quia
825 2575 1010 2620 mente
1061 2580 1158 2635 per
1198 2566 1445 2635 spiritum
1478 2564 1786 2633 fecu'ndata,

218 2649 364 2706 Jacob
410 2666 639 2707 accessu
689 2654 1052 2724 cogitationis,
1092 2657 1221 2711 dum
1271 2671 1399 2712 vere
1449 2657 1787 2713 horrentium

218 2757 419 2812 operum
453 2745 710 2815 poenitet,
734 2747 800 2802 ad
841 2747 989 2803 ls:tac
1020 2746 1289 2816 osculum,
1317 2750 1384 2823 ad
1415 2750 1637 2820 superni
1682 2750 1787 2805 sci-

216 2833 322 2889 licet
346 2837 530 2907 gaudii
582 2847 796 2909 gustum
848 2840 1086 2911 attingit.
1132 2843 1320 2913 (Vens.
1351 2842 1468 2915 27.)
1500 2843 1791 2915 Statimque

217 2937 262 2981 ut
284 2930 431 2983 sensit
465 2934 885 2986 vestimentorum
934 2918 1048 3004 ejus
1083 2935 1456 3007 frugranliam,
1489 2937 1790 2992 benedicens

215 3020 277 3073 ait
299 3039 317 3078 :
348 3020 486 3075 Ecce
511 3023 642 3076 odo’r
661 3023 762 3092 ﬁlii
787 3025 886 3078 mei
906 3027 1039 3079 sicut
1062 3028 1194 3080 odor
1217 3028 1332 3098 agri
1352 3027 1513 3099 pleni,
1539 3028 1624 3082 cui
1645 3030 1790 3084 bene-

216 3112 330 3168 dixit
381 3115 665 3171 Dominus.
703 3115 1139 3174 Vestintcntorum
1174 3119 1477 3193 fragrantia
1526 3122 1785 3189 sentitur,

217 3218 323 3259 cum
358 3205 536 3262 lidelis
565 3207 743 3262 anima
773 3209 824 3262 in
853 3212 1094 3281 appetitu
1157 3228 1259 3269 suo
1302 3214 1512 3283 piorum
1570 3220 1787 3269 actuum

217 3307 523 3368 apparatus,
574 3308 632 3355 et
682 3300 851 3371 ipsius
902 3304 1073 3358 sancti
1130 3305 1393 3376 propositi
1440 3298 1854 3361 dulcedinemC

217 3388 554 3458 praescienticc
584 3408 715 3449 nare
745 3396 1043 3466 experitur,
1072 3406 1126 3452 et
1154 3400 1477 3465 benedicens,
1527 3416 1589 3455 ea
1632 3401 1781 3455 scili-

215 3492 289 3535 cet
314 3484 459 3538 Omni
493 3486 793 3556 sagacitate
826 3487 1215 3559 multiplicans,
1246 3491 1380 3545 sicut
1417 3492 1638 3547 odorem
1670 3493 1786 3563 agri

213 3567 335 3640 pleni
364 3575 585 3630 odorem
615 3576 717 3645 ﬁlii
754 3579 1022 3648 perhibet,
1059 3580 1186 3650 quia
1216 3581 1355 3636 sicut
1379 3581 1593 3637 exculta
1623 3582 1786 3638 disci-

1894 634 2187 701 adimplela
2213 635 2434 692 caeleste
2473 637 2729 706 quiddam
2754 636 2985 704 redolet,
3012 637 3084 691 ita
3118 637 3233 709 ipse
3278 629 3481 712 appelli

1894 734 1982 780 tus
2002 726 2191 781 eodem
2209 742 2403 797 sapore
2430 745 2552 783 mox
2571 730 2808 786 imbutus
2820 731 2892 785 nil
2908 729 3052 785 aliud
3068 730 3295 801 fragrat,
3316 737 3485 801 qt'ml‘

1893 817 2038 884 quod
2064 831 2216 872 mens
2244 817 2357 886 ipsa
2384 819 2613 875 renidet.
2648 820 2790 878 Deus
2820 835 2948 878 vero
2985 822 3036 878 ei
3069 823 3362 888 benedicit,
3395 815 3484 877 ctli

1893 910 2197 978 profectum
2228 910 2454 967 inducit.

1967 1044 2129 1101 Vnus.
2159 1047 2248 1102 9.8.
2278 1077 2349 1087 ——
2369 1048 2466 1103 Det
2512 1049 2606 1103 tibi
2645 1048 2786 1104 Deus
2814 1051 2878 1105 de
2905 1066 3018 1106 rora
3064 1051 3200 1120 caeli,
3230 1054 3480 1108 ubertate

1892 1137 2147 1194 videlicet
2174 1140 2462 1210 spirituali,
2512 1151 2560 1195 et
2595 1141 2659 1195 de
2681 1142 2993 1213 pinguedine
3045 1153 3218 1211 terrw,
3252 1142 3479 1201 allectus

1894 1229 2081 1299 utique
2104 1246 2225 1302 quae
2267 1231 2493 1288 inferior
2549 1231 2624 1286 tui
2679 1246 2804 1301 pars
2860 1240 2965 1297 est,
3002 1233 3069 1287 ad
3095 1233 3474 1305 excipiendum

1890 1327 2014 1384 cteli
2078 1343 2258 1385 rorem
2334 1329 2700 1397 fortitudine,
2766 1330 3156 1387 abundantiam
3222 1331 3476 1387 frumenti

1891 1419 2293 1486 scientiaz,vini
2322 1422 2624 1506 sapientiae,
2673 1423 2724 1476 id
2779 1433 2864 1478 est
2889 1423 3217 1493 cognitionis
3260 1423 3476 1485 divinae,

1890 1526 2012 1581 quae
2043 1512 2185 1568 mala
2237 1529 2335 1569 nos
2375 1514 2619 1570 oblivisci
2660 1513 2790 1569 facit
2838 1513 2999 1583 hujus
3048 1514 3196 1582 vitae,
3244 1522 3300 1571 et
3347 1513 3478 1577 olei,

1891 1600 2184 1658 charitatis
2215 1601 2490 1667 fraternae,
2521 1616 2641 1673 qua:
2673 1619 2741 1659 ne
2771 1604 3025 1661 intlemur
3078 1604 3230 1674 ponit
3257 1603 3478 1659 modum

1895 1692 2163 1759 scientia3,
2196 1694 2275 1749 illi
2307 1695 2522 1751 scilicet
2563 1704 2873 1751 consecutae
2900 1694 3202 1766 disciplinis
3251 1694 3481 1750 forensi-

1892 1784 2343 1853 busprudentiar.
2374 1785 2563 1857 (Vens.
2587 1786 2704 1855 29.)
2747 1786 2987 1842 Serviunt
3016 1787 3195 1858 populi
3222 1787 3477 1844 vitiorum

1896 1882 2000 1929 tuae
2027 1874 2290 1940 victoria,
2327 1875 2392 1931 Et
2420 1876 2664 1941 adorent,
2694 1876 2747 1931 id
2799 1884 2884 1933 est
2932 1878 3041 1947 pie,
3104 1878 3348 1935 exterius
3376 1876 3480 1934 sol-

1895 1965 2103 2023 licitent
2133 1967 2202 2023 ad
2231 1968 2531 2025 divinitatis
2580 1984 2821 2025 amorem
2852 1969 3166 2040 spirituales
3201 1969 3479 2039 illte,,qua:

1893 2072 1925 2112 a
1951 2058 2197 2113 trinitate
2220 2073 2318 2113 sua
2349 2058 2607 2114 dicuntur
2650 2059 2847 2124 tribus,
2899 2060 3033 2115 ﬁdes
3059 2057 3327 2131 profecto,
3353 2071 3479 2130 spes

1892 2159 1950 2205 et
1979 2149 2238 2204 charitas.
2275 2149 2515 2204 Adorare
2561 2157 2767 2216 autem,
2817 2150 2978 2220 juxta
3012 2165 3163 2205 orare
3203 2148 3471 2215 dicimus;

1889 2240 1961 2295 ad
1988 2239 2133 2294 enim
2185 2239 2239 2295 in
2260 2239 2580 2310 compositis
2628 2239 3067 2312 propinquitatem
3097 2253 3293 2295 sonare
3317 2238 3472 2294 solet.

1891 2327 1979 2383 Nil
2026 2343 2155 2383 vero
2209 2327 2405 2399 magis,
2456 2327 2641 2397 juxta,
2679 2343 2842 2397 quam
2872 2328 3016 2398 quod
3071 2337 3237 2381 menti
3291 2326 3472 2393 inest;

1883 2419 2041 2489 juxta
2089 2433 2221 2490 ergo
2255 2426 2439 2482 orant,
2486 2434 2615 2473 cum
2672 2426 2910 2473 mentem
2955 2419 3300 2491 submonent.
3350 2416 3475 2472 Esto

1890 2510 2137 2565 dominus
2174 2508 2402 2578 fratrum
2446 2522 2657 2564 tuorum
2690 2549 2706 2576 ,
2748 2525 2939 2565 corum
2970 2509 3246 2577 videlicet,
3288 2510 3381 2580 qui
3411 2524 3481 2565 ex

1889 2599 2081 2655 eadem
2116 2608 2300 2655 mente
2352 2607 2686 2670 generantur
2724 2609 3006 2654 motuum:
3040 2599 3109 2655 Et
3141 2600 3479 2653 incurventur

1889 2699 2011 2744 ante
2034 2699 2083 2745 te
2108 2689 2207 2759 ﬁlii
2243 2692 2429 2745 matris
2455 2700 2583 2756 tute,
2630 2690 2790 2745 fortia
2817 2691 3002 2761 utique
3024 2705 3190 2761 opera
3215 2696 3327 2755 tua,
3359 2705 3480 2759 qua:

1890 2794 1956 2834 ex
1987 2781 2273 2848 charitate,
2298 2797 2421 2853 quae
2449 2791 2500 2837 te
2528 2782 2638 2839 Deo
2669 2784 2898 2855 peperit,
2939 2792 3066 2838 sunt
3094 2783 3259 2848 edita,
3308 2782 3480 2837 humi-

1891 2871 2097 2928 lientur
2150 2874 2202 2928 in
2233 2875 2673 2931 consideratione
2724 2884 2838 2932 tua.
2873 2875 2976 2943 Qui
3006 2856 3335 2930 maledixerit
3365 2872 3475 2938 tibi,

1889 2966 1953 3019 sit
1983 2964 2315 3032 maledictus,
2375 2982 2712 3037 quaecunque
2742 2968 2796 3022 in
2829 2966 3099 3023 delectum
3131 2975 3280 3020 tuum
3333 2963 3479 3019 mili-

1894 3065 2032 3123 tant,
2070 3057 2121 3111 itt
2151 3066 2203 3113 te
2249 3058 2527 3123 delicient,
2559 3058 2774 3113 scilicet
2814 3057 2944 3111 vitia
2982 3074 2994 3111 :
3040 3056 3108 3110 Et
3148 3056 3239 3127 qui
3266 3054 3474 3110 benedi-

1890 3149 2025 3203 xerit
2075 3148 2190 3216 tibi,
2244 3148 2686 3204 benedictionibus
2743 3149 3022 3219 repleatur.
3062 3147 3192 3215 Quae
3234 3147 3479 3217 profecto

1892 3242 2160 3314 profectui
2215 3251 2307 3298 tuo
2339 3243 2555 3312 adsunt,
2596 3257 2811 3312 semper
2862 3249 3178 3312 augescant,
3218 3238 3361 3294 haud
3382 3238 3479 3292 du-

1893 3334 2065 3399 bium,
2095 3335 2223 3404 quin
2269 3335 2529 3390 virtutqu
2560 3334 2759 3390 studia.
2792 3334 2886 3388 llis
2926 3330 2998 3387 ita
3053 3332 3261 3403 Spiritu
3287 3338 3480 3387 sancto

1890 3439 2253 3500 prosperante
2282 3431 2547 3499 tractatis,
2606 3430 2839 3501 septimo
2863 3445 3025 3499 super
3047 3427 3300 3484 Geuesim
3330 3425 3479 3495 operi

1892 3532 2076 3578 nostro
2095 3523 2218 3578 linis
2241 3522 2485 3579 accedat.
3237 3516 3243 3520 ’

1462 3712 1713 3753 ειριιοιτ
1753 3714 1911 3753 LIBER
1950 3713 2210 3753 SEPTIMUS

217 3852 3463 3889 MM

1137 4014 1602 4119 INCIPIT
1673 4027 2032 4117 LIBER
2102 3984 2725 4120 OCTAVUS»,

855 4240 1713 4423 MOBALIUM
1827 4246 1985 4372 IN
2102 4243 2845 4376 GEANESIM.

292 4623 363 4680 Ex
425 4625 667 4682 Danielis
728 4624 869 4680 libro
936 4640 1301 4695 comperimus
1363 4625 1793 4696 pertransituros

220 4717 458 4787 plurimos
490 4760 506 4784 ,
548 4727 605 4773 et
663 4717 1010 4787 multiplicem
1078 4717 1192 4772 fore
1252 4718 1536 4773 scientiam
1608 4718 1784 4789 (Dan.

219 4820 311 4869 xu,
339 4807 411 4879 4).
450 4808 625 4876 Quam
663 4806 1120 4877 multiplicitatem
1173 4807 1417 4863 scientiae
1473 4807 1813 4862 nttllomodo‘

221 4897 365 4955 nobis
388 4898 862 4965 ascribentes,,sed
890 4898 955 4952 de
986 4896 1303 4969 fragmentis
1338 4900 1632 4954 Dominicis
1655 4914 1789 4969 qua-

223 4984 486 5059 liscunque
544 4987 761 5058 cophini
818 4986 1400 5043 nostri'modicitatem
1455 4988 1738 5059 implentes
1771 5027 1787 5052 ,

224 5092 325 5134 non
350 5053 627 5151 gravibus
648 5079 879 5151 ingeniis
908 5121 923 5145 ,
954 5079 1048 5133 sed
1076 5079 1330 5148 aequaevis
1363 5088 1414 5132 et
1443 5053 1789 5150 comparibus
1822 5053 1867 5111 ι)

223 5181 555 5240 apponentes,
589 5189 686 5243 per
718 5172 924 5228 medios
955 5171 1350 5241 indignantium
1376 5186 1575 5226 cuneos
1605 5182 1784 5242 empta

226 5265 604 5333 prosequimur.

563 5353 916 5423 SEQUITUR
951 5354 1179 5411 CAPUT
1218 5353 1425 5409 XXVII.

296 5441 443 5501 Vsus.
470 5446 563 5517 50,
595 5447 685 5503 51.
718 5479 786 5487 —
829 5446 925 5502 Via:
946 5447 1103 5503 Isaac
1124 5465 1416 5504 sermonem
1466 5448 1783 5519 impleverat,

229 5543 297 5598 et,
320 5551 510 5605 egressa
535 5540 703 5595 Jacob
726 5524 892 5609 foras,
919 5540 1051 5594 venit
1104 5537 1267 5595 Esau.
1304 5538 1590 5610 Coctosque
1618 5540 1682 5594 de
1714 5558 1788 5595 ve-

232 5618 420 5679 natione
444 5626 583 5680 cibos
623 5626 797 5680 intulit
828 5627 990 5699 patri,
1032 5626 1207 5682 dicens
1249 5642 1266 5680 :
1301 5624 1490 5696 Surge,
1517 5636 1664 5695 pater
1694 5627 1788 5692 nti,

232 5720 276 5763 et
302 5718 508 5781 comede,
540 5728 647 5774 etc.
688 5708 784 5772 Vix
816 5718 971 5774 Isaac
1004 5736 1295 5775 sermonem
1343 5718 1664 5789 impleverat,
1698 5720 1784 5772 vix

235 5804 400 5874 utique
423 5826 481 5866 ea
512 5827 633 5883 qua:
659 5828 778 5867 cum
810 5812 898 5882 pio
929 5813 1178 5883 superius
1219 5814 1523 5883 agebantur
1563 5812 1781 5876 allectu,

237 5894 428 5957 elirctui
470 5905 732 5961 mandare
786 5913 1048 5975 coeperat,
1094 5917 1139 5961 et
1177 5921 1378 5975 egresso
1420 5903 1584 5961 Iacob
1619 5905 1782 5977 foras,

1895 4622 2240 4694 supplantata
2271 4620 2543 4688 videlicet,
2583 4636 2648 4677 ac
2678 4634 2868 4676 eversa
2890 4617 3138 4675 saeculari
3161 4617 3385 4676 libidine
3412 4621 3479 4675 ad

1896 4721 2141 4785 apertam
2167 4722 2477 4768 sanctorum
2498 4727 2724 4786 operum
2750 4714 3166 4781 exhibitionem,
3192 4713 3261 4771 de
3290 4713 3480 4770 intinto

1894 4804 2160 4876 propositi
2191 4804 2518 4874 procedente
2542 4804 2631 4876 pio
2654 4803 2871 4871 affectu,
2909 4806 3042 4860 venit
3075 4804 3253 4870 Esau,
3281 4820 3478 4860 carna-

1895 4896 1962 4950 lis
1986 4896 2196 4952 scilicet
2237 4894 2509 4962 voluntas,
2563 4912 2684 4967 quae
2717 4898 2845 4952 dum
2875 4895 3051 4952 ﬁdelis
3077 4896 3257 4951 anima
3284 4896 3478 4952 bonam

1894 4986 1998 5043 sibi
2030 4985 2262 5042 collocat
2284 4984 2616 5041 voluntatem
2644 4989 2887 5045 exterius
2918 4988 2985 5043 ad
3024 4987 3264 5042 carnalia
3308 5001 3476 5059 appe-

1896 5081 2058 5136 tenda
2116 5080 2367 5145 latenter,
2420 5081 2545 5135 dum
2576 5079 2652 5135 illi
2698 5081 2996 5151 spiritualia
3030 5088 3285 5146 tractant,
3317 5094 3481 5132 vena-

1896 5172 2081 5237 batur,
2124 5173 2266 5228 victa
2294 5172 2366 5242 pii
2405 5172 2660 5228 desiderii
2688 5174 2972 5228 devotione
3006 5173 3057 5225 in
3084 5171 3331 5243 eamdem
3357 5186 3479 5227 sen-

1897 5263 2120 5317 tentiam
2177 5260 2433 5317 convenit
2463 5302 2478 5327 ,
2529 5269 2585 5317 et
2632 5277 2750 5332 qua:
2799 5258 3089 5314 carnaliter
3138 5260 3476 5331 quaesiverat,

1897 5355 2126 5425 spiritus
2154 5354 2367 5410 fervore
2418 5354 2698 5425 excoquit,
2730 5362 2784 5408 et
2811 5355 2862 5408 in
2894 5353 3227 5427 spiritualem
3262 5355 3477 5408 redacta

1898 5444 2311 5501 teneritudinem
2347 5444 2506 5515 110
2546 5444 2726 5499 animo
2751 5441 3018 5512 justitiam
3051 5426 3310 5519 esurienti
3337 5442 3473 5512 obji-

1896 5536 1990 5591 cit.
2017 5536 2146 5603 Qua:
2170 5546 2471 5607 sequuntur
2496 5537 2746 5607 superius
2793 5546 2915 5591 acta
2938 5545 3083 5590 sunt.
3130 5534 3320 5605 (Vnus.
3360 5535 3474 5603 52.)
3503 5589 3515 5608 ,

1895 5627 2043 5693 Quis,
2071 5628 2265 5696 inquit,
2294 5644 2347 5682 es
2371 5628 2473 5681 tu?
2507 5628 2649 5683 Duas
2673 5642 2793 5684 esse
2816 5626 2868 5682 in
2898 5612 3118 5683 homine
3145 5612 3474 5688 voluntates,

1893 5717 2230 5789 corporalem
2275 5712 2467 5785 unam,
2512 5719 2846 5788 spiritualem
2904 5718 3127 5773 alteram
3180 5716 3431 5771 novimus
3458 5756 3472 5778 ,

1893 5826 2121 5881 quarum
2159 5810 2333 5880 prima
2385 5811 2463 5868 sic
2514 5812 2567 5867 in
2608 5812 2791 5879 corde,
2838 5811 3209 5883 spiritualibus
3241 5809 3469 5871 intenti,

1893 5905 2072 5961 abdita
2107 5902 2238 5960 latet
2267 5912 2322 5961 ut
2351 5904 2455 5964 nisi
2480 5905 2716 5977 occasio,
2751 5920 2869 5977 quae
2892 5906 3105 5978 prodat,
3139 5902 3475 5967 suboriatur,
