3982 6360
535 448 640 506 εει
1364 443 1424 500 V.
1465 441 1791 502 GUIBERTI
1831 443 2125 501 ABBATIS
2167 445 2223 500 S.
2259 443 2502 499 MARLAE
2544 443 2633 499 DE
2661 440 3060 500 NOVIGENTO
3745 447 3871 510 213

537 568 760 639 penitus
781 566 1046 624 exstincta
1083 572 1320 635 putetur.
1378 563 1512 619 Cum
1542 579 1671 636 ergo
1701 563 1918 619 vacanti
1948 563 2116 618 coe‘e-
2148 574 2192 626 Α
2224 561 2442 613 tandem
2498 559 2747 614 redeunti
2804 572 2954 627 spem
3024 565 3313 627 provectus
3359 557 3688 630 spiritualis
3759 562 3848 616 im

539 660 718 716 stibus
758 668 972 715 terrena
999 655 1244 712 voluntas
1268 669 1328 711 se
1364 655 1545 711 subito
1573 664 1956 726 repraesentat,
1991 668 2120 724 pro-
2224 651 2447 722 pendas.

541 731 686 810 fecto
707 753 834 808 ac-si
859 752 925 806 de
956 751 1229 822 incognito
1253 750 1376 818 quis
1398 749 1470 803 sit
1500 749 1816 818 interrogat.
1847 745 1958 818 Ego
1983 763 2120 814 sum,
2294 741 2459 796 Vnus.
2500 741 2589 796 57.
2641 773 2713 782 —
2761 743 3064 810 Dominum,
3123 742 3198 797 ait
3247 743 3418 810 isaaC,
3466 754 3638 798 tuum
3691 744 3868 798 illam

493 857 498 864 ’
543 823 738 917 inquit,
771 844 857 900 ille
889 852 1013 899 tuus
1065 843 1310 898 carnalis
1341 839 1590 907 affectus,
1621 841 1706 898 cui
1739 841 2119 912 primogenito,
2225 835 2502 899 constitui,
2534 843 2592 887 ut
2614 835 2824 890 scilicet
2852 835 3092 890 dominio
3119 835 3222 904 pia:
3249 837 3549 891 voluntatis
3576 836 3864 900 obedias,

543 938 593 993 id
619 945 702 993 est
728 933 987 1001 naturali,
1023 949 1091 988 ac
1135 931 1483 1001 originaliter
1512 930 1604 985 tibi
1665 931 1904 1001 ingenito
1957 931 2122 1000 potis-
2224 935 2279 981 et
2303 942 2492 981 omnes
2519 927 2689 1003 animi
2735 936 2934 992 motus,
2965 928 3055 996 qui
3098 929 3164 982 ab
3214 929 3422 984 unitate
3451 929 3574 998 ejus
3615 928 3866 983 dissen-

535 1031 756 1092 simurn,
787 1027 1067 1083 inhaerere
1105 1025 1395 1079 debueras.
1437 1022 1624 1095 (Vens.
1653 1024 1768 1095 ⁸55.)
1801 1024 2126 1093 Expavescit
2228 1017 2388 1083 tiunt,
2416 1019 2504 1087 qui
2545 1018 2746 1074 fratres
2793 1019 3072 1087 dicuntur,
3122 1021 3248 1091 quia
3299 1021 3366 1078 ab
3412 1022 3618 1076 eadem
3659 1031 3866 1076 mente

534 1125 752 1178 animus
789 1132 1005 1191 stupore
1037 1119 1345 1185 vehementi,
1375 1117 1467 1187 qui
1498 1116 1657 1187 paulo
1691 1125 1818 1171 ante
1840 1129 2117 1185 superetn-

2225 1110 2606 1177 quoquomodo
2639 1119 2993 1180 generantur,
3027 1111 3076 1166 ei
3107 1111 3296 1179 subjici
3344 1111 3548 1172 debere
3582 1113 3860 1167 decrevi.

531 1215 692 1270 lcstis
723 1215 828 1270 sibi
851 1213 1160 1277 videbatur,
1192 1227 1333 1266 nunc
1363 1211 1542 1281 aliqua
1568 1211 1658 1264 vili
1687 1219 1866 1266 motus
1898 1211 2123 1264 materia
2228 1196 2530 1258 Frumenlo.
2574 1201 2726 1256 Verbi
2773 1202 2868 1256 Dei
2898 1245 2912 1268 ,
2959 1211 3006 1256 et
3068 1203 3254 1274 gratiae
3312 1203 3673 1273 septiformis
3727 1204 3860 1256 uino

533 1304 826 1376 plusquam
861 1313 1076 1359 terrena
1105 1303 1417 1368 meditatur,
1469 1310 1521 1357 et
1557 1295 1658 1371 'qui
1711 1302 1862 1356 cibos
1917 1301 2123 1371 pridem
2227 1291 2457 1346 ειαῦίίὶυί
2501 1310 2618 1346 eum
2645 1311 2667 1359 ἐ
2707 1293 2776 1347 Εἴ
2811 1294 2905 1348 tibi
2936 1293 3098 1358 ιιίιναι
3153 1293 3232 1363 ﬁli
3261 1295 3352 1357 ηιῖι
3411 1295 3543 1366 quid
3577 1295 3862 1364 [αείσπιῗ

539 1404 792 1458 coxerat,
813 1392 924 1460 jam
982 1394 1037 1448 in
1083 1394 1264 1448 carnis
1305 1392 1557 1447 duritiam
1603 1392 1985 1446 rccrudescere
2016 1405 2123 1444 non
2228 1381 2380 1448 Ωιιοά
2415 1391 2583 1436 “ilum
2613 1392 2736 1442 ρει-ε
2763 1381 2822 1438 Si
2855 1382 3004 1452 19510
3031 1383 3293 1453 αρρειίωῑ
3321 1383 3520 1439 δίνίηίε
3550 1385 3858 1439 honorato

544 1495 787 1540 νει-οων,
813 1485 944 1550 Quis
969 1486 1041 1540 είι
1067 1487 1268 1554 itaque,
1309 1486 1431 1554 quis
1473 1484 1657 1547 [υει-ίι,
1710 1484 1998 1554 utrobique
2030 1483 2125 1537 υιῑ-
2236 1476 2556 1532 muneribus
2584 1478 2966 1548 obtemperare
2993 1477 3214 1548 relugis,
3249 1493 3409 1549 quam
3455 1479 3559 1533 tibi
3614 1480 3852 1550 specia-

539 1585 711 1632 ratur.
741 1577 1073 1633 Ascendcrat
1101 1593 1269 1647 usque
1291 1576 1357 1631 ad
1391 1577 1578 1643 ccelos,
1608 1575 1702 1631 sed
1730 1591 1872 1630 nunc
1901 1575 2126 1630 descen-
2227 1563 2355 1619 iilel‘
2381 1563 2574 1621 θίῖενιέ
2606 1577 2796 1640 ροιειό
2821 1568 3177 1622 Inetiicinmll?
3201 1569 3386 1638 (VEBS-
3424 1569 3517 1640 58)
3545 1569 3640 1622 An
3678 1587 3850 1624 “ﬁt!!!

537 1668 620 1724 dit
647 1682 820 1739 usque
847 1668 917 1724 ad
939 1666 1186 1738 abyssos.
1221 1666 1354 1733 Quis
1383 1668 1546 1737 igitur
1571 1665 1660 1721 ille
1688 1677 1785 1730 est,
1811 1666 1902 1737 qui
1923 1665 2122 1720 dudum
2226 1665 2432 1710 tantum
2455 1659 2860 1713 benedictionem
2898 1660 3052 1718 habes
3081 1660 3108 1715 2’
3144 1659 3277 1714 Mihi
3308 1662 3520 1719 obsecro
3555 1673 3619 1716 ut
3683 1663 3850 1717 bene-

539 1770 748 1830 raptam
771 1761 1096 1815 venationem
1121 1758 1297 1814 attulit
1322 1760 1450 1814 mihi
1473 1761 1498 1813 ?
1517 1760 1594 1815 Ac
1631 1761 1674 1816 si
1697 1759 1902 1814 diceret
1929 1775 1954 1813 :-
1981 1759 2036 1812 Si
2071 1767 2117 1812 tu

2227 1748 2395 1804 dicas.
2425 1751 2510 1806 An
2559 1752 2652 1819 ita,
2686 1753 2882 1823 inquit,
2913 1753 3016 1809 soli
3048 1754 3201 1810 bona:
3252 1755 3518 1811 voluntati
3566 1758 3848 1813 curanda:

537 1850 844 1916 carnalem,
875 1859 932 1905 ut
986 1863 1114 1906 vere
1143 1865 1224 1917 es,
1267 1860 1378 1905 tam
1409 1862 1595 1920 aperte
1621 1851 1849 1920 teipsu-m
1879 1848 2010 1903 mihi
2043 1849 2123 1902 in-
2227 1855 2431 1912 pronus
2466 1859 2525 1898 es
2556 1853 2613 1899 ut
2639 1843 2706 1901 de
2757 1846 2843 1901 his
2867 1862 2986 1918 qua:
3030 1863 3196 1918 prave
3243 1857 3298 1903 et
3340 1849 3680 1904 humanitus
3716 1851 3848 1906 aﬂ'c-

537 1944 706 2014 geris,
755 1945 879 2014 quis
907 1953 998 1998 aut
1033 1943 1176 1998 unde
1229 1942 1351 2010 fuit,
1405 1943 1497 2014 qui
1539 1957 1710 2013 nuper
1742 1941 1872 1996 milii
1913 1939 2124 2006 incidit,
2159 1923 2200 1982 Β
2231 1941 2367 1996 Clas.
2393 1947 2582 1988 curam
2627 1934 2769 1992 ferre
2814 1953 3054 1994 recuses.
3088 1939 3186 1995 Dic
3225 1939 3431 2010 aliquid
3461 1942 3615 1997 unde
3675 1943 3846 2014 prog'i-
3935 1959 3938 1968 ·

535 2035 627 2092 ille
648 2036 945 2108 spiritualis
979 2035 1224 2103 affectus,
1261 2037 1353 2107 qui
1383 2036 1614 2102 carnali,
1647 2044 1706 2090 ut
1747 2035 2026 2106 putabam,
2056 2034 2124 2090 ad

535 2143 734 2198 purum
771 2129 1076 2199 cupiditate
1101 2137 1350 2194 excocta,
1389 2129 1536 2184 Ollllli
1567 2143 1704 2198 pene
1733 2142 1819 2182 me
1848 2127 2123 2181 desiderio

535 2219 746 2276 etelesti
791 2219 1030 2276 refecit?
1069 2219 1333 2290 Huncque
1360 2235 1458 2290 pro
1488 2218 1573 2274 sui
1611 2219 1898 2288 dignitate,
1933 2226 1990 2274 et
2018 2216 2124 2272 uti-

535 2310 716 2378 litate,
751 2320 806 2368 et
839 2327 1004 2382 penes
1035 2327 1124 2367 me
1154 2311 1626 2382 multiplicandum
1659 2311 1814 2378 duxi,
1845 2319 1901 2365 et
1931 2325 2127 2380 perpe-

534 2405 668 2470 tuis,
712 2405 758 2458 si
806 2413 1020 2473 potero,
1050 2404 1272 2473 insuper
1299 2404 1571 2472 ampliato
1620 2403 1930 2467 crementis,
1981 2401 2125 2472 quod

531 2503 619 2548 est
643 2511 658 2546 :
687 2493 1044 2564 Benedixique
1065 2494 1136 2558 ei,
1160 2503 1206 2548 et
1233 2495 1329 2548 erit
1353 2493 1672 2548 benedictus.

605 2583 772 2640 Vens.
801 2585 890 2639 54.
922 2616 990 2630 —~
1030 2587 1239 2640 Auditis
1287 2585 1433 2641 Esau
1467 2585 1792 2640 sermonibus
1839 2585 2026 2656 patris,
2051 2586 2124 2638 ir-

535 2677 696 2748 rugiit
752 2677 979 2732 clamore
1033 2694 1245 2747 magno,
1298 2688 1346 2732 et
1409 2688 1772 2733 consternatus
1809 2679 1882 2732 ait
1925 2694 1944 2732 :
1987 2677 2121 2733 Cum

537 2769 714 2836 audit,
751 2769 803 2824 id
837 2781 921 2825 est
947 2769 1200 2840 intelligit
1243 2769 1494 2826 animalis
1522 2771 1790 2836 voluntas,
1831 2779 1887 2826 et
1919 2769 2122 2826 monita

537 2861 1014 2932 constantiamque
1069 2863 1317 2929 rationis,
1365 2864 1578 2919 bestiali
1628 2873 1776 2918 motu
1807 2863 1947 2918 intra
1997 2879 2124 2919 con-

538 2951 826 3007 scientiam
875 2952 1145 3018 deswvit;
1195 2954 1390 3024 _rugire
1447 2947 1596 3008 enim
1653 2952 1887 3008 ferarum
1917 2962 2018 3019 est,
2070 2963 2124 3009 et

539 3055 717 3100 tamen
753 3044 970 3101 fortiter
994 3047 1162 3101 animi
1191 3022 1250 3102 se
1279 3022 1516 3102 babente
1537 3047 1828 3111 sententia,
1857 3045 2009 3101 furor
2035 3047 2124 3101 ille

538 3133 684 3189 intra
713 3137 954 3206 seipsum
986 3151 1052 3191 ac
1079 3137 1123 3191 si
1147 3135 1363 3191 ﬂamma
1391 3138 1752 3204 consumitur,
1778 3147 1834 3194 et
1870 3137 2119 3206 quiescit.

533 3227 673 3284 Hinc
700 3238 784 3286 est
815 3231 958 3302 quod
1010 3231 1360 3300 daemonium,
1398 3249 1426 3286 a
1465 3232 1700 3288 Domino
1746 3232 2120 3304 eminandum,
2149 3273 2190 3328 Ο

528 3339 670 3394 pene
693 3341 919 3396 puerum
951 3327 1221 3384 interimit
1243 3329 1492 3383 exeundo
1516 3326 1670 3387 (Luc.
1705 3344 1779 3394 ix,
1808 3327 1918 3396 42).
1952 3328 2120 3384 Versa

531 3417 720 3488 itaque
751 3416 864 3488 jam
923 3419 1236 3475 animalitas
1299 3420 1356 3474 in
1413 3419 1752 3492 religionem,
1811 3429 1868 3476 et
1905 3421 2120 3491 spiritui

535 3508 773 3575 addicta,
826 3511 1074 3566 benedici
1126 3512 1293 3566 etiam
1323 3526 1406 3578 se,
1449 3513 1593 3582 quod
1635 3523 1741 3578 est,
1773 3513 1974 3569 divinis
2021 3529 2120 3568 ex-

533 3615 784 3656 crescere
817 3601 1020 3656 muniis
1069 3611 1242 3671 optat,
1281 3613 1337 3658 et
1363 3603 1616 3674 postulat.
1652 3603 1840 3675 (Vsus.
1885 3603 1977 3668 55,
2005 3604 2120 3677 36.)

544 3688 716 3758 Venit,
758 3691 951 3760 inquit,
1004 3689 1183 3758 Isaac,
1232 3709 1512 3762 germanus
1563 3704 1682 3746 tuus
1733 3693 2118 3762 fraudulenter,

531 3795 580 3837 et
611 3785 809 3854 accepit
845 3784 1256 3840 benedictionem
1308 3796 1478 3840 luant.
1513 3785 1902 3858 Subjunxitque
1933 3785 2076 3842 Esau
2099 3803 2118 3840 .'

530 3873 686 3927 Juste
731 3884 970 3927 vocatum
1015 3882 1090 3928 est
1137 3891 1324 3929 nomen
1354 3875 1470 3946 ejus
1500 3876 1713 3942 Jacob;
1762 3879 2120 3948 supplantavit

531 3965 671 4016 enim
696 3979 776 4018 me
804 3965 859 4017 in
892 3963 1060 4018 altera
1082 3967 1216 4020 uice.
1251 3964 1546 4022 Germanus
1568 3967 1936 4036 fraudulenter
1955 3971 2114 4037 venit,

533 4071 656 4109 cum
687 4064 930 4126 tempore
956 4058 1327 4113 conversionis
1374 4060 1459 4129 pia
1515 4061 1768 4115 voluntas
1815 4060 2119 4118 affectionis

532 4148 738 4202 ﬂuxum
767 4148 937 4204 multa
985 4150 1466 4207 ratiocinationum
1523 4154 1970 4224 tergiversatione
2019 4155 2118 4210 cir-

530 4241 828 4296 cumvenit.
874 4241 1302 4300 Benedictionem
1331 4243 1448 4314 ejus
1476 4247 1694 4318 accipit,
1748 4263 1872 4302 cum
1909 4248 2116 4304 deside-

533 4333 672 4388 rium
701 4334 902 4409 terreni
955 4335 1235 4406 profectus
1277 4337 1330 4390 in
1379 4336 1616 4394 caelestis
1667 4339 1933 4395 commodi
1966 4338 2115 4394 lucra

527 4428 821 4482 convertit.
869 4427 1309 4484 Benedictionem
1368 4445 1467 4500 pro
1496 4431 1949 4502 multiplicatione
1988 4433 2113 4501 poni

527 4536 668 4592 stepe
699 4521 957 4578 diximus.
990 4523 1163 4591 Juste,
1217 4525 1315 4591 ait,
1370 4525 1747 4596 supplantator
1777 4525 1994 4590 dicitur,
2022 4525 2112 4594 qui

2227 2025 2391 2086 ciam.
2433 2026 2622 2100 (Vens.
2651 2029 2742 2096 39,
2777 2029 2891 2102 40.)
2943 2031 3174 2105 Cumque
3223 2034 3427 2104 ejulatu
3467 2051 3686 2106 magno
3743 2039 3840 2106 ﬂe-

2228 2128 2323 2184 ret,
2356 2131 2529 2175 motus
2555 2118 2714 2176 Isaac
2744 2123 2878 2178 dixit
2906 2141 2925 2179 .'
2972 2123 3038 2178 In
3085 2127 3400 2197 pinguedine
3448 2136 3642 2193 terrae,
3710 2141 3760 2182 et
3789 2133 3842 2182 in

2227 2229 2345 2268 rore
2374 2214 2490 2269 ctuti
2539 2215 2763 2288 desuper
2800 2217 2897 2270 erit
2926 2215 3214 2274 benedictio
3261 2229 3372 2276 tua.
3434 2217 3590 2274 Vives
3621 2221 3840 2290 gladio,

2224 2317 2272 2362 et
2301 2308 2792 2379 fratrituo-servies
2809 2329 2829 2377 1:
2863 2323 3164 2384 tempusque
3187 2317 3371 2382 veniet,
3407 2333 3528 2370 cum
3585 2323 3836 2379 excutias

2225 2407 2271 2452 et
2295 2399 2670 2472 solvasjugum
2698 2401 2810 2470 ejus
2859 2403 2923 2458 de
2955 2405 3238 2464 ceruicibus
3276 2405 3400 2460 tuis.
3434 2405 3556 2462 Non
3604 2407 3736 2476 jam
3762 2409 3836 2462 Ιιις

2225 2491 2419 2548 raliter
2474 2493 2619 2564 rugit
2662 2494 2943 2566 Esau,,sed
2973 2496 3210 2555 humane
3259 2497 3462 2568 eiulat,
3501 2508 3565 2556 et
3613 2517 3694 2556 ex
3739 2504 3834 2572 pie:

2225 2582 2521 2639 voluntatis
2568 2584 2826 2642 instinctu
2885 2603 2996 2644 suae
3053 2590 3277 2646 vanitati
3332 2591 3682 2664 ingemensk
3737 2597 3828 2664 ipsi

2227 2673 2390 2728 etiam
2417 2674 2630 2743 spiritui
2663 2687 2866 2730 motum
2893 2679 3132 2748 pietatis,
3162 2690 3216 2736 et
3248 2681 3562 2738 devotionis
3604 2685 3824 2740 incutit.

2225 2763 2293 2818 In
2313 2765 2652 2836 pinguedine,
2683 2769 2781 2834 ait,
2805 2780 2957 2824 terra:
2985 2770 3233 2827 benedici
3283 2775 3510 2845 poteris.
3570 2776 3632 2831 id
3665 2782 3823 2834 estsi

2229 2863 2431 2910 terram
2481 2868 2554 2924 te,
2607 2871 2951 2928 peccatorem
3012 2862 3222 2918 scilicet
3259 2865 3567 2933 confiteris,
3631 2871 3828 2940 SOpitis

2227 2959 2459 3014 nequam
2485 2946 2770 3004 affectibus
2800 2966 2917 3004 rore
2947 2951 3061 3006 mali
3087 2953 3398 3024 pinguesce,
3445 2955 3498 3011 id
3528 2969 3620 3013 est
3645 2961 3825 3029 grati:

2225 3045 2279 3091 ct
2307 3036 2579 3094 infusione
2611 3040 3122 3112 intellectualitatis,
3149 3059 3270 3114 quae
3305 3045 3398 3100 tibi
3444 3061 3509 3103 ac
3539 3047 3588 3102 si
3620 3049 3824 3104 calum

2224 3129 2572 3198 prmuinere,
2616 3129 2819 3197 lumen,
2849 3147 2912 3186 ac
2942 3133 3156 3202 pluvias
3191 3134 3641 3191 documentorum
3673 3154 3821 3208 pra--

2226 3219 2356 3274 bere
2379 3219 2560 3284 debet,
2595 3221 2660 3279 ad
2687 3223 2812 3277 boni
2841 3225 3024 3293 operis
3061 3224 3270 3298 frugem
3307 3227 3617 3283 fecundare.
3654 3227 3820 3285 Vict:

2223 3307 2424 3378 gladio,
2460 3311 2624 3366 \itam
2678 3313 2864 3388 utique
2921 3315 3048 3371 boni
3076 3332 3141 3372 ac
3169 3317 3298 3373 mali
3324 3318 3640 3376 discretione
3667 3334 3814 3372 con-

2225 3403 2430 3472 quires,
2470 3405 2628 3480 fratri
2650 3419 2740 3461 tuo
2771 3449 2787 3477 ,
2809 3409 2898 3480 pio
2932 3410 3140 3470 scilicet
3163 3411 3400 3480 all‘ectui,
3433 3414 3525 3489 qui
3545 3428 3612 3470 ex
3627 3422 3820 3471 matre

2227 3511 2406 3559 tecum
2440 3504 2652 3560 ratione
2673 3507 3241 3576 procedit,inservies,
3274 3509 3340 3564 ad
3369 3519 3583 3582 tempus
3610 3520 3822 3579 tamen,

2224 3611 2349 3649 nam
2393 3604 2682 3666 postquam
2744 3598 2812 3653 ad
2861 3597 3162 3669 perfectum
3211 3600 3450 3656 calorem
3503 3599 3820 3657 dilectionis

2224 3687 2420 3742 divina:
2467 3691 2807 3759 perveneris,
2864 3707 2972 3746 non
3009 3691 3122 3760 jam
3171 3693 3327 3748 bona:
3381 3691 3678 3760 voluntati,
3730 3705 3821 3751 aut

2224 3778 2326 3850 ipsi
2350 3779 2516 3834 etiam
2544 3781 2747 3836 rationi
2777 3781 3108 3854 subjicieris,
3133 3784 3227 3839 sed
3261 3784 3315 3838 in
3362 3783 3640 3852 idipsum,
3673 3787 3816 3856 (mod

2225 3871 2364 3924 bona
2397 3870 2644 3925 voluntas
2679 3883 2784 3937 est,
2814 3881 2904 3925 aut
2931 3874 3072 3928 ratio
3095 3875 3449 3942 converteris,
3482 3875 3635 3930 idem
3669 3880 3812 3948 quod

2223 3961 2314 4016 illa
2343 3963 2846 4034 senties,,idemque
2877 3965 3008 4020 eris.

2296 4078 2457 4135 Vrsas.
2481 4077 2571 4134 41.
2600 4110 2666 4122 --
2708 4079 2904 4134 Oderat
2930 4096 3052 4148 ergo
3066 4097 3268 4150 semper
3298 4079 3444 4136 Esau
3478 4081 3679 4148 Jaceb,
3719 4100 3810 4154 pro

2221 4173 2574 4228 benedictione
2601 4189 2705 4242 qua
2758 4173 3090 4228 benedixerat
3143 4174 3192 4228 ei
3243 4183 3412 4243 pater.
3460 4173 3717 4246 Dixitque
3763 4177 3812 4227 in

2219 4268 2374 4320 corde
2401 4281 2496 4320 suo
2521 4279 2540 4317 :
2583 4263 2793 4319 Venient
2819 4265 2930 4320 dies
2956 4264 3132 4336 luctus
3147 4267 3312 4335 patris
3337 4267 3459 4332 mei,
3485 4276 3542 4320 ut
3571 4268 3808 4322 occidam

2218 4353 2383 4407 Jucob
2407 4354 2625 4423 fratrem
2665 4370 2856 4407 meum.
2890 4354 3004 4408 Etsi
3037 4355 3102 4408 ad
3128 4355 3313 4410 horam
3337 4369 3538 4425 pravus
3561 4357 3658 4426 pio
3677 4373 3807 4413 cou-

2221 4454 2555 4516 temperatur
2583 4444 2819 4510 all‘ectui,
2854 4446 2899 4502 si
2924 4455 3100 4516 potest
3128 4455 3309 4502 tamen
3338 4447 3515 4504 inesse
3547 4449 3805 4504 diutor-ua

2219 4535 2509 4590 concordia
2536 4551 2550 4601 ;
2579 4551 2702 4590 caro
2723 4535 2858 4590 enim
2896 4537 3050 4606 ιιι
3083 4539 3400 4608 concupiscit
3429 4539 3682 4594 adversus
3699 4543 3806 4609 spi-

530 4627 618 4666 me
641 4621 698 4667 et
726 4613 782 4666 in
811 4613 1080 4683 principio
1101 4617 1476 4672 conversionis
1502 4617 1718 4680 evertit,
1753 4625 1810 4671 et
1835 4625 1958 4686 post
1997 4624 2110 4670 ten-
2143 4614 2196 4674 Ι)
2222 4625 2379 4679 ritum
2412 4624 2556 4695 (Gal.
2587 4640 2642 4691 v,
2676 4624 2786 4696 i7).
2829 4625 2884 4680 In
2935 4635 3196 4695 quantum
3233 4639 3365 4699 ergo
3412 4629 3579 4699 patri,
3635 4631 3688 4685 id
3725 4640 3804 4686 est

531 4702 796 4756 talionum
841 4703 1156 4774 insurgente
1203 4707 1457 4774 procella,
1506 4708 1737 4764 victoria
1771 4708 1937 4762 totius
1986 4723 2112 4778 per-

529 4793 809 4848 versitatis
839 4794 1056 4863 dejecit.
1110 4798 1222 4851 Duo
1257 4799 1401 4852 enim
1432 4809 1558 4853 sunt
1603 4800 1848 4871 gradus;
1879 4801 2111 4864 Primus,

527 4885 925 4950 conversionis,
947 4885 1089 4954 quod
1115 4897 1198 4941 est
1221 4889 1401 4944 exitus
1427 4905 1490 4944 ex
1525 4890 1789 4961 IEgypto;
1819 4892 2112 4956 secundus,

525 4973 840 5030 evincenda:
882 4977 1220 5042 tentatiouis,
1257 4979 1402 5046 quod
1435 4990 1566 5034 sunt
1610 4980 1773 5046 bella,
1821 4989 2113 5050 antequam

527 5067 876 5135 possideatur
920 5075 1066 5123 terra
1107 5070 1502 5138 promissionis.
1538 5071 1612 5126 De
1663 5072 1823 5126 tertio
1866 5086 1972 5125 non
2027 5073 2114 5128 hic

527 5161 727 5227 agitur.
770 5159 1129 5230 Primogenita
1158 5178 1270 5215 mea
1295 5171 1416 5215 ante
1468 5163 1606 5227 tulit,
1630 5173 1679 5218 et
1718 5181 1856 5218 nunc
1887 5165 2112 5218 secundo

525 5251 785 5321 subripuit
848 5253 1256 5308 benedictionem
1308 5271 1496 5308 meam.
1549 5255 1702 5323 Quod
1753 5268 1837 5312 est
1891 5251 2108 5312 dicere:

530 5343 634 5411 Me,
662 5345 748 5399 cui
801 5347 1181 5416 principaliter
1210 5349 1577 5419 competebat,
1637 5350 1746 5406 imo
1790 5350 2114 5406 naturaliter

531 5437 772 5493 motibus
807 5439 1058 5509 gaudere
1085 5440 1354 5510 corporis,
1387 5456 1417 5494 a
1473 5455 1533 5496 se
1561 5441 1796 5512 primum
1837 5443 2109 5510 removit;

531 5529 748 5584 demum
777 5544 902 5584 cum
942 5531 998 5586 in
1027 5531 1131 5588 boc
1182 5533 1384 5589 saeculo
1412 5534 1682 5605 prolicere
1718 5536 2112 5608 aliquantisper

530 5620 751 5689 vellem,
782 5623 926 5692 quod
954 5625 1086 5679 satis
1113 5625 1318 5680 licitum
1365 5637 1528 5695 esset,
1556 5643 1706 5699 spem
1759 5630 1892 5684 mihi
1945 5631 2111 5687 totius

531 5715 808 5784 profectus
834 5716 1126 5772 mundialis
1152 5717 1376 5773 ademit.
1421 5719 1527 5776 Sed
1558 5722 1696 5792 quia”
1717 5723 1985 5793 spirituali
2023 5739 2111 5794 ap-

531 5809 719 5877 petitui
778 5810 1074 5866 secundum
1150 5810 1373 5882 spiritus
1439 5814 1696 5870 virtutem
1754 5819 2109 5887 propugnanti

531 5904 806 5960 contraire
857 5920 964 5962 non
1019 5907 1205 5975 valeo,
1255 5906 1383 5977 die,
1442 5907 1548 5977 ait,
1598 5923 1664 5964 an
1719 5909 1853 5966 mihi
1901 5909 1966 5966 ad
2019 5925 2111 5967 cor

2221 4719 2419 4774 rationi
2441 4718 2733 4775 convenire
2761 4719 3060 4788 cognoscit,
3091 4719 3234 4776 Esau
3285 4719 3454 4776 Jacob
3507 4721 3650 4777 odit.
3699 4722 3805 4778 Cor

2218 4809 2383 4876 Esau,
2415 4809 2555 4863 mala
2601 4809 3004 4864 aﬂ'ectualitatis
3041 4811 3268 4866 intentio
3318 4822 3422 4868 est.
3473 4811 3545 4868 Ut
3574 4827 3706 4885 ergo
3742 4813 3804 4868 ﬁ-

2219 4900 2356 4954 delis
2381 4899 2688 4955 intellectus
2714 4893 2884 4964 Isaac,
2931 4901 3143 4956 scilicet
3173 4904 3458 4960 materiam
3483 4908 3670 4962 luctus
3702 4903 3790 4956 in-

2217 4993 2420 5060 veniat,
2445 5009 2542 5064 per
2565 5010 2807 5050 amorem
2849 4994 3233 5065 temporalium
3266 5009 3386 5048 sese
3423 5006 3581 5060 posse
3617 4991 3780 5051 interi

2219 5101 2367 5140 mere
2392 5101 2592 5156 pravus
2615 5085 2840 5142 atiectus
2869 5085 3064 5141 bonam
3097 5084 3431 5140 voluntatem
3460 5093 3640 5153 putat.
3665 5085 3798 5138 Dicit

2219 5191 2398 5234 autem
2461 5189 2721 5236 venturos
2761 5180 2906 5245 dies,
2965 5177 3115 5232 falsa:
3165 5175 3375 5230 scilicet
3420 5176 3795 5245 prosperitatis

2217 5272 2517 5338 claritates,
2547 5273 2742 5341 quibus
2777 5272 2975 5326 obruat
2996 5269 3145 5323 Isaae
3166 5267 3370 5338 gaudii,
3401 5267 3657 5322 videlicet
3682 5283 3794 5323 cm.

2215 5363 2443 5420 lestisin
2498 5365 2680 5419 anima
2723 5363 3112 5432 jucunditates.
3157 5359 3344 5433 (Vens.
3389 5358 3507 5430 42.)
3535 5357 3794 5416 Nuntiata

2215 5468 2334 5512 sunt
2389 5457 2499 5511 haec
2541 5457 2804 5511 Rebeccw.
2854 5453 2986 5520 Quae
3036 5454 3263 5522 mittens,
3305 5462 3354 5508 et
3406 5468 3594 5508 uocans
3627 5454 3794 5521 ﬂium

2216 5565 2369 5602 suum
2395 5547 2582 5611 Iacob,
2625 5546 2757 5599 dixit
2787 5545 2857 5599 ad
2895 5562 3015 5598 eum
3045 5556 3063 5595 :
3092 5543 3228 5598 Ecce
3271 5543 3418 5598 Esau
3467 5542 3635 5612 frater
3678 5555 3794 5598 tuus

2216 5639 2453 5693 minatur
2500 5647 2553 5690 ut
2581 5635 2783 5690 occidat
2831 5645 2902 5689 te.
2936 5633 3092 5689 Nunc
3117 5650 3264 5703 ergo,
3307 5633 3387 5702 [ili
3418 5633 3509 5696 mi,
3543 5633 3674 5687 audi
3713 5650 3794 5686 eo-

2214 5747 2324 5786 cem
2375 5745 2566 5793 meam,
2611 5737 2658 5781 et
2710 5743 3026 5796 consurgens
3075 5725 3195 5795 fuge
3236 5726 3305 5778 ad
3349 5723 3531 5778 Laban
3579 5725 3793 5795 fratrem

2217 5820 2451 5874 meumin
2467 5817 2674 5884 Haran,
2688 5819 3041 5890 habitabisque
3059 5834 3177 5872 cum
3200 5834 3258 5872 eo
3280 5817 3389 5892 dies
3411 5818 3794 5884 paucos,doncc

2218 5905 2453 5982 quiescat
2471 5912 2619 5982 [uror
2641 5911 2822 5982 fratris
2878 5897 2973 5978 tui,
3007 5922 3109 5967 etc.
3164 5909 3491 5968 Nuntiantur
3537 5909 3650 5965 Iure
3696 5908 3791 5965 lle-
