3982 6360
175 335 311 391 215

1394 333 1759 391 MORALIUM
1787 332 1853 390 IN
1886 331 2183 391 GENESIN
2215 333 2343 389 LIB.
2376 334 2506 389 VIII.

3370 333 3474 387 ΞΗ

180 449 404 511 beccte,
429 460 549 504 cum
583 448 724 504 inter
750 449 944 507 talium.
962 448 1149 508 turbas
1173 448 1477 520 jurgiornm
1508 449 1791 503 desudantt
1821 449 1870 508 Α
1900 445 2064 501 licere
2112 454 2288 509 stude,
2335 456 2390 499 ut
2458 444 2561 500 illis
2619 444 2940 501 assimileris
3003 443 3308 510 animabus,
3358 459 3477 514 quae

181 537 488 593 fastidium
521 539 779 595 incutitur
805 539 1100 610 patientiae.
1137 539 1268 605 Quae
1294 549 1472 594 tamen
1504 538 1797 608 praeterita:

185 628 544 684 suﬂ‘erentize
580 630 777 685 damna
838 630 1381 700 vereus,,jpr:emium
1428 630 1649 685 caeleste
1701 643 1798 699 pro

189 719 395 788 legato
418 717 605 784 mittit,
634 728 688 773 et
717 736 812 788 per
833 720 936 775 hoc
965 721 1114 789 pium
1137 721 1434 790 appetitum
1473 721 1540 774 ad
1566 735 1625 775 se
1664 734 1796 774 con-

192 809 408 875 trahit,
458 819 513 864 et
538 820 723 864 contra
759 813 1113 867 immimentis
1142 812 1480 867 ferocitatem
1508 813 1798 868 carnalita-

192 901 272 957 tis
306 901 506 956 munit.
552 899 904 971 Obtempera,
964 903 1159 973 inquit,
1212 903 1509 959 tolerantia:
1554 904 1796 961 caelestia

188 991 584 1061 promittenti,
635 1001 690 1047 et
736 994 803 1048 ab
856 994 1055 1050 inﬁmis
1108 1011 1436 1066 consurgens
1492 996 1796 1062 desideriis,

187 1080 494 1136 saecularia
530 1085 675 1153 Iuge,
703 1084 930 1140 tendens
975 1086 1219 1141 videlicet
1244 1088 1309 1141 ad
1348 1090 1660 1153 candorem,
1689 1088 1797 1142 imo

188 1171 266 1225 ad
315 1173 670 1229 candidatum
730 1175 984 1231 Ecclesia:
1040 1176 1276 1232 cmlestis
1329 1178 1647 1243 exercitum,
1704 1180 1797 1249 qui

199 1260 316 1317 sub
341 1271 502 1333 patre
531 1263 643 1320 Deo
659 1263 825 1320 frater
845 1275 1031 1322 noster
1049 1275 1157 1333 est,
1188 1282 1370 1337 quem,
1403 1267 1529 1322 dum
1562 1269 1791 1335 advivis,

192 1359 403 1413 sancte
423 1362 478 1408 et
504 1354 671 1411 electe
702 1358 933 1428 agendo,
953 1359 1105 1428 quasi
1145 1359 1201 1414 in
1227 1360 1374 1414 Aran
1405 1360 1645 1431 degendo
1676 1362 1798 1415 imi-

195 1443 315 1496 tari
347 1453 399 1497 te
424 1445 598 1512 decet,
630 1447 1006 1519 babitabisque
1040 1466 1163 1505 cum
1197 1466 1283 1515 eo,
1313 1452 1418 1505 tuis
1454 1453 1652 1521 ineptis
1691 1453 1797 1507 uti-

195 1547 314 1603 que
348 1533 717 1591 dominaberis
764 1539 1000 1596 motibus
1029 1541 1095 1595 ad
1134 1542 1441 1611 exemplum
1492 1541 1631 1612 ejus,
1666 1544 1793 1614 quia

200 1622 315 1677 hoc
338 1624 567 1693 expetit.
594 1627 840 1694 paucitas
864 1629 1075 1683 dierum
1104 1631 1283 1684 saeculi
1315 1631 1497 1702 hujus,
1530 1641 1587 1687 ut
1642 1632 1795 1702 pravi

200 1709 371 1769 furor
394 1718 789 1785 comprimatur
828 1718 1073 1786 allectus,
1123 1730 1179 1775 et
1210 1722 1384 1791 gratia
1425 1722 1652 1783 rationis
1700 1724 1796 1778 de-

1900 537 2074 592 nitore
2105 538 2360 607 Puritatis
2390 555 2493 593 non
2523 538 2668 593 ﬁuxu
2700 538 2937 596 libidinis
2964 538 3087 593 ﬁliae
3121 546 3247 592 sunt
3272 539 3475 593 cando-

1900 630 1976 685 ris
2006 635 2217 695 aeterni,
2264 630 2329 685 ad
2378 630 2531 699 cujus
2567 633 2983 703 germanitatem
3036 647 3133 702 per
3165 630 3479 688 tolerantias
3574 700 3575 703 η

1897 723 2129 792 suspiro.
2160 720 2298 775 Vade
2318 735 2445 792 ergo
2470 724 2524 776 in
2551 722 2981 795 Mesopotamiam
2998 722 3169 793 Syriw
3183 763 3198 788 ,
3214 723 3479 778 elevatam

1896 812 2107 867 scilicet
2139 814 2205 868 ab
2254 813 2377 867 imis
2416 815 2807 883 cupiditatibus
2834 816 3197 880 vocationem,
3228 816 3373 885 quod
3398 826 3481 873 est

1898 902 2301 959 abrenuntiatio
2328 906 2535 970 smculi,
2578 908 2895 977 aggredere,
2943 908 3087 963 unde
3113 908 3363 964 sublimis
3386 924 3480 979 per

1898 995 2414 1066 contemplationem
2432 995 2614 1051 valeas
2635 998 2895 1053 eminere.
2921 998 3306 1069 Mesopotamia
3336 1003 3481 1057 enim

1896 1088 2098 1142 elevata
2126 1088 2346 1151 vacatio,
2374 1084 2530 1158 Syria
2562 1088 2799 1141 sublimis
2826 1088 3046 1143 dicitur.
3085 1091 3293 1146 Dicitur
3317 1092 3481 1148 etiam

1899 1177 2087 1234 Grtece
2121 1177 2530 1247 Mesopotamia,
2564 1179 2707 1247 quod
2749 1179 2821 1233 sit
2851 1180 3024 1232 media
3063 1180 3204 1234 inter
3239 1183 3481 1250 flumina,

1899 1271 2042 1340 quod
2076 1270 2231 1326 valde
2260 1270 2507 1347 congruit
2536 1271 2729 1325 animae
2757 1269 3024 1324 laboranti
3067 1270 3208 1325 inter
3231 1272 3481 1327 tentatio-

1899 1377 2027 1415 num
2056 1361 2398 1427 discrimina,
2422 1361 2539 1417 huic
2558 1369 2738 1416 tamen
2766 1376 2864 1416 nos
2891 1361 3131 1417 evehunt
3159 1361 3226 1415 ad
3251 1362 3484 1433 Syriam,

1900 1452 1952 1507 id
2001 1459 2084 1507 est
2126 1451 2193 1506 ad
2229 1452 2505 1506 sublimia.
2556 1452 2615 1506 In
2658 1453 2742 1507 bis
2781 1452 3107 1508 sublimibus
3152 1452 3348 1508 domus
3400 1463 3485 1509 est

1900 1543 2146 1606 BalIIUCI,
2180 1543 2391 1598 scilicet
2442 1543 2668 1614 virginis
2697 1543 2813 1609 Dei,
2847 1542 3102 1599 Ecclesiae
3137 1556 3270 1598 sane
3300 1557 3477 1614 super.

1899 1634 2136 1695 caelestis
2201 1651 2415 1707 rugam,
2471 1644 2548 1691 et.
2582 1636 2853 1693 maculam
2916 1650 3141 1705 prorsus
3198 1632 3313 1703 jam
3380 1652 3486 1692 non

1900 1728 2148 1783 habentis
2191 1724 2405 1797 (Ep/tes.
2436 1742 2493 1796 v,
2523 1725 2650 1797 27),
2682 1740 2789 1796 qua
2828 1725 2903 1779 nil
2946 1724 3211 1780 sincerius
3232 1722 3347 1792 jam
3377 1734 3480 1779 est.

190 1803 437 1871 briatus,
486 1807 680 1876 prioris
710 1807 945 1864 lasciviae
979 1826 1083 1881 qua
1134 1811 1419 1871 fraudatus
1473 1824 1555 1869 est
1594 1814 1790 1870 oblivi-
1823 1815 1866 1875 Β
1895 1818 1943 1873 ls
1973 1817 2199 1873 llatbuel
2227 1816 2398 1872 frater
2423 1817 2718 1873 estmatris
2739 1824 2963 1878 nostrae,
2995 1814 3121 1885 quia
3150 1815 3382 1886 populus
3403 1815 3489 1870 ille

189 1905 407 1949 scatur.
426 1896 611 1951 Laban
635 1908 811 1952 autem
835 1901 1092 1955 candidus
1117 1901 1345 1969 dicitur;
1366 1902 1797 1975 Haran,elcctus,

194 1986 287 2040 vel
328 1988 494 2042 etiam
522 1988 776 2055 irascens,
812 1992 1038 2045 forsitan
1084 1993 1316 2047 innuens
1344 1996 1487 2063 quod
1535 1996 1651 2050 ﬁeri
1692 2011 1797 2051 non

196 2081 391 2156 possis
436 2080 665 2147 electus,
701 2083 803 2136 nisi
850 2084 1227 2152 corporalibus.
1266 2086 1533 2142 illecebris
1586 2103 1801 2158 semper

205 2174 511 2228 inveniaris
535 2173 724 2229 iratus.
769 2174 1097 2243 Irascimini,
1126 2187 1172 2232 et
1197 2177 1356 2233 nolite
1385 2196 1599 2248 peccare
1623 2179 1797 2247 (l'sal.

200 2279 279 2325 tv,
306 2262 391 2333 5).

273 2353 441 2411 Vens.
474 2358 563 2413 43.
610 2389 679 2398 ——
713 2357 904 2414 Postea
944 2362 1170 2426 mittam,
1196 2373 1245 2416 et
1294 2364 1555 2418 adducam
1580 2375 1627 2420 te
1676 2366 1798 2422 inde

194 2448 324 2502 huc.
350 2448 477 2504 lude
499 2458 623 2519 post
653 2450 892 2518 sopitum
924 2451 1064 2506 Esau
1108 2453 1347 2509 furorem
1370 2454 1540 2510 Jacob
1567 2456 1795 2513 adduci-
1822 2517 1831 2527 ι

200 2550 318 2605 tur,
340 2602 343 2605 γ
367 2556 488 2596 cum
510 2541 584 2599 ,de
616 2543 843 2598 victoria
886 2546 1224 2614 passionum,
1254 2561 1319 2603 ac
1342 2548 1387 2601 si
1419 2548 1485 2603 de
1517 2547 1718 2615 Haran,
1743 2558 1798 2604 et

198 2634 391 2704 gloriae
439 2633 678 2691 caelestis
734 2637 1003 2702 contuitu,
1063 2641 1207 2709 quod
1240 2648 1323 2694 est
1368 2641 1435 2696 de
1480 2640 1686 2705 Laban,
1729 2641 1797 2696 ad

202 2725 380 2780 nostri
408 2727 921 2794 considerationem,
954 2729 1145 2799 quales
1182 2730 1476 2800 aliquando
1508 2732 1793 2799 fuerimus,

202 2818 468 2874 redimus.
520 2820 686 2875 Mittit
732 2837 861 2877 vero
911 2822 1174 2889 Rebecca,
1234 2833 1293 2879 ut
1335 2824 1503 2899 Jacob
1551 2827 1793 2893 reducat,

205 2927 329 2967 cum
381 2915 611 2970 rationis
659 2915 847 2972 nuntio
877 2928 1176 2986 praeeunte,
1212 2920 1475 2987 patientia
1522 2921 1682 2975 bona:
1702 2935 1796 2977 vo—

206 3004 403 3060 luntati
457 3021 525 3061 ne
560 3007 707 3077 quid}
740 3025 992 3080 magnum
1053 3012 1120 3066 de
1181 3027 1240 3066 se
1294 3014 1549 3079 aestimet,
1615 3013 1683 3067 ad
1736 3027 1797 3069 se

213 3093 548 3150 redeundum
596 3095 854 3152 insinuat.
910 3097 1020 3153 Cur
1068 3103 1546 3171 utroqueorbabor
1575 3103 1691 3172 filio
1740 3104 1793 3157 in

212 3202 316 3241 una
348 3188 464 3242 die?
493 3188 625 3255 Cur,
659 3188 854 3259 inquit,
901 3193 1335 3258 momentaneis,
1355 3202 1412 3248 et
1446 3196 1615 3263 quasi.
1636 3196 1797 3250 unius

210 3278 311 3332 diei
336 3282 565 3348 gaudiis,
607 3293 661 3339 et
688 3284 889 3340 fluxum
917 3285 1215 3354 appetitum
1239 3285 1497 3341 brevibus
1523 3287 1796 3344 illecebris

212 3370 530 3436 expendunt.
561 3382 615 3426 et
645 3374 788 3441 quod
822 3374 1211 3442 mibisuperest
1232 3375 1387 3429 bona:
1402 3375 1797 3435 voluntatisin-

217 3460 497 3514 terimam?
522 3462 711 3533 (Vens.
734 3464 848 3528 46.)
870 3465 1044 3520 Taedet
1058 3482 1138 3519 me
1151 3467 1270 3520 vitte
1292 3477 1645 3535 metepromer
1657 3467 1799 3535 ﬁlias

219 3550 373 3617 Ilelh,
399 3553 523 3607 dicit
547 3555 615 3609 ad
642 3555 801 3611 Isaac
823 3556 1075 3620 Rebecca.
1106 3557 1239 3611 Dum
1269 3556 1556 3627 patientia,
1587 3558 1798 3628 gaudiis

216 3640 523 3699 coelestibus
548 3645 754 3712 innixa,
785 3662 913 3707 cum
952 3648 1033 3702 his
1072 3663 1136 3703 ac
1180 3648 1225 3702 si
1258 3663 1382 3702 cum
1410 3664 1510 3702 suo
1539 3648 1691 3705 Isaac
1731 3650 1799 3704 de

217 3730 464 3786 vitiorum
507 3734 822 3790 difﬁcultate
871 3738 1138 3807 lzedioque
1191 3739 1567 3808 conqueritur.
1623 3738 1795 3794 Filias

214 3820 367 3876 ﬁuida
397 3824 691 3891 desideria,
725 3826 891 3893 Hem,
922 3838 1223 3897 stuporem,
1270 3831 1559 3899 reprobum
1589 3830 1797 3887 scilicet

215 3930 427 3971 sensum
478 3919 611 3976 satis
663 3919 918 3977 diximus.
974 3920 1033 3976 Si
1075 3922 1328 3991 acceperit
1371 3922 1537 3976 Jacob
1578 3938 1795 3981 uxorem

213 4007 276 4064 de
303 4011 461 4080 stirpe
499 4013 659 4083 hujus
695 4023 867 4080 terris,
916 4014 1049 4069 nolo.
1085 4016 1293 4073 vivam.
1330 4016 1386 4070 Si
1426 4017 1513 4086 pia
1546 4016 1795 4072 voluntas

214 4099 491 4157 desideriis
543 4105 775 4160 terrenis
827 4104 1129 4171 iub-.eserit,
1182 4105 1496 4174 patentibus
1546 4116 1794 4165 monstro

219 4190 420 4246 iudieiis
444 4207 529 4246 me
558 4202 788 4248 mortem
825 4204 1085 4251 aeternam
1130 4193 1356 4261 eligere.
1403 4192 1577 4249 Taedet
1610 4203 1792 4249 autem

221 4292 272 4337 et
301 4282 438 4338 illam
470 4286 589 4339 vita:
619 4302 754 4351 suae,
785 4286 912 4341 dum
933 4285 1111 4341 cultus
1140 4287 1362 4358 pietatis
1382 4303 1501 4357 qua:
1526 4303 1652 4343 vere
1681 4287 1792 4341 vita

221 4382 317 4440 est,
347 4375 591 4430 molestia
620 4377 883 4431 malorum
913 4378 1239 4437 irruentium
1273 4379 1562 4450 ingruente
1586 4380 1793 4450 patien:

221 4464 341 4525 tiam
373 4468 556 4538 incipit
584 4485 649 4525 ex
672 4470 909 4525 humana
937 4469 1312 4531 imbecillitate
1349 4474 1568 4531 taedere.

760 4561 987 4618 CAPUT
1024 4562 1258 4617 XXVIII.

292 4651 444 4706 Vens.
505 4654 557 4719 I,
610 4654 664 4708 2.
698 4686 769 4695 —
825 4653 1032 4710 Vocavit
1082 4657 1259 4726 itaque
1293 4656 1453 4710 Isaac
1505 4658 1689 4722 Jacob,
1743 4669 1790 4712 et

223 4744 467 4798 benedixit
518 4747 583 4800 ei.
624 4746 984 4819 Prwcepitque
1018 4749 1067 4803 ei
1115 4751 1291 4804 dicens
1329 4748 1505 4804 :Noli
1559 4753 1792 4821 accipere

223 4837 478 4905 conjugem
493 4836 556 4890 de
578 4855 761 4907 genere
783 4836 1069 4903 Chanaan;
1096 4842 1185 4895 sed
1202 4842 1353 4907 vade,
1387 4852 1433 4894 et
1462 4843 1792 4910 proﬁciscere

220 4926 272 4980 in
290 4925 712 4998 Mesopotamiam
745 4930 917 5001 Syria:
958 4933 1027 4986 ad
1067 4934 1280 4988 domum
1313 4934 1538 4988 Bal/mel
1567 4935 1791 5001 fratrem

221 5021 389 5074 matris
418 5030 542 5086 tute,
578 5032 626 5076 et
680 5024 857 5092 accipe
905 5025 999 5077 tibi
1042 5026 1165 5079 inde
1206 5044 1421 5083 uxorem
1470 5031 1534 5084 de
1577 5030 1791 5099 ﬁliabus

224 5111 386 5168 Laban
417 5117 664 5175 avunculi
693 5121 790 5173 tui.
824 5118 981 5174 Isaac
1006 5120 1171 5175 Jacob
1199 5123 1446 5190 advocat,
1480 5140 1601 5179 eum
1630 5126 1793 5180 etele-

224 5216 297 5261 ste
336 5210 609 5278 suspirans
660 5212 915 5281 gaudium
970 5212 1166 5268 bonam
1220 5215 1287 5268 ad
1341 5230 1399 5270 se
1457 5215 1788 5273 voluntatem

229 5298 380 5353 ﬁdelis
434 5302 616 5355 anima
660 5303 916 5358 concitat.
952 5303 1231 5359 Benedicit
1258 5306 1325 5369 ei,
1365 5322 1487 5360 cum
1536 5307 1790 5362 virtutem

227 5387 329 5456 ejus
371 5389 565 5444 nititur
618 5393 889 5463 adaugere
942 5395 1150 5449 virtuti.
1212 5395 1487 5451 Dictorum
1562 5397 1679 5467 ejus
1745 5396 1793 5452 is

230 5496 397 5537 sensus
426 5490 529 5538 est.
569 5483 687 5539 Noli
721 5483 1001 5541 adhaerere
1041 5486 1311 5543 illecebris
1362 5487 1695 5557 voluptatum
1726 5488 1792 5544 de

230 5587 404 5641 genere
431 5573 711 5645 Chanaan,
750 5577 802 5631 id
826 5586 910 5632 est
938 5578 1358 5649 negotiatorum,
1395 5579 1447 5632 in
1471 5596 1577 5648 quo
1604 5580 1793 5649 procul

235 5664 372 5718 dubio
397 5667 758 5725 conformeris
809 5670 888 5725 eis
926 5658 1015 5740 qui
1036 5671 1209 5747 ﬁdem
1238 5687 1302 5728 ac
1338 5673 1476 5728 bona
1502 5688 1666 5742 opera
1698 5691 1792 5743 pro

235 5760 525 5819 carnalitate
565 5763 908 5833 exsequenda
938 5765 1267 5834 expendunt,
1308 5767 1401 5822 sed
1445 5767 1636 5823 adhoc
1668 5783 1793 5837 pru-

1901 1910 2140 1965 cmlestis
2192 1924 2447 1979 germana
2506 1908 2766 1967 aﬁinitate
2828 1907 3176 1979 coniungitur
3235 1905 3489 1962 Ecclesiae

1901 2000 2061 2054 matri
2092 2008 2309 2064 nostrm,
2338 2014 2456 2068 quae
2484 2008 2567 2054 est
2600 2001 2650 2053 in
2684 2000 2865 2055 terris.

1977 2088 2222 2155 Vens.5,
2261 2090 2315 2143 4.
2344 2119 2412 2128 -
2451 2088 2762 2158 Multiplicet
2790 2099 2858 2154 te,
2893 2090 3068 2159 inquit
3118 2089 3400 2154 Dominus,
3435 2099 3490 2141 ut

1904 2179 1978 2232 sis
2029 2180 2083 2232 in
2122 2178 2302 2232 turbas
2363 2178 2695 2248 populorum,
2754 2188 2802 2233 et
2844 2179 2928 2232 det
2974 2179 3064 2232 tibi
3113 2178 3493 2233 benedictiones

1902 2273 2146 2336 Abraha’,
2179 2281 2228 2326 et
2278 2272 2463 2325 semini
2501 2282 2591 2325 tuo
2620 2281 2734 2341 post
2771 2282 2842 2336 te,
2880 2281 2936 2324 ut
2979 2269 3248 2340 possideas
3286 2281 3491 2324 terram

1899 2363 2331 2433 peregrinationis
2376 2371 2502 2425 tuae,
2559 2378 2717 2433 quam
2770 2360 3034 2428 pollicitus
3082 2369 3155 2414 est
3213 2375 3309 2413 avo
3368 2368 3484 2412 tuo.

1903 2454 2055 2521 Quod
2084 2454 2373 2509 estdicere
2424 2470 2436 2505 :
2474 2453 2647 2507 Tanta
2691 2460 2742 2506 te
2773 2454 2913 2507 Deus
2941 2451 3105 2505 animi
3137 2451 3338 2505 virtute
3363 2464 3495 2505 con-

1900 2546 2093 2603 solidet
2127 2553 2184 2600 ut
2237 2545 2335 2612 sis,
2383 2544 2436 2599 id
2465 2532 2551 2599 est
2604 2543 2873 2600 subsistas
2910 2542 3086 2598 valide
3127 2542 3270 2597 inter
3304 2540 3494 2595 turbu-

1899 2640 2095 2695 lentias
2151 2638 2432 2705 vitiorum,
2492 2645 2549 2693 et
2620 2637 2868 2703 Abralue,
2932 2633 3232 2701 intellectui
3288 2632 3496 2689 scilicet

1899 2730 2140 2793 scientia:
2169 2744 2369 2784 munus
2407 2727 2719 2798 ampliﬁcet,
2752 2736 2799 2781 et
2829 2727 3040 2792 semini,
3074 2725 3127 2780 id
3166 2734 3253 2781 est
3293 2723 3492 2779 merito

1901 2831 1992 2879 tuo
2019 2829 2142 2891 post
2186 2821 2395 2876 obitum
2424 2835 2568 2897 verte
2608 2819 3002 2876 benedictionis
3027 2819 3168 2874 dona
3217 2824 3491 2887 repenset,

1899 2923 1953 2967 ut
1982 2913 2254 2982 possideas
2283 2923 2479 2967 terram
2505 2912 2772 2982 corporis,
2809 2912 2862 2967 in
2892 2927 2999 2981 quo
3026 2909 3405 2981 peregrinatus
3418 2924 3488 2966 es

1903 3006 1947 3074 ι
1959 3006 2060 3075 12
2076 3005 2406 3076 resurgendo
2421 3004 2670 3071 feliciter,
2686 3004 2826 3075 quod
2848 3003 3118 3075 pollicitus
3134 3010 3218 3058 est
3243 3016 3339 3072 per
3369 3016 3495 3072 proo

1899 3098 2087 3167 plietas
2117 3096 2353 3162 Christo,
2397 3095 2719 3151 universalis
2763 3094 2955 3150 matris
2988 3092 3245 3155 Ecclesiae
3276 3093 3418 3163 patri
3439 3100 3498 3147 et

1868 3184 2131 3252 auctori,
2175 3199 2231 3243 et
2276 3188 2418 3254 inde,
2452 3199 2541 3243 tuo
2592 3186 2827 3242 ﬁliorum
2876 3185 3129 3241 videlicet
3177 3185 3350 3255 ipsius
3390 3184 3495 3240 Ec-

1901 3277 2103 3343 clesia},
2134 3294 2252 3332 avo.
2294 3278 2481 3348 (Vens.
2507 3276 2586 3345 5.)
2610 3276 2841 3345 Cumque
2864 3275 3145 3329 dimisisset
3171 3290 3290 3327 eum
3315 3273 3491 3334 Isaac.

1901 3369 2164 3439 profectus
2192 3369 2326 3422 venit
2357 3370 2411 3421 in
2443 3368 2893 3438 Mesopotamiam,
2927 3374 3061 3432 etc.,
3097 3380 3217 3434 qua:
3243 3365 3494 3434 superius

1904 3467 2134 3514 tractata
2190 3459 2439 3515 suﬂicere
2494 3466 2722 3529 queunt.
2778 3458 3061 3513 Dimittere
3113 3470 3290 3513 tamen
3334 3456 3494 3511 Isaae

1903 3553 1979 3608 nil
2011 3554 2153 3609 aliud
2186 3562 2270 3609 est
2325 3568 2489 3624 quam
2540 3568 2607 3609 ex
2665 3552 2903 3608 caelestis
2956 3551 3139 3621 gaudii
3191 3551 3495 3606 intentione

1900 3646 2057 3700 bona:
2090 3645 2384 3700 voluntatis
2427 3644 2680 3700 eﬁ'ectum
2738 3644 2989 3713 dirigere.
3032 3641 3230 3714 (Vsus.
3280 3641 3359 3713 6.)
3398 3640 3496 3696 Vi-

1900 3736 2027 3789 dens
2087 3745 2263 3789 autem
2320 3715 2487 3802 Esau,
2550 3735 2690 3804 quod
2747 3735 3091 3795 benedisisset
3149 3742 3300 3804 pater
3363 3748 3490 3786 suits

1898 3826 2085 3893 Iacob,
2140 3838 2187 3881 et
2216 3827 2437 3881 misisset
2471 3829 2525 3881 in
2556 3825 2991 3896 Mesopotamiam
3026 3824 3234 3895 Syriae,
3272 3834 3327 3877 ut
3369 3823 3491 3878 inde

1900 3936 2115 3977 uxorem
2142 3920 2372 3983 duceret,
2396 3929 2444 3974 et
2469 3919 2607 3989 quod
2634 3927 2749 3986 post
2781 3918 3186 3973 benedictionem
3212 3915 3491 3986 pra-‘cepis-

1897 4021 1972 4067 set
1996 4011 2271 4080 ei,dicens
2295 4026 2314 4064 :
2338 4010 2462 4065 Non
2492 4013 2717 4082 accipies
2744 4011 2809 4070 de
2830 4011 3039 4081 ﬁliabus
3070 4009 3346 4064 Chanaan.
3376 4007 3490 4063 Hoc

1900 4111 2070 4158 totum
2102 4104 2397 4159 secundum
2447 4103 2590 4173 quod
2623 4103 2878 4174 superius
2926 4101 3287 4157 disseruimus
3314 4107 3488 4169 patet,

1896 4210 1925 4247 a
1969 4195 2127 4250 modo
2172 4194 2489 4251 videamus,
2529 4193 2714 4264 (Vens.
2738 4193 2818 4263 8.)
2872 4189 3107 4245 Probans
3159 4190 3306 4244 Esau
3346 4187 3487 4259 quod

1896 4303 2001 4347 non
2063 4287 2280 4345 libenter
2327 4287 2576 4355 aspiceret
2631 4285 2773 4354 ﬁlias
2812 4282 3070 4339 Chanaan
3126 4292 3279 4352 pater
3330 4298 3485 4346 suus,

1895 4386 2183 4449 postquam
2214 4378 2400 4447 utique
2429 4377 2665 4434 carnalis
2696 4376 2921 4433 allectus
2951 4392 3019 4432 ex
3052 4376 3207 4431 bona:
3235 4374 3486 4431 volunta-

1818 4500 1871 4558 ι)
1899 4472 1966 4527 tis
2016 4478 2329 4542 augmento,
2372 4479 2437 4523 et.
2478 4469 2828 4525 exsecutione
2891 4467 3115 4522 virtutis
3159 4481 3484 4532 concussus,

1897 4562 2160 4616 adversus
2192 4618 2193 4621 η
2227 4561 2477 4631 spiritum
2533 4559 2847 4614 cmlestibus
2910 4559 3209 4614 inhiantem
3266 4560 3488 4628 gravius

1894 4652 2265 4715 excandescit,
2306 4664 2371 4704 ea
2425 4650 2612 4703 mundi
2643 4649 2933 4717 desideria,
2966 4664 3086 4719 quae
3126 4650 3268 4705 ratio
3292 4648 3489 4706 fortius

1897 4744 2086 4798 horret
2114 4742 2357 4797 crebrius
2386 4740 2595 4811 objicit,
2629 4742 2814 4809 (Vsus.
2849 4742 2927 4814 9.)
2958 4743 3100 4798 unde
3129 4752 3183 4799 et
3207 4744 3274 4797 ad
3301 4743 3482 4798 Isma—

1894 4833 2018 4886 clem
2054 4832 2117 4897 it,
2156 4833 2223 4888 ad
2270 4831 2453 4888 saeculi
2493 4832 2739 4903 profecto
2784 4832 3257 4903 concupiscentias
3290 4834 3485 4893 tendit.

1896 4926 2092 4998 quibus
2143 4942 2251 4983 non
2282 4927 2412 4992 Deo,
2468 4927 2562 4982 sed
2622 4926 2724 4983 sibi
2767 4927 2998 4996 quisque
3048 4925 3253 4980 obedit.
3291 4924 3488 4979 lsmael

1895 4996 2038 5074 cnim
2067 5018 2267 5073 dicitur
2294 5017 2537 5077 obediens
2572 5017 2693 5072 sibi.
2722 5017 2790 5071 Et
2811 5016 3056 5087 exceptis
3081 5016 3168 5069 his
3199 5013 3481 5075 uxoribus,

1896 5112 2081 5166 mundi
2121 5111 2306 5179 utique
2336 5109 2482 5164 curis
2529 5124 2594 5164 ac
2633 5106 3147 5171 necessitudinibus,
3178 5103 3376 5174 quibus
3407 5104 3486 5159 illi

1895 5203 2315 5273 astringebatur,
2344 5198 2535 5271 ﬁliam
2580 5198 2799 5265 Ismael,
2860 5197 3137 5251 lasciviam
3195 5194 3486 5265 voluptatis
3528 5248 3529 5251 η

1897 5312 2170 5373 corporea:
2210 5295 2575 5367 amplectitur.
2617 5292 2725 5347 Sed
2768 5290 3063 5346 notandum
3108 5289 3253 5358 quod
3293 5289 3485 5343 Ismacl

1899 5390 2040 5443 tilius
2084 5386 2363 5440 Abraham
2413 5384 2637 5448 dicitur,
2678 5382 2806 5451 quia
2869 5396 2934 5436 ex
3000 5394 3193 5450 magua
3252 5381 3483 5435 rationis

1899 5482 2100 5536 virtute
2126 5482 2313 5549 ingens
2343 5476 2676 5549 cupiditatis,
2705 5483 2796 5530 aut
2816 5474 3153 5538 cenodoxiae,
3182 5489 3404 5529 necnon
3426 5483 3483 5529 et

1896 5576 2132 5631 carnalis
2183 5573 2471 5643 aliquoties
2520 5570 2994 5641 concupiscentiae,
3023 5579 3078 5625 et
3105 5569 3270 5625 etiam
3304 5568 3482 5622 acrior
3570 5560 3571 5565 “

1898 5670 2142 5723 exoritur
2177 5675 2377 5729 motus,
2412 5664 2568 5733 quasi
2609 5666 2828 5736 quidam
2878 5678 3109 5733 nequam
3148 5678 3212 5717 ac
3245 5662 3481 5729 degener
3510 5682 3533 5701 ο

1900 5762 2069 5826 ﬁlius;
2133 5762 2244 5831 ipsa
2296 5769 2476 5815 autem
2534 5760 2665 5828 ﬁlia,
2710 5759 2959 5815 voluntas
3014 5754 3264 5811 videlicet
3315 5752 3476 5818 fluxa,
