3978 6332
417 340 520 397 213

419 452 615 507 Meleth
663 450 790 520 (aL,
821 438 1139 511 Maheleth],
1185 436 1328 505 quod
1361 437 1749 504 interpretatur
1784 432 1999 495 chorus,

418 540 737 608 appellatur.
768 537 976 590 Chorus
1003 543 1133 583 vero
1159 527 1287 581 licet
1318 525 1371 578 in
1403 526 1543 578 bono
1577 538 1672 591 pro
1703 520 1997 575 concordia

418 631 544 695 pom
574 628 762 689 soleat,
786 622 871 677 hic
896 630 1072 694 tamen
1100 614 1224 684 quia
1254 611 1636 668 colludentium
1670 608 1991 663 feminarum

419 734 539 773 esse
562 715 909 787 dignoscitur,
951 723 1050 780 pro
1077 707 1166 762 illo
1195 707 1409 761 interno
1438 700 1802 787 pnetordialis
1838 699 1993 753 lasci-

420 812 520 865 viae
545 786 827 869 concentu,
883 803 975 873 qui
1013 801 1169 855 nobis
1208 799 1429 854 Sirenes
1465 809 1636 864 usque
1673 794 1726 847 in
1765 786 1991 847 exitium

420 900 604 953 dulces
658 894 880 958 inducit,
936 908 1139 963 nosque
1188 888 1547 945 lenocinando
1597 883 1992 947 circumvallat,

418 1005 501 1060 po.
528 991 652 1043 itur.
705 984 829 1041 Haec
864 994 949 1041 est
997 1000 1155 1040 soror
1202 980 1488 1051 Nabajoth,
1523 979 1613 1045 qui
1645 978 1844 1033 dicitur
1871 991 1994 1045 pro—

415 1082 656 1150 phemus,
706 1079 832 1147 quia
878 1076 1112 1132 carnalis
1140 1072 1576 1143 concupiscentia
1618 1070 1848 1138 quadam
1893 1066 1995 1121 sibi

417 1169 751 1240 germanitus
780 1164 1091 1223 adbzerente
1132 1164 1332 1235 gaudet
1362 1160 1670 1232 prophetia,
1704 1175 1806 1227 qua
1838 1170 1996 1211 sene-

417 1259 581 1316 ctutis
631 1268 871 1330 tempore
928 1273 1049 1313 cum
1103 1254 1434 1310 deierbuerit
1483 1250 1786 1321 iuventutis
1840 1261 1997 1313 cura,

420 1353 649 1420 spondet
674 1350 737 1404 sil
763 1350 777 1402 i
806 1347 1139 1417 pmititentite
1160 1355 1214 1427 et
1242 1344 1521 1399 caelibatus
1551 1340 1752 1396 studia.

497 1440 656 1495 Vsus.
694 1439 779 1504 10,
808 1441 896 1506 Η,
926 1439 1015 1503 12,
1053 1440 1137 1493 15.
1178 1468 1247 1478 -
1276 1436 1453 1505 Igitur
1474 1448 1708 1503 egressus
1733 1429 1899 1483 Jacob
1932 1428 1997 1481 de

420 1529 678 1585 Bersabee
701 1529 951 1599 pergebat
975 1526 1183 1581 Haran.
1216 1524 1447 1594 Cumque
1476 1520 1695 1575 venisset
1729 1517 1797 1570 ad
1818 1533 1997 1587 quem-

419 1625 541 1677 dam
565 1623 758 1688 locum,
793 1633 839 1676 et
872 1621 1020 1677 vellet
1042 1620 1097 1674 in
1126 1636 1186 1674 eo
1216 1617 1533 1688 requiescere
1560 1621 1673 1683 post
1694 1611 1819 1664 solis
1843 1627 1997 1664 occu—

420 1713 606 1778 bitum,
629 1711 747 1765 tulit
777 1714 841 1767 de
877 1710 1162 1780 lapidibus,
1201 1709 1290 1779 qui
1317 1706 1587 1777 jacebant,
1631 1713 1678 1758 et
1705 1719 1995 1772 supponens

418 1803 577 1873 capiti
606 1819 724 1867 suo,
758 1802 1002 1857 dormivit
1038 1801 1091 1854 in
1130 1800 1310 1854 eodem
1338 1796 1472 1851 loco.
1529 1792 1770 1865 Viditque
1799 1792 1996 1846 scalam

418 1895 476 1948 in
499 1896 695 1948 somnis
724 1903 944 1947 stantem
974 1908 1128 1961 super
1154 1902 1368 1953 terram,
1395 1897 1442 1942 et
1471 1903 1718 1941 cacumen
1742 1886 1854 1956 ejus
1880 1894 1999 1938 tan-

419 2002 542 2055 gens
584 1985 788 2049 caelum,
840 1982 1048 2054 ange.’os
1084 1999 1287 2053 quoque
1313 1981 1407 2035 Dei
1451 1979 1786 2034 ascendentes
1815 1988 1861 2031 et
1909 1976 2001 2031 de-

417 2074 716 2127 scendentes
741 2084 833 2142 per
859 2089 997 2126 eam.
1022 2069 1086 2125 Et
1119 2071 1402 2126 Demittunt
1432 2070 1670 2123 innixum
1699 2067 1880 2123 scala’.
1926 2065 2001 2119 De

420 2161 697 2223 Bersabee,
730 2161 786 2215 id
822 2169 906 2215 est
936 2168 1096 2230 puteo
1127 2160 1385 2229 septimo,
1420 2158 1499 2214 vel
1528 2165 1697 2226 puteo
1741 2155 1999 2210 saturita-

420 2254 511 2319 tis,
554 2252 622 2307 de
672 2252 928 2323 voragine
976 2251 1164 2321 procul
1217 2250 1382 2305 dubio
1446 2249 1731 2304 libidinum
1792 2247 1996 2310 saaculi,

420 2346 562 2414 quod
593 2355 800 2415 septem
828 2334 1016 2400 diebus
1043 2344 1291 2409 volvitur,
1317 2343 1568 2413 quodque
1600 2341 1712 2409 jam
1748 2341 1999 2404 satutari,

418 2438 475 2490 id
505 2445 588 2491 est
618 2435 843 2490 fastidio
864 2451 987 2491 esse
1033 2436 1221 2505 incipit
1267 2435 1503 2490 caelestis
1541 2435 1719 2505 gaudii
1750 2434 2000 2498 obtentu,

420 2527 610 2593 Iacob,
661 2528 800 2582 bona
848 2526 1056 2582 scilicet
1102 2526 1351 2582 voluntas
1400 2525 1697 2597 egreditur,
1729 2533 1783 2580 et
1833 2525 2003 2580 tendit

421 2618 625 2683 Haran,
659 2617 802 2688 quod
832 2618 1221 2687 interpretatur
1250 2634 1330 2671 res
1351 2632 1468 2670 cum
1491 2634 1637 2681 arca,
1668 2624 1727 2669 ut
1749 2615 2003 2671 videlicet

423 2720 477 2765 et
505 2725 687 2766 arcam
738 2711 1082 2765 conscientiae
1122 2711 1434 2781 possideat,
1492 2719 1545 2764 et
1584 2709 1708 2779 quia
1758 2723 1885 2763 arca
1934 2708 2002 2763 ab

422 2801 651 2856 arcendo
673 2802 889 2867 dicitur,
922 2802 989 2856 ab
1016 2817 1077 2857 ea
1109 2802 1370 2871 quidquid
1406 2801 1626 2856 noxium
1658 2810 1761 2867 est,
1795 2809 1999 2863 arceat,

422 2894 480 2947 in
510 2907 621 2963 qua.
666 2892 829 2948 etiam
861 2907 946 2948 res
980 2894 1267 2957 habeatur,
1297 2892 1347 2947 id
1375 2900 1459 2948 est
1486 2892 1713 2959 veritas,
1735 2900 2003 2961 quatenus

423 2985 643 3042 solitum
682 2999 745 3039 ac
781 2985 1180 3041 substantivum
1222 3001 1384 3040 omne
1434 2985 1562 3039 illud
1620 2992 1828 3040 constet
1856 2994 1999 3049 esse,

423 3076 571 3147 quod
604 3077 931 3132 intrinsecus
962 3078 1292 3141 continetur,
1320 3084 1375 3131 et
1412 3091 1515 3131 non
1545 3091 1642 3146 per
1663 3075 1844 3129 inania
1878 3089 2003 3128 eva-

422 3175 598 3237 getur.
631 3168 859 3235 Quidam
891 3166 1039 3224 locus
1086 3170 1152 3223 ad
1204 3182 1366 3238 quem
1419 3167 1585 3232 venit,
1632 3166 1746 3235 ipse
1800 3174 1903 3228 est,
1948 3164 2001 3217 in

422 3274 531 3329 quo
572 3260 898 3331 generalitas
931 3259 1094 3315 totius
1124 3270 1407 3322 creaturae,
1437 3266 1491 3314 et
1517 3257 1788 3327 praecipue
1838 3256 2001 3310 totius

419 3350 767 3422 benignitatis
796 3351 1047 3406 consistit
1072 3367 1135 3407 ac
1157 3350 1423 3415 subsistit,
1453 3349 1519 3403 ad
1546 3363 1703 3419 quem
1736 3346 2003 3402 desiderio

422 3456 488 3497 ac
516 3442 726 3497 meritis
752 3458 871 3497 cum
889 3443 1012 3512 quis
1033 3442 1265 3507 accedit,
1293 3457 1399 3495 non
1426 3442 1526 3495 nisi
1554 3447 1667 3509 post
1693 3438 1818 3493 solis
1849 3454 2003 3492 occu-

422 3533 607 3597 bitum,
631 3532 808 3602 sepito
847 3534 1031 3601 utique
1052 3532 1265 3587 fervore
1293 3530 1655 3600 corporalium
1682 3539 1909 3584 aestuum
1949 3530 2002 3582 in

421 3637 493 3681 eo
513 3623 873 3694 conquiescit,
905 3633 1034 3679 tunc
1064 3633 1242 3678 tamen
1271 3624 1315 3678 si
1364 3624 1599 3692 primum
1625 3622 1689 3675 de
1717 3620 2004 3689 lapidibus,

421 3716 517 3785 qui
543 3714 748 3786 jaceat,
773 3718 840 3772 de
868 3716 1071 3772 sanctis
1097 3716 1307 3772 scilicet
1332 3716 1423 3786 qui
1447 3716 1499 3770 in
1529 3729 1733 3770 morem
1765 3714 2002 3785 lapidum

421 3805 564 3861 ﬁrmi
588 3815 734 3872 sunt,
763 3815 817 3862 et
848 3806 1125 3861 humiliter
1162 3823 1221 3862 se
1258 3807 1479 3870 habent,
1518 3806 1807 3862 volvuntur
1833 3807 2001 3871 enim,

417 3896 577 3963 juxta
603 3896 919 3951 Zachariam
968 3913 1129 3966 super
1182 3910 1378 3952 terram
1407 3902 1425 3968 (
1451 3896 1621 3952 Zaclt.
1662 3914 1739 3962 1x,
1779 3897 1902 3967 16),
1937 3899 2004 3952 ad

421 3986 730 4056 exemplum
783 3988 885 4042 sibi
942 3988 1116 4053 tollat,
1169 3997 1223 4042 et
1274 3990 1456 4057 capiti,
1499 3989 1551 4043 id
1584 3998 1670 4045 est
1700 3989 1867 4043 menti
1908 4002 2005 4058 pro

422 4078 741 4136 fulcimento
765 4090 1051 4150 supponat,
1072 4091 1129 4135 ut
1157 4082 1228 4136 ita
1256 4083 1310 4134 in
1340 4081 1472 4146 loco,
1499 4082 1589 4152 qui
1620 4097 1836 4153 semper
1865 4083 2004 4137 idem

420 4179 528 4236 est,
578 4172 722 4227 haud
763 4173 986 4228 dubium
1032 4174 1162 4242 quin
1207 4174 1338 4239 Deo,
1401 4191 1429 4226 a
1474 4175 1719 4229 saeculari
1775 4177 2004 4243 strepitu

420 4263 693 4335 consopiri
736 4274 921 4335 queat.
949 4265 1017 4320 In
1041 4267 1238 4320 somnis
1275 4268 1473 4337 itaque,
1504 4268 1630 4322 dum
1662 4266 1913 4321 videlicet
1939 4267 2006 4322 ab

422 4372 617 4415 amore
657 4360 1009 4430 praesentium
1051 4362 1217 4415 animi
1250 4362 1504 4417 intuitum
1534 4362 1756 4427 claudit,
1786 4362 2006 4415 ‘scalam

423 4451 746 4507 humilitatis
804 4468 924 4522 quae
977 4468 1086 4509 non
1142 4455 1378 4521 vacillat,
1434 4455 1526 4509 sed
1589 4464 1746 4524 super
1788 4465 2004 4523 terram,

418 4543 699 4599 Christum
729 4547 891 4615 plane
921 4546 1204 4612 humilem,
1253 4549 1343 4616 qui
1386 4563 1485 4603 nos
1536 4547 1715 4603 fructu
1756 4564 1855 4603 suo
1889 4550 2007 4614 alit,

418 4635 600 4691 solide
621 4643 747 4701 stat,
795 4639 1079 4708 conspicit,
1110 4640 1236 4707 quia
1264 4640 1441 4695 onmis
1488 4642 1723 4695 terrenis
1767 4642 2010 4698 intentus

421 4724 553 4793 quid
601 4726 674 4779 sit.
719 4727 997 4783 humilitas
1044 4730 1241 4784 nescit.
1286 4730 1516 4785 Terram
1575 4740 1755 4787 autem
1825 4734 2008 4787 vocari

422 4814 722 4882 Christum,
795 4826 1031 4874 testatur
1086 4819 1465 4891 Apocalypsis;
1515 4823 1736 4890 adjuvit,
1810 4823 2007 4892 inquit,

421 4914 564 4960 terra
600 4908 872 4963 mulierem
926 4910 1112 4980 (Apoc.
1154 4910 1485 4982 xtt,16).ln
1533 4912 1635 4967 hac
1689 4913 1833 4968 scala
1883 4923 2012 4967 sunt

419 4998 638 5067 plurimi
666 5001 887 5070 gradus,
916 5018 1024 5056 non
1058 5002 1327 5072 aliiquam
1356 5005 1421 5058 de
1442 5004 1733 5061 visibilium
1766 5015 2010 5061 contem-

421 5091 718 5161 ptibilitate
772 5104 1086 5164 provectus.
1154 5095 1321 5163 Cujus
1382 5096 1638 5167 perfectae
1690 5098 2009 5153 humilitatis

418 5197 669 5237 cacumen
725 5186 909 5239 cwlum
968 5187 1166 5242 divina:
1232 5189 1703 5260 contemplationis
1762 5191 2008 5261 attingit,

419 5274 545 5343 quia
573 5276 710 5330 Deus
730 5279 875 5347 quod
899 5280 1137 5347 parvulis
1166 5280 1390 5344 revelat,
1421 5281 1753 5350 sapientibus
1780 5281 2011 5338 abscon-

422 5363 502 5418 dit
532 5365 749 5436 (Matth.
806 5383 882 5433 XI,
930 5369 1045 5433 25).
1094 5370 1205 5423 Nos
1230 5384 1359 5423 vero
1388 5370 1433 5424 si
1468 5370 1709 5442 angelice
1751 5373 2005 5439 vivimus,

418 5468 520 5526 per
556 5458 698 5514 hanc
728 5460 795 5513 ad
839 5459 1012 5513 nostri
1061 5460 1427 5530 cognitionem
1457 5463 1858 5530 descendimus,
1911 5481 2008 5535 per

424 5548 567 5604 hanc
612 5551 680 5605 ad
738 5550 835 5604 Dei
893 5551 1161 5605 visionem
1221 5554 1587 5619 ascendimus,
1644 5565 1698 5609 et
1745 5555 2003 5613 Dominus

372 5641 587 5697 °scalze
630 5641 717 5695 isti
761 5642 1035 5706 innititur,
1086 5643 1215 5712 quia
1265 5644 1634 5714 principaliter
1688 5647 1861 5702 virtus
1892 5649 2005 5704 lucc

424 5733 843 5800 specialitcrque
887 5736 1057 5795 iusius
1090 5735 1410 5792 auctoritate
1439 5753 1501 5794 ac
1528 5748 1794 5804 ortecepto
1844 5742 2005 5797 robo-

1234 328 1292 379 V.
1330 318 1657 381 GUIBERTI
1692 317 1986 373 ABBATIS
2011 316 2069 372 S.
2109 315 2354 373 ΜΑΒΙᾸΞ
2394 313 2480 370 DE
2521 310 2916 368 NOVIGENTO

3565 306 3701 364 216

2032 448 2074 501 Α
2106 439 2285 483 ratur.
2310 429 2523 491 Discite,
2558 426 2751 496 inquit,
2786 442 2817 478 a
2846 441 2947 489 me,
2983 438 3087 479 non
3122 426 3327 496 vigilias
3362 425 3703 498 aejcjunia,

2097 521 2191 574 sed
2219 521 2342 589 quia
2374 519 2512 571 mitis
2540 534 2655 571 sum
2684 528 2731 570 et
2768 516 2982 568 humilis
3015 518 3169 569 corde
3201 517 3419 585 (Matth.
3453 534 3532 579 x1,
3560 514 3707 577 29).

2098 609 2170 662 De
2194 608 2449 677 gradibus
2494 617 2672 660 autem
2708 604 2826 673 ejus
2861 614 2915 658 et
2946 606 3188 659 moderui
3213 621 3273 660 ac
3305 615 3522 661 veteres
3550 603 3706 660 sub-

2097 698 2209 751 tilia
2239 695 2403 750 multa
2438 695 2753 764 loquuntur.

2165 785 2282 856 Ego
2317 803 2453 849 sum,
2506 785 2604 846 ait,
2662 783 2803 837 Deus
2832 783 3097 837 Abraham
3141 784 3307 853 patris
3346 785 3441 848 tui,
3495 780 3715 854 utique

2096 880 2323 935 rationis
2370 892 2399 933 a
2446 894 2549 949 qua
2580 888 2810 948 paterne
2842 880 3067 949 regeris,
3104 889 3152 933 et
3200 877 3343 933 Deus
3373 876 3558 937 Isaac,
3598 876 3710 941 qui

2098 972 2193 1028 tibi
2226 973 2435 1042 inspiro
2461 972 2713 1041 gaudium
2745 971 2929 1041 gloria:
2950 972 3210 1025 etelestis.
3250 970 3467 1023 Terram
3498 968 3554 1020 in
3585 974 3712 1035 qua

2097 1065 2294 1119 dormis
2342 1064 2435 1118 tibi
2475 1065 2635 1128 dabo,
2688 1073 2737 1117 et
2762 1063 2946 1118 semini
2990 1074 3096 1128 tuo,
3131 1050 3407 1119 Christum
3446 1061 3504 1115 in
3535 1057 3721 1127 cujus

2098 1155 2480 1210 conforutitate
2524 1169 2553 1207 a
2607 1153 2793 1209 sreculi
2851 1153 3035 1209 labore
3076 1152 3441 1223 conquiescis,
3491 1149 3597 1203 tibi
3656 1155 3719 1201 ec

2098 1248 2301 1311 semini,
2335 1247 2386 1301 id
2433 1256 2515 1300 est
2546 1245 2912 1300 imitatoribus
2937 1246 3041 1299 tuis
3083 1244 3371 1299 fovendum
3406 1241 3712 1313 praebebo,

2098 1337 2295 1407 eritque
2320 1353 2539 1408 germen
2565 1338 2746 1407 operis
2774 1336 2925 1407 quasi
2950 1337 3141 1407 pulvis,
3168 1338 3236 1392 ab
3266 1338 3495 1392 humore
3529 1336 3727 1389 totius.

2101 1427 2336 1483 lasciviae
2364 1428 2601 1483 carnalis
2623 1429 2838 1493 sudum,
2866 1444 2969 1483 non
2997 1444 3156 1499 quem
3182 1430 3435 1499 projiciat
3468 1436 3719 1491 ventus,

2100 1518 2197 1574 sed
2222 1519 2346 1575 talis
2386 1520 2563 1589 pulvis
2592 1520 2681 1590 qui
2710 1521 2973 1575 inhaereat
3006 1530 3185 1585 terrae,
3215 1521 3265 1575 id
3288 1530 3371 1574 est
3403 1518 3723 1574 stabilitati

2100 1620 2335 1666 aeternae.
2374 1611 2693 1666 Dilataberis
2727 1613 2793 1666 ad
2825 1611 3252 1682 dignoscendum
3300 1612 3455 1681 113
3486 1608 3721 1679 proprii

2103 1705 2344 1761 defectus
2374 1707 2711 1771 occidentem,
2730 1706 2796 1760 ad
2830 1704 3266 1776 prmgustandnm
3294 1705 3530 1759 internae
3564 1703 3726 1758 lucis

2101 1800 2374 1855 orientem.
2399 1796 2467 1851 ad
2498 1797 2911 1867 praecavendum
2949 1798 3169 1852 desidia:
3200 1812 3264 1851 ac
3300 1796 3543 1866 torporis
3590 1810 3729 1861 sep—

2101 1890 2430 1955 tentrionem,
2458 1894 2514 1943 et
2545 1889 2611 1943 ad
2631 1888 2818 1959 ;sancti
2863 1887 3099 1959 Spiritus
3140 1887 3501 1941 hauriendum
3536 1884 3728 1938 meri-

2102 1978 2261 2033 diem.

2177 2069 2340 2125 Vens.
2373 2070 2459 2125 H.
2490 2102 2562 2111 —
2595 2070 2664 2125 Et
2706 2072 3076 2126 benedicentur
3112 2073 3166 2125 in
3203 2080 3274 2134 te,
3316 2072 3447 2125 etin
3501 2069 3731 2124 semine

2104 2170 2193 2213 tuo
2237 2172 2439 2215 cunctte
2480 2162 2644 2214 tribus
2675 2173 2848 2227 terrm,
2881 2163 2933 2216 in
2978 2172 3065 2216 tua
3104 2161 3226 2225 lide,
3259 2170 3313 2217 et
3343 2162 3465 2216 ﬁdei
3512 2161 3731 2230 operi-

2103 2252 2224 2318 bus,
2272 2253 2355 2307 vel
2412 2253 2623 2307 interna
2664 2256 3006 2324 gratia,qu:e
3044 2270 3268 2324 operum
3297 2257 3571 2311 honorum
3626 2271 3727 2309 se-

2105 2360 2228 2399 men
2259 2355 2361 2411 est,
2397 2346 2901 2415 multiplicabuntur
2934 2350 3201 2402 universae
3242 2348 3520 2403 trinitates
3576 2363 3731 2402 con-

2105 2436 2367 2500 scientiae,
2409 2437 2683 2506 ingenium
2717 2438 2952 2503 scilicet,
2984 2439 3237 2494 voluntas
3284 2456 3348 2496 ac
3392 2440 3731 2506 memoria;

2105 2527 2190 2581 vel
2237 2528 2475 2591 initium,
2531 2530 2825 2598 promotio,
2867 2540 2923 2584 et
2971 2531 3094 2586 ﬁnis
3137 2541 3289 2597 tuus;
3339 2531 3472 2586 ﬁdes
3508 2532 3726 2598 etiam,

2107 2629 2253 2684 spes,
2277 2625 2332 2671 et
2362 2616 2639 2682 Charitas;
2668 2617 2748 2672 vel
2778 2619 3055 2688 cogitatio,
3080 2619 3305 2687 locutio,
3332 2637 3396 2674 ac
3426 2622 3725 2689 operatio.

2102 2702 2291 2772 (Vens.
2327 2705 2441 2776 15.)
2470 2706 2536 2759 Et
2559 2723 2647 2760 ero
2679 2716 2853 2762 custos
2886 2718 3027 2775 tuus,
3052 2726 3359 2781 quocunque
3379 2712 3723 2780 perrexeris,

2106 2811 2430 2867 quocunque
2492 2797 2650 2868 plane
2718 2800 2960 2854 animum
3015 2801 3331 2865 intenderis,
3382 2813 3570 2856 custos
3631 2819 3729 2856 ero

2109 2897 2213 2944 tua:
2265 2890 2523 2956 actionis;
2589 2889 2655 2944 Et
2708 2892 2953 2945 reducam
3006 2905 3055 2947 te
3115 2895 3169 2947 in
3204 2904 3398 2948 terram
3447 2896 3629 2961 hanc,
3680 2896 3729 2949 si

2106 2980 2322 3048 quando
2344 2994 2482 3034 sane
2530 2982 2842 3036 humanitus
2872 2983 3139 3052 evageris,
3196 2982 3249 3037 in
3299 2984 3443 3038 hunc
3494 2984 3731 3040 mentis

2107 3076 2329 3133 statum,
2360 3085 2469 3140 quo
2491 3085 2636 3125 nunc
2685 3086 2746 3126 es
2775 3073 2843 3125 ad
2872 3070 3097 3127 modum
3143 3085 3300 3128 terrae
3339 3074 3582 3129 solidum
3625 3091 3731 3146 per

2107 3174 2195 3214 me
2243 3160 2563 3215 reduceris:
2607 3160 2719 3215 Nec
2764 3161 3023 3216 dimittam
3058 3160 3159 3217 nisi
3199 3165 3525 3234 complevero
3583 3169 3730 3222 uni-

2102 3269 2251 3308 versa
2295 3268 2413 3323 qua:
2438 3253 2582 3319 dixi;
2614 3253 2708 3308 tibi
2749 3255 3026 3323 cooperari
3076 3270 3182 3310 non
3212 3257 3494 3324 desistam,
3530 3259 3733 3315 donec

2103 3345 2310 3414 praemii
2337 3344 2621 3414 largitione
2648 3345 2811 3398 futuri
2846 3345 2989 3399 dicta
3029 3347 3330 3416 compleam

2175 3437 2365 3508 (Vens.
2416 3436 2514 3502 16,
2556 3436 2668 3505 17.)
2707 3465 2779 3477 —
2813 3435 3046 3506 Cumque
3086 3439 3373 3507 erigi/asset
3416 3437 3600 3493 Iacob
3663 3442 3728 3495 ds

2085 3532 2305 3598 somno,
2337 3533 2451 3586 ait:
2483 3530 2612 3584 Vere
2650 3529 2905 3583 Dominus
2959 3540 3033 3583 est
3080 3532 3133 3584 in
3179 3532 3292 3585 loco
3344 3534 3465 3596 isto,
3509 3540 3558 3584 et
3630 3549 3728 3603 egc

2108 3626 2417 3679 nesciebam.
2473 3623 2778 3692 Pavensque
2806 3636 2823 3674 :
2854 3621 3026 3687 Quam
3062 3623 3343 3685 terribilis,
3394 3624 3600 3693 inquit,
3650 3638 3728 3680 est

2107 3717 2252 3772 locus
2284 3718 2413 3773 iste!
2437 3734 2538 3770 non
2576 3726 2651 3770 est
2696 3716 2779 3769 hic
2811 3714 2957 3768 aliud
2996 3716 3096 3769 nisi
3134 3716 3318 3769 domus
3356 3713 3451 3767 Dei
3479 3724 3526 3767 et
3551 3730 3731 3783 porta

2106 3810 2241 3865 caeli.
2290 3810 2457 3867 Jacob
2506 3810 2572 3864 de
2614 3823 2804 3864 somno
2851 3808 3090 3876 evigilat,
3122 3821 3244 3861 cum
3283 3807 3497 3861 animus
3542 3822 3577 3860 τι
3626 3824 3731 3862 sua

2107 3904 2287 3972 quiete
2312 3902 2584 3973 paulisper
2607 3907 2911 3969 exemptus,
2944 3916 2975 3952 a
3001 3898 3184 3953 divina
3214 3898 3496 3954 dulcedine
3522 3910 3724 3966 vacat,

2107 4008 2162 4049 et
2191 4004 2318 4050 tunc
2348 4010 2471 4050 vere
2495 3993 2781 4047 Dominum
2812 3992 2865 4044 in
2898 3991 3016 4045 loco
3065 4005 3185 4045 esse
3227 3989 3441 4052 clamat,
3486 4004 3624 4043 cum
3660 3992 3716 4044 iu

2106 4085 2198 4140 illa
2249 4086 2579 4154 aliquantula
2618 4084 2911 4139 stabilitate
2958 4084 3156 4138 mentis
3200 4082 3455 4151 quiddam
3527 4082 3729 4139 inesse

2108 4178 2374 4245 divinum,
2403 4179 2510 4235 imo
2548 4177 2763 4234 nonnisi
2794 4174 2976 4232 divino
3026 4175 3219 4247 illapsu
3250 4176 3364 4229 ﬁeri
3397 4188 3562 4239 posse
3590 4191 3727 4245 pro-

2108 4269 2219 4336 bat,
2250 4272 2343 4325 sed
2378 4272 2492 4326 lucc
2532 4272 2657 4326 dum
2704 4270 2987 4335 habemus,
3020 4284 3181 4339 quam
3232 4268 3340 4323 sint
3382 4282 3605 4322 summa
3656 4284 3727 4325 ac

2110 4362 2294 4418 divina
2326 4364 2620 4428 nescimus,
2654 4362 2745 4418 sed
2776 4361 2864 4416 ubi
2896 4362 3125 4430 pristino
3153 4361 3354 4431 torpori
3374 4360 3720 4427 addicimur,

2042 4463 2085 4517 D
2112 4454 2355 4524 profecto
2405 4471 2435 4510 a
2472 4455 2583 4510 Deo
2627 4468 2688 4509 ea
2745 4452 2850 4522 agi,
2880 4462 2934 4507 et
2973 4467 3079 4507 non
3114 4469 3142 4506 a
3173 4452 3325 4506 nobis
3369 4451 3722 4520 experimur.

2114 4546 2279 4602 Pavet
2315 4558 2493 4602 autem
2549 4556 2603 4601 et
2644 4546 2707 4600 de
2744 4544 2846 4598 loci
2901 4543 3244 4598 terribilitate
3282 4542 3544 4605 miratur,
3582 4558 3721 4596 cum

2112 4647 2166 4692 ct
2190 4640 2255 4695 de
2292 4637 2637 4694 innovatione
2679 4635 3009 4704 cogitantum
3042 4635 3184 4689 intra
3214 4648 3292 4699 se,
3326 4640 3380 4687 et
3411 4633 3475 4686 de
3504 4632 3721 4687 diaboli

2115 4731 2502 4787 terrificatione
2550 4728 2788 4798 cogitat,
2845 4742 2947 4796 qua
3000 4727 3305 4783 concutitur
3355 4739 3454 4795 pro
3505 4734 3720 4780 nostrae

2114 4823 2310 4879 mentis
2350 4822 2636 4884 localitate,
2673 4820 2723 4874 id
2772 4828 2854 4875 est
2902 4819 3081 4876 stabili
3125 4819 3370 4873 veritate.
3432 4815 3718 4873 Terribilis

2113 4914 2256 4967 enim
2289 4914 2411 4969 inde
2454 4914 2732 4978 scribitur,
2774 4911 2936 4966 aeriis
2974 4911 3273 4980 spiritibus,
3305 4916 3360 4961 ut
3405 4916 3717 4961 castrorum

2112 5006 2251 5058 acies
2282 5006 2523 5059 ordinata
2551 5004 2726 5074 (Cant.
2756 5020 2832 5068 vt,
2866 5005 2919 5069 5,
2951 5002 3027 5073 9).
3057 5001 3187 5068 Quae
3208 5000 3370 5054 etiam
3414 5014 3572 5054 mens
3600 5014 3713 5054 non

2112 5097 2257 5152 aliud
2296 5112 2416 5153 esse
2459 5098 2654 5152 dicitur
2697 5112 2858 5167 quam
2904 5097 3091 5149 domus
3135 5093 3231 5147 Dei
3272 5100 3321 5145 et
3367 5101 3522 5162 porta
3566 5093 3711 5158 caeli,

2117 5202 2232 5257 qua:
2280 5198 2334 5243 et
2391 5190 2498 5244 Deo
2543 5189 2879 5244 inhabitante
2931 5187 3155 5257 regitur,
3201 5194 3258 5240 et
3289 5184 3355 5240 ad
3398 5183 3712 5253 spiritualia

2114 5281 2465 5352 caelestiaque
2494 5283 2795 5337 contuenda
2826 5283 2935 5336 Deo
2962 5288 3237 5335 reserantc
3263 5279 3529 5349 aperitur.

2185 5373 2369 5444 (Vens.
2404 5372 2488 5437 18,
2537 5374 2649 5435 19.)
2680 5374 2911 5444 Surgens
2956 5386 3077 5442 ergo
3113 5387 3267 5428 mane
3310 5370 3430 5424 tulit
3469 5368 3708 5441 lapidem

2109 5478 2259 5535 auem
2286 5474 2626 5537 supposuerat
2653 5466 2811 5533 capiti
2842 5481 2952 5529 suo,
2981 5474 3027 5518 et
3054 5464 3214 5517 erexit
3234 5463 3289 5517 in
3312 5460 3543 5526 titulum,
3572 5462 3706 5531 fun-

2109 5561 2236 5614 dens
2261 5558 2428 5612 oleum
2450 5557 2689 5626 desuper.
2717 5556 3100 5625 Appellavitque
3120 5570 3302 5610 nomen
3326 5554 3467 5608 urbis
3491 5553 3703 5617 Bethrl,

2110 5667 2225 5721 quia
2251 5650 2397 5719 prius
2428 5648 2571 5700 Luza
2608 5648 2908 5702 vocabatur.
2941 5647 3092 5701 Mane
3121 5648 3311 5717 surgit,
3360 5662 3484 5701 cum
3512 5647 3578 5699 ad
3608 5645 3698 5699 di-

2113 5744 2295 5809 vinum
2322 5740 2501 5794 lumen
2534 5753 2590 5793 se
2621 5738 2796 5799 erigit.
2838 5738 3077 5792 Lapidem
3116 5756 3263 5798 quem
3311 5738 3468 5794 capiti
3508 5752 3699 5795 suppo-

2031 1784 2073 1840 Β

2030 3120 2076 3183 C
