3982 6360
119 404 231 453 ΞΠ

1287 395 1656 456 ΜοιιΑιιωι
1692 398 1759 453 ΙΝ
1789 399 2084 457 GENESIN
2114 403 2241 458 LIB.
2269 403 2401 460 Vill.

3309 408 3415 464 218

121 527 310 565 suera.
333 509 633 575 tollit,cum
664 512 940 568 Christum
965 512 1291 584 singularem
1320 530 1541 571 suorum
1564 517 1734 570 tirmi—
1762 529 1807 578 Α
1834 520 2072 572 maxima
2098 519 2416 575 humilitatis
2448 523 2711 590 gravitate
2741 521 3028 592 cogitando
3051 536 3114 576 ac
3148 515 3415 592 loquendo

124 610 338 668 tatem,
384 617 546 673 quem
592 619 690 673 pro
738 605 1089 662 fundamento
1145 606 1295 661 cordi
1349 618 1728 677 supposuerat,

76 762 79 763 ν
121 707 320 759 manu,
351 695 455 749 hoc
492 706 576 751 est
610 699 790 768 operis
823 698 1127 754 imitatione
1156 700 1534 769 apprehendit,
1564 701 1733 754 hunc-

122 799 237 853 que
267 786 323 840 in
353 786 562 843 titulum
588 791 765 861 erigit,
813 793 940 846 dum
983 793 1051 847 ad
1090 808 1214 847 eum
1244 792 1399 862 quasi
1440 794 1505 846 ad
1536 808 1732 863 propo-

122 877 304 931 situm
350 880 516 937 totius
561 885 866 939 sanctitatis
910 885 1188 954 exemplar
1238 885 1487 940 attendit.
1539 885 1728 941 Oleum

122 969 361 1041 desuper
403 974 601 1043 fundit,
645 991 769 1031 cum
816 977 1272 1043 excellentiorem,
1305 978 1458 1048 juxta
1494 979 1729 1048 Aposto-

123 1059 270 1130 litm,
292 1065 437 1120 viam
460 1067 747 1123 cbaritatis
778 1084 842 1125 ac
866 1070 1245 1124 misericordiae
1268 1070 1524 1125 sectando
1555 1070 1728 1139 ipsum

124 1150 413 1229 Christum
442 1157 545 1226 piis
562 1160 818 1228 operibus
846 1161 997 1231 ungit
1021 1160 1069 1232 (Ι
1094 1160 1215 1214 Cor.
1245 1176 1344 1226 xu,
1373 1160 1488 1232 3t).
1522 1161 1728 1215 Nomen

125 1246 281 1300 urbis
328 1247 512 1304 Bethel
547 1252 809 1321 appellat,
860 1269 979 1307 cum
1031 1254 1270 1308 animam
1314 1254 1532 1309 solertis
1574 1264 1728 1310 muro

126 1338 403 1393 custodiae
426 1342 709 1409 munitam,
756 1345 949 1398 divinae
993 1344 1164 1414 gloria
1214 1346 1563 1401 habitationis
1594 1346 1726 1400 insi-

126 1428 745 1498 gnitam,fevidentibus
794 1436 1010 1492 indiciis
1056 1437 1269 1506 probat.
1298 1438 1485 1494 Bethel
1526 1439 1728 1494 dicitur

28 1542 31 1549 ’
126 1520 324 1576 domus
346 1523 479 1580 Dei:
504 1526 649 1581 Luza
676 1543 822 1595 vero,
858 1528 1019 1597 Boia,
1047 1546 1209 1600 quam
1228 1573 1234 1580 .
1254 1533 1550 1602 contpedem
1587 1532 1725 1585 diei-

28 1638 33 1667 :
126 1628 278 1681 mus,
309 1618 625 1687 appellatur.
659 1621 814 1677 Prius
860 1622 1022 1693 igitur
1066 1640 1188 1694 quae
1229 1625 1413 1679 domus
1444 1624 1543 1679 Dei
1579 1641 1722 1682 nunc

28 1756 29 1759 η
124 1713 235 1771 est,
265 1707 396 1765 Boia
427 1712 744 1779 vocabatur,
772 1715 897 1784 quia
930 1724 987 1769 et
1033 1716 1089 1769 in
1126 1718 1301 1786 seipsa
1338 1718 1590 1771 vitiorum
1622 1717 1726 1772 mi-

28 1826 31 1857 :
123 1800 274 1855 seria
312 1807 792 1875 coangustabatur,
823 1817 878 1863 et
906 1808 1041 1864 alios
1074 1811 1261 1865 eadem
1287 1810 1539 1867 illecebra
1571 1824 1722 1866 corn-

28 1918 29 1929 ι
123 1892 318 1962 pcdire
344 1897 642 1954 nitebatur.

199 1985 377 2043 Vovet
397 2004 527 2060 ergo
564 1990 749 2047 dicens
780 2011 791 2047 :
821 1993 1013 2065 (Vsus.
1043 1994 1133 2060 20,
1157 1996 1274 2065 2|.)
1305 1995 1363 2051 Si
1386 1997 1547 2066 fuerit
1576 1997 1721 2051 Deus

124 2093 360 2146 mecum,
391 2090 438 2133 et
465 2085 768 2137 custodierit
803 2085 857 2138 in
894 2087 975 2139 via
997 2103 1101 2157 qua
1137 2087 1369 2152 ambulo,
1400 2089 1502 2143 hoc
1543 2097 1626 2143 est
1669 2088 1721 2143 in

28 2224 29 2227 η
127 2170 354 2227 actione
381 2174 679 2242 proposita,
706 2188 809 2245 qua
842 2179 1147 2246 promoveri
1179 2180 1246 2233 ad
1288 2180 1509 2236 meliora
1539 2181 1721 2249 cupio,

127 2268 176 2312 et
198 2259 405 2315 dederit
426 2261 556 2315 mihi
587 2277 774 2333 panem
802 2265 894 2336 qui
933 2266 999 2321 de
1024 2267 1162 2323 coelo
1189 2268 1491 2333 descendit,
1535 2269 1605 2322 eu
1643 2286 1725 2324 ve-

127 2352 404 2418 scendum,
436 2363 487 2408 et
520 2365 706 2409 vestem
733 2346 1016 2415 charitatis
1060 2375 1125 2414 ac
1162 2360 1486 2416 innocentiae
1526 2361 1597 2414 ad
1643 2362 1724 2415 in-

126 2442 420 2511 duendum,
461 2461 798 2516 reversusque
842 2448 991 2515 fuero
1027 2449 1100 2502 ad
1142 2450 1354 2503 domum
1400 2451 1567 2520 patris
1598 2451 1720 2513 mei,

127 2532 595 2599 superctelestem,
622 2536 721 2589 erit
756 2537 885 2589 mihi
915 2538 1168 2591 Dominus
1214 2539 1271 2593 in
1326 2539 1513 2594 Deum.
1542 2539 1593 2594 is
1618 2540 1724 2593 uti-

126 2636 255 2690 que,
307 2624 393 2677 cui
440 2626 539 2680 sub
583 2625 917 2697 aliquantulo
964 2628 1157 2684 timore
1182 2631 1322 2699 coepi
1364 2612 1589 2696 servire,
1616 2631 1722 2685 erit

127 2715 259 2770 mihi
305 2716 359 2770 in
407 2717 576 2772 Deum
625 2718 831 2776 scilicet
883 2730 1107 2789 paterne
1151 2722 1503 2791 diligendum,
1539 2732 1722 2794 utpote

129 2820 264 2861 meae
287 2807 656 2865 universitatis
681 2821 979 2866 auctorem.
1001 2812 1189 2885 (Vsus.
1212 2813 1328 2884 22.)
1350 2814 1414 2868 Et
1438 2814 1570 2886 lapis
1599 2816 1721 2880 iste,

128 2895 381 2953 Christus
411 2914 573 2969 quem
592 2900 722 2956 mihi
753 2903 1006 2972 proposui
1035 2904 1089 2957 in
1110 2904 1347 2975 signum,
1376 2920 1555 2975 quem,
1594 2907 1719 2961 dum

130 2991 298 3061 capiti
326 2994 606 3061 supposui,
656 2994 829 3065 ipsum
862 2996 1034 3063 indui,
1074 2998 1260 3051 domus
1304 2998 1401 3052 Dei
1428 3000 1717 3066 vocabitur,

130 3082 259 3149 quia
288 3098 413 3138 cum
444 3086 515 3140 sit
546 3086 659 3156 ipse
690 3088 1021 3155 inhabitans,
1055 3090 1170 3159 ipse
1200 3092 1368 3145 etiam
1401 3091 1737 3146 inhabitatio'

133 3184 241 3242 est,
271 3176 398 3246 quia
426 3179 543 3249 ejus
571 3179 922 3237 conformitas
960 3197 1123 3251 quam
1150 3183 1279 3237 fecit
1302 3184 1354 3238 in
1392 3184 1545 3239 nobis
1568 3185 1723 3239 inha-

135 3264 416 3323 bitabitur.
443 3268 868 3341 Cunctorumque
904 3288 1021 3342 quia
1065 3273 1270 3327 dederis
1304 3274 1454 3340 mihi,
1498 3274 1729 3327 decimas

141 3358 361 3426 offeram
398 3360 513 3426 tibi,
550 3361 757 3417 scilicet
802 3376 993 3418 eorum
1038 3379 1159 3434 qua:
1208 3365 1386 3420 fecero
1423 3374 1474 3419 te
1518 3365 1735 3419 favente

142 3448 405 3505 bonorum
443 3452 804 3520 perfectiones
842 3455 934 3507 tibi
972 3456 1281 3509 attribuam.
1329 3454 1385 3508 ln
1432 3453 1730 3523 perfectum

142 3542 235 3615 υἱ,
265 3541 663 3616 imperfectum]
695 3546 972 3600 novcnarii
1022 3546 1173 3608 mihi,
1202 3547 1468 3601 decimum
1509 3546 1733 3616 integri-

143 3633 270 3688 tatis
298 3634 567 3689 ascribam
599 3636 716 3690 tibi.

704 3727 935 3784 CAPUT
970 3728 1162 3785 XXIX.

213 3816 377 3873 Vnus.
405 3820 452 3883 i,
477 3819 535 3873 2.
565 3851 636 3860 —
659 3818 937 3890 Profectus
985 3828 1107 3893 ergo
1148 3820 1314 3875 Iacob
1346 3821 1478 3875 venit
1519 3822 1587 3874 ad
1627 3830 1733 3875 ter—

142 3926 256 3965 ram
310 3913 616 3966 orientalem
646 3954 661 3977 ,
714 3923 762 3966 et
794 3914 923 3967 vidit
960 3923 1172 3983 puteum
1235 3913 1289 3968 in
1347 3930 1475 3982 agro
1529 3922 1733 3986 tresque

141 4012 315 4072 greges
370 4002 543 4056 ovium
587 4002 900 4057 accubantes
937 4004 1100 4074 juxta
1154 4020 1291 4058 eum.
1347 4002 1489 4058 Nam
1525 4020 1589 4059 ea;
1635 4004 1731 4060 illo

143 4091 543 4162 adaquabantur
568 4110 785 4161 pecora,
823 4104 871 4147 et
910 4112 967 4149 os
1006 4096 1121 4164 ejus
1150 4095 1341 4165 grandi
1385 4095 1558 4164 lapide
1584 4096 1734 4150 clau-

144 4181 382 4237 debatur.
450 4180 854 4249 Proticiscitur,
911 4199 1036 4239 cum
1091 4183 1535 4254 magnanimitate
1604 4199 1731 4254 pro-

145 4275 400 4330 tenditur.
430 4276 513 4329 Ad
553 4277 1088 4345 terrantZorientalem
1118 4276 1283 4329 Iacob
1316 4278 1474 4342 venit,
1504 4292 1625 4331 cum
1664 4281 1731 4333 ad

144 4365 469 4422 soliditatem
506 4383 757 4438 superna:
805 4367 1183 4423 illustrationis
1227 4368 1408 4421 anima
1439 4368 1611 4423 ﬁdelis
1648 4379 1733 4423 at-

146 4457 323 4527 tingit.
356 4458 582 4515 Terram
619 4460 708 4515 hic
743 4468 800 4516 et
835 4474 979 4530 stupe
1004 4459 1138 4514 alias
1168 4474 1267 4529 pro
1294 4458 1552 4516 firmitate
1576 4462 1732 4543 poni-

1833 618 2101 664 servetur.
2134 610 2292 666 'l‘ales
2335 628 2364 665 a
2410 612 2573 669 Josue
2619 614 2823 682 lapides
2850 616 2917 677 ad
2949 630 3011 669 os
3036 614 3328 685 speluncae,
3360 617 3413 670 in

1834 715 1938 771 qua
1968 700 2298 756 delituerant
2318 704 2555 775 quinque
2581 721 2752 775 reges,
2779 707 3146 770 admoventur,
3176 716 3238 761 ut
3265 707 3413 762 fene-

1832 802 1943 847 stra
1982 808 2236 849 sensuum
2282 799 2527 865 corporis
2569 812 2761 868 magna
2810 808 2869 853 ut
2914 800 3111 867 cuique
3155 798 3414 869 competit

1833 884 2237 954 ponderositate
2260 895 2558 956 prematur.

1904 975 2067 1031 Vens.
2096 978 2154 1033 3.
2182 1006 2249 1019 ~~
2278 979 2545 1051 Morisque
2582 991 2695 1035 erat
2724 992 2798 1047 ut,
2839 984 3038 1037 cunctis
3080 982 3257 1037 ovibus
3291 998 3413 1035 eon-

1831 1067 2079 1135 gregatis,
2132 1068 2441 1125 revolverent
2491 1070 2739 1140 lapidem,
2788 1082 2860 1136 et,
2898 1073 3105 1142 refectis
3146 1074 3411 1144 gregibus,

1833 1174 2041 1213 rursum
2073 1178 2230 1231 super
2250 1179 2307 1216 os
2336 1167 2478 1232 putei
2503 1175 2770 1233 ponerent.
2808 1165 2949 1221 Oves
2975 1176 3244 1221 consueta
3283 1182 3413 1222 con-

1831 1262 2146 1321 gregantur,
2191 1269 2313 1309 cum
2352 1270 2544 1311 omnes
2584 1256 2750 1311 animi
2800 1257 3074 1327 simplices
3120 1266 3298 1312 motus
3346 1259 3413 1312 ad

1832 1339 2184 1397 hauriendum
2229 1345 2452 1399 rationis
2501 1345 2783 1401 consilium
2832 1356 3214 1418 congertmtur.
3256 1347 3415 1416 Lapis

1829 1447 1959 1504 ergo
1987 1436 2299 1503 revolvitur,
2333 1455 2453 1493 cum
2514 1456 2721 1509 magnae
2763 1439 3099 1496 auctoritatis
3142 1453 3301 1493 manu
3348 1438 3415 1491 ad

1829 1523 2110 1580 referenda
2171 1528 2396 1584 internis
2458 1530 2815 1601 querimoniis
2880 1544 3137 1601 responsa
3215 1527 3407 1597 judicii

1828 1631 2060 1672 censura
2090 1620 2351 1688 aperitur.
2403 1622 2540 1677 Sunt
2583 1622 2727 1676 enim
2761 1623 2900 1693 apud
2926 1636 3063 1690 quos
3091 1620 3231 1675 nulla
3255 1618 3416 1687 lapis,

1825 1707 2166 1777 proferenda:
2216 1714 2422 1769 scilicet
2466 1714 2746 1769 sententiae
2797 1714 3050 1784 pondus,
3108 1710 3418 1767 diuit-nitate

1823 1798 2125 1867 dscutitur,
2156 1804 2250 1857 sed
2295 1805 2441 1859 omni
2488 1804 2641 1874 palea
2692 1803 2977 1859 volubilius
3020 1802 3414 1873 praecipitatur.

1755 1888 1797 1942 Β
1827 1888 2056 1944 Rursum
2093 1893 2375 1963 adaquatis
2408 1895 2686 1966 gregibus,
2720 1911 2878 1965 super
2911 1911 2968 1948 os
3002 1894 3143 1965 putei
3174 1893 3416 1963 ponitur,

1825 1996 1945 2035 cum
1988 1994 2168 2038 mente
2207 1995 2299 2040 aut
2337 2002 2433 2041 sua
2480 1997 2573 2041 aut
2612 1986 2836 2042 alterius
2866 1987 3069 2041 refecta
3113 2001 3211 2057 per
3241 1984 3420 2040 cousi-

1825 2070 1978 2137 lium,
2010 2074 2154 2127 nulla
2185 2076 2249 2131 de
2279 2078 2360 2131 sui
2398 2079 2785 2148 perspicuitate
2817 2079 3015 2147 ingenii
3040 2079 3276 2133 vanitate
3302 2092 3419 2131 tuo-

1829 2173 2006 2228 vctur,
2035 2166 2130 2220 sed
2156 2168 2347 2223 eadem
2375 2171 2655 2238 gravitatis
2683 2169 2966 2238 majestate
2987 2172 3326 2239 deprimitur.

1899 2253 2063 2310 Vsus.
2093 2257 2146 2311 4.
2168 2285 2240 2298 —-
2262 2258 2508 2332 Dixitque
2551 2262 2621 2317 ad
2665 2273 2898 2332 pastores
2923 2275 2941 2313 :
2972 2261 3191 2316 Fratres
3219 2302 3234 2327 ,
3280 2262 3421 2315 unde

1826 2350 1986 2402 estis?
2028 2349 2290 2407 Dixerunt
2328 2369 2348 2408 :
2387 2348 2464 2408 De
2504 2353 2713 2408 llaran.
2753 2353 2882 2409 Post
2921 2353 3183 2409 visionem
3232 2354 3417 2422 itaque

1824 2439 1990 2508 putei,
2022 2438 2193 2494 Jacob
2223 2451 2467 2510 pastores
2501 2444 2636 2497 unde
2670 2444 2780 2498 sint
2802 2443 3118 2513 interrogat,
3148 2456 3270 2497 cum
3297 2451 3422 2511 post

1825 2529 2235 2601 intelligentiam
2275 2532 2622 2589 discretionis
2661 2535 2904 2598 animus,
2938 2524 3057 2588 vitii
3094 2533 3419 2602 supplanta-

1827 2628 1988 2685 tator,
2025 2621 2337 2691 spirituales
2372 2625 2463 2694 qui
2511 2640 2571 2680 se
2611 2634 2804 2696 regunt
2836 2633 3034 2689 motus,
3071 2623 3421 2679 ve|.virtutcs

1826 2712 1963 2766 unde
1988 2713 2118 2779 sint,
2145 2715 2198 2769 id
2236 2725 2321 2771 est
2347 2733 2413 2771 ex
2437 2732 2546 2787 qua
2579 2726 2858 2787 emergant
2887 2714 3186 2770 intentione
3210 2712 3419 2783 disqui-

1826 2804 1928 2871 rit,
1971 2807 2068 2861 sed
2106 2808 2182 2863 illi
2220 2823 2328 2864 non
2367 2810 2433 2864 de
2480 2809 2723 2880 appetitu
2777 2808 2953 2862 laudis
2997 2814 3095 2861 aut
3147 2803 3420 2860 desiderio

1825 2907 2064 2967 quaestus
2100 2900 2396 2971 quidquam
2436 2902 2735 2968 insibilant,
2770 2902 2864 2957 sed
2908 2900 2975 2956 de
3017 2899 3222 2964 Haran,
3252 2896 3305 2951 id
3336 2904 3423 2950 est

1829 3004 1894 3044 ex
1922 2990 2211 3047 devotione
2234 2995 2582 3063 assequendae
2613 2993 2894 3049 electibuis
2914 3007 2973 3047 se
2991 2990 3284 3062 procedere
3310 2997 3422 3043 tota

1826 3080 2054 3140 affectus
2096 3085 2350 3140 claritate
2393 3086 2744 3158 respondent.
2798 3085 2979 3140 llatan
3014 3084 3158 3139 enim
3205 3082 3424 3137 electum

1835 3185 2014 3230 sonat.

1911 3268 2066 3323 Vens.
2104 3269 2159 3336 5,
2196 3269 2253 3336 6,
2291 3270 2344 3324 7.
2378 3299 2451 3311 ι-
2484 3270 2693 3338 Nostis,
2726 3272 2824 3335 ait,
2865 3268 3049 3323 Laium
3098 3267 3267 3335 ﬁlium
3306 3262 3425 3316 Na-

1834 3360 1996 3413 cltor?
2023 3361 2182 3415 Aiunt
2212 3378 2231 3416 :
2272 3361 2550 3416 Nouimus.
2596 3361 2840 3417 Sanusne
2876 3371 2973 3423 est,
3005 3357 3213 3429 inquit?
3253 3354 3422 3418 Valet,

1834 3454 2097 3523 inquiunt.
2142 3454 2207 3508 Et
2238 3471 2354 3508 cccc
2397 3453 2589 3508 Rachel
2626 3454 2743 3523 ﬁlia
2791 3455 2905 3523 ejus
2947 3453 3079 3506 venit
3118 3466 3233 3503 cum
3274 3463 3427 3516 grege

1833 3552 1950 3598 sub.
1997 3545 2240 3615 Dixitque
2279 3544 2446 3599 Iacob
2471 3560 2489 3596 :
2516 3545 2704 3598 Adhuc
2750 3546 2973 3598 multum
3016 3543 3121 3595 diei
3163 3551 3424 3609 superest.

1840 3632 2050 3699 Nostis,
2076 3636 2174 3699 ait,
2206 3636 2532 3705 experiendo
2563 3634 2799 3693 caelestis
2842 3635 2965 3687 vita:
2989 3633 3306 3695 candorem,
3334 3631 3424 3699 qui

1836 3742 1903 3779 ex
1932 3724 2040 3779 Deo
2061 3726 2324 3796 gignitur,
2347 3741 2506 3796 quem
2529 3734 2745 3781 constat
2770 3741 2891 3780 esse
2916 3725 3134 3779 luminis
3150 3724 3426 3793 requiem"

1835 3817 1889 3870 LI
1947 3825 2162 3886 quoque
2204 3834 2263 3873 se
2300 3819 2557 3873 didicisse
2604 3818 2692 3888 pia
2737 3818 3027 3873 atlectione
3078 3816 3413 3888 respondent.

1834 3909 2053 3966 Sauitas
2097 3911 2303 3975 Laban,
2349 3912 2590 3967 celestis
2637 3912 2890 3966 desiderii
2930 3911 3101 3964 innuit
3144 3909 3426 3979 integrita-

1836 4012 1965 4058 tem.
2014 4002 2207 4059 Valere
2254 4002 2435 4072 itaque
2470 4002 2720 4072 pastores
2754 4002 3066 4072 perhibent,
3109 4014 3230 4053 cum
3283 3999 3425 4050 nulla

1837 4097 1942 4152 nisi
1993 4110 2223 4165 superna
2277 4097 2344 4151 ab
2396 4096 2579 4151 animo
2639 4094 2835 4148 ambiri
2885 4094 3123 4163 ipsarum
3165 4091 3424 4144 virtutum

1836 4188 2143 4242 testimonia
2173 4187 2453 4253 clamant;
2478 4188 2572 4242 sed
2599 4186 2652 4242 in
2687 4186 2789 4240 hoc
2824 4184 2941 4255 ipso
2968 4182 3166 4238 mentis
3188 4189 3332 4236 statu
3361 4195 3429 4237 ac

1837 4278 2025 4348 vigore
2053 4277 2255 4331 Rachel
2281 4293 2403 4332 cum
2436 4292 2596 4348 grege
2631 4292 2727 4331 suo
2758 4276 2998 4339 advenit,
3028 4276 3152 4344 quia
3184 4285 3427 4333 contem-

1836 4370 2087 4438 plationis
2112 4371 2306 4425 divina:
2334 4371 2567 4440 gloriosa
2594 4369 2681 4425 illa
2704 4377 2758 4423 et
2793 4370 3033 4438 virginea
3067 4368 3273 4436 puritas
3296 4381 3421 4419 cum

1836 4461 1985 4527 largo
2026 4463 2324 4529 gratiarum
2356 4464 2674 4515 ett-terarum
2724 4473 2950 4513 munere
2990 4465 3292 4526 opportune
3345 4455 3427 4508 iu-

146 4562 284 4613 mus,
341 4550 467 4618 quia
521 4552 751 4606 solidum
798 4551 1128 4606 elementum
1180 4559 1280 4605 est.
1342 4550 1503 4605 Terra
1563 4552 1731 4616 enim,
1771 4572 1811 4629 ῃ
1836 4557 1971 4611 fluit.
2010 4557 2135 4621 Haec
2173 4556 2355 4610 Laban
2406 4555 2511 4607 lilia
2548 4553 2769 4614 dicitur,
2797 4552 2921 4619 quia
2953 4564 3017 4604 ex
3042 4562 3288 4616 supernae
3317 4546 3430 4600 ela-

138 4639 291 4709 juxta
325 4641 741 4709 Ecclesiastem,
789 4645 844 4697 in
895 4654 1145 4698 aaternum
1184 4651 1287 4699 stat
1327 4641 1528 4715 (Eccle.
1582 4659 1621 4709 ι,
1652 4642 1730 4712 4).

150 4730 301 4786 Videt
352 4742 563 4796 puteum
606 4734 661 4789 in
711 4751 861 4804 agro,
912 4750 1036 4789 cum
1080 4734 1284 4789 fontem
1333 4734 1632 4804 prudentia:
1671 4749 1735 4790 ac

147 4824 484 4881 discretionis
546 4825 597 4880 in
667 4826 936 4895 spirituali
990 4826 1222 4882 attendit
1266 4825 1551 4881 exercitio.
1610 4824 1734 4881 Tres

147 4934 314 4988 greges
365 4919 750 4988 ovium'juxta
796 4934 915 4974 euut
960 4920 1266 4983 accubant,
1310 4920 1437 4991 quia
1489 4928 1601 4975 tres
1656 4918 1732 4974 illi

150 5009 398 5066 Ecclesiae
440 5011 683 5077 ordines,
721 5011 819 5081 qui
862 5011 915 5065 in
965 5011 1163 5081 pagina
1218 5011 1385 5066 veteri
1426 5012 1525 5067 sub
1572 5011 1732 5065 trium

150 5103 406 5171 personis,
439 5102 571 5169 Noe,
602 5101 790 5159 Daniel
813 5112 866 5158 et
891 5102 1013 5168 Job,
1039 5110 1094 5157 et
1139 5102 1190 5156 in
1222 5118 1358 5157 nona
1394 5105 1495 5160 sub
1522 5105 1734 5175 agrico—

152 5193 387 5262 lantium,
420 5196 762 5263 molentium,
800 5205 858 5252 et
910 5196 964 5250 in
995 5195 1135 5250 lecto
1169 5194 1561 5263 quiescentium
1606 5205 1733 5267 typo

154 5285 441 5357 signantur,
474 5303 504 5341 a
532 5287 716 5343 satculi
742 5288 927 5343 labore
957 5294 1249 5356 pausantes
1285 5284 1571 5349 interdum,
1597 5287 1732 5341 hau-

155 5388 233 5434 stu
273 5378 550 5435 salutifero
598 5395 664 5434 ac
712 5379 1068 5452 eontiguitate
1113 5385 1451 5433 recreantur.
1497 5377 1571 5431 Ex
1630 5380 1732 5434 hoc

157 5470 483 5541 adaquantur
522 5484 753 5542 pecora;
797 5486 937 5543 aqua
975 5471 1121 5526 enim
1159 5468 1441 5539 sapientia:
1486 5464 1733 5526 salutaris

160 5574 325 5621 nostra
358 5562 597 5621 mitescit
624 5565 895 5621 hcbetudo
921 5573 977 5619 et
1002 5562 1240 5634 pecualis
1272 5561 1509 5616 inscitia.
1542 5558 1645 5617 Sed
1671 5578 1730 5620 os

161 5654 263 5725 eius
306 5658 497 5729 grandi
554 5657 732 5728 lapide
796 5657 1085 5719 clauditur,
1143 5656 1269 5725 quia
1337 5653 1614 5724 sapit-litim
1670 5670 1732 5710 ac

164 5746 381 5805 scientias
417 5765 449 5805 a
483 5750 595 5806 Deo
635 5751 788 5805 nobis
828 5752 985 5816 datm,
1016 5758 1071 5804 et
1114 5746 1293 5804 aditus
1350 5760 1404 5803 et
1439 5749 1617 5804 exitus
1664 5764 1731 5804 ne

166 5841 276 5912 quid
302 5842 553 5902 indecens
579 5844 789 5901 incedat
814 5852 903 5899 aut
925 5843 1165 5909 excedat,
1203 5839 1363 5913 ιιῆ.
1388 5857 1607 5900 necesse
1650 5852 1732 5900 est

1839 4648 2019 4702 ritatis
2043 4661 2225 4700 amore
2255 4645 2616 4715 progreditur.
2650 4642 2850 4697 llachel
2880 4650 3063 4696 autem
3091 4639 3259 4694 visum
3278 4639 3429 4709 prin-

1835 4740 2031 4809 cipium
2072 4737 2490 4806 interpretatur,
2539 4735 2667 4790 illud
2715 4732 2927 4789 scilicet
2974 4731 3117 4802 quod
3164 4730 3423 4800 loquitur,

1833 4845 1936 4900 ego
1968 4829 2319 4899 principium,
2360 4828 2501 4883 unde
2550 4839 2606 4881 et
2648 4826 2838 4895 loquor
2881 4824 3035 4879 vobis
3073 4822 3252 4893 (Ioan.
3302 4837 3423 4880 νιιι,

1834 4922 1950 4993 25).
1984 4922 2195 4987 Adhuc,
2226 4922 2422 4990 inquit,
2469 4919 2693 4974 multum
2735 4919 2841 4972 diei
2882 4923 3133 4987 superest.
3162 4912 3314 4980 Quod
3343 4921 3428 4966 est

1834 5017 2052 5071 dicere:
2080 5014 2194 5070 Etsi
2222 5015 2457 5085 aliquant
2496 5014 2692 5069 divina:
2726 5012 3014 5067 scintillam
3043 5006 3429 5077 Speculationis

1834 5108 2066 5179 attingo,
2094 5107 2210 5177 ipsa
2238 5107 2434 5162 divinae
2468 5103 2786 5160 excellentia
2825 5102 2962 5155 lucis
2995 5096 3425 5164 incomparabili-

1836 5206 1921 5253 ter
1957 5198 2307 5268 praaeminet,
2349 5212 2469 5266 qua:
2508 5195 2656 5251 nullo
2696 5207 2818 5247 meo
2857 5188 3109 5246 acumine
3152 5188 3425 5256 penetrari

1835 5289 1996 5344 valet.
2025 5289 2119 5345 Vel
2146 5289 2306 5345 aliter
2331 5304 2347 5343 :
2382 5289 2517 5344 Cum
2554 5301 2706 5341 mens
2733 5298 2899 5353 supra
2927 5297 2987 5337 se
3006 5280 3210 5352 aliquid
3236 5295 3425 5351 sapere

1835 5383 2026 5452 incipit
2052 5383 2312 5447 divinum,
2349 5381 2594 5451 attigisse
2621 5395 2679 5434 se
2701 5377 2939 5432 aestimat
2980 5375 3142 5431 totius
3178 5373 3293 5444 jam
3322 5374 3405 5428 vir

1836 5476 1970 5531 tutis
2018 5490 2314 5541 summum,
2364 5474 2458 5529 sed
2502 5472 2868 5541 intelligenter
2922 5468 3023 5524 sibi
3073 5468 3271 5532 infert,
3324 5467 3429 5523 sibi

1840 5565 2066 5623 multum
2093 5568 2221 5633 diei,
2256 5565 2309 5621 id
2354 5573 2437 5620 est
2478 5562 2679 5618 laboris
2712 5562 2767 5616 in
2793 5560 2951 5617 vinea
2976 5560 3155 5632 agenti
3197 5568 3429 5622 restare,

1836 5677 1928 5715 nec
1970 5669 2175 5728 tempus
2212 5672 2324 5714 esse
2367 5666 2423 5711 ut
2466 5656 2535 5710 ad
2575 5654 2759 5710 caulas
2801 5655 3121 5709 reducantur
3146 5668 3344 5725 greges,
3373 5651 3427 5705 id

1836 5756 1919 5804 est
1939 5755 2000 5803 ut
2021 5746 2352 5817 aeternajam
2385 5747 2571 5816 requie
2601 5747 2871 5803 donentur
2894 5745 3227 5817 imperfectae
3248 5743 3425 5797 adhuc

1837 5841 2082 5898 virtutes.
2096 5840 2247 5909 .Date
2272 5849 2392 5897 ante
2432 5851 2606 5897 votum
2635 5840 2850 5902 avibus,
2897 5837 3187 5893 virtutibus
3222 5834 3425 5891 scilicet
