3982 6360
619 392 726 445 219

1411 382 1472 436 ν.
1510 381 1831 438 GUIBEliTl
1872 380 2164 434 ABBATIS
2211 380 2270 433 S.
2314 380 2553 435 MARMS
2594 380 2685 436 DE
2722 379 3127 439 NOVIGENTO
3804 392 3865 447 Ἀθ

621 503 681 561 in
727 516 923 574 magno
967 508 1319 557 tentattonunt
1366 506 1499 554 testu
1553 497 1867 553 constitutis
1909 494 2207 564 spiritualis
2236 495 2281 551 A
2308 492 2497 564 pagina
2535 509 2633 563 pro
2662 493 2948 564 intelligere
2978 496 3230 567 ponitur,
3271 506 3340 552 ut
3383 507 3474 554 cst
3501 502 3700 567 :~Audi,
3723 504 3864 571 tilica

625 594 953 652 infusionem
978 595 1163 667 gratiae
1184 590 1480 662 providete,
1508 601 1563 646 et
1587 591 1800 645 interno
1825 602 1948 642 rore
1966 586 2209 658 vigentes

627 688 696 742 ad
736 695 947 757 pastum
975 698 1142 740 sacrae
1181 684 1391 754 pagina}
1435 698 1529 737 eas
1561 696 1623 735 ex
1658 691 1787 750 potu
1835 678 2043 733 alacres
2079 693 2220 732 con»

627 780 821 851 gerite.
852 777 909 832 Si
930 777 1071 831 enim
1100 790 1253 830 mens
1283 774 1512 830 interius
1540 788 1644 827 non
1673 770 1993 837 infunditur,
2024 769 2211 825 lectio-

628 870 713 924 nis
768 868 966 923 utilitas
998 874 1109 920 tota
1137 873 1405 921 cassatur.
1437 863 1564 921 Hice
1593 863 1767 918 ﬁdelis
1788 863 1968 918 anima
2000 863 2208 933 cogita-

630 960 860 1015 tionibus
906 958 1144 1029 propriis
1195 956 1473 1027 loquitur,
1527 957 1635 1010 imo
1686 955 1798 1010 suis
1850 954 2209 1010 intellectibus

624 1030 775 1121 quasi
801 1050 1133 1122 pastoribus.
1160 1047 1347 1117 (Vens.
1371 1046 1451 1115 8.)
1477 1044 1598 1099 Non
1615 1060 1911 1114 possumus,
1938 1044 2215 1114 inquiunt,

622 1142 787 1196 donec
819 1141 1000 1196 omnia
1034 1155 1225 1209 pecora
1255 1148 1646 1208 congregemur,
1678 1136 1732 1191 id
1761 1145 1846 1191 est
1874 1135 2207 1207 spiritualetn

622 1233 705 1288 eis
728 1231 1044 1301 impendere
1067 1228 1378 1298 temperiem
1412 1244 1515 1280 non
1540 1242 1843 1295 possumus,
1868 1226 2041 1283 donec
2066 1226 2212 1297 cogi-

625 1324 895 1379 tationum
926 1320 1110 1376 turbas
1149 1335 1180 1374 a
1229 1335 1321 1375 sua
1370 1319 1688 1389 evagatione
1730 1318 2079 1375 cohibeamus
2104 1358 2118 1383 ,
2160 1329 2207 1372 et

628 1429 963 1469 amoreamus
996 1412 1256 1483 lapidem,
1305 1414 1538 1483 torporis
1586 1421 1641 1466 et
1679 1411 2022 1483 negligentize
2062 1410 2209 1465 duci—

630 1507 786 1573 tiem,
816 1522 934 1576 qua:
956 1521 1017 1561 os
1042 1506 1207 1574 putei,
1238 1505 1292 1561 id
1325 1516 1407 1560 est
1431 1506 1646 1560 oculum
1671 1506 1969 1561 internecat
2005 1504 2225 1559 discre-

632 1596 811 1661 tionis,
837 1605 893 1651 et
926 1596 1006 1652 sic
1032 1597 1290 1652 virtutum
1330 1597 1581 1668 gregibus
1618 1597 1961 1667 refrigerium
2002 1598 2211 1666 impen-

627 1689 817 1743 damus
852 1703 1004 1758 aquae
1034 1688 1311 1744 salutaris.

699 1778 865 1833 Vsus.
897 1781 952 1835 9.
996 1811 1065 1820 —
1112 1780 1296 1834 Adhuc
1347 1780 1710 1851 loquebantur,
1759 1790 1806 1835 et
1853 1798 1967 1835 ecce
2016 1780 2212 1834 Rachel

625 1871 856 1924 veniebat
879 1889 998 1926 cum
1028 1873 1207 1926 ovibus
1237 1874 1397 1941 patris
1425 1875 1526 1927 sui.
1556 1873 1881 1942 Plerumque
1919 1889 2047 1928 sane
2083 1874 2209 1928 dum
2245 1847 2287 1900 Β
2314 1869 2552 1924 versatio
2591 1868 2644 1923 itt
2681 1869 2876 1923 ctelum
2912 1870 3287 1927 transferatur
3319 1875 3605 1943 provehit.

630 1962 809 2017 adhuc
862 1979 983 2017 cum
1038 1965 1310 2021 interioris
1361 1966 1594 2022 hominis
1643 1968 1892 2022 sensibus
1944 1968 2008 2022 tle
2060 1968 2215 2021 insti-

629 2053 829 2109 tuenda
873 2056 979 2110 vita
1009 2057 1206 2126 agitur,
1259 2068 1478 2128 repente
1524 2060 1695 2113 virtus
1742 2058 2214 2128 contemplationis

625 2161 749 2199 cum
796 2155 904 2201 tota
955 2148 1120 2203 animi
1165 2149 1515 2220 simplicitate
1557 2150 1816 2217 illabitur,
1863 2167 1984 2223 quae
2034 2163 2211 2207 tamen

623 2238 805 2294 omnia
855 2254 884 2293 a
929 2238 1092 2296 Patre
1126 2241 1388 2297 luminum
1426 2243 1527 2299 sibi
1574 2244 1793 2297 dantur.
1831 2243 1962 2297 Nam
1995 2259 2212 2314 gregem

624 2331 790 2386 totius
817 2331 920 2401 piat
940 2334 1289 2404 cogitationis
1316 2351 1377 2391 ac
1399 2332 1732 2405 operatioitis
1756 2336 2025 2406 spirituali
2050 2352 2213 2391 succo

621 2421 740 2489 ipsa
800 2422 1000 2478 alebat.
1046 2424 1237 2494 (Vens.
1298 2416 1387 2488 ill,
1446 2427 1557 2495 Η.)
1609 2426 1782 2491 Quam
1830 2444 1948 2480 cum
2006 2427 2214 2481 vidisset

622 2512 813 2579 Iacob,
867 2524 915 2567 et
957 2515 1114 2569 sciret
1165 2516 1529 2571 consobrinam
1569 2534 1719 2572 suam
1766 2534 1983 2588 ovesque
2032 2517 2215 2572 Labau

622 2605 896 2671 avunculi,
923 2605 1177 2662 submovit
1206 2606 1433 2677 lapidem
1480 2625 1581 2678 quo
1617 2620 1803 2679 puteus
1850 2609 2214 2677 claudebatur,

623 2705 694 2761 et,
739 2696 1005 2767 adaquato
1047 2714 1227 2769 grege,
1269 2699 1539 2755 osculatus
1584 2712 1660 2757 est
1720 2719 1855 2757 eam.
1888 2702 2056 2758 Iacob
2093 2718 2213 2759 eam

624 2786 798 2856 videt,
833 2789 1282 2855 etconsobrinam
1321 2793 1619 2862 cognoscit,
1652 2794 1779 2849 dum
1827 2795 2058 2865 gloriam
2078 2811 2212 2853 con-

626 2878 993 2949 templationis
1012 2880 1341 2953 intelligens,
1364 2882 1455 2955 jus
1482 2884 1584 2939 sibi
1614 2900 1781 2955 penes
1802 2900 1929 2940 eam
1951 2888 2216 2944 naturalis

629 2969 1051 3040 propinquitatis
1104 2973 1362 3039 attendit;
1416 2973 1484 3029 ad
1528 2974 1696 3029 Deum
1740 2976 1884 3031 enim
1926 2977 2215 3033 videndum

626 3061 1022 3133 fruendumque
1049 3065 1117 3120 ab
1146 3064 1263 3134 ipso
1296 3080 1356 3122 se
1394 3065 1597 3122 factum
1640 3068 1748 3123 Deo
1793 3068 2073 3138 perspicit.
2128 3069 2217 3123 Vi-

625 3152 720 3209 det
756 3152 939 3208 Laban
958 3155 1207 3210 avunculi
1233 3173 1368 3225 oves,
1410 3159 1534 3215 dum
1567 3174 1753 3216 eorum
1803 3161 1895 3230 qui
1924 3162 2214 3217 candorem
2245 3195 2290 3259 ϐ

624 3245 943 3317 przefcrunt,
976 3258 1028 3306 et
1073 3250 1167 3322 qui
1201 3250 1324 3318 vita
1367 3266 1432 3308 ac
1471 3267 1684 3309 morum
1732 3252 1992 3324 atﬁttitate
2033 3269 2219 3327 super-

621 3340 859 3396 coalestis
899 3340 1155 3398 Ecclesiae
1202 3344 1394 3400 matris
1438 3360 1552 3400 suae
1594 3345 1793 3402 fratres
1839 3356 1996 3413 sunt,
2044 3348 2220 3403 fidelis

621 3434 801 3488 anima
827 3434 914 3501 pie
941 3436 1227 3492 tumulatur
1253 3436 1507 3505 virtutes,
1538 3454 1658 3509 quae
1700 3450 1922 3511 propter
1955 3442 2218 3511 simplici-

622 3535 792 3582 tatem
822 3537 877 3582 et
910 3528 1197 3583 utilitatem
1229 3540 1357 3586 sunt
1403 3546 1554 3586 oves.
1593 3532 1825 3587 Amovet
1862 3534 2092 3603 lapidem
2126 3534 2218 3590 Ja-

626 3616 746 3678 cob,
776 3633 879 3686 quo
901 3628 1085 3686 puteus
1114 3619 1404 3687 clauditur,
1435 3636 1559 3676 cum
1605 3623 1829 3678 discutit
1866 3640 2031 3689 sagax
2059 3627 2219 3696 spiri-

629 3716 716 3761 tus
744 3707 953 3777 pondus
980 3709 1209 3774 inertiae,
1241 3725 1349 3781 quo
1377 3711 1625 3767 veritatis
1653 3712 1888 3783 cognitio
1909 3714 2212 3771 obturatur.

626 3796 903 3867 Adaquato
934 3798 1117 3869 itaque
1148 3815 1399 3869 superate
1429 3802 1568 3856 unda
1601 3801 1899 3858 dulcedinis
1932 3805 2217 3875 cogitatio-

625 3904 755 3941 num
783 3898 877 3943 aut
900 3889 1158 3944 virtutum
1189 3907 1366 3962 grege,
1406 3908 1523 3947 eam
1570 3892 1865 3955 osculatur,
1894 3895 2022 3950 dum
2053 3897 2214 3953 Verbi

621 3977 812 4033 :eterni
862 3986 917 4033 et
956 3977 1193 4049 Spiritus
1260 3980 1542 4051 sapientia:
1582 3982 1837 4038 suavitati
1883 3984 2218 4042 unicorditer

624 4068 962 4138 astringitur.
996 4068 1053 4122 In
1084 4068 1272 4125 osculo
1300 4085 1534 4141 namque
1563 4072 1688 4139 hoc,
1719 4083 1773 4128 et
1800 4088 1866 4131 es
1886 4074 2216 4132 dissim-elo-

624 4160 950 4231 quiiintimo
994 4177 1190 4232 sapore
1232 4162 1615 4232 discernimus,
1646 4176 1699 4222 et
1746 4168 1987 4223 anhelitu
2025 4170 2215 4240 gratize

514 4290 525 4295 ρ
622 4253 955 4323 scptiformis
991 4254 1307 4324 imbuimur,
1351 4265 1407 4313 et
1449 4271 1547 4328 per
1584 4260 1688 4316 hoc
1721 4260 1999 4331 sapientiae
2027 4245 2215 4319 salivis

621 4362 954 4418 tnungtutur.

694 4440 858 4496 Vsus.
909 4441 996 4496 η.
1035 4471 1107 4481 -
1134 4441 1455 4515 Elevatayue
1497 4460 1618 4500 voce
1657 4446 1819 4515 ﬂevit,
1866 4456 1914 4501 et
1962 4448 2212 4503 indicavit

2309 584 2422 637 vide
2456 582 2631 655 (Psal.
2663 601 2810 651 κων,
2854 586 2962 655 il).
2992 586 3179 642 Audit.
3211 603 3367 660 ergo
3392 630 3411 654 ,
3471 590 3527 645 id
3576 602 3659 647 est
3692 592 3863 665 intelligit

2310 672 2515 740 Laban,
2546 673 2688 744 quod
2735 685 2973 731 nonest
3019 676 3169 732 aliud
3231 693 3422 748 quam
3479 681 3762 753 intelligere
3790 685 3863 739 facit

2311 766 2550 821 animum
2580 776 2842 831 nostrum,
2868 768 3077 823 scilicet
3097 784 3310 825 verum
3350 772 3554 837 Jacob,
3587 775 3676 845 qui
3698 776 3863 846 snt-pla

2314 856 2495 910 tandis,
2510 856 2656 912 vitiis
2682 857 2871 923 instat,
2908 858 2974 912 ad
3010 860 3175 914 sesui
3211 860 3409 930 ipsius
3441 865 3770 932 praesentiam
3798 867 3860 921 solt

2311 948 2408 1002 Dei
2435 949 2750 1019 operatione
2792 949 3015 1019 factam,
3046 961 3100 1008 et
3126 955 3329 1023 currit
3371 957 3426 1010 ei
3466 957 3670 1011 obviam
3694 959 3861 1027 ipseia-

2311 1036 2440 1105 ban,
2466 1040 2593 1111 quia
2620 1040 2860 1097 caelestis
2908 1042 3101 1112 glorias
3131 1044 3506 1101 desiderium
3540 1061 3738 1118 sponte.
3757 1053 3859 1105 menti

2312 1129 2476 1185 infert
2519 1133 2675 1201 quasi
2722 1136 3012 1203 quemdam
3061 1150 3406 1205 occursum,
3453 1139 3648 1209 gratiae
3695 1156 3858 1210 stipem

2310 1222 2543 1291 copiam.
2586 1223 2996 1298 Complexusque
3023 1244 3164 1293 eum,
3210 1238 3265 1283 et
3301 1229 3363 1284 in
3395 1230 3587 1285 oscula
3616 1249 3751 1286 ruens
3770 1233 3855 1285 dixit

2310 1314 2366 1367 in
2391 1314 2613 1369 domum.
2649 1334 2824 1373 suam.
2881 1318 3068 1374 Laban
3109 1318 3295 1376 Jacob
3351 1322 3748 1393 complectitur,
3786 1339 3853 1377 cum

2312 1407 2526 1464 devotio
2562 1408 2800 1465 caelestis
2845 1410 3027 1467 animo
3069 1413 3239 1468 unice
3288 1414 3624 1470 innectitur.
3654 1414 3712 1470 In
3747 1416 3851 1468 osculi

2313 1498 2445 1563 ruit,
2466 1515 2608 1565 cum,
2638 1501 2829 1559 saeculi
2866 1503 3150 1560 abdicatis.
3181 1506 3519 1572 amoribus,
3567 1507 3743 1562 divina:
3768 1521 3850 1575 quaL

2313 1588 2496 1646 renda:
2527 1592 2913 1661 pulchritudini
2961 1594 3288 1652 indivisibili
3324 1598 3554 1655 findere
3588 1614 3645 1654 se
3668 1598 3846 1666 astringit

2312 1680 2381 1737 Et
2415 1697 2541 1740 vere
2568 1685 2850 1752 ruit,.dutn
2878 1702 2936 1742 se
2960 1688 3010 1742 ei
3038 1687 3300 1745 funditus
3330 1690 3606 1745 infundit.
3635 1689 3853 1743 [adonis

2312 1794 2463 1833 suam
2487 1776 2656 1841 ducit,
2681 1777 2827 1832 dum,
2848 1779 2913 1834 ad
2943 1779 3045 1835 hoc
3072 1795 3252 1849 usque
3288 1793 3578 1852 quatenus
3608 1781 3761 1837 cordis
3776 1796 3847 1833 eos

2388 1960 2547 2015 Vaus.
2579 1960 2667 2015 ii.
2694 1991 2765 2003 —-
2790 1962 2999 2016 Auditis
3020 1974 3205 2017 autem
3226 1967 3437 2021 causis.
3454 1967 3677 2031 itineris,
3706 1980 3839 2033 ηερω-
3874 1956 3877 1999 θ

2314 2053 2388 2109 dit
2415 2069 2431 2106 :
2462 2053 2534 2109 0s
2564 2071 2735 2109 meum
2765 2071 2841 2120 es,
2872 2065 2919 2111 et
2944 2072 3067 2111 caro
3095 2058 3449 2112 mea-Audit
3492 2072 3679 2113 causas
3702 2054 3843 2117 itineris

2315 2161 2440 2200 cum
2478 2162 2575 2201 nos
2603 2145 2733 2215 facit
2776 2146 3013 2202 ccelestis
3050 2147 3323 2217 splendor
3384 2148 3687 2218 intelligere
3728 2146 3834 2199 inten-

2320 2236 2517 2294 tiones
2548 2238 2713 2293 totius
2767 2248 2970 2293 nostrae
3006 2240 3269 2303 actionis,
3327 2240 3638 2311 spiritualis
3679 2238 3843 2292 videlicet
3885 2222 3887 2235 ⁴

2315 2336 2515 2382 nostra:
2541 2342 2645 2395 qua
2689 2329 2756 2382 ad
2808 2328 2976 2383 Deum
3030 2328 3317 2385 tendimus
3363 2329 3719 2401 perfectionis,
3757 2324 3837 2380 unde

2316 2418 2606 2487 respondet
2636 2416 2851 2484 effectu,
2902 2434 3012 2475 non
3037 2420 3229 2487 verbo,
3285 2431 3501 2478 nostrae
3544 2422 3687 2477 bona:
3722 2416 3831 2470 volun-

2318 2510 2438 2563 tati.
2474 2509 2567 2578 Os,
2601 2512 2795 2582 inquit,
2827 2528 2998 2566 meum
3047 2529 3121 2579 es,
3155 2512 3210 2568 id
3236 2522 3330 2569 est
3358 2528 3486 2570 eam
3540 2506 3826 2567 intellectuali-
3868 2524 3871 2585 ς

2319 2601 2464 2665 latis,
2497 2617 2659 2671 quam
2718 2603 2887 2659 habes
2945 2601 3334 2660 fortitudinem
3404 2620 3477 2661 ex
3526 2619 3609 2665 me
3656 2600 3829 2660 habits.“
3870 2612 3887 2687 ψ

2318 2708 2442 2746 caro
2470 2710 2581 2747 mea
2621 2711 2696 2761 es,
2726 2695 2853 2764 quia
2891 2694 3035 2765 quod
3064 2696 3255 2751 carnis
3313 2695 3660 2770 fragilitatem
3703 2688 3833 2743 ratione

2318 2784 2482 2855 regis,
2528 2786 2668 2840 sicut
2716 2800 2840 2840 osse
2890 2795 3153 2857 reguntur
3206 2802 3440 2853 carnes,
3492 2802 3559 2842 ex
3604 2797 3681 2838 me
3713 2777 3825 2844 υιίιιικ

2316 2884 2472 2943 potes
2503 2891 2518 2941 ;
2574 2890 2706 2930 caro
2733 2875 2879 2930 enim
2908 2877 3093 2931 tandiu
3122 2886 3374 2948 constat,
3400 2877 3634 2949 quandiu
3660 2867 3823 2927 εοιιιίιιίυ

2321 2975 2406 3022 tur
2436 2967 2502 3021 ab
2525 2969 2753 3023 ossibus.
2783 2967 2970 3037 (Vens.
3000 2970 3112 3040 l5.)
3139 2968 3207 3024 Et
3230 2983 3522 3042 postquam
3542 2963 3822 3035 complaint!l
3868 2988 3869 2995 ι

2318 3058 2428 3111 dies
2455 3060 2647 3112 mensis
2695 3059 2869 3122 unius,
2924 3060 3056 3115 dixit
3096 3061 3188 3115 ei:
3226 3062 3385 3117 Nunt
3410 3063 3537 3134 quia
3580 3059 3822 3129 fraterne”

2319 3166 2396 3214 cs,
2428 3153 2594 3221 gratis
2616 3153 2802 3206 servies
2833 3154 2959 3205 milii
2991 3154 3015 3206 ?
3055 3152 3154 3207 Dic
3200 3157 3338 3226 quid
3373 3153 3618 3211 mercedis
3656 3141 3820 3210 eccilli“

2321 3242 2444 3297 Dies
2474 3246 2667 3298 mensis
2708 3244 2863 3298 unius
2909 3244 3297 3315 complentur,
3323 3264 3454 3302 cum
3503 3246 3716 3300 virtutum
3749 3230 3827 3318 cla:

2320 3335 2510 3389 ritatcs
2569 3335 2823 3404 perfectae
2878 3337 3103 3391 meliora
3150 3340 3382 3408 gerendi
3436 3329 3681 3394 voluntatis
3709 3326 3828 3411 (titilth

2320 3426 2526 3480 mensis
2557 3425 2867 3495 integritate
2900 3406 3276 3495 perﬁciuntur.
3319 3428 3488 3493 Quia,
3527 3406 3823 3501 inquinamur

2322 3524 2433 3570 tate
2463 3516 2617 3571 bona:
2656 3517 2959 3571 devotionis
2987 3517 3115 3571 mihi
3142 3534 3400 3574 annexus
3426 3534 3511 3584 es,
3542 3514 3643 3571 sine
3678 3503 3818 3596 υιὶλίιξί
3866 3520 3871 3596 l

2319 3622 2413 3677 spe
2442 3609 2713 3677 augmenti
2752 3609 2883 3663 mihi
2909 3609 3231 3665 deservics?
3287 3612 3394 3666 Dic
3454 3623 3578 3680 ergo
3599 3597 3701 3673 quid
3732 3604 3815 3644 aw-

2317 3702 2445 3771 pi'es.
2482 3700 2668 3772 (Vens.
2695 3703 2781 3766 16,
2815 3702 2927 3775 17.)
2972 3702 3211 3757 Habebat
3246 3722 3372 3760 vero
3414 3705 3545 3757 duas
3567 3696 3718 3769 ﬁlias:

2316 3809 2435 3847 men
2471 3771 2690 3864 majoris
2721 3794 2859 3859 Lia;
2905 3771 3080 3849 minor
3120 3794 3325 3852 Rachel
3379 3790 3723 3866 appellabatur.
3756 3771 3808 3829 δέ

2317 3883 2415 3939 Lia
2440 3886 2595 3955 lippis
2618 3896 2729 3939 erat
2751 3884 2957 3951 oculis;
2984 3884 3177 3940 Rachel
3199 3888 3402 3942 decora
3434 3884 3585 3956 facie,
3608 3887 3647 3932 el
3674 3870 3807 3968 υιιξκίξθ
3864 3870 3877 3968 i

2317 3950 2550 4062 aspectu.
2582 3977 2724 4032 Duas
2777 3979 2874 4032 has
2918 3950 3057 4033 tilias
3092 3981 3401 4035 secundum
3434 3950 3577 4047 quod
3615 3950 3807 4062 tttlS'fi
3862 3950 3877 4062 Ι

2317 4087 2447 4127 xere
2478 4054 2734 4142 majores,
2755 4071 3057 4142 accipimus
3104 4074 3404 4137 actualem,
3433 4084 3549 4140 quae
3574 4058 3704 4116 valde
3724 4054 3803 4105 illi"

2316 4165 2496 4220 δίρρυιί
2520 4164 2796 4231 molestias
2824 4163 2995 4233 lippit,
3027 4165 3192 4219 vitam
3227 4182 3242 4231 ;
3274 4156 3609 4236 per-Rachel
3646 4149 3805 4240 conta"

2316 4256 2572 4328 plativant
2605 4274 2725 4327 quia
2754 4257 2861 4311 lota
2891 4257 3048 4322 facie,
3102 4266 3158 4312 et
3213 4259 3404 4314 mundi
3452 4238 3807 4347 cordis
3862 4238 3877 4347 1

2317 4324 2441 4405 dine
2468 4350 2576 4405 Deo
2606 4324 2835 4405 videndo
2865 4350 3232 4421 perspicacem
3255 4351 3473 4407 oculum
3501 4324 3812 4421 intendit-P05.“
3864 4324 3877 4421 Ι

2315 4458 2503 4498 sumus
2524 4452 2579 4497 et
2608 4457 2703 4511 per
2731 4441 2883 4496 Liam
2911 4443 3221 4509 scientiam,
3270 4459 3394 4514 quae
3416 4451 3595 4497 earum
3622 4415 3807 4484 duum"l

617 4532 665 4586 ei
694 4533 831 4603 quod
864 4533 1030 4602 frater
1050 4544 1182 4589 esset
1207 4536 1377 4605 patris
1415 4534 1531 4606 ejus
1568 4547 1616 4591 et
1644 4537 1790 4606 ﬁlius
1831 4537 2214 4597 RebeccceJ’o-
2246 4547 2290 4602 ι)
2319 4550 2499 4588 rerum
2556 4543 2659 4597 εει.
2708 4550 2830 4603 (111:1!
2878 4534 3020 4589 inter
3073 4549 3175 4589 nos
3226 4535 3554 4593 actitatum“,
3599 4515 3802 4605 θεωρεῖθ’

622 4637 739 4677 cem
792 4624 1008 4689 clevat‘,
1059 4641 1183 4680 cum
1229 4626 1555 4682 desiderium
1606 4629 1823 4699 pietatis
1877 4630 2211 4702 ampliﬁcat:

627 4716 785 4786 115
813 4716 904 4771 ﬁet
933 4732 1082 4779 vero,
1106 4718 1233 4773 dum
1266 4720 1510 4775 animum
1546 4736 1607 4777 ac
1650 4722 1695 4776 si
1734 4731 1897 4792 caput
1919 4733 2116 4794 purgat
2146 4724 2215 4780 ab

621 4807 769 4862 ontui
819 4809 1048 4862 hutnore
1093 4810 1210 4864 vitii
1261 4812 1453 4877 noxio,
1495 4821 1552 4866 et
1598 4828 1696 4882 per
1744 4815 1858 4869 luec
1901 4816 2102 4870 indicat
2155 4830 2217 4871 se

622 4900 845 4954 fratrem
873 4898 1012 4969 ejus,
1046 4900 1170 4955 dum
1213 4902 1315 4972 piis
1357 4903 1570 4959 actibus
1607 4904 1784 4959 innuit
1823 4921 1880 4961 se
1914 4907 2022 4961 Dco
2046 4907 2215 4961 inlue-

626 5009 745 5049 rere
772 4991 1139 5061 germanitus;
1171 5001 1227 5047 et
1256 4994 1382 5062 quia
1409 5002 1493 5049 est
1521 4994 1787 5061 Rebeccar,
1827 4997 1879 5051 id
1902 5006 1987 5053 est
2011 4996 2218 5068 patien-

624 5086 731 5151 tia‘,
758 5085 920 5154 ﬁlius,
951 5083 1159 5138 scilicet
1186 5100 1249 5139 ex
1296 5084 1411 5155 ipsa
1449 5102 1513 5141 ac
1544 5087 1588 5141 si
1625 5102 1692 5142 ex
1726 5096 1901 5142 matre
1943 5088 2215 5157 praecipua

622 5176 879 5245 processit
914 5184 1094 5230 tantus
1123 5174 1371 5231 affectus.
1411 5175 1477 5230 At
1521 5176 1616 5230 illa
1658 5177 1914 5246 festinam
1955 5179 2218 5233 nuntiavit

621 5267 756 5333 patri
796 5283 911 5320 suo.
959 5266 1357 5337 Contemplatio
1393 5266 1560 5322 Jacob
1586 5269 1929 5337 praesentiam
1972 5270 2109 5339 patri
2140 5268 2218 5325 fc—

623 5356 764 5413 stina
798 5358 1032 5423 nuntiat,
1065 5375 1188 5414 cum
1235 5359 1430 5416 animi?
1475 5361 1697 5417 obedire
1740 5366 1980 5431 parantis
2010 5363 2218 5419 instan-

624 5449 750 5505 tiam
788 5465 885 5520 per
914 5451 1180 5505 evidentis
1226 5452 1417 5522 gratia:
1454 5452 1702 5509 effectum
1742 5452 1875 5518 Deo,
1913 5469 1944 5508 a
1998 5470 2105 5524 quo
2134 5465 2219 5511 est

621 5559 770 5598 omne
819 5544 1016 5597 donum
1066 5544 1353 5615 perfectum
1406 5547 1547 5617 (Jac.
1599 5564 1647 5611 t,
1698 5547 1823 5618 17),
1873 5546 2215 5603 manifestam

620 5644 1005 5705 acceptumque
1030 5637 1147 5692 sine
1173 5639 1469 5709 spiritualis
1508 5641 1611 5696 ulla
1647 5642 1908 5697 dilatione
1936 5645 2216 5712 augmenti

620 5729 875 5783 insinuat.
912 5728 1098 5796 (Vens.
1130 5730 1241 5802 l5.)
1276 5730 1381 5797 Qui
1419 5751 1539 5788 cum
1578 5735 1807 5791 audisset
1846 5734 2013 5790 Jacob
2044 5734 2217 5805 ﬁlium

620 5820 812 5875 sororis
864 5820 1076 5890 venisse,
1126 5824 1356 5879 cucurrit
1396 5826 1598 5881 obviam
1642 5827 1707 5883 ei.
1752 5827 2030 5894 Audirein
2062 5842 2218 5884 sacra

2319 4626 2467 4681 verbi
2496 4626 2691 4697 gratia,
2723 4634 2780 4680 ut
2801 4636 2885 4681 est
2923 4626 2989 4681 de
3018 4627 3265 4682 moribus
3301 4622 3566 4686 humanis,
3594 4621 3642 4669 el
3666 4608 3799 4703 Pais“?

2318 4737 2445 4774 num
2500 4734 2838 4789 quarumque
2888 4719 3119 4775 naturis.
3166 4719 3272 4774 Per
3319 4713 3520 4773 Rachel
3548 4698 3801 4798 εδρίειῇίῗξίῗ

2318 4827 2438 4882 qum
2466 4787 2884 4881 meCipua_Dei
2934 4810 3106 4881 fulget
3146 4812 3475 4883 cognitione,
3520 4810 3570 4857 et
3613 4787 3799 4883 veritatis,

2321 4880 2693 4972 falsitatisque
2722 4880 3036 4959 acutissima
3087 4880 3435 4960 discretione.
3476 4880 3803 4968 Scientiamf'“

2320 5001 2451 5057 tem,
2496 4971 2627 5062 quia
2680 4994 2732 5047 in
2782 4993 2906 5049 imis
2936 5002 3247 5053 exercetur.
3287 4992 3514 5065 plurima
3559 4971 3799 5065 0009‘“)?

2321 5083 2461 5139 volvi
2489 5084 2742 5155 caligine.
2789 5085 2910 5150 Lia,
2961 5085 3225 5141 laboriosa
3250 5104 3267 5151 ;
3297 5079 3519 5144 Rachel,
3547 5070 3660 5130 θυῖεν
3683 5052 3742 5112 νει

2319 5175 2449 5229 dens
2480 5150 2795 5246 principium
2823 5177 3044 5240 dicitur,
3071 5193 3193 5247 quae
3218 5174 3424 5249 singula
3448 5171 3548 5229 his,
3589 5166 3688 5253 ηυξ

2324 5268 2596 5333 misimus,
2652 5267 2879 5337 singulis
2926 5270 3063 5324 bene
3108 5270 3455 5325 conveniunt.
3506 5256 3624 5313 Nam
3666 5254 3708 5297 ¹¹¹
3733 5234 3796 5337 Ὗ
3868 5234 3877 5337 Ι

2319 5360 2639 5430 simplicitas
2665 5360 3022 5430 speculationi
3078 5370 3134 5415 et
3182 5358 3458 5433 sapientiae
3500 5331 3795 5457 uni‘lﬁm‘l‘:
3868 5331 3879 5457 ι

2322 5463 2488 5509 tenta:
2534 5454 2777 5509 concinit
2805 5469 2820 5519 ;
2854 5454 3203 5510 laboriositas
3233 5464 3288 5510 et
3338 5449 3535 5506 activa.
3567 5428 3792 5547 “rimi:

2318 5514 2874 5602 cuilibctvescientia:
2894 5546 3167 5615 congruit.
3203 5541 3405 5600 Rachel
3427 5536 3573 5591 etiatll

2318 5654 2441 5693 nem
2467 5637 2599 5702 Dei;
2626 5635 2722 5690 Lia
2750 5635 3060 5705 signiﬁcare
3088 5637 3233 5691 valet
3270 5630 3590 5727 dilectiottfll'
3610 5602 3785 5727 950:3:

2320 5732 2418 5787 has
2448 5729 2737 5786 utraslibet
2767 5728 3076 5794 dualitates,
3126 5744 3192 5784 ac
3242 5730 3286 5784 si
3333 5725 3460 5824 ditas

2323 5822 2375 5879 id
2399 5834 2483 5879 est
2532 5820 2781 5878 candoris
2819 5821 3009 5877 aeterni
3039 5789 3191 5876 antor
3250 5815 3433 5890 gignit.
3487 5798 3631 5864 Maior
3655 5789 3729 5845 di“
