  <div class='ocr_page' id='page_1' title='image "/cluster/home/n/w/nwhite01/storage/ocr_20150623/156/hvd.32044010683712/116.png"; bbox 0 0 3982 6360; ppageno 0'>
   <div class='ocr_carea' id='block_1_1' title="bbox 116 425 240 481">
    <p class='ocr_par' dir='ltr' id='par_1_1' title="bbox 116 425 240 481">
     <span class='ocr_line' id='line_1_1' title="bbox 116 425 240 481; baseline -0.008 0"><span class='ocrx_word' id='word_1_1' title='bbox 116 425 240 481; x_wconf 64' lang='lat'><strong>2‘25</strong></span> 
     </span>
    </p>
   </div>
   <div class='ocr_carea' id='block_1_2' title="bbox 1316 423 2434 485">
    <p class='ocr_par' dir='ltr' id='par_1_2' title="bbox 1316 423 2434 485">
     <span class='ocr_line' id='line_1_2' title="bbox 1316 423 2434 485; baseline -0.004 -3"><span class='ocrx_word' id='word_1_2' title='bbox 1316 427 1683 485; x_wconf 79' lang='lat' dir='ltr'><strong>MORALIUM</strong></span> <span class='ocrx_word' id='word_1_3' title='bbox 1723 425 1788 480; x_wconf 82' lang='lat' dir='ltr'><strong>IN</strong></span> <span class='ocrx_word' id='word_1_4' title='bbox 1818 424 2115 483; x_wconf 82' lang='lat' dir='ltr'><strong>GENESIN</strong></span> <span class='ocrx_word' id='word_1_5' title='bbox 2156 426 2280 481; x_wconf 86' lang='lat' dir='ltr'><strong>LIB.</strong></span> <span class='ocrx_word' id='word_1_6' title='bbox 2314 423 2434 482; x_wconf 72' lang='lat' dir='ltr'><strong>V&#39;lli.</strong></span> 
     </span>
    </p>
   </div>
   <div class='ocr_carea' id='block_1_3' title="bbox 3325 425 3434 477">
    <p class='ocr_par' dir='ltr' id='par_1_3' title="bbox 3325 425 3434 477">
     <span class='ocr_line' id='line_1_3' title="bbox 3325 425 3434 477; baseline -0.018 0"><span class='ocrx_word' id='word_1_7' title='bbox 3325 425 3434 477; x_wconf 65' lang='grc'><strong>222</strong></span> 
     </span>
    </p>
   </div>
   <div class='ocr_carea' id='block_1_4' title="bbox 120 539 3430 620">
    <p class='ocr_par' dir='ltr' id='par_1_4' title="bbox 120 539 3430 620">
     <span class='ocr_line' id='line_1_4' title="bbox 120 539 3430 620; baseline -0.001 -25"><span class='ocrx_word' id='word_1_8' title='bbox 120 541 262 607; x_wconf 83' lang='lat' dir='ltr'><strong>Lia,</strong></span> <span class='ocrx_word' id='word_1_9' title='bbox 299 555 472 611; x_wconf 90' lang='lat' dir='ltr'><strong>quam</strong></span> <span class='ocrx_word' id='word_1_10' title='bbox 506 555 729 601; x_wconf 57' lang='lat' dir='ltr'><strong>necesse</strong></span> <span class='ocrx_word' id='word_1_11' title='bbox 750 552 833 600; x_wconf 90' lang='lat' dir='ltr'><strong>est</strong></span> <span class='ocrx_word' id='word_1_12' title='bbox 865 542 1099 616; x_wconf 92' lang='lat' dir='ltr'><strong>primum</strong></span> <span class='ocrx_word' id='word_1_13' title='bbox 1136 547 1403 611; x_wconf 79' lang='lat' dir='ltr'><strong>exerceri,</strong></span> <span class='ocrx_word' id='word_1_14' title='bbox 1460 556 1519 601; x_wconf 92' lang='lat' dir='ltr'><strong>ut</strong></span> <span class='ocrx_word' id='word_1_15' title='bbox 1553 548 1618 602; x_wconf 89' lang='lat' dir='ltr'><strong>ad</strong></span> <span class='ocrx_word' id='word_1_16' title='bbox 1650 565 1738 605; x_wconf 90' lang='lat' dir='ltr'><strong>se-</strong></span> <span class='ocrx_word' id='word_1_17' title='bbox 1767 561 1815 620; x_wconf 74' lang='grc' dir='ltr'><strong>Α</strong></span> <span class='ocrx_word' id='word_1_18' title='bbox 1850 548 2138 617; x_wconf 89' lang='lat' dir='ltr'><strong>reperitur,</strong></span> <span class='ocrx_word' id='word_1_19' title='bbox 2172 546 2435 600; x_wconf 76' lang='lat' dir='ltr'><strong>adversus</strong></span> <span class='ocrx_word' id='word_1_20' title='bbox 2476 560 2597 599; x_wconf 84' lang='lat' dir='ltr'><strong>eam</strong></span> <span class='ocrx_word' id='word_1_21' title='bbox 2652 559 2813 616; x_wconf 88' lang='lat' dir='ltr'><strong>quam</strong></span> <span class='ocrx_word' id='word_1_22' title='bbox 2858 544 3088 614; x_wconf 85' lang='lat' dir='ltr'><strong>optabat</strong></span> <span class='ocrx_word' id='word_1_23' title='bbox 3111 539 3311 613; x_wconf 75' lang='lat' dir='ltr'><strong>quietis</strong></span> <span class='ocrx_word' id='word_1_24' title='bbox 3354 540 3430 592; x_wconf 89' lang='lat' dir='ltr'><strong>in-</strong></span> 
     </span>
    </p>
   </div>
   <div class='ocr_carea' id='block_1_5' title="bbox 118 633 954 707">
    <p class='ocr_par' dir='ltr' id='par_1_5' title="bbox 118 633 954 707">
     <span class='ocr_line' id='line_1_5' title="bbox 118 633 954 707; baseline 0.011 -25"><span class='ocrx_word' id='word_1_25' title='bbox 118 633 375 701; x_wconf 90' lang='lat' dir='ltr'><strong>quentis</strong></span> <span class='ocrx_word' id='word_1_26' title='bbox 406 637 650 707; x_wconf 76' lang='lat' dir='ltr'><strong>speciem</strong></span> <span class='ocrx_word' id='word_1_27' title='bbox 678 638 954 692; x_wconf 90' lang='lat' dir='ltr'><strong>veniatur.</strong></span> 
     </span>
    </p>
   </div>
   <div class='ocr_carea' id='block_1_6' title="bbox 212 723 1745 802">
    <p class='ocr_par' dir='ltr' id='par_1_6' title="bbox 212 723 1745 802">
     <span class='ocr_line' id='line_1_6' title="bbox 212 723 1745 802; baseline 0.007 -25"><span class='ocrx_word' id='word_1_28' title='bbox 212 723 404 787; x_wconf 66' lang='lat' dir='ltr'><strong>Vens.</strong></span> <span class='ocrx_word' id='word_1_29' title='bbox 435 729 520 793; x_wconf 82' lang='grc'><strong>18,</strong></span> <span class='ocrx_word' id='word_1_30' title='bbox 553 731 639 786; x_wconf 83' lang='lat' dir='ltr'><strong>i9.</strong></span> <span class='ocrx_word' id='word_1_31' title='bbox 667 761 737 770; x_wconf 90' lang='lat'>—</span> <span class='ocrx_word' id='word_1_32' title='bbox 761 729 959 784; x_wconf 78' lang='lat' dir='ltr'><strong><em>Rachel</em></strong></span> <span class='ocrx_word' id='word_1_33' title='bbox 1003 746 1123 802; x_wconf 85' lang='lat' dir='ltr'><strong>ergo</strong></span> <span class='ocrx_word' id='word_1_34' title='bbox 1167 731 1388 802; x_wconf 78' lang='lat' dir='ltr'><strong>diligens</strong></span> <span class='ocrx_word' id='word_1_35' title='bbox 1416 730 1602 799; x_wconf 79' lang='lat' dir='ltr'><strong>Iacob,</strong></span> <span class='ocrx_word' id='word_1_36' title='bbox 1638 751 1745 788; x_wconf 81' lang='lat' dir='ltr'><strong>ser-</strong></span> 
     </span>
    </p>
   </div>
   <div class='ocr_carea' id='block_1_7' title="bbox 122 817 1745 893">
    <p class='ocr_par' dir='ltr' id='par_1_7' title="bbox 122 817 1745 893">
     <span class='ocr_line' id='line_1_7' title="bbox 122 817 1745 893; baseline 0.007 -24"><span class='ocrx_word' id='word_1_37' title='bbox 122 817 309 878; x_wconf 66' lang='lat' dir='ltr'><strong>viam.</strong></span> <span class='ocrx_word' id='word_1_38' title='bbox 351 819 554 891; x_wconf 90' lang='lat' dir='ltr'><strong>inquit,</strong></span> <span class='ocrx_word' id='word_1_39' title='bbox 596 822 689 875; x_wconf 89' lang='lat' dir='ltr'><strong>tibi</strong></span> <span class='ocrx_word' id='word_1_40' title='bbox 708 838 810 892; x_wconf 87' lang='lat' dir='ltr'><strong>pro</strong></span> <span class='ocrx_word' id='word_1_41' title='bbox 861 820 1055 876; x_wconf 82' lang='lat' dir='ltr'><strong><em>Rachel</em></strong></span> <span class='ocrx_word' id='word_1_42' title='bbox 1096 833 1290 893; x_wconf 90' lang='lat' dir='ltr'><strong>septem</strong></span> <span class='ocrx_word' id='word_1_43' title='bbox 1332 824 1507 879; x_wconf 86' lang='lat' dir='ltr'><strong>annis.</strong></span> <span class='ocrx_word' id='word_1_44' title='bbox 1554 823 1745 881; x_wconf 83' lang='lat' dir='ltr'><strong>Melius</strong></span> 
     </span>
    </p>
   </div>
   <div class='ocr_carea' id='block_1_8' title="bbox 121 909 1743 984">
    <p class='ocr_par' dir='ltr' id='par_1_8' title="bbox 121 909 1743 984">
     <span class='ocr_line' id='line_1_8' title="bbox 121 909 1743 984; baseline 0.009 -27"><span class='ocrx_word' id='word_1_45' title='bbox 121 918 244 974; x_wconf 75' lang='lat' dir='ltr'><strong>est,</strong></span> <span class='ocrx_word' id='word_1_46' title='bbox 272 911 352 964; x_wconf 89' lang='lat' dir='ltr'><strong>ait</strong></span> <span class='ocrx_word' id='word_1_47' title='bbox 385 909 594 978; x_wconf 88' lang='lat' dir='ltr'><strong>Laban,</strong></span> <span class='ocrx_word' id='word_1_48' title='bbox 616 921 673 966; x_wconf 86' lang='lat' dir='ltr'><strong>ut</strong></span> <span class='ocrx_word' id='word_1_49' title='bbox 697 912 789 965; x_wconf 91' lang='lat' dir='ltr'><strong>tibi</strong></span> <span class='ocrx_word' id='word_1_50' title='bbox 815 928 928 966; x_wconf 90' lang='lat' dir='ltr'><strong>eam</strong></span> <span class='ocrx_word' id='word_1_51' title='bbox 952 913 1092 979; x_wconf 89' lang='lat' dir='ltr'><strong>dem,</strong></span> <span class='ocrx_word' id='word_1_52' title='bbox 1115 930 1271 984; x_wconf 89' lang='lat' dir='ltr'><strong>quam</strong></span> <span class='ocrx_word' id='word_1_53' title='bbox 1295 914 1403 969; x_wconf 89' lang='lat' dir='ltr'><strong>viro</strong></span> <span class='ocrx_word' id='word_1_54' title='bbox 1432 916 1603 970; x_wconf 86' lang='lat' dir='ltr'><strong>alteri.</strong></span> <span class='ocrx_word' id='word_1_55' title='bbox 1634 915 1743 971; x_wconf 81' lang='lat' dir='ltr'><strong>Ra-</strong></span> 
     </span>
    </p>
   </div>
   <div class='ocr_carea' id='block_1_9' title="bbox 131 1003 1741 1082">
    <p class='ocr_par' dir='ltr' id='par_1_9' title="bbox 131 1003 1741 1082">
     <span class='ocr_line' id='line_1_9' title="bbox 131 1003 1741 1082; baseline 0.006 -27"><span class='ocrx_word' id='word_1_56' title='bbox 131 1003 260 1058; x_wconf 83' lang='lat' dir='ltr'><strong>chel</strong></span> <span class='ocrx_word' id='word_1_57' title='bbox 312 1021 451 1076; x_wconf 81' lang='lat' dir='ltr'><strong>ergo</strong></span> <span class='ocrx_word' id='word_1_58' title='bbox 485 1005 650 1060; x_wconf 83' lang='lat' dir='ltr'><strong>Jacob</strong></span> <span class='ocrx_word' id='word_1_59' title='bbox 678 1006 872 1077; x_wconf 87' lang='lat' dir='ltr'><strong>diligit,</strong></span> <span class='ocrx_word' id='word_1_60' title='bbox 902 1022 1024 1062; x_wconf 90' lang='lat' dir='ltr'><strong>cum</strong></span> <span class='ocrx_word' id='word_1_61' title='bbox 1053 1008 1497 1077; x_wconf 75' lang='lat' dir='ltr'><strong>speculationem,</strong></span> <span class='ocrx_word' id='word_1_62' title='bbox 1550 1010 1603 1064; x_wconf 92' lang='lat' dir='ltr'><strong>in</strong></span> <span class='ocrx_word' id='word_1_63' title='bbox 1635 1026 1741 1082; x_wconf 89' lang='lat' dir='ltr'><strong>qua</strong></span> 
     </span>
    </p>
   </div>
   <div class='ocr_carea' id='block_1_10' title="bbox 134 1098 1741 1175">
    <p class='ocr_par' dir='ltr' id='par_1_10' title="bbox 134 1098 1741 1175">
     <span class='ocr_line' id='line_1_10' title="bbox 134 1098 1741 1175; baseline 0.007 -28"><span class='ocrx_word' id='word_1_64' title='bbox 134 1098 404 1164; x_wconf 86' lang='lat' dir='ltr'><strong>pacatius</strong></span> <span class='ocrx_word' id='word_1_65' title='bbox 433 1100 654 1165; x_wconf 90' lang='lat' dir='ltr'><strong>vivitur,</strong></span> <span class='ocrx_word' id='word_1_66' title='bbox 699 1100 915 1155; x_wconf 89' lang='lat' dir='ltr'><strong>animus</strong></span> <span class='ocrx_word' id='word_1_67' title='bbox 939 1102 1108 1171; x_wconf 76' lang='lat' dir='ltr'><strong>magis</strong></span> <span class='ocrx_word' id='word_1_68' title='bbox 1139 1103 1345 1171; x_wconf 89' lang='lat' dir='ltr'><strong>appetit</strong></span> <span class='ocrx_word' id='word_1_69' title='bbox 1376 1120 1389 1157; x_wconf 87' lang='lat'><strong>:</strong></span> <span class='ocrx_word' id='word_1_70' title='bbox 1423 1113 1616 1172; x_wconf 90' lang='lat' dir='ltr'><strong>septem</strong></span> <span class='ocrx_word' id='word_1_71' title='bbox 1643 1121 1741 1175; x_wconf 90' lang='lat' dir='ltr'><strong>pro</strong></span> 
     </span>
    </p>
   </div>
   <div class='ocr_carea' id='block_1_11' title="bbox 68 1190 1741 1265">
    <p class='ocr_par' dir='ltr' id='par_1_11' title="bbox 68 1190 1741 1265">
     <span class='ocr_line' id='line_1_11' title="bbox 68 1190 1741 1265; baseline 0.005 -24"><span class='ocrx_word' id='word_1_72' title='bbox 68 1244 69 1253; x_wconf 18' lang='grc' dir='ltr'>γ</span> <span class='ocrx_word' id='word_1_73' title='bbox 132 1203 205 1242; x_wconf 86' lang='lat' dir='ltr'><strong>ea</strong></span> <span class='ocrx_word' id='word_1_74' title='bbox 250 1192 415 1244; x_wconf 83' lang='lat' dir='ltr'><strong>annis</strong></span> <span class='ocrx_word' id='word_1_75' title='bbox 475 1191 662 1256; x_wconf 88' lang='lat' dir='ltr'><strong>servit,</strong></span> <span class='ocrx_word' id='word_1_76' title='bbox 699 1190 826 1245; x_wconf 90' lang='lat' dir='ltr'><strong>dum</strong></span> <span class='ocrx_word' id='word_1_77' title='bbox 863 1190 1265 1245; x_wconf 82' lang='lat' dir='ltr'><strong>universitatem</strong></span> <span class='ocrx_word' id='word_1_78' title='bbox 1298 1194 1567 1262; x_wconf 86' lang='lat' dir='ltr'><strong>corporis,</strong></span> <span class='ocrx_word' id='word_1_79' title='bbox 1596 1194 1741 1265; x_wconf 89' lang='lat' dir='ltr'><strong>quod</strong></span> 
     </span>
    </p>
   </div>
   <div class='ocr_carea' id='block_1_12' title="bbox 66 1282 1736 1359">
    <p class='ocr_par' dir='ltr' id='par_1_12' title="bbox 66 1282 1736 1359">
     <span class='ocr_line' id='line_1_12' title="bbox 66 1282 1736 1359; baseline 0.008 -30"><span class='ocrx_word' id='word_1_80' title='bbox 66 1318 67 1329; x_wconf 34' lang='grc' dir='ltr'>χ</span> <span class='ocrx_word' id='word_1_81' title='bbox 137 1292 391 1349; x_wconf 78' lang='lat' dir='ltr'><strong>quatuor</strong></span> <span class='ocrx_word' id='word_1_82' title='bbox 421 1282 706 1338; x_wconf 90' lang='lat' dir='ltr'><strong>elementis</strong></span> <span class='ocrx_word' id='word_1_83' title='bbox 762 1293 994 1350; x_wconf 84' lang='lat' dir='ltr'><strong>constat,</strong></span> <span class='ocrx_word' id='word_1_84' title='bbox 1030 1294 1086 1337; x_wconf 91' lang='lat' dir='ltr'><strong>et</strong></span> <span class='ocrx_word' id='word_1_85' title='bbox 1121 1283 1317 1339; x_wconf 68' lang='lat' dir='ltr'><strong>anima:</strong></span> <span class='ocrx_word' id='word_1_86' title='bbox 1376 1301 1497 1359; x_wconf 76' lang='lat' dir='ltr'><strong>qua:</strong></span> <span class='ocrx_word' id='word_1_87' title='bbox 1543 1288 1736 1354; x_wconf 90' lang='lat' dir='ltr'><strong>tribus,</strong></span> 
     </span>
    </p>
   </div>
   <div class='ocr_carea' id='block_1_13' title="bbox 64 1371 1735 1449">
    <p class='ocr_par' dir='ltr' id='par_1_13' title="bbox 64 1371 1735 1449">
     <span class='ocr_line' id='line_1_13' title="bbox 64 1371 1735 1449; baseline 0.008 -27"><span class='ocrx_word' id='word_1_88' title='bbox 64 1414 65 1441; x_wconf 23' lang='grc' dir='ltr'>ξ</span> <span class='ocrx_word' id='word_1_89' title='bbox 140 1371 434 1427; x_wconf 77' lang='lat' dir='ltr'><strong>intellectu</strong></span> <span class='ocrx_word' id='word_1_90' title='bbox 457 1373 681 1438; x_wconf 88' lang='lat' dir='ltr'><strong>scilicet,</strong></span> <span class='ocrx_word' id='word_1_91' title='bbox 722 1376 981 1429; x_wconf 84' lang='lat' dir='ltr'><strong>memoria</strong></span> <span class='ocrx_word' id='word_1_92' title='bbox 1010 1383 1062 1428; x_wconf 84' lang='lat' dir='ltr'><strong>et</strong></span> <span class='ocrx_word' id='word_1_93' title='bbox 1091 1375 1371 1432; x_wconf 80' lang='lat' dir='ltr'><strong>voluntate</strong></span> <span class='ocrx_word' id='word_1_94' title='bbox 1402 1380 1735 1449; x_wconf 74' lang='lat' dir='ltr'><strong>praeeminet,</strong></span> 
     </span>
    </p>
   </div>
   <div class='ocr_carea' id='block_1_14' title="bbox 144 1463 1737 1543">
    <p class='ocr_par' dir='ltr' id='par_1_14' title="bbox 144 1463 1737 1543">
     <span class='ocr_line' id='line_1_14' title="bbox 144 1463 1737 1543; baseline 0.008 -27"><span class='ocrx_word' id='word_1_95' title='bbox 144 1476 251 1533; x_wconf 79' lang='lat' dir='ltr'><strong>pro</strong></span> <span class='ocrx_word' id='word_1_96' title='bbox 303 1463 518 1519; x_wconf 85' lang='lat' dir='ltr'><strong>interna</strong></span> <span class='ocrx_word' id='word_1_97' title='bbox 566 1468 857 1519; x_wconf 90' lang='lat' dir='ltr'><strong>emerenda</strong></span> <span class='ocrx_word' id='word_1_98' title='bbox 918 1467 1126 1522; x_wconf 75' lang='lat' dir='ltr'><strong>visione</strong></span> <span class='ocrx_word' id='word_1_99' title='bbox 1178 1468 1461 1539; x_wconf 81' lang='lat' dir='ltr'><strong>impendit.</strong></span> <span class='ocrx_word' id='word_1_100' title='bbox 1517 1470 1737 1543; x_wconf 83' lang='lat' dir='ltr'><strong>Septem</strong></span> 
     </span>
    </p>
   </div>
   <div class='ocr_carea' id='block_1_15' title="bbox 60 1558 1734 1633">
    <p class='ocr_par' dir='ltr' id='par_1_15' title="bbox 60 1558 1734 1633">
     <span class='ocr_line' id='line_1_15' title="bbox 60 1558 1734 1633; baseline 0.01 -26"><span class='ocrx_word' id='word_1_101' title='bbox 60 1596 65 1629; x_wconf 55' lang='grc' dir='ltr'><strong><em>ε</em></strong></span> <span class='ocrx_word' id='word_1_102' title='bbox 138 1568 277 1625; x_wconf 81' lang='lat' dir='ltr'><strong>ergo</strong></span> <span class='ocrx_word' id='word_1_103' title='bbox 306 1558 466 1613; x_wconf 88' lang='lat' dir='ltr'><strong>annis</strong></span> <span class='ocrx_word' id='word_1_104' title='bbox 505 1560 693 1626; x_wconf 90' lang='lat' dir='ltr'><strong>servit,</strong></span> <span class='ocrx_word' id='word_1_105' title='bbox 736 1561 827 1631; x_wconf 88' lang='lat' dir='ltr'><strong>qui</strong></span> <span class='ocrx_word' id='word_1_106' title='bbox 863 1563 1130 1633; x_wconf 87' lang='lat' dir='ltr'><strong>corporis,</strong></span> <span class='ocrx_word' id='word_1_107' title='bbox 1167 1573 1221 1618; x_wconf 85' lang='lat' dir='ltr'><strong>et</strong></span> <span class='ocrx_word' id='word_1_108' title='bbox 1260 1565 1476 1633; x_wconf 68' lang='lat' dir='ltr'><strong>animae,</strong></span> <span class='ocrx_word' id='word_1_109' title='bbox 1509 1577 1566 1622; x_wconf 91' lang='lat' dir='ltr'><strong>ut</strong></span> <span class='ocrx_word' id='word_1_110' title='bbox 1595 1568 1734 1623; x_wconf 79' lang='lat' dir='ltr'><strong>dixi-</strong></span> 
     </span>
    </p>
   </div>
   <div class='ocr_carea' id='block_1_16' title="bbox 58 1652 1733 1731">
    <p class='ocr_par' dir='ltr' id='par_1_16' title="bbox 58 1652 1733 1731">
     <span class='ocr_line' id='line_1_16' title="bbox 58 1652 1733 1731; baseline 0.007 -29"><span class='ocrx_word' id='word_1_111' title='bbox 58 1708 61 1717; x_wconf 35' lang='grc' dir='ltr'>ι</span> <span class='ocrx_word' id='word_1_112' title='bbox 136 1662 292 1716; x_wconf 81' lang='lat' dir='ltr'><strong>Inus,</strong></span> <span class='ocrx_word' id='word_1_113' title='bbox 328 1652 722 1720; x_wconf 90' lang='lat' dir='ltr'><strong>septenarium,</strong></span> <span class='ocrx_word' id='word_1_114' title='bbox 756 1655 934 1721; x_wconf 90' lang='lat' dir='ltr'><strong>annis,</strong></span> <span class='ocrx_word' id='word_1_115' title='bbox 966 1656 1018 1710; x_wconf 91' lang='lat' dir='ltr'><strong>id</strong></span> <span class='ocrx_word' id='word_1_116' title='bbox 1043 1667 1129 1711; x_wconf 90' lang='lat' dir='ltr'><strong>est</strong></span> <span class='ocrx_word' id='word_1_117' title='bbox 1167 1657 1428 1712; x_wconf 88' lang='lat' dir='ltr'><strong>virtutum</strong></span> <span class='ocrx_word' id='word_1_118' title='bbox 1478 1667 1733 1731; x_wconf 83' lang='lat' dir='ltr'><strong>tanquam</strong></span> 
     </span>
    </p>
   </div>
   <div class='ocr_carea' id='block_1_17' title="bbox 56 1738 1737 1823">
    <p class='ocr_par' dir='ltr' id='par_1_17' title="bbox 56 1738 1737 1823">
     <span class='ocr_line' id='line_1_17' title="bbox 56 1738 1737 1823; baseline 0.01 -31"><span class='ocrx_word' id='word_1_119' title='bbox 56 1788 59 1817; x_wconf 18' lang='grc' dir='ltr'>ᾖ</span> <span class='ocrx_word' id='word_1_120' title='bbox 135 1738 360 1794; x_wconf 88' lang='lat' dir='ltr'><strong>dierum</strong></span> <span class='ocrx_word' id='word_1_121' title='bbox 424 1741 852 1812; x_wconf 88' lang='lat' dir='ltr'><strong>plenitudinibus</strong></span> <span class='ocrx_word' id='word_1_122' title='bbox 892 1747 1119 1803; x_wconf 89' lang='lat' dir='ltr'><strong>addicit.</strong></span> <span class='ocrx_word' id='word_1_123' title='bbox 1154 1748 1350 1805; x_wconf 81' lang='lat' dir='ltr'><strong>Melius</strong></span> <span class='ocrx_word' id='word_1_124' title='bbox 1406 1762 1500 1815; x_wconf 86' lang='lat' dir='ltr'><strong>est,</strong></span> <span class='ocrx_word' id='word_1_125' title='bbox 1560 1752 1737 1823; x_wconf 89' lang='lat' dir='ltr'><strong>inquit</strong></span> 
     </span>
    </p>
   </div>
   <div class='ocr_carea' id='block_1_18' title="bbox 134 1828 1729 1904">
    <p class='ocr_par' dir='ltr' id='par_1_18' title="bbox 134 1828 1729 1904">
     <span class='ocr_line' id='line_1_18' title="bbox 134 1828 1729 1904; baseline 0.009 -21"><span class='ocrx_word' id='word_1_126' title='bbox 134 1828 400 1885; x_wconf 84' lang='lat' dir='ltr'><strong>desiderii</strong></span> <span class='ocrx_word' id='word_1_127' title='bbox 426 1831 665 1889; x_wconf 75' lang='lat' dir='ltr'><strong>cmlestis</strong></span> <span class='ocrx_word' id='word_1_128' title='bbox 691 1832 939 1904; x_wconf 84' lang='lat' dir='ltr'><strong>eﬂ&#39;ectus,</strong></span> <span class='ocrx_word' id='word_1_129' title='bbox 963 1847 1016 1891; x_wconf 92' lang='lat' dir='ltr'><strong>ut</strong></span> <span class='ocrx_word' id='word_1_130' title='bbox 1049 1838 1143 1891; x_wconf 86' lang='lat' dir='ltr'><strong>tibi</strong></span> <span class='ocrx_word' id='word_1_131' title='bbox 1172 1838 1370 1896; x_wconf 67' lang='lat' dir='ltr'><strong>divina:</strong></span> <span class='ocrx_word' id='word_1_132' title='bbox 1394 1850 1729 1899; x_wconf 83' lang='lat' dir='ltr'><strong>venustatem</strong></span> 
     </span>
    </p>
   </div>
   <div class='ocr_carea' id='block_1_19' title="bbox 1852 630 3429 707">
    <p class='ocr_par' dir='ltr' id='par_1_19' title="bbox 1852 630 3429 707">
     <span class='ocr_line' id='line_1_19' title="bbox 1852 630 3429 707; baseline -0.007 -15"><span class='ocrx_word' id='word_1_133' title='bbox 1852 647 2019 693; x_wconf 76' lang='lat' dir='ltr'><strong>terna)</strong></span> <span class='ocrx_word' id='word_1_134' title='bbox 2064 636 2317 707; x_wconf 77' lang='lat' dir='ltr'><strong>gratiam,</strong></span> <span class='ocrx_word' id='word_1_135' title='bbox 2369 650 2433 689; x_wconf 90' lang='lat' dir='ltr'><strong>ac</strong></span> <span class='ocrx_word' id='word_1_136' title='bbox 2478 635 2523 689; x_wconf 89' lang='lat' dir='ltr'><strong>si</strong></span> <span class='ocrx_word' id='word_1_137' title='bbox 2578 644 2766 690; x_wconf 89' lang='lat' dir='ltr'><strong>contra</strong></span> <span class='ocrx_word' id='word_1_138' title='bbox 2818 634 3000 688; x_wconf 89' lang='lat' dir='ltr'><strong>Laban</strong></span> <span class='ocrx_word' id='word_1_139' title='bbox 3054 630 3429 699; x_wconf 89' lang='lat' dir='ltr'><strong>conqueritur.</strong></span> 
     </span>
    </p>
   </div>
   <div class='ocr_carea' id='block_1_20' title="bbox 1850 708 3431 798">
    <p class='ocr_par' dir='ltr' id='par_1_20' title="bbox 1850 708 3431 798">
     <span class='ocr_line' id='line_1_20' title="bbox 1850 708 3431 798; baseline -0.006 -16"><span class='ocrx_word' id='word_1_140' title='bbox 1850 726 2084 798; x_wconf 79' lang='lat' dir='ltr'><strong>Speciei,</strong></span> <span class='ocrx_word' id='word_1_141' title='bbox 2124 708 2324 794; x_wconf 84' lang='lat' dir='ltr'><strong>inquit,</strong></span> <span class='ocrx_word' id='word_1_142' title='bbox 2362 724 2569 779; x_wconf 66' lang='lat' dir='ltr'><strong>intimm</strong></span> <span class='ocrx_word' id='word_1_143' title='bbox 2599 726 2911 795; x_wconf 66' lang='lat' dir='ltr'><strong>qumrebam</strong></span> <span class='ocrx_word' id='word_1_144' title='bbox 2947 730 3304 787; x_wconf 86' lang='lat' dir='ltr'><strong>venustatem,</strong></span> <span class='ocrx_word' id='word_1_145' title='bbox 3331 735 3431 775; x_wconf 86' lang='lat' dir='ltr'><strong>cur</strong></span> 
     </span>
    </p>
   </div>
   <div class='ocr_carea' id='block_1_21' title="bbox 1851 813 3451 888">
    <p class='ocr_par' dir='ltr' id='par_1_21' title="bbox 1851 813 3451 888">
     <span class='ocr_line' id='line_1_21' title="bbox 1851 813 3451 888; baseline -0.005 -15"><span class='ocrx_word' id='word_1_146' title='bbox 1851 828 1927 874; x_wconf 92' lang='lat' dir='ltr'><strong>tot</strong></span> <span class='ocrx_word' id='word_1_147' title='bbox 1954 817 2291 888; x_wconf 82' lang='lat' dir='ltr'><strong>negotiorum</strong></span> <span class='ocrx_word' id='word_1_148' title='bbox 2323 813 2494 870; x_wconf 82' lang='lat' dir='ltr'><strong>reﬂuo</strong></span> <span class='ocrx_word' id='word_1_149' title='bbox 2516 816 2567 869; x_wconf 92' lang='lat' dir='ltr'><strong>in</strong></span> <span class='ocrx_word' id='word_1_150' title='bbox 2619 816 2857 871; x_wconf 81' lang='lat' dir='ltr'><strong>laborem</strong></span> <span class='ocrx_word' id='word_1_151' title='bbox 2885 817 2908 869; x_wconf 89' lang='lat'><strong>?</strong></span> <span class='ocrx_word' id='word_1_152' title='bbox 2938 814 3058 869; x_wconf 83' lang='lat' dir='ltr'><strong>Non</strong></span> <span class='ocrx_word' id='word_1_153' title='bbox 3083 824 3175 879; x_wconf 89' lang='lat' dir='ltr'><strong>est,</strong></span> <span class='ocrx_word' id='word_1_154' title='bbox 3218 813 3294 867; x_wconf 85' lang='lat' dir='ltr'><strong>ait</strong></span> <span class='ocrx_word' id='word_1_155' title='bbox 3333 827 3451 865; x_wconf 48' lang='lat' dir='ltr'><strong>raw</strong></span> 
     </span>
    </p>
   </div>
   <div class='ocr_carea' id='block_1_22' title="bbox 1848 905 3430 989">
    <p class='ocr_par' dir='ltr' id='par_1_22' title="bbox 1848 905 3430 989">
     <span class='ocr_line' id='line_1_22' title="bbox 1848 905 3430 989; baseline -0.004 -22"><span class='ocrx_word' id='word_1_156' title='bbox 1848 910 2127 967; x_wconf 87' lang='lat' dir='ltr'><strong>tiocinatio</strong></span> <span class='ocrx_word' id='word_1_157' title='bbox 2160 909 2296 964; x_wconf 89' lang='lat' dir='ltr'><strong>lucis</strong></span> <span class='ocrx_word' id='word_1_158' title='bbox 2320 908 2571 974; x_wconf 65' lang='lat' dir='ltr'><strong>internae,</strong></span> <span class='ocrx_word' id='word_1_159' title='bbox 2602 909 2994 989; x_wconf 70' lang='lat' dir='ltr'><strong>consuetudinis</strong></span> <span class='ocrx_word' id='word_1_160' title='bbox 3021 907 3159 976; x_wconf 88' lang='lat' dir='ltr'><strong>apud</strong></span> <span class='ocrx_word' id='word_1_161' title='bbox 3210 921 3302 961; x_wconf 92' lang='lat' dir='ltr'><strong>eos</strong></span> <span class='ocrx_word' id='word_1_162' title='bbox 3335 905 3430 975; x_wconf 77' lang='lat' dir='ltr'><strong>qui</strong></span> 
     </span>
    </p>
   </div>
   <div class='ocr_carea' id='block_1_23' title="bbox 1846 998 3430 1072">
    <p class='ocr_par' dir='ltr' id='par_1_23' title="bbox 1846 998 3430 1072">
     <span class='ocr_line' id='line_1_23' title="bbox 1846 998 3430 1072; baseline -0.004 -15"><span class='ocrx_word' id='word_1_163' title='bbox 1846 1004 2094 1059; x_wconf 88' lang='lat' dir='ltr'><strong>localiter</strong></span> <span class='ocrx_word' id='word_1_164' title='bbox 2131 1000 2509 1072; x_wconf 90' lang='lat' dir='ltr'><strong>stabiliterque</strong></span> <span class='ocrx_word' id='word_1_165' title='bbox 2532 998 2687 1069; x_wconf 82' lang='lat' dir='ltr'><strong>juxta</strong></span> <span class='ocrx_word' id='word_1_166' title='bbox 2722 999 2845 1069; x_wconf 85' lang='lat' dir='ltr'><strong>jura</strong></span> <span class='ocrx_word' id='word_1_167' title='bbox 2869 1010 3051 1056; x_wconf 90' lang='lat' dir='ltr'><strong>nostra</strong></span> <span class='ocrx_word' id='word_1_168' title='bbox 3078 1001 3260 1055; x_wconf 82' lang='lat' dir='ltr'><strong>vivere</strong></span> <span class='ocrx_word' id='word_1_169' title='bbox 3298 998 3430 1053; x_wconf 88' lang='lat' dir='ltr'><strong>deli-</strong></span> 
     </span>
    </p>
   </div>
   <div class='ocr_carea' id='block_1_24' title="bbox 1843 1092 3427 1165">
    <p class='ocr_par' dir='ltr' id='par_1_24' title="bbox 1843 1092 3427 1165">
     <span class='ocr_line' id='line_1_24' title="bbox 1843 1092 3427 1165; baseline -0.004 -13"><span class='ocrx_word' id='word_1_170' title='bbox 1843 1097 2058 1162; x_wconf 87' lang='lat' dir='ltr'><strong>berant,</strong></span> <span class='ocrx_word' id='word_1_171' title='bbox 2094 1106 2150 1149; x_wconf 92' lang='lat' dir='ltr'><strong>ut</strong></span> <span class='ocrx_word' id='word_1_172' title='bbox 2173 1095 2398 1149; x_wconf 80' lang='lat' dir='ltr'><strong>minores</strong></span> <span class='ocrx_word' id='word_1_173' title='bbox 2448 1104 2571 1149; x_wconf 89' lang='lat' dir='ltr'><strong>ante</strong></span> <span class='ocrx_word' id='word_1_174' title='bbox 2597 1094 2870 1148; x_wconf 72' lang='lat' dir='ltr'><strong>tradamus</strong></span> <span class='ocrx_word' id='word_1_175' title='bbox 2897 1094 2965 1147; x_wconf 86' lang='lat' dir='ltr'><strong>ad</strong></span> <span class='ocrx_word' id='word_1_176' title='bbox 3009 1095 3240 1165; x_wconf 89' lang='lat' dir='ltr'><strong>nuptias,</strong></span> <span class='ocrx_word' id='word_1_177' title='bbox 3268 1092 3320 1148; x_wconf 89' lang='lat' dir='ltr'><strong>id</strong></span> <span class='ocrx_word' id='word_1_178' title='bbox 3345 1102 3427 1147; x_wconf 88' lang='lat' dir='ltr'><strong>est</strong></span> 
     </span>
    </p>
   </div>
   <div class='ocr_carea' id='block_1_25' title="bbox 1842 1184 3425 1256">
    <p class='ocr_par' dir='ltr' id='par_1_25' title="bbox 1842 1184 3425 1256">
     <span class='ocr_line' id='line_1_25' title="bbox 1842 1184 3425 1256; baseline -0.003 -14"><span class='ocrx_word' id='word_1_179' title='bbox 1842 1197 1902 1242; x_wconf 92' lang='lat' dir='ltr'><strong>ut</strong></span> <span class='ocrx_word' id='word_1_180' title='bbox 1929 1187 2222 1241; x_wconf 86' lang='lat' dir='ltr'><strong>virtutibus</strong></span> <span class='ocrx_word' id='word_1_181' title='bbox 2274 1185 2545 1255; x_wconf 89' lang='lat' dir='ltr'><strong>quispiam</strong></span> <span class='ocrx_word' id='word_1_182' title='bbox 2599 1184 2900 1256; x_wconf 89' lang='lat' dir='ltr'><strong>copuletur,</strong></span> <span class='ocrx_word' id='word_1_183' title='bbox 2949 1184 3120 1239; x_wconf 83' lang='lat' dir='ltr'><strong>donec</strong></span> <span class='ocrx_word' id='word_1_184' title='bbox 3170 1185 3425 1238; x_wconf 85' lang='lat' dir='ltr'><strong>vitiorum</strong></span> 
     </span>
    </p>
   </div>
   <div class='ocr_carea' id='block_1_26' title="bbox 1843 1274 3424 1347">
    <p class='ocr_par' dir='ltr' id='par_1_26' title="bbox 1843 1274 3424 1347">
     <span class='ocr_line' id='line_1_26' title="bbox 1843 1274 3424 1347; baseline -0.006 -11"><span class='ocrx_word' id='word_1_185' title='bbox 1843 1278 1980 1336; x_wconf 87' lang='lat' dir='ltr'><strong>bella</strong></span> <span class='ocrx_word' id='word_1_186' title='bbox 2019 1279 2274 1335; x_wconf 89' lang='lat' dir='ltr'><strong>evincere</strong></span> <span class='ocrx_word' id='word_1_187' title='bbox 2300 1286 2555 1343; x_wconf 89' lang='lat' dir='ltr'><strong>conetur,</strong></span> <span class='ocrx_word' id='word_1_188' title='bbox 2585 1293 2704 1347; x_wconf 69' lang='lat' dir='ltr'><strong>qua:</strong></span> <span class='ocrx_word' id='word_1_189' title='bbox 2731 1276 2972 1332; x_wconf 89' lang='lat' dir='ltr'><strong>minores</strong></span> <span class='ocrx_word' id='word_1_190' title='bbox 3001 1275 3121 1331; x_wconf 90' lang='lat' dir='ltr'><strong>ideo</strong></span> <span class='ocrx_word' id='word_1_191' title='bbox 3148 1274 3424 1340; x_wconf 90' lang='lat' dir='ltr'><strong>dicuntur,</strong></span> 
     </span>
    </p>
   </div>
   <div class='ocr_carea' id='block_1_27' title="bbox 1842 1366 3431 1441">
    <p class='ocr_par' dir='ltr' id='par_1_27' title="bbox 1842 1366 3431 1441">
     <span class='ocr_line' id='line_1_27' title="bbox 1842 1366 3431 1441; baseline -0.003 -15"><span class='ocrx_word' id='word_1_192' title='bbox 1842 1386 1949 1426; x_wconf 89' lang='lat' dir='ltr'><strong>non</strong></span> <span class='ocrx_word' id='word_1_193' title='bbox 2004 1371 2149 1441; x_wconf 90' lang='lat' dir='ltr'><strong>quod</strong></span> <span class='ocrx_word' id='word_1_194' title='bbox 2200 1368 2310 1425; x_wconf 90' lang='lat' dir='ltr'><strong>sint</strong></span> <span class='ocrx_word' id='word_1_195' title='bbox 2371 1370 2636 1441; x_wconf 80' lang='lat' dir='ltr'><strong>dignitate</strong></span> <span class='ocrx_word' id='word_1_196' title='bbox 2680 1369 2953 1441; x_wconf 90' lang='lat' dir='ltr'><strong>juniores,</strong></span> <span class='ocrx_word' id='word_1_197' title='bbox 2989 1366 3083 1423; x_wconf 90' lang='lat' dir='ltr'><strong>sed</strong></span> <span class='ocrx_word' id='word_1_198' title='bbox 3115 1366 3258 1437; x_wconf 91' lang='lat' dir='ltr'><strong>quod</strong></span> <span class='ocrx_word' id='word_1_199' title='bbox 3306 1376 3431 1436; x_wconf 64' lang='lat' dir='ltr'><strong>post-</strong></span> 
     </span>
    </p>
   </div>
   <div class='ocr_carea' id='block_1_28' title="bbox 1841 1458 3427 1534">
    <p class='ocr_par' dir='ltr' id='par_1_28' title="bbox 1841 1458 3427 1534">
     <span class='ocr_line' id='line_1_28' title="bbox 1841 1458 3427 1534; baseline -0.004 -16"><span class='ocrx_word' id='word_1_200' title='bbox 1841 1464 2203 1519; x_wconf 89' lang='lat' dir='ltr'><strong>tentationum</strong></span> <span class='ocrx_word' id='word_1_201' title='bbox 2259 1464 2565 1534; x_wconf 87' lang='lat' dir='ltr'><strong>triumphos</strong></span> <span class='ocrx_word' id='word_1_202' title='bbox 2615 1463 2762 1517; x_wconf 89' lang='lat' dir='ltr'><strong>omni</strong></span> <span class='ocrx_word' id='word_1_203' title='bbox 2817 1462 3120 1517; x_wconf 87' lang='lat' dir='ltr'><strong>habeantur</strong></span> <span class='ocrx_word' id='word_1_204' title='bbox 3166 1458 3427 1514; x_wconf 88' lang='lat' dir='ltr'><strong>exercitio</strong></span> 
     </span>
    </p>
   </div>
   <div class='ocr_carea' id='block_1_29' title="bbox 1839 1552 3423 1628">
    <p class='ocr_par' dir='ltr' id='par_1_29' title="bbox 1839 1552 3423 1628">
     <span class='ocr_line' id='line_1_29' title="bbox 1839 1552 3423 1628; baseline -0.003 -19"><span class='ocrx_word' id='word_1_205' title='bbox 1839 1556 2092 1625; x_wconf 89' lang='lat' dir='ltr'><strong>leviores,</strong></span> <span class='ocrx_word' id='word_1_206' title='bbox 2117 1566 2170 1614; x_wconf 91' lang='lat' dir='ltr'><strong>et</strong></span> <span class='ocrx_word' id='word_1_207' title='bbox 2193 1573 2288 1614; x_wconf 89' lang='lat' dir='ltr'><strong>sua</strong></span> <span class='ocrx_word' id='word_1_208' title='bbox 2318 1557 2553 1628; x_wconf 89' lang='lat' dir='ltr'><strong>quadam</strong></span> <span class='ocrx_word' id='word_1_209' title='bbox 2581 1554 2837 1611; x_wconf 81' lang='lat' dir='ltr'><strong>ineﬁ‘abili</strong></span> <span class='ocrx_word' id='word_1_210' title='bbox 2867 1554 3106 1609; x_wconf 86' lang='lat' dir='ltr'><strong>novitate</strong></span> <span class='ocrx_word' id='word_1_211' title='bbox 3138 1552 3423 1624; x_wconf 79' lang='lat' dir='ltr'><strong>gratiores.</strong></span> 
     </span>
    </p>
   </div>
   <div class='ocr_carea' id='block_1_30' title="bbox 1838 1642 3426 1721">
    <p class='ocr_par' dir='ltr' id='par_1_30' title="bbox 1838 1642 3426 1721">
     <span class='ocr_line' id='line_1_30' title="bbox 1838 1642 3426 1721; baseline -0.004 -19"><span class='ocrx_word' id='word_1_212' title='bbox 1838 1648 1924 1702; x_wconf 86' lang='lat' dir='ltr'><strong>Nil</strong></span> <span class='ocrx_word' id='word_1_213' title='bbox 1955 1650 2100 1704; x_wconf 91' lang='lat' dir='ltr'><strong>enim</strong></span> <span class='ocrx_word' id='word_1_214' title='bbox 2154 1649 2390 1721; x_wconf 90' lang='lat' dir='ltr'><strong>simplici</strong></span> <span class='ocrx_word' id='word_1_215' title='bbox 2444 1657 2626 1704; x_wconf 87' lang='lat' dir='ltr'><strong>mente</strong></span> <span class='ocrx_word' id='word_1_216' title='bbox 2660 1645 2892 1700; x_wconf 88' lang='lat' dir='ltr'><strong>dulcius.</strong></span> <span class='ocrx_word' id='word_1_217' title='bbox 2936 1645 3012 1699; x_wconf 87' lang='lat' dir='ltr'><strong>Eo</strong></span> <span class='ocrx_word' id='word_1_218' title='bbox 3068 1644 3232 1713; x_wconf 80' lang='lat' dir='ltr'><strong>igitur</strong></span> <span class='ocrx_word' id='word_1_219' title='bbox 3266 1642 3426 1696; x_wconf 90' lang='lat' dir='ltr'><strong>modo</strong></span> 
     </span>
    </p>
   </div>
   <div class='ocr_carea' id='block_1_31' title="bbox 1836 1734 3422 1811">
    <p class='ocr_par' dir='ltr' id='par_1_31' title="bbox 1836 1734 3422 1811">
     <span class='ocr_line' id='line_1_31' title="bbox 1836 1734 3422 1811; baseline -0.006 -16"><span class='ocrx_word' id='word_1_220' title='bbox 1836 1741 2226 1811; x_wconf 88' lang='lat' dir='ltr'><strong>contemplatio</strong></span> <span class='ocrx_word' id='word_1_221' title='bbox 2256 1742 2436 1796; x_wconf 90' lang='lat' dir='ltr'><strong>minor</strong></span> <span class='ocrx_word' id='word_1_222' title='bbox 2463 1748 2567 1805; x_wconf 91' lang='lat' dir='ltr'><strong>est,</strong></span> <span class='ocrx_word' id='word_1_223' title='bbox 2603 1739 2729 1810; x_wconf 90' lang='lat' dir='ltr'><strong>quia</strong></span> <span class='ocrx_word' id='word_1_224' title='bbox 2756 1737 3036 1792; x_wconf 84' lang='lat' dir='ltr'><strong>laboribus</strong></span> <span class='ocrx_word' id='word_1_225' title='bbox 3072 1734 3286 1789; x_wconf 83' lang='lat' dir='ltr'><strong>curisve</strong></span> <span class='ocrx_word' id='word_1_226' title='bbox 3313 1748 3422 1787; x_wconf 90' lang='lat' dir='ltr'><strong>non</strong></span> 
     </span>
    </p>
   </div>
   <div class='ocr_carea' id='block_1_32' title="bbox 1836 1823 3424 1901">
    <p class='ocr_par' dir='ltr' id='par_1_32' title="bbox 1836 1823 3424 1901">
     <span class='ocr_line' id='line_1_32' title="bbox 1836 1823 3424 1901; baseline -0.004 -16"><span class='ocrx_word' id='word_1_227' title='bbox 1836 1831 2087 1901; x_wconf 89' lang='lat' dir='ltr'><strong>interest,</strong></span> <span class='ocrx_word' id='word_1_228' title='bbox 2114 1840 2170 1886; x_wconf 89' lang='lat' dir='ltr'><strong>et</strong></span> <span class='ocrx_word' id='word_1_229' title='bbox 2194 1832 2260 1885; x_wconf 92' lang='lat' dir='ltr'><strong>de</strong></span> <span class='ocrx_word' id='word_1_230' title='bbox 2285 1831 2463 1886; x_wconf 90' lang='lat' dir='ltr'><strong>activo</strong></span> <span class='ocrx_word' id='word_1_231' title='bbox 2496 1828 2796 1885; x_wconf 88' lang='lat' dir='ltr'><strong>certamine</strong></span> <span class='ocrx_word' id='word_1_232' title='bbox 2830 1826 2896 1881; x_wconf 89' lang='lat' dir='ltr'><strong>ad</strong></span> <span class='ocrx_word' id='word_1_233' title='bbox 2944 1823 3424 1894; x_wconf 85' lang='lat' dir='ltr'><strong>contemplationis</strong></span> 
     </span>
    </p>
   </div>
   <div class='ocr_carea' id='block_1_33' title="bbox 139 1909 1716 2000">
    <p class='ocr_par' dir='ltr' id='par_1_33' title="bbox 139 1923 1716 2000">
     <span class='ocr_line' id='line_1_33' title="bbox 139 1923 1716 2000; baseline 0.008 -23"><span class='ocrx_word' id='word_1_234' title='bbox 139 1923 628 1993; x_wconf 85' lang='lat' dir='ltr'><strong>contemplationis</strong></span> <span class='ocrx_word' id='word_1_235' title='bbox 660 1927 991 1999; x_wconf 76' lang='lat' dir='ltr'><strong>indulgeam,</strong></span> <span class='ocrx_word' id='word_1_236' title='bbox 1025 1932 1117 2000; x_wconf 91' lang='lat' dir='ltr'><strong>qui</strong></span> <span class='ocrx_word' id='word_1_237' title='bbox 1148 1932 1340 1986; x_wconf 87' lang='lat' dir='ltr'><strong>unitati</strong></span> <span class='ocrx_word' id='word_1_238' title='bbox 1375 1936 1619 1990; x_wconf 62' lang='lat' dir='ltr'><strong>tenendae</strong></span> <span class='ocrx_word' id='word_1_239' title='bbox 1648 1935 1716 1990; x_wconf 90' lang='lat' dir='ltr'><strong>in-</strong></span> 
     </span>
    </p>
   </div>
   <div class='ocr_carea' id='block_1_34' title="bbox 1826 1909 2627 2000">
    <p class='ocr_par' dir='ltr' id='par_1_34' title="bbox 1833 1921 2627 1992">
     <span class='ocr_line' id='line_1_34' title="bbox 1833 1921 2627 1992; baseline 0.001 -18"><span class='ocrx_word' id='word_1_240' title='bbox 1833 1921 2075 1990; x_wconf 86' lang='lat' dir='ltr'><strong>requiem</strong></span> <span class='ocrx_word' id='word_1_241' title='bbox 2106 1921 2497 1992; x_wconf 91' lang='lat' dir='ltr'><strong>proﬁciendum</strong></span> <span class='ocrx_word' id='word_1_242' title='bbox 2522 1929 2627 1977; x_wconf 91' lang='lat' dir='ltr'><strong>est.</strong></span> 
     </span>
    </p>
   </div>
   <div class='ocr_carea' id='block_1_35' title="bbox 50 2013 1730 2094">
    <p class='ocr_par' dir='ltr' id='par_1_35' title="bbox 50 2013 1730 2094">
     <span class='ocr_line' id='line_1_35' title="bbox 50 2013 1730 2094; baseline 0.01 -30"><span class='ocrx_word' id='word_1_243' title='bbox 50 2090 51 2093; x_wconf 12' lang='lat'>‘</span> <span class='ocrx_word' id='word_1_244' title='bbox 135 2013 331 2078; x_wconf 83' lang='lat' dir='ltr'><strong>cubas,</strong></span> <span class='ocrx_word' id='word_1_245' title='bbox 370 2031 528 2083; x_wconf 84' lang='lat' dir='ltr'><strong>quant</strong></span> <span class='ocrx_word' id='word_1_246' title='bbox 555 2015 663 2069; x_wconf 82' lang='lat' dir='ltr'><strong>riro</strong></span> <span class='ocrx_word' id='word_1_247' title='bbox 685 2017 858 2082; x_wconf 81' lang='lat' dir='ltr'><strong>alteri,</strong></span> <span class='ocrx_word' id='word_1_248' title='bbox 886 2019 937 2072; x_wconf 90' lang='lat' dir='ltr'><strong>id</strong></span> <span class='ocrx_word' id='word_1_249' title='bbox 968 2029 1053 2075; x_wconf 80' lang='lat' dir='ltr'><strong>est</strong></span> <span class='ocrx_word' id='word_1_250' title='bbox 1082 2037 1243 2091; x_wconf 90' lang='lat' dir='ltr'><strong>quam</strong></span> <span class='ocrx_word' id='word_1_251' title='bbox 1278 2023 1438 2078; x_wconf 87' lang='lat' dir='ltr'><strong>alicui</strong></span> <span class='ocrx_word' id='word_1_252' title='bbox 1468 2026 1559 2094; x_wconf 87' lang='lat' dir='ltr'><strong>qui</strong></span> <span class='ocrx_word' id='word_1_253' title='bbox 1588 2043 1730 2081; x_wconf 91' lang='lat' dir='ltr'><strong>nunc</strong></span> 
     </span>
    </p>
   </div>
   <div class='ocr_carea' id='block_1_36' title="bbox 138 2103 1728 2172">
    <p class='ocr_par' dir='ltr' id='par_1_36' title="bbox 138 2103 1728 2172">
     <span class='ocr_line' id='line_1_36' title="bbox 138 2103 1728 2172; baseline 0.01 -17"><span class='ocrx_word' id='word_1_254' title='bbox 138 2103 210 2156; x_wconf 89' lang='lat' dir='ltr'><strong>ad</strong></span> <span class='ocrx_word' id='word_1_255' title='bbox 245 2104 530 2172; x_wconf 66' lang='lat' dir='ltr'><strong>saeculum,</strong></span> <span class='ocrx_word' id='word_1_256' title='bbox 565 2123 709 2162; x_wconf 90' lang='lat' dir='ltr'><strong>nunc</strong></span> <span class='ocrx_word' id='word_1_257' title='bbox 763 2110 831 2164; x_wconf 91' lang='lat' dir='ltr'><strong>ad</strong></span> <span class='ocrx_word' id='word_1_258' title='bbox 878 2110 1047 2165; x_wconf 88' lang='lat' dir='ltr'><strong>Deum</strong></span> <span class='ocrx_word' id='word_1_259' title='bbox 1104 2112 1376 2168; x_wconf 86' lang='lat' dir='ltr'><strong>alternare</strong></span> <span class='ocrx_word' id='word_1_260' title='bbox 1429 2118 1728 2172; x_wconf 88' lang='lat' dir='ltr'><strong>consuevit.</strong></span> 
     </span>
    </p>
   </div>
   <div class='ocr_carea' id='block_1_37' title="bbox 144 2192 1731 2293">
    <p class='ocr_par' dir='ltr' id='par_1_37' title="bbox 144 2192 1731 2293">
     <span class='ocr_line' id='line_1_37' title="bbox 144 2192 1731 2293; baseline 0.01 -46"><span class='ocrx_word' id='word_1_261' title='bbox 144 2192 312 2249; x_wconf 82' lang='lat' dir='ltr'><strong><em>Mane</em></strong></span> <span class='ocrx_word' id='word_1_262' title='bbox 345 2213 474 2267; x_wconf 85' lang='lat' dir='ltr'><strong>ergo</strong></span> <span class='ocrx_word' id='word_1_263' title='bbox 498 2198 640 2267; x_wconf 86' lang='lat' dir='ltr'><strong>apud</strong></span> <span class='ocrx_word' id='word_1_264' title='bbox 663 2216 766 2264; x_wconf 87' lang='lat' dir='ltr'><strong>me,</strong></span> <span class='ocrx_word' id='word_1_265' title='bbox 793 2200 845 2254; x_wconf 88' lang='lat' dir='ltr'><strong>id</strong></span> <span class='ocrx_word' id='word_1_266' title='bbox 876 2211 957 2257; x_wconf 90' lang='lat' dir='ltr'><strong>est</strong></span> <span class='ocrx_word' id='word_1_267' title='bbox 1002 2220 1291 2273; x_wconf 81' lang='lat' dir='ltr'><strong>persevera</strong></span> <span class='ocrx_word' id='word_1_268' title='bbox 1324 2205 1377 2260; x_wconf 93' lang='lat' dir='ltr'><strong>in</strong></span> <span class='ocrx_word' id='word_1_269' title='bbox 1409 2208 1731 2293; x_wconf 54' lang='lat' dir='ltr'><strong>studique-</strong></span> 
     </span>
    </p>
   </div>
   <div class='ocr_carea' id='block_1_38' title="bbox 137 2284 1731 2366">
    <p class='ocr_par' dir='ltr' id='par_1_38' title="bbox 137 2284 1731 2366">
     <span class='ocr_line' id='line_1_38' title="bbox 137 2284 1731 2366; baseline 0.011 -29"><span class='ocrx_word' id='word_1_270' title='bbox 137 2284 296 2341; x_wconf 77' lang='lat' dir='ltr'><strong>iestis</strong></span> <span class='ocrx_word' id='word_1_271' title='bbox 319 2288 465 2343; x_wconf 70' lang='lat' dir='ltr'><strong>vitar.</strong></span> <span class='ocrx_word' id='word_1_272' title='bbox 492 2288 679 2361; x_wconf 72' lang='lat' dir='ltr'><strong>(Vens.</strong></span> <span class='ocrx_word' id='word_1_273' title='bbox 712 2291 833 2361; x_wconf 88' lang='lat'><strong>20.)</strong></span> <span class='ocrx_word' id='word_1_274' title='bbox 873 2292 1090 2349; x_wconf 76' lang='lat' dir='ltr'><strong>Serrivit</strong></span> <span class='ocrx_word' id='word_1_275' title='bbox 1122 2296 1279 2366; x_wconf 83' lang='lat' dir='ltr'><strong>igitur</strong></span> <span class='ocrx_word' id='word_1_276' title='bbox 1304 2297 1468 2352; x_wconf 87' lang='lat' dir='ltr'><strong>Jacob</strong></span> <span class='ocrx_word' id='word_1_277' title='bbox 1496 2284 1601 2365; x_wconf 64' lang='lat' dir='ltr'><strong>prd</strong></span> <span class='ocrx_word' id='word_1_278' title='bbox 1625 2298 1731 2354; x_wconf 78' lang='lat' dir='ltr'><strong>lia-</strong></span> 
     </span>
    </p>
   </div>
   <div class='ocr_carea' id='block_1_39' title="bbox 138 2376 1732 2459">
    <p class='ocr_par' dir='ltr' id='par_1_39' title="bbox 138 2376 1732 2459">
     <span class='ocr_line' id='line_1_39' title="bbox 138 2376 1732 2459; baseline 0.01 -31"><span class='ocrx_word' id='word_1_279' title='bbox 138 2376 260 2430; x_wconf 78' lang='lat' dir='ltr'><strong>cliel</strong></span> <span class='ocrx_word' id='word_1_280' title='bbox 297 2390 490 2449; x_wconf 79' lang='lat' dir='ltr'><strong>septem</strong></span> <span class='ocrx_word' id='word_1_281' title='bbox 536 2382 709 2447; x_wconf 86' lang='lat' dir='ltr'><strong>annis,</strong></span> <span class='ocrx_word' id='word_1_282' title='bbox 759 2393 806 2437; x_wconf 91' lang='lat' dir='ltr'><strong>et</strong></span> <span class='ocrx_word' id='word_1_283' title='bbox 839 2385 1151 2439; x_wconf 80' lang='lat' dir='ltr'><strong>videbantur</strong></span> <span class='ocrx_word' id='word_1_284' title='bbox 1192 2388 1242 2441; x_wconf 87' lang='lat' dir='ltr'><strong>ei</strong></span> <span class='ocrx_word' id='word_1_285' title='bbox 1275 2390 1433 2458; x_wconf 86' lang='lat' dir='ltr'><strong>pauci</strong></span> <span class='ocrx_word' id='word_1_286' title='bbox 1472 2391 1583 2443; x_wconf 90' lang='lat' dir='ltr'><strong>dies</strong></span> <span class='ocrx_word' id='word_1_287' title='bbox 1622 2407 1732 2459; x_wconf 83' lang='lat' dir='ltr'><strong>prce</strong></span> 
     </span>
    </p>
   </div>
   <div class='ocr_carea' id='block_1_40' title="bbox 135 2470 1731 2548">
    <p class='ocr_par' dir='ltr' id='par_1_40' title="bbox 135 2470 1731 2548">
     <span class='ocr_line' id='line_1_40' title="bbox 135 2470 1731 2548; baseline 0.009 -26"><span class='ocrx_word' id='word_1_288' title='bbox 135 2470 337 2523; x_wconf 88' lang='lat' dir='ltr'><strong>amoris</strong></span> <span class='ocrx_word' id='word_1_289' title='bbox 387 2472 769 2540; x_wconf 83' lang='lat' dir='ltr'><strong>magnitudine,</strong></span> <span class='ocrx_word' id='word_1_290' title='bbox 828 2474 880 2529; x_wconf 89' lang='lat' dir='ltr'><strong>id</strong></span> <span class='ocrx_word' id='word_1_291' title='bbox 928 2487 1012 2531; x_wconf 87' lang='lat' dir='ltr'><strong>est</strong></span> <span class='ocrx_word' id='word_1_292' title='bbox 1066 2486 1174 2531; x_wconf 88' lang='lat' dir='ltr'><strong>tota</strong></span> <span class='ocrx_word' id='word_1_293' title='bbox 1208 2477 1441 2548; x_wconf 70' lang='lat' dir='ltr'><strong>justitiaa</strong></span> <span class='ocrx_word' id='word_1_294' title='bbox 1480 2480 1731 2536; x_wconf 75' lang='lat' dir='ltr'><strong>humana:</strong></span> 
     </span>
    </p>
   </div>
   <div class='ocr_carea' id='block_1_41' title="bbox 138 2558 1731 2643">
    <p class='ocr_par' dir='ltr' id='par_1_41' title="bbox 138 2558 1731 2643">
     <span class='ocr_line' id='line_1_41' title="bbox 138 2558 1731 2643; baseline 0.009 -31"><span class='ocrx_word' id='word_1_295' title='bbox 138 2558 368 2614; x_wconf 90' lang='lat' dir='ltr'><strong>claritas</strong></span> <span class='ocrx_word' id='word_1_296' title='bbox 396 2576 561 2630; x_wconf 89' lang='lat' dir='ltr'><strong>parva</strong></span> <span class='ocrx_word' id='word_1_297' title='bbox 613 2562 827 2617; x_wconf 91' lang='lat' dir='ltr'><strong>videtur</strong></span> <span class='ocrx_word' id='word_1_298' title='bbox 853 2575 908 2620; x_wconf 90' lang='lat' dir='ltr'><strong>et</strong></span> <span class='ocrx_word' id='word_1_299' title='bbox 963 2567 1138 2622; x_wconf 91' lang='lat' dir='ltr'><strong>tenuis</strong></span> <span class='ocrx_word' id='word_1_300' title='bbox 1176 2568 1249 2633; x_wconf 92' lang='lat' dir='ltr'><strong>ei,</strong></span> <span class='ocrx_word' id='word_1_301' title='bbox 1294 2570 1386 2639; x_wconf 87' lang='lat' dir='ltr'><strong>qui</strong></span> <span class='ocrx_word' id='word_1_302' title='bbox 1442 2570 1731 2643; x_wconf 86' lang='lat' dir='ltr'><strong>diligenter</strong></span> 
     </span>
    </p>
   </div>
   <div class='ocr_carea' id='block_1_42' title="bbox 139 2652 1722 2734">
    <p class='ocr_par' dir='ltr' id='par_1_42' title="bbox 139 2652 1722 2734">
     <span class='ocr_line' id='line_1_42' title="bbox 139 2652 1722 2734; baseline 0.01 -30"><span class='ocrx_word' id='word_1_303' title='bbox 139 2652 373 2723; x_wconf 82' lang='lat' dir='ltr'><strong>cogitat,</strong></span> <span class='ocrx_word' id='word_1_304' title='bbox 430 2662 485 2709; x_wconf 89' lang='lat' dir='ltr'><strong>et</strong></span> <span class='ocrx_word' id='word_1_305' title='bbox 535 2653 904 2727; x_wconf 86' lang='lat' dir='ltr'><strong>intelligenter</strong></span> <span class='ocrx_word' id='word_1_306' title='bbox 960 2670 1108 2714; x_wconf 88' lang='lat' dir='ltr'><strong>amat</strong></span> <span class='ocrx_word' id='word_1_307' title='bbox 1165 2660 1406 2731; x_wconf 88' lang='lat' dir='ltr'><strong>speciem</strong></span> <span class='ocrx_word' id='word_1_308' title='bbox 1467 2679 1722 2734; x_wconf 69' lang='lat' dir='ltr'><strong>superna}</strong></span> 
     </span>
    </p>
   </div>
   <div class='ocr_carea' id='block_1_43' title="bbox 134 2740 1726 2820">
    <p class='ocr_par' dir='ltr' id='par_1_43' title="bbox 134 2740 1726 2820">
     <span class='ocr_line' id='line_1_43' title="bbox 134 2740 1726 2820; baseline 0.011 -26"><span class='ocrx_word' id='word_1_309' title='bbox 134 2740 711 2816; x_wconf 72' lang='lat' dir='ltr'><strong>beatitudinis.(V£us.</strong></span> <span class='ocrx_word' id='word_1_310' title='bbox 734 2746 848 2816; x_wconf 89' lang='lat' dir='ltr'><strong>2i.)</strong></span> <span class='ocrx_word' id='word_1_311' title='bbox 868 2748 1005 2801; x_wconf 84' lang='lat' dir='ltr'><strong>Dicit</strong></span> <span class='ocrx_word' id='word_1_312' title='bbox 1039 2750 1213 2820; x_wconf 82' lang='lat' dir='ltr'><strong>itaque</strong></span> <span class='ocrx_word' id='word_1_313' title='bbox 1236 2751 1403 2805; x_wconf 86' lang='lat' dir='ltr'><strong>Jacob</strong></span> <span class='ocrx_word' id='word_1_314' title='bbox 1431 2755 1501 2807; x_wconf 85' lang='lat' dir='ltr'><strong>ad</strong></span> <span class='ocrx_word' id='word_1_315' title='bbox 1524 2754 1726 2812; x_wconf 85' lang='lat' dir='ltr'><strong>Laban.</strong></span> 
     </span>
    </p>
   </div>
   <div class='ocr_carea' id='block_1_44' title="bbox 135 2828 1724 2917">
    <p class='ocr_par' dir='ltr' id='par_1_44' title="bbox 135 2828 1724 2917">
     <span class='ocr_line' id='line_1_44' title="bbox 135 2828 1724 2917; baseline 0.011 -34"><span class='ocrx_word' id='word_1_316' title='bbox 135 2828 304 2888; x_wconf 87' lang='lat' dir='ltr'><strong>Jacob</strong></span> <span class='ocrx_word' id='word_1_317' title='bbox 329 2836 396 2889; x_wconf 87' lang='lat' dir='ltr'><strong>ad</strong></span> <span class='ocrx_word' id='word_1_318' title='bbox 426 2834 611 2891; x_wconf 83' lang='lat' dir='ltr'><strong>Laban</strong></span> <span class='ocrx_word' id='word_1_319' title='bbox 640 2838 866 2903; x_wconf 88' lang='lat' dir='ltr'><strong>dictum,</strong></span> <span class='ocrx_word' id='word_1_320' title='bbox 900 2855 1006 2894; x_wconf 85' lang='lat' dir='ltr'><strong>non</strong></span> <span class='ocrx_word' id='word_1_321' title='bbox 1038 2841 1183 2897; x_wconf 88' lang='lat' dir='ltr'><strong>aliud</strong></span> <span class='ocrx_word' id='word_1_322' title='bbox 1222 2845 1398 2898; x_wconf 89' lang='lat' dir='ltr'><strong>sentio</strong></span> <span class='ocrx_word' id='word_1_323' title='bbox 1434 2839 1596 2915; x_wconf 86' lang='lat' dir='ltr'><strong>quam</strong></span> <span class='ocrx_word' id='word_1_324' title='bbox 1626 2862 1724 2917; x_wconf 92' lang='lat' dir='ltr'><strong>pe-</strong></span> 
     </span>
    </p>
   </div>
   <div class='ocr_carea' id='block_1_45' title="bbox 140 2927 1725 3008">
    <p class='ocr_par' dir='ltr' id='par_1_45' title="bbox 140 2927 1725 3008">
     <span class='ocr_line' id='line_1_45' title="bbox 140 2927 1725 3008; baseline 0.013 -36"><span class='ocrx_word' id='word_1_325' title='bbox 140 2939 236 2979; x_wconf 85' lang='lat' dir='ltr'><strong>nes</strong></span> <span class='ocrx_word' id='word_1_326' title='bbox 262 2935 481 2980; x_wconf 75' lang='lat' dir='ltr'><strong>:eternae</strong></span> <span class='ocrx_word' id='word_1_327' title='bbox 503 2927 689 2998; x_wconf 79' lang='lat' dir='ltr'><strong>gloria:</strong></span> <span class='ocrx_word' id='word_1_328' title='bbox 722 2929 1015 2985; x_wconf 90' lang='lat' dir='ltr'><strong>candorem</strong></span> <span class='ocrx_word' id='word_1_329' title='bbox 1042 2931 1245 2987; x_wconf 88' lang='lat' dir='ltr'><strong>interni</strong></span> <span class='ocrx_word' id='word_1_330' title='bbox 1272 2935 1529 2991; x_wconf 80' lang='lat' dir='ltr'><strong>desiderii</strong></span> <span class='ocrx_word' id='word_1_331' title='bbox 1564 2953 1725 3008; x_wconf 88' lang='lat' dir='ltr'><strong>appe-</strong></span> 
     </span>
    </p>
   </div>
   <div class='ocr_carea' id='block_1_46' title="bbox 140 3013 1724 3099">
    <p class='ocr_par' dir='ltr' id='par_1_46' title="bbox 140 3013 1724 3099">
     <span class='ocr_line' id='line_1_46' title="bbox 140 3013 1724 3099; baseline 0.013 -35"><span class='ocrx_word' id='word_1_332' title='bbox 140 3013 311 3066; x_wconf 87' lang='lat' dir='ltr'><strong>titum.</strong></span> <span class='ocrx_word' id='word_1_333' title='bbox 344 3014 421 3068; x_wconf 87' lang='lat' dir='ltr'><strong>Da</strong></span> <span class='ocrx_word' id='word_1_334' title='bbox 445 3018 570 3071; x_wconf 86' lang='lat' dir='ltr'><strong>mihi</strong></span> <span class='ocrx_word' id='word_1_335' title='bbox 600 3036 814 3075; x_wconf 69' lang='lat' dir='ltr'><strong>uxorem</strong></span> <span class='ocrx_word' id='word_1_336' title='bbox 842 3038 1029 3089; x_wconf 89' lang='lat' dir='ltr'><strong>meam,</strong></span> <span class='ocrx_word' id='word_1_337' title='bbox 1065 3026 1188 3095; x_wconf 81' lang='lat' dir='ltr'><strong>quia</strong></span> <span class='ocrx_word' id='word_1_338' title='bbox 1229 3036 1430 3097; x_wconf 83' lang='lat' dir='ltr'><strong>tempus</strong></span> <span class='ocrx_word' id='word_1_339' title='bbox 1463 3029 1724 3099; x_wconf 73' lang='lat' dir='ltr'><strong>expletum</strong></span> 
     </span>
    </p>
   </div>
   <div class='ocr_carea' id='block_1_47' title="bbox 138 3108 1723 3180">
    <p class='ocr_par' dir='ltr' id='par_1_47' title="bbox 138 3108 1723 3180">
     <span class='ocr_line' id='line_1_47' title="bbox 138 3108 1723 3180; baseline 0.014 -25"><span class='ocrx_word' id='word_1_340' title='bbox 138 3114 233 3161; x_wconf 83' lang='lat' dir='ltr'><strong>est.</strong></span> <span class='ocrx_word' id='word_1_341' title='bbox 269 3117 320 3159; x_wconf 88' lang='lat' dir='ltr'><strong>ut</strong></span> <span class='ocrx_word' id='word_1_342' title='bbox 348 3108 613 3177; x_wconf 86' lang='lat' dir='ltr'><strong>ingrediar</strong></span> <span class='ocrx_word' id='word_1_343' title='bbox 653 3113 722 3165; x_wconf 85' lang='lat' dir='ltr'><strong>ad</strong></span> <span class='ocrx_word' id='word_1_344' title='bbox 771 3113 939 3180; x_wconf 86' lang='lat' dir='ltr'><strong>illam,</strong></span> <span class='ocrx_word' id='word_1_345' title='bbox 990 3115 1043 3169; x_wconf 90' lang='lat' dir='ltr'><strong>id</strong></span> <span class='ocrx_word' id='word_1_346' title='bbox 1096 3127 1180 3173; x_wconf 85' lang='lat' dir='ltr'><strong>est</strong></span> <span class='ocrx_word' id='word_1_347' title='bbox 1228 3121 1559 3176; x_wconf 88' lang='lat' dir='ltr'><strong>concedatur</strong></span> <span class='ocrx_word' id='word_1_348' title='bbox 1591 3123 1723 3179; x_wconf 91' lang='lat' dir='ltr'><strong>mihi</strong></span> 
     </span>
    </p>
   </div>
   <div class='ocr_carea' id='block_1_48' title="bbox 139 3195 1720 3283">
    <p class='ocr_par' dir='ltr' id='par_1_48' title="bbox 139 3195 1720 3283">
     <span class='ocr_line' id='line_1_48' title="bbox 139 3195 1720 3283; baseline 0.013 -36"><span class='ocrx_word' id='word_1_349' title='bbox 139 3195 336 3252; x_wconf 83' lang='lat' dir='ltr'><strong>divinae</strong></span> <span class='ocrx_word' id='word_1_350' title='bbox 389 3202 780 3269; x_wconf 86' lang='lat' dir='ltr'><strong>speculationis</strong></span> <span class='ocrx_word' id='word_1_351' title='bbox 811 3222 934 3261; x_wconf 91' lang='lat' dir='ltr'><strong>cum</strong></span> <span class='ocrx_word' id='word_1_352' title='bbox 988 3207 1245 3265; x_wconf 79' lang='lat' dir='ltr'><strong>facultate</strong></span> <span class='ocrx_word' id='word_1_353' title='bbox 1298 3212 1563 3280; x_wconf 83' lang='lat' dir='ltr'><strong>voluptas,</strong></span> <span class='ocrx_word' id='word_1_354' title='bbox 1596 3215 1720 3283; x_wconf 90' lang='lat' dir='ltr'><strong>quia</strong></span> 
     </span>
    </p>
   </div>
   <div class='ocr_carea' id='block_1_49' title="bbox 132 3282 1723 3375">
    <p class='ocr_par' dir='ltr' id='par_1_49' title="bbox 132 3282 1723 3375">
     <span class='ocr_line' id='line_1_49' title="bbox 132 3282 1723 3375; baseline 0.018 -40"><span class='ocrx_word' id='word_1_355' title='bbox 132 3282 244 3350; x_wconf 87' lang='lat' dir='ltr'><strong>jam</strong></span> <span class='ocrx_word' id='word_1_356' title='bbox 279 3294 522 3367; x_wconf 69' lang='lat' dir='ltr'><strong>corporis</strong></span> <span class='ocrx_word' id='word_1_357' title='bbox 564 3305 618 3349; x_wconf 88' lang='lat' dir='ltr'><strong>et</strong></span> <span class='ocrx_word' id='word_1_358' title='bbox 644 3298 840 3353; x_wconf 65' lang='lat' dir='ltr'><strong>animae</strong></span> <span class='ocrx_word' id='word_1_359' title='bbox 868 3314 1002 3354; x_wconf 67' lang='lat' dir='ltr'><strong>mere</strong></span> <span class='ocrx_word' id='word_1_360' title='bbox 1037 3301 1375 3371; x_wconf 80' lang='lat' dir='ltr'><strong>impensione</strong></span> <span class='ocrx_word' id='word_1_361' title='bbox 1403 3307 1636 3375; x_wconf 81' lang='lat' dir='ltr'><strong>explevi,</strong></span> <span class='ocrx_word' id='word_1_362' title='bbox 1664 3320 1723 3363; x_wconf 90' lang='lat' dir='ltr'><strong>ut</strong></span> 
     </span>
    </p>
   </div>
   <div class='ocr_carea' id='block_1_50' title="bbox 142 3377 1383 3461">
    <p class='ocr_par' dir='ltr' id='par_1_50' title="bbox 142 3377 1383 3461">
     <span class='ocr_line' id='line_1_50' title="bbox 142 3377 1383 3461; baseline 0.016 -32"><span class='ocrx_word' id='word_1_363' title='bbox 142 3377 193 3431; x_wconf 89' lang='lat' dir='ltr'><strong>in</strong></span> <span class='ocrx_word' id='word_1_364' title='bbox 218 3379 335 3447; x_wconf 88' lang='lat' dir='ltr'><strong>ejus</strong></span> <span class='ocrx_word' id='word_1_365' title='bbox 357 3383 615 3439; x_wconf 86' lang='lat' dir='ltr'><strong>admittar</strong></span> <span class='ocrx_word' id='word_1_366' title='bbox 644 3389 927 3459; x_wconf 87' lang='lat' dir='ltr'><strong>amplexus</strong></span> <span class='ocrx_word' id='word_1_367' title='bbox 950 3400 1112 3461; x_wconf 88' lang='lat' dir='ltr'><strong>atque</strong></span> <span class='ocrx_word' id='word_1_368' title='bbox 1137 3393 1383 3449; x_wconf 83' lang='lat' dir='ltr'><strong>delicias.</strong></span> 
     </span>
    </p>
   </div>
   <div class='ocr_carea' id='block_1_51' title="bbox 209 3469 1710 3547">
    <p class='ocr_par' dir='ltr' id='par_1_51' title="bbox 209 3469 1710 3547">
     <span class='ocr_line' id='line_1_51' title="bbox 209 3469 1710 3547; baseline 0.011 -22"><span class='ocrx_word' id='word_1_369' title='bbox 209 3469 373 3527; x_wconf 73' lang='lat' dir='ltr'><strong>Vsus.</strong></span> <span class='ocrx_word' id='word_1_370' title='bbox 400 3473 489 3541; x_wconf 85' lang='lat'><strong>22,</strong></span> <span class='ocrx_word' id='word_1_371' title='bbox 518 3475 609 3542; x_wconf 76' lang='lat'><strong>23,</strong></span> <span class='ocrx_word' id='word_1_372' title='bbox 635 3478 724 3532; x_wconf 69' lang='lat'><strong>24.</strong></span> <span class='ocrx_word' id='word_1_373' title='bbox 756 3510 827 3519; x_wconf 86' lang='lat'><strong>-——</strong></span> <span class='ocrx_word' id='word_1_374' title='bbox 854 3480 957 3547; x_wconf 82' lang='lat' dir='ltr'><strong>Qui</strong></span> <span class='ocrx_word' id='word_1_375' title='bbox 981 3483 1171 3536; x_wconf 88' lang='lat' dir='ltr'><strong>vocatis</strong></span> <span class='ocrx_word' id='word_1_376' title='bbox 1215 3485 1393 3538; x_wconf 88' lang='lat' dir='ltr'><strong>ntultis</strong></span> <span class='ocrx_word' id='word_1_377' title='bbox 1424 3486 1710 3543; x_wconf 89' lang='lat' dir='ltr'><strong>amicorum</strong></span> 
     </span>
    </p>
   </div>
   <div class='ocr_carea' id='block_1_52' title="bbox 138 3563 1719 3649">
    <p class='ocr_par' dir='ltr' id='par_1_52' title="bbox 138 3563 1719 3649">
     <span class='ocr_line' id='line_1_52' title="bbox 138 3563 1719 3649; baseline 0.015 -35"><span class='ocrx_word' id='word_1_378' title='bbox 138 3563 303 3617; x_wconf 84' lang='lat' dir='ltr'><strong>turbis</strong></span> <span class='ocrx_word' id='word_1_379' title='bbox 346 3570 416 3618; x_wconf 81' lang='lat' dir='ltr'><strong>(ut</strong></span> <span class='ocrx_word' id='word_1_380' title='bbox 449 3568 740 3623; x_wconf 79' lang='lat' dir='ltr'><strong>convivium</strong></span> <span class='ocrx_word' id='word_1_381' title='bbox 767 3572 890 3641; x_wconf 81' lang='lat' dir='ltr'><strong>fecit</strong></span> <span class='ocrx_word' id='word_1_382' title='bbox 918 3575 1147 3645; x_wconf 83' lang='lat' dir='ltr'><strong>nuptias.</strong></span> <span class='ocrx_word' id='word_1_383' title='bbox 1184 3575 1252 3630; x_wconf 88' lang='lat' dir='ltr'><strong>Et</strong></span> <span class='ocrx_word' id='word_1_384' title='bbox 1302 3594 1512 3649; x_wconf 86' lang='lat' dir='ltr'><strong>vespere</strong></span> <span class='ocrx_word' id='word_1_385' title='bbox 1550 3581 1719 3649; x_wconf 79' lang='lat' dir='ltr'><strong>ﬁliam</strong></span> 
     </span>
    </p>
   </div>
   <div class='ocr_carea' id='block_1_53' title="bbox 137 3656 1717 3735">
    <p class='ocr_par' dir='ltr' id='par_1_53' title="bbox 137 3656 1717 3735">
     <span class='ocr_line' id='line_1_53' title="bbox 137 3656 1717 3735; baseline 0.015 -29"><span class='ocrx_word' id='word_1_386' title='bbox 137 3669 287 3709; x_wconf 86' lang='lat' dir='ltr'><strong>suam</strong></span> <span class='ocrx_word' id='word_1_387' title='bbox 316 3657 475 3730; x_wconf 77' lang='grc'><strong>116</strong></span> <span class='ocrx_word' id='word_1_388' title='bbox 495 3659 644 3715; x_wconf 90' lang='lat' dir='ltr'><strong>Liam</strong></span> <span class='ocrx_word' id='word_1_389' title='bbox 686 3664 979 3720; x_wconf 77' lang='lat' dir='ltr'><strong>introduxit</strong></span> <span class='ocrx_word' id='word_1_390' title='bbox 1007 3668 1078 3720; x_wconf 85' lang='lat' dir='ltr'><strong>ad</strong></span> <span class='ocrx_word' id='word_1_391' title='bbox 1104 3685 1243 3735; x_wconf 88' lang='lat' dir='ltr'><strong>eum,</strong></span> <span class='ocrx_word' id='word_1_392' title='bbox 1290 3671 1423 3725; x_wconf 87' lang='lat' dir='ltr'><strong>dans</strong></span> <span class='ocrx_word' id='word_1_393' title='bbox 1468 3656 1717 3728; x_wconf 83' lang='lat' dir='ltr'><strong>ancillam</strong></span> 
     </span>
    </p>
   </div>
   <div class='ocr_carea' id='block_1_54' title="bbox 133 3745 1716 3821">
    <p class='ocr_par' dir='ltr' id='par_1_54' title="bbox 133 3745 1716 3821">
     <span class='ocr_line' id='line_1_54' title="bbox 133 3745 1716 3821; baseline 0.015 -23"><span class='ocrx_word' id='word_1_394' title='bbox 133 3745 281 3815; x_wconf 66' lang='lat' dir='ltr'><strong>ﬁliae,</strong></span> <span class='ocrx_word' id='word_1_395' title='bbox 337 3747 542 3819; x_wconf 80' lang='lat' dir='ltr'><strong>Zelfam</strong></span> <span class='ocrx_word' id='word_1_396' title='bbox 599 3756 826 3810; x_wconf 88' lang='lat' dir='ltr'><strong>nomine.</strong></span> <span class='ocrx_word' id='word_1_397' title='bbox 866 3757 1184 3815; x_wconf 88' lang='lat' dir='ltr'><strong>Amicorum</strong></span> <span class='ocrx_word' id='word_1_398' title='bbox 1221 3762 1390 3817; x_wconf 66' lang='lat' dir='ltr'><strong>turba:</strong></span> <span class='ocrx_word' id='word_1_399' title='bbox 1432 3779 1539 3818; x_wconf 89' lang='lat' dir='ltr'><strong>non</strong></span> <span class='ocrx_word' id='word_1_400' title='bbox 1569 3764 1716 3821; x_wconf 85' lang='lat' dir='ltr'><strong>aliud</strong></span> 
     </span>
    </p>
   </div>
   <div class='ocr_carea' id='block_1_55' title="bbox 135 3844 1708 3922">
    <p class='ocr_par' dir='ltr' id='par_1_55' title="bbox 135 3844 1708 3922">
     <span class='ocr_line' id='line_1_55' title="bbox 135 3844 1708 3922; baseline 0.012 -29"><span class='ocrx_word' id='word_1_401' title='bbox 135 3849 261 3894; x_wconf 89' lang='lat' dir='ltr'><strong>sunt</strong></span> <span class='ocrx_word' id='word_1_402' title='bbox 296 3856 457 3911; x_wconf 90' lang='lat' dir='ltr'><strong>quam</strong></span> <span class='ocrx_word' id='word_1_403' title='bbox 483 3844 692 3899; x_wconf 90' lang='lat' dir='ltr'><strong>utilium</strong></span> <span class='ocrx_word' id='word_1_404' title='bbox 731 3848 1092 3919; x_wconf 85' lang='lat' dir='ltr'><strong>cogitatuum,</strong></span> <span class='ocrx_word' id='word_1_405' title='bbox 1125 3852 1492 3922; x_wconf 89' lang='lat' dir='ltr'><strong>locutionum,</strong></span> <span class='ocrx_word' id='word_1_406' title='bbox 1525 3864 1579 3911; x_wconf 90' lang='lat' dir='ltr'><strong>et</strong></span> <span class='ocrx_word' id='word_1_407' title='bbox 1614 3872 1708 3912; x_wconf 80' lang='lat' dir='ltr'><strong>ac-</strong></span> 
     </span>
    </p>
   </div>
   <div class='ocr_carea' id='block_1_56' title="bbox 135 3938 1708 4015">
    <p class='ocr_par' dir='ltr' id='par_1_56' title="bbox 135 3938 1708 4015">
     <span class='ocr_line' id='line_1_56' title="bbox 135 3938 1708 4015; baseline 0.011 -31"><span class='ocrx_word' id='word_1_408' title='bbox 135 3941 282 3985; x_wconf 89' lang='lat' dir='ltr'><strong>tuum</strong></span> <span class='ocrx_word' id='word_1_409' title='bbox 311 3941 561 3999; x_wconf 56' lang='lat' dir='ltr'><strong>catervas,</strong></span> <span class='ocrx_word' id='word_1_410' title='bbox 592 3951 711 4004; x_wconf 76' lang='lat' dir='ltr'><strong>qute</strong></span> <span class='ocrx_word' id='word_1_411' title='bbox 752 3952 876 3992; x_wconf 88' lang='lat' dir='ltr'><strong>vera</strong></span> <span class='ocrx_word' id='word_1_412' title='bbox 925 3938 1183 4007; x_wconf 87' lang='lat' dir='ltr'><strong>ﬁdelitas,</strong></span> <span class='ocrx_word' id='word_1_413' title='bbox 1235 3944 1589 4015; x_wconf 89' lang='lat' dir='ltr'><strong>amicitiaque</strong></span> <span class='ocrx_word' id='word_1_414' title='bbox 1623 3955 1708 4001; x_wconf 91' lang='lat' dir='ltr'><strong>est</strong></span> 
     </span>
    </p>
   </div>
   <div class='ocr_carea' id='block_1_57' title="bbox 134 4020 1710 4106">
    <p class='ocr_par' dir='ltr' id='par_1_57' title="bbox 134 4020 1710 4106">
     <span class='ocr_line' id='line_1_57' title="bbox 134 4020 1710 4106; baseline 0.011 -32"><span class='ocrx_word' id='word_1_415' title='bbox 134 4020 343 4083; x_wconf 77' lang='lat' dir='ltr'><strong>animae.</strong></span> <span class='ocrx_word' id='word_1_416' title='bbox 400 4021 510 4079; x_wconf 83' lang='lat' dir='ltr'><strong>llos</strong></span> <span class='ocrx_word' id='word_1_417' title='bbox 557 4036 714 4080; x_wconf 90' lang='lat' dir='ltr'><strong>vocat</strong></span> <span class='ocrx_word' id='word_1_418' title='bbox 753 4026 934 4082; x_wconf 87' lang='lat' dir='ltr'><strong>Laban</strong></span> <span class='ocrx_word' id='word_1_419' title='bbox 988 4031 1057 4083; x_wconf 88' lang='lat' dir='ltr'><strong>ad</strong></span> <span class='ocrx_word' id='word_1_420' title='bbox 1104 4034 1417 4099; x_wconf 81' lang='lat' dir='ltr'><strong>convivium,</strong></span> <span class='ocrx_word' id='word_1_421' title='bbox 1472 4035 1710 4106; x_wconf 83' lang='lat' dir='ltr'><strong>facitque</strong></span> 
     </span>
    </p>
   </div>
   <div class='ocr_carea' id='block_1_58' title="bbox 134 4112 1711 4181">
    <p class='ocr_par' dir='ltr' id='par_1_58' title="bbox 134 4112 1711 4181">
     <span class='ocr_line' id='line_1_58' title="bbox 134 4112 1711 4181; baseline 0.012 -18"><span class='ocrx_word' id='word_1_422' title='bbox 134 4112 363 4181; x_wconf 84' lang='lat' dir='ltr'><strong>nuptias,</strong></span> <span class='ocrx_word' id='word_1_423' title='bbox 415 4129 539 4170; x_wconf 87' lang='lat' dir='ltr'><strong>cum</strong></span> <span class='ocrx_word' id='word_1_424' title='bbox 593 4117 782 4172; x_wconf 80' lang='lat' dir='ltr'><strong>aeterni</strong></span> <span class='ocrx_word' id='word_1_425' title='bbox 828 4118 1079 4175; x_wconf 81' lang='lat' dir='ltr'><strong>candoris</strong></span> <span class='ocrx_word' id='word_1_426' title='bbox 1130 4137 1284 4177; x_wconf 87' lang='lat' dir='ltr'><strong>amor</strong></span> <span class='ocrx_word' id='word_1_427' title='bbox 1332 4139 1394 4178; x_wconf 90' lang='lat' dir='ltr'><strong>ea</strong></span> <span class='ocrx_word' id='word_1_428' title='bbox 1435 4128 1711 4181; x_wconf 86' lang='lat' dir='ltr'><strong>contrahit</strong></span> 
     </span>
    </p>
   </div>
   <div class='ocr_carea' id='block_1_59' title="bbox 132 4204 1709 4282">
    <p class='ocr_par' dir='ltr' id='par_1_59' title="bbox 132 4204 1709 4282">
     <span class='ocr_line' id='line_1_59' title="bbox 132 4204 1709 4282; baseline 0.011 -26"><span class='ocrx_word' id='word_1_429' title='bbox 132 4204 333 4274; x_wconf 89' lang='lat' dir='ltr'><strong>pariter</strong></span> <span class='ocrx_word' id='word_1_430' title='bbox 367 4207 434 4260; x_wconf 90' lang='lat' dir='ltr'><strong>ad</strong></span> <span class='ocrx_word' id='word_1_431' title='bbox 466 4222 710 4278; x_wconf 69' lang='lat' dir='ltr'><strong>superna:</strong></span> <span class='ocrx_word' id='word_1_432' title='bbox 757 4211 1057 4267; x_wconf 89' lang='lat' dir='ltr'><strong>dulcedinis</strong></span> <span class='ocrx_word' id='word_1_433' title='bbox 1095 4214 1371 4282; x_wconf 90' lang='lat' dir='ltr'><strong>haustum,</strong></span> <span class='ocrx_word' id='word_1_434' title='bbox 1430 4225 1483 4271; x_wconf 91' lang='lat' dir='ltr'><strong>et</strong></span> <span class='ocrx_word' id='word_1_435' title='bbox 1512 4217 1709 4275; x_wconf 74' lang='lat' dir='ltr'><strong>divina:</strong></span> 
     </span>
    </p>
   </div>
   <div class='ocr_carea' id='block_1_60' title="bbox 133 4293 1709 4375">
    <p class='ocr_par' dir='ltr' id='par_1_60' title="bbox 133 4293 1709 4375">
     <span class='ocr_line' id='line_1_60' title="bbox 133 4293 1709 4375; baseline 0.01 -27"><span class='ocrx_word' id='word_1_436' title='bbox 133 4293 503 4352; x_wconf 87' lang='lat' dir='ltr'><strong>delectationis</strong></span> <span class='ocrx_word' id='word_1_437' title='bbox 533 4299 737 4367; x_wconf 65' lang='lat' dir='ltr'><strong>praebet</strong></span> <span class='ocrx_word' id='word_1_438' title='bbox 787 4301 1111 4372; x_wconf 86' lang='lat' dir='ltr'><strong>amplexum.</strong></span> <span class='ocrx_word' id='word_1_439' title='bbox 1143 4303 1248 4359; x_wconf 91' lang='lat' dir='ltr'><strong>Sed</strong></span> <span class='ocrx_word' id='word_1_440' title='bbox 1286 4322 1509 4375; x_wconf 79' lang='lat' dir='ltr'><strong>vespere,</strong></span> <span class='ocrx_word' id='word_1_441' title='bbox 1542 4309 1595 4363; x_wconf 91' lang='lat' dir='ltr'><strong>id</strong></span> <span class='ocrx_word' id='word_1_442' title='bbox 1626 4321 1709 4365; x_wconf 87' lang='lat' dir='ltr'><strong>est</strong></span> 
     </span>
    </p>
   </div>
   <div class='ocr_carea' id='block_1_61' title="bbox 132 4391 1705 4463">
    <p class='ocr_par' dir='ltr' id='par_1_61' title="bbox 132 4391 1705 4463">
     <span class='ocr_line' id='line_1_61' title="bbox 132 4391 1705 4463; baseline 0.01 -22"><span class='ocrx_word' id='word_1_443' title='bbox 132 4395 411 4443; x_wconf 87' lang='lat' dir='ltr'><strong>attenualo</strong></span> <span class='ocrx_word' id='word_1_444' title='bbox 468 4391 633 4445; x_wconf 90' lang='lat' dir='ltr'><strong>animi</strong></span> <span class='ocrx_word' id='word_1_445' title='bbox 666 4393 956 4463; x_wconf 85' lang='lat' dir='ltr'><strong>splendore</strong></span> <span class='ocrx_word' id='word_1_446' title='bbox 988 4395 1097 4450; x_wconf 90' lang='lat' dir='ltr'><strong>ﬁlia</strong></span> <span class='ocrx_word' id='word_1_447' title='bbox 1135 4395 1230 4450; x_wconf 89' lang='lat' dir='ltr'><strong>Lia</strong></span> <span class='ocrx_word' id='word_1_448' title='bbox 1260 4398 1328 4450; x_wconf 87' lang='lat' dir='ltr'><strong>ad</strong></span> <span class='ocrx_word' id='word_1_449' title='bbox 1367 4414 1485 4452; x_wconf 89' lang='lat' dir='ltr'><strong>eum</strong></span> <span class='ocrx_word' id='word_1_450' title='bbox 1537 4400 1705 4456; x_wconf 88' lang='lat' dir='ltr'><strong>intro-</strong></span> 
     </span>
    </p>
   </div>
   <div class='ocr_carea' id='block_1_62' title="bbox 134 4483 1707 4562">
    <p class='ocr_par' dir='ltr' id='par_1_62' title="bbox 134 4483 1707 4562">
     <span class='ocr_line' id='line_1_62' title="bbox 134 4483 1707 4562; baseline 0.008 -25"><span class='ocrx_word' id='word_1_451' title='bbox 134 4483 369 4550; x_wconf 89' lang='lat' dir='ltr'><strong>ducitur,</strong></span> <span class='ocrx_word' id='word_1_452' title='bbox 397 4485 523 4554; x_wconf 85' lang='lat' dir='ltr'><strong>quia</strong></span> <span class='ocrx_word' id='word_1_453' title='bbox 556 4486 609 4539; x_wconf 91' lang='lat' dir='ltr'><strong>in</strong></span> <span class='ocrx_word' id='word_1_454' title='bbox 642 4488 833 4541; x_wconf 79' lang='lat' dir='ltr'><strong>activa:</strong></span> <span class='ocrx_word' id='word_1_455' title='bbox 856 4488 978 4542; x_wconf 76' lang='lat' dir='ltr'><strong>vita:</strong></span> <span class='ocrx_word' id='word_1_456' title='bbox 1001 4488 1239 4544; x_wconf 87' lang='lat' dir='ltr'><strong>laborem</strong></span> <span class='ocrx_word' id='word_1_457' title='bbox 1269 4507 1422 4547; x_wconf 90' lang='lat' dir='ltr'><strong>mens</strong></span> <span class='ocrx_word' id='word_1_458' title='bbox 1449 4493 1707 4562; x_wconf 69' lang='lat' dir='ltr'><strong>qumlibet</strong></span> 
     </span>
    </p>
   </div>
   <div class='ocr_carea' id='block_1_63' title="bbox 135 4574 1703 4653">
    <p class='ocr_par' dir='ltr' id='par_1_63' title="bbox 135 4574 1703 4653">
     <span class='ocr_line' id='line_1_63' title="bbox 135 4574 1703 4653; baseline 0.009 -29"><span class='ocrx_word' id='word_1_459' title='bbox 135 4583 316 4626; x_wconf 75' lang='lat' dir='ltr'><strong>sancta</strong></span> <span class='ocrx_word' id='word_1_460' title='bbox 372 4574 673 4643; x_wconf 90' lang='lat' dir='ltr'><strong>relabitur,</strong></span> <span class='ocrx_word' id='word_1_461' title='bbox 724 4579 851 4631; x_wconf 89' lang='lat' dir='ltr'><strong>dum</strong></span> <span class='ocrx_word' id='word_1_462' title='bbox 918 4579 1074 4647; x_wconf 88' lang='lat' dir='ltr'><strong>quies</strong></span> <span class='ocrx_word' id='word_1_463' title='bbox 1121 4581 1334 4635; x_wconf 89' lang='lat' dir='ltr'><strong>interna</strong></span> <span class='ocrx_word' id='word_1_464' title='bbox 1390 4582 1703 4653; x_wconf 89' lang='lat' dir='ltr'><strong>dissipatur.</strong></span> 
     </span>
    </p>
   </div>
   <div class='ocr_carea' id='block_1_64' title="bbox 133 4663 1709 4741">
    <p class='ocr_par' dir='ltr' id='par_1_64' title="bbox 133 4663 1709 4741">
     <span class='ocr_line' id='line_1_64' title="bbox 133 4663 1709 4741; baseline 0.008 -25"><span class='ocrx_word' id='word_1_465' title='bbox 133 4663 280 4720; x_wconf 81' lang='lat' dir='ltr'><strong>chla</strong></span> <span class='ocrx_word' id='word_1_466' title='bbox 305 4666 500 4722; x_wconf 90' lang='lat' dir='ltr'><strong>dicitur</strong></span> <span class='ocrx_word' id='word_1_467' title='bbox 531 4684 587 4722; x_wconf 93' lang='lat' dir='ltr'><strong>os</strong></span> <span class='ocrx_word' id='word_1_468' title='bbox 616 4668 912 4723; x_wconf 81' lang='lat' dir='ltr'><strong>ambulans.</strong></span> <span class='ocrx_word' id='word_1_469' title='bbox 959 4669 1134 4725; x_wconf 82' lang='lat' dir='ltr'><strong>liabet</strong></span> <span class='ocrx_word' id='word_1_470' title='bbox 1183 4672 1367 4741; x_wconf 89' lang='lat' dir='ltr'><strong>itaque</strong></span> <span class='ocrx_word' id='word_1_471' title='bbox 1402 4671 1500 4727; x_wconf 89' lang='lat' dir='ltr'><strong>Lia</strong></span> <span class='ocrx_word' id='word_1_472' title='bbox 1532 4674 1709 4729; x_wconf 86' lang='lat' dir='ltr'><strong>ancil-</strong></span> 
     </span>
    </p>
   </div>
   <div class='ocr_carea' id='block_1_65' title="bbox 132 4759 1705 4829">
    <p class='ocr_par' dir='ltr' id='par_1_65' title="bbox 132 4759 1705 4829">
     <span class='ocr_line' id='line_1_65' title="bbox 132 4759 1705 4829; baseline 0.006 -17"><span class='ocrx_word' id='word_1_473' title='bbox 132 4759 400 4823; x_wconf 87' lang='lat' dir='ltr'><strong>lameam,</strong></span> <span class='ocrx_word' id='word_1_474' title='bbox 457 4776 576 4829; x_wconf 75' lang='lat' dir='ltr'><strong>qua:</strong></span> <span class='ocrx_word' id='word_1_475' title='bbox 630 4761 918 4816; x_wconf 86' lang='lat' dir='ltr'><strong>ambulans</strong></span> <span class='ocrx_word' id='word_1_476' title='bbox 972 4777 1034 4817; x_wconf 87' lang='lat' dir='ltr'><strong>os</strong></span> <span class='ocrx_word' id='word_1_477' title='bbox 1066 4763 1285 4829; x_wconf 91' lang='lat' dir='ltr'><strong>dicitur,</strong></span> <span class='ocrx_word' id='word_1_478' title='bbox 1340 4765 1515 4820; x_wconf 89' lang='lat' dir='ltr'><strong>activa</strong></span> <span class='ocrx_word' id='word_1_479' title='bbox 1560 4765 1705 4821; x_wconf 91' lang='lat' dir='ltr'><strong>enim</strong></span> 
     </span>
    </p>
   </div>
   <div class='ocr_carea' id='block_1_66' title="bbox 131 4851 1705 4925">
    <p class='ocr_par' dir='ltr' id='par_1_66' title="bbox 131 4851 1705 4925">
     <span class='ocr_line' id='line_1_66' title="bbox 131 4851 1705 4925; baseline 0.006 -20"><span class='ocrx_word' id='word_1_480' title='bbox 131 4851 300 4911; x_wconf 88' lang='lat' dir='ltr'><strong>laudis</strong></span> <span class='ocrx_word' id='word_1_481' title='bbox 322 4852 591 4919; x_wconf 69' lang='lat' dir='ltr'><strong>humanm,</strong></span> <span class='ocrx_word' id='word_1_482' title='bbox 624 4870 741 4924; x_wconf 72' lang='lat' dir='ltr'><strong>qua:</strong></span> <span class='ocrx_word' id='word_1_483' title='bbox 764 4870 859 4925; x_wconf 90' lang='lat' dir='ltr'><strong>per</strong></span> <span class='ocrx_word' id='word_1_484' title='bbox 888 4870 981 4909; x_wconf 90' lang='lat' dir='ltr'><strong>ora</strong></span> <span class='ocrx_word' id='word_1_485' title='bbox 1011 4856 1344 4912; x_wconf 88' lang='lat' dir='ltr'><strong>ancillariter</strong></span> <span class='ocrx_word' id='word_1_486' title='bbox 1371 4859 1705 4915; x_wconf 90' lang='lat' dir='ltr'><strong>adulantium</strong></span> 
     </span>
    </p>
   </div>
   <div class='ocr_carea' id='block_1_67' title="bbox 130 4944 1707 5024">
    <p class='ocr_par' dir='ltr' id='par_1_67' title="bbox 130 4944 1707 5024">
     <span class='ocr_line' id='line_1_67' title="bbox 130 4944 1707 5024; baseline 0.008 -25"><span class='ocrx_word' id='word_1_487' title='bbox 130 4944 361 5015; x_wconf 83' lang='lat' dir='ltr'><strong>prolicit,</strong></span> <span class='ocrx_word' id='word_1_488' title='bbox 397 4955 451 5001; x_wconf 92' lang='lat' dir='ltr'><strong>et</strong></span> <span class='ocrx_word' id='word_1_489' title='bbox 475 4947 751 5014; x_wconf 88' lang='lat' dir='ltr'><strong>discurrit,</strong></span> <span class='ocrx_word' id='word_1_490' title='bbox 783 4949 1059 5017; x_wconf 87' lang='lat' dir='ltr'><strong>obsequiis</strong></span> <span class='ocrx_word' id='word_1_491' title='bbox 1111 4950 1407 5019; x_wconf 87' lang='lat' dir='ltr'><strong>delinitur;</strong></span> <span class='ocrx_word' id='word_1_492' title='bbox 1454 4963 1707 5024; x_wconf 85' lang='lat' dir='ltr'><strong>patenter</strong></span> 
     </span>
    </p>
   </div>
   <div class='ocr_carea' id='block_1_68' title="bbox 129 5035 1706 5112">
    <p class='ocr_par' dir='ltr' id='par_1_68' title="bbox 129 5035 1706 5112">
     <span class='ocr_line' id='line_1_68' title="bbox 129 5035 1706 5112; baseline 0.006 -21"><span class='ocrx_word' id='word_1_493' title='bbox 129 5035 269 5091; x_wconf 87' lang='lat' dir='ltr'><strong>enim</strong></span> <span class='ocrx_word' id='word_1_494' title='bbox 294 5047 568 5106; x_wconf 87' lang='lat' dir='ltr'><strong>operatur.</strong></span> <span class='ocrx_word' id='word_1_495' title='bbox 599 5038 784 5109; x_wconf 71' lang='lat' dir='ltr'><strong>(Vens.</strong></span> <span class='ocrx_word' id='word_1_496' title='bbox 802 5039 894 5105; x_wconf 83' lang='lat'><strong>25,</strong></span> <span class='ocrx_word' id='word_1_497' title='bbox 916 5039 1031 5111; x_wconf 82' lang='lat'><strong>26.)</strong></span> <span class='ocrx_word' id='word_1_498' title='bbox 1049 5040 1130 5094; x_wconf 82' lang='lat' dir='ltr'><strong>Ad</strong></span> <span class='ocrx_word' id='word_1_499' title='bbox 1154 5059 1311 5112; x_wconf 85' lang='lat' dir='ltr'><strong>quam</strong></span> <span class='ocrx_word' id='word_1_500' title='bbox 1336 5060 1453 5097; x_wconf 89' lang='lat' dir='ltr'><strong>cum</strong></span> <span class='ocrx_word' id='word_1_501' title='bbox 1480 5063 1542 5100; x_wconf 67' lang='lat' dir='ltr'><strong>ex.</strong></span> <span class='ocrx_word' id='word_1_502' title='bbox 1563 5063 1706 5101; x_wconf 86' lang='lat' dir='ltr'><strong>more</strong></span> 
     </span>
    </p>
   </div>
   <div class='ocr_carea' id='block_1_69' title="bbox 129 5126 1704 5202">
    <p class='ocr_par' dir='ltr' id='par_1_69' title="bbox 129 5126 1704 5202">
     <span class='ocr_line' id='line_1_69' title="bbox 129 5126 1704 5202; baseline 0.006 -22"><span class='ocrx_word' id='word_1_503' title='bbox 129 5126 288 5181; x_wconf 85' lang='lat' dir='ltr'><strong>Jacob</strong></span> <span class='ocrx_word' id='word_1_504' title='bbox 314 5128 498 5197; x_wconf 83' lang='lat' dir='ltr'><strong>[uisset</strong></span> <span class='ocrx_word' id='word_1_505' title='bbox 526 5131 809 5201; x_wconf 88' lang='lat' dir='ltr'><strong>ingressus,</strong></span> <span class='ocrx_word' id='word_1_506' title='bbox 852 5131 993 5201; x_wconf 77' lang='lat' dir='ltr'><strong>facta</strong></span> <span class='ocrx_word' id='word_1_507' title='bbox 1022 5149 1173 5187; x_wconf 81' lang='lat' dir='ltr'><strong>ntane</strong></span> <span class='ocrx_word' id='word_1_508' title='bbox 1222 5134 1348 5187; x_wconf 87' lang='lat' dir='ltr'><strong>vidit</strong></span> <span class='ocrx_word' id='word_1_509' title='bbox 1398 5135 1589 5202; x_wconf 88' lang='lat' dir='ltr'><strong>Liam;</strong></span> <span class='ocrx_word' id='word_1_510' title='bbox 1620 5137 1704 5190; x_wconf 87' lang='lat' dir='ltr'><strong>di-</strong></span> 
     </span>
    </p>
   </div>
   <div class='ocr_carea' id='block_1_70' title="bbox 132 5223 1703 5293">
    <p class='ocr_par' dir='ltr' id='par_1_70' title="bbox 132 5223 1703 5293">
     <span class='ocr_line' id='line_1_70' title="bbox 132 5223 1703 5293; baseline 0.004 -18"><span class='ocrx_word' id='word_1_511' title='bbox 132 5223 299 5291; x_wconf 70' lang='lat' dir='ltr'><strong>xitque</strong></span> <span class='ocrx_word' id='word_1_512' title='bbox 325 5226 393 5276; x_wconf 89' lang='lat' dir='ltr'><strong>ad</strong></span> <span class='ocrx_word' id='word_1_513' title='bbox 422 5239 653 5277; x_wconf 83' lang='lat' dir='ltr'><strong>socerum</strong></span> <span class='ocrx_word' id='word_1_514' title='bbox 680 5241 832 5278; x_wconf 88' lang='lat' dir='ltr'><strong>suunt</strong></span> <span class='ocrx_word' id='word_1_515' title='bbox 857 5240 875 5278; x_wconf 91' lang='lat'><em>:</em></span> <span class='ocrx_word' id='word_1_516' title='bbox 922 5223 1113 5278; x_wconf 87' lang='lat' dir='ltr'><strong>Nonne</strong></span> <span class='ocrx_word' id='word_1_517' title='bbox 1135 5241 1228 5293; x_wconf 85' lang='lat' dir='ltr'><strong>pro</strong></span> <span class='ocrx_word' id='word_1_518' title='bbox 1283 5224 1475 5280; x_wconf 80' lang='lat' dir='ltr'><strong>Rachel</strong></span> <span class='ocrx_word' id='word_1_519' title='bbox 1517 5230 1703 5283; x_wconf 82' lang='lat' dir='ltr'><strong>servivi</strong></span> 
     </span>
    </p>
   </div>
   <div class='ocr_carea' id='block_1_71' title="bbox 133 5314 1700 5388">
    <p class='ocr_par' dir='ltr' id='par_1_71' title="bbox 133 5314 1700 5388">
     <span class='ocr_line' id='line_1_71' title="bbox 133 5314 1700 5388; baseline 0.003 -21"><span class='ocrx_word' id='word_1_520' title='bbox 133 5316 223 5369; x_wconf 84' lang='lat' dir='ltr'><strong>tibi</strong></span> <span class='ocrx_word' id='word_1_521' title='bbox 247 5316 268 5367; x_wconf 72' lang='grc' dir='ltr'><em>Σ)</em></span> <span class='ocrx_word' id='word_1_522' title='bbox 292 5314 467 5380; x_wconf 85' lang='lat' dir='ltr'><strong>Quare</strong></span> <span class='ocrx_word' id='word_1_523' title='bbox 506 5316 653 5369; x_wconf 89' lang='lat' dir='ltr'><strong>Liam</strong></span> <span class='ocrx_word' id='word_1_524' title='bbox 688 5317 981 5387; x_wconf 79' lang='lat' dir='ltr'><strong>imposuisti</strong></span> <span class='ocrx_word' id='word_1_525' title='bbox 1014 5316 1142 5369; x_wconf 78' lang='lat' dir='ltr'><strong>milii</strong></span> <span class='ocrx_word' id='word_1_526' title='bbox 1176 5316 1201 5369; x_wconf 86' lang='lat'><strong><em>?</em></strong></span> <span class='ocrx_word' id='word_1_527' title='bbox 1233 5314 1354 5370; x_wconf 86' lang='lat' dir='ltr'><strong>Non</strong></span> <span class='ocrx_word' id='word_1_528' title='bbox 1406 5329 1502 5383; x_wconf 87' lang='lat' dir='ltr'><strong>est,</strong></span> <span class='ocrx_word' id='word_1_529' title='bbox 1534 5320 1700 5388; x_wconf 85' lang='lat' dir='ltr'><strong>inquit</strong></span> 
     </span>
    </p>
   </div>
   <div class='ocr_carea' id='block_1_72' title="bbox 133 5408 1702 5477">
    <p class='ocr_par' dir='ltr' id='par_1_72' title="bbox 133 5408 1702 5477">
     <span class='ocr_line' id='line_1_72' title="bbox 133 5408 1702 5477; baseline 0.003 -17"><span class='ocrx_word' id='word_1_530' title='bbox 133 5408 329 5473; x_wconf 87' lang='lat' dir='ltr'><strong>Laban,</strong></span> <span class='ocrx_word' id='word_1_531' title='bbox 358 5410 410 5461; x_wconf 88' lang='lat' dir='ltr'><strong>in</strong></span> <span class='ocrx_word' id='word_1_532' title='bbox 440 5408 550 5463; x_wconf 92' lang='lat' dir='ltr'><strong>loco</strong></span> <span class='ocrx_word' id='word_1_533' title='bbox 576 5420 750 5463; x_wconf 90' lang='lat' dir='ltr'><strong>nostro</strong></span> <span class='ocrx_word' id='word_1_534' title='bbox 796 5410 1212 5477; x_wconf 86' lang='lat' dir='ltr'><strong>consuetudinis,</strong></span> <span class='ocrx_word' id='word_1_535' title='bbox 1239 5419 1293 5462; x_wconf 89' lang='lat' dir='ltr'><strong>ut</strong></span> <span class='ocrx_word' id='word_1_536' title='bbox 1325 5410 1550 5464; x_wconf 88' lang='lat' dir='ltr'><strong>minores</strong></span> <span class='ocrx_word' id='word_1_537' title='bbox 1581 5422 1702 5465; x_wconf 90' lang='lat' dir='ltr'><strong>ante</strong></span> 
     </span>
    </p>
   </div>
   <div class='ocr_carea' id='block_1_73' title="bbox 134 5499 1699 5572">
    <p class='ocr_par' dir='ltr' id='par_1_73' title="bbox 134 5499 1699 5572">
     <span class='ocr_line' id='line_1_73' title="bbox 134 5499 1699 5572; baseline 0.003 -21"><span class='ocrx_word' id='word_1_538' title='bbox 134 5499 392 5553; x_wconf 85' lang='lat' dir='ltr'><strong>tradamus</strong></span> <span class='ocrx_word' id='word_1_539' title='bbox 418 5501 486 5553; x_wconf 88' lang='lat' dir='ltr'><strong>ad</strong></span> <span class='ocrx_word' id='word_1_540' title='bbox 518 5502 746 5569; x_wconf 88' lang='lat' dir='ltr'><strong>nuptias.</strong></span> <span class='ocrx_word' id='word_1_541' title='bbox 771 5501 855 5555; x_wconf 80' lang='lat' dir='ltr'><strong>Ea:</strong></span> <span class='ocrx_word' id='word_1_542' title='bbox 883 5519 1024 5555; x_wconf 89' lang='lat' dir='ltr'><strong>more</strong></span> <span class='ocrx_word' id='word_1_543' title='bbox 1049 5500 1214 5555; x_wconf 88' lang='lat' dir='ltr'><strong>Jacob</strong></span> <span class='ocrx_word' id='word_1_544' title='bbox 1238 5503 1301 5555; x_wconf 88' lang='lat' dir='ltr'><strong>ad</strong></span> <span class='ocrx_word' id='word_1_545' title='bbox 1331 5501 1431 5555; x_wconf 87' lang='lat' dir='ltr'><strong>sibi</strong></span> <span class='ocrx_word' id='word_1_546' title='bbox 1453 5502 1699 5572; x_wconf 84' lang='lat' dir='ltr'><strong>junctam</strong></span> 
     </span>
    </p>
   </div>
   <div class='ocr_carea' id='block_1_74' title="bbox 137 5592 1699 5660">
    <p class='ocr_par' dir='ltr' id='par_1_74' title="bbox 137 5592 1699 5660">
     <span class='ocr_line' id='line_1_74' title="bbox 137 5592 1699 5660; baseline 0.004 -17"><span class='ocrx_word' id='word_1_547' title='bbox 137 5592 447 5660; x_wconf 83' lang='lat' dir='ltr'><strong>ingreditur,</strong></span> <span class='ocrx_word' id='word_1_548' title='bbox 479 5609 599 5647; x_wconf 91' lang='lat' dir='ltr'><strong>cum</strong></span> <span class='ocrx_word' id='word_1_549' title='bbox 658 5594 828 5650; x_wconf 91' lang='lat' dir='ltr'><strong>ﬁdelis</strong></span> <span class='ocrx_word' id='word_1_550' title='bbox 880 5596 1061 5649; x_wconf 82' lang='lat' dir='ltr'><strong>anima</strong></span> <span class='ocrx_word' id='word_1_551' title='bbox 1116 5596 1187 5651; x_wconf 91' lang='lat' dir='ltr'><strong>ob</strong></span> <span class='ocrx_word' id='word_1_552' title='bbox 1248 5595 1699 5651; x_wconf 87' lang='lat' dir='ltr'><strong>considerandam</strong></span> 
     </span>
    </p>
   </div>
   <div class='ocr_carea' id='block_1_75' title="bbox 129 5684 1699 5772">
    <p class='ocr_par' dir='ltr' id='par_1_75' title="bbox 129 5684 1699 5772">
     <span class='ocr_line' id='line_1_75' title="bbox 129 5684 1699 5772; baseline 0.003 -33"><span class='ocrx_word' id='word_1_553' title='bbox 129 5684 379 5772; x_wconf 55' lang='lat' dir='ltr'><strong>ppopositi</strong></span> <span class='ocrx_word' id='word_1_554' title='bbox 413 5686 491 5739; x_wconf 91' lang='lat' dir='ltr'><strong>sui</strong></span> <span class='ocrx_word' id='word_1_555' title='bbox 522 5686 757 5754; x_wconf 78' lang='lat' dir='ltr'><strong>regulam</strong></span> <span class='ocrx_word' id='word_1_556' title='bbox 794 5689 859 5741; x_wconf 86' lang='lat' dir='ltr'><strong>ad</strong></span> <span class='ocrx_word' id='word_1_557' title='bbox 889 5705 985 5744; x_wconf 88' lang='lat' dir='ltr'><strong>cor</strong></span> <span class='ocrx_word' id='word_1_558' title='bbox 1020 5687 1363 5744; x_wconf 88' lang='lat' dir='ltr'><strong>discernendi</strong></span> <span class='ocrx_word' id='word_1_559' title='bbox 1404 5704 1567 5744; x_wconf 89' lang='lat' dir='ltr'><strong>causa</strong></span> <span class='ocrx_word' id='word_1_560' title='bbox 1621 5703 1699 5743; x_wconf 86' lang='lat' dir='ltr'><strong>re-</strong></span> 
     </span>
    </p>
   </div>
   <div class='ocr_carea' id='block_1_76' title="bbox 128 5777 1696 5852">
    <p class='ocr_par' dir='ltr' id='par_1_76' title="bbox 128 5777 1696 5852">
     <span class='ocr_line' id='line_1_76' title="bbox 128 5777 1696 5852; baseline 0 -18"><span class='ocrx_word' id='word_1_561' title='bbox 128 5777 368 5837; x_wconf 71' lang='lat' dir='ltr'><strong>vertitur.</strong></span> <span class='ocrx_word' id='word_1_562' title='bbox 401 5778 505 5833; x_wconf 89' lang='lat' dir='ltr'><strong>Sed</strong></span> <span class='ocrx_word' id='word_1_563' title='bbox 536 5797 685 5833; x_wconf 89' lang='lat' dir='ltr'><strong>mane</strong></span> <span class='ocrx_word' id='word_1_564' title='bbox 737 5782 928 5835; x_wconf 83' lang='lat' dir='ltr'><strong>divinae</strong></span> <span class='ocrx_word' id='word_1_565' title='bbox 978 5781 1353 5837; x_wconf 86' lang='lat' dir='ltr'><strong>illustratiouis</strong></span> <span class='ocrx_word' id='word_1_566' title='bbox 1381 5782 1542 5852; x_wconf 82' lang='lat' dir='ltr'><strong>facto,</strong></span> <span class='ocrx_word' id='word_1_567' title='bbox 1572 5781 1696 5836; x_wconf 88' lang='lat' dir='ltr'><strong>dum</strong></span> 
     </span>
    </p>
   </div>
   <div class='ocr_carea' id='block_1_77' title="bbox 132 5872 1695 5945">
    <p class='ocr_par' dir='ltr' id='par_1_77' title="bbox 132 5872 1695 5945">
     <span class='ocr_line' id='line_1_77' title="bbox 132 5872 1695 5945; baseline 0.008 -28"><span class='ocrx_word' id='word_1_568' title='bbox 132 5876 188 5929; x_wconf 70' lang='lat' dir='ltr'><strong>de</strong></span> <span class='ocrx_word' id='word_1_569' title='bbox 235 5872 611 5945; x_wconf 76' lang='lat' dir='ltr'><strong>prmimoruttt</strong></span> <span class='ocrx_word' id='word_1_570' title='bbox 667 5890 793 5927; x_wconf 81' lang='lat' dir='ltr'><strong>cura</strong></span> <span class='ocrx_word' id='word_1_571' title='bbox 851 5874 1196 5930; x_wconf 74' lang='lat' dir='ltr'><strong>consricntia:</strong></span> <span class='ocrx_word' id='word_1_572' title='bbox 1244 5875 1393 5930; x_wconf 85' lang='lat' dir='ltr'><strong>labor</strong></span> <span class='ocrx_word' id='word_1_573' title='bbox 1444 5875 1695 5931; x_wconf 84' lang='lat' dir='ltr'><strong>inductus</strong></span> 
     </span>
    </p>
   </div>
   <div class='ocr_carea' id='block_1_78' title="bbox 1902 2009 3421 2085">
    <p class='ocr_par' dir='ltr' id='par_1_78' title="bbox 1902 2009 3421 2085">
     <span class='ocr_line' id='line_1_78' title="bbox 1902 2009 3421 2085; baseline -0.004 -17"><span class='ocrx_word' id='word_1_574' title='bbox 1902 2013 2067 2069; x_wconf 72' lang='lat' dir='ltr'><strong>Vens.</strong></span> <span class='ocrx_word' id='word_1_575' title='bbox 2108 2014 2198 2069; x_wconf 88' lang='lat'><strong>27.</strong></span> <span class='ocrx_word' id='word_1_576' title='bbox 2227 2045 2299 2059; x_wconf 82' lang='lat'><strong><em>-—</em></strong></span> <span class='ocrx_word' id='word_1_577' title='bbox 2354 2014 2524 2085; x_wconf 81' lang='lat' dir='ltr'><strong>Imple</strong></span> <span class='ocrx_word' id='word_1_578' title='bbox 2579 2014 2962 2067; x_wconf 77' lang='lat' dir='ltr'><strong>hebdomadam</strong></span> <span class='ocrx_word' id='word_1_579' title='bbox 3010 2012 3217 2065; x_wconf 88' lang='lat' dir='ltr'><strong>dierum</strong></span> <span class='ocrx_word' id='word_1_580' title='bbox 3259 2009 3421 2079; x_wconf 82' lang='lat' dir='ltr'><strong>hujus</strong></span> 
     </span>
    </p>
   </div>
   <div class='ocr_carea' id='block_1_79' title="bbox 1831 2106 3420 2178">
    <p class='ocr_par' dir='ltr' id='par_1_79' title="bbox 1831 2106 3420 2178">
     <span class='ocr_line' id='line_1_79' title="bbox 1831 2106 3420 2178; baseline -0.003 -19"><span class='ocrx_word' id='word_1_581' title='bbox 1831 2106 2052 2175; x_wconf 71' lang='lat' dir='ltr'><strong>copula&#39;,</strong></span> <span class='ocrx_word' id='word_1_582' title='bbox 2078 2116 2127 2160; x_wconf 91' lang='lat' dir='ltr'><strong>et</strong></span> <span class='ocrx_word' id='word_1_583' title='bbox 2166 2109 2302 2161; x_wconf 85' lang='lat' dir='ltr'><strong>hanc</strong></span> <span class='ocrx_word' id='word_1_584' title='bbox 2330 2123 2532 2178; x_wconf 84' lang='lat' dir='ltr'><strong>quoque</strong></span> <span class='ocrx_word' id='word_1_585' title='bbox 2568 2107 2701 2160; x_wconf 90' lang='lat' dir='ltr'><strong>dabo</strong></span> <span class='ocrx_word' id='word_1_586' title='bbox 2748 2106 2842 2159; x_wconf 89' lang='lat' dir='ltr'><strong>tibi</strong></span> <span class='ocrx_word' id='word_1_587' title='bbox 2880 2121 2976 2167; x_wconf 87' lang='lat' dir='ltr'><strong>pro</strong></span> <span class='ocrx_word' id='word_1_588' title='bbox 3006 2120 3156 2173; x_wconf 89' lang='lat' dir='ltr'><strong>opere</strong></span> <span class='ocrx_word' id='word_1_589' title='bbox 3177 2119 3278 2173; x_wconf 82' lang='lat' dir='ltr'><strong>quo</strong></span> <span class='ocrx_word' id='word_1_590' title='bbox 3310 2117 3420 2155; x_wconf 85' lang='lat' dir='ltr'><strong>ser-</strong></span> 
     </span>
    </p>
   </div>
   <div class='ocr_carea' id='block_1_80' title="bbox 1832 2179 3417 2266">
    <p class='ocr_par' dir='ltr' id='par_1_80' title="bbox 1832 2179 3417 2266">
     <span class='ocr_line' id='line_1_80' title="bbox 1832 2179 3417 2266; baseline -0.003 -14"><span class='ocrx_word' id='word_1_591' title='bbox 1832 2198 2033 2252; x_wconf 88' lang='lat' dir='ltr'><strong>viturus</strong></span> <span class='ocrx_word' id='word_1_592' title='bbox 2057 2214 2113 2251; x_wconf 88' lang='lat' dir='ltr'><strong>es</strong></span> <span class='ocrx_word' id='word_1_593' title='bbox 2141 2198 2291 2262; x_wconf 71' lang='lat' dir='ltr'><strong>mihi,</strong></span> <span class='ocrx_word' id='word_1_594' title='bbox 2320 2207 2512 2266; x_wconf 87' lang='lat' dir='ltr'><strong>septem</strong></span> <span class='ocrx_word' id='word_1_595' title='bbox 2555 2179 2706 2251; x_wconf 82' lang='lat' dir='ltr'><strong>annis</strong></span> <span class='ocrx_word' id='word_1_596' title='bbox 2755 2197 2897 2250; x_wconf 79' lang='lat' dir='ltr'><strong>aliis.</strong></span> <span class='ocrx_word' id='word_1_597' title='bbox 2933 2196 3277 2250; x_wconf 66' lang='lat' dir='ltr'><strong>Ilelfdomada</strong></span> <span class='ocrx_word' id='word_1_598' title='bbox 3304 2194 3417 2248; x_wconf 85' lang='lat' dir='ltr'><strong>die-</strong></span> 
     </span>
    </p>
   </div>
   <div class='ocr_carea' id='block_1_81' title="bbox 1832 2287 3419 2360">
    <p class='ocr_par' dir='ltr' id='par_1_81' title="bbox 1832 2287 3419 2360">
     <span class='ocr_line' id='line_1_81' title="bbox 1832 2287 3419 2360; baseline -0.003 -17"><span class='ocrx_word' id='word_1_599' title='bbox 1832 2305 1953 2343; x_wconf 89' lang='lat' dir='ltr'><strong>rum</strong></span> <span class='ocrx_word' id='word_1_600' title='bbox 1982 2288 2191 2359; x_wconf 78' lang='lat' dir='ltr'><strong>copulve</strong></span> <span class='ocrx_word' id='word_1_601' title='bbox 2222 2290 2498 2360; x_wconf 90' lang='lat' dir='ltr'><strong>impletur,</strong></span> <span class='ocrx_word' id='word_1_602' title='bbox 2527 2305 2650 2345; x_wconf 92' lang='lat' dir='ltr'><strong>cum</strong></span> <span class='ocrx_word' id='word_1_603' title='bbox 2687 2288 2931 2359; x_wconf 90' lang='lat' dir='ltr'><strong>plenaria</strong></span> <span class='ocrx_word' id='word_1_604' title='bbox 2964 2287 3232 2341; x_wconf 90' lang='lat' dir='ltr'><strong>bonorum</strong></span> <span class='ocrx_word' id='word_1_605' title='bbox 3286 2299 3419 2353; x_wconf 84' lang='lat' dir='ltr'><strong>ope-</strong></span> 
     </span>
    </p>
   </div>
   <div class='ocr_carea' id='block_1_82' title="bbox 1830 2363 3419 2452">
    <p class='ocr_par' dir='ltr' id='par_1_82' title="bbox 1830 2363 3419 2452">
     <span class='ocr_line' id='line_1_82' title="bbox 1830 2363 3419 2452; baseline -0.005 -15"><span class='ocrx_word' id='word_1_606' title='bbox 1830 2363 1951 2437; x_wconf 85' lang='lat' dir='ltr'><strong>rum</strong></span> <span class='ocrx_word' id='word_1_607' title='bbox 1982 2384 2333 2439; x_wconf 82' lang='lat' dir='ltr'><strong>exsecutione</strong></span> <span class='ocrx_word' id='word_1_608' title='bbox 2357 2384 2527 2438; x_wconf 85' lang='lat' dir='ltr'><strong>amori</strong></span> <span class='ocrx_word' id='word_1_609' title='bbox 2566 2383 2688 2452; x_wconf 88' lang='lat' dir='ltr'><strong>quis</strong></span> <span class='ocrx_word' id='word_1_610' title='bbox 2716 2381 3031 2438; x_wconf 80' lang='lat' dir='ltr'><strong>Conditoris</strong></span> <span class='ocrx_word' id='word_1_611' title='bbox 3072 2378 3419 2449; x_wconf 85' lang='lat' dir='ltr'><strong>astringitur,</strong></span> 
     </span>
    </p>
   </div>
   <div class='ocr_carea' id='block_1_83' title="bbox 1829 2472 3421 2544">
    <p class='ocr_par' dir='ltr' id='par_1_83' title="bbox 1829 2472 3421 2544">
     <span class='ocr_line' id='line_1_83' title="bbox 1829 2472 3421 2544; baseline -0.005 -16"><span class='ocrx_word' id='word_1_612' title='bbox 1829 2479 1883 2528; x_wconf 93' lang='lat' dir='ltr'><strong>et</strong></span> <span class='ocrx_word' id='word_1_613' title='bbox 1920 2484 2045 2527; x_wconf 88' lang='lat' dir='ltr'><strong>tunc</strong></span> <span class='ocrx_word' id='word_1_614' title='bbox 2072 2472 2173 2527; x_wconf 89' lang='lat' dir='ltr'><strong>alia</strong></span> <span class='ocrx_word' id='word_1_615' title='bbox 2200 2489 2298 2542; x_wconf 90' lang='lat' dir='ltr'><strong>pro</strong></span> <span class='ocrx_word' id='word_1_616' title='bbox 2330 2488 2495 2544; x_wconf 90' lang='lat' dir='ltr'><strong>opere</strong></span> <span class='ocrx_word' id='word_1_617' title='bbox 2519 2484 2726 2543; x_wconf 88' lang='lat' dir='ltr'><strong>septem</strong></span> <span class='ocrx_word' id='word_1_618' title='bbox 2752 2472 2977 2526; x_wconf 85' lang='lat' dir='ltr'><strong>aliorum</strong></span> <span class='ocrx_word' id='word_1_619' title='bbox 3001 2482 3288 2531; x_wconf 87' lang='lat' dir='ltr'><strong>annorum,</strong></span> <span class='ocrx_word' id='word_1_620' title='bbox 3312 2481 3421 2536; x_wconf 89' lang='lat' dir='ltr'><strong>quo</strong></span> 
     </span>
    </p>
   </div>
   <div class='ocr_carea' id='block_1_84' title="bbox 1828 2558 3419 2634">
    <p class='ocr_par' dir='ltr' id='par_1_84' title="bbox 1828 2558 3419 2634">
     <span class='ocr_line' id='line_1_84' title="bbox 1828 2558 3419 2634; baseline -0.004 -15"><span class='ocrx_word' id='word_1_621' title='bbox 1828 2565 2135 2620; x_wconf 78' lang='lat' dir='ltr'><strong>serviturus</strong></span> <span class='ocrx_word' id='word_1_622' title='bbox 2161 2574 2267 2632; x_wconf 87' lang='lat' dir='ltr'><strong>est,</strong></span> <span class='ocrx_word' id='word_1_623' title='bbox 2300 2566 2480 2631; x_wconf 90' lang='lat' dir='ltr'><strong>datur,</strong></span> <span class='ocrx_word' id='word_1_624' title='bbox 2512 2581 2634 2621; x_wconf 91' lang='lat' dir='ltr'><strong>cum</strong></span> <span class='ocrx_word' id='word_1_625' title='bbox 2696 2562 2996 2634; x_wconf 90' lang='lat' dir='ltr'><strong>spcculatio</strong></span> <span class='ocrx_word' id='word_1_626' title='bbox 3045 2560 3202 2631; x_wconf 89' lang='lat' dir='ltr'><strong>quasi</strong></span> <span class='ocrx_word' id='word_1_627' title='bbox 3246 2558 3419 2628; x_wconf 87' lang='lat' dir='ltr'><strong>quod-</strong></span> 
     </span>
    </p>
   </div>
   <div class='ocr_carea' id='block_1_85' title="bbox 1829 2650 3412 2728">
    <p class='ocr_par' dir='ltr' id='par_1_85' title="bbox 1829 2650 3412 2728">
     <span class='ocr_line' id='line_1_85' title="bbox 1829 2650 3412 2728; baseline -0.004 -17"><span class='ocrx_word' id='word_1_628' title='bbox 1829 2655 1952 2711; x_wconf 89' lang='lat' dir='ltr'><strong>dam</strong></span> <span class='ocrx_word' id='word_1_629' title='bbox 1980 2656 2265 2728; x_wconf 73' lang='lat' dir='ltr'><strong>przemium</strong></span> <span class='ocrx_word' id='word_1_630' title='bbox 2306 2656 2514 2711; x_wconf 67' lang='lat' dir='ltr'><strong>intimae</strong></span> <span class='ocrx_word' id='word_1_631' title='bbox 2547 2666 2773 2721; x_wconf 67' lang='lat' dir='ltr'><strong>nostrae,</strong></span> <span class='ocrx_word' id='word_1_632' title='bbox 2805 2671 2911 2726; x_wconf 90' lang='lat' dir='ltr'><strong>qua</strong></span> <span class='ocrx_word' id='word_1_633' title='bbox 2943 2669 2972 2708; x_wconf 92' lang='lat' dir='ltr'><strong>a</strong></span> <span class='ocrx_word' id='word_1_634' title='bbox 2998 2652 3146 2707; x_wconf 90' lang='lat' dir='ltr'><strong>vitiis</strong></span> <span class='ocrx_word' id='word_1_635' title='bbox 3173 2650 3412 2721; x_wconf 90' lang='lat' dir='ltr'><strong>quiesci—</strong></span> 
     </span>
    </p>
   </div>
   <div class='ocr_carea' id='block_1_86' title="bbox 1829 2744 3418 2819">
    <p class='ocr_par' dir='ltr' id='par_1_86' title="bbox 1829 2744 3418 2819">
     <span class='ocr_line' id='line_1_86' title="bbox 1829 2744 3418 2819; baseline -0.003 -16"><span class='ocrx_word' id='word_1_636' title='bbox 1829 2763 1971 2814; x_wconf 87' lang='lat' dir='ltr'><strong>mus,</strong></span> <span class='ocrx_word' id='word_1_637' title='bbox 2005 2750 2155 2819; x_wconf 89' lang='lat' dir='ltr'><strong>pacis</strong></span> <span class='ocrx_word' id='word_1_638' title='bbox 2191 2749 2430 2804; x_wconf 88' lang='lat' dir='ltr'><strong>additur.</strong></span> <span class='ocrx_word' id='word_1_639' title='bbox 2482 2748 2701 2819; x_wconf 89' lang='lat' dir='ltr'><strong>Septem</strong></span> <span class='ocrx_word' id='word_1_640' title='bbox 2749 2748 2873 2802; x_wconf 90' lang='lat' dir='ltr'><strong>anni</strong></span> <span class='ocrx_word' id='word_1_641' title='bbox 2929 2746 3140 2816; x_wconf 85' lang='lat' dir='ltr'><strong>priores</strong></span> <span class='ocrx_word' id='word_1_642' title='bbox 3189 2745 3242 2799; x_wconf 91' lang='lat' dir='ltr'><strong>in</strong></span> <span class='ocrx_word' id='word_1_643' title='bbox 3277 2744 3418 2799; x_wconf 89' lang='lat' dir='ltr'><strong>inte-</strong></span> 
     </span>
    </p>
   </div>
   <div class='ocr_carea' id='block_1_87' title="bbox 1831 2836 3413 2909">
    <p class='ocr_par' dir='ltr' id='par_1_87' title="bbox 1831 2836 3413 2909">
     <span class='ocr_line' id='line_1_87' title="bbox 1831 2836 3413 2909; baseline -0.003 -17"><span class='ocrx_word' id='word_1_644' title='bbox 1831 2838 1963 2892; x_wconf 90' lang='lat' dir='ltr'><strong>riori</strong></span> <span class='ocrx_word' id='word_1_645' title='bbox 1987 2840 2358 2909; x_wconf 82' lang='lat' dir='ltr'><strong>exteriorique</strong></span> <span class='ocrx_word' id='word_1_646' title='bbox 2386 2838 2688 2893; x_wconf 89' lang='lat' dir='ltr'><strong>certamine</strong></span> <span class='ocrx_word' id='word_1_647' title='bbox 2711 2845 2835 2891; x_wconf 90' lang='lat' dir='ltr'><strong>sunt</strong></span> <span class='ocrx_word' id='word_1_648' title='bbox 2862 2854 2876 2903; x_wconf 90' lang='lat'><strong>;</strong></span> <span class='ocrx_word' id='word_1_649' title='bbox 2910 2836 3167 2907; x_wconf 86' lang='lat' dir='ltr'><strong>postremi</strong></span> <span class='ocrx_word' id='word_1_650' title='bbox 3206 2842 3413 2904; x_wconf 88' lang='lat' dir='ltr'><strong>septem</strong></span> 
     </span>
    </p>
   </div>
   <div class='ocr_carea' id='block_1_88' title="bbox 1829 2927 3417 3003">
    <p class='ocr_par' dir='ltr' id='par_1_88' title="bbox 1829 2927 3417 3003">
     <span class='ocr_line' id='line_1_88' title="bbox 1829 2927 3417 3003; baseline -0.003 -18"><span class='ocrx_word' id='word_1_651' title='bbox 1829 2932 2119 3002; x_wconf 84' lang='lat' dir='ltr'><strong>utrobique</strong></span> <span class='ocrx_word' id='word_1_652' title='bbox 2143 2933 2357 3003; x_wconf 87' lang='lat' dir='ltr'><strong>corpori</strong></span> <span class='ocrx_word' id='word_1_653' title='bbox 2389 2932 2598 2988; x_wconf 91' lang='lat' dir='ltr'><strong>scilicet</strong></span> <span class='ocrx_word' id='word_1_654' title='bbox 2656 2940 2712 2986; x_wconf 88' lang='lat' dir='ltr'><strong>et</strong></span> <span class='ocrx_word' id='word_1_655' title='bbox 2750 2930 2944 2984; x_wconf 70' lang='lat' dir='ltr'><strong>anima:</strong></span> <span class='ocrx_word' id='word_1_656' title='bbox 2982 2945 3048 2983; x_wconf 86' lang='lat' dir='ltr'><strong>ex</strong></span> <span class='ocrx_word' id='word_1_657' title='bbox 3093 2927 3303 2998; x_wconf 88' lang='lat' dir='ltr'><strong>peccati</strong></span> <span class='ocrx_word' id='word_1_658' title='bbox 3334 2927 3417 2980; x_wconf 84' lang='lat' dir='ltr'><strong>vi-</strong></span> 
     </span>
    </p>
   </div>
   <div class='ocr_carea' id='block_1_89' title="bbox 1826 3020 3416 3093">
    <p class='ocr_par' dir='ltr' id='par_1_89' title="bbox 1826 3020 3416 3093">
     <span class='ocr_line' id='line_1_89' title="bbox 1826 3020 3416 3093; baseline -0.003 -15"><span class='ocrx_word' id='word_1_659' title='bbox 1826 3024 2001 3078; x_wconf 89' lang='lat' dir='ltr'><strong>etoria</strong></span> <span class='ocrx_word' id='word_1_660' title='bbox 2027 3023 2195 3092; x_wconf 89' lang='lat' dir='ltr'><strong>quieti</strong></span> <span class='ocrx_word' id='word_1_661' title='bbox 2246 3032 2301 3078; x_wconf 89' lang='lat' dir='ltr'><strong>et</strong></span> <span class='ocrx_word' id='word_1_662' title='bbox 2330 3023 2523 3093; x_wconf 87' lang='lat' dir='ltr'><strong>placidi</strong></span> <span class='ocrx_word' id='word_1_663' title='bbox 2574 3032 2723 3078; x_wconf 90' lang='lat' dir='ltr'><strong>sunt.</strong></span> <span class='ocrx_word' id='word_1_664' title='bbox 2771 3020 2908 3076; x_wconf 85' lang='lat' dir='ltr'><strong>Hinc</strong></span> <span class='ocrx_word' id='word_1_665' title='bbox 2952 3021 3153 3075; x_wconf 88' lang='lat' dir='ltr'><strong>etenim</strong></span> <span class='ocrx_word' id='word_1_666' title='bbox 3194 3029 3248 3075; x_wconf 93' lang='lat' dir='ltr'><strong>et</strong></span> <span class='ocrx_word' id='word_1_667' title='bbox 3289 3020 3416 3074; x_wconf 86' lang='lat' dir='ltr'><strong>inde</strong></span> 
     </span>
    </p>
   </div>
   <div class='ocr_carea' id='block_1_90' title="bbox 1826 3109 3411 3183">
    <p class='ocr_par' dir='ltr' id='par_1_90' title="bbox 1826 3109 3411 3183">
     <span class='ocr_line' id='line_1_90' title="bbox 1826 3109 3411 3183; baseline -0.003 -17"><span class='ocrx_word' id='word_1_668' title='bbox 1826 3128 1923 3182; x_wconf 87' lang='lat' dir='ltr'><strong>per</strong></span> <span class='ocrx_word' id='word_1_669' title='bbox 1978 3113 2352 3183; x_wconf 87' lang='lat' dir='ltr'><strong>scptcnarium</strong></span> <span class='ocrx_word' id='word_1_670' title='bbox 2403 3113 2793 3180; x_wconf 85' lang='lat' dir='ltr'><strong>sabbatizatur,</strong></span> <span class='ocrx_word' id='word_1_671' title='bbox 2849 3110 3026 3181; x_wconf 91' lang='lat' dir='ltr'><strong>primo</strong></span> <span class='ocrx_word' id='word_1_672' title='bbox 3071 3110 3311 3166; x_wconf 87' lang='lat' dir='ltr'><strong>exterius</strong></span> <span class='ocrx_word' id='word_1_673' title='bbox 3356 3109 3411 3164; x_wconf 90' lang='lat' dir='ltr'><strong>in</strong></span> 
     </span>
    </p>
   </div>
   <div class='ocr_carea' id='block_1_91' title="bbox 1827 3201 3408 3274">
    <p class='ocr_par' dir='ltr' id='par_1_91' title="bbox 1827 3201 3408 3274">
     <span class='ocr_line' id='line_1_91' title="bbox 1827 3201 3408 3274; baseline -0.001 -17"><span class='ocrx_word' id='word_1_674' title='bbox 1827 3220 2011 3273; x_wconf 85' lang='lat' dir='ltr'><strong>opere,</strong></span> <span class='ocrx_word' id='word_1_675' title='bbox 2052 3206 2395 3274; x_wconf 88' lang='lat' dir='ltr'><strong>postmodum</strong></span> <span class='ocrx_word' id='word_1_676' title='bbox 2446 3205 2678 3260; x_wconf 88' lang='lat' dir='ltr'><strong>interius</strong></span> <span class='ocrx_word' id='word_1_677' title='bbox 2727 3205 2779 3259; x_wconf 90' lang='lat' dir='ltr'><strong>in</strong></span> <span class='ocrx_word' id='word_1_678' title='bbox 2823 3204 3173 3274; x_wconf 84' lang='lat' dir='ltr'><strong>cogitatione.</strong></span> <span class='ocrx_word' id='word_1_679' title='bbox 3229 3201 3408 3258; x_wconf 81' lang='lat' dir='ltr'><strong>Verba</strong></span> 
     </span>
    </p>
   </div>
   <div class='ocr_carea' id='block_1_92' title="bbox 1774 3293 3413 3368">
    <p class='ocr_par' dir='ltr' id='par_1_92' title="bbox 1774 3293 3413 3368">
     <span class='ocr_line' id='line_1_92' title="bbox 1774 3293 3413 3368; baseline -0.002 -19"><span class='ocrx_word' id='word_1_680' title='bbox 1774 3298 1791 3318; x_wconf 88' lang='lat'>‘</span> <span class='ocrx_word' id='word_1_681' title='bbox 1826 3295 2013 3349; x_wconf 90' lang='lat' dir='ltr'><strong>Laban</strong></span> <span class='ocrx_word' id='word_1_682' title='bbox 2039 3296 2112 3349; x_wconf 91' lang='lat' dir='ltr'><strong>nil</strong></span> <span class='ocrx_word' id='word_1_683' title='bbox 2142 3297 2286 3351; x_wconf 91' lang='lat' dir='ltr'><strong>aliud</strong></span> <span class='ocrx_word' id='word_1_684' title='bbox 2329 3296 2600 3368; x_wconf 87' lang='lat' dir='ltr'><strong>intelligas</strong></span> <span class='ocrx_word' id='word_1_685' title='bbox 2628 3312 2791 3367; x_wconf 89' lang='lat' dir='ltr'><strong>quam</strong></span> <span class='ocrx_word' id='word_1_686' title='bbox 2826 3295 3056 3350; x_wconf 87' lang='lat' dir='ltr'><strong>rationis</strong></span> <span class='ocrx_word' id='word_1_687' title='bbox 3097 3293 3413 3348; x_wconf 73' lang='lat' dir='ltr'><strong>illuminatm</strong></span> 
     </span>
    </p>
   </div>
   <div class='ocr_carea' id='block_1_93' title="bbox 1827 3383 3402 3456">
    <p class='ocr_par' dir='ltr' id='par_1_93' title="bbox 1827 3383 3402 3456">
     <span class='ocr_line' id='line_1_93' title="bbox 1827 3383 3402 3456; baseline -0.001 -19"><span class='ocrx_word' id='word_1_688' title='bbox 1827 3385 2175 3440; x_wconf 87' lang='lat' dir='ltr'><strong>sententiam.</strong></span> <span class='ocrx_word' id='word_1_689' title='bbox 2207 3386 2392 3456; x_wconf 75' lang='lat' dir='ltr'><strong>(Vens.</strong></span> <span class='ocrx_word' id='word_1_690' title='bbox 2426 3386 2515 3452; x_wconf 89' lang='lat'><strong>28,</strong></span> <span class='ocrx_word' id='word_1_691' title='bbox 2556 3386 2672 3455; x_wconf 85' lang='lat'><strong>29.)</strong></span> <span class='ocrx_word' id='word_1_692' title='bbox 2696 3386 3008 3455; x_wconf 83' lang='lat' dir='ltr'><strong>Acquiescit</strong></span> <span class='ocrx_word' id='word_1_693' title='bbox 3032 3400 3163 3454; x_wconf 83' lang='lat' dir='ltr'><strong>ergo</strong></span> <span class='ocrx_word' id='word_1_694' title='bbox 3190 3383 3358 3438; x_wconf 85' lang='lat' dir='ltr'><strong>Jacob</strong></span> <span class='ocrx_word' id='word_1_695' title='bbox 3386 3400 3402 3449; x_wconf 87' lang='lat'><strong>;</strong></span> 
     </span>
    </p>
   </div>
   <div class='ocr_carea' id='block_1_94' title="bbox 1825 3474 3410 3544">
    <p class='ocr_par' dir='ltr' id='par_1_94' title="bbox 1825 3474 3410 3544">
     <span class='ocr_line' id='line_1_94' title="bbox 1825 3474 3410 3544; baseline -0.002 -14"><span class='ocrx_word' id='word_1_696' title='bbox 1825 3474 1920 3530; x_wconf 90' lang='lat' dir='ltr'><strong>sed</strong></span> <span class='ocrx_word' id='word_1_697' title='bbox 1947 3475 2168 3530; x_wconf 79' lang='lat' dir='ltr'><strong>Racheli</strong></span> <span class='ocrx_word' id='word_1_698' title='bbox 2198 3475 2325 3529; x_wconf 86' lang='lat' dir='ltr'><strong>Bala</strong></span> <span class='ocrx_word' id='word_1_699' title='bbox 2352 3477 2547 3531; x_wconf 89' lang='lat' dir='ltr'><strong>ancilla</strong></span> <span class='ocrx_word' id='word_1_700' title='bbox 2599 3474 2965 3544; x_wconf 80' lang='lat' dir='ltr'><strong>subjungitur.</strong></span> <span class='ocrx_word' id='word_1_701' title='bbox 3014 3474 3139 3529; x_wconf 87' lang='lat' dir='ltr'><strong>Bala</strong></span> <span class='ocrx_word' id='word_1_702' title='bbox 3172 3488 3298 3529; x_wconf 88' lang='lat' dir='ltr'><strong>vero</strong></span> <span class='ocrx_word' id='word_1_703' title='bbox 3325 3474 3410 3527; x_wconf 88' lang='lat' dir='ltr'><strong>in-</strong></span> 
     </span>
    </p>
   </div>
   <div class='ocr_carea' id='block_1_95' title="bbox 1824 3566 3406 3634">
    <p class='ocr_par' dir='ltr' id='par_1_95' title="bbox 1824 3566 3406 3634">
     <span class='ocr_line' id='line_1_95' title="bbox 1824 3566 3406 3634; baseline -0.001 -14"><span class='ocrx_word' id='word_1_704' title='bbox 1824 3574 2057 3620; x_wconf 87' lang='lat' dir='ltr'><strong>veterata</strong></span> <span class='ocrx_word' id='word_1_705' title='bbox 2108 3566 2522 3634; x_wconf 89' lang='lat' dir='ltr'><strong>interpretatur.</strong></span> <span class='ocrx_word' id='word_1_706' title='bbox 2584 3566 2844 3621; x_wconf 87' lang='lat' dir='ltr'><strong>Vetustas</strong></span> <span class='ocrx_word' id='word_1_707' title='bbox 2902 3574 3083 3619; x_wconf 86' lang='lat' dir='ltr'><strong>autem</strong></span> <span class='ocrx_word' id='word_1_708' title='bbox 3141 3566 3244 3619; x_wconf 87' lang='lat' dir='ltr'><strong>ista</strong></span> <span class='ocrx_word' id='word_1_709' title='bbox 3297 3579 3406 3619; x_wconf 76' lang='lat' dir='ltr'><strong>non</strong></span> 
     </span>
    </p>
   </div>
   <div class='ocr_carea' id='block_1_96' title="bbox 1823 3656 3409 3727">
    <p class='ocr_par' dir='ltr' id='par_1_96' title="bbox 1823 3656 3409 3727">
     <span class='ocr_line' id='line_1_96' title="bbox 1823 3656 3409 3727; baseline 0.001 -17"><span class='ocrx_word' id='word_1_710' title='bbox 1823 3656 1957 3710; x_wconf 76' lang='lat' dir='ltr'><strong>mihi</strong></span> <span class='ocrx_word' id='word_1_711' title='bbox 1982 3656 2088 3711; x_wconf 81' lang='lat' dir='ltr'><strong>alia</strong></span> <span class='ocrx_word' id='word_1_712' title='bbox 2111 3658 2345 3724; x_wconf 90' lang='lat' dir='ltr'><strong>videtur,</strong></span> <span class='ocrx_word' id='word_1_713' title='bbox 2372 3672 2532 3727; x_wconf 90' lang='lat' dir='ltr'><strong>quam</strong></span> <span class='ocrx_word' id='word_1_714' title='bbox 2582 3673 2966 3727; x_wconf 89' lang='lat' dir='ltr'><strong>corporearum</strong></span> <span class='ocrx_word' id='word_1_715' title='bbox 3018 3672 3197 3712; x_wconf 86' lang='lat' dir='ltr'><strong>rerum</strong></span> <span class='ocrx_word' id='word_1_716' title='bbox 3233 3657 3409 3727; x_wconf 87' lang='lat' dir='ltr'><strong>phan-</strong></span> 
     </span>
    </p>
   </div>
   <div class='ocr_carea' id='block_1_97' title="bbox 1826 3747 3397 3819">
    <p class='ocr_par' dir='ltr' id='par_1_97' title="bbox 1826 3747 3397 3819">
     <span class='ocr_line' id='line_1_97' title="bbox 1826 3747 3397 3819; baseline 0.002 -19"><span class='ocrx_word' id='word_1_717' title='bbox 1826 3747 1989 3812; x_wconf 87' lang='lat' dir='ltr'><strong>tasia,</strong></span> <span class='ocrx_word' id='word_1_718' title='bbox 2037 3762 2156 3817; x_wconf 68' lang='lat' dir='ltr'><strong>qua:</strong></span> <span class='ocrx_word' id='word_1_719' title='bbox 2186 3761 2405 3817; x_wconf 87' lang='lat' dir='ltr'><strong>semper</strong></span> <span class='ocrx_word' id='word_1_720' title='bbox 2440 3748 2886 3819; x_wconf 89' lang='lat' dir='ltr'><strong>contemplationi</strong></span> <span class='ocrx_word' id='word_1_721' title='bbox 2917 3748 3282 3819; x_wconf 89' lang='lat' dir='ltr'><strong>spiritualium</strong></span> <span class='ocrx_word' id='word_1_722' title='bbox 3315 3749 3397 3804; x_wconf 83' lang='lat' dir='ltr'><strong>in-</strong></span> 
     </span>
    </p>
   </div>
   <div class='ocr_carea' id='block_1_98' title="bbox 1817 3840 3405 3913">
    <p class='ocr_par' dir='ltr' id='par_1_98' title="bbox 1817 3840 3405 3913">
     <span class='ocr_line' id='line_1_98' title="bbox 1817 3840 3405 3913; baseline 0.003 -18"><span class='ocrx_word' id='word_1_723' title='bbox 1817 3840 1972 3897; x_wconf 83' lang='lat' dir='ltr'><strong>fensa</strong></span> <span class='ocrx_word' id='word_1_724' title='bbox 1997 3843 2251 3898; x_wconf 88' lang='lat' dir='ltr'><strong>sentitur.</strong></span> <span class='ocrx_word' id='word_1_725' title='bbox 2277 3842 2764 3912; x_wconf 79' lang='lat' dir='ltr'><strong>Conlemplationis</strong></span> <span class='ocrx_word' id='word_1_726' title='bbox 2795 3844 2978 3913; x_wconf 87' lang='lat' dir='ltr'><strong>itaque</strong></span> <span class='ocrx_word' id='word_1_727' title='bbox 3010 3845 3222 3899; x_wconf 87' lang='lat' dir='ltr'><strong>novitas</strong></span> <span class='ocrx_word' id='word_1_728' title='bbox 3252 3844 3405 3899; x_wconf 86' lang='lat' dir='ltr'><strong>inve-</strong></span> 
     </span>
    </p>
   </div>
   <div class='ocr_carea' id='block_1_99' title="bbox 1820 3936 3398 4011">
    <p class='ocr_par' dir='ltr' id='par_1_99' title="bbox 1820 3936 3398 4011">
     <span class='ocr_line' id='line_1_99' title="bbox 1820 3936 3398 4011; baseline 0.001 -21"><span class='ocrx_word' id='word_1_729' title='bbox 1820 3944 2048 4000; x_wconf 87' lang='lat' dir='ltr'><strong>teratur,</strong></span> <span class='ocrx_word' id='word_1_730' title='bbox 2082 3950 2204 3989; x_wconf 91' lang='lat' dir='ltr'><strong>cum</strong></span> <span class='ocrx_word' id='word_1_731' title='bbox 2236 3936 2670 4004; x_wconf 88' lang='lat' dir='ltr'><strong>corruptibilium</strong></span> <span class='ocrx_word' id='word_1_732' title='bbox 2711 3936 3038 4006; x_wconf 81' lang='lat' dir='ltr'><strong>imaginibus</strong></span> <span class='ocrx_word' id='word_1_733' title='bbox 3066 3937 3398 4011; x_wconf 88' lang='lat' dir='ltr'><strong>incursatur,</strong></span> 
     </span>
    </p>
   </div>
   <div class='ocr_carea' id='block_1_100' title="bbox 1818 4026 3401 4101">
    <p class='ocr_par' dir='ltr' id='par_1_100' title="bbox 1818 4026 3401 4101">
     <span class='ocr_line' id='line_1_100' title="bbox 1818 4026 3401 4101; baseline 0.002 -20"><span class='ocrx_word' id='word_1_734' title='bbox 1818 4026 2153 4081; x_wconf 85' lang='lat' dir='ltr'><strong>aneillariter</strong></span> <span class='ocrx_word' id='word_1_735' title='bbox 2205 4035 2387 4082; x_wconf 89' lang='lat' dir='ltr'><strong>tamen</strong></span> <span class='ocrx_word' id='word_1_736' title='bbox 2441 4026 2751 4097; x_wconf 89' lang='lat' dir='ltr'><strong>subjicitur.</strong></span> <span class='ocrx_word' id='word_1_737' title='bbox 2809 4029 2997 4100; x_wconf 73' lang='lat' dir='ltr'><strong>(Vens.</strong></span> <span class='ocrx_word' id='word_1_738' title='bbox 3055 4028 3170 4101; x_wconf 86' lang='lat'><strong>&#39;50.)</strong></span> <span class='ocrx_word' id='word_1_739' title='bbox 3200 4028 3401 4084; x_wconf 81' lang='lat' dir='ltr'><strong>Verum</strong></span> 
     </span>
    </p>
   </div>
   <div class='ocr_carea' id='block_1_101' title="bbox 1818 4117 3399 4192">
    <p class='ocr_par' dir='ltr' id='par_1_101' title="bbox 1818 4117 3399 4192">
     <span class='ocr_line' id='line_1_101' title="bbox 1818 4117 3399 4192; baseline 0.003 -20"><span class='ocrx_word' id='word_1_740' title='bbox 1818 4118 1905 4174; x_wconf 90' lang='lat' dir='ltr'><strong>his</strong></span> <span class='ocrx_word' id='word_1_741' title='bbox 1969 4117 2137 4173; x_wconf 86' lang='lat' dir='ltr'><strong>Jacob</strong></span> <span class='ocrx_word' id='word_1_742' title='bbox 2194 4120 2398 4188; x_wconf 90' lang='lat' dir='ltr'><strong>potitus</strong></span> <span class='ocrx_word' id='word_1_743' title='bbox 2466 4120 2716 4189; x_wconf 90' lang='lat' dir='ltr'><strong>nuptiis,</strong></span> <span class='ocrx_word' id='word_1_744' title='bbox 2765 4134 3007 4176; x_wconf 91' lang='lat' dir='ltr'><strong>amorem</strong></span> <span class='ocrx_word' id='word_1_745' title='bbox 3072 4124 3349 4192; x_wconf 86' lang='lat' dir='ltr'><strong>sequentis</strong></span> <span class='ocrx_word' id='word_1_746' title='bbox 3383 4164 3399 4189; x_wconf 95' lang='lat'><strong>,</strong></span> 
     </span>
    </p>
   </div>
   <div class='ocr_carea' id='block_1_102' title="bbox 1816 4210 3400 4285">
    <p class='ocr_par' dir='ltr' id='par_1_102' title="bbox 1816 4210 3400 4285">
     <span class='ocr_line' id='line_1_102' title="bbox 1816 4210 3400 4285; baseline 0.004 -21"><span class='ocrx_word' id='word_1_747' title='bbox 1816 4210 1868 4265; x_wconf 93' lang='lat' dir='ltr'><strong>id</strong></span> <span class='ocrx_word' id='word_1_748' title='bbox 1897 4220 1982 4267; x_wconf 91' lang='lat' dir='ltr'><strong>est</strong></span> <span class='ocrx_word' id='word_1_749' title='bbox 2029 4211 2493 4282; x_wconf 55' lang='lat' dir='ltr'><strong>contemplativa},</strong></span> <span class='ocrx_word' id='word_1_750' title='bbox 2539 4213 2739 4284; x_wconf 87' lang='lat' dir='ltr'><strong>priori,</strong></span> <span class='ocrx_word' id='word_1_751' title='bbox 2786 4213 2839 4269; x_wconf 89' lang='lat' dir='ltr'><strong>id</strong></span> <span class='ocrx_word' id='word_1_752' title='bbox 2891 4223 2975 4270; x_wconf 87' lang='lat' dir='ltr'><strong>est</strong></span> <span class='ocrx_word' id='word_1_753' title='bbox 3025 4214 3216 4270; x_wconf 71' lang='lat' dir='ltr'><strong>activae</strong></span> <span class='ocrx_word' id='word_1_754' title='bbox 3264 4232 3400 4285; x_wconf 70' lang='lat' dir='ltr'><strong>prae-</strong></span> 
     </span>
    </p>
   </div>
   <div class='ocr_carea' id='block_1_103' title="bbox 1814 4303 1954 4357">
    <p class='ocr_par' dir='ltr' id='par_1_103' title="bbox 1814 4303 1954 4357">
     <span class='ocr_line' id='line_1_103' title="bbox 1814 4303 1954 4357; baseline 0.014 -2"><span class='ocrx_word' id='word_1_755' title='bbox 1814 4303 1954 4357; x_wconf 90' lang='lat' dir='ltr'><strong>tulit.</strong></span> 
     </span>
    </p>
   </div>
   <div class='ocr_carea' id='block_1_104' title="bbox 1888 4396 3400 4470">
    <p class='ocr_par' dir='ltr' id='par_1_104' title="bbox 1888 4396 3400 4470">
     <span class='ocr_line' id='line_1_104' title="bbox 1888 4396 3400 4470; baseline 0.004 -21"><span class='ocrx_word' id='word_1_756' title='bbox 1888 4396 2049 4452; x_wconf 75' lang='lat' dir='ltr'><strong>Vsns.</strong></span> <span class='ocrx_word' id='word_1_757' title='bbox 2080 4398 2170 4452; x_wconf 79' lang='lat'><strong>3|.</strong></span> <span class='ocrx_word' id='word_1_758' title='bbox 2193 4429 2265 4439; x_wconf 95' lang='lat'>—</span> <span class='ocrx_word' id='word_1_759' title='bbox 2299 4396 2495 4454; x_wconf 88' lang='lat' dir='ltr'><strong>Videns</strong></span> <span class='ocrx_word' id='word_1_760' title='bbox 2519 4408 2697 4454; x_wconf 89' lang='lat' dir='ltr'><strong>autem</strong></span> <span class='ocrx_word' id='word_1_761' title='bbox 2734 4398 2899 4465; x_wconf 88' lang='lat' dir='ltr'><strong>Deus,</strong></span> <span class='ocrx_word' id='word_1_762' title='bbox 2947 4401 3087 4470; x_wconf 85' lang='lat' dir='ltr'><strong>quod</strong></span> <span class='ocrx_word' id='word_1_763' title='bbox 3116 4400 3400 4469; x_wconf 81' lang='lat' dir='ltr'><strong>despiceret</strong></span> 
     </span>
    </p>
   </div>
   <div class='ocr_carea' id='block_1_105' title="bbox 1813 4485 3441 4559">
    <p class='ocr_par' dir='ltr' id='par_1_105' title="bbox 1813 4485 3441 4559">
     <span class='ocr_line' id='line_1_105' title="bbox 1813 4485 3441 4559; baseline 0.004 -21"><span class='ocrx_word' id='word_1_764' title='bbox 1813 4485 1986 4553; x_wconf 87' lang='lat' dir='ltr'><strong>Liam,</strong></span> <span class='ocrx_word' id='word_1_765' title='bbox 2016 4490 2220 4557; x_wconf 88' lang='lat' dir='ltr'><strong>aperuit</strong></span> <span class='ocrx_word' id='word_1_766' title='bbox 2248 4488 2457 4543; x_wconf 85' lang='lat' dir='ltr'><strong>vulvam</strong></span> <span class='ocrx_word' id='word_1_767' title='bbox 2481 4490 2618 4559; x_wconf 86' lang='lat' dir='ltr'><strong>ejus,</strong></span> <span class='ocrx_word' id='word_1_768' title='bbox 2651 4505 2831 4543; x_wconf 89' lang='lat' dir='ltr'><strong>sorore</strong></span> <span class='ocrx_word' id='word_1_769' title='bbox 2852 4488 3016 4542; x_wconf 86' lang='lat' dir='ltr'><strong>sterili</strong></span> <span class='ocrx_word' id='word_1_770' title='bbox 3043 4497 3395 4557; x_wconf 86' lang='lat' dir='ltr'><strong>permanente.</strong></span> <span class='ocrx_word' id='word_1_771' title='bbox 3438 4524 3441 4529; x_wconf 68' lang='grc' dir='ltr'><strong>ι</strong></span> 
     </span>
    </p>
   </div>
   <div class='ocr_carea' id='block_1_106' title="bbox 1816 4577 3397 4651">
    <p class='ocr_par' dir='ltr' id='par_1_106' title="bbox 1816 4577 3397 4651">
     <span class='ocr_line' id='line_1_106' title="bbox 1816 4577 3397 4651; baseline 0.004 -21"><span class='ocrx_word' id='word_1_772' title='bbox 1816 4577 1973 4634; x_wconf 83' lang='lat' dir='ltr'><strong>Videt</strong></span> <span class='ocrx_word' id='word_1_773' title='bbox 2002 4579 2258 4634; x_wconf 88' lang='lat' dir='ltr'><strong>Dominus</strong></span> <span class='ocrx_word' id='word_1_774' title='bbox 2288 4580 2364 4651; x_wconf 93' lang='lat' dir='ltr'><strong>(id</strong></span> <span class='ocrx_word' id='word_1_775' title='bbox 2419 4588 2522 4645; x_wconf 87' lang='lat' dir='ltr'><strong>est,</strong></span> <span class='ocrx_word' id='word_1_776' title='bbox 2563 4580 2747 4634; x_wconf 89' lang='lat' dir='ltr'><strong>videre</strong></span> <span class='ocrx_word' id='word_1_777' title='bbox 2791 4594 2890 4634; x_wconf 90' lang='lat' dir='ltr'><strong>nos</strong></span> <span class='ocrx_word' id='word_1_778' title='bbox 2918 4577 3091 4650; x_wconf 60' lang='lat' dir='ltr'><strong>facit)</strong></span> <span class='ocrx_word' id='word_1_779' title='bbox 3120 4581 3260 4650; x_wconf 85' lang='lat' dir='ltr'><strong>quod</strong></span> <span class='ocrx_word' id='word_1_780' title='bbox 3290 4596 3397 4637; x_wconf 89' lang='lat' dir='ltr'><strong>non</strong></span> 
     </span>
    </p>
   </div>
   <div class='ocr_carea' id='block_1_107' title="bbox 1810 4669 3393 4739">
    <p class='ocr_par' dir='ltr' id='par_1_107' title="bbox 1810 4669 3393 4739">
     <span class='ocr_line' id='line_1_107' title="bbox 1810 4669 3393 4739; baseline 0.002 -16"><span class='ocrx_word' id='word_1_781' title='bbox 1810 4669 1950 4724; x_wconf 89' lang='lat' dir='ltr'><strong>bene</strong></span> <span class='ocrx_word' id='word_1_782' title='bbox 1984 4669 2319 4725; x_wconf 76' lang='lat' dir='ltr'><strong>:estimemus</strong></span> <span class='ocrx_word' id='word_1_783' title='bbox 2346 4670 2413 4724; x_wconf 90' lang='lat' dir='ltr'><strong>de</strong></span> <span class='ocrx_word' id='word_1_784' title='bbox 2442 4669 2563 4734; x_wconf 88' lang='lat' dir='ltr'><strong>Lia,</strong></span> <span class='ocrx_word' id='word_1_785' title='bbox 2597 4669 2650 4724; x_wconf 92' lang='lat' dir='ltr'><strong>id</strong></span> <span class='ocrx_word' id='word_1_786' title='bbox 2677 4681 2759 4725; x_wconf 89' lang='lat' dir='ltr'><strong>est</strong></span> <span class='ocrx_word' id='word_1_787' title='bbox 2791 4670 2856 4724; x_wconf 87' lang='lat' dir='ltr'><strong>de</strong></span> <span class='ocrx_word' id='word_1_788' title='bbox 2876 4670 3073 4725; x_wconf 87' lang='lat' dir='ltr'><strong>actuali</strong></span> <span class='ocrx_word' id='word_1_789' title='bbox 3103 4671 3238 4739; x_wconf 87' lang='lat' dir='ltr'><strong>vita,</strong></span> <span class='ocrx_word' id='word_1_790' title='bbox 3266 4671 3393 4726; x_wconf 89' lang='lat' dir='ltr'><strong>dum</strong></span> 
     </span>
    </p>
   </div>
   <div class='ocr_carea' id='block_1_108' title="bbox 1808 4758 3393 4833">
    <p class='ocr_par' dir='ltr' id='par_1_108' title="bbox 1808 4758 3393 4833">
     <span class='ocr_line' id='line_1_108' title="bbox 1808 4758 3393 4833; baseline 0.004 -22"><span class='ocrx_word' id='word_1_791' title='bbox 1808 4758 1963 4829; x_wconf 91' lang='lat' dir='ltr'><strong>quasi</strong></span> <span class='ocrx_word' id='word_1_792' title='bbox 1996 4759 2166 4814; x_wconf 87' lang='lat' dir='ltr'><strong>tutius</strong></span> <span class='ocrx_word' id='word_1_793' title='bbox 2195 4766 2465 4829; x_wconf 85' lang='lat' dir='ltr'><strong>putamus,</strong></span> <span class='ocrx_word' id='word_1_794' title='bbox 2498 4759 2655 4815; x_wconf 88' lang='lat' dir='ltr'><strong>nobis</strong></span> <span class='ocrx_word' id='word_1_795' title='bbox 2688 4759 2818 4815; x_wconf 91' lang='lat' dir='ltr'><strong>solis</strong></span> <span class='ocrx_word' id='word_1_796' title='bbox 2869 4760 3170 4828; x_wconf 88' lang='lat' dir='ltr'><strong>intendere,</strong></span> <span class='ocrx_word' id='word_1_797' title='bbox 3228 4777 3393 4833; x_wconf 88' lang='lat' dir='ltr'><strong>quam</strong></span> 
     </span>
    </p>
   </div>
   <div class='ocr_carea' id='block_1_109' title="bbox 1809 4850 3393 4925">
    <p class='ocr_par' dir='ltr' id='par_1_109' title="bbox 1809 4850 3393 4925">
     <span class='ocr_line' id='line_1_109' title="bbox 1809 4850 3393 4925; baseline 0.004 -20"><span class='ocrx_word' id='word_1_798' title='bbox 1809 4850 1911 4905; x_wconf 88' lang='lat' dir='ltr'><strong>sub</strong></span> <span class='ocrx_word' id='word_1_799' title='bbox 1938 4852 2170 4921; x_wconf 79' lang='lat' dir='ltr'><strong>proximi</strong></span> <span class='ocrx_word' id='word_1_800' title='bbox 2201 4868 2334 4907; x_wconf 89' lang='lat' dir='ltr'><strong>cura</strong></span> <span class='ocrx_word' id='word_1_801' title='bbox 2361 4852 2654 4920; x_wconf 90' lang='lat' dir='ltr'><strong>desudare,</strong></span> <span class='ocrx_word' id='word_1_802' title='bbox 2689 4853 2971 4924; x_wconf 87' lang='lat' dir='ltr'><strong>aperitque</strong></span> <span class='ocrx_word' id='word_1_803' title='bbox 3022 4855 3225 4910; x_wconf 84' lang='lat' dir='ltr'><strong>vulvam</strong></span> <span class='ocrx_word' id='word_1_804' title='bbox 3254 4856 3393 4925; x_wconf 87' lang='lat' dir='ltr'><strong>ejus,</strong></span> 
     </span>
    </p>
   </div>
   <div class='ocr_carea' id='block_1_110' title="bbox 1812 4944 3392 5017">
    <p class='ocr_par' dir='ltr' id='par_1_110' title="bbox 1812 4944 3392 5017">
     <span class='ocr_line' id='line_1_110' title="bbox 1812 4944 3392 5017; baseline 0.002 -18"><span class='ocrx_word' id='word_1_805' title='bbox 1812 4944 1975 5001; x_wconf 89' lang='lat' dir='ltr'><strong>idest</strong></span> <span class='ocrx_word' id='word_1_806' title='bbox 2027 4945 2267 5001; x_wconf 91' lang='lat' dir='ltr'><strong>ostendit</strong></span> <span class='ocrx_word' id='word_1_807' title='bbox 2319 4945 2611 5002; x_wconf 89' lang='lat' dir='ltr'><strong>utilitatem</strong></span> <span class='ocrx_word' id='word_1_808' title='bbox 2667 4963 2732 5003; x_wconf 91' lang='lat' dir='ltr'><strong>ac</strong></span> <span class='ocrx_word' id='word_1_809' title='bbox 2770 4946 3200 5003; x_wconf 78' lang='lat' dir='ltr'><strong>iructuositatem</strong></span> <span class='ocrx_word' id='word_1_810' title='bbox 3249 4948 3392 5017; x_wconf 90' lang='lat' dir='ltr'><strong>ejus,</strong></span> 
     </span>
    </p>
   </div>
   <div class='ocr_carea' id='block_1_111' title="bbox 1809 5039 3394 5112">
    <p class='ocr_par' dir='ltr' id='par_1_111' title="bbox 1809 5039 3394 5112">
     <span class='ocr_line' id='line_1_111' title="bbox 1809 5039 3394 5112; baseline 0.001 -19"><span class='ocrx_word' id='word_1_811' title='bbox 1809 5039 1935 5109; x_wconf 90' lang='lat' dir='ltr'><strong>quia</strong></span> <span class='ocrx_word' id='word_1_812' title='bbox 1968 5040 2183 5095; x_wconf 88' lang='lat' dir='ltr'><strong>scilicet</strong></span> <span class='ocrx_word' id='word_1_813' title='bbox 2229 5056 2519 5097; x_wconf 92' lang='lat' dir='ltr'><strong>commune</strong></span> <span class='ocrx_word' id='word_1_814' title='bbox 2555 5045 2760 5098; x_wconf 91' lang='lat' dir='ltr'><strong>bonum</strong></span> <span class='ocrx_word' id='word_1_815' title='bbox 2810 5043 3023 5112; x_wconf 90' lang='lat' dir='ltr'><strong>privato</strong></span> <span class='ocrx_word' id='word_1_816' title='bbox 3070 5043 3229 5097; x_wconf 87' lang='lat' dir='ltr'><strong>debet</strong></span> <span class='ocrx_word' id='word_1_817' title='bbox 3255 5056 3394 5111; x_wconf 74' lang='lat' dir='ltr'><strong>pra:-</strong></span> 
     </span>
    </p>
   </div>
   <div class='ocr_carea' id='block_1_112' title="bbox 1805 5131 3395 5201">
    <p class='ocr_par' dir='ltr' id='par_1_112' title="bbox 1805 5131 3395 5201">
     <span class='ocr_line' id='line_1_112' title="bbox 1805 5131 3395 5201; baseline 0.002 -17"><span class='ocrx_word' id='word_1_818' title='bbox 1805 5131 1953 5201; x_wconf 92' lang='lat' dir='ltr'><strong>poni,</strong></span> <span class='ocrx_word' id='word_1_819' title='bbox 1982 5140 2160 5185; x_wconf 80' lang='lat' dir='ltr'><strong>sorore</strong></span> <span class='ocrx_word' id='word_1_820' title='bbox 2186 5144 2523 5201; x_wconf 89' lang='lat' dir='ltr'><strong>permanente</strong></span> <span class='ocrx_word' id='word_1_821' title='bbox 2542 5133 2727 5200; x_wconf 89' lang='lat' dir='ltr'><strong>sterili,</strong></span> <span class='ocrx_word' id='word_1_822' title='bbox 2777 5134 2829 5187; x_wconf 92' lang='lat' dir='ltr'><strong>id</strong></span> <span class='ocrx_word' id='word_1_823' title='bbox 2852 5132 3073 5186; x_wconf 89' lang='lat' dir='ltr'><strong>estdum</strong></span> <span class='ocrx_word' id='word_1_824' title='bbox 3104 5147 3169 5186; x_wconf 83' lang='lat' dir='ltr'><strong>ex</strong></span> <span class='ocrx_word' id='word_1_825' title='bbox 3200 5132 3395 5187; x_wconf 80' lang='lat' dir='ltr'><strong>fecun-</strong></span> 
     </span>
    </p>
   </div>
   <div class='ocr_carea' id='block_1_113' title="bbox 1806 5222 3391 5295">
    <p class='ocr_par' dir='ltr' id='par_1_113' title="bbox 1806 5222 3391 5295">
     <span class='ocr_line' id='line_1_113' title="bbox 1806 5222 3391 5295; baseline 0.001 -18"><span class='ocrx_word' id='word_1_826' title='bbox 1806 5222 1975 5278; x_wconf 88' lang='lat' dir='ltr'><strong>ditate</strong></span> <span class='ocrx_word' id='word_1_827' title='bbox 2021 5223 2351 5280; x_wconf 86' lang='lat' dir='ltr'><strong>actualitatis</strong></span> <span class='ocrx_word' id='word_1_828' title='bbox 2406 5226 2761 5295; x_wconf 88' lang='lat' dir='ltr'><strong>perpenditur</strong></span> <span class='ocrx_word' id='word_1_829' title='bbox 2802 5224 2964 5277; x_wconf 87' lang='lat' dir='ltr'><strong>unica</strong></span> <span class='ocrx_word' id='word_1_830' title='bbox 3016 5224 3221 5280; x_wconf 88' lang='lat' dir='ltr'><strong>utilitas</strong></span> <span class='ocrx_word' id='word_1_831' title='bbox 3281 5225 3391 5289; x_wconf 91' lang='lat' dir='ltr'><strong>sui,</strong></span> 
     </span>
    </p>
   </div>
   <div class='ocr_carea' id='block_1_114' title="bbox 1807 5315 3388 5388">
    <p class='ocr_par' dir='ltr' id='par_1_114' title="bbox 1807 5315 3388 5388">
     <span class='ocr_line' id='line_1_114' title="bbox 1807 5315 3388 5388; baseline 0.004 -19"><span class='ocrx_word' id='word_1_832' title='bbox 1807 5330 1907 5370; x_wconf 89' lang='lat' dir='ltr'><strong>nec</strong></span> <span class='ocrx_word' id='word_1_833' title='bbox 1929 5315 2246 5370; x_wconf 88' lang='lat' dir='ltr'><strong>intendatur</strong></span> <span class='ocrx_word' id='word_1_834' title='bbox 2275 5318 2374 5372; x_wconf 90' lang='lat' dir='ltr'><strong>abs</strong></span> <span class='ocrx_word' id='word_1_835' title='bbox 2404 5317 2650 5388; x_wconf 89' lang='lat' dir='ltr'><strong>quolibet</strong></span> <span class='ocrx_word' id='word_1_836' title='bbox 2688 5316 3058 5387; x_wconf 90' lang='lat' dir='ltr'><strong>proximarum</strong></span> <span class='ocrx_word' id='word_1_837' title='bbox 3100 5317 3388 5386; x_wconf 81' lang='lat' dir='ltr'><strong>proiectui.</strong></span> 
     </span>
    </p>
   </div>
   <div class='ocr_carea' id='block_1_115' title="bbox 1806 5408 3391 5481">
    <p class='ocr_par' dir='ltr' id='par_1_115' title="bbox 1806 5408 3391 5481">
     <span class='ocr_line' id='line_1_115' title="bbox 1806 5408 3391 5481; baseline 0.002 -18"><span class='ocrx_word' id='word_1_838' title='bbox 1806 5408 2003 5479; x_wconf 76' lang='lat' dir='ltr'><strong>(Vsus.</strong></span> <span class='ocrx_word' id='word_1_839' title='bbox 2053 5409 2170 5481; x_wconf 78' lang='lat'><strong>52.)</strong></span> <span class='ocrx_word' id='word_1_840' title='bbox 2202 5408 2521 5481; x_wconf 88' lang='lat' dir='ltr'><strong>Conceptum</strong></span> <span class='ocrx_word' id='word_1_841' title='bbox 2573 5410 2802 5467; x_wconf 88' lang='lat' dir='ltr'><strong>actualis</strong></span> <span class='ocrx_word' id='word_1_842' title='bbox 2847 5419 3075 5479; x_wconf 85' lang='lat' dir='ltr'><strong>generat</strong></span> <span class='ocrx_word' id='word_1_843' title='bbox 3107 5409 3297 5479; x_wconf 78' lang='lat' dir='ltr'><strong>ﬁlium,</strong></span> <span class='ocrx_word' id='word_1_844' title='bbox 3338 5414 3391 5466; x_wconf 87' lang='lat' dir='ltr'><strong>id</strong></span> 
     </span>
    </p>
   </div>
   <div class='ocr_carea' id='block_1_116' title="bbox 1804 5500 3389 5574">
    <p class='ocr_par' dir='ltr' id='par_1_116' title="bbox 1804 5500 3389 5574">
     <span class='ocr_line' id='line_1_116' title="bbox 1804 5500 3389 5574; baseline 0 -17"><span class='ocrx_word' id='word_1_845' title='bbox 1804 5511 1888 5557; x_wconf 90' lang='lat' dir='ltr'><strong>est</strong></span> <span class='ocrx_word' id='word_1_846' title='bbox 1917 5503 2256 5572; x_wconf 87' lang='lat' dir='ltr'><strong>propositum</strong></span> <span class='ocrx_word' id='word_1_847' title='bbox 2285 5502 2506 5558; x_wconf 83' lang='lat' dir='ltr'><strong>exhibet</strong></span> <span class='ocrx_word' id='word_1_848' title='bbox 2545 5501 2871 5574; x_wconf 81' lang='lat' dir='ltr'><strong>generaliter</strong></span> <span class='ocrx_word' id='word_1_849' title='bbox 2897 5500 2971 5572; x_wconf 90' lang='lat' dir='ltr'><strong>pii</strong></span> <span class='ocrx_word' id='word_1_850' title='bbox 3015 5503 3198 5573; x_wconf 91' lang='lat' dir='ltr'><strong>operis</strong></span> <span class='ocrx_word' id='word_1_851' title='bbox 3228 5518 3389 5557; x_wconf 83' lang='lat' dir='ltr'><strong>excr-</strong></span> 
     </span>
    </p>
   </div>
   <div class='ocr_carea' id='block_1_117' title="bbox 1802 5596 3386 5666">
    <p class='ocr_par' dir='ltr' id='par_1_117' title="bbox 1802 5596 3386 5666">
     <span class='ocr_line' id='line_1_117' title="bbox 1802 5596 3386 5666; baseline 0.001 -16"><span class='ocrx_word' id='word_1_852' title='bbox 1802 5596 2015 5662; x_wconf 89' lang='lat' dir='ltr'><strong>citium,</strong></span> <span class='ocrx_word' id='word_1_853' title='bbox 2041 5605 2097 5651; x_wconf 88' lang='lat' dir='ltr'><strong>et</strong></span> <span class='ocrx_word' id='word_1_854' title='bbox 2120 5606 2276 5651; x_wconf 91' lang='lat' dir='ltr'><strong>vocat</strong></span> <span class='ocrx_word' id='word_1_855' title='bbox 2341 5611 2527 5651; x_wconf 89' lang='lat' dir='ltr'><strong>nomen</strong></span> <span class='ocrx_word' id='word_1_856' title='bbox 2554 5596 2669 5666; x_wconf 78' lang='lat' dir='ltr'><strong>eius</strong></span> <span class='ocrx_word' id='word_1_857' title='bbox 2712 5596 2918 5665; x_wconf 86' lang='lat' dir='ltr'><strong>Ruben,</strong></span> <span class='ocrx_word' id='word_1_858' title='bbox 2968 5597 3205 5653; x_wconf 68' lang='lat' dir='ltr'><strong>testimat</strong></span> <span class='ocrx_word' id='word_1_859' title='bbox 3237 5599 3386 5653; x_wconf 90' lang='lat' dir='ltr'><strong>vide-</strong></span> 
     </span>
    </p>
   </div>
   <div class='ocr_carea' id='block_1_118' title="bbox 1803 5687 3381 5761">
    <p class='ocr_par' dir='ltr' id='par_1_118' title="bbox 1803 5687 3381 5761">
     <span class='ocr_line' id='line_1_118' title="bbox 1803 5687 3381 5761; baseline 0.003 -21"><span class='ocrx_word' id='word_1_860' title='bbox 1803 5687 1929 5741; x_wconf 91' lang='lat' dir='ltr'><strong>licet</strong></span> <span class='ocrx_word' id='word_1_861' title='bbox 1958 5687 2097 5756; x_wconf 90' lang='lat' dir='ltr'><strong>apud</strong></span> <span class='ocrx_word' id='word_1_862' title='bbox 2125 5701 2183 5743; x_wconf 90' lang='lat' dir='ltr'><strong>se</strong></span> <span class='ocrx_word' id='word_1_863' title='bbox 2205 5702 2472 5742; x_wconf 89' lang='lat' dir='ltr'><strong>summam</strong></span> <span class='ocrx_word' id='word_1_864' title='bbox 2496 5687 2613 5758; x_wconf 90' lang='lat' dir='ltr'><strong>ejus</strong></span> <span class='ocrx_word' id='word_1_865' title='bbox 2649 5690 2828 5759; x_wconf 90' lang='lat' dir='ltr'><strong>operis</strong></span> <span class='ocrx_word' id='word_1_866' title='bbox 2850 5691 2990 5759; x_wconf 88' lang='lat' dir='ltr'><strong>quod</strong></span> <span class='ocrx_word' id='word_1_867' title='bbox 3016 5705 3186 5761; x_wconf 89' lang='lat' dir='ltr'><strong>penes</strong></span> <span class='ocrx_word' id='word_1_868' title='bbox 3212 5689 3381 5745; x_wconf 89' lang='lat' dir='ltr'><strong>Deum</strong></span> 
     </span>
    </p>
   </div>
   <div class='ocr_carea' id='block_1_119' title="bbox 1805 5776 3382 5846">
    <p class='ocr_par' dir='ltr' id='par_1_119' title="bbox 1805 5776 3382 5846">
     <span class='ocr_line' id='line_1_119' title="bbox 1805 5776 3382 5846; baseline 0 -15"><span class='ocrx_word' id='word_1_869' title='bbox 1805 5776 2134 5832; x_wconf 88' lang='lat' dir='ltr'><strong>nominabile</strong></span> <span class='ocrx_word' id='word_1_870' title='bbox 2156 5787 2259 5846; x_wconf 86' lang='lat' dir='ltr'><strong>est,</strong></span> <span class='ocrx_word' id='word_1_871' title='bbox 2296 5777 2509 5846; x_wconf 74' lang='lat' dir='ltr'><strong>Ruben,</strong></span> <span class='ocrx_word' id='word_1_872' title='bbox 2541 5779 2593 5834; x_wconf 91' lang='lat' dir='ltr'><strong>id</strong></span> <span class='ocrx_word' id='word_1_873' title='bbox 2635 5786 2719 5835; x_wconf 89' lang='lat' dir='ltr'><strong>est</strong></span> <span class='ocrx_word' id='word_1_874' title='bbox 2748 5779 2869 5836; x_wconf 89' lang='lat' dir='ltr'><strong>vide</strong></span> <span class='ocrx_word' id='word_1_875' title='bbox 2922 5779 2973 5833; x_wconf 92' lang='lat' dir='ltr'><strong>in</strong></span> <span class='ocrx_word' id='word_1_876' title='bbox 3005 5780 3202 5843; x_wconf 90' lang='lat' dir='ltr'><strong>medio,</strong></span> <span class='ocrx_word' id='word_1_877' title='bbox 3240 5779 3382 5846; x_wconf 86' lang='lat' dir='ltr'><strong>quod</strong></span> 
     </span>
    </p>
   </div>
   <div class='ocr_carea' id='block_1_120' title="bbox 1804 5870 3376 5946">
    <p class='ocr_par' dir='ltr' id='par_1_120' title="bbox 1804 5870 3376 5946">
     <span class='ocr_line' id='line_1_120' title="bbox 1804 5870 3376 5946; baseline -0.004 -17"><span class='ocrx_word' id='word_1_878' title='bbox 1804 5883 1907 5941; x_wconf 84' lang='lat' dir='ltr'><strong>est,</strong></span> <span class='ocrx_word' id='word_1_879' title='bbox 1955 5887 2066 5928; x_wconf 90' lang='lat' dir='ltr'><strong>non</strong></span> <span class='ocrx_word' id='word_1_880' title='bbox 2114 5887 2209 5929; x_wconf 89' lang='lat' dir='ltr'><strong>suo</strong></span> <span class='ocrx_word' id='word_1_881' title='bbox 2242 5871 2470 5946; x_wconf 87' lang='lat' dir='ltr'><strong>simplici</strong></span> <span class='ocrx_word' id='word_1_882' title='bbox 2507 5870 2810 5943; x_wconf 88' lang='lat' dir='ltr'><strong>providere,</strong></span> <span class='ocrx_word' id='word_1_883' title='bbox 2844 5872 2935 5928; x_wconf 89' lang='lat' dir='ltr'><strong>sed</strong></span> <span class='ocrx_word' id='word_1_884' title='bbox 2970 5872 3239 5926; x_wconf 83' lang='lat' dir='ltr'><strong>communi</strong></span> <span class='ocrx_word' id='word_1_885' title='bbox 3282 5887 3376 5941; x_wconf 81' lang='lat' dir='ltr'><strong>po—</strong></span> 
     </span>
    </p>
   </div>
  </div>
