3982 6360
520 353 629 408 Ξξὸ

525 556 675 609 dium
730 564 907 609 autem
958 570 1050 623 pro
1078 552 1340 605 communi
1389 550 1629 620 ponitur.
1694 547 1855 613 Vidit,
1901 548 2104 618 inquit,

527 645 671 699 Deus
710 632 1053 697 humilitatem
1100 657 1292 715 meum,
1323 641 1375 695 id
1422 650 1506 695 est
1552 640 1679 694 dum
1719 654 1895 694 meam
1935 646 2109 693 atten-

529 738 660 793 dere
690 750 777 789 me
816 732 944 787 facit
986 733 1398 794 necessitatem,
1454 731 1508 785 in
1555 746 1661 800 qua
1689 744 1832 798 saepe
1861 730 2113 799 experior

530 827 760 900 proximi
790 825 1179 893 humilitatem,
1223 840 1392 894 cogor
1422 824 1719 895 rependere
1762 838 1905 888 eam,
1949 838 2111 893 quam

526 920 666 991 apud
706 919 842 974 alios
864 928 1127 989 expertus
1150 933 1270 972 sum
1301 917 1713 991 benignitatem.
1763 914 1923 969 Nunc
1958 932 2109 968 ama-

526 1010 595 1063 bit
618 1024 700 1062 me
725 1009 805 1062 vir
835 1024 1004 1062 meus.
1029 1006 1343 1061 Intellectus
1370 1000 1467 1071 ait,
1502 1006 1588 1060 cui
1621 1005 1819 1059 attinet
1839 1003 2114 1059 interioris

524 1090 1042 1171 hominisduCatus,
1096 1101 1311 1170 repulso
1336 1100 1579 1155 laborum
1619 1098 1857 1161 fastidio,
1893 1098 1949 1153 in
1998 1099 2113 1169 ipso

524 1191 838 1246 dilectionis
864 1205 1053 1245 amore
1096 1191 1433 1262 reSpirabit;
1477 1199 1531 1244 et
1576 1190 1680 1244 hoc
1735 1188 1900 1244 faciet
1946 1190 2111 1243 etiam

528 1296 697 1345 nunc,
723 1278 777 1334 id
808 1290 891 1334 est
916 1280 972 1334 in
1001 1280 1196 1335 sarculo
1223 1280 1500 1350 praesenti,
1535 1280 1805 1334 cantando
1827 1277 2110 1333 videlicet:

531 1373 671 1441 Ecce
698 1389 857 1443 quam
882 1374 1092 1439 bonum,
1120 1384 1165 1427 et
1191 1389 1347 1443 quant
1366 1372 1667 1442 jucundum
1721 1372 1963 1425 habitare
1993 1371 2114 1441 fra-

532 1476 638 1530 tres
666 1467 722 1519 in
757 1465 956 1519 unum!
988 1463 1165 1537 (Psal.
1191 1482 1397 1531 cxxxu,
1423 1465 1475 1537 1)
1763 1449 1767 1453 ’

605 1555 764 1611 Vnus.
789 1555 877 1610 35.
910 1586 980 1596 —
1004 1554 1231 1609 Rursum
1257 1557 1514 1626 concepit,
1550 1564 1597 1609 et
1619 1555 1814 1626 peperit
1842 1553 2039 1623 ﬁlium,
2067 1564 2114 1608 et

530 1646 654 1700 ait:
709 1645 848 1719 Quia
892 1648 1090 1701 audivit
1131 1647 1387 1701 Dominus
1435 1647 1613 1702 haberi
1662 1654 1741 1702 me
1780 1646 2113 1717 contemptui,

529 1738 672 1793 dedit
710 1739 1035 1794 mihietiam
1060 1740 1217 1793 istum
1249 1757 1267 1805 ς
1300 1740 1596 1810 vocavitque
1648 1755 1834 1793 nomen
1888 1739 2001 1807 ejus
2029 1736 2118 1792 Si-

1313 351 1372 404 V.
1403 346 1726 405 GUIBERTI
1764 345 2059 401 ABBATIS
2096 344 2155 397 S.
2198 342 2437 397 lllARLE
2478 343 2572 397 DE
2597 342 2993 401 NOVICENTO

525 467 633 519 tius
664 476 825 521 Dono.
849 464 1041 520 Ruben
1064 464 1208 518 enim
1242 461 1403 517 videte
1445 466 1498 515 in
1526 464 1695 515 medio
1739 457 2108 518 dic'tur..Me-
2136 480 2183 537 Α
2213 457 2384 511 laudis
2432 459 2721 512 innuolabo
2770 464 2995 513 Domino
3021 456 3209 529 ~(Psal.
3260 480 3404 530 xux,
3454 465 3562 533 l4).
3620 467 3847 522 Cessat

2215 558 2340 603 tunc
2375 538 2584 620 parere,
2614 566 2739 606 cum
2766 551 2889 608 boni
2918 554 3099 623 operis
3124 553 3361 611 fructum
3391 558 3844 629 ingemiscenda

2213 644 2290 700 uti
2317 659 2482 712 ttunc,
2515 643 2714 700 desinit
2739 659 2924 713 agere.

2784 788 3015 857 CAPUT
3055 799 3222 873 xxx.

2287 905 2447 961 Vnus.
2483 907 2529 962 l.
2563 907 2862 963 ——Ceruens
2899 922 3074 965 autem
3107 910 3302 966 Rachel
3341 914 3480 984 quod
3516 916 3838 984 infecunda

2213 1008 2368 1063 esset,
2395 997 2580 1053 invidit
2614 986 2820 1067 sorori
2852 1004 3027 1072 aitque
3055 1002 3247 1058 marito
3275 1017 3295 1057 :
3321 1004 3404 1059 Da
3435 1008 3566 1060 mihi
3586 1008 3835 1074 liberos,

2215 1087 2452 1158 alioquin
2496 1090 2717 1145 moriar.
2769 1089 2963 1146 Rachel
3002 1093 3142 1164 quod
3188 1094 3471 1163 infecunda
3513 1097 3585 1150 sit
3643 1102 3839 1153 sorori

2214 1179 2431 1248 invidet,
2455 1182 2580 1234 dum
2612 1198 2763 1237 mens
2781 1184 3322 1254 contemplativoruni
3345 1186 3661 1244 efﬁcaciam
3690 1194 3840 1246 acti-

2216 1292 2406 1333 vornm
2463 1280 2701 1347 intuens,
2747 1291 2803 1337 et
2851 1299 3016 1352 opera
3057 1283 3342 1353 aliquoties
3372 1288 3722 1354 :emulatur,
3781 1302 3838 1345 et

2216 1375 2390 1431 laudis
2440 1375 2808 1447 profusionem
2853 1380 3103 1436 miratur.
3141 1380 3251 1446 Tu,
3296 1382 3502 1451 inquit,
3551 1399 3605 1438 ο.
3660 1385 3839 1439 intel-

2218 1467 2426 1533 lectus,
2480 1470 2850 1538 speculatione
2904 1473 3146 1542 gaudes,
3204 1474 3300 1528 sed
3327 1475 3473 1531 nullo
3532 1478 3837 1547 prxcipuo

2219 1573 2385 1628 opere
2429 1573 2528 1627 per
2565 1557 2706 1614 hanc
2753 1553 3036 1617 evidenter
3085 1565 3311 1630 emines,
3364 1567 3505 1622 unde
3552 1584 3669 1623 nec
3711 1571 3837 1641 epi-

2219 1648 2396 1704 nionis
2426 1649 2625 1729 indicia
2653 1652 2897 1722 exempla
2921 1655 3223 1709 sanctitatis
3253 1656 3479 1726 przebes.
3511 1657 3723 1728 (Vens.
3755 1662 3835 1729 ἓ.)

2218 1738 2382 1805 Num,
2416 1739 2611 1810 inquit,
2643 1740 2779 1796 ratio
2808 1743 2958 1798 vices
3006 1744 3097 1799 Dei
3128 1760 3296 1815 penes
3343 1756 3394 1801 te
3422 1757 3548 1818 ago,
3579 1750 3687 1817 qui
3723 1752 3833 1818 pri-

531 1846 703 1885 meon.
734 1826 1009 1901 Geticipit,
1054 1845 1176 1887 cum
1203 1832 1432 1886 interius
1470 1832 1766 1902 propulit;
1814 1846 1938 1885 cum
1961 1838 2119 1906 exte-
2144 1831 2196 1890 B
2222 1830 2371 1885 vavit
2399 1840 2450 1885 te
2481 1829 2657 1886 fructu
2689 1828 2894 1889 ventris
2922 1834 3022 1902 tui,
3050 1835 3101 1889 id
3135 1846 3222 1891 est
3252 1837 3342 1906 qui
3370 1837 3466 1893 tibi
3496 1853 3611 1894 non
3640 1839 3833 1895 indul-

533 1921 648 1977 rius
684 1922 1059 1990 administrat,
1090 1923 1254 1992 parit.
1282 1922 1444 1977 Audit
1473 1901 1696 1993 ponitur
1730 1937 1828 1991 pro
1852 1901 2117 1991 intelligit,

535 2013 679 2070 unde
714 2015 1007 2087 Apostolus
1047 2032 1171 2071 cum
1222 2015 1425 2072 diceret
1460 2034 1473 2071 :
1514 2002 1777 2069 Animalis
1824 2014 1979 2068 homo
2018 2030 2123 2067 non

530 2108 747 2178 percipit
778 2123 840 2162 ea
866 2123 984 2179 qum
1021 2117 1142 2162 sunt
1178 2108 1412 2178 Spiritus
1444 2107 1543 2162 Dei
1572 2104 1626 2178 (Ι
1651 2090 1772 2161 Cor.
1798 2121 1862 2172 ιι,
1884 2105 1997 2177 Η),
2024 2106 2121 2162 ad-

530 2195 669 2252 didit
696 2216 710 2251 :
742 2197 933 2269 Neque
955 2199 1100 2254 enim
1136 2198 1309 2262 audit,
1348 2197 1402 2252 id
1424 2204 1510 2253 est
1536 2196 1809 2267 intelligit.
1827 2196 1990 2250 Audit
2019 2211 2121 2250 au-

533 2299 641 2344 tem
669 2289 956 2357 Dominus,
987 2304 1113 2345 cum
1142 2287 1446 2361 intelligere
1472 2302 1574 2343 nos
1621 2286 1772 2341 facit.
1803 2285 1945 2354 Quia
1970 2302 2121 2358 ergo,

528 2382 641 2438 Deo
663 2383 984 2455 inspirante,
1016 2382 1368 2450 intelligimus
1412 2380 1602 2437 haberi
1633 2395 1733 2435 nos
1766 2379 2122 2445 contemptui,

530 2479 577 2533 si
610 2480 706 2547 pro
734 2476 893 2547 117
921 2477 1035 2530 sola
1080 2474 1442 2530 redhibitione
1483 2472 1601 2541 ejus
1629 2472 1878 2543 proximo
1918 2471 2125 2541 impen-

534 2568 728 2622 damus
763 2581 963 2621 munus
1000 2562 1247 2621 beneﬁcii
1281 2580 1301 2632 ;
1342 2565 1434 2619 dat
1477 2562 1623 2618 Deus
1646 2571 1700 2619 et
1744 2562 1903 2617 istum
1952 2561 2122 2630 ﬁlium

534 2658 710 2723 nobis,
742 2658 829 2713 cui
875 2668 962 2713 est
1018 2673 1213 2713 nomen
1266 2656 1513 2722 Simeon,
1549 2656 1693 2727 quod
1736 2655 2125 2727 interpretatur

536 2751 739 2807 audivit
774 2750 1033 2805 Dominus
1059 2750 1144 2806 vel
1166 2749 1387 2804 audiens
1418 2749 1709 2815 tristitiam,
1735 2749 1860 2819 quia
1892 2750 1944 2804 in
1970 2749 2120 2804 omni

536 2843 681 2913 quod
709 2843 942 2915 agimus,
970 2857 1078 2898 non
1103 2842 1393 2909 humanus,
1434 2841 1529 2896 sed
1562 2840 1778 2896 divinus
1814 2842 2122 2912 pensandus

535 2945 621 2993 est
648 2935 883 3001 auditus,
912 2950 1013 2990 nec
1059 2936 1187 3005 quid
1217 2933 1418 2990 referat
1446 2935 1628 3002 homo,
1660 2933 1753 2990 sed
1774 2933 2122 3006 COgitandum

537 3036 624 3082 est
649 3027 777 3098 quid
816 3027 1024 3098 placeat
1047 3028 1178 3082 Deo.
1208 3024 1279 3081 Et
1313 3027 1549 3091 auditus,
1577 3025 1631 3080 id
1666 3034 1751 3081 est
1774 3042 1967 3081 sensus
2023 3027 2121 3081 tri-

537 3119 725 3187 stitiae,
745 3119 871 3175 licet
902 3135 1097 3190 magna
1121 3135 1401 3193 geramus,
1434 3120 1623 3174 deesse
1644 3133 1752 3178 non
1786 3118 1964 3182 debet,
1995 3119 2119 3188 quia

537 3211 812 3269 nescimus
835 3222 1020 3267 utrum
1048 3227 1235 3267 amore
1272 3227 1341 3267 an
1371 3211 1499 3267 odio
1528 3210 1675 3282 digni
1725 3210 1897 3266 simus
1922 3209 2122 3279 (Eccle.
2154 3183 2197 3243 (ἶ

538 3323 616 3373 ut,
650 3305 724 3378 l).
777 3306 886 3361 Cor
915 3313 1122 3373 autem,
1163 3303 1321 3374 juxta
1356 3304 1500 3374 quod
1539 3302 1751 3373 legitur,
1803 3302 1942 3372 quod
1986 3301 2125 3354 novit

538 3399 944 3455 amaritudinem
973 3398 1166 3451 anima:
1188 3413 1326 3462 sure,
1362 3397 1416 3449 in
1443 3396 1637 3465 gaudio
1664 3394 1777 3464 ejus
1816 3410 1917 3447 non
1945 3392 2127 3446 misce-

540 3491 681 3543 bitur
725 3489 930 3544 alienus
978 3486 1302 3558 (Ρι·ου.ιιν,
1331 3487 1441 3557 10).
1492 3487 1678 3557 (Vens.
1719 3485 1836 3555 54.)
1880 3483 2126 3553 Concepit

542 3584 718 3646 tertio,
742 3591 789 3636 et
816 3582 995 3652 genuit
1053 3581 1242 3644 alium,
1272 3581 1507 3651 dixitque
1545 3594 1562 3631 :
1616 3578 1773 3632 Nunc
1801 3576 2130 3647 capulabitur

542 3673 672 3727 mihi
699 3674 781 3727 vir
801 3689 970 3737 meus,
995 3688 1054 3727 ea
1076 3674 1214 3743 quod
1234 3673 1502 3743 genuerint
1542 3672 1588 3725 ei
1623 3682 1725 3724 tres
1750 3668 1913 3737 ﬁlios,
1963 3678 2011 3721 et
2056 3668 2129 3720 id-

543 3766 683 3820 circo
713 3765 990 3835 appellarit
1021 3781 1205 3820 nomen
1229 3766 1343 3835 ejus
1388 3764 1531 3819 Levi.
1566 3762 1690 3817 Levi
1739 3762 2130 3829 interpretatur

542 3857 779 3912 additus.
806 3856 934 3912 Post
964 3856 1175 3925 Ruben,
1207 3860 1295 3913 ubi
1346 3840 1713 3913 communiter
1742 3858 1984 3914 omnium
2021 3857 2127 3911 uti-

545 3934 684 4005 litati
712 3950 1042 4020 providetur,
1091 3960 1144 4005 et
1172 3951 1418 4017 Simeon,
1449 3951 1538 4005 ubi
1590 3951 1685 4006 Dei
1711 3951 1995 4020 plusquam
2042 3951 2130 4005 ho-

550 4041 713 4095 minis
736 4042 951 4098 auditus
982 4042 1303 4109 intenditur,
1336 4052 1487 4098 recte
1534 4042 1745 4097 additus
1792 4043 1951 4098 tertio
1989 4042 2130 4109 loco,

548 4132 643 4202 qui
671 4132 991 4189 Trinitatem
1039 4135 1331 4206 signiﬁcat,
1360 4136 1672 4204 apponitur,
1730 4136 1853 4205 quia
1904 4136 2133 4205 quisque

548 4222 665 4279 sola
684 4216 782 4280 Dei
828 4225 1124 4281 intentione
1161 4220 1414 4297 operans,
1436 4221 1731 4282 electorum
1785 4227 1939 4293 sorti,
1990 4227 2132 4297 quod

550 4326 660 4384 est,
689 4317 782 4373 Dei
810 4318 965 4385 visio,
996 4319 1217 4374 indubie
1246 4318 1485 4374 additur.
1519 4317 1644 4374 Tres
1693 4327 1820 4374 tunc
1866 4318 2011 4388 ﬁlios
2050 4320 2132 4389 gi-

545 4410 683 4484 gnit,
722 4421 844 4481 post
868 4411 1065 4467 bonam
1091 4412 1238 4467 enim
1284 4410 1579 4477 actionem,
1610 4411 1864 4481 piamque
1909 4421 2128 4467 actuum

2224 1922 2299 1977 sit
2325 1922 2599 1977 solertiam
2638 1924 2938 1992 corporalis
2967 1920 3242 1992 exercitii,
3267 1942 3387 1997 qua:
3428 1936 3720 1998 quantum
3766 1932 3831 1983 ad

2226 2028 2389 2068 auras
2414 2012 2569 2068 fama:
2594 2013 2790 2070 attinet
2809 2015 2863 2070 in
2894 2016 3114 2072 modum
3148 2018 3355 2073 ventris
3380 2017 3743 2089 est-fragilis,
3776 2032 3831 2076 ut

2230 2104 2327 2160 tibi
2367 2119 2487 2160 mea
2525 2120 2653 2160 cura
2683 2105 2927 2161 conferat
2963 2108 3108 2176 quod
3139 2107 3253 2179 ipse
3275 2109 3416 2164 Deus
3440 2111 3653 2180 negat?
3690 2110 3831 2167 Sunt

2225 2198 2399 2253 enim-
2425 2212 2654 2267 quorum
2701 2198 2916 2269 ingenia
2962 2201 3409 2271 contemplationi
3444 2203 3827 2265 conveniunt.

2225 2288 2319 2343 sed
2350 2303 2577 2357 corpora
2623 2290 2855 2359 negotiis
2886 2291 3111 2360 agendis
3153 2308 3260 2347 non
3291 2304 3627 2366 congruunt.
3680 2296 3824 2353 Con-

2227 2382 2505 2452 templatio
2566 2382 2731 2452 igitur
2789 2385 2917 2439 dum
2982 2384 3140 2439 {anne
3197 2386 3466 2442 desiderio
3534 2389 3821 2458 pulsatur.

2226 2473 2412 2545 (Vens.
2439 2475 2517 2547 5).
2549 2472 2757 2544 Habeo,
2787 2476 2993 2548 inquit,
3005 2477 3261 2547 famulam
3289 2477 3503 2544 Balatu,
3538 2481 3825 2551 ingredere

2224 2567 2294 2621 ad
2316 2582 2454 2636 eam,
2490 2567 2545 2622 id
2580 2578 2665 2624 est
2689 2568 2866 2624 habeo
2896 2569 3235 2627 smcularium
3267 2556 3450 2626 rerum
3493 2572 3824 2639 scientiam,

2224 2678 2344 2732 qua:
2378 2663 2506 2720 licet
2541 2663 2821 2734 sapientiae
2842 2665 2972 2736 jngo
3011 2665 3322 2730 subsident,
3370 2665 3467 2721 cui
3499 2660 3555 2720 t'u
3603 2667 3824 2733 inhias,

2224 2746 2495 2823 ingredere
2522 2761 2702 2810 tamen
2747 2755 3101 2810 iminiscendo
3138 2765 3188 2810 te
3235 2738 3303 2820 ei,
3349 2764 3403 2811 et
3432 2757 3828 2813 condescenJe

2224 2845 2293 2897 ad
2311 2855 2452 2910 eam,
2479 2856 2597 2913 qua:
2619 2844 2804 2900 mundi
2831 2846 3028 2901 dicitur
3052 2846 3336 2916 sapientia,
3363 2855 3420 2900 ut
3443 2848 3629 2917 pariat
3656 2840 3826 2918 super

2225 2946 2399 3005 genua
2429 2950 2571 3000 mea,
2615 2935 2668 2989 id
2716 2944 2799 2989 est
2828 2943 2885 2989 ut
2924 2935 3121 2989 inﬂexa
3157 2944 3331 2990 status
3360 2936 3698 2991 rectitudine
3731 2938 3828 2991 ali-

2226 3039 2363 3095 quos
2416 3016 2548 3079 mihi
2593 3023 2803 3082 fructus
2847 3023 3040 3080 aﬁ‘crat
3090 3026 3400 3095 temporalis
3438 3026 3664 3081 laetitiae.
3722 3027 3830 3082 Per

2230 3114 2432 3181 Balam,
2461 3131 2579 3185 qua:
2622 3124 2923 3170 vetustatem
2963 3124 3142 3181 sonat,
3176 3116 3454 3171 saecularia
3487 3117 3829 3186 accipimus,

2231 3224 2349 3281 quae
2393 3220 2575 3267 vetera
2629 3212 2682 3265 in
2737 3211 3015 3282 Scriptura
3064 3212 3401 3284 appellantur
3452 3212 3582 3285 (Col.
3636 3213 3696 3279 5,
3768 3214 3831 3283 9)

2232 3304 2420 3378 (Vens.
2453 3306 2506 3372 4,
2532 3290 2611 3378 £3).
2644 3306 2920 3362 intellectu
2951 3308 3113 3378 igitur
3142 3306 3194 3361 in
3218 3307 3511 3378 penetralia
3530 3305 3833 3372 scientiae,

2230 3411 2285 3456 et
2312 3401 2625 3457 intentiOais
2671 3400 2985 3467 srecnlaris,
3023 3409 3077 3454 et
3107 3402 3264 3470 quasi
3306 3401 3373 3454 ad
3405 3398 3687 3454 ancillaria
3737 3401 3829 3454 in~

2230 3510 2427 3563 gressa,
2459 3494 2689 3562 concepit
2732 3503 2780 3546 et
2813 3491 3230 3563 peperit/ilium,
3271 3490 3551 3562 proposuit
3581 3490 3825 3552 scilicet.

2231 3595 2286 3640 et
2310 3586 2551 3639 exhibuit
2580 3600 2715 3655 Opus
2746 3569 3006 3654 ineptum.

2304 3677 2446 3731 Vens
2477 3677 2527 3729 6.
2555 3705 2625 3715 ——
2646 3675 2784 3730 Dicit
2814 3691 2941 3747 ergo
2969 3674 3160 3730 Rachel
3188 3694 3205 3732 :
3240 3676 3506 3731 Judicavit
3543 3675 3679 3730 mihi
3724 3678 3829 3731 Do-

2233 3767 2423 3827 minus,
2458 3780 2503 3821 et
2545 3768 2810 3823 exaudivit
2847 3785 3021 3823 vocem
3056 3758 3244 3836 meam,
3270 3770 3411 3824 dans
3446 3769 3576 3822 mihi
3621 3756 3824 3837 ﬁlium.

2233 3868 2281 3911 et
2310 3854 2504 3910 idcirco
2533 3857 2809 3926 appellavit
2834 3860 3017 3913 namen
3041 3859 3153 3929 ejus
3184 3858 3320 3915 Dan.
3355 3857 3562 3913 Dictum
3598 3856 3822 3919 Rachel,

2235 3942 2590 4017 depravatum
2623 3938 2926 4016 cuiuspiam
2957 3948 3398 4019 contemplatoris
3424 3947 3672 4017 intelligo
3701 3964 3823 4004 sen-

2235 4053 2375 4095 sum.
2406 4037 2674 4093 Judicavit
2714 4039 2842 4093 mihi
2889 4037 3050 4104 Deus,
3085 4040 3137 4094 id
3172 4028 3265 4094 est.
3286 4038 3525 4111 favorem
3563 4040 3825 4107 prmstitit

2235 4132 2383 4202 operi
2442 4147 2563 4187 meo
2616 4132 2778 4198 Deus,
2821 4131 2971 4195 dum,
3020 4132 3158 4187 sicut
3211 4146 3441 4195 mereor,
3481 4132 3822 4199 pepulariter

2237 4221 2444 4277 laudor.
2478 4218 2666 4275 Vocem
2689 4223 2973 4287 exaudivit,
2990 4222 3114 4275 dum
3136 4221 3460 4276 desidet-inin
3484 4221 3632 4289 quod
3649 4221 3825 4276 habeo

2235 4312 2356 4368 aliis
2396 4312 2735 4383 proﬁciendi,
2773 4328 2937 4383 opera
2969 4316 3091 4367 mea
3123 4328 3186 4367 ac
3213 4313 3257 4368 si
3289 4312 3426 4366 ﬁlios
3454 4312 3825 4381 exemplando

2235 4403 2545 4472 famamque
2573 4404 2947 4475 subiungendo
2976 4404 3282 4475 complevit.
3317 4404 3429 4458 Dan
3465 4418 3622 4474 ergo,
3664 4405 3717 4459 id
3742 4416 3824 4458 est

545 4503 927 4571 intentionem,
952 4504 1108 4575 quasi
1150 4511 1272 4575 post
1314 4504 1451 4559 duos
1483 4502 1643 4570 ﬁlios,
1678 4505 1894 4560 tertium
1942 4506 2126 4562 elabo-
2164 4493 2524 4581 ῃίαάίείωην
2574 4494 2715 4550 ﬁlius
2763 4494 3092 4565 appellauit:
3145 4496 3271 4564 (ιυῑίι
3321 4488 3620 4551 εθοιηιάυιὴ
3676 4498 3823 4564 quoil

550 4596 742 4667 rando,
770 4596 1098 4668 proferimus
1120 4598 1276 4652 bonae
1307 4594 1537 4652 actionis
1567 4598 1892 4666 mercedem,
1928 4608 1985 4653 ct
2012 4596 2127 4669 jam

551 4690 857 4749 intellectus
887 4706 1069 4756 verus,
1126 4689 1337 4745 scilicet
1378 4690 1634 4757 maritus,
1662 4692 1753 4762 qui
1786 4690 1969 4749 divino
2011 4692 2130 4747 ani-

552 4800 695 4840 mam
717 4786 1025 4856 impregnat
1050 4782 1259 4837 semine
1290 4797 1500 4849 memor
1536 4781 1654 4851 ejus
1681 4781 1825 4854 quod
1852 4800 1910 4840 se
1949 4792 2133 4839 manet

552 4876 785 4947 prtemii,
809 4875 876 4929 ad
905 4874 1048 4943 piam
1075 4888 1133 4929 se
1162 4862 1408 4929 vivacius
1444 4874 1644 4944 ingerit
1665 4875 1959 4931 aetioncm.

625 4966 789 5021 Vens.
819 4965 909 5019 55.
934 4994 1002 5004 σ-
1031 4963 1234 5030 Quarto
1256 4964 1508 5033 concepit,
1545 4974 1592 5018 et
1628 4967 1821 5035 peperit
1864 4965 2053 5034 ﬁlium,
2087 4976 2134 5019 et

553 5058 626 5112 ait
661 5073 679 5115 :
722 5055 883 5112 Modo
914 5053 1199 5123 conﬁtebor
1227 5053 1471 5121 Domino,
1502 5065 1549 5109 et
1591 5055 1654 5109 ob
1684 5055 1780 5109 hoc
1810 5055 2005 5110 vocavit
2045 5072 2138 5108 no-

556 5163 673 5200 men
707 5145 821 5215 ejus
844 5144 1066 5207 Judam,
1094 5146 1408 5216 cessauitque
1430 5163 1633 5215 parere.
1661 5145 1793 5200 Cum
1822 5146 1889 5198 ad
1912 5136 2138 5215 gloriam

556 5244 815 5290 mternam
860 5234 1189 5300 venerimus,
1234 5236 1288 5290 in
1328 5237 1534 5305 qt-adro
1590 5245 1718 5288 tunc
1766 5234 1949 5303 positi,
1999 5233 2141 5302 quod

557 5336 756 5398 quarto
800 5324 1049 5396 signatur
1083 5327 1228 5393 ﬁlio,
1277 5328 1328 5381 id
1376 5336 1460 5383 est
1504 5326 1832 5382 inconcussa
1872 5325 2144 5381 soliditate

561 5417 812 5483 stabiliti,
853 5416 1068 5485 ludam,
1096 5418 1148 5474 id
1176 5427 1261 5473 est
1294 5428 1557 5473 aeternam
1598 5415 2046 5487 gloriﬁéationem
2092 5410 2145 5472 et

561 5509 727 5565 corde
753 5510 1108 5580 concipimus,
1139 5520 1192 5566 et
1222 5510 1417 5565 eﬁ‘eetu
1443 5508 1653 5563 inﬁnito
1680 5508 1942 5576 parinms.
1981 5508 2145 5565 Jitdas

564 5607 711 5658 enim
734 5603 819 5660 vel
843 5604 1117 5674 conﬁtens,
1158 5603 1241 5658 vel
1269 5602 1573 5672 glori/imus
1600 5601 1818 5655 dicitur.
1854 5600 2033 5666 Modo,
2066 5602 2143 5655 in-

565 5696 707 5766 quit,
735 5696 787 5752 id
808 5707 893 5752 est
916 5695 969 5751 in
1000 5697 1105 5751 hac
1131 5693 1454 5759 teternitatc,
1484 5708 1603 5764 quae
1627 5709 1725 5767 per
1748 5700 1984 5765 praisens
2014 5702 2148 5748 tent-

567 5807 668 5863 pus
685 5807 925 5865 congrue
948 5792 1284 5863 designatur,
1319 5772 1619 5860 conﬁtebor,
1649 5776 1700 5847 id
1717 5800 1799 5849 est
1821 5790 2148 5848 sacriﬁcium

2234 4601 2399 4657 opera
2449 4602 2544 4642 sua
2593 4587 2838 4642 saeculari
2893 4587 3255 4642 aestimatione
3305 4587 3617 4650 laudantur,
3669 4598 3825 4655 putat

2235 4679 2380 4749 quod
2407 4679 2488 4734 sic
2514 4694 2546 4733 a
2570 4678 2681 4734 Deo
2706 4687 2926 4748 accepta
2949 4678 3023 4733 uti
3049 4679 3116 4733 ab
3140 4679 3450 4734 hominibus
3471 4676 3589 4747 eius
3613 4676 3837 4747 judicio

2238 4782 2629 4851 approbentur,
2664 4788 2718 4835 et
2747 4795 2844 4849 per
2875 4780 3154 4835 [nominum
3183 4794 3279 4834 ora
3315 4780 3457 4834 Deus
3484 4779 3597 4848 ipse
3633 4768 3827 4848 laqua-

2241 4882 2350 4925 tur.
2372 4870 2559 4940 (Vens.
2589 4870 2641 4934 7,
2674 4870 2753 4940 8.)
2783 4869 3110 4942 Rursumque
3139 4870 3273 4924 Bala
3302 4868 3599 4945 concipiens
3623 4870 3824 4938 peperit

2239 4962 2484 5028 alterum,
2530 4978 2622 5031 pro
2668 4979 2769 5032 quo
2801 4964 2879 5015 ait
2923 4960 3160 5016 Rachel:
3191 4960 3523 5031 Comparavit
3560 4976 3644 5013 me
3684 4958 3827 5013 Deus

2241 5068 2359 5104 cum
2389 5068 2565 5105 sorore
2605 5068 2743 5116 mea,
2774 5064 2819 5105 et
2847 5051 3068 5105 iuratur.
3117 5049 3422 5105 Notandum
3457 5048 3597 5118 quod
3626 5050 3830 5119 cuique

2243 5160 2380 5216 pene
2403 5146 2576 5214 partui
2602 5147 2884 5214 conceptio
2908 5147 3256 5215 praeponitur,
3276 5145 3401 5216 quia
3438 5144 3827 5214 permittimnm

2244 5248 2328 5294 cst
2380 5248 2677 5309 peccatum
2718 5240 2863 5308 quod
2914 5236 3061 5293 nulla
3125 5238 3551 5301 deliberatione,
3598 5236 3828 5305 solaque

2245 5334 2674 5403 prtecipitationc
2719 5333 2929 5404 agitur;
2983 5332 3323 5399 concipimus
3353 5330 3515 5392 enim,
3559 5344 3683 5383 cum
3715 5330 3825 5383 dis-

2247 5424 2516 5494 ponimus.
2538 5421 2673 5476 Bala
2700 5422 2921 5476 alterum
2954 5422 3124 5490 parit;
3155 5428 3211 5472 et
3249 5417 3531 5488 Ncphthali
3566 5433 3593 5469 a
3627 5418 3827 5471 Itaclu-l

2248 5522 2494 5579 vocatur,
2533 5528 2655 5568 cum
2685 5513 2948 5583 sapientia
2984 5511 3166 5566 mundi
3200 5500 3289 5563 Dei
3322 5510 3639 5579 sapientiam
3675 5509 3827 5561 adul-

2250 5592 2424 5661 terine
2455 5603 2810 5670 confundens,
2855 5602 3070 5656 dilatari
3119 5594 3311 5670 (llllCl‘ll
3351 5600 3401 5652 in
3447 5594 3723 5659 laudibus,
3774 5610 3827 5651 ct

2251 5697 2555 5766 comparari
2593 5695 2846 5761 laudatis,
2894 5697 3008 5749 haec
3037 5693 3215 5747 omnia
3253 5706 3415 5760 agens
3455 5706 3558 5743 non
3592 5704 3714 5742 vera
3748 5698 3827 5741 at-

2255 5790 2507 5857 fectione,
2536 5790 2630 5846 sed
2655 5788 2871 5845 neruine
2896 5788 3030 5842 falso
3059 5785 3281 5850 Rachel,
3319 5784 3367 5838 id
3394 5791 3471 5838 est
3499 5780 3821 5847 contempla

3720 353 3845 407 οξει

3936 400 3943 485 l
