3982 6360
86 340 204 396 2‘25

1273 337 1637 395 MORALIUM
1673 336 1739 392 IN
1779 336 2073 393 GENESIN
2105 335 2229 391 LIB.
2258 336 2392 392 Vill.

3272 346 3377 405 226

90 452 289 507 tionis.
325 449 611 520 Nephthali
647 464 882 520 namque
928 449 1149 513 dicitur,
1181 450 1427 505 dilatavit
1459 468 1560 515 me,
1604 448 1688 504 vel
1719 456 1765 513 Α
1794 451 1962 503 habes
1989 449 2290 505 devotionis
2321 450 2573 506 allectum
2610 462 2677 507 ad
2727 455 3125 527 contemplandi
3166 462 3377 518 exerci-

88 541 424 603 comparauit
483 557 584 595 me.
640 539 832 595 Solent
871 540 1018 594 enim
1063 539 1307 595 solitario
1337 540 1578 595 viventes
1622 538 1689 593 ad

66 620 316 700 publice
360 630 762 700 praedicandum
800 631 1079 695 accedere,
1110 640 1167 686 et
1205 630 1404 686 exinde
1438 630 1691 701 gloriolas

88 721 340 791 exigere.
379 720 702 790 Comparata
750 721 934 790 itaque
960 721 1247 776 actualiter
1287 718 1582 776 diﬂ’amatis
1611 720 1693 776 in-

92 813 340 869 valuisse
364 828 441 883 se
476 814 631 881 dicit,
669 814 796 869 dum
824 813 968 883 quod
1014 813 1188 879 valet,
1234 815 1486 886 quodque
1516 822 1694 885 potest

92 904 397 960 efﬁcaciter
425 905 602 975 palam
633 906 892 962 ostendit.
1038 910 1041 911 ⁷

174 994 345 1071 Vrsas.
381 996 436 1058 9,
474 996 562 1061 1.0,
604 996 691 1051 11.
715 1026 786 1036 —
812 995 1053 1052 Sentiens
1086 996 1183 1052 Lia
1210 999 1349 1069 quod
1389 1015 1571 1069 parere
1603 1000 1694 1054 de-

94 1087 281 1153 sisset,
317 1087 527 1157 Zell’am
561 1087 815 1147 ancillam
858 1106 1011 1144 suam
1050 1093 1241 1147 marito
1284 1092 1529 1149 tradidit.
1574 1092 1693 1159 Qua

93 1190 213 1249 post
246 1191 551 1249 conceptum
574 1182 754 1237 edente
784 1184 946 1253 118
969 1184 1156 1252 fetum,
1192 1183 1327 1238 dixit
1355 1197 1375 1235 :
1411 1182 1692 1252 Feliciter;

96 1272 310 1325 vocavit
337 1287 453 1342 qua:
486 1286 669 1327 nomen
695 1272 811 1341 ejus
832 1271 970 1327 Gad.
996 1272 1100 1329 Per
1122 1282 1408 1344 utramque
1438 1273 1694 1330 feminam

99 1370 526 1424 demonstratur
542 1369 686 1438 quod
710 1370 770 1424 in
800 1378 1029 1440 utraque
1057 1371 1168 1425 vita
1201 1372 1404 1442 agitur.
1430 1369 1693 1438 Actualis,

102 1457 160 1511 id
205 1466 296 1512 est
326 1458 424 1525 Lia
456 1474 648 1527 parere
677 1459 901 1527 desinit,
942 1475 1064 1515 cum
1102 1452 1245 1516 bona
1289 1461 1542 1526 intentio,
1577 1477 1698 1531 qua!

100 1554 265 1623 quasi
297 1552 715 1643 conceptus’vis
741 1561 845 1619 est,
892 1554 946 1608 in
985 1561 1169 1608 mente
1206 1553 1419 1618 deficit,
1461 1568 1567 1623 qua
1601 1552 1693 1608 de-

100 1645 335 1699 sistente
364 1642 534 1709 Zelfa,
580 1642 633 1698 id
670 1652 760 1699 est
790 1643 969 1698 inanis
1004 1644 1176 1715 gloria
1212 1644 1539 1709 adhibetur;
1584 1642 1698 1713 ipsa

94 1737 251 1790 enim
282 1752 339 1790 os
369 1737 501 1801 iens,
532 1744 596 1801 ut
634 1750 796 1805 supra
827 1735 1034 1791 dictum
1063 1745 1164 1798 est,
1201 1736 1613 1805 interpretatur,
1646 1746 1701 1790 et

104 1824 421 1895 ingenuitas
448 1824 677 1895 spiritus
698 1825 945 1880 ancillari
972 1826 1232 1880 societate
1262 1824 1517 1879 fmdatur.
1559 1824 1699 1880 Con-
1731 1812 1773 1871 Β

98 1927 266 1988 cepta
292 1917 533 1986 nequitia
558 1933 694 1987 opus
715 1918 914 1971 emittit
938 1932 1185 1987 pravum,
1204 1918 1530 1972 transitoria:
1552 1918 1701 1972 vide-

104 2007 240 2061 licet
268 2006 653 2077 prosperitatis
678 2016 954 2061 eventum.
981 2007 1121 2061 Dicit
1146 2020 1278 2075 ergo
1306 2006 1551 2075 feliciter,
1575 2023 1699 2061 cum

113 2099 390 2157 honorum
423 2098 579 2167 copia
614 2099 885 2163 arriserit,
912 2098 1005 2152 sed
1034 2112 1143 2152 non
1176 2106 1357 2167 potest
1386 2098 1700 2164 sinceriter,

104 2189 246 2257 quia
268 2188 439 2249 solam
464 2188 647 2243 saeculi
670 2188 874 2244 eaticm
898 2188 1112 2254 quaerit.
1136 2187 1250 2243 Gad
1280 2198 1461 2243 autem
1486 2188 1706 2257 fortuna

118 2280 344 2345 dicitur,
387 2291 442 2337 et
472 2278 690 2335 fortuna
723 2297 885 2350 quam
913 2296 1131 2350 semper
1179 2281 1340 2336 dubia
1372 2283 1445 2337 sit
1464 2292 1518 2337 et
1541 2283 1708 2337 insta-

110 2374 244 2429 bilis
287 2389 315 2428 a
358 2373 506 2429 nullo
546 2374 807 2429 nescitur.
850 2373 952 2441 Qui
992 2389 1124 2444 ergo
1153 2373 1261 2427 lilio
1298 2373 1529 2429 fortunae
1579 2390 1709 2445 pro-

115 2465 359 2521 creando
409 2473 463 2518 et
521 2463 716 2533 alendo
766 2464 961 2526 instat,
1023 2464 1074 2517 in
1142 2464 1258 2518 salo
1316 2463 1708 2520 interminabili

115 2552 365 2607 ﬂuctuat.
395 2552 583 2623 (Vens.
612 2553 700 2617 12,
736 2553 850 2622 1.3.)
876 2552 1026 2606 Parit
1052 2551 1206 2622 Zelfa
1229 2553 1455 2607 alterum
1481 2555 1581 2609 sub
1611 2568 1709 2608 no—

114 2645 266 2700 mine
298 2644 425 2709 Liw,
453 2655 509 2699 et
536 2646 668 2699 Aser
687 2655 868 2711 vocat,
896 2660 1018 2700 cum
1047 2645 1300 2701 huntante
1323 2645 1501 2702 laudis
1526 2645 1706 2702 inten-

118 2736 196 2790 tio
227 2736 330 2791 sub
363 2735 700 2790 actualitatis
740 2737 975 2806 tegmine
1022 2735 1274 2791 effectum
1317 2736 1503 2807 gloria!
1552 2737 1710 2808 quasi

120 2814 289 2880 filiuni
314 2826 643 2894 assequitur,
665 2826 809 2896 quod
833 2824 1187 2882 beatitudinis
1205 2826 1412 2883 honore
1427 2827 1711 2898 prmdicat,

120 2917 173 2970 in
206 2933 315 2988 quo
342 2918 472 2973 illud
499 2918 687 2989 gloria:
710 2934 882 2990 genus
904 2919 1252 2989 intelligitur,
1281 2936 1402 2992 quae
1423 2930 1543 2990 post
1566 2936 1711 2977 mor-

120 3023 228 3066 tem
266 3013 335 3067 ad
381 3012 699 3067 memoriam
728 3013 1064 3083 providetur.
1097 3021 1157 3067 ut
1199 3024 1325 3069 sunt
1355 3014 1710 3070 aedificiorum

122 3102 381 3173 insignia,
406 3103 750 3175 pyramidum
777 3104 1121 3169 discrimina,
1146 3105 1406 3161 nobilitas
1428 3105 1709 3171 libroruin,

119 3199 174 3245 et
198 3191 470 3256 carmina,
504 3207 624 3262 qua:
648 3191 826 3247 solent
843 3206 963 3248 esse
990 3201 1327 3249 mortuorum
1354 3193 1711 3259 monimenta,

121 3294 174 3338 et
223 3288 341 3342 hinc
375 3296 507 3341 sunt
534 3285 694 3354 Aser,
744 3287 797 3341 id
838 3294 925 3342 est
974 3287 1255 3342 beatitudo
1307 3288 1446 3357 apud
1496 3288 1716 3341 insanos

123 3380 388 3434 maxima.
424 3378 564 3433 Aser
590 3393 724 3434 sane
751 3379 931 3432 beatus
964 3378 1190 3445 dicitur;
1228 3378 1373 3431 unde
1402 3386 1455 3431 et
1480 3377 1577 3431 Lia
1610 3391 1715 3431 non

122 3486 283 3536 vera,
325 3471 422 3526 sed
467 3470 788 3542 imaginaria
832 3472 1048 3527 beatam
1077 3486 1135 3526 se
1165 3472 1364 3543 gaudet
1398 3470 1503 3525 dici
1543 3485 1648 3524 non
1688 3486 1719 3525 a

124 3565 284 3629 viris,
319 3565 417 3621 sed
441 3564 783 3627 mulieribus,
807 3564 935 3633 quia
967 3563 1165 3619 levium
1212 3572 1268 3617 et
1300 3562 1718 3618 indiscretorum

130 3654 419 3709 hominum
452 3654 726 3707 animatur
752 3651 1045 3708 favoribus.

208 3744 376 3798 Vens.
407 3744 495 3797 14.
530 3773 598 3782 -—
630 3741 885 3812 Egressus
915 3752 1090 3795 autem
1128 3740 1306 3794 Ruben
1334 3752 1559 3810 tempore
1582 3757 1717 3795 mes-

134 3837 204 3890 sis
255 3836 475 3889 triticea:
524 3834 577 3887 in
631 3850 819 3904 agrum
873 3832 1062 3901 reperit
1123 3832 1536 3901 mandragoras,
1585 3849 1717 3903 quas

136 3928 290 3980 matri
315 3925 426 3979 Lia:
454 3923 663 3980 detulit.
698 3925 878 3977 Ruben
903 3921 971 3978 ab
1002 3938 1067 3978 eo
1092 3923 1237 3991 quod
1265 3921 1409 3976 videt
1440 3922 1491 3976 in
1515 3922 1715 3988 medio,

140 4019 187 4072 id
222 4029 305 4072 est
334 4017 606 4073 communi
639 4015 887 4085 providet
907 4014 1049 4069 bono
1080 4022 1335 4078 vocatus,
1365 4013 1467 4083 piie
1509 4012 1717 4067 scilicet

136 4110 534 4179 procurationis
582 4107 837 4174 allectus,
891 4117 1117 4178 tempore
1166 4109 1351 4161 messis
1403 4107 1619 4161 triticea:
1664 4106 1719 4162 in

134 4218 323 4274 agrum
354 4202 651 4273 egreditur,
682 4216 806 4256 cum
837 4200 1219 4270 praevolatione
1234 4199 1439 4254 mentis
1466 4200 1530 4253 ad
1560 4197 1720 4252 finem

137 4293 322 4348 smculi
356 4308 451 4363 per
472 4292 820 4349 conscientiae
848 4292 1295 4348 exercitationem
1322 4291 1545 4361 rapitur.
1577 4289 1720 4345 Mes-

136 4394 206 4451 sis
269 4393 413 4448 enim
470 4393 685 4448 triticea
732 4402 1047 4448 sanctorum
1097 4394 1163 4446 ad
1192 4392 1414 4447 caeleste
1463 4392 1720 4445 horreum

137 4486 519 4542 collectionem
552 4487 825 4556 signiﬁcat
860 4484 1076 4557 (Matth.
1108 4502 1227 4550 χιιι,
1259 4485 1370 4557 59).
1414 4484 1568 4540 Unde
1590 4495 1645 4539 et
1667 4484 1720 4539 in
1752 4503 1800 4562 ι)
1830 4529 1926 4569 nos
1958 4515 2258 4581 sumimus,

144 4578 462 4651 Apocalypsi
490 4579 711 4649 angelus
739 4580 837 4633 hae
870 4586 1265 4632 maturescente
1289 4575 1480 4632 falcem
1509 4575 1727 4639 mittere

152 4673 410 4728 suadetur
448 4670 631 4742 (Apoc.
678 4687 790 4735 xlv,
838 4669 1147 4738 15).“Ager
1195 4684 1324 4724 vero
1370 4670 1585 4725 animus
1621 4678 1725 4733 est,

150 4779 305 4836 quem
336 4778 607 4831 nunquam
638 4762 831 4818 melius
856 4764 1106 4826 colimus,
1134 4778 1295 4832 quam
1326 4777 1447 4829 cum
1470 4769 1729 4816 extremae

154 4865 348 4911 nostrte
393 4853 556 4907 sortis
613 4852 1031 4911 reminiscimur.
1080 4852 1130 4906 in
1184 4867 1345 4921 quem
1390 4849 1726 4922 egredimur,

155 4962 265 5002 eum
295 4960 325 4999 a
353 4945 536 5015 pravis
563 4944 798 5015 expediti
824 4944 1054 5013 negotiis
1087 4943 1153 4997 ad
1186 4944 1304 5013 ejus
1334 4958 1522 4998 curant
1544 4956 1725 4998 rever-

159 5036 336 5090 timur.
362 5034 461 5090 Ubi
494 5035 875 5104 ntandragoras
908 5034 1119 5099 Ruben,
1153 5034 1204 5088 id
1234 5043 1318 5089 est
1346 5034 1584 5105 prudens
1612 5032 1731 5089 sol-

160 5123 369 5180 licitudo
418 5124 641 5196 reperit,
694 5134 749 5179 et
796 5123 952 5177 matri
989 5122 1097 5178 Liw
1137 5124 1336 5191 defert,
1384 5138 1505 5178 cum
1536 5125 1737 5191 divinae

164 5214 527 5285 inspirationis
590 5216 658 5270 ab
722 5215 950 5272 internis
1001 5216 1223 5275 odorem
1280 5223 1617 5271 contractum
1665 5215 1737 5281 ad

164 5304 446 5362 efﬁcaciam
503 5315 705 5367 sanctae
747 5306 1099 5371 actualitatis,
1153 5319 1271 5375 qua:
1304 5304 1468 5359 totius
1514 5304 1743 5373 pietatis.

165 5398 388 5464 genitrix
418 5407 523 5460 est,
559 5398 837 5451 transfert.
871 5396 1224 5467 Mandragora
1267 5408 1462 5463 nempe
1490 5394 1735 5464 pigmen-

170 5487 293 5541 taria
319 5485 487 5542 herba
517 5495 619 5541 est.
654 5482 891 5554 Dicitque
918 5484 1112 5540 Rachel
1143 5499 1161 5537 :
1190 5484 1272 5539 Da
1297 5484 1424 5538 mihi
1447 5492 1650 5554 partem
1671 5485 1735 5539 de

168 5579 522 5648 mandragoris
549 5577 646 5647 ﬁlii
678 5578 773 5631 tui.
805 5577 882 5633 Ac
908 5580 952 5631 si
985 5577 1221 5647 rediviva
1240 5577 1352 5649 jam
1384 5577 1466 5632 vis
1489 5586 1733 5632 conten»

174 5668 423 5737 plationis'
454 5678 611 5724 [actm
645 5670 904 5726 divinitus
946 5670 1145 5727 actioni
1186 5671 1404 5727 inferat.
1446 5670 1618 5738 Quem
1661 5671 1749 5739 pii,

176 5763 337 5831 operis
385 5763 634 5834 recepisti
684 5762 1037 5830 instinctum,
1091 5762 1362 5834 participa
1403 5776 1526 5819 eum
1570 5776 1732 5832 quem

1793 539 1946 593 tium.
1978 538 2070 592 llla
2107 540 2425 609 respondit:
2454 542 2641 613 (Vens.
2672 542 2785 613 15.)
2818 543 3083 603 Parumne
3112 550 3205 603 tibi
3234 553 3377 609 vide-

1792 641 1903 697 tur,
1951 633 2089 703 quod
2136 633 2473 702 prmripueris
2512 636 2762 689 maritum
2805 638 2955 702 mihi,
3004 640 3105 694 nisi
3134 643 3293 696 etiam
3326 656 3375 698 et

1791 725 2173 795 mandragoras
2211 724 2313 792 ﬁlii
2349 726 2449 779 mei
2475 726 2698 781 tuleris?
2732 728 2893 795 Quod,
2919 740 3002 786 est
3027 733 3208 790 dicere
3238 752 3254 790 :
3293 735 3377 792 Ir.-

1795 817 2089 884 tellectum,
2114 831 2143 871 a
2167 833 2273 888 quo
2298 818 2531 873 maritali
2558 828 2746 876 tenore
2770 838 2945 894 regor,
2974 828 3374 898 contemplandi

1764 907 2117 977 egregieque
2162 907 2377 963 vivendi
2423 908 2623 979 gratia,
2654 910 2926 971 dimovisti
2963 915 3032 971 ab
3067 918 3260 972 actuali
3292 918 3378 974 of-

1797 998 1939 1055 ficio.
1980 997 2133 1067 Quod
2166 998 2299 1054 mihi
2336 999 2514 1070 magis
2543 1001 2779 1070 suppetit
2807 1019 2871 1057 ac
2898 1003 3132 1072 adjaeet,
3172 1008 3381 1079 hocque

1798 1105 1990 1161 parum
2050 1092 2329 1155 testimas,
2386 1092 2493 1146 nisi
2536 1093 2698 1155 etiam
2750 1093 2891 1150 hanc
2947 1109 3380 1155 momentaneam

1795 1180 2016 1249 superni
2042 1181 2300 1235 odoratus
2329 1180 2714 1243 visitationem,
2745 1182 2812 1235 ad
2841 1182 3008 1239 solius
3040 1188 3383 1256 cogitationis

1797 1272 2245 1329 exercitationem
2292 1273 2622 1328 contrahas?
2650 1273 2890 1327 Dormiat
2938 1286 3127 1347 tecum,
3178 1277 3382 1348 inquit,

1799 1363 1897 1417 hac
1919 1373 2067 1417 nocte
2090 1379 2186 1433 pro
2213 1363 2580 1432 mandragoris
2605 1362 2705 1431 ﬁlii
2732 1363 2831 1430 tui,
2857 1363 2907 1417 id
2929 1374 3011 1419 est
3035 1368 3385 1437 conquiescat

1802 1448 1980 1511 tecum
2034 1456 2087 1509 in
2125 1454 2228 1509 hac
2257 1455 2595 1525 negotiorum
2645 1456 3004 1521 turbulentia,
3037 1472 3155 1528 quis
3194 1461 3386 1516 activae

1801 1554 1885 1601 est
1934 1545 2063 1600 vitae
2112 1545 2330 1608 infesta,
2374 1555 2579 1600 tantum
2621 1554 2680 1599 ut
2713 1545 2781 1599 ad
2822 1536 3061 1617 inter-nte
3087 1549 3387 1607 dulcedinis

1802 1639 2089 1709 respirem,
2137 1639 2205 1693 ad
2262 1638 2427 1692 Deum
2473 1654 2637 1707 quam
2684 1637 2857 1694 dulcis
2910 1650 3022 1706 est,
3062 1644 3384 1712 gustandum

1803 1732 2155 1805 ft'agrautias.

1879 1868 2037 1923 Vens.
2076 1866 2161 1922 16.
2207 1900 2279 1935 -τ-
2325 1867 2682 1942 Redeuntique
2726 1870 2795 1925 ad
2828 1886 3093 1938 uesperam
3146 1870 3211 1925 de
3261 1886 3389 1941 agro

1801 1957 1990 2023 Jacob,
2025 1975 2232 2029 egressa
2268 1967 2340 2012 est
2363 1958 2417 2012 in
2449 1975 2723 2013 occursum
2756 1957 2869 2029 ejus
2904 1956 3026 2013 Lia.
3058 1957 3141 2011 Ad
3180 1975 3281 2025 me,
3306 1958 3391 2016 in-

1803 2047 1932 2116 quit,
1966 2048 2213 2111 intrabis,
2249 2047 2375 2117 quia
2405 2048 2638 2102 mercede
2671 2048 2895 2103 conduxi
2933 2057 2980 2101 te
3018 2064 3111 2116 pro
3140 2048 3393 2103 mandra-

1806 2139 1947 2207 goris
1973 2138 2075 2204 ﬁlii
2105 2140 2226 2193 mei.
2272 2140 2355 2192 Ad
2396 2156 2659 2210 vesperam
2700 2142 2937 2196 redeunti
2970 2144 3035 2197 de
3073 2160 3198 2214 agro
3226 2143 3393 2200 Iacob

1807 2227 1905 2281 Lia
1932 2230 1985 2282 in
2010 2246 2282 2284 occursum
2309 2231 2607 2301 egreditur,
2640 2248 2763 2287 cum
2790 2234 3197 2292 defervescente
3218 2236 3395 2291 inanis

1812 2321 1999 2395 gloriae
2026 2331 2159 2376 testu
2192 2323 2258 2378 de
2287 2323 2552 2379 exercitio
2590 2324 2858 2392 interiori,
2898 2326 3113 2396 spiritui
3150 2341 3283 2383 vero
3314 2328 3396 2382 vi-

1811 2413 2012 2467 tiorum
2065 2415 2462 2485 supplantatori
2498 2413 2563 2469 ad
2606 2415 2700 2472 Dei
2749 2416 3103 2472 intentionem
3147 2418 3395 2475 redeunti

1809 2501 1926 2568 Lia,
1980 2503 2030 2557 id
2074 2512 2157 2558 est
2185 2505 2563 2574 opportunitas
2588 2506 2759 2562 sancti
2809 2507 3013 2563 laboris
3055 2508 3314 2572 occurrit,
3342 2517 3398 2562 et

1808 2591 2093 2648 introitum
2131 2596 2479 2651 conscientiae
2504 2603 2783 2667 patentem
2814 2598 3073 2668 suggerit,
3106 2598 3230 2668 quia
3261 2598 3397 2655 odo-

1809 2693 2057 2738 ratnenta
2094 2699 2244 2755 pura:
2294 2685 2599 2742 dilectionis
2654 2701 2776 2757 qua:
2839 2688 2923 2757 pia
2962 2687 3267 2743 sollicitudo
3304 2703 3396 2742 ae-

1810 2777 2077 2834 tualitatis
2106 2779 2314 2834 devotae
2355 2780 2535 2851 proles
2566 2780 2667 2843 sibi
2708 2780 2909 2846 intulit,
2946 2780 3193 2846 Racheli,
3239 2780 3288 2835 id
3317 2789 3401 2835 est

1811 2871 2254 2942 contemplationi
2303 2881 2363 2927 ttt
2393 2873 2460 2928 ad
2511 2873 2681 2927 Deum
2724 2888 2896 2943 usque
2927 2872 3212 2928 videndum
3246 2887 3403 2927 amor

1813 2962 1928 3031 ipse
1969 2962 2253 3031 redundet,
2290 2965 2680 3023 actionalitatis
2715 2967 2897 3040 dignae
2919 2967 3092 3037 gratia
3124 2964 3398 3039 priestitit.

1815 3053 2074 3109 Dormivit
2108 3072 2222 3109 cum
2254 3073 2315 3110 ea
2346 3069 2492 3113 nocte
2520 3060 2633 3138 illa.
2663 3059 2849 3137 (Vens.
2883 3061 2973 3127 17,
3006 3060 3115 3131 18.)
3137 3060 3205 3115 Et
3232 3077 3401 3115 exau-

1741 3162 1786 3222 C
1816 3143 1941 3199 divit
1984 3160 2159 3213 preces
2185 3146 2299 3215 ejus
2337 3145 2499 3213 Deus,
2532 3151 2880 3220 concepitque,
2924 3163 2972 3204 et
3002 3151 3196 3221 peperit
3224 3149 3397 3219 [ilium

1816 3234 2081 3304 quintum,
2119 3235 2307 3290 dicens
2340 3250 2353 3289 :
2387 3235 2543 3290 Dedit
2588 3239 2873 3292 mercedem
2918 3238 3059 3292 Deus
3098 3239 3247 3302 mihi,
3275 3240 3401 3308 quia

1818 3324 1938 3378 dedi
1960 3323 2206 3378 ancillam
2231 3341 2399 3378 meam
2425 3327 2532 3380 viro
2560 3342 2692 3380 meo.
2719 3326 3117 3403 Appellavitque
3140 3343 3256 3380 eum
3283 3325 3403 3382 Isa-

1820 3414 1965 3470 char.
2009 3412 2176 3467 Jacob
2209 3429 2332 3467 cum
2380 3412 2477 3469 Lia
2537 3426 2683 3469 nocte
2731 3415 2956 3483 dormit,
3004 3431 3126 3471 cum
3177 3416 3402 3487 spiritus

1821 3513 2006 3559 noster
2036 3505 2087 3560 in
2120 3505 2247 3561 boni
2274 3508 2454 3576 operis
2479 3508 2664 3563 labore
2691 3500 2852 3565 etiam
2882 3510 3025 3564 inter
3044 3509 3406 3566 obscuritates

1823 3597 2176 3653 tentationum
2199 3599 2523 3671 acquiescit;
2548 3600 2628 3656 sic
2647 3601 2790 3655 enim
2815 3601 2956 3657 Deus
2972 3617 3160 3674 preces
3182 3618 3401 3660 suorum

1821 3691 2092 3760 prtecipue
2137 3694 2358 3748 exaudit
2404 3710 2417 3747 :
2462 3694 2695 3764 concepit
2743 3692 2971 3761 affectu,
3004 3696 3198 3764 peperit
3240 3710 3404 3767 opere

1819 3779 2013 3848 ﬁlium,
2045 3797 2150 3836 non
2182 3794 2458 3851 quartum,
2494 3783 2545 3837 id
2574 3792 2659 3839 est
2685 3799 2782 3855 per
2811 3784 3131 3855 temporalia
3157 3782 3403 3839 dillluen-

1823 3881 1967 3936 tem;
2003 3880 2239 3941 quatuor
2266 3874 2409 3928 enim
2442 3881 2570 3929 sunt
2618 3882 2884 3944 tempora,
2928 3876 3024 3929 sed
3053 3874 3312 3946 quintum,
3351 3875 3405 3930 id

1820 3972 1902 4017 est
1916 3963 2154 4019 animum
2180 3964 2439 4036 singulari
2460 3967 2781 4023 anetoritate
2799 3967 2912 4022 haec
2928 3966 3108 4023 omnia
3129 3976 3406 4024 transcen-

1822 4052 2057 4110 dentem.
2102 4053 2397 4122 Quinarius
2430 4072 2665 4127 namque
2700 4073 2767 4112 ex
2807 4067 3061 4129 quatuor,
3091 4067 3146 4114 et
3175 4061 3407 4114 monade

1821 4161 1885 4201 ac
1913 4146 1957 4201 si
2005 4148 2233 4217 praeside
2270 4156 2507 4203 constat.
2547 4149 2598 4204 ls
2645 4167 2838 4205 merces
2874 4150 3101 4216 dicitur;
3144 4151 3225 4207 sic
3260 4150 3405 4206 enim

1820 4236 2042 4292 lsachar
2084 4237 2492 4307 interpretatur,
2526 4238 2643 4307 ejus
2664 4240 2877 4295 scilicet
2903 4244 2999 4306 rei,
3041 4243 3184 4310 quod
3228 4241 3404 4296 ancil-

1823 4329 1933 4384 lam
1979 4329 2145 4386 totius
2184 4331 2458 4401 spnrcitia:
2495 4332 2638 4387 fetus
2678 4333 3002 4403 parientem,
3038 4333 3188 4397 viro,
3228 4333 3281 4387 id
3321 4341 3409 4388 est

1824 4422 2121 4477 intellectui
2161 4425 2517 4479 coercendam
2564 4424 2876 4493 subjecerit.
2927 4424 3061 4479 Cum
3106 4425 3251 4478 enim
3299 4425 3410 4480 Deo

2298 4523 2424 4571 tunc
2454 4517 2568 4586 jam
2612 4532 2676 4571 ac
2706 4517 2750 4571 si
2779 4532 2844 4570 ex
2883 4515 3064 4571 debito
3095 4515 3249 4570 nobis
3277 4516 3408 4572 vitia

1829 4604 2045 4673 subiicit
2077 4603 2238 4659 Deus.

1906 4738 2064 4793 Vens.
2116 4738 2203 4803 19,
2235 4738 2325 4793 ΞΟ.
2366 4738 2683 4794 —Rursum
2736 4739 2831 4793 Lia
2874 4742 3170 4812 concipiens
3215 4743 3408 4812 peperit

1831 4841 2033 4885 sextum
2063 4829 2261 4900 ﬁlium,
2291 4840 2339 4885 et
2368 4833 2441 4886 ait
2473 4844 2489 4886 .‘
2520 4832 2719 4890 Dtitli'il
2745 4849 2827 4887 me
2853 4832 3111 4889 Dominus
3138 4834 3258 4889 dote
3275 4835 3409 4888 bona

1829 4926 2001 4978 etiam.
2036 4925 2135 4978 hac
2164 4926 2290 4980 vice.
2340 4925 2545 4979 Mecum
2585 4928 2680 4980 erit
2722 4928 2947 4981 maritus
2982 4944 3126 4981 meus
3168 4944 3227 4981 eo
3272 4942 3408 4995 quoa

1829 5018 2096 5087 genuerint
2122 5018 2171 5071 ei
2208 5033 2299 5072 sex
2324 5017 2498 5086 ﬁlios;
2538 5028 2584 5072 et
2617 5018 2731 5072 ideo
2761 5020 3039 5089 appellauit
3080 5034 3202 5071 eum
3231 5014 3411 5068 Zabu-

1831 5111 1938 5167 lon.
1969 5111 2114 5166 Parit
2153 5111 2246 5165 Lia
2290 5120 2494 5165 sextum
2537 5111 2733 5179 ﬁlium,
2763 5120 2887 5166 cum
2930 5111 3143 5178 integre
3185 5122 3249 5161 ac
3290 5120 3415 5175 per-

1833 5204 1973 5261 fecte
1999 5205 2310 5274 assequitur
2352 5203 2686 5277 operationis
2716 5204 2964 5271 gradum.
3010 5201 3179 5255 Sexta
3217 5199 3413 5269 quippe

1833 5298 1920 5354 die
1949 5298 2090 5352 Deus
2114 5296 2341 5367 perfecit
2379 5310 2545 5369 opera
2567 5310 2666 5350 sua
2697 5293 2849 5365 (Gen.
2877 5309 2938 5357 ιι,
2962 5292 3041 5363 2).
3094 5292 3324 5347 Ditatam
3356 5305 3415 5345 se

1833 5389 1966 5445 dicit
1997 5389 2123 5444 dote
2153 5389 2316 5452 bona,
2359 5402 2465 5443 non
2500 5385 2675 5442 solum
2709 5384 2762 5438 in
2794 5384 3145 5449 conversione
3187 5395 3308 5438 eum
3345 5382 3412 5434 ad

1812 5483 1927 5551 'Dei
1959 5481 2205 5553 pervenit
2230 5480 2504 5543 timorem,
2526 5477 2620 5537 sed
2644 5476 2813 5531 etiam
2824 5474 3094 5546 pracipes
3106 5474 3228 5532 eum
3255 5474 3429 5545 119‘

1834 5576 1901 5635 ad
1946 5589 2123 5645 neque
2167 5584 2363 5639 morte,
2404 5586 2581 5642 neque
2631 5573 2739 5625 vita
2790 5564 3148 5642 separabilem
3193 5569 3417 5625 effertur

1835 5681 2102 5741 amorem.
2133 5666 2268 5721 Cum
2296 5663 2363 5721 ad
2391 5663 2625 5733 homini,
2659 5664 2853 5737 inQuit,
2888 5662 3199 5734 possibilem
3221 5662 3413 5717 deveni

1837 5758 2246 5829 perfectionem,
2278 5757 2329 5815 id
2351 5765 2433 5813 est
2464 5766 2752 5829 postquam
2781 5766 2990 5814 sextam
3018 5756 3158 5815 edidi
3186 5754 3412 5827 prolem,
