3978 6332
554 294 654 350 227

1308 282 1368 335 V.
1406 276 1730 335 GUIBERTI
1768 272 2057 329 ABBATIS
2098 273 2155 329 S.
2200 272 2440 327 MARIIE
2483 271 2568 326 DE
2601 268 2998 327 NOVIGENTO
3706 280 3795 334 223

546 428 661 474 iam
687 407 995 466 necessario
1030 402 1157 457 mihi
1187 396 1524 467 copulabitur
1549 398 1776 450 maritus
1806 393 2130 449 intellectus.
2164 395 2205 449 Α
2235 398 2341 443 tuae
2362 389 2603 443 claritati
2633 388 2936 444 cmerenda:
2978 386 3343 453 militaverint,
3380 405 3499 445 eum
3544 394 3653 447 lure
3678 407 3725 449 et
3751 410 3797 454 tn

554 501 679 575 quia
707 500 865 575 plene
893 491 1150 551 evacuavi
1176 503 1299 560 qua:
1331 498 1458 543 sunt
1484 486 1722 542 carnalis
1757 484 2002 575 affectus.
2033 484 2134 537 Za-

559 573 725 650 bulon
751 590 949 646 dicitur
972 586 1160 653 ﬂuxus
1189 580 1377 640 noctis,
1408 576 1489 630 vel
1530 573 1887 631 habitaculum
1919 575 2134 642 fortitu-

557 684 715 738 dinis.
750 681 867 736 Iam
897 688 1038 730 nunc
1062 673 1242 740 itaque
1267 669 1423 724 nobis
1450 663 1877 738 impassibitibus
1907 665 2135 718 viventi-

555 776 659 829 bus
697 769 814 823 fluit
836 781 964 830 nox,
1003 762 1054 816 id
1082 770 1165 816 est
1197 758 1517 830 ignorantia:
1540 755 1918 812 streularitatis
1942 756 2137 810 adver-

556 865 778 918 sitatum
825 870 944 926 qua:
995 853 1135 908 litin
1169 860 1350 906 mente
1378 850 1652 913 defectus,
1692 856 1751 903 et
1791 847 1979 916 incipit
2017 862 2139 901 esse

556 950 924 1008 habitaculum
965 945 1297 1002 fortitudinis
1329 952 1519 999 contra
1556 942 1739 998 omnia
1768 940 2007 1011 pericula
2053 940 2135 993 in-

554 1045 722 1100 terior
751 1044 915 1099 homo
948 1040 1202 1095 refectus.
1234 1036 1424 1107 (Vens.
1449 1035 1564 1106 21.)
1599 1034 1720 1088 Post
1751 1051 1901 1104 quem
1948 1032 2137 1102 peperit

551 1136 722 1207 filiam
765 1135 971 1189 nomine
996 1132 1214 1185 Diuum.
1246 1128 1398 1183 Licet
1437 1127 1529 1182 Dei
1560 1124 1923 1181 habitaculum
1956 1124 2083 1178 anin
2107 1138 2138 1176 a

554 1228 644 1292 sit,
677 1227 807 1281 licet
829 1234 1017 1281 contra
1042 1224 1287 1277 incursus
1305 1235 1497 1275 omnes
1527 1218 1737 1274 fortiter
1757 1216 1918 1283 obsit,
1946 1217 2138 1271 Dinam

554 1337 692 1390 opus
721 1329 824 1385 est,
867 1319 1124 1373 feminam
1168 1317 1235 1371 ad
1261 1324 1564 1369 extremum
1603 1327 1819 1381 semper
1855 1312 2052 1381 pariat,
2080 1319 2140 1365 ut

557 1414 770 1469 scilicet
799 1420 921 1482 post
962 1411 1190 1465 virtutes
1223 1408 1571 1477 fragilitatem
1604 1405 1875 1476 propriam
1907 1404 2005 1459 sibi
2043 1403 2140 1458 ob-

551 1507 732 1578 jiciat,
762 1521 829 1560 ne
861 1504 1205 1558 intumescat.
1239 1500 1374 1554 Dina
1416 1514 1546 1553 vero
1577 1496 2137 1567 interpretaturjudi-

556 1601 694 1653 cium
724 1597 885 1661 istud,
935 1594 1022 1650 vel
1060 1610 1240 1647 causa.
1282 1592 1556 1647 Judicinm
1591 1605 1724 1645 sane
1760 1590 1922 1651 istud,
1969 1590 2021 1645 id
2056 1600 2139 1643 est

556 1689 816 1744 discretio
857 1686 1104 1742 habenda
1146 1695 1252 1750 est,
1298 1686 1439 1739 inter
1481 1685 1684 1753 optima
1715 1697 1942 1752 quaeque
1973 1697 2135 1737 causa

555 1783 806 1837 videlicet
832 1780 1200 1851 subreptionis
1231 1780 1445 1848 inepta}.

629 1899 793 1952 Vsus.
836 1896 928 1963 22,
962 1896 1055 1961 23,
1096 1896 1186 1949 24.
1226 1926 1295 1935 —-—
1319 1890 1557 1949 Rachelis
1585 1910 1784 1966 quoque
1834 1892 2140 1947 recordatus

563 1990 815 2045 Dominus
847 1989 1112 2044 exaudivit
1150 2004 1290 2053 cam,
1316 1997 1363 2041 et
1387 1987 1590 2057 aperuit
1626 1986 1831 2040 vulvam
1858 1986 1990 2056 ejus,
2024 2000 2141 2054 qua:

557 2086 810 2155 concepit,
852 2095 900 2139 et
940 2087 1135 2155 peperit
1187 2085 1376 2152 ﬁlium.
1427 2082 1691 2145 Abstulit,
1744 2082 1942 2149 inquit,
2005 2078 2143 2133 Deus

558 2179 891 2249 opprobrium
934 2193 1124 2230 meum.
1178 2176 1245 2229 Et
1296 2175 1492 2229 vocavit
1536 2190 1717 2227 nomen
1766 2173 1879 2241 ejus
1924 2171 2140 2241 Ioseph.

560 2266 801 2322 Rachelis
830 2268 968 2322 Deus
982 2267 1319 2328 recordatur,
1345 2281 1466 2319 cum
1492 2264 1557 2317 ad
1587 2264 1667 2317 sui
1701 2262 1869 2332 ipsius
1895 2261 2143 2315 notitiam

557 2359 956 2429 contemplativi
985 2359 1283 2429 cujnspiam
1323 2372 1473 2411 mens
1502 2358 1608 2410 Deo
1639 2355 1910 2426 aspirante
1936 2352 2146 2408 reduci-

556 2461 667 2505 tur.
718 2450 972 2515 Exaudit,
1026 2465 1148 2504 cum
1207 2447 1425 2504 all'eetui
1488 2448 1738 2503 effectum
1798 2448 2044 2517 ingerere
2088 2462 2145 2501 se

558 2541 813 2598 ostendit.
849 2538 1063 2595 Vulcani
1097 2542 1290 2611 aperit,
1322 2557 1441 2595 cum
1465 2539 1651 2593 semini
1684 2539 1866 2592 divino
1897 2553 1992 2607 per
2013 2537 2148 2590 dila-

563 2632 822 2686 tationem
844 2631 1125 2687 charitatis
1158 2631 1209 2684 in
1248 2638 1424 2684 mente
1465 2630 1640 2684 locum
1673 2628 1815 2682 facit.
1851 2627 2146 2693 Paritergo

558 2722 754 2793 filium,
778 2736 844 2776 ex
866 2736 970 2791 quo
996 2737 1149 2777 suum
1193 2720 1323 2776 dicit
1343 2719 1578 2775 ablatura
1610 2716 1958 2790 opprobrium,
1992 2717 2141 2787 quia,

562 2824 847 2887 postquam
879 2818 944 2870 ad
978 2817 1171 2872 divina-
1198 2816 1577 2886 speculationis
1608 2814 1863 2885 pertingit
1890 2813 2143 2876 ollicium,

564 2910 615 2965 id
648 2920 730 2964 est
764 2910 1081 2964 desiderata:
1112 2910 1222 2979 spei
1255 2908 1509 2980 exprimit
1535 2908 1748 2963 tandem
1773 2906 2148 2973 tilium,ancil-

563 3002 695 3056 laris
723 3006 864 3071 quod
895 3002 998 3057 sibi
1050 3002 1398 3057 incumbebat
1445 3000 1694 3055 adulterii
1747 3000 1886 3054 Deus
1936 2998 2148 3068 repellit

565 3094 935 3165 opprobrium.
968 3092 1121 3149 Unde
1149 3102 1305 3149 vocat
1356 3109 1541 3147 nomen
1581 3092 1695 3160 ejus
1723 3090 1940 3160 Ioseph,
1984 3090 2034 3144 id
2067 3100 2148 3144 est
2175 3100 2216 3156 α

561 3195 920 3257 augmentum,
968 3186 1094 3255 quia
1127 3182 1288 3252 hujus
1321 3199 1424 3252 qua
1466 3182 1832 3253 temporaliter
1875 3182 2051 3235 adhuc
2095 3189 2148 3234 et

556 3275 715 3346 juxta
764 3291 919 3347 posse
961 3276 1127 3330 Deum
1185 3284 1582 3346 prtegustamus
1619 3273 1999 3344 Speculationis
2050 3273 2150 3326 ini-

566 3368 720 3432 tium,
745 3378 959 3423 :cternze
991 3368 1212 3422 visionis
1253 3366 1596 3437 praestolatnr
1636 3372 2007 3436 augmentum.
2041 3363 2147 3417 Ad-

564 3460 677 3522 dat,
709 3461 901 3530 inquit,
931 3460 1057 3514 mihi
1086 3459 1227 3514 Deus
1254 3459 1444 3529 ﬁlium,
1495 3459 1549 3513 in
1581 3458 1798 3528 speculo
1840 3457 2068 3522 scilicet,
2097 3463 2149 3509 et

564 3553 852 3623 enigmate
900 3552 1099 3607 videnti
1136 3550 1417 3617 conferat,
1474 3561 1530 3606 et
1581 3554 1841 3621 adaugcat
1897 3564 2039 3604 vera:
2096 3557 2149 3602 et

566 3652 766 3712 aperta
792 3643 1115 3713 cognitionis
1144 3643 1400 3698 fructum.
1439 3642 1625 3712 (Vens.
1655 3641 1772 3712 25.)
1802 3640 1944 3694 Nato
1974 3650 2148 3694 autem

570 3733 788 3804 Ioseph,
813 3735 945 3789 dixit
966 3735 1130 3789 Iacob
1144 3752 1320 3789 socero
1342 3751 1435 3789 suo
1451 3751 1468 3788 :
1485 3734 1701 3787 Dimitte
1726 3749 1805 3785 me
1830 3733 1882 3785 in
1898 3732 2143 3801 patriam,

566 3837 614 3880 ct
652 3828 719 3879 ad
755 3839 940 3881 terram
969 3846 1158 3890 nteant,
1184 3837 1288 3881 etc.
1318 3825 1610 3895 Postquam
1636 3832 1905 3895 perpetua:
1926 3823 2150 3877 visionis

566 3915 660 3970 Dei
686 3926 1031 3985 augmentum
1064 3928 1159 3982 per
1190 3927 1340 3982 spem
1388 3913 1552 3968 menti
1596 3912 1915 3976 innascitur,
1957 3909 2148 3973 Iacob,

573 4016 623 4053 ιιι
670 4014 754 4057 est
801 4003 1101 4058 intellectus
1136 4005 1201 4058 ad
1234 4003 1438 4068 Laban,
1472 4004 1523 4057 id
1568 4013 1651 4056 est
1678 4002 1965 4056 candorem
1991 4009 2151 4055 aeter-

569 4106 723 4154 nmn,
774 4093 858 4146 cui
912 4093 997 4147 lux
1058 4110 1183 4148 vera
1240 4095 1508 4165 prmsidet,
1560 4094 1818 4163 loquitur,
1859 4092 1949 4161 qui
1997 4107 2152 4147 socer

567 4182 784 4249 dicitur,
818 4184 944 4253 quia
978 4185 1187 4240 duabus
1218 4198 1373 4255 pater
1408 4195 1491 4241 cst
1519 4185 1753 4252 filiabus,
1782 4186 1970 4239 activa!
1998 4182 2148 4237 scili-

565 4281 655 4329 cet
676 4281 731 4327 et
756 4275 1221 4345 contemplativm.
1248 4292 1367 4345 qua:
1394 4277 1458 4329 ad
1490 4275 1716 4330 formam
1751 4274 2151 4346 supercoalestis

566 4365 817 4419 candoris
882 4366 1025 4421 illius
1080 4368 1437 4421 instituuntur
1494 4367 1544 4419 in
1614 4367 1821 4437 gremio
1882 4366 2151 4420 terrestris

564 4452 838 4510 Ecclesia.
858 4455 1069 4511 Dimitte
1095 4474 1173 4510 me
1192 4466 1249 4510 ut
1270 4468 1514 4511 revertar
1542 4459 1592 4511 ia
1621 4459 1851 4527 patriam
1883 4467 1931 4511 et
1957 4469 2151 4511 terram

565 4564 758 4614 meam,
808 4548 860 4603 id
904 4558 986 4603 est
1027 4550 1255 4603 liberum
1287 4565 1393 4615 me,
1444 4559 1498 4604 et
1537 4550 1840 4605 absolutum
1888 4564 2151 4619 corporeo

565 4642 823 4713 compede
844 4647 1030 4715 accipe
1058 4643 1327 4698 volentem
1360 4644 1556 4699 reverti
1589 4645 1640 4698 in
1672 4647 1923 4715 patriam,
1952 4643 2020 4697 de
2044 4657 2149 4711 qua

566 4734 850 4790 devolutus
880 4751 1021 4799 sum,
1071 4744 1127 4789 et
1170 4737 1223 4790 in
1259 4745 1458 4790 terram
1501 4737 1590 4790 ubi
1625 4735 2011 4790 immobilitatis
2043 4745 2151 4787 sia-

566 4837 678 4880 tum
715 4827 1010 4882 obtineam.
1040 4825 1226 4895 (Vens.
1252 4827 1366 4899 26.)
1396 4828 1475 4882 Da
1506 4829 1632 4881 mihi
1655 4844 1866 4893 uxores,
1891 4839 1935 4881 et
1963 4828 2150 4879 liberos

565 4935 729 4983 meos,
775 4935 868 4983 pro
894 4920 1081 4988 quibus
1113 4921 1301 4973 servivi
1339 4920 1449 4983 tibi,
1490 4929 1546 4971 ut
1596 4919 1796 4983 abeam,
1850 4919 1903 4971 id
1947 4929 2031 4973 est
2084 4936 2150 4972 ne

564 5011 852 5079 protrahas
900 5011 1033 5065 mihi
1084 5011 1375 5076 actualem,
1407 5028 1508 5081 qua
1559 5011 1647 5066 die
1675 5021 1729 5065 ct
1772 5022 1950 5076 nocte,
1997 5013 2149 5078 juxta

562 5102 967 5174 Apocalypsim,
1002 5104 1243 5173 requiem
1274 5118 1379 5157 non
1413 5104 1645 5157 habeam
1679 5104 1846 5158 Deum
1887 5103 2152 5158 laudando

566 5195 754 5263 (Apoc.
791 5211 903 5261 xlv,
935 5198 1053 5267 il),
1091 5205 1145 5251 et
1170 5195 1641 5265 contemplativam
1675 5195 1750 5249 nil
1779 5194 1921 5247 aliud
1958 5204 2154 5263 praeter

566 5284 735 5337 Deum
769 5286 1075 5355 cogitando,
1117 5295 1172 5340 et
1201 5285 1410 5339 fructus
1438 5300 1662 5355 operum
1718 5285 1772 5338 in
1828 5284 1979 5339 caelis
2028 5299 2154 5339 vere

568 5388 747 5440 reges,
772 5390 899 5429 vere
925 5376 1138 5440 liberos,
1179 5392 1281 5445 pro
1327 5376 1412 5429 his
1452 5376 1596 5430 enim
1633 5392 1739 5435 non
1778 5392 1879 5445 pro
1921 5376 2152 5430 terrenis

566 5473 676 5517 tua:
700 5463 1118 5533 scrvivigloriaa,
1157 5474 1213 5517 ut
1258 5464 1465 5528 abeam,
1517 5473 1572 5519 et
1623 5465 1852 5533 amplius
1901 5480 2008 5519 non
2058 5480 2153 5520 ero

568 5553 624 5606 in
645 5551 923 5606 aerumnis.
952 5553 1028 5606 Tu
1055 5555 1188 5606 nosti
1218 5555 1533 5621 servitutem,
1565 5573 1666 5626 qua
1697 5557 1879 5610 servivi
1914 5557 2026 5610 tibi.
2075 5556 2154 5611 Ac

570 5644 614 5698 si
649 5643 846 5697 dicat:
905 5646 985 5699 Tu
1048 5646 1377 5701 Hierusalem
1429 5666 1662 5721 superna
1719 5660 1889 5706 mater
1945 5661 2151 5717 nostra,

566 5731 789 5787 conscia
823 5733 914 5788 tibi
947 5750 1004 5790 es
1025 5735 1220 5804 quibus
1250 5739 1450 5807 carnis,
1477 5750 1529 5795 et
1556 5741 1736 5797 mundi
1768 5742 2153 5798 :entation'bus

2242 496 2399 550 passa
2433 497 2528 535 sus.

2316 571 2476 624 Vsus.
2508 571 2603 635 27,
2633 571 2724 626 28.
2758 601 2828 609 —-
2854 571 2940 624 Ait
2972 569 3150 625 Labau
3181 576 3226 625 ei
3250 586 3269 623 ξ
3305 573 3571 628 Inveniam
3596 581 3800 646 gratiam

2239 665 2291 717 in
2308 672 2584 732 conspectu
2610 673 2698 716 tuo
2724 680 2741 717 :
2768 663 3138 732 Experimento
3158 665 3320 717 didici
3340 668 3480 735 quod
3504 664 3801 729 benedixerit

2239 756 2367 808 mihi
2397 754 2535 809 Deus
2561 764 2770 827 prapter
2796 765 2865 808 te.
2890 752 3160 808 Constitue
3184 756 3469 810 mercedem
3496 767 3643 811 tuam
3663 778 3802 828 quam

2241 847 2354 899 dem
2382 846 2495 899 tibi.
2526 846 2711 901 Laban
2746 846 2814 901 ad
2846 843 3014 900 Jacob
3057 845 3317 914 loquitur,
3357 863 3479 900 cum
3512 852 3805 907 candidatus

2242 936 2545 992 cmlestium
2598 939 2917 1003 exercitus,
2975 938 3247 992 intellectu
3303 939 3595 1010 interprete
3640 952 3692 997 et
3745 949 3803 1000 ad

2240 1028 2419 1100 ipsum
2447 1032 2612 1086 etiam
2642 1032 2973 1087 intellectum
3006 1031 3185 1087 dicere
3207 1032 3425 1088 videtur
3453 1052 3466 1087 :
3502 1034 3559 1088 Si
3591 1037 3678 1091 tibi
3718 1040 3804 1096 ali-

2239 1122 2557 1191 quantisper
2604 1122 2757 1176 labor
2808 1138 3049 1191 prmsens
3080 1124 3438 1192 protrahitur,
3483 1141 3669 1195 magna
3696 1143 3803 1186 eum

2241 1211 2309 1265 ad
2340 1226 2493 1266 usum
2523 1212 2872 1268 beatitudinis
2914 1228 3049 1268 mea:
3078 1214 3290 1268 veneris
3324 1229 3442 1269 mea
3476 1219 3644 1285 gratia
3681 1225 3803 1288 apud

2242 1302 2559 1357 interiorem
2590 1303 2805 1358 oculum
2839 1312 2989 1358 tuum
3036 1304 3382 1359 invenietur:
3428 1315 3633 1361 certum
3664 1294 3803 1366 inin

2243 1396 2576 1464 experientia
2600 1395 2747 1461 fecit,
2773 1398 2916 1465 quod
2945 1397 3084 1451 Deus
3116 1397 3507 1452 incrementum
3542 1398 3714 1469 gloria:
3750 1420 3808 1459 ac

2245 1484 2448 1540 laztitia:
2476 1486 2757 1557 spiritibus
2784 1487 2956 1542 beatis
2975 1485 3245 1551 confera',
3273 1488 3487 1561 quoties
3510 1491 3574 1540 ad
3604 1492 3807 1546 eceteste

2241 1576 2596 1645 qttisrcgnttm
2622 1576 3002 1647 glorificandus
3031 1578 3273 1633 accedat.
3298 1576 3432 1630 Nam
3457 1578 3580 1631 dicit
3600 1594 3808 1649 magnus

2242 1666 2503 1734 Origenes
2544 1669 2621 1736 (in
2653 1686 2770 1735 (ap.
2822 1685 2851 1722 x
2882 1667 3057 1723 Levit.
3084 1670 3209 1723 hom
3236 1669 3346 1735 1.7,
3380 1670 3501 1723 an'c
3530 1671 3693 1737 med.)
3714 1686 3809 1726 παι

2173 1753 2213 1808 Β
2242 1756 2537 1825 perfectam
2568 1767 2786 1812 sanctos
2814 1758 3014 1812 habere
3042 1757 3303 1819 laetitiam,
3328 1759 3569 1826 quan‘iiu
3596 1759 3811 1815 vide-int

2243 1847 2471 1902 fratrum
2518 1863 2743 1903 suorum
2791 1849 2892 1904 sub
2933 1850 3216 1919 temporali
3254 1861 3576 1919 tempestate
3614 1854 3808 1906 mcesti-

2247 1942 2420 2006 tiam,
2476 1940 2619 1995 unde
2667 1948 2883 1996 constat
2925 1956 3081 1995 suum
3134 1942 3485 1995 vehementer
3531 1944 3705 2012 augeri
3752 1944 3812 1995 de

2244 2032 2577 2087 consortium
2623 2031 2907 2100 ereptione
2954 2031 3313 2100 triumphum,
3343 2041 3399 2085 et
3426 2031 3671 2101 gloriam.
3722 2032 3810 2086 Dic

2245 2140 2399 2197 ergo,
2423 2125 2476 2179 id
2508 2132 2591 2181 est
2618 2126 2954 2195 providendo
3008 2128 3283 2197 perpende
3314 2127 3619 2181 mercedem
3662 2142 3811 2195 quam

2246 2234 2278 2274 a
2305 2232 2392 2273 me
2432 2217 2527 2273 tibi
2557 2218 2675 2273 dari
2724 2218 2945 2288 poscis?
2977 2218 3127 2272 Talia
3180 2218 3393 2288 agimus
3444 2233 3567 2273 cum
3621 2217 3811 2273 sanctis

2246 2311 2549 2382 Spiritibus,
2572 2311 2786 2379 quoties
2806 2325 2992 2364 eorum
3015 2311 3311 2380 patrocinia
3334 2310 3401 2364 ad
3425 2309 3606 2378 gloria:
3633 2310 3809 2364 obten-

2254 2411 2372 2457 tum
2418 2403 2772 2473 exquirimus,
2805 2402 2989 2456 ethoc
3038 2402 3105 2456 ab
3150 2401 3230 2455 eis
3281 2400 3710 2456 inttllectua’iter
3733 2415 3813 2453 sa-

2249 2493 2461 2562 pientes
2504 2493 2774 2547 audimus.
2827 2492 3014 2563 (Vsnv.
3045 2492 3161 2559 29.)
3197 2492 3276 2545 Tu
3323 2494 3479 2555 nosti,
3532 2492 3609 2546 ait
3636 2491 3812 2555 Iacob,

2248 2596 2355 2650 qua
2406 2580 2653 2635 molestia
2691 2582 2787 2636 tibi
2828 2581 2995 2635 animi
3036 2581 3324 2649 carnisque
3354 2580 3635 2635 servierint
3676 2596 3813 2636 emc-

2260 2669 2459 2735 rendzn,
2489 2679 2534 2722 et
2572 2679 2790 2739 quanta,
2823 2684 2855 2722 o
2898 2669 3177 2723 beatorum
3220 2669 3475 2729 societas,
3506 2670 3561 2722 in
3592 2670 3817 2722 ntanibus

2249 2762 2376 2814 meis
2427 2760 2587 2830 fuerit
2635 2760 2891 2829 possessio
2924 2771 3039 2825 tua,
3096 2758 3149 2814 id
3196 2769 3281 2816 est
3309 2760 3497 2830 quanti
3548 2760 3817 2815 habuerim

2248 2850 2648 2919 possessionem
2687 2860 2851 2916 tuam,
2883 2866 3004 2920 quae
3029 2851 3167 2906 Deus
3192 2861 3306 2916 est-,
3343 2853 3394 2905 in
3417 2850 3681 2905 exercitio
3714 2867 3821 2904 ma-

2251 2958 2440 3007 nuum,
2463 2942 2517 2997 id
2544 2949 2627 2998 est
2649 2957 2871 3011 operum
2895 2958 3138 2998 meorum
3163 2944 3356 3013 patuit.
3374 2942 3566 3011 (Vens.
3586 2944 3700 3016 50.)
3717 2944 3823 2997 Μο-

2249 3032 2425 3083 dicum
2441 3031 2669 3084 habuisti
2691 3042 2969 3101 antequam
2984 3033 3204 3086 venirem
3218 3032 3286 3084 ad
3299 3042 3367 3085 te.
3383 3031 3823 3087 lmminutuserat

2250 3121 2652 3192 supercoelestis
2714 3138 2974 3177 numerus
3027 3130 3149 3176 tuus
3182 3163 3197 3188 ,
3253 3133 3546 3191 antequam
3600 3124 3821 3177 humana

2252 3220 2442 3266 natura
2485 3211 2894 3267 consociaretur
2937 3210 3118 3282 gloriae
3149 3218 3285 3276 tute;
3332 3221 3386 3265 et
3422 3226 3587 3273 nunc,
3617 3227 3651 3265 ο
3681 3212 3824 3265 beate

2251 3303 2527 3357 exercitus
2563 3302 2918 3368 salvatornm,
2957 3317 3079 3357 meo
3107 3302 3249 3356 dives
3279 3301 3452 3371 factus
3475 3320 3529 3356 es
3564 3302 3821 3372 collegio:

2251 3394 2617 3464 benedixitqua
2642 3394 2755 3460 tibi,
2800 3393 2853 3449 id
2883 3402 2966 3449 est
2989 3393 3366 3463 multiplicavit
3395 3402 3447 3448 te
3476 3393 3822 3448 Dominnsad

2250 3487 2522 3541 introitum
2549 3502 2741 3541 oneum.
2772 3484 2982 3540 Iustum
3005 3496 3080 3540 est
3108 3486 3269 3555 igitur
3294 3494 3348 3538 ut
3367 3494 3413 3539 et
3433 3502 3524 3555 ego
3551 3485 3826 3555 aliquando

2253 3579 2434 3631 domui
2463 3593 2593 3633 mete
2641 3576 2961 3647 provideam.
2996 3577 3150 3644 Quod
3182 3586 3351 3632 totum
3383 3585 3467 3632 est
3498 3591 3513 3630 :
3547 3577 3652 3631 Vos
3685 3587 3826 3631 certa

2253 3668 2510 3723 felicitate
2558 3668 2830 3739 gaudetis,
2882 3669 3130 3741 idemque
3186 3671 3240 3724 in
3280 3671 3497 3726 miseria
3530 3669 3829 3726 constitutis

2252 3757 2529 3828 postulare
2556 3759 2786 3825 debetis,
2837 3761 2978 3829 quod
3029 3770 3084 3815 et
3130 3760 3340 3825 facitis;
3393 3761 3637 3815 obtinete
3672 3760 3829 3830 igitur

2252 3852 2383 3905 mihi
2413 3852 2554 3922 quod
2583 3851 2790 3922 justum
2823 3861 2930 3918 est,
2980 3861 3042 3907 ut
3071 3854 3213 3908 sicut
3237 3852 3410 3917 vobis,
3462 3852 3590 3905 dntn
3622 3852 3830 3906 advixi-

2251 3941 2369 4005 stis,
2401 3942 2732 4011 providistis,
2769 3942 2846 3997 sic
2900 3951 2955 3997 et
3000 3957 3101 4011 ego
3139 3943 3356 3997 domum
3401 3942 3579 3997 Patris
3627 3943 3682 3996 in
3728 3957 3825 4011 qua

2252 4032 2562 4084 mansiones
2611 4031 2794 4085 multa:
2852 4042 2977 4085 sunt
3031 4030 3214 4102 (Ioan.
3264 4045 3376 4095 xtv,
3413 4031 3470 4101 2)
3517 4032 3647 4087 mihi
3707 4048 3830 4101 pro-

2253 4120 2568 4175 videatn.Et
2590 4121 2768 4174 domui
2798 4130 2947 4175 certe
2970 4121 3344 4191 providet,qui
3364 4132 3421 4177 ut
3441 4122 3512 4177 sit
3542 4122 3608 4176 dc
3637 4122 3832 4191 quibus

2253 4208 2586 4263 honestanda
2619 4218 2699 4265 est
2724 4211 2913 4264 domus
2943 4212 3146 4265 studet.

2327 4298 2485 4368 120
2515 4300 2677 4353 Vens.
2712 4300 2802 4364 5|,
2837 4300 2925 4354 52.
2944 4330 3012 4339 —
3031 4301 3171 4365 Quid
3193 4301 3327 4354 dabo
3354 4302 3487 4354 tibi?
3509 4300 3605 4354 Nil
3625 4302 3743 4355 volo
3763 4302 3834 4353 ait

2251 4388 2437 4453 Iacob,
2468 4390 2558 4443 sed
2587 4392 2629 4443 si
2652 4390 2833 4459 feceris
2866 4391 3003 4461 quod
3050 4391 3280 4460 postulo,
3312 4393 3500 4445 iterum
3528 4408 3767 4460 pascam,
3790 4400 3835 4445 et

2254 4478 2548 4531 custodiam
2579 4496 2765 4546 pecora
2795 4491 2907 4534 tua.
2937 4478 3051 4545 Nil,
3087 4482 3162 4534 ait
3196 4497 3252 4535 ra
3283 4481 3354 4546 io,
3384 4497 3413 4534 a
3460 4491 3532 4545 te,
3562 4496 3596 4534 ο
3639 4490 3828 4536 sancta

2255 4568 2468 4631 civitas,
2504 4570 2703 4622 terreni
2732 4569 3083 4625 emolumenti
3112 4586 3317 4639 qumro,
3348 4573 3441 4626 sed
3474 4572 3516 4625 si
3549 4573 3833 4644 gyravcris

2254 4672 2431 4709 omnes
2458 4672 2635 4725 greges
2676 4667 2815 4722 tuos,
2846 4657 2899 4712 id
2944 4666 3029 4713 est
3085 4659 3128 4711 si
3170 4658 3281 4714 alio
3334 4660 3837 4731 eireumspectionis

2255 4745 2456 4798 ambitu
2486 4760 2701 4799 omnem
2729 4746 2949 4800 virtutis
2978 4746 3265 4801 utilitatem
3296 4748 3478 4803 videre
3504 4764 3587 4802 me
3611 4751 3837 4805 obtentu

2272 4846 2363 4889 tuo
2400 4836 2618 4898 feceris,
2654 4844 2710 4889 et
2763 4838 3099 4905 scparaveris
3151 4854 3327 4891 omnes
3378 4854 3495 4892 oves
3550 4839 3751 4902 varios,
3795 4851 3839 4893 et

2256 4942 2444 4994 sparso
2474 4925 2679 4988 vellere,
2711 4926 2762 4978 in
2793 4926 2925 4993 ipsis
2960 4925 3164 4981 scilicet
3193 4927 3481 4981 virtutibus
3507 4927 3621 4981 vitii
3662 4928 3839 4996 cujus-

2256 5030 2360 5083 que
2386 5015 2764 5069 admistionem
2796 5024 2850 5070 et
2880 5017 3084 5087 Operis,
3135 5033 3231 5085 per
3282 5017 3526 5071 favorum
3576 5033 3744 5072 auras
3782 5034 3841 5070 ae

2256 5106 2299 5159 si
2360 5104 2582 5159 velleris
2638 5119 2744 5173 quo
2801 5107 3043 5159 membra
3104 5122 3267 5173 super
3324 5116 3524 5160 terram
3585 5116 3841 5178 teguntur

2255 5209 2318 5262 sp
2357 5193 2616 5256 rsionem,
2664 5192 2977 5247 discernere
3033 5191 3165 5245 mihi
3223 5193 3621 5261 impetraveris,
3672 5194 3839 5264 quod-

2256 5285 2455 5352 cunque
2480 5282 2656 5337 rufum
2689 5282 2847 5337 fuerit
2870 5283 3117 5352 passione
3140 5283 3390 5337 desiderii
3415 5284 3498 5338 vel
3531 5285 3839 5354 cognitione

2258 5377 2491 5446 peccati,
2532 5378 2632 5431 hoc
2677 5376 2821 5430 enim
2849 5375 2999 5429 color
3026 5375 3124 5428 iste
3165 5375 3463 5444 significat;
3494 5376 3839 5445 quodcunque

2258 5466 2585 5523 maculosum
2617 5467 2923 5520 incursione
2953 5465 3153 5529 delicti,
3185 5477 3230 5517 et
3264 5465 3463 5518 varium
3499 5465 3838 5534 subripienle

2261 5558 2564 5629 hypocrisi,
2591 5572 2689 5624 pro
2731 5571 2927 5625 magno
2961 5556 3086 5609 mihi
3119 5570 3340 5608 munere
3390 5555 3567 5624 patiar
3612 5554 3836 5615 ascribi.

2257 5652 2331 5704 nil
2385 5666 2517 5704 sane
2562 5650 2691 5703 mihi
2741 5650 2923 5703 utilius
2977 5663 3136 5718 quam
3174 5649 3411 5717 cegnitio
3456 5651 3581 5703 mei.
3629 5648 3838 5704 Dicitur

2258 5743 2400 5796 enim
2436 5760 2447 5793 :
2483 5740 2776 5807 Iudicium,
2809 5750 2855 5794 et
2898 5742 3089 5796 deinde
3142 5742 3409 5809 justitiam
3472 5742 3525 5794 in
3566 5741 3737 5795 Iacob
3782 5757 3835 5794 tu
