3982 6360
142 344 147 383 Γ
169 338 278 398 ΗΘ

1282 327 1648 386 MORALIUM
1676 310 1755 380 VIN
1795 323 2095 381 GENESIN
2128 322 2254 377 LIB.
2300 319 2433 377 Vlll.

3339 317 3447 373 230

140 455 344 524 ’fecisti
375 449 762 522 (Psatntcvut,
809 445 883 514 s).
920 446 976 501 Si
1025 452 1105 509 tu,
1156 445 1402 512 inquam,
1447 458 1481 497 o
1523 437 1760 495 caelestis
1791 434 2207 506 Aimaginatio,
2264 444 2318 489 et
2370 431 2691 487 sensmlitas
2752 430 3018 496 innuitur,
3066 428 3262 499 quibus
3315 430 3442 483 dum

172 552 351 597 mater
377 541 462 609 pia
496 540 787 606 interpres,
812 535 865 590 id
898 535 1028 588 mihi
1058 535 1338 603 impetres,
1372 530 1463 600 qui
1495 530 1758 583 hactenus

174 636 278 690 sub
327 635 524 687 timore
567 628 690 700 pavi
719 627 932 683 cmlcsti
980 624 1180 695 pabulo
1227 636 1454 691 qumque
1511 616 1759 674 interiori

172 724 382 780 nomini
411 734 681 789 congrua,
725 735 755 773 a
786 718 946 773 modo
990 716 1189 770 iterum
1215 727 1458 782 pascam,
1489 721 1544 765 et
1579 717 1760 765 custo—

174 817 340 882 diant.
372 814 425 868 id
461 823 546 871 est
577 823 631 870 et
656 811 967 867 alimoniam
998 808 1121 862 vitm
1149 804 1470 877 procumbo,
1496 800 1755 858 etvitali—

155 910 278 967 rhus
331 907 527 964 studiis
580 902 1001 961 sollicitudinem
1049 899 1310 955 custodiae
1362 895 1643 966 delegabo.
1692 892 1760 946 In

176 1003 356 1057 ovibus
390 1015 520 1055 vero
552 1007 599 1052 et
634 994 813 1065 capris
845 989 1148 1046 mercedem
1180 1004 1330 1045 suam
1362 987 1517 1052 dicit,
1555 985 1679 1039 dum
1707 983 1760 1036 in

175 1091 459 1148 beneﬁciis
484 1085 812 1148 actualibns,
836 1098 957 1153 quae
996 1096 1095 1150 per
1121 1096 1251 1136 oves
1290 1079 1595 1150 signantur,
1636 1076 1761 1144 quia

173 1186 313 1251 fetu,
346 1183 548 1247 fructu,
574 1189 627 1235 et
648 1179 850 1234 vellere
873 1184 1117 1247 prosunt,
1149 1185 1201 1231 et
1232 1175 1284 1228 in
1311 1170 1763 1240 contemplativis,

176 1292 299 1346 quae
324 1290 421 1344 per
452 1286 659 1343 capras,
690 1270 815 1340 quia
851 1276 1146 1339 pascuntur
1179 1266 1231 1319 in
1277 1264 1480 1328 arduis,
1525 1263 1576 1316 in
1623 1277 1763 1331 prae-

179 1368 319 1423 senti
356 1364 622 1421 mercedis
647 1363 856 1417 initium
880 1363 1075 1418 credit.
1106 1358 1292 1431 (Vens.
1318 1357 1434 1428 53.)
1467 1356 1766 1427 Responde-

181 1460 253 1513 bit
286 1459 413 1512 mihi
460 1474 577 1511 cras
617 1455 833 1524 justitia
883 1471 1017 1517 mea,
1069 1451 1280 1522 quando
1328 1449 1509 1519 placiti
1562 1458 1763 1517 tempus

179 1549 447 1605 advenerit
472 1556 747 1611 coramte,
779 1546 831 1600 id
872 1554 954 1601 est
979 1552 1294 1607 concurret,
1336 1550 1391 1596 et
1426 1540 1586 1611 digna
1619 1555 1765 1594 mer-

178 1642 312 1697 cede
339 1640 627 1696 conveniet
667 1654 731 1693 ac
763 1635 1086 1692 consonabit
1123 1633 1255 1688 mihi
1291 1632 1524 1701 jnstitia,
1571 1646 1676 1700 qua
1709 1631 1762 1685 in

176 1734 442 1803 principio
464 1731 567 1786 mei
598 1739 884 1785 accusator
909 1728 1163 1792 existam,
1195 1741 1320 1779 cum
1373 1724 1484 1779 Deo
1515 1737 1766 1777 renume-

1861 527 2036 583 mcdia
2069 523 2421 595 intelligentia
2449 522 2776 587 dominatur,
2805 529 3035 589 utraque
3058 535 3155 589 per
3181 535 3240 574 se
3266 519 3441 574 solam

1861 619 2194 675 infructuosa
2222 617 2340 686 ejus
2370 616 2553 670 vicino
2592 629 2787 684 sapore
2808 614 3079 669 conditur.
3111 613 3289 683 Virga
3313 612 3444 667 viri-

1862 710 1960 765 des
1984 708 2336 763 rect-itudines
2367 707 2593 761 interna:
2622 714 2748 760 sunt
2782 705 3067 761 charita’tis
3120 720 3282 761 succo
3328 721 3445 760 ma-

1864 804 2076 867 dentes,
2119 799 2509 859 horumtrium
2552 797 2851 865 ordinatos,
2883 805 2939 852 et
2972 796 3140 851 veluti
3171 799 3239 851 ad
3282 811 3445 868 regu-

1864 896 1970 950 lam
2021 895 2212 949 ductos
2250 904 2454 953 mores,
2493 890 2657 943 homo
2705 888 2917 958 peccati
2967 888 3259 943 subversor
3302 888 3443 941 idem

1865 986 2031 1042 Jacob
2063 984 2279 1054 accipit,
2330 989 2387 1038 et
2433 995 2500 1036 ex
2544 987 2698 1051 parte
2749 979 3088 1048 superficiem
3120 979 3362 1043 corticis,
3395 979 3447 1033 id

1866 1092 1951 1137 est
1976 1079 2227 1136 extrariw
2258 1074 2483 1131 visionis
2530 1073 2829 1137 abscindit;
2892 1080 2948 1126 et
2998 1089 3122 1127 mox
3172 1072 3448 1127 interioris

1867 1174 2054 1243 gratia:
2073 1171 2277 1227 candor
2308 1174 2562 1237 apparet;
2610 1173 2665 1219 et
2696 1163 2823 1233 quia
2873 1162 3277 1232 imaginationis
3324 1177 3448 1217 sen-

1867 1264 2092 1322 sualitas
2118 1276 2339 1333 prorsus
2371 1275 2400 1313 a
2443 1258 2683 1312 vanitate
2710 1254 3004 1311 visibilium
3027 1254 3149 1307 exui
3178 1269 3281 1309 non
3310 1270 3449 1324 prte-

1867 1358 2030 1421 valet,
2064 1356 2117 1410 in
2146 1356 2231 1409 his
2258 1367 2378 1423 quae
2415 1348 2706 1420 exspoliari
2733 1362 2838 1401 non
2863 1355 3089 1415 possunt
3111 1344 3266 1398 viror
3291 1344 3448 1400 bonae

1869 1449 2184 1507 intentionis
2230 1454 2541 1517 permanet;
2604 1441 2865 1513 perficere
2934 1439 3079 1495 enim
3153 1438 3449 1492 invenienti

1865 1542 2007 1597 velle
2035 1539 2245 1609 adjacet
2285 1536 2464 1607 (Rom.
2511 1548 2607 1598 vn,
2650 1532 2760 1603 18),
2805 1539 2861 1585 et
2908 1531 2987 1585 sic
3040 1527 3269 1583 eflicitur
3305 1527 3451 1580 color

1862 1632 2210 1700 uarius,dum
2240 1629 2428 1699 incipit
2457 1626 2622 1681 dividi
2661 1625 2922 1679 adversus
2951 1634 3170 1675 carnem
3205 1619 3449 1688 spiritus.
3542 1618 3549 1623 '

1870 1728 1971 1783 Ubi
1998 1727 2147 1781 enim
2176 1726 2291 1779 haec
2321 1737 2426 1775 non
2449 1727 2535 1774 est
2562 1717 2820 1781 varietas,
2848 1721 2992 1767 totus
3022 1710 3124 1765 sibi
3156 1706 3453 1779 complacet

172 1833 337 1880 rante
387 1824 443 1879 in
492 1830 781 1893 conspectu
825 1828 1136 1876 sanctorum
1167 1816 1278 1871 vita
1322 1830 1441 1870 mea
1493 1815 1765 1885 placuisse
1795 1798 1839 1855 Β
1869 1821 2030 1875 homo
2051 1828 2227 1873 vetus.

174 1916 520 1988 probabitur.

251 2007 832 2074 Vaas.54.—Gratum,
850 2006 1048 2077 inquit,
1067 2003 1271 2065 Laban,
1288 2000 1763 2072 lmbeo‘quod'petis.

176 2103 267 2158 Nil
302 2104 446 2158 enim
472 2103 681 2173 gratius
702 2096 1194 2169 spiritibusbeatis,
1210 2110 1372 2165 quam
1392 2092 1534 2163 quod
1555 2101 1770 2145 aeterna:

183 2193 359 2265 gratia
389 2193 594 2264 geritur
621 2190 840 2246 salutis.
876 2188 1002 2243 Haec
1052 2194 1233 2241 autem
1266 2200 1386 2239 cum
1433 2182 1767 2238 intellectua-

184 2285 312 2338 liter
339 2284 480 2337 intra
509 2297 607 2337 nos
632 2282 865 2351 agimus,
890 2289 945 2334 et
976 2293 1075 2333 nos
1099 2276 1351 2341 dicimus,
1387 2285 1441 2329 et
1467 2274 1620 2344 quasi
1656 2288 1767 2327 cm-

182 2374 311 2427 litus
337 2371 493 2426 nobis
534 2370 847 2440 responderi
902 2369 1188 2424 sentimus.
1221 2367 1408 2437 (Vens.
1436 2364 1548 2434 55.)
1582 2363 1648 2416 Et
1692 2377 1773 2416 se-

179 2465 386 2535 paravit
410 2464 464 2517 in
503 2463 587 2518 die
627 2461 719 2516 illo
742 2478 950 2529 capras,
980 2471 1027 2515 et
1058 2475 1197 2523 oves,
1248 2458 1420 2511 hircos
1464 2465 1511 2509 et
1559 2455 1768 2516 arietes,

183 2556 355 2608 varios
380 2563 426 2608 et
450 2553 763 2615 maculosos,
801 2552 965 2607 idest
1007 2551 1061 2604 in
1092 2549 1181 2603 illa
1222 2563 1325 2618 qua
1374 2547 1490 2601 hac
1542 2544 1767 2615 cogitat,

184 2644 454 2715 spirituali
486 2644 607 2699 luce
633 2644 944 2698 discernere
984 2640 1112 2696 fecit
1148 2639 1333 2701 Iacob,
1367 2638 1419 2691 id
1465 2645 1569 2700 est,
1602 2635 1770 2690 ratio-

180 2736 505 2800 nemrinter
539 2733 960 2804 contemplativa
997 2740 1053 2787 et
1080 2730 1330 2793 a‘ctualia,
1363 2730 1504 2784 inter
1536 2728 1770 2783 lascivos

182 2834 241 2880 et
267 2824 529 2880 animales
574 2833 775 2888 motus,
822 2830 876 2878 et
921 2821 1121 2877 arietes
1151 2819 1615 2883 rationalitatum,
1649 2831 1769 2887 qua!

185 2916 613 2987 nobispraebent
648 2914 898 2979 ducatus,
941 2920 998 2968 et
1028 2913 1082 2967 in
1112 2911 1197 2966 his
1232 2909 1485 2966 omnibus
1532 2920 1766 2979 pensare

184 3008 317 3079 quid
358 3009 624 3063 varietate
670 3005 997 3078 hypocrisis,
1050 3003 1181 3074 quid
1236 3002 1469 3057 naturali
1523 3001 1770 3058 fceditate

1940 1912 2101 1967 Vens.
2133 1910 2221 1964 38.
2253 1939 2324 1948 --
2353 1904 2635 1975 Posuitqne
2650 1919 2737 1957 eas
2765 1902 2820 1955 in
2850 1897 3141 1954 canalibus.
3167 1893 3277 1949 Has
3303 1892 3455 1962 ponit

1867 2010 1921 2063 in
1949 2004 2219 2059 canalibus
2252 2003 2340 2056 ubi
2377 2016 2514 2069 aqua
2568 1995 2966 2066 eﬁundebatur,
3014 1991 3141 2045 dum
3193 1985 3452 2056 quidquid

1870 2107 2079 2153 rentum
2126 2093 2289 2148 habet
2337 2090 2527 2143 fundat
2574 2081 2972 2155 quodammodo
3022 2090 3076 2133 et
3126 2077 3334 2133 stabilit
3397 2074 3451 2128 in

1872 2186 2200 2247 humilitate,
2224 2197 2286 2236 ac
2319 2178 2590 2249 depressis
2616 2174 2893 2230 interioris
2925 2170 3322 2238 exteriorisque
3352 2168 3451 2221 ho-

1872 2278 2033 2335 minis
2063 2274 2331 2335 sensibus,
2362 2270 2453 2325 ubi
2478 2264 2793 2333 illabi'solet
2828 2262 3013 2334 gratim
3045 2273 3290 2329 supernae
3312 2256 3453 2310 unda

1873 2372 2108 2434 caelitus,
2136 2366 2345 2423 scilicet
2372 2374 2425 2417 ut
2458 2377 2575 2415 cum
2601 2358 3045 2427 venirentgreges
3079 2354 3147 2407 ad
3181 2350 3456 2405 bibendum

1872 2473 1990 2519 ante
2029 2460 2205 2516 oculos
2235 2458 2478 2512 haberent
2507 2457 2698 2524 virgas,
2744 2450 2797 2505 id
2847 2457 2932 2504 est
2969 2446 3184 2517 quoties
3228 2442 3453 2499 accede-

1872 2565 1993 2612 rent
2019 2552 2431 2625 cogitationum,
2453 2557 2508 2603 et
2542 2555 2864 2601 caeterorum
2884 2550 3129 2596 motuum
3152 2538 3345 2600 turbae,
3380 2537 3453 2589 ad

1871 2644 2272 2718 spiritualitatis
2300 2639 2617 2700 consilium,
2656 2632 2946 2705 propositae
2991 2628 3309 2686 directionis
3364 2641 3454 2680 re-

1871 2739 2023 2811 gulas
2060 2736 2323 2792 haberent
2350 2739 2474 2785 ante
2503 2728 2687 2783 cordis
2732 2723 3007 2786 intuitum,
3060 2728 3116 2775 et
3148 2719 3218 2773 ad
3267 2732 3454 2773 earum

1872 2831 2191 2901 conciperent
2216 2824 2394 2882 studia
2420 2832 2474 2877 et
2495 2820 2828 2877 charismata
2851 2815 3072 2871 meliora
3098 2818 3453 2880 conspectum.

1872 2923 2140 2977 Bonorum
2166 2932 2294 2973 sane
2322 2928 2545 2970 suorum
2579 2909 2826 2968 contuitu
2874 2905 3192 2963 accenditur
3236 2902 3307 2960 ad
3358 2918 3455 2972 pn-

1874 3014 2015 3069 tiora
2041 3010 2248 3081 probus
2279 3007 2421 3076 quis.

185 3106 467 3168 peccatur.
497 3096 754 3151 (Iunctum
795 3105 969 3150 autem
1007 3109 1211 3164 gregem
1237 3091 1577 3157 unicolorem,
1616 3092 1670 3145 id
1693 3103 1769 3150 est

1935 3074 2213 3159 ~Vtr.ris.'59.
2239 3074 2312 3141 -ξ
2322 3098 2648 3165 Factumque
2673 3104 2746 3150 est
2771 3103 2825 3148 ut
2850 3094 2903 3147 in
2934 3093 3043 3163 ipso
3072 3088 3247 3144 calore
3261 3074 3452 3147 coitus,

184 3190 297 3246 albi
336 3200 383 3245 et
427 3190 561 3260 nigri
590 3188 788 3244 velleris
810 3186 1028 3241 tradidit
1057 3188 1113 3239 in
1152 3201 1340 3238 manus
1379 3184 1614 3252 filiorum
1643 3200 1767 3237 suo.

184 3300 327 3338 runt.
361 3282 548 3354 (Vens.
580 3281 696 3350 56.)
725 3279 792 3333 Et
820 3279 994 3344 posuit
1026 3277 1258 3347 spatium
1290 3274 1494 3328 itineris
1537 3276 1675 3328 inter
1718 3289 1773 3327 se

186 3383 237 3430 et
267 3388 513 3444 generum
542 3372 747 3426 dierum
786 3371 965 3434 trium,
992 3368 1083 3438 qui
1108 3365 1350 3437 pascebat
1388 3364 1613 3435 reliquos
1644 3380 1774 3434 .grc-

184 3482 277 3537 ges
319 3465 457 3532 eius.
490 3463 543 3519 id
584 3472 669 3519 est
702 3476 919 3517 omnem
954 3462 1219 3515 virtutum
1249 3457 1632 3528 frequentiam,
1656 3471 1776 3527 qua:

182 3574 285 3628 per
311 3556 680 3613 innocentiam
707 3552 1065 3609 unicoloriter
1090 3551 1255 3615 albet,
1302 3559 1483 3605 tamen
1508 3557 1566 3605 et
1591 3550 1774 3621 nigre-

184 3650 369 3705 dinem
401 3649 1041 3718 memorizepeccatornm
1071 3659 1177 3700 non
1207 3642 1563 3714 passibiliter,
1590 3642 1685 3699 sed
1706 3642 1773 3697 ad

185 3741 384 3806 Deum,
439 3741 532 3810 qui
589 3740 656 3795 de
712 3739 798 3794 his
857 3738 1000 3794 eruit
1046 3735 1327 3791 ardentius
1364 3733 1770 3804 praedicandum

187 3833 533 3889 laudabiliter
564 3842 728 3900 tenet,
763 3831 820 3885 in
852 3846 1039 3884 manus
1080 3828 1337 3898 ﬁliorum,
1370 3827 1421 3883 id
1462 3835 1546 3882 est
1574 3826 1628 3880 in
1676 3840 1774 3895 po-

188 3932 383 3981 testate
404 3932 735 3989 sanctorum,
764 3922 960 3991 quibus
988 3927 1139 3976 certa
1170 3917 1282 3987 jam
1311 3917 1404 3974 Dei
1453 3916 1641 3971 liliatio
1666 3925 1771 3982 est,

182 4016 316 4087 quia
341 4015 445 4071 sibi
467 4016 579 4087 jam
610 4013 927 4086 glorificatis
944 4025 1175 4083 peccare
1202 4025 1302 4066 nec
1327 4009 1481 4076 libet,
1496 4023 1598 4065 nec
1622 4008 1772 4074 licet,

183 4106 601 4164 custodiendum
633 4108 858 4177 praebet,
902 4113 958 4161 et
988 4106 1161 4175 ponit,
1197 4103 1248 4160 id
1273 4112 1361 4159 est
1402 4103 1638 4158 aestimat
1671 4101 1774 4158 dif-

182 4198 477 4255 ferentiam
503 4199 645 4253 inter
672 4197 1052 4267 proficientem
1082 4195 1415 4251 intellectum
1457 4193 1693 4248 hominis
1721 4201 1777 4248 et

180 4291 469 4348 ctelestem
494 4298 769 4353 senatum,
813 4296 868 4343 et
894 4288 1071 4343 active
1109 4295 1164 4343 et
1191 4284 1611 4356 contemplative
1657 4299 1774 4337 ma-

178 4384 417 4455 gistrum
467 4384 697 4438 duarum
746 4394 974 4435 uxorum
1022 4381 1330 4450 genitorem
1380 4374 1774 4446 spiritualium,

1875 3196 2329 3250 ovesintuersntur
2355 3190 2607 3259 virgas,et
2631 3193 2872 3255 parerent
2899 3178 3452 3243 maculosa,ac'varia,

1873 3294 1927 3342 et
1978 3285 2181 3339 diversa
2231 3279 2404 3334 colore
2452 3291 2706 3348 respersa.
2746 3272 2906 3328 Calor
2935 3280 3018 3327 est
3078 3271 3233 3339 121
3281 3268 3458 3323 coitus

1875 3391 2000 3432 cum
2030 3374 2238 3443 torpida
2267 3381 2451 3425 nostra
2484 3365 2817 3428 animalitas,
2865 3379 2986 3433 qua:
3017 3377 3114 3432 per
3149 3375 3281 3415 oves
3324 3359 3456 3431 ligu-

1876 3476 2049 3531 ratur,
2082 3464 2293 3535 spiritui
2329 3460 2482 3532 quasi
2524 3459 2695 3513 maris
2723 3455 2926 3512 fervori
2971 3452 3336 3523 conjungitur.
3389 3449 3458 3504 In

1876 3561 1981 3615 hoc
2010 3556 2185 3611 calore
2228 3569 2341 3607 oues
2387 3551 2656 3604 intuentur
2694 3548 2883 3617 virgas,
2917 3546 3040 3599 dum
3073 3544 3347 3613 simplices
3392 3556 3458 3595 ac

1878 3652 2101 3707 hebetes
2130 3646 2401 3717 cogitatus
2440 3640 2611 3695 nostri
2643 3649 2805 3694 recta:
2837 3633 3208 3703 intelligentiae
3229 3633 3459 3689 sollicite

1876 3742 2161 3800 intendunt
2194 3736 2511 3798 sententias,
2564 3744 2619 3787 et
2664 3730 2880 3801 pariunt
2918 3727 3121 3780 direrso
3166 3725 3338 3779 colore
3378 3741 3459 3777 re-

1874 3852 2087 3907 spersa;
2111 3847 2217 3903 quo
2246 3829 2387 3886 enim
2425 3823 2676 3881 subtilius
2698 3837 2791 3877 sua
2817 3818 3107 3889 inspiciunt
3149 3814 3338 3872 intima
3362 3830 3461 3883 per

1875 3906 2114 3983 divinam
2139 3920 2569 3992 inspirationem,
2592 3932 2656 3971 eo
2684 3914 2855 3984 magis
2884 3911 3114 3982 pr0priae
3139 3906 3459 3964 instabilita-

1876 4020 1968 4086 tis,
1994 4032 2059 4073 ac
2081 4014 2339 4069 vanitatis
2365 4009 2583 4065 veritati
2608 4003 2947 4062 adversantis
2970 4001 3255 4057 inveniunt
3284 3998 3485 4053 varic-‘

1877 4120 2062 4167 tatem.
2098 4107 2282 4178 (Vnus.
2305 4101 2728 4173 40.)Divisitqne
2755 4110 2957 4167 gregem
2987 4094 3174 4158 Jacob,
3205 4100 3253 4146 et
3284 4091 3459 4160 posuit

1876 4202 2046 4270 virgas
2091 4207 2212 4253 ante
2246 4195 2423 4249 oculos
2463 4192 2708 4246 arietum.
2746 4184 2960 4241 Arietcs
3002 4198 3258 4253 namque,
3288 4182 3339 4236 id
3376 4190 3459 4235 est

1876 4291 2185 4348 intellectus
2233 4285 2648 4357 cogitationum,
2706 4288 2962 4347 tanquam
3015 4289 3238 4346 gregum
3270 4274 3459 4335 duces,

1877 4384 2005 4440 dum
2044 4380 2306 4453 mysticas
2335 4392 2467 4433 oves
2494 4377 2852 4445 imprtegnare
2885 4373 3154 4430 nituntur,
3200 4378 3335 4432 opus
3376 4370 3462 4416 est

178 4475 601 4547 integerrimam
647 4472 743 4529 Dei
791 4471 1181 4542 cognitionem,
1228 4470 1281 4523 in
1334 4483 1441 4538 quo
1476 4475 1559 4523 est
1594 4464 1769 4520 Trini-

1879 4485 1940 4531 ut
1985 4490 2016 4529 a
2064 4474 2339 4544 virgarum
2371 4464 2764 4524 consideranda
2814 4458 3112 4514 directione
3153 4471 3260 4508 non
3308 4467 3460 4507 aver-

179 4565 321 4621 tatis
373 4580 437 4621 ac
490 4566 536 4620 si
596 4564 759 4619 trium
808 4563 1016 4618 dierum
1064 4560 1402 4632 mysterium.
1452 4557 1569 4627 lpse
1616 4556 1775 4610 intel-

178 4659 362 4715 lectus
418 4655 643 4727 reliquos
700 4653 878 4725 pascit
931 4654 1047 4723 ejus
1101 4668 1321 4723 greges,
1374 4650 1501 4720 quia
1552 4646 1776 4701 alterius

183 4751 335 4807 modi
385 4750 562 4805 minus
590 4747 796 4804 scilicet
822 4746 1089 4818 perfectas
1117 4745 1169 4799 in
1212 4746 1317 4800 hoc
1368 4740 1568 4809 sacculo
1603 4739 1775 4794 nutrit

185 4847 436 4899 virtutes.

255 4953 426 5035 Vens.
467 4952 557 5007 57.
594 4981 666 4993 --
704 4950 912 5006 Tollens
964 4967 1085 5021 ergo
1114 4949 1283 5004 Iacob
1326 4948 1499 5017 virgas
1527 4944 1775 5018 populeas

189 5046 404 5113 virides,
454 5055 503 5100 et
542 5044 933 5116 amygdalinas,
985 5051 1034 5098 et
1095 5057 1160 5096 ea:
1219 5040 1468 5112 platanis,
1518 5055 1582 5094 ex
1630 5046 1776 5108 parte

189 5138 524 5194 decorticavit
549 5152 679 5201 eas;
707 5134 1058 5205 detractisque
1088 5131 1402 5195 corticibus,
1447 5129 1502 5182 in
1551 5128 1633 5180 his
1660 5142 1776 5197 qua:

191 5225 484 5298 exspoliata
512 5224 748 5294 fuerant,
799 5223 999 5277 candor
1029 5220 1298 5291 apparuit.
1342 5216 1449 5271 Illa
1500 5233 1619 5270 vero
1658 5231 1778 5285 qua:

191 5322 397 5387 integra
424 5315 658 5386 fuerant,
690 5314 884 5367 viridia
925 5317 1349 5383 permanserunt,
1380 5318 1533 5377 atque
1558 5307 1612 5358 in
1641 5305 1777 5358 hunc

193 5412 405 5479 modum
445 5410 591 5465 color
646 5410 859 5480 eﬂectus
904 5418 980 5463 est
1033 5409 1230 5463 varius.
1285 5405 1391 5460 Per
1431 5401 1775 5473 amygdalum

194 5519 311 5573 quin
358 5502 472 5557 sola
515 5499 570 5555 in
605 5499 778 5555 tribus
804 5499 889 5554 his
921 5496 1202 5553 fructifera
1230 5505 1334 5561 est,
1365 5492 1777 5563 intelligentiam

195 5593 513 5663 accipimus,
538 5590 590 5646 in
607 5605 714 5662 qua
740 5598 823 5646 est
853 5598 1049 5645 cuncta
1074 5588 1384 5659 passionum
1415 5586 1597 5641 carnis
1628 5597 1768 5637 aina-

198 5686 452 5748 ritudine,
499 5693 555 5739 et
605 5681 963 5738 humanitatis
1009 5681 1231 5743 duritia,
1268 5695 1329 5734 ac
1382 5678 1427 5733 si
1477 5676 1680 5731 cortice
1724 5682 1774 5727 et

201 5781 332 5829 testa
365 5774 456 5829 Dei
481 5774 673 5830 notitia
698 5771 938 5829 nucleus.
967 5772 1070 5828 Per
1116 5769 1375 5842 pupulum
1417 5774 1470 5823 et
1502 5766 1776 5837 platanum

1879 4575 2081 4621 tantur.
2115 4563 2281 4617 Erant
2326 4571 2500 4613 autem
2530 4556 2649 4609 alba
2698 4566 2914 4622 qumque
2961 4557 3009 4603 et
3057 4549 3208 4618 nigra
3238 4544 3457 4609 Laban;

1876 4669 2066 4714 caetera
2098 4670 2237 4717 vero,
2261 4647 2451 4714 Iacob,
2473 4646 2729 4718 separatis
2764 4645 2898 4697 inter
2942 4657 2996 4696 se
3034 4639 3296 4712 gregibus.
3347 4636 3462 4692 Hoc

1879 4747 2039 4821 paulo
2068 4743 2439 4816 supradictnm
2463 4745 2567 4804 est,
2604 4752 2705 4791 nec
2735 4744 2997 4807 repetam.

1952 4841 2118 4896 Vens.
2146 4838 2236 4893 41.
2265 4866 2337 4876 -
2364 4833 2538 4905 Igitur
2562 4831 2773 4904 quando
2804 4832 2974 4901 primo
3005 4838 3233 4899 tempore
3265 4843 3452 4881 ascen-

1881 4936 2143 4991 dabantur
2171 4947 2309 4996 oves,
2340 4927 2557 4999 ponebat
2581 4924 2747 4981 Jacob
2768 4923 2939 4992 virgas
2969 4931 3089 4976 ante
3113 4919 3290 4974 oculos
3316 4920 3459 4972 aric-

1880 5038 2013 5093 tum,
2045 5032 2153 5080 etc.
2201 5021 2384 5076 Prima
2422 5014 2689 5081 ascensio,
2735 5015 2877 5069 sicut
2904 5013 3079 5084 prima
3108 5009 3459 5070 resurrectio,

1878 5127 1982 5184 est,
2008 5131 2132 5173 cum
2165 5109 2523 5185 spiritualitas
2550 5106 2944 5162 animalitatem
2976 5103 3044 5157 ad
3084 5100 3243 5157 bon-is
3282 5097 3463 5166 operi-

1880 5212 1978 5267 bus
2010 5207 2292 5275 fetandum
2331 5201 2606 5274 subjugat.
2642 5200 2708 5253 In
2734 5196 3005 5252 canalibus
3044 5208 3174 5263 ergo
3204 5204 3466 5250 sensuum

1879 5302 2261 5363 demissorum,
2304 5306 2359 5352 et
2382 5296 2534 5366 quasi
2572 5300 2911 5352 cavatarum,
2954 5286 3046 5342 ubi
3094 5283 3262 5338 fluant
3300 5282 3459 5336 unda:

1881 5392 2118 5447 fidelium
2152 5404 2438 5460 aquarum,
2469 5383 2736 5455 ponendae
2763 5389 2887 5436 sunt
2914 5380 3082 5450 virgae
3116 5375 3465 5449 gubernatio-

1880 5500 2033 5549 num,
2083 5492 2211 5537 ante
2260 5478 2752 5536 considerationem
2804 5471 3011 5528 scilicet
3072 5467 3457 5525 intellectuum.

1880 5578 2016 5633 Nota
2054 5574 2339 5630 verborum
2381 5569 2717 5641 singulorum
2766 5580 2952 5632 sonos,
2991 5572 3046 5619 et
3099 5560 3459 5624 coucordias;

1884 5669 2162 5724 humilitas
2198 5669 2250 5721 iu
2297 5663 2602 5728 canalibus,
2656 5663 2708 5716 in
2744 5674 2883 5734 aqua
2936 5657 3157 5728 Spiritus
3214 5662 3459 5713 sanctus.

1881 5761 1971 5832 qui
2007 5758 2220 5829 proprie
2271 5774 2327 5814 se
2367 5755 2602 5811 infundit
2645 5755 2937 5811 humilibus
2967 5767 3033 5807 ex
3066 5765 3171 5819 quo
3220 5746 3463 5816 procedit
