3982 6360
570 275 673 333 231
1334 278 1396 335 ν.
1430 280 1753 339 GUIBERTI
1793 283 2082 344 ABBATIS
2106 289 2163 345 S.
2193 291 2434 352 M‘ARUE
2461 297 2549 354 DE
2574 298 2974 364 NOVIGENTO
3780 323 3905 377 238

565 388 741 460 virga,
774 388 940 445 totius
964 376 1173 465 scilicet,
1202 391 1519 450 directionis
1545 410 1610 452 ac
1630 396 1855 465 iustitiae
1877 414 1978 465 vis,
2005 405 2146 471 quod
2177 408 2223 459 A
2252 406 2341 457 ubi
2366 410 2680 467 detinentes
2708 414 2850 469 tame
2880 425 3093 471 interna
3125 431 3313 488 pascat
3341 438 3502 482 verus
3526 424 3719 482 Jacob
3754 447 3901 499 gre-

1630 458 1647 465 _
1966 458 1975 465 ν
2023 458 2039 471 _
2218 458 2223 459 ,
2392 458 2679 467 .___--_----.,
2708 458 2850 469 -..ων
2882 458 3093 471 ..ιον-πυ
3126 458 3313 488 ιιι-ους..
3346 458 3502 482 tutuo
3526 458 3621 482 ναι
3638 458 3719 482 υυ
3754 458 3896 499 δῖε-

565 458 890 550 proponitur
922 458 1204 549 arietibus,
1235 484 1286 541 id
1309 494 1393 540 est
1422 486 1806 546 intellectibus.
2253 509 2345 564 ges
2373 499 2784 568 cogitationum.
2838 506 3102 580 intelligo,
3152 512 3248 576 ait,
3284 516 3603 573 serenitatis
3657 521 3896 577 dit-ina:

2251 584 2617 655 dignationem
2649 608 2680 646 a
2731 610 2818 650 me
2864 600 3058 653 averti.
3091 600 3233 658 Deus
3287 612 3469 661 autem
3524 610 3721 677 patris
3770 618 3890 668 mei

2250 673 2349 728 fuit
2378 692 2590 735 mecum
2628 691 2682 738 et
2713 686 2904 755 gratiae
2944 687 3060 758 ejus
3104 692 3245 748 dona
3282 695 3481 751 recolo.
3521 673 3739 768 (Vsus.
3800 705 3886 771 6.)

2250 763 2315 818 Et
2349 767 2479 837 ipsa
2502 772 2663 828 nostis
2690 778 2830 846 quod
2858 780 2980 834 totis
3015 782 3208 837 uiribus
3236 787 3364 841 meis
3391 789 3679 845 servierint
3719 798 3883 863 patri

2246 868 2430 925 vestro,
2461 862 2510 917 ei
2535 865 2741 922 scilicet
2762 870 2855 938 qui
2883 873 3167 945 utriusque
3192 887 3384 934 auctor
3413 881 3539 937 vita:
3573 892 3680 940 est
3723 862 3882 942 Deo.

2244 948 2369 1006 llaec
2398 967 2485 1009 me
2512 956 2687 1028 egisse
2721 969 2931 1018 certum
2974 974 3150 1023 teneo.
3185 968 3372 1038 (Vsus.
3402 974 3481 1042 7.)
3538 974 3658 1030 Sed
3706 990 3879 1047 pater

2241 1053 2405 1099 vester
2431 1048 2768 1106 circumvenit
2800 1072 2904 1120 me,
2939 1057 2989 1112 id
3021 1069 3106 1114 est
3139 1060 3335 1118 oblat-.e
3364 1065 3687 1124 dulcedinis
3715 1084 3874 1126 eon—

2241 1136 2506 1195 versionis
2535 1140 2689 1198 initio
2716 1144 2889 1200 illexit
2912 1163 2999 1204 me
3027 1151 3324 1222 blanditiis,
3347 1165 3400 1210 et
3424 1161 3677 1216 mutavit
3708 1178 3874 1217 mer—
3960 1192 3961 1225 ;

548 1342 669 1357 nlo-ra
722 1322 886 1357 τηου-ἕρ
972 1332 1267 1357 μακρημειε-..
1354 1337 1541 1357 _.-_n.___
1622 1356 1625 1357 ,
1776 1343 1787 1354 ο
1954 1347 1987 1357 ..
2025 1347 2036 1357 .

722 1322 919 1390 τεθείη
1348 1337 1549 1405 rebus
1604 1343 1881 1413 ντορνίτηη
1936 1347 2133 1418 dies“
2219 1320 3453 1450 -Ξὲἓἐῗῖέῗςῖίέῗῖἐῇξῖὶῖθε,Ἢ,ίιίιὶξξτξετμ
3486 1359 3863 1450 reme

548 1422 785 1450 nionlom
840 1431 1041 1450 nnnn-n
1078 1422 1147 1450 ειιε
1182 1426 1383 1450 ιιι-..2ης
1441 1445 1567 1450 -__--
1617 1449 1624 1450 ,
1664 1448 1673 1450 _
1773 1448 1781 1450 Α
1827 1436 1860 1450 o-
1997 1439 2009 1450 ε

548 1422 811 1483 mentem.
839 1431 1043 1487 ponere
1076 1422 1149 1479 ibi
1180 1426 1384 1483 homini
1434 1445 1571 1500 opus
1614 1448 1720 1489 non
1762 1436 1885 1501 erit,
1919 1439 2010 1508 qui
2050 1456 2133 1494 re-
2219 1421 2392 1538 Et"
2407 1421 3529 1538 cf}:'2‘:ff"fflfiiﬂialegljl‘llfduinarium
3554 1440 3862 1538 sensuali-

552 1516 762 1538 nnnlom
791 1512 965 1538 nmn:l.
1003 1516 1108 1538 “4.-
1133 1533 1162 1538 _-
1196 1520 1241 1538 2,,
1283 1535 1328 1538 __
1370 1522 1384 1538 I
1443 1523 1456 1538 I
1514 1526 1525 1538 I
1552 1526 1584 1538 ι.
1873 1531 1885 1538 .
2045 1534 2055 1538 -
2121 1536 2129 1538 .
2259 1534 2269 1538 _

549 1516 763 1575 geniem
788 1512 966 1567 omnia
1000 1516 1167 1571 Deum
1194 1520 1247 1573 in
1276 1535 1334 1577 se
1370 1522 1619 1589 “abem;
1654 1545 1771 1597 qua,
1798 1531 1945 1587 enim
1974 1534 2130 1602 primi
2237 1508 2383 1629 tatis:
2434 1508 2524 1572 qui
2556 1508 2718 1561 etiam
2753 1510 2993 1568 vivacius
3038 1516 3400 1600 imaginaliter
3447 1526 3625 1580 menti
3679 1528 3858 1591 inest.

550 1602 790 1629 ΙΔικαιΛιρῗ-
822 1613 942 1629 λη...
1004 1607 1145 1629 1--.!
1182 1626 1193 1629 Α
1226 1628 1231 1629 ,
1286 1622 1298 1629 .
1350 1614 1362 1626 α
1386 1614 1401 1629 ι
1499 1625 1507 1629 .
1590 1619 1604 1629 α
1773 1622 1819 1629 -,
1951 1625 1961 1629 -
2232 1606 2355 1629 num
2406 1604 2697 1629 nlrnrnnnn
2735 1617 2830 1629 nun.‘
2862 1605 3041 1629 An--.“
3092 1608 3315 1629 __!4!l.,,_.
3352 1612 3365 1624 ο
3413 1621 3426 1629 .
3466 1615 3519 1629 η.
3567 1617 3580 1629 ο

547 1602 790 1667 temporis
820 1613 964 1668 sunt,
988 1607 1155 1664 Jacob
1176 1622 1324 1676 sunt,
1350 1614 1401 1670 id
1428 1625 1514 1671 est
1538 1619 1605 1673 ad
1633 1593 2128 1691 supplantationem
2232 1593 2374 1660 quoa
2406 1604 2697 1691 ".‘.""'"‘l“,°
2734 1617 2832 1671 pro
2859 1605 3045 1660 decem
3092 1608 3315 1667 ﬂemus
3351 1612 3582 1687 intelligi
3630 1629 3854 1689 mnes"

740 1694 751 1748 ί
781 1697 1049 1765 amnem;
1099 1720 1215 1773 qua,
1244 1708 1500 1774 semina,
1530 1710 1582 1765 id
1605 1684 1774 1768 εει-ὼ
1807 1717 1991 1771 mundi
2021 1720 2127 1774 “ne
2162 1749 2202 1776 η
2233 1684 2553 1739 naturaliter
2580 1690 2798 1758 quidem
2836 1708 2958 1749 cum
2990 1698 3256 1755 rationem
3282 1702 3581 1776 impugnet,
3628 1724 3758 1765 non
3800 1714 3853 1766 in

741 1703 749 1705 .
865 1703 875 1708 -
1035 1718 1047 1728 ,
1391 1708 1401 1717 .
1530 1710 1541 1721 .
1719 1713 1731 1725 .
1979 1717 1989 1729 .
2039 1720 2049 1733 .
2233 1703 2553 1739 naturaliter
2580 1703 2798 1758 quidem
2836 1708 2958 1749 cum
2990 1703 3256 1755 rationem
3282 1703 3581 1776 impugnet,
3628 1724 3758 1765 non
3800 1714 3853 1766 in

532 1703 1014 1794 'peccau.aumem
1034 1741 1049 1765 ’
1099 1720 1219 1803 qua".
1244 1716 1500 1806 semima’
1530 1711 1582 1765 id
1605 1722 1689 1767 ea
1720 1730 1774 1768 ἠ
1807 1718 1991 1819 mundi
2021 1721 2127 1821 mle
2156 1749 2203 1809 Β
2230 1786 2419 1841 pacem
2448 1776 2575 1832 mihi
2614 1780 2706 1839 sed
2744 1780 2795 1835 in
2837 1782 2976 1839 bella
3008 1791 3239 1846 mutavit
3290 1793 3386 1848 sed
3429 1811 3535 1851 non
3573 1803 3854 1868 permisit

541 1791 802 1837 restantia
834 1789 1134 1844 secundum
1178 1805 1550 1852 smcernatem
1582 1815 1831 1868 superna:
1859 1806 2126 1867 claritatis
2379 1864 2408 1868 _
3246 1832 3258 1856 ’

755 1789 765 1794 -
1208 1793 1219 1803 .
1364 1796 1376 1806 .
1979 1807 1991 1819 .
2082 1810 2093 1821 .
2156 1789 2203 1809 υ
2249 1789 2419 1829 uicem
2448 1789 2575 1832 mini
2614 1789 2706 1833 sed
2744 1789 2795 1835 in
2837 1789 2976 1839 bella
3008 1791 3239 1846 mutavit
3290 1793 3386 1848 sed
3429 1811 3535 1851 non
3612 1803 3849 1856 ermisit

541 1791 802 1837 restantia
834 1789 1134 1844 secundum
1178 1805 1550 1852 smcernatem
1582 1815 1831 1871 superna:
1859 1806 2126 1867 claritatis
2230 1789 2247 1841 ι
2618 1838 2621 1839 ⁷
2950 1877 2961 1888 .
3009 1879 3021 1889 .
3077 1880 3089 1891 .
3246 1832 3258 1856 ⁹
3445 1888 3456 1899 ,
3573 1813 3607 1868 Ρ
3724 1893 3738 1904 .
3804 1896 3816 1904 .

541 1876 793 1948 eandem.
827 1878 929 1934 hoc
963 1890 1045 1935 est
1072 1884 1140 1939 ad
1174 1884 1355 1942 Luban
1386 1891 1685 1948 nemnem.
2230 1876 2352 1918 eum
2379 1864 2521 1921 Deus
2548 1878 2606 1923 ut
2635 1883 2858 1929 noceret
2891 1879 3046 1945 milii,
3076 1882 3128 1935 id
3156 1891 3240 1937 est
3265 1899 3386 1939 cum
3413 1896 3482 1942 sit
3508 1894 3849 1948 essentialio

539 1876 771 1931 eandem
827 1878 929 1934 hoc
963 1890 1045 1935 est
1072 1884 1140 1939 ad
1174 1884 1355 1942 Laban
1386 1891 1685 1959 pertinent.
2230 1876 2352 1918 eum
2380 1876 2521 1921 Deus
2548 1878 2606 1923 ut
2635 1883 2858 1929 noceret
2891 1877 3046 1945 milii,
3076 1880 3128 1935 id
3156 1891 3240 1937 est
3265 1899 3386 1939 cum
3413 1888 3482 1942 sit
3508 1893 3845 1948 essentia“.

612 1932 752 2041 vim;
779 1917 878 2045 ‘43
928 2024 998 2033 -—
1020 1995 1332 2054 Ditatusaue
1360 2013 1435 2054 est
1466 2004 1620 2054 homo
1652 2007 1790 2054 ultra
1817 2012 2026 2054 mnrlnm
2075 2025 2123 2054 οι
2228 1962 2313 2010 ter
2338 1958 2480 2054 D895
2509 1964 2901 2037 propriumque
2924 1971 3032 2028 ί)θο
3056 1972 3160 2043 ίδίιυ
3198 1986 3259 2031 ιη
3303 1978 3375 2033 ⁵η
3402 1981 3543 2050 ΡῘ¹¹⁵ν
3580 1984 3714 2054 ipsa
3744 2003 3845 2043 ⁵⁸³³

2226 2050 2489 2107 naturalis
2514 2056 2686 2125 gratia
2720 2074 2826 2114 non
2858 2062 2986 2118 sivit
3016 2080 3161 2133 eum,
3210 2079 3269 2124 ut
3318 2071 3614 2133 imminens
3646 2086 3843 2136 tenta-

637 594 802 659 γωδ.
829 595 921 649 42.
942 625 1012 637 -—
1036 595 1261 662 Quando
1291 617 1407 655 uero
1434 605 1669 661 serotina
1692 608 1991 666 admissura
2011 624 2144 679 erat,

563 696 612 740 et
641 696 923 756 conceptus
946 697 1227 757 extremus,
1254 709 1357 747 non
1387 697 1611 763 ponebat
1640 716 1749 755 eas.
1780 700 2146 760 Serotina'ad-

565 776 792 829 missura
852 776 1191 849 intelligitur,
1254 783 1496 841 caelestis
1553 773 1827 861 perceptio
1878 796 2029 866 regni
2091 797 2141 851 in

562 865 781 932 ultimo,
827 883 934 924 non
972 870 1118 931 sicut
1157 873 1246 927 hic
1290 878 1710 948 particulariter,
1764 885 1858 940 sed
1903 865 2142 956 plenarie

557 971 742 1012 omnes
770 958 1097 1029 impleturus
1125 963 1346 1034 (Epties.
1374 983 1415 1033 ι,
1447 969 1563 1041 25),
1593 980 1648 1028 et
1676 975 1857 1030 omnia
1882 976 1935 1032 in
1963 981 2139 1035 omni-

553 1046 648 1100 bus
678 1047 896 1105 futurus
942 1052 1089 1109 Deus
1126 1055 1180 1119 in
1223 1058 1467 1115 omnium
1498 1064 1663 1121 corda
1706 1066 2030 1126 admittitur.
2062 1070 2135 1129 lbi

549 1152 829 1210 conceptus
861 1153 1150 1211 extremus,
1194 1148 1243 1201 id
1276 1158 1361 1205 est
1392 1151 1484 1207 Dei
1532 1153 1786 1213 laudandi
1824 1159 2137 1219 indeliciens

612 1986 776 2045 Vrat.
806 1991 896 2046 43.
928 2024 998 2033 -—
1020 1995 1332 2070 Ditatusque
1360 2013 1435 2059 est
1466 2004 1620 2061 homo
1652 2007 1790 2063 ultra
1817 2012 2050 2080 modum,
2075 2025 2123 2069 et

538 2078 719 2133 liabuit
747 2097 927 2153 greges
955 2085 1166 2155 multos,
1214 2093 1459 2162 ancillas,
1490 2107 1539 2151 et
1574 2115 1769 2167 servos,
1813 2105 2039 2160 camelos
2074 2117 2123 2161 et

536 2171 729 2225 asinos.
765 2173 977 2232 Ditatur
1003 2180 1166 2236 homo
1194 2184 1335 2239 ultra
1361 2189 1596 2257 modum,
1625 2207 1749 2247 cum
1778 2196 1944 2251 nimia
1965 2198 2122 2269 justi-

535 2265 607 2315 tia
636 2266 869 2321 vertitur
899 2270 951 2323 in
984 2270 1389 2335 indiseretionis
1431 2282 1647 2338 vitium.
1696 2286 1849 2342 Unde
1875 2292 1930 2343 et
1958 2265 2121 2346 liabet

531 2350 722 2404 mullos
750 2355 951 2424 greges,
981 2360 1107 2428 quia
1132 2376 1201 2415 ex
1229 2364 1393 2420 nimia
1420 2369 1506 2422 sui
1538 2370 1732 2427 ﬁducia
1760 2375 1960 2431 multas
1983 2378 2120 2433 inci-

530 2443 609 2499 dit
635 2448 803 2503 animi
845 2451 1163 2511 divisiones.
1192 2458 1428 2517 Ancillas
1451 2473 1498 2517 et
1522 2481 1697 2521 servos
1726 2468 1909 2537 liabet,
1943 2482 2120 2529 motus

531 2537 744 2593 scilicet
784 2543 1121 2602 ancillariter
1147 2565 1213 2605 ac
1242 2552 1459 2609 sordide
1487 2543 1815 2625 petulantes,
1846 2572 1901 2618 et
1945 2566 2118 2619 servi-

533 2625 660 2682 liter
685 2640 1043 2705 protervequ
1069 2652 1261 2697 contra
1304 2644 1558 2713 spiritum
1603 2649 1849 2718 rebelles,
1890 2654 2117 2710 camelos

530 2731 747 2787 quoque
763 2723 999 2809 pondere
1014 2728 1347 2800 cupiditatis,
1363 2748 1426 2789 ac
1439 2735 1483 2789 si
1500 2736 1645 2806 gibbi
1675 2738 1743 2794 ad
1768 2748 1978 2797 terrena
1992 2757 2117 2813 pro-

530 2808 717 2877 clives,
741 2798 1019 2884 et'bosinos,
1043 2822 1288 2891 stupidos
1314 2826 1565 2884 videlicet
1587 2829 1873 2899 inertia,et
1894 2849 2113 2906 segnes.

1096 2952 1322 3011 CAPUT
1358 2957 1551 3015 XXXI.

2227 2138 2388 2194 tionis
2417 2144 2658 2210 praelium
2685 2151 3028 2217 permitteret
3055 2157 3192 2225 verti
3230 2159 3285 2214 in
3314 2162 3542 2219 exitium
3583 2182 3730 2224 mei.

2228 2242 2241 2249 “
2295 2250 2459 2309 Vens.
2492 2257 2545 2313 8.
2573 2289 2642 2297 —
2677 2260 2739 2316 Si
2771 2266 2984 2333 quando
3016 2269 3149 2327 dixit
3178 2287 3199 2326 :
3230 2271 3407 2330 Varia:
3434 2290 3596 2334 erunt
3622 2298 3829 2339 merce-

2222 2340 2313 2397 des
2341 2354 2477 2412 tute;
2501 2350 2778 2417 pariebant
2800 2371 2976 2413 omnes
3001 2361 3173 2417 varios
3199 2362 3355 2431 fetus.
3385 2368 3619 2433 Quando
3643 2387 3834 2431 autem

2220 2441 2538 2494 econtrario
2562 2442 2633 2495 ait
2668 2460 2687 2497 :
2728 2444 2859 2501 Alba
2894 2466 3110 2521 quisque
3157 2457 3379 2527 accipies
3412 2477 3507 2530 pro
3542 2470 3833 2533 mercede;

2220 2540 2397 2582 omnes
2450 2546 2627 2600 greges
2657 2533 2776 2588 alba
2805 2552 3131 2607 pepererunt.
3169 2545 3320 2611 Quod
3351 2559 3435 2604 est
3464 2552 3684 2620 dicere,
3731 2573 3829 2613 sua

2220 2617 2506 2687 originalis
2535 2622 2829 2685 clementia
2853 2643 2975 2685 eum
3010 2648 3138 2691 vere
3167 2638 3410 2695 cohibuit
3459 2657 3491 2696 a
3542 2634 3824 2715 nocendo,

2219 2710 2345 2778 quia
2372 2711 2417 2765 si
2441 2712 2882 2775 intellectualiter
2943 2724 3233 2795 aliquando
3256 2731 3308 2785 in
3338 2735 3545 2804 meipso
3578 2755 3685 2809 per
3714 2710 3828 2799 me;

2226 2800 2405 2870 ipsum
2433 2803 2590 2871 dixit,
2635 2814 2694 2863 ut
2738 2812 3020 2871 varietatis
3056 2833 3190 2874 mea?
3216 2800 3824 2904 instabilitatbcogno—

2219 2895 2434 2952 scenda:
2463 2897 2743 2964 instarem,
2795 2905 3007 2976 liaeque
3032 2912 3164 2967 mihi
3195 2915 3382 2972 datum
3426 2936 3526 2990 pro
3559 2895 3825 2985 mercede

2219 2995 2501 3056 putarem;
2550 2992 2628 3047 sic
2657 3008 2771 3050 mea
2800 3006 2919 3053 vota
2944 3004 3252 3071 complevit.
3281 3008 3338 3064 Si
3373 3015 3598 3080 quando
3634 3019 3821 3076 virtu—

600 3070 767 3129 Vens.
815 3073 867 3126 l.
907 3104 976 3114 —
1006 3074 1303 3148 Postquam
1326 3092 1501 3139 autem
1544 3086 1744 3142 audiuit
1792 3090 1946 3149 verba
1974 3092 2113 3161 ﬁlio-

2223 3081 2293 3135 tis
2331 3081 2572 3141 alborem
2623 3088 2738 3157 ipso
2776 3090 3014 3149 dictante
3042 3100 3295 3167 quaesivi,
3342 3105 3715 3177 cogitationes
3769 3126 3824 3171 et

527 3180 643 3219 rum
674 3165 861 3221 Laban
897 3166 1185 3229 dicentium
1216 3186 1233 3223 :
1269 3172 1410 3231 Tulit
1442 3175 1609 3233 Iacob
1641 3182 1817 3236 omnia
1856 3199 1975 3253 qutr
1996 3184 2113 3254 fue-
2148 3165 2155 3195 Τ

524 3264 645 3309 runt
677 3257 845 3323 patris
870 3258 1054 3324 nostri,
1081 3270 1129 3313 et
1153 3260 1217 3317 de
1247 3261 1390 3321 illius
1416 3264 1668 3331 facultate
1697 3271 1919 3337 ditatus,
1941 3272 2114 3342 factus

527 3352 602 3396 est
633 3344 882 3414 inclytus.
913 3345 1145 3409 Interior
1176 3351 1339 3413 homo
1381 3371 1505 3414 cum
1536 3373 1563 3413 a
1597 3370 1747 3417 recto
1773 3362 1955 3420 deviat
1982 3380 2112 3435 que

525 3432 663 3489 relas
707 3436 1098 3508 cogitationum
1125 3456 1375 3512 superna:
1400 3445 1664 3509 claritatis
1693 3450 1948 3508 liliatione
1978 3432 2112 3524 gau—

523 3524 762 3580 dentium
786 3529 1058 3601 intelligit.
1093 3536 1403 3607 Arrogavit,
1428 3538 1626 3612 inquit,
1654 3542 1757 3599 sibi
1785 3547 1963 3603 omnia
1994 3564 2113 3618 qua:

522 3612 633 3668 Deo
652 3618 792 3686 patri
818 3619 1028 3677 ctelesti
1061 3625 1356 3685 attribuere
1370 3628 1651 3699 debuerat,
1676 3642 1729 3689 et
1750 3635 1817 3692 de
1836 3612 2112 3706 Opulenria

525 3707 773 3764 interiori
800 3713 1059 3780 quaesivit
1092 3720 1332 3779 exterius
1363 3720 1603 3791 famosus
1632 3726 1844 3785 haberi.
1873 3730 2111 3802 lnclytus

525 3797 592 3849 ab
619 3811 687 3853 eo
731 3799 1001 3865 formatur
1038 3808 1275 3877 nomine,
1317 3813 1460 3881 quod
1488 3822 1572 3875 est
1599 3815 1719 3885 clio,
1751 3820 1893 3889 quod
1923 3797 2111 3883 Grece

522 3890 724 3946 dicitur
750 3893 922 3963 fama.

597 4005 763 4062 Vens.
795 4008 849 4063 2.
889 4042 959 4052 —
985 4014 1369 4074 Animadvertit
1395 4020 1564 4079 Iacob
1592 4026 1782 4096 faciem
1818 4032 2021 4104 Laban,
2055 4038 2107 4094 id

520 4107 603 4150 est
630 4100 858 4169 gratiam
888 4108 1109 4175 superni
1144 4109 1387 4179 luminis,
1428 4116 1570 4185 quod
1604 4135 1709 4175 non
1742 4134 1871 4177 esset
1893 4100 2017 4198 erga
2053 4148 2108 4187 se

519 4192 655 4244 sicut
685 4193 799 4249 lteri
822 4204 873 4251 et
900 4188 1304 4272 nudiustertius,
1347 4206 1400 4262 id
1433 4216 1519 4263 est
1544 4224 1611 4266 eo
1642 4215 1803 4271 modo
1831 4188 2104 4288 quercum

520 4296 841 4353 praesentem
875 4292 1103 4363 gloriam
1124 4297 1282 4368 quasi
1307 4307 1684 4371 praetereunda
1710 4320 1766 4365 et
1790 4310 1970 4370 diﬂlua
2008 4319 2103 4373 de-

522 4378 777 4446 spiceret,
818 4382 955 4438 sicut
994 4386 1131 4452 fieri,
1159 4403 1280 4458 quae
1306 4407 1393 4447 res
1420 4392 1534 4464 jam
1558 4401 1833 4465 prieterita
1861 4414 1962 4458 est.
1992 4406 2105 4463 Nu-

520 4469 641 4525 dius
685 4487 751 4526 ea:
795 4490 934 4528 nunc
982 4484 1038 4532 et
1071 4478 1156 4534 die
1207 4485 1570 4553 componitur.
1612 4487 1729 4545 Non
1775 4503 1857 4547 est
1886 4513 2009 4567 erga
2049 4517 2104 4556 se

490 4560 701 4641 ’Laban
733 4575 793 4621 ut
848 4571 1255 4640 nudiustertius,
1286 4577 1339 4632 id
1369 4587 1455 4633 est
1477 4582 1554 4636 uti
1594 4587 1812 4653 quando
1837 4560 2103 4658 praesente

516 4661 682 4716 corde
726 4677 824 4719 suo
862 4666 1058 4722 divinae
1086 4667 1191 4723 luci
1230 4671 1283 4725 in
1320 4677 1771 4745 contemplatione
1818 4682 2103 4743 Trinitatis

514 4752 876 4823 spatiabatur,
918 4758 1103 4829 (Vens.
1128 4761 1208 4833 5.)
1247 4766 1476 4821 maxime
1501 4768 1701 4826 dicente
1718 4773 1838 4843 :sibi
1871 4791 1966 4844 per
2004 4793 2102 4834 ora

516 4842 926 4916 Scripturarum
971 4851 1197 4907 Domino
1230 4867 1249 4906 :
1276 4852 1546 4913 Revertere
1588 4863 1643 4915 in
1690 4873 1904 4931 terram,
1938 4868 1987 4922 id
2020 4878 2104 4924 est

513 4935 568 4990 iii
615 4953 734 4992 eam
783 4941 1007 5021 mentis},
1028 4943 1403 5021 stabilitatem,
1448 4966 1553 5020 qua
1592 4956 1779 5024 patres
1818 4959 1891 5012 tui
1924 4954 2101 5017 caalici

513 5029 681 5097 cives,
699 5047 833 5101 quos
854 5018 1058 5089 imitari
1082 5018 1429 5109 proposuisti,
1450 5046 1757 5104 constitisse
1778 5042 2097 5120 noscuntur,

510 5126 561 5171 et
613 5119 683 5173 ad
739 5125 1131 5191 generationem
1179 5138 1364 5200 tuam,
1409 5143 1684 5193 rectorum
1728 5142 1937 5199 scilicet
1980 5162 2101 5217 qua:

510 5206 902 5280 benedicetur;
950 5222 1007 5269 et
1049 5216 1166 5273 huic
1194 5227 1247 5275 te
1276 5231 1472 5293 agente
1500 5243 1589 5281 ero
1623 5238 1841 5285 tecum.-

580 5316 750 5374 Vens.
779 5321 834 5386 4,
858 5321 913 5377 5.
942 5353 1009 5364 -—
1033 5325 1177 5383 Misit
1205 5339 1253 5385 et
1280 5336 1477 5389 vocavit
1512 5336 1705 5394 Rachel
1746 5352 1794 5395 et
1844 5343 1992 5400 Liam
2044 5349 2098 5407 in

508 5425 718 5480 agrum,
764 5412 853 5468 ubi
899 5419 1145 5487 pascebat
1174 5438 1373 5495 greges,
1418 5429 1651 5501 dixitque
1672 5447 1691 5484 :
1719 5432 1882 5491 Video
1908 5438 2096 5508 faciem

508 5499 677 5569 patris
702 5505 1027 5587 vestriquod
1057 5526 1159 5565 non
1190 5514 1258 5566 sit
1280 5530 1405 5587 erga
1432 5533 1531 5573 me.
1563 5499 1737 5577 Mittit
1767 5499 2097 5587 desiderium

508 5599 776 5663 vocatque
802 5586 900 5667 per
925 5590 1208 5670 prmmium
1239 5611 1739 5682 contemplationis,
1771 5626 1826 5673 et
1862 5621 2094 5678 actionis

512 5695 669 5738 usum
698 5728 711 5753 ,
769 5697 827 5744 ut
876 5692 1095 5751 redeant
1134 5697 1185 5753 in
1229 5699 1529 5770 spiritualis
1578 5708 1824 5765 exercitii
1882 5727 2090 5783 agrum,

2220 3182 2400 3230 motus
2429 3175 2627 3234 interni
2658 3182 2850 3237 eodem
2875 3185 3173 3253 opitulante
3198 3193 3356 3250 beata
3387 3175 3452 3253 ac
3481 3197 3602 3255 laeta
3628 3206 3825 3263 studia

2219 3279 2606 3337 conceperant.
2640 3348 2643 3351 δ

2286 3380 2453 3438 Vens.
2479 3384 2533 3439 9.
2555 3416 2625 3425 —
2651 3386 2792 3444 Tulit
2816 3392 2957 3449 Deus
2981 3396 3331 3454 substantiam
3359 3403 3521 3470 patris
3542 3407 3731 3473 vestri,
3762 3421 3819 3465 et

2215 3472 2357 3526 dedit
2384 3475 2536 3542 milii,
2576 3478 2631 3532 id
2670 3472 2757 3535 est
2804 3497 2839 3539 a
2894 3485 3262 3544 rationalitate
3299 3493 3379 3547 sui
3412 3495 3498 3549 cui
3526 3472 3815 3565 quondam

2216 3562 2607 3636 inserviebam,
2652 3572 2773 3627 tulit
2811 3572 3170 3646 intellectum,
3216 3587 3555 3652 memoriam,
3594 3604 3663 3643 ac
3710 3608 3813 3648 vo-

2218 3655 2479 3713 luntatem
2519 3661 2681 3725 Deus,
2724 3680 2843 3734 quze
2894 3685 3022 3725 vere
3072 3673 3374 3729 substantia
3415 3680 3589 3746 patris
3638 3687 3811 3739 vestri

2214 3748 2360 3823 haud
2388 3751 2608 3809 dubium
2638 3759 2766 3826 quin
2809 3760 2976 3831 ipsius
3010 3764 3152 3819 Deus
3183 3777 3294 3833 est;
3329 3778 3381 3822 ct
3406 3770 3553 3825 dedit
3578 3774 3717 3829 mihi
3748 3794 3808 3833 ea

2214 3841 2382 3907 probe
2421 3852 2475 3897 et
2519 3846 2722 3901 utiliter
2771 3847 2899 3904 frui.
2939 3852 3128 3923 (Vens.
3180 3857 3291 3928 10.)
3335 3857 3626 3932 Postquam
3668 3871 3811 3923 enim

2212 3944 2493 4004 conceptus
2520 3939 2688 3992 ovium
2715 3953 2913 4013 tempus
2936 3949 3234 4015 advenerat,
3253 3952 3412 4007 levari
3433 3956 3616 4011 oculos
3641 3977 3806 4027 meos,

2209 4027 2376 4080 etvidi
2405 4028 2459 4081 in
2485 4033 2680 4086 somnis
2700 4037 3031 4092 ascendentes
3044 4058 3212 4097 mares
3243 4062 3397 4113 super
3425 4046 3677 4116 feminas,
3710 4072 3806 4109 ra-

2211 4117 2338 4181 rios,
2361 4129 2409 4172 et
2439 4125 2757 4189 maculosos,
2784 4139 2831 4182 ct
2854 4131 3175 4188 diversorum
3203 4138 3458 4203 solorum,
3491 4143 3541 4196 id
3570 4155 3657 4198 est
3678 4162 3801 4202 cum

2210 4209 2277 4263 ad
2313 4207 2415 4265 boc
2456 4212 2569 4282 jam
2612 4217 2953 4286 proﬁcerem,
3012 4231 3069 4277 iit
3120 4228 3436 4285 sterilitates
3488 4233 3801 4304 ineptorum

2208 4302 2537 4371 cogitatuuin
2572 4324 2872 4379 proponere
2899 4316 3178 4386 quidpiam
3209 4320 3483 4378 fructuose
3506 4302 3797 4392 deberent,

2206 4394 2355 4446 erexi
2386 4396 2453 4450 ab
2479 4397 2678 4453 inlimis
2708 4400 3035 4461 intentiones
3070 4423 3245 4475 meas,
3287 4423 3343 4465 et
3372 4413 3694 4472 dormienda
3722 4419 3802 4475 fo-

2136 4468 2182 4524 D
2210 4486 2458 4542 rensibus
2484 4504 2547 4543 ac
2582 4490 2852 4560 vigilando
2883 4497 3216 4567 intrincesis,
3260 4506 3387 4569 vidi,
3422 4509 3563 4574 quod
3596 4520 3685 4563 est
3718 4512 3801 4566 in-

2210 4575 2865 4643 tellexi,'rationalitat:im
2905 4589 3047 4644 vires
3080 4592 3325 4649 mollibus
3355 4597 3641 4656 desideriis
3665 4618 3730 4657 ac
3755 4607 3799 4660 si

2206 4680 2387 4723 mares
2418 4668 2630 4727 feminis
2651 4676 3023 4744 praesidentes,
3054 4690 3109 4735 et
3140 4685 3317 4738 varias
3354 4688 3659 4744 carnalium
3696 4695 3799 4747 mi-

2206 4758 2495 4831 seriarum,
2523 4764 2993 4839 spiritualiumque
3024 4776 3265 4830 maculas
3294 4778 3628 4836 indicantes.

2284 4870 2443 4928 Vsus.
2485 4876 2567 4929 li.
2607 4907 2675 4917 —-
2709 4879 2953 4952 Dixitque
2983 4888 3199 4956 angelus
3236 4890 3330 4945 Dei
3364 4894 3433 4947 ad
3466 4912 3568 4960 mc,
3593 4899 3679 4951 vel
3710 4916 3798 4955 ra-

2208 4962 2283 5016 tio
2309 4964 2534 5029 scilicet,
2568 4966 2651 5029 vel
2693 4968 2989 5040 Scripturm
3031 4994 3229 5041 sermo,
3262 4985 3321 5036 in
3351 4988 3570 5051 somnis,
3606 4991 3796 5047 clauso

2205 5058 2335 5110 sane
2360 5072 2388 5110 a
2417 5058 2719 5117 visibilibus
2744 5065 2931 5120 obtutu
2960 5071 3139 5126 cordis
3167 5091 3180 5125 τ
3210 5073 3416 5129 Iacob?
3446 5079 3623 5149 inquit
3651 5101 3664 5136 :
3704 5086 3784 5141 Ac

2203 5151 2248 5206 si
2290 5152 2435 5207 dicat
2468 5168 2482 5206 :
2518 5154 2763 5212 Nominis
2802 5160 2879 5213 tui
2941 5175 3235 5231 memento,
3273 5179 3329 5222 et
3376 5171 3503 5225 vitia
3530 5177 3788 5244 Supplan-

2205 5254 2333 5301 tato.
2364 5245 2431 5302 Et
2466 5249 2572 5314 ille,
2614 5253 2837 5320 Adsum,
2876 5257 2972 5320 ait,
3002 5257 3052 5311 id
3078 5269 3162 5315 est
3189 5276 3337 5317 cura:
3376 5264 3621 5321 interiori
3652 5284 3789 5336 pree-

2201 5348 2286 5396 sto
2335 5359 2473 5398 sum.
2530 5345 2716 5415 (Vens.
2769 5348 2881 5422 19..)
2925 5350 3098 5420 Leva,
3154 5355 3349 5426 inquit,
3391 5360 3591 5415 oculos.
3636 5363 3787 5430 Quod

2200 5436 2449 5503 superius
2471 5439 2773 5509 expositum
2800 5452 2901 5498 est.
2932 5444 2999 5498 Et
3020 5455 3105 5501 est
3130 5448 3325 5504 sensus
3353 5468 3365 5503 :
3397 5450 3549 5518 Quod
3578 5452 3783 5509 llilﬁl‘ﬂa

2197 5524 2588 5597 visionebquasi
2623 5533 2674 5586 in
2714 5535 2918 5589 somnis
2940 5537 3204 5606 videram,
3246 5540 3351 5596 hoc
3383 5542 3782 5612 Scripturariim

2197 5622 2387 5677 nuntio
2422 5623 2488 5677 de
2520 5622 2789 5681 levatione
2813 5630 3115 5699 oculorum,
3154 5644 3209 5688 et
3236 5635 3303 5689 de
3340 5636 3569 5689 marium
3599 5654 3783 5693 ascen-

2198 5714 2349 5770 sione
2374 5715 2888 5791 didici,certumque
2912 5732 3145 5781 teneam.
3169 5725 3309 5781 Vidit
3322 5729 3459 5783 enim
3480 5730 3783 5801 omniaqua
