3982 6360
155 371 260 433 233

1223 375 1583 436 MORALIUM
1607 376 1675 434 IN
1700 376 1998 435 GENESIN
2030 377 2160 434 LIB.
2181 376 2319 437 VIII.

3316 379 3421 438 9.55

157 487 279 556 fecit
309 487 401 542 tibi
424 486 631 554 Laban,
658 489 711 546 id
737 499 820 546 est
848 490 1148 564 intelligere
1169 500 1222 548 te
1249 494 1350 548 feci
1375 509 1494 564 qua:
1518 494 1742 549 adversa
1771 495 1818 552 Α
1845 492 2080 547 tabimur
2107 491 2281 561 (Psal.
2317 509 2389 560 Cl,
2415 493 2526 564 28).
2573 493 2725 553 Unde
2769 491 3010 567 psalmus
3049 505 3170 554 est:
3201 497 3307 556 Pro
3335 503 3419 558 his

155 579 346 636 tuleris
373 591 593 651 propter
621 582 889 640 claritatis
919 599 1134 641 aeterna:
1164 587 1412 655 gloriam.
1448 588 1630 642 Laban
1664 588 1740 644 fe-

153 671 295 726 cisse
328 672 549 738 dicitur,
573 691 803 744 quorum
831 694 995 732 causa
1027 678 1128 733 fuit
1169 689 1225 733 ut
1257 682 1470 735 tierent.
1503 679 1619 734 Non
1651 683 1741 736 de-

151 760 247 814 bes
271 777 400 834 ergo
425 763 727 822 .lascessere
757 784 853 835 pro
885 784 991 836 quo
1018 769 1108 822 tibi
1133 770 1357 838 contigit
1397 761 1540 824 tanta
1570 769 1736 826 ferre.

151 847 342 920 (Vens.
374 853 485 926 I3.)
526 855 637 925 Ego
668 875 782 912 sum
815 859 952 912 Dens
977 859 1175 922 Bethel,
1211 861 1262 914 id
1291 871 1370 915 est
1403 863 1591 916 domus
1617 862 1736 926 Dei,

149 943 360 999 scilicet
400 947 542 1001 Deus
568 950 658 1016 qui
695 960 744 1002 te
785 950 1001 1004 domum
1033 954 1184 1007 valeo
1211 949 1390 1008 fauere
1415 968 1612 1019 meam,
1647 955 1738 1010 ubi

149 1038 352 1089 auxisti
396 1038 650 1106 lapidem,
693 1041 744 1094 id
789 1053 871 1096 est
917 1041 1003 1095 ubi
1038 1058 1133 1110 per
1168 1059 1252 1096 me
1297 1044 1733 1112 inhabitatorem,

162 1128 256 1197 qui
279 1129 458 1184 oleum
491 1146 632 1195 sum,
669 1131 722 1185 id
749 1142 832 1187 est
867 1135 1121 1197 Charitas,
1152 1134 1406 1188 leniorem
1435 1135 1736 1190 mitiorem-

153 1235 263 1290 que
292 1222 529 1279 habuisti
573 1226 670 1278 sub
704 1226 898 1281 timore
934 1230 1096 1297 empti
1137 1227 1395 1296 prepositi
1434 1230 1736 1299 gravitudi-

149 1329 274 1368 nem
307 1328 361 1369 et
391 1318 774 1385 asperitatem;
805 1329 852 1372 et
879 1331 1050 1372 rotam
1084 1320 1268 1373 vovisti
1299 1320 1449 1385 mihi,
1478 1337 1736 1389 perseve-

150 1409 303 1462 randi
336 1408 540 1464 scilicet
569 1413 706 1482 intra
749 1412 922 1480 ipsum
957 1413 1255 1480 disciplinae
1289 1415 1545 1484 rigorem.
1576 1413 1734 1469 Nunc

147 1515 272 1570 ergo
299 1517 484 1570 surge,
527 1505 666 1572 quod
697 1514 779 1556 est
804 1506 1042 1573 quandiu
1079 1522 1242 1570 nunc,
1289 1508 1339 1560 id
1385 1515 1469 1560 est
1497 1523 1734 1577 praesens

149 1601 359 1662 tempus
388 1595 574 1661 habes,
606 1605 682 1660 et,
720 1595 876 1666 juxta
912 1597 1226 1666 Aposleltnn
1256 1600 1516 1668 quandiu,
1560 1598 1735 1653 Hodie

146 1681 348 1738 dicitur
391 1685 576 1757 (Hebr.
610 1703 695 1752 tu,
735 1688 847 1759 15),
895 1690 963 1743 ab
1007 1689 1198 1744 inertia
1246 1702 1524 1756 excutere,
1559 1692 1626 1746 de
1655 1690 1735 1745 fu-

147 1784 268 1830 turo
292 1776 437 1831 enim
468 1779 706 1834 incertus
737 1795 828 1844 es;
851 1789 900 1833 et
925 1782 1166 1849 egredere
1194 1781 1433 1835 moribus
1460 1783 1526 1834 de
1563 1791 1734 1836 terre-

145 1871 318 1927 nitale
349 1881 439 1927 tua
471 1865 729 1928 revertens
759 1877 811 1927 in
838 1887 1056 1940 terram,
1082 1890 1268 1930 veram
1309 1874 1519 1930 scilicet
1547 1875 1732 1931 solidi-

145 1970 312 2016 tatem
355 1964 647 2018 viventium
693 1968 993 2035 regionem,
1022 1981 1139 2036 qua:
1182 1965 1468 2019 nativitatis
1504 1976 1606 2020 tua:
1632 1977 1727 2034 est,

144 2050 197 2105 id
223 2060 308 2105 est
334 2053 676 2122 originaliter
703 2055 796 2106 tibi
827 2055 1074 2108 debetur.

215 2136 381 2192 Vens.
421 2140 507 2193 14.
537 2170 608 2180 -
633 2140 828 2194 Dicunt
856 2140 1054 2195 Rachel
1083 2153 1128 2195 et
1162 2141 1282 2207 Lia,
1312 2157 1432 2196 cum
1460 2144 1656 2212 quibus
1677 2155 1734 2200 et

148 2239 296 2286 totus
342 2233 468 2287 vita:
517 2241 673 2287 actus
703 2244 757 2290 et
803 2233 1242 2288 intellectualiter
1285 2235 1387 2288 iste
1416 2244 1728 2291 tractatus:

148 2321 408 2394 Nunquid
440 2324 693 2379 habemus
729 2326 926 2379 residui
965 2325 1250 2396 quidquam
1296 2326 1350 2378 in
1391 2324 1732 2393 facultatibus

143 2427 190 2470 et
217 2417 528 2471 Inereditate
557 2417 744 2470 domus
773 2417 944 2486 patris
974 2417 1186 2469 nostri?
1233 2415 1387 2482 Quod
1429 2425 1513 2470 est
1551 2433 1564 2469 :
1600 2415 1731 2483 Nos,

141 2505 338 2575 quibus
371 2507 557 2562 decem
583 2507 791 2562 vicibus
825 2505 1050 2560 mutavit
1079 2508 1408 2570 mercedem,
1431 2506 1629 2575 quibus
1657 2516 1734 2564 tot

143 2595 492 2652 diﬂicnltatcs
525 2597 730 2667 injecit,
753 2599 881 2666 quid
914 2597 1152 2652 residere
1185 2597 1298 2666 spei
1328 2611 1550 2666 sperare
1578 2599 1733 2654 nobis

141 2693 440 2761 poterimus
466 2691 519 2745 in
546 2705 711 2760 regno
739 2699 794 2746 et
818 2691 988 2762 gloria
1019 2689 1154 2744 Dei?
1184 2689 1372 2758 (Vsus.
1404 2690 1515 2760 15.)
1544 2689 1733 2746 Nonne

141 2783 293 2853 quasi
319 2785 521 2838 alienas
555 2794 779 2854 reputat,
825 2785 979 2853 quasi
1021 2783 1162 2838 male
1197 2794 1422 2853 agentes
1467 2784 1732 2853 periculo-

141 2889 260 2928 rum
289 2875 682 2944 quatstionibus
711 2873 942 2946 gravat?
974 2873 1188 2940 Vendit,
1245 2875 1374 2929 dum
1421 2876 1734 2932 tentatioai-

139 2965 242 3020 bus
273 2967 435 3021 inseri
472 2967 792 3036 permittens
821 2977 1022 3022 nostra:
1057 2982 1156 3022 nos
1197 2965 1432 3021 libertati
1459 2966 1728 3024 subducit.

142 3053 382 3112 Pretium
419 3073 488 3112 ex
515 3059 826 3114 venditione
855 3060 1046 3130 exigit,
1075 3075 1198 3114 cum
1232 3057 1535 3130 gratiarum
1563 3061 1734 3117 actio-

1842 586 1932 655 qui
1973 587 2448 640 commutalnintur
2489 585 2662 657 (Psal.
2691 605 2837 654 xuv,
2865 591 2940 662 1).

1913 675 2077 731 Vnus.
2115 677 2200 742 19,
2235 677 2326 730 20.
2352 709 2421 718 —
2453 677 2532 732 Eo
2557 693 2784 749 tempore
2819 682 2998 738 Labant
3038 685 3170 740 ierat
3209 688 3279 742 ad
3303 701 3421 743 tou-

1840 769 2038 824 dendas
2071 785 2220 833 oves,
2255 781 2302 822 et
2348 769 2539 823 ﬂachel
2571 771 2750 838 l'urata
2790 783 2862 828 est
2909 775 3052 829 idola
3096 780 3262 845 patris
3311 781 3418 834 sui.

1843 857 2129 927 Noluitque
2149 857 2313 912 Iacob
2335 859 2569 926 conﬁteri
2595 878 2772 917 socero
2799 880 2893 917 suo
2923 866 3059 935 quod
3081 867 3297 937 fugeret.
3342 870 3422 925 Eo

1842 957 2091 1017 tempore,
2139 950 2193 1003 id
2238 958 2320 1005 est
2366 967 2428 1005 ea
2464 951 2626 1004 animi
2663 956 2945 1024 temperie,
2987 973 3090 1027 qna
3141 961 3207 1014 ad
3251 960 3421 1017 Deum

1843 1042 2106 1110 tenditur,
2139 1040 2340 1102 Laban.
2370 1044 2514 1114 quod
2542 1055 2624 1101 cst
2653 1045 2916 1103 claritatis
2945 1049 3174 1108 internae
3205 1054 3422 1109 deside-

1845 1135 2004 1203 rium,
2031 1136 2186 1199 ierat,
2231 1137 2374 1204 quod
2402 1147 2500 1195 est.
2533 1138 2610 1192 ire
2639 1153 2737 1194 nos
2767 1139 2993 1206 fecerat,
3024 1145 3093 1196 ad
3133 1147 3423 1202 tondendas

1841 1242 1980 1291 oves,
2034 1227 2414 1296 exspoliandas
2462 1228 2715 1284 videlicet
2762 1231 3226 1299 superﬂuitatibus
3271 1237 3423 1308 cogi-

1845 1319 2115 1385 tationes;
2148 1319 2240 1374 sed
2269 1320 2539 1374 incassum
2573 1337 2714 1391 saepe
2743 1323 2966 1378 nitimur
2991 1339 3082 1380 eas
3118 1326 3423 1396 abscidere,

1841 1413 1966 1481 quia
2022 1411 2220 1465 Rachel
2271 1428 2392 1468 cum
2451 1414 2680 1469 videndo
2741 1417 2984 1471 omnium
3046 1418 3313 1488 principio
3365 1434 3429 1475 se

1841 1514 1988 1576 putat
2037 1507 2325 1572 inhaerere,
2385 1505 2570 1560 furtim
2613 1507 2777 1574 idola,
2827 1509 2879 1564 id
2937 1518 3019 1564 est
3072 1509 3425 1565 formularum

1839 1597 2219 1664 phantasmata
2262 1612 2359 1667 pro
2395 1598 2511 1666 ipso
2543 1599 2650 1652 Dee
2679 1599 2782 1654 sibi
2825 1601 3100 1654 contrahit
3130 1601 3182 1654 in
3223 1609 3423 1666 mente,

1840 1687 1907 1741 ad
1971 1702 2031 1742 se
2081 1688 2224 1741 enim
2273 1689 2535 1742 relabitur
2597 1705 2662 1744 ex
2717 1690 3076 1746 humanitate.
3140 1690 3257 1746 Non
3313 1689 3430 1746 Vult

1835 1776 2002 1831 Iacob
2051 1778 2289 1847 conﬁteri
2329 1795 2506 1833 socero
2537 1781 2676 1850 quod
2721 1779 2908 1850 fugiat,
2956 1782 3080 1850 quia
3127 1783 3289 1837 homo
3321 1781 3428 1836 etsi

1836 1870 2013 1924 videat
2042 1869 2170 1938 quid
2217 1886 2410 1926 cavere
2461 1871 2674 1938 debeat,
2720 1889 2826 1927 non
2861 1873 2976 1928 vult
3019 1883 3194 1928 tamen
3242 1873 3428 1930 carnis

1841 1977 2033 2018 amore
2083 1973 2353 2019 retractus
2401 1981 2625 2034 operum
2661 1967 2994 2022 exhibitione
3029 1967 3209 2038 fugam
3256 1968 3429 2038 culpa

1833 2052 2163 2120 exprimere,
2209 2052 2334 2105 licet
2379 2055 2591 2122 culpam
2645 2055 2808 2108 animi
2855 2057 3224 2110 ratiunalitate
3271 2055 3430 2112 diifu-

1839 2143 1974 2212 giat.
2027 2143 2198 2196 Socer
2246 2158 2376 2197 vero
2432 2146 2573 2198 Deus
2602 2153 2703 2210 est,
2746 2145 2898 2212 cujus
2945 2146 3158 2202 liliabus
3202 2149 3426 2214 actioni,

1843 2241 1900 2288 et
1941 2235 2386 2304 contemplationi
2415 2235 2715 2305 jungimur,
2761 2238 2848 2291 cui
2891 2253 3054 2308 opere
3082 2237 3426 2309 potissimum

1836 2325 2176 2380 confitemur.
2831 2384 2833 2386 _

1908 2415 2073 2473 Vnus.
2109 2417 2202 2483 21,
2231 2417 2322 2471 22.
2353 2447 2422 2457 --
2453 2416 2688 2487 Cumque
2717 2419 2905 2473 abisset
2942 2429 3048 2474 tam
3097 2423 3228 2491 ipse,
3266 2438 3428 2493 quam

1837 2511 2038 2574 omnia,
2087 2525 2205 2578 qua!
2237 2510 2380 2578 juris
2431 2513 2545 2580 ejus
2597 2519 2769 2576 erant,
2821 2520 2868 2564 et
2918 2528 3069 2565 amne
3117 2515 3426 2570 transmisso

1834 2610 2066 2670 pergeret
2095 2609 2282 2656 contra
2331 2617 2583 2656 acervum
2610 2603 2930 2668 testimonii,
2964 2603 3044 2658 sic
3070 2604 3215 2658 enim
3257 2605 3426 2660 inter-

1835 2701 2082 2760 pretatur
2131 2690 2360 2756 Calaad,
2411 2695 2710 2747 nuntiatum
2766 2705 2842 2748 est
2888 2693 3072 2748 Laban
3129 2696 3214 2749 die
3269 2696 3426 2752 tertio

1833 2783 1972 2854 quod
2003 2783 2203 2853 fugeret
2241 2783 2430 2838 Iacob.
2473 2784 2762 2855 Postquam
2810 2785 3118 2841 intellectus
3148 2793 3204 2840 et
3240 2786 3425 2842 omnia

1836 2889 1958 2944 quae
1997 2873 2046 2928 ei
2104 2873 2296 2941 subjici
2329 2875 2527 2929 debent
2577 2875 2665 2945 pio
2717 2877 2989 2931 desiderio
3013 2877 3122 2942 jam
3169 2887 3323 2944 eunt,
3369 2885 3427 2933 et

1835 2965 2030 3021 ﬂuctus
2082 2982 2336 3021 curarum
2366 2966 2549 3021 saeculi
2585 2969 2990 3031 transmittunt,
3025 2969 3091 3022 ad
3139 2983 3420 3035 acervum,

1838 3059 1930 3126 qui
1965 3057 2105 3112 infra
2145 3073 2242 3127 per
2270 3072 2512 3112 amorem
2542 3058 2776 3128 proximi
2814 3058 3092 3123 dilatatur,
3119 3069 3176 3114 et
3204 3075 3421 3116 sursum

145 3165 298 3215 nem,
335 3161 391 3206 et
429 3166 587 3206 omne
623 3153 902 3222 gaudium,
940 3167 1061 3206 cum
1098 3152 1150 3206 in
1189 3155 1521 3208 tentationes
1547 3154 1730 3208 varias
1759 3186 1802 3245 Ο
1839 3147 1893 3202 in
1916 3149 2011 3202 Dei
2053 3148 2342 3203 dilectione
2364 3149 2736 3214 acuminatur,
2768 3166 2929 3204 verus
2959 3151 3073 3219 ipse
3104 3148 3272 3207 Iacob
3301 3167 3423 3221 per-

145 3239 496 3300 inciderimus
524 3260 550 3298 a
587 3244 743 3300 nobis
774 3245 970 3314 quaerit
1000 3244 1142 3315 (Iac.
1175 3260 1219 3308 ι,
1245 3246 1324 3313 2).
1355 3243 1471 3300 Hoc
1505 3245 1730 3314 pretium

146 3334 262 3402 ipse
294 3337 538 3401 comedit,
571 3337 696 3405 quia
731 3353 853 3391 eum
884 3337 1224 3407 permaxime
1257 3338 1517 3406 patientia
1547 3347 1734 3392 nostra

146 3428 344 3495 pascit.
383 3426 570 3497 (Vens.
600 3429 712 3498 16.)
739 3428 844 3483 Sed
878 3429 998 3482 tulit
1024 3427 1165 3481 Deus
1199 3443 1319 3496 opes
1347 3430 1515 3498 patris
1544 3429 1731 3496 nostri,

145 3530 192 3573 et
220 3519 364 3573 dedit
406 3520 554 3574 nobis
595 3537 656 3573 ac
681 3521 811 3589 filiis
838 3523 1052 3588 nostris,
1099 3522 1150 3576 id
1177 3529 1259 3577 est
1291 3539 1323 3576 a
1363 3523 1561 3578 diaboli
1585 3522 1733 3578 cultu

144 3611 270 3665 tulit
297 3611 438 3667 Deus
476 3613 797 3668 naturaliter
820 3615 1142 3671 substantia:
1169 3623 1365 3671 nostra:
1391 3631 1423 3670 a
1452 3631 1511 3672 se
1542 3616 1732 3673 insitas

140 3700 454 3767 bonitates,
501 3714 557 3758 et
601 3701 730 3758 fecit
775 3712 882 3756 tam
929 3705 1052 3758 vitae
1103 3715 1304 3760 nostrae
1348 3704 1402 3758 in
1445 3705 1728 3774 praesenti,

140 3807 307 3864 quam
337 3794 488 3863 ﬁliis,
517 3794 570 3848 id
606 3802 686 3848 est
711 3794 910 3848 fructui
945 3796 1210 3850 mercedis
1247 3804 1446 3850 nostra:
1485 3796 1732 3865 profutu-

141 3898 258 3940 ras.
294 3883 434 3939 Tulit
465 3895 644 3940 autem
674 3885 816 3940 Deus
849 3901 968 3952 opes
997 3885 1163 3955 patris
1194 3885 1382 3949 nostri,
1419 3885 1493 3938 ita
1525 3885 1730 3940 dictum

138 3982 254 4042 est,
281 3992 348 4032 ac
377 3977 422 4032 si
451 3979 597 4032 dicat
632 3993 764 4047 opes
791 3993 944 4042 suas,
971 3976 1110 4031 sicut
1139 3984 1222 4030 est
1255 3974 1384 4030 illud
1412 3993 1426 4029 :
1457 3974 1601 4030 Pluit
1625 3975 1734 4031 Do-

139 4067 329 4123 minus
356 4085 384 4122 a
415 4069 665 4134 Domino,
694 4071 745 4124 id
775 4077 858 4123 est
883 4084 913 4122 a
941 4069 1136 4138 seipso.
1171 4067 1226 4120 ln
1262 4067 1540 4138 prophetis
1563 4067 1736 4123 abun-

140 4161 280 4216 dant
306 4159 453 4214 talia.
481 4160 589 4214 Fac
613 4161 796 4228 itaque
819 4160 1002 4214 omnia
1034 4175 1153 4228 quae
1184 4160 1444 4230 prazcepit
1479 4160 1572 4216 tibi
1608 4176 1732 4216 cum

141 4270 275 4312 eum
302 4255 570 4326 intelligas
595 4255 654 4310 in
677 4254 826 4311 omni
850 4255 1017 4322 etiam
1049 4254 1382 4309 adversitate
1410 4254 1507 4310 tibi
1535 4267 1732 4323 coope-

141 4346 280 4402 rari.

213 4436 388 4492 Vsus.
415 4439 501 4503 Π,
541 4437 628 4494 18.
661 4468 730 4479 -
762 4436 1007 4494 Surrexit
1053 4438 1214 4508 igitur
1245 4435 1436 4501 Iacob,
1482 4445 1528 4489 et
1566 4436 1732 4506 impo-

1839 3245 1939 3314 git,
1966 3243 2145 3312 ibique
2173 3256 2428 3308 mortem,
2457 3259 2562 3312 qua
2595 3243 2775 3298 nubila
2807 3243 2962 3298 vallis
2986 3242 3142 3312 hujus
3166 3245 3422 3312 declinet,

1836 3335 2066 3390 invenit.
2115 3333 2212 3387 Die
2233 3335 2405 3398 tertio,
2445 3334 2497 3386 id
2528 3343 2612 3388 est
2645 3349 2742 3402 per
2776 3333 3080 3397 Trinitatis,
3129 3351 3249 3404 qua:
3280 3336 3422 3393 Deus

1836 3432 1943 3489 est,
1973 3423 2384 3494 intelligentiam
2422 3423 2737 3478 nuntianius
2787 3425 3076 3479 candidato
3105 3436 3421 3484 sanctorum

1833 3517 2100 3573 exercitui
2164 3515 2304 3585 fuga:
2367 3523 2606 3580 nostrae,
2673 3531 2776 3585 qua
2831 3527 3050 3586 peccata
3111 3520 3419 3588 evitamus,

1836 3608 2106 3665 notitiam.
2158 3610 2205 3664 A
2251 3609 2454 3664 sanctis
2503 3609 2648 3663 enim
2694 3609 2992 3678 spiritibus,
3046 3619 3197 3666 tanto
3245 3612 3422 3681 magis

1835 3701 2169 3758 continentia
2221 3711 2408 3756 nostra
2470 3703 2745 3767 noscitur,
2802 3712 3008 3772 quanto
3065 3702 3272 3773 majore
3321 3705 3422 3762 Dei

1834 3777 2146 3866 cognitione
2181 3792 2538 3849 illustramur.

1906 3887 2071 3942 Vnus.
2110 3883 2199 3939 25.
2224 3881 2420 3949 --'-Qui
2461 3885 2740 3952 assumptis
2773 3884 3025 3954 fratribus
3067 3887 3198 3950 suis,
3236 3885 3288 3941 id
3338 3897 3424 3944 est

1839 3975 2120 4046 spiritibus
2162 3973 2422 4046 angelicis
2474 3975 2530 4029 in
2586 3985 2832 4031 nostrum
2877 3977 3137 4032 auxilium
3170 3980 3422 4048 precibus

1836 4067 1951 4122 veri
1997 4066 2184 4120 Laban
2229 4067 2415 4122 ascitis
2448 4067 2549 4122 sub
2602 4067 2713 4122 Deo
2753 4069 2916 4123 Patre
2963 4067 3226 4125 fratribus
3281 4071 3418 4138 suis,

1835 4168 2136 4229 persecutus
2175 4166 2251 4210 est
2282 4173 2400 4212 eum
2441 4167 2634 4230 septem
2663 4159 2867 4224 diebus,
2899 4159 2953 4215 id
2998 4169 3082 4216 est
3108 4161 3272 4217 totius
3297 4162 3422 4218 vita

1838 4250 2036 4320 Spatio,
2071 4264 2192 4318 quas
2226 4257 2437 4318 septem
2483 4247 2678 4303 diebus
2723 4250 2976 4314 volvitur,
3003 4251 3202 4307 divinis
3233 4267 3424 4321 prose-

1837 4342 2024 4410 quitur
2057 4337 2424 4403 adminiculis,
2472 4339 2677 4408 angelis
2704 4341 2771 4394 ad
2803 4355 2898 4395 eos
2936 4341 3299 4408 venientibus,
3331 4343 3428 4412 qui

1841 4432 2212 4486 hzrreditatem
2253 4429 2477 4498 capiunt
2509 4431 2700 4484 salutis
2733 4430 2920 4498 (Hebr.
2947 4445 2987 4495 ι,
3019 4431 3144 4502 M);
3179 4433 3266 4488 vel
3301 4447 3428 4502 per.

139 4533 265 4588 sitis
297 4531 473 4585 liberis
511 4542 558 4586 et
591 4532 902 4602 conjugibus
945 4532 1055 4586 suis
1091 4547 1247 4601 super
1275 4528 1530 4592 camelos,
1583 4528 1729 4580 abiit.
1765 4535 1813 4592 ι)
1842 4527 2088 4594 sequitur
2112 4525 2244 4578 vitia
2274 4525 2441 4580 Jacob
2473 4524 2776 4593 impetratis
2809 4525 2858 4578 ei
2883 4525 3200 4579 muneribus
3231 4525 3423 4596 gratiae

147 4622 402 4692 Tulitque
437 4639 639 4676 onmem
670 4623 1045 4686 substantiam,
1074 4633 1121 4676 et
1151 4637 1350 4690 greges,
1400 4629 1446 4672 et
1481 4617 1737 4688 quidquid

141 4717 198 4772 in
239 4713 624 4786 Mesopotamia
653 4718 991 4788 acquisierat,
1013 4732 1228 4786 pergens
1257 4713 1326 4768 ad
1356 4713 1512 4767 Isaac
1539 4721 1740 4779 patrem

142 4822 306 4862 suum
335 4807 388 4860 in
419 4815 610 4860 terram
638 4805 914 4860 Chanaan.
957 4807 1142 4875 Surgit
1174 4819 1298 4858 cum
1340 4817 1398 4858 se
1450 4802 1738 4856 adversum

143 4913 205 4954 se
236 4897 454 4952 animus
487 4898 666 4970 erigit.
710 4897 977 4968 Conjuges
1001 4907 1055 4948 et
1083 4896 1284 4950 liberos
1312 4894 1533 4948 camelis
1564 4894 1734 4962 impo-

145 4995 258 5060 nit,
290 5009 414 5049 cum
455 5002 744 5062 utramque
771 4993 958 5052 vitam,
997 4998 1052 5044 et
1091 5005 1255 5058 opera
1283 5004 1348 5044 ex
1382 4989 1462 5041 eis
1500 5001 1597 5056 pro
1627 4987 1740 5041 sola

147 5084 366 5140 caelesti
401 5083 654 5138 libertate
687 5091 986 5150 procreata,
1019 5078 1177 5148 123
1203 5079 1590 5147 pendet-usitati
1621 5093 1744 5132 car-

150 5178 238 5235 nis
273 5177 558 5248 praeponit,
573 5177 762 5245 hisque
787 5192 851 5230 ac
872 5175 916 5230 si
941 5171 1358 5245 jugodeprimit.
1379 5171 1595 5225 Omnem
1618 5172 1745 5226 sub-

153 5271 431 5333 stantiam,
466 5267 731 5322 naturalia
764 5267 928 5330 dona,
958 5281 1160 5334 greges,
1192 5263 1378 5332 accipe
1408 5267 1743 5332 cogitatnum

155 5362 544 5432 frequentiam,
570 5375 690 5428 qua:
714 5359 770 5412 in
801 5357 1206 5425 Mesopotamia,
1240 5355 1288 5408 id
1315 5362 1418 5420 est,
1456 5357 1506 5407 in
1536 5355 1744 5409 elevata

154 5455 466 5518 vocatione,
497 5452 640 5522 quod
670 5459 754 5505 est
791 5463 1024 5518 superna
1051 5447 1310 5517 dignatio.
1355 5445 1488 5500 Cum
1519 5444 1584 5497 ad
1618 5458 1747 5498 con-

155 5547 464 5602 versionem
507 5543 778 5606 venimus,
822 5539 1282 5611 conqnisivimus;
1325 5537 1513 5604 sicque
1545 5535 1612 5586 ad
1651 5551 1746 5602 pa-

1842 4615 2195 4685 septiformis,
2247 4625 2303 4670 et
2345 4617 2399 4668 in
2444 4625 2618 4669 monte
2657 4612 2864 4668 Galaad
2907 4615 3335 4686 comprehendit,
3366 4617 3425 4672 in

1843 4708 2162 4764 escellentia
2197 4708 2402 4761 SCiiitel
2445 4707 2676 4777 proximi
2705 4715 2761 4760 et
2811 4708 2900 4762 Dei
2941 4708 3248 4771 eharitatis,
3276 4709 3425 4778 quod

1845 4799 2079 4869 speciale
2104 4809 2188 4855 est
2217 4799 2582 4855 testimonium
2612 4811 2812 4856 nostra:
2834 4800 3282 4866 Christianitatis,
3322 4817 3427 4857 nos

1844 4892 2003 4961 plene
2025 4892 2242 4961 snperni
2266 4891 2517 4947 candoris
2538 4893 2824 4948 delectatio
2857 4893 3231 4963 apprehendit.
3257 4893 3425 4947 Acer-

1803 4997 1946 5038 .vus
2005 4991 2207 5047 autem,
2260 4990 2315 5035 ut
2379 4979 2511 5044 dixi,
2573 4981 2712 5036 infra
2777 4981 3114 5046 diffunditur,
3171 4981 3425 5046 superius

1849 5081 2190 5142 angustatur,
2225 5071 2274 5124 in
2305 5085 2413 5138 quo
2437 5081 2520 5125 est
2559 5082 2613 5124 et
2646 5088 2800 5128 amor
2821 5072 3071 5142 proximi,
3101 5079 3156 5124 et
3179 5081 3428 5125 conteru-

1848 5165 2016 5235 platio
2071 5164 2189 5217 Dei.
2249 5162 2439 5232 (Vrsas.
2498 5161 2613 5233 24.)
2681 5161 2921 5226 Viditque
2969 5163 3023 5213 in
3079 5160 3272 5213 somnis
3323 5158 3427 5213 sibi

1850 5257 2102 5310 dicentem
2143 5255 2312 5308 Deum
2337 5271 2356 5309 :
2388 5253 2523 5308 Care
2549 5271 2610 5306 ne
2648 5254 2930 5324 quidquam
2973 5265 3153 5319 aspere
3193 5249 3426 5321 loquaris

1849 5361 2030 5402 contra
2052 5347 2238 5401 Iacob.
2268 5347 2476 5414 Laban,
2504 5347 2554 5401 id
2579 5355 2660 5400 est
2689 5343 2916 5400 candida
2953 5343 3042 5396 illa
3071 5345 3283 5406 civitas,
3307 5344 3432 5416 jam

1851 5440 1904 5493 in
1954 5438 2136 5492 divina
2165 5440 2347 5506 quiete
2401 5438 2706 5507 conSOpita,
2753 5435 2918 5497 videt,
2955 5435 3010 5490 id
3049 5443 3135 5490 est
3175 5435 3431 5507 intelligit

1853 5531 2023 5584 Deum
2075 5529 2178 5582 sibi
2230 5529 2584 5597 inspirantem
2635 5544 2740 5582 non
2779 5536 2967 5582 contra
3019 5528 3270 5583 homines
3297 5541 3426 5596 pro-

3977 555 3979 572 γ

3977 665 3979 684 i

3977 895 3979 974 i

3977 975 3979 1016 ἓ

3978 1071 3979 1088 l

3978 1133 3979 1158 l

3977 2073 3979 2102 i

3977 2145 3979 2162 l

1849 5620 1982 5690 priae
2012 5628 2219 5672 natura:
2264 5618 2578 5687 participes,
2617 5617 2855 5687 qualibet
2899 5619 3196 5690 aSperitate
3235 5617 3432 5672 debere

1853 5713 2081 5774 moveri,
2115 5711 2210 5767 sed
2241 5725 2350 5766 suae
2392 5711 2676 5770 anterioris
2709 5713 3022 5786 fragilitatis
3061 5713 3321 5772 memoria
3351 5711 3434 5770 eis

1853 5805 2106 5877 compati.

2 5623 6 5654 ⁵
94 5669 124 5704 ο,
158 5645 312 5700 trem,
345 5637 399 5689 in
442 5652 550 5706 quo
593 5634 780 5689 aeterni
817 5631 960 5687 risus
1003 5631 1210 5702 gaudia
1247 5637 1396 5694 sunt,
1441 5628 1496 5690 in
1546 5636 1746 5680 terram

2 5717 6 5730 l
80 5710 371 5812 veram,
415 5731 620 5785 scilicet
653 5727 1033 5789 stabilitatem;
1074 5722 1328 5778 Chanaan
1355 5720 1497 5792 quod
1523 5733 1606 5774 εει
1631 5733 1745 5772 Inu-

160 5821 387 5878 tationis
409 5822 708 5892 pergimus,
737 5819 827 5873 ubi
859 5832 989 5874 vere
1011 5833 1039 5872 a
1071 5813 1527 5886 corruptibilitate
1551 5810 1747 5866 immu-

409 5965 686 6032 Psrnon.
749 5958 959 6022 CLVI.
1930 6040 1935 6044 _
2205 6045 2208 6047 _
2431 6038 2436 6042 ἢ
2906 5950 2957 6012 8-
