3982 6360
559 293 665 352 2‘55

1393 291 1484 386 γέν
1505 299 1828 360 GUlBERTl
1853 297 2144 365 ABBATIS
2169 293 2252 368 εἰ
2269 297 3054 386 MARIETDEROVIGENTO

3750 329 3865 386 $236

631 407 799 466 VEﬂS-
842 407 934 466 95-
967 438 1032 452 -
1060 409 1280 498 Jamque
1309 380 1471 466 ιῙαέοῦ
1515 415 1918 511 επιεηάεναξ-ίη
1965 430 2139 473 "tome
2170 426 2216 485 Δ
2245 426 2446 486 formas
2475 431 2587 487 Deo
2614 435 2900 504 attribuat,
2935 437 3296 496 machinatur.
3339 437 3530 511 (Vens.
3564 438 3696 511 51.)
3743 441 3858 500 Sed

563 503 984 570 tabernaculum,
1030 520 1146 558 cum
1189 494 1274 556 ille
1312 515 1615 560 consecutus
1651 523 1766 561 eum
1796 507 1979 575 fuisset
2023 527 2139 565 cum

563 593 821 661 fratribus
864 595 992 648 suis.
1029 593 1440 652 Tabernaculum
1483 595 1647 650 Jacob
1694 601 1957 663 extendit,
2014 616 2138 657 cum

563 687 882 741 exercitium
913 684 1106 740 divinat
1139 686 1344 742 militia;
1367 687 1543 743 ﬁdelis
1569 689 1797 758 quilibet
1825 693 2135 762 amplificat,

563 779 912 850 et'producit.
942 777 1045 832 Ille
1065 779 1418 849 consequitur
1446 798 1559 834 cum
1584 782 1836 849 fratribus
1860 787 1991 852 suis,
2016 802 2137 842 cum

564 872 873 941 angelorum
912 887 1044 926 sane
1068 872 1308 926 subsidio
1345 889 1564 942 precum
1597 878 1770 931 munit
1800 881 2036 936 auxiliis.
2071 880 2138 936 In

559 957 745 1014 eodem
795 967 971 1012 monte
1002 957 1208 1013 Galaad
1251 957 1435 1012 Laban
1496 960 1611 1013 fixit
1663 964 1976 1029 tentorium,
2011 968 2136 1035 quia

559 1045 611 1100 in
663 1047 947 1117 utriusque
979 1048 1104 1106 vitm
1147 1048 1329 1103 studio
1365 1055 1419 1103 et
1453 1050 1746 1106 eminentia
1779 1056 1976 1122 [statuit
2005 1055 2133 1110 olim

555 1136 679 1202 dum
721 1153 886 1200 carne
914 1138 1229 1204 adviveret;
1275 1137 1405 1194 felix
1433 1139 1522 1195 illa
1547 1142 1761 1208 civitas,
1808 1145 2135 1202 intentionis

549 1229 904 1290 desiderium.
934 1231 1170 1288 Intentio
1199 1247 1394 1303 nempe
1421 1242 1476 1289 et
1505 1236 1794 1292 tentorium
1823 1253 1851 1292 a
1877 1240 2133 1295 tendendo

547 1322 822 1390 dicuntur.

623 1415 787 1472 Vens.
836 1415 928 1483 26,
960 1414 1050 1471 27.
1076 1447 1146 1462 -ι-
1175 1417 1242 1472 Et
1301 1419 1433 1473 dixit
1477 1420 1547 1474 ad
1575 1420 1740 1477 Iacob
1781 1437 1800 1479 :
1831 1421 2008 1488 Quare
2059 1424 2132 1480 ita

466 1537 468 1540 τ
546 1507 720 1576 egisti,
753 1518 805 1562 ut
851 1506 987 1564 clam
1016 1527 1094 1564 me
1117 1509 1352 1580 abigeres
1389 1512 1528 1580 ﬁlias
1554 1529 1696 1568 meas
1718 1517 1871 1586 quasi
1897 1519 2132 1582 captivas

547 1596 766 1664 gladio?
787 1596 895 1652 Cur
918 1598 1193 1668 ignorante
1215 1617 1296 1654 me
1317 1601 1494 1671 fugere
1521 1602 1755 1670 voluisti,
1779 1621 1872 1660 nec
1894 1607 2132 1662 indicare

545 1690 675 1746 milii
725 1701 777 1748 ut
815 1708 1155 1762 prosequerer
1201 1703 1251 1748 te
1298 1711 1414 1748 cum
1463 1695 1656 1766 gaudio
1711 1709 1761 1752 et
1810 1701 2030 1754 canticis
2081 1710 2130 1754 et

546 1784 810 1851 tympanis
825 1793 872 1838 et
898 1785 1148 1840 cithara?
1173 1787 1253 1846 Ac
1283 1787 1328 1842 si
1351 1788 1496 1844 dicat
1521 1803 1535 1843 :
1567 1790 1700 1846 Cum
1719 1791 1830 1858 jam
1873 1801 1923 1848 te
1945 1794 2130 1848 videas
2160 1781 2205 1840 Β

548 1877 905 1931 constitutum
939 1877 990 1932 in
1023 1880 1305 1935 cacumine
1329 1881 1639 1950 charitatis,
1673 1887 1818 1941 unde
1847 1886 2128 1942 inconsul-

545 1967 618 2026 tis
669 1969 934 2040 exemplis
999 1973 1153 2038 meis,
1211 1989 1374 2044 quam
1429 1992 1659 2048 regnare
1716 1993 1812 2048 per
1861 1980 2127 2034 malorum

547 2059 832 2116 victoriam
865 2063 1087 2133 probas,
1117 2067 1260 2136 quod
1291 2076 1374 2123 est
1402 2069 1540 2124 clam
1571 2086 1676 2135 me,
1714 2072 1934 2140 abigere
1962 2072 2128 2143 elegi-

547 2152 616 2210 sti
667 2167 697 2206 a
741 2161 792 2207 te
841 2153 1150 2223 diligentias
1199 2157 1322 2212 vitas
1369 2159 1672 2229 utriusque,
1723 2162 1894 2230 quasi,
1942 2163 1994 2216 id
2042 2171 2128 2217 est

541 2259 765 2315 revera"
809 2246 1040 2314 captivas
1089 2247 1303 2317 gladio,
1359 2250 1410 2304 id
1469 2261 1554 2306 est
1599 2254 1862 2308 abductas
1910 2255 2126 2308 mortali

541 2336 864 2391 desertionis
912 2345 966 2391 et
1024 2339 1308 2406 apostasiae
1353 2350 1596 2410 peccato.
1661 2341 1800 2409 Cur,
1859 2344 2125 2413 inquam,

539 2438 779 2499 ereptum
809 2429 1146 2498 propositum
1169 2431 1443 2500 ignorante
1472 2449 1574 2496 me,
1603 2433 1657 2487 id
1684 2445 1767 2488 est
1800 2437 2126 2504 indiscussa,

536 2529 600 2574 ut
647 2520 968 2588 prtedictum
1016 2528 1119 2584 est,
1163 2537 1272 2587 me,
1320 2537 1704 2592 expavescere,
1751 2526 1895 2594 quod
1946 2527 2128 2580 animo

540 2611 718 2682 fugere
763 2620 868 2676 est,
900 2611 1130 2678 voluisti,
1181 2629 1272 2666 nec
1309 2615 1546 2670 indicare
1574 2619 1887 2674 retractatis
1941 2619 2128 2674 trium-

538 2707 774 2775 phorum
818 2721 1066 2762 meorum
1104 2707 1370 2774 consiliis,
1399 2716 1458 2762 ut
1485 2723 1610 2764 mox
1653 2724 1748 2778 per
1774 2711 1962 2764 eadem
1992 2725 2127 2765 con-

539 2807 698 2867 cepto
727 2797 912 2868 vigore
941 2797 1135 2868 gaudia
1167 2799 1592 2866 comparationis
1623 2813 1756 2852 mete
1787 2800 1879 2854 tibi
1913 2797 2128 2855 confer-

538 2901 678 2952 rem,
711 2889 926 2943 cantico
969 2888 1195 2943 internae
1241 2888 1441 2943 laetitiae
1476 2887 1751 2944 fastidium
1792 2891 2124 2948 dimovercm

538 2989 856 3049 tympanum
882 2979 1076 3035 divina
1101 2981 1492 3050 speculationis
1519 2983 1666 3037 omni
1703 2997 1811 3037 aere
1839 2987 2127 3054 percnnio-

538 3071 655 3136 ris;
703 3070 792 3125 hic
842 3070 986 3125 enim
1057 3071 1343 3141 incipitur,
1394 3081 1451 3128 et
1510 3073 1564 3126 in
1610 3073 1794 3130 futuro
1849 3091 2124 3150 nunquam

538 3161 752 3230 ﬁnitur,
791 3171 846 3218 et
871 3163 1028 3219 dulce
1077 3165 1275 3218 mirum
1309 3166 1362 3220 in
1409 3165 1628 3221 arcanis
1656 3167 1748 3221 Dei
1789 3177 2022 3236 resonet,
2067 3179 2124 3226 et

537 3253 827 3318 citharam,
877 3267 986 3322 quo
1035 3253 1246 3324 magnis
1291 3262 1458 3325 atque
1501 3257 1806 3313 minoribus
1861 3261 2124 3326 proximis

534 3357 809 3416 congruus
849 3359 1005 3398 amor
1034 3345 1189 3414 quasi
1240 3361 1406 3402 sonus
1441 3348 1622 3402 cordis
1661 3346 1909 3417 infertur,
1934 3351 2123 3408 adnio-

534 3450 746 3492 verent.
787 3434 925 3489 Dum
980 3435 1129 3489 enim
1184 3434 1324 3490 ultra
1373 3437 1593 3491 modum
1622 3437 1836 3504 ditatis,
1891 3446 2014 3495 dum
2057 3443 2123 3498 de

535 3531 996 3588 circumventione
1027 3539 1082 3584 et
1107 3531 1375 3586 mercedis
1411 3531 1716 3588 imitatione
1741 3535 2122 3604 conquereris,

536 3623 692 3695 quasi
719 3623 1004 3694 ignorante
1033 3636 1120 3676 me
1142 3638 1304 3694 agere
1327 3623 1578 3694 coeperis.

608 3714 773 3770 Vens.
820 3715 1006 3774 28.-—
1039 3714 1159 3770 Non
1211 3733 1266 3770 es
1313 3733 1498 3786 passus
1535 3727 1589 3770 ut
1653 3719 1922 3774 oscularer
1980 3719 2124 3790 ﬁlias

537 3824 706 3871 meas,
731 3805 782 3858 id
813 3814 918 3871 est,
949 3815 1008 3860 ut
1030 3821 1124 3861 ore
1153 3815 1209 3861 et
1234 3807 1427 3876 spiritu
1465 3808 1817 3865 consiliorum
1850 3825 2122 3879 meorum,

540 3908 595 3954 ct
653 3897 1042 3962 intem-ianum,
1092 3912 1211 3967 quae
1241 3899 1292 3952 in
1329 3900 1462 3954 meis
1491 3901 1642 3955 vides
1697 3901 1927 3965 actibus,
1965 3902 2125 3975 124

539 3989 840 4044 imbuerem
889 3989 1032 4043 vitas
1061 3999 1199 4055 tuas,
1241 4005 1377 4059 quas
1418 3992 1488 4046 ob
1533 3993 1973 4048 conformitatem
2018 3995 2125 4050 nisi

539 4095 606 4138 ac
639 4080 685 4135 si
709 4079 919 4141 matris,
953 4095 1102 4135 meas
1123 4079 1244 4135 dico
1273 4081 1429 4136 tilias.
1477 4080 1645 4137 Stulte
1685 4096 1930 4154 operatus
1966 4101 2039 4149 es,
2073 4094 2122 4140 et

539 4187 680 4226 nunc
745 4170 940 4240 (Vens.
995 4170 1098 4240 29)
1148 4174 1282 4226 calet
1353 4191 1539 4228 uiantis
1597 4192 1712 4229 mea
1770 4176 1984 4231 reddere
2031 4177 2123 4231 tibi

537 4260 758 4316 anulum.
793 4262 942 4328 Quod
983 4273 1068 4319 est
1095 4278 1110 4317 :
1136 4263 1337 4320 Potens
1365 4275 1450 4321 est
1489 4266 1656 4330 Deus,
1698 4267 1787 4335 qui
1821 4283 2036 4336 manus,
2069 4269 2123 4324 id

535 4362 624 4409 est
662 4353 922 4408 fortitudo
971 4370 1090 4410 mea
1138 4366 1256 4421 est,
1287 4357 1519 4412 reddere
1559 4358 1654 4411 tibi
1696 4358 1894 4412 malum
1946 4375 2119 4426 nunc,

533 4443 743 4499 scilicet
769 4445 822 4498 in
855 4445 1097 4510 aeternis,
1135 4446 1336 4515 quibus
1363 4446 1438 4500 nil
1461 4447 1724 4516 praeterit,
1751 4464 1848 4504 nec
1873 4449 2118 4506 futurum

533 4544 637 4602 est,
655 4536 756 4592 sed
775 4550 989 4606 semper
1012 4552 1276 4592 oratsens.
1305 4538 1372 4591 At
1397 4537 1538 4593 Deus
1560 4541 1726 4610 patris
1748 4544 1927 4609 uestri,
1955 4545 2116 4612 Deus,

535 4626 788 4682 videlicet
833 4626 998 4684 Pater
1043 4639 1250 4696 vester,
1293 4630 1405 4684 fieri
1440 4631 1576 4684 dixit
1624 4633 1771 4699 mihi,
1817 4635 1867 4690 id
1899 4644 1983 4692 est
2023 4651 2120 4707 per

534 4722 854 4782 memoriam
897 4723 1189 4793 praeteritas
1228 4738 1362 4779 mea:
1391 4725 1682 4796 passionis,
1708 4743 1869 4797 quam
1915 4731 1970 4784 in
2018 4732 2120 4787 ho-

535 4813 685 4868 mine
729 4813 919 4869 vivens
983 4824 1244 4885 expertus
1309 4832 1472 4884 sum,
1529 4819 1763 4874 innotuit
1815 4821 1988 4888 mibi,
2049 4837 2120 4878 ne

529 4905 843 4961 hominibus
871 4907 1108 4977 compati
1146 4905 1494 4977 dedignarer,
1546 4909 1676 4965 licet
1697 4909 1813 4980 jam
1861 4913 1913 4968 in
1943 4913 2116 4986 gloria

531 4999 824 5054 detinerer.

607 5088 767 5146 Vsus.
806 5090 894 5144 30.
921 5119 994 5134 --
1019 5089 1176 5158 Esto,
1225 5090 1425 5160 inquit,
1455 5109 1521 5149 ac
1549 5095 1596 5150 si
1628 5095 1812 5151 dicat:
1845 5095 2119 5155 Ponamus

529 5182 694 5240 modo
748 5194 801 5240 te
849 5185 939 5239 ubi
993 5199 1092 5254 pro
1147 5191 1300 5239 certo
1347 5186 1416 5239 ad
1472 5196 1587 5241 tuos
1647 5188 1814 5257 cives,
1867 5193 2118 5248 Videlicet

529 5279 770 5345 cmlicos,
822 5287 877 5334 et
925 5279 1146 5334 domum
1209 5284 1377 5347 patris
1437 5284 1882 5352 supercoelestem
1938 5290 2117 5347 redire

525 5388 745 5446 cupere,
781 5373 875 5427 sed
921 5371 1052 5426 illud
1085 5373 1355 5442 quomodo
1398 5369 1693 5431 defendere
1723 5379 1927 5448 poteris
1971 5383 2115 5452 quod

524 5467 741 5540 furatus
779 5479 832 5518 es
862 5463 984 5516 deos
1028 5477 1192 5529 meos,
1226 5462 1278 5518 id
1328 5473 1412 5521 est
1457 5469 1600 5536 quod
1642 5484 1748 5524 non
1779 5480 1945 5536 recte,
1984 5473 2110 5527 dum

524 5558 674 5611 ultra
701 5556 920 5609 modum
951 5555 1046 5609 tibi
1077 5555 1226 5611 dives
1250 5557 1474 5625 videris,
1512 5571 1565 5616 et
1614 5562 1667 5616 in
1697 5565 2114 5635 contemplanth

528 5646 766 5710 subtilis,
828 5657 882 5702 et
925 5648 1266 5718 pliantastice
1319 5652 1414 5707 tibi
1464 5654 1629 5709 Deum
1673 5671 1770 5726 per
1800 5658 2115 5714 innumeras

529 5740 795 5812 imagines
847 5742 1043 5814 lingis?
1072 5742 1225 5810 Quod
1275 5746 1420 5801 enim
1463 5745 1652 5802 furtim
1695 5749 1777 5816 fit,
1804 5767 1913 5807 non
1967 5762 2114 5808 recte

2241 516 2448 587 Jacob,
2500 523 2725 594 spiritus
2775 527 2985 582 scilicet
3037 538 3223 583 noster
3264 545 3326 585 ac
3371 530 3415 583 si
3465 529 3854 596 ratiocinans,

2243 610 2407 667 infert
2459 631 2472 668 :
2528 615 2682 680 Quod
2741 617 2904 673 inscio
2958 629 3004 674 te
3055 621 3352 690 profectus,
3408 621 3632 676 scilicet
3697 624 3854 694 quod

2242 704 2544 761 inconsulte
2571 725 2598 762 a
2627 719 2713 764 tua
2746 711 3128 768 conformitate
3158 714 3326 786 paulo
3363 715 3568 786 digredi
3606 727 3854 771 conatus

2243 812 2384 864 sum,
2414 801 2564 854 timui
2595 819 2658 856 ne
2681 803 2928 858 violenter
2958 805 3193 874 auferres
3219 806 3359 874 ﬁlias
3383 817 3525 873 tuas,
3561 807 3620 862 id
3659 817 3754 866 est
3787 824 3855 864 ne
3943 857 3946 870 .

2241 889 2490 946 nimietas
2531 897 2771 966 aggressi
2818 898 3081 970 propositi
3114 897 3318 957 faceret
3349 917 3436 958 me
3465 902 3740 958 decidere
3785 903 3853 958 ah

2241 989 2468 1052 utraque
2499 986 2624 1041 vita.

2311 1095 2472 1160 Vens.
2513 1100 2602 1154 52.
2634 1131 2705 1142 —
2735 1100 2889 1168 Quod
2939 1114 3112 1160 autem
3143 1106 3273 1176 furti
3326 1124 3405 1174 nte
3457 1109 3651 1178 arguis
3699 1111 3852 1178 apud

2236 1203 2592 1264 quemcunque
2655 1194 2914 1250 inveneris
2980 1196 3118 1251 Deos
3174 1209 3290 1254 tuos
3360 1209 3577 1258 necetur
3659 1215 3852 1254 coram

2238 1280 2488 1348 fratribus
2510 1286 2620 1340 suis
2651 1284 2772 1360 [al.,
2809 1285 3043 1360 nostris].
3083 1290 3234 1356 Quod
3263 1292 3416 1346 estsi
3459 1291 3616 1348 falsa:
3649 1291 3852 1346 credu-

2235 1371 2402 1430 litatis
2443 1393 2523 1432 me
2564 1381 2742 1450 arguis
2786 1379 2838 1434 in
2889 1396 3214 1454 quocunque
3265 1383 3432 1438 animi
3479 1399 3660 1442 sensu
3689 1385 3856 1454 quid—
3953 1409 3955 1426 ι

2233 1465 2379 1535 piam
2434 1471 2704 1537 repercris
2750 1471 2816 1528 de
2847 1471 2957 1527 Dco
2990 1473 3262 1542 fictitium,
3308 1475 3541 1530 aliorum
3583 1476 3850 1544 ejusdem

2235 1557 2434 1613 mentis
2483 1560 2851 1618 intellectuum
2915 1565 3195 1622 abolentur
3244 1565 3468 1636 judicio.
3531 1565 3850 1636 Scrutare,

2233 1650 2489 1720 quidquid
2526 1661 2736 1708 tuorum
2761 1653 2903 1723 apud
2929 1671 3007 1708 me
3050 1655 3307 1710 inveneris
3337 1657 3512 1730 aufer.
3562 1656 3737 1724 Quod
3770 1666 3851 1712 est

2235 1743 2492 1808 scrutari,
2529 1758 2614 1800 me
2647 1744 2802 1812 duce,
2831 1755 2884 1801 et
2909 1747 3165 1820 quidquid
3204 1758 3439 1816 tuorum,
3465 1747 3517 1804 id
3552 1759 3643 1806 est
3679 1751 3849 1821 spiri-

2236 1836 2459 1890 tualium
2491 1853 2610 1906 qtae
2643 1840 2738 1894 tibi
2777 1842 2946 1914 magis
2992 1853 3305 1914 competunt
3338 1860 3520 1912 rerum
3553 1847 3715 1914 apud
3745 1862 3847 1912 me,

2233 1927 2444 1983 scilicet
2486 1930 2628 2000 apud
2671 1932 2973 1992 sensualem
3027 1934 3468 2010 imaginationem
3499 1952 3701 1992 meam
3731 1953 3848 1994 cor-

2233 2020 2406 2088 rumpi
2471 2021 2712 2087 videris,
2785 2024 3034 2096 exemplo
3081 2042 3146 2082 ac
3192 2042 3353 2100 prece
3407 2028 3657 2094 dimove.
3721 2030 3848 2092 [late

2238 2124 2302 2162 ex
2334 2113 2789 2181 contemplatione
2825 2116 3090 2173 claritatis
3132 2130 3444 2186 sanctorum
3484 2120 3847 2183 intellectua-

2231 2200 2358 2258 liter
2385 2213 2438 2258 ct
2467 2203 2654 2260 inferri
2686 2216 2739 2260 et
2769 2209 2960 2264 referri
2995 2211 3190 2266 solent.
3223 2211 3353 2268 lla’c
3392 2213 3576 2274 dicens
3620 2216 3850 2284 ignou-

2232 2291 2316 2346 bat
2367 2297 2508 2364 quod
2557 2295 2755 2351 Rachel
2779 2299 2957 2367 furata
2995 2313 3124 2356 esset
3167 2303 3332 2358 idola.
3372 2303 3511 2370 Sunt
3554 2321 3705 2368 sane
3758 2306 3848 2376 qui

2234 2397 2486 2454 magnum
2519 2388 2650 2456 quid
2699 2405 2818 2444 sese
2851 2395 3244 2464 contemplatus
3273 2406 3486 2466 putant,
3519 2399 3570 2454 si
3619 2399 3846 2470 aliqua:

2231 2475 2497 2544 gloriosas
2529 2480 2729 2536 formas
2760 2483 2870 2539 Deo
2899 2488 3194 2544 ascribunt.
3227 2489 3670 2559 lgnorantenim
3697 2493 3844 2564 quod

2232 2566 2435 2624 Rachel
2483 2587 2602 2640 quas
2647 2582 2756 2629 tota
2813 2577 3196 2636 intellectualis
3249 2596 3374 2640 esse
3408 2582 3575 2644 debet
3621 2583 3842 2647 furtu!

2230 2659 2420 2728 faciat,
2455 2664 2498 2718 si
2539 2665 2923 2740 imaginarium
2952 2674 3253 2744 quidquam
3279 2675 3346 2738 ad
3377 2675 3598 2738 libitum
3625 2680 3706 2737 de
3734 2681 3846 2738 Deo

2231 2754 2526 2828 contingat.

2300 2886 2465 2942 Vens.
2494 2889 2586 2944 55.
2618 2920 2688 2930 —-
2739 2890 3019 2964 Ingressus
3057 2913 3179 2970 ergo
3217 2896 3401 2956 Laban
3423 2902 3842 2962 tabernaculum

2227 2980 2395 3038 Jacob
2452 2995 2500 3039 et
2551 2985 2682 3053 Lite,
2734 2999 2780 3042 et
2837 2991 3110 3063 utriusque
3161 2995 3400 3064 famulor,
3451 3014 3558 3052 non
3614 2999 3842 3057 int-cuit.

2227 3076 2396 3131 J'acob
2421 3086 2470 3132 et
2513 3076 2626 3134 Lia:
2661 3081 3084 3153 tabernaculum,
3125 3089 3354 3145 rationis
3386 3097 3468 3144 est
3499 3101 3556 3145 et
3595 3093 3842 3151 actionis

2227 3167 2332 3238 pia:
2373 3169 2730 3239 exercitium;
2790 3183 3024 3248 utraque
3087 3193 3215 3234 vero
3273 3179 3512 3246 famula,
3565 3185 3843 3253 quaelibet

2227 3257 2491 3314 virtutum
2519 3276 2718 3332 genere
2748 3268 2961 3335 utrique
2991 3279 3115 3325 Vitae
3137 3261 3496 3328 subsidentia.
3531 3273 3590 3328 lu
3618 3277 3844 3345 quibus

2228 3351 2359 3405 totis
2412 3350 2594 3409 Laban
2641 3371 2749 3412 non
2808 3357 3014 3415 invenit
3053 3361 3216 3429 idola,
3275 3365 3404 3436 quia
3462 3366 3509 3420 in
3557 3364 3643 3420 his
3697 3382 3846 3437 qua

2231 3441 2588 3500 seientialiter
2639 3449 2938 3506 secundum
3000 3451 3274 3510 hominem
3338 3457 3839 3529 administrantur,

2227 3539 2474 3594 consulta
2529 3556 2777 3611 superum
2827 3543 3091 3601 claritatis
3151 3549 3548 3619 spiritualitas,
3605 3550 3838 3610 divinas

2225 3631 2462 3699 quandiu
2490 3631 2557 3687 de
2586 3634 2698 3689 Deo
2725 3649 2832 3690 non
2859 3637 3038 3708 agitur
3074 3655 3180 3695 non
3221 3641 3425 3698 invenit
3453 3642 3760 3703 formulas.

2297 3742 2463 3799 "Ias.
2493 3745 2582 3801 54.
2613 3777 2684 3786 ——
2711 3747 2944 3820 Cumque
2981 3761 3228 3810 intrasset
3259 3757 3316 3812 in
3363 3757 3660 3815 tentorium
3717 3761 3834 3818 Ra-

2225 3835 2404 3902 chelis,
2435 3837 2528 3892 illa
2557 3837 2814 3908 festinans
2839 3843 3110 3901 abscondit
3141 3847 3286 3904 idola
3320 3851 3500 3905 subter
3527 3863 3835 3912 stramenta

2226 3931 2437 3995 cameli,
2474 3933 2706 4004 seditque
2734 3937 2974 4007 desuper.
3028 3937 3332 3998 Tentorium
3361 3941 3615 3998 Rue/telis
3656 3946 3836 4004 intrat

2226 4035 2348 4075 cum
2381 4037 2440 4076 ca
2466 4039 2588 4093 qua:
2621 4025 2674 4079 in
2709 4024 2878 4082 Deum
2920 4045 3090 4100 usque
3137 4035 3376 4088 tenditur
3411 4037 3836 4108 contemplatio-

2227 4124 2352 4165 nem
2395 4110 2603 4176 Laban,
2639 4115 2689 4169 id
2735 4125 2820 4170 est
2871 4120 3170 4188 spiritualis
3220 4123 3475 4193 splendor
3509 4129 3830 4184 examinat.

2227 4201 2536 4270 Spirit-uulis
2559 4217 2732 4260 autem
2748 4207 2955 4276 jndicat
2979 4213 3154 4267 omnia
3179 4214 3228 4285 (Ι
3256 4213 3378 4271 Cor.
3410 4231 3471 4284 ιι,
3496 4216 3611 4288 15).
3641 4218 3828 4286 Unde,

2227 4291 2422 4360 spiritu
2462 4294 2770 4352 illustrantc
2808 4301 3070 4368 animum,
3107 4302 3329 4372 Rachel,
3365 4307 3419 4363 id
3471 4320 3554 4363 est
3600 4311 3832 4368 interna

2228 4385 2482 4441 discretio
2512 4387 2710 4445 festiue
2741 4395 3040 4463 abscondit,
3073 4398 3334 4470 quidquid
3379 4403 3448 4457 de
3479 4403 3591 4460 Deo
3626 4422 3832 4478 corpo-

2153 4499 2200 4559 D
2230 4491 2382 4533 reum
2440 4482 2734 4550 cogitabant,
2781 4503 3152 4558 supcrponcns
3207 4494 3436 4552 virtutes
3477 4499 3674 4574 animi,
3702 4516 3831 4572 qua:

2227 4577 2355 4623 sunt
2391 4579 2679 4627 stramenta
2701 4578 2904 4642 cameli,
2939 4579 2989 4633 id
3013 4592 3118 4647 cst,
3142 4586 3475 4642 munimenta
3505 4600 3559 4643 et
3588 4604 3834 4648 ornatus

2227 4661 2454 4730 torpida:
2484 4665 2689 4734 carnis,
2728 4666 2780 4721 in
2815 4671 3012 4740 quibus
3039 4673 3407 4746 disquirendis
3438 4681 3610 4738 multo
3643 4684 3828 4742 licen-

2227 4752 2333 4808 tius
2389 4763 2572 4826 potest
2617 4758 2847 4830 quisque
2897 4769 3123 4833 versari,
3180 4785 3344 4839 quam
3397 4773 3518 4831 sine
3573 4775 3830 4848 imagine

2224 4841 2393 4898 Deum
2440 4849 2834 4918 contemplari;
2866 4861 2921 4909 et
2959 4855 3180 4927 desuper
3226 4862 3378 4918 sedet
3413 4864 3538 4920 dum
3586 4841 3830 4924 fundata

2224 4935 2424 4991 virtute
2471 4939 2741 4995 substanti
2779 4946 2960 5002 stultis
2997 4949 3438 5017 phantasmatum
3475 4956 3829 5016 discursibus

2224 5025 2579 5095 deprimendo
2608 5034 2878 5102 przesidet.
2915 5036 3288 5114 Scrutantique
3321 5047 3634 5113 tentorium,
3669 5061 3718 5104 et
3747 5051 3827 5104 nil

2221 5118 2502 5174 invenienti
2552 5121 2739 5192 (Vsus.
2781 5125 2870 5200 55)
2917 5132 2989 5184 ait
3041 5147 3059 5185 .'
3119 5132 3202 5190 Ne
3247 5137 3512 5194 irascatur
3563 5143 3824 5201 dominus

2222 5223 2367 5262 meus
2414 5212 2552 5280 quod
2589 5230 2762 5270 coram
2806 5229 2855 5271 te
2902 5237 3175 5292 assurgere
3221 5243 3452 5298 nequeo,
3497 5233 3620 5300 quia
3646 5235 3823 5304 juxta

2222 5303 2652 5358 consuetudinem
2686 5306 3002 5375 feminarum
3045 5329 3180 5370 nunc
3227 5319 3419 5373 accidit
3467 5321 3611 5376 milii.
3655 5303 3735 5378 Ac
3772 5327 3820 5382 si

2221 5387 2519 5448 dicat:Ne
2589 5396 2920 5470 indigneris,
2971 5403 3226 5475 domine,
3288 5409 3374 5466 cui
3429 5415 3504 5468 uti
3577 5413 3817 5475 Domino

2221 5483 2432 5550 subest,
2468 5486 2620 5555 quid,
2649 5497 2703 5542 et
2745 5491 2829 5544 cui
2867 5491 3098 5550 voluerit
3125 5497 3274 5562 dare,
3324 5504 3467 5572 quod
3498 5520 3690 5561 coram
3733 5517 3813 5576 te,

2222 5573 2274 5628 in
2321 5573 2567 5629 interiori
2601 5575 2808 5634 scilicet
2838 5581 3061 5640 homine
3092 5603 3378 5660 assurgere
3424 5593 3488 5647 ad
3533 5603 3604 5660 te,
3635 5607 3698 5650 ut
3725 5573 3810 5665 es,

2219 5667 2691 5734 contemplandum
2718 5688 2950 5742 nequeo,
2986 5680 3109 5748 quia
3136 5682 3286 5751 juxta
3325 5701 3526 5742 morem
3555 5689 3812 5750 humanae

2219 5759 2464 5814 mollitiei
2495 5764 2691 5834 patior.
2725 5764 2812 5822 Sic
2853 5770 3035 5826 delusa
3067 5773 3366 5832 sollicitudo
3393 5783 3674 5848 quwrenlis
3703 5795 3805 5840 est.

521 5823 609 5881 Πῐ·
675 5833 812 5893 Deos
855 5850 992 5920 ergo
1055 5835 1304 5922 furatur,
1376 5841 1467 5912 qui
1521 5842 1776 5913 privatim
1829 5846 2102 5932 quomodo
2151 5922 2166 5928 _
2209 5831 2529 5905 Sollicitudo
2551 5856 2830 5923 quwt'entt's
2856 5859 3312 5940 deluditur,cum,
3347 5823 3677 5938 adticipante
3701 5890 3806 5932 nos
