3982 6360
164 344 284 400 237

1194 372 1199 375 -
1288 334 1654 400 MORALIUM
1692 337 1763 397 ΙΝ
1793 336 2092 397 GENESIN
2134 336 2264 395 LIB.
2306 335 2443 397 Vili.

173 462 272 514 Dei
308 460 507 531 gratia,
544 473 645 530 per
687 458 1087 529 correptioncm
1133 474 1161 512 a
1192 467 1394 516 nostra:
1423 458 1767 515 discretionis
1794 463 1843 521 Α
1872 463 1930 510 et
1970 455 2165 519 Deum,
2186 456 2278 524 qui
2306 454 2549 511 Trinitas
2571 463 2676 524 est,
2703 459 3015 515 medullitus
3038 474 3199 517 nosse
3221 476 3468 532 quaerens
3529 444 3557 511 ί

166 561 339 622 captu
378 553 519 622 quod
543 554 721 624 puniri
744 554 940 608 debeat
967 570 1074 608 non
1103 553 1403 613 invenitur.

250 644 419 699 Vens.
467 646 556 711 56,
605 646 697 699 37.
725 645 1147 718 -—Tumensque
1194 646 1386 713 Iacob,
1435 662 1552 700 cum
1585 646 1767 716 jurgia

169 736 251 789 ait
284 749 305 789 :
330 736 503 802 Quam
528 736 590 792 ob
623 738 831 809 culpam
860 755 1031 793 meam
1058 749 1105 793 et
1135 739 1197 793 ob
1227 739 1366 809 quod
1396 749 1662 809 peccatum
1694 739 1769 793 sic

168 832 424 888 exarsisti
458 841 573 903 post
618 850 720 899 me,
768 843 816 888 et
861 844 1128 889 scrutatus
1152 851 1205 888 es
1236 850 1441 887 onmem
1476 834 1769 904 supellecti—

166 924 282 978 lem
337 927 552 981 meam?
618 925 761 992 Quid
807 926 1051 980 invenisti
1103 927 1167 980 de
1232 936 1421 979 cuncta
1471 925 1769 980 substantia

168 1014 369 1070 domus
411 1017 555 1071 tute?
598 1015 746 1071 Pone
772 1017 855 1070 hic
896 1032 1073 1070 coram
1096 1015 1349 1087 fratribus
1399 1016 1526 1070 meis
1564 1028 1610 1070 et
1640 1017 1767 1083 tuis,

168 1116 223 1162 et
251 1108 502 1177 judicent
540 1109 676 1163 inter
724 1125 804 1163 me
843 1120 890 1164 et
915 1120 982 1164 te.
1014 1109 1147 1165 Cum
1192 1110 1429 1163 humana
1475 1125 1629 1164 mens
1660 1124 1768 1163 tam

168 1201 425 1255 districte
449 1202 839 1257 conscientiam
860 1211 1111 1271 oportere
1130 1201 1325 1257 discuti
1351 1212 1541 1273 pensat
1565 1203 1771 1273 grande

168 1292 380 1360 saepius
409 1294 550 1362 apud
582 1309 640 1349 se
684 1294 959 1349 fastidium
998 1296 1216 1362 tolerat,
1265 1297 1410 1351 unde
1454 1306 1681 1363 tumens,
1715 1305 1772 1351 et

170 1383 336 1452 quasi
380 1382 670 1440 furibunda
716 1386 944 1441 interius
976 1386 1199 1442 clamat.
1247 1386 1399 1453 Quae.
1453 1388 1554 1454 ait,
1598 1386 1771 1457 culpat

170 1476 439 1532 nimietas
488 1478 695 1549 exigit,
758 1487 819 1532 ut
876 1486 1026 1534 tanto
1072 1478 1190 1533 zelo
1249 1493 1335 1534 me
1397 1478 1768 1548 insequendo,

171 1582 208 1622 0
257 1569 563 1638 spiritualis
611 1570 917 1641 diligentia,
974 1569 1261 1635 effervens,
1314 1578 1368 1624 ct
1420 1582 1563 1626 totos
1601 1568 1769 1622 animi

169 1674 430 1716 recessus
450 1663 669 1717 rimeris
693 1672 750 1716 et
772 1662 1032 1733 colligas?
1053 1662 1193 1727 Quid
1219 1661 1459 1716 invenisti
1490 1673 1654 1727 penes
1684 1675 1773 1715 me

168 1752 238 1807 ds
260 1760 580 1820 substantia,
614 1755 668 1809 id
695 1763 781 1810 est
817 1756 882 1810 de
915 1755 999 1810 his
1032 1756 1286 1809 omnibus
1332 1751 1769 1818 terrenitatibus,

1879 546 2181 605 carnalium
2227 558 2604 617 tempestatum
2643 551 2803 618 mole,
2836 552 3001 607 etiam
3034 553 3100 611 ab
3132 570 3226 626 spe
3261 574 3466 613 merce»

1881 641 1964 696 dis
1988 641 2040 694 in
2073 641 2321 695 timorem
2347 657 2520 711 parum
2542 647 2896 700 convertitur.

1949 733 2113 788 Vsus.
2141 731 2232 787 42.
2258 732 2467 786 -—-Nisi
2507 734 2644 790 Deus
2673 739 2837 806 patris
2865 740 2963 793 mei
2987 739 3270 809 Abraham,
3306 743 3355 797 id
3390 752 3469 797 est

1873 825 2037 889 Deus,
2099 825 2189 894 qui
2230 825 2487 895 pt'rcsidet
2524 828 2719 882 rationi
2765 846 2898 885 meae
2928 833 3276 889 cohibuisset.
3301 836 3469 889 Abra-

1871 916 1993 970 ham
2018 916 2161 971 enim
2181 957 2194 983 ,
2219 926 2370 987 pater
2410 916 2585 972 videns
2629 918 2878 988 populant
2932 923 3151 991 dicitur,
3178 934 3231 980 et
3262 926 3469 982 intelle-

1871 1010 1981 1065 ctui
2018 1019 2241 1078 paterno
2269 1010 2557 1079 providere
2592 1011 2751 1082 vulgo
2772 1014 3163 1085 cogitationum:
3194 1021 3469 1089 pertinere

1872 1104 2089 1172 proprie
2116 1104 2314 1169 scitur;
2348 1113 2393 1158 et
2421 1104 2579 1157 timor
2602 1102 2780 1169 Isaac,
2801 1104 2952 1160 idest
2979 1108 3137 1163 timor
3162 1111 3469 1166 omissionis

1874 1197 2054 1267 gaudii
2098 1196 2307 1249 :etcrni.
2341 1196 2491 1252 lsaac
2517 1197 2660 1250 enim
2695 1197 2895 1251 dicitur
2932 1200 3092 1263 risus,
3126 1201 3354 1256 forsitan
3402 1204 3469 1259 ob

1881 1299 1961 1345 tot
1989 1290 2359 1346 difficultates.
2413 1290 2458 1345 Ο
2508 1290 2712 1354 Laban,
2748 1291 2799 1344 id
2843 1302 2925 1346 est
2959 1292 3193 1346 caelestis
3222 1294 3469 1360 claritas,

1871 1399 1992 1453 qua:
2038 1399 2145 1452 quo
2179 1383 2410 1452 amplius
2439 1398 2467 1435 a
2494 1398 2580 1437 me
2614 1383 2894 1451 quaeritur,
2922 1393 3072 1438 tanto
3092 1383 3264 1457 magis
3290 1384 3469 1443 «litier-

1875 1479 1997 1539 tur,
2030 1473 2231 1526 nudum
2275 1489 2497 1543 prorsus
2522 1482 2575 1528 et
2602 1474 2860 1543 impotem
2908 1474 3134 1543 justitize
3173 1476 3471 1531 dimisisses

1875 1562 1928 1615 in
1961 1562 2235 1629 libidines,
2274 1564 2470 1631 quibus
2519 1578 2717 1632 corpus
2743 1562 2992 1619 adicitur.
3022 1564 3375 1632 Afﬂictionem
3422 1572 3471 1618 et

1873 1652 2107 1707 laborem
2157 1672 2434 1721 manuum,
2468 1656 2520 1709 id
2549 1664 2633 1710 est
2658 1671 2883 1724 operum
2923 1654 3186 1718 meordm,
3250 1655 3471 1724 respexit

1884 1747 2046 1813 Deus,
2078 1749 2179 1803 sub
2204 1764 2309 1818 qua
2339 1748 2602 1803 malorum
2651 1748 2850 1803 tribula
2903 1748 3018 1803 inec
3071 1746 3282 1801 tantilla
3330 1747 3469 1807 bona

168 1859 297 1915 qua
328 1846 523 1901 merito
557 1847 806 1901 substare
837 1855 891 1900 et
919 1846 1145 1901 subesse
1183 1846 1383 1901 debent
1422 1844 1766 1909 domuituee,
1803 1823 1845 1878 Β
1872 1855 2102 1909 operer;
2131 1849 2177 1893 et
2206 1840 2379 1909 arguit
2423 1849 2473 1893 te
2498 1840 2631 1905 lteri,
2664 1840 2715 1894 id
2748 1847 2832 1895 est
2862 1838 3200 1910 argumentis
3246 1838 3469 1895 eviden—

170 1937 229 1993 id
288 1948 374 1994 est
428 1948 645 1994 tuorum
706 1940 1099 1995 conscientiae?
1162 1939 1408 1994 Ponatur
1457 1938 1512 1995 in
1560 1935 1768 2005 judicio

171 2031 374 2087 divinis
416 2041 522 2088 tua:
563 2041 621 2088 et
677 2034 927 2088 humanae
974 2032 1200 2088 rationis
1246 2046 1401 2098 meae,
1439 2040 1494 2087 et
1523 2031 1769 2102 profecto

172 2137 283 2193 pro
311 2139 430 2177 mea
458 2124 804 2178 immunitate
832 2123 1063 2193 peccati.

256 2218 424 2274 Vens.
454 2220 642 2275 58.—-
673 2219 871 2291 Viginti
919 2220 1071 2273 annis
1110 2218 1187 2287 {ui
1234 2227 1425 2284 tecum,
1478 2217 1531 2272 id
1587 2226 1673 2272 est
1717 2224 1772 2271 et

177 2311 466 2367 denarium
505 2314 858 2383 plenitudinis
887 2311 1022 2382 legis
1053 2312 1104 2365 in
1138 2318 1341 2373 mente,
1388 2318 1441 2364 et
1488 2308 1772 2363 denarium

174 2403 445 2457 virtutum
489 2404 542 2458 id
586 2412 669 2458 est
716 2418 980 2458 annorum
1033 2400 1405 2472 perfectionis,
1451 2399 1635 2453 Laban
1682 2412 1772 2453 sn-

173 2510 354 2568 perno
380 2499 606 2553 candori
634 2499 847 2554 servavi
893 2495 1051 2567 125
1076 2498 1129 2551 in
1170 2510 1354 2565 opere,
1408 2512 1521 2551 oves
1559 2496 1770 2566 simpli-

177 2588 326 2643 cium
368 2589 777 2654 beneficiorum,
809 2598 863 2644 et
901 2605 1072 2659 supra:
1115 2587 1631 2658 contemplationum
1663 2597 1769 2642 ste-

178 2685 305 2740 riles
357 2701 388 2740 a
441 2685 621 2743 fructu
674 2704 770 2757 per
812 2686 1143 2759 hypocrisim
1194 2704 1300 2741 non
1340 2687 1508 2756 fuere,
1556 2688 1767 2753 arietes,

179 2778 502 2845 rationales,
536 2780 748 2835 scilicet
777 2789 978 2845 motus,
1020 2789 1276 2849 tanquam
1313 2796 1535 2851 gregum
1559 2782 1768 2849 cogita-

176 2870 390 2928 tionum
422 2873 587 2928 duces
628 2874 681 2928 in
712 2873 1031 2943 memetipso
1053 2886 1151 2942 per
1191 2873 1445 2928 vitiorum
1479 2874 1767 2928 admissio-

178 2977 306 3020 nem
330 2980 434 3021 non
463 2966 769 3036 consumpsi
821 2965 1010 3038 (Vens.
1036 2965 1127 3037 59)
1175 2982 1266 3020 nec
1291 2976 1498 3035 captum
1525 2984 1555 3019 a
1583 2966 1769 3034 bestia,

178 3053 238 3109 id
280 3066 364 3111 est
401 3059 673 3128 direptum
723 3074 752 3110 a
783 3057 999 3111 diabolo
1047 3058 1275 3111 interius
1323 3059 1524 3113 bonum
1566 3059 1770 3114 sanctis

181 3148 514 3218 quibuslibet
556 3166 660 3205 non
699 3148 800 3205 feci
848 3150 1103 3205 ostentui.
1138 3149 1293 3204 Unde
1324 3149 1609 3204 Psalmus:
1645 3147 1769 3203 Non

181 3241 578 3311 confundantur
608 3259 763 3310 super
807 3258 888 3295 me
917 3243 1004 3312 qui
1039 3250 1281 3310 quierunt
1322 3250 1391 3306 te,
1432 3240 1572 3294 Deus
1603 3239 1771 3295 Israel

181 3331 357 3396 (Psat.
418 3347 611 3397 vam,
674 3334 752 3402 8).
804 3332 915 3403 Ego
965 3332 1218 3384 damnum
1273 3347 1422 3384 omne
1469 3331 1773 3395 reddebam,

183 3427 590 3494 compensando
621 3424 872 3478 videlicet
916 3434 1140 3493 peccata
1175 3423 1486 3486 laboribus;
1519 3420 1773 3491 quidquid

184 3516 330 3586 furto
379 3518 609 3587 peribat,
662 3516 871 3571 scilicet
928 3516 1276 3585 subreptione
1344 3514 1569 3576 diaboli,
1617 3530 1648 3567 a
1696 3528 1775 3568 me

183 3607 449 3677 exigebas,
490 3609 752 3663 subaudis
799 3609 1021 3662 restitui.
1073 3607 1261 3678 (Vens.
1296 3604 1414 3674 40.)
1450 3604 1544 3659 Die
1589 3603 1643 3659 in
1691 3603 1776 3658 his

183 3714 306 3769 quae
351 3700 717 3771 intelligebam
755 3718 768 3754 :
800 3698 967 3754 Nocte
1020 3699 1073 3753 in
1130 3698 1216 3753 his
1262 3714 1381 3767 qua:
1434 3696 1773 3766 ignorabam,

183 3789 239 3844 id
277 3797 363 3845 est
392 3789 446 3844 in
495 3790 653 3846 bonis
687 3799 742 3846 et
773 3791 825 3844 in
858 3791 1035 3854 malis,
1084 3800 1214 3844 wsttt
1243 3787 1555 3843 cenodoxize
1585 3786 1776 3839 urebar

181 3879 236 3935 in
266 3880 445 3945 bonis,
495 3890 547 3937 et
578 3897 643 3937 ex
676 3881 792 3950 ipso
826 3892 1043 3951 torpore
1074 3896 1194 3936 meo
1226 3896 1289 3935 ac
1324 3880 1367 3933 si
1402 3879 1523 3948 gelu
1570 3892 1773 3947 coque-

180 3970 285 4027 bar
308 3971 360 4025 in
397 3970 582 4037 malis;
610 3972 840 4041 fugiebat
883 3988 1098 4026 somnus
1134 3969 1478 4041 negligentiae
1506 3968 1569 4022 ab
1599 3969 1775 4023 inten—

180 4063 423 4118 tionibus
452 4064 609 4129 meis,
636 4065 778 4134 quod
807 4072 890 4118 est
921 4062 1106 4118 oculis.
1141 4063 1556 4133 lnteiligentiam
1590 4070 1773 4116 autem

181 4154 255 4208 ad
280 4154 394 4208 sola
426 4154 565 4209 bona
597 4156 877 4225 pertinere
908 4155 1133 4218 scimus,
1168 4153 1295 4223 quia
1335 4152 1409 4207 nil
1445 4154 1637 4218 scitur,
1668 4152 1775 4209 nisi

178 4246 326 4313 quod
370 4259 555 4299 verum
606 4257 717 4310 εει,
763 4254 817 4299 et
868 4245 914 4297 si
962 4244 1157 4299 falsum
1210 4244 1409 4307 scitur,
1460 4243 1514 4297 in
1564 4250 1774 4297 tantum

177 4334 376 4401 scitur,
406 4334 456 4389 in
481 4346 742 4405 quantum
769 4333 961 4390 falsum
984 4350 1103 4389 esse
1131 4333 1324 4400 scitur;
1354 4333 1611 4403 quidquid
1645 4346 1775 4388 vero

178 4442 369 4482 verum
404 4437 507 4495 est,
540 4430 739 4486 bonum
767 4443 887 4484 esse
912 4427 1275 4495 convincitur,
1308 4427 1361 4481 in
1395 4434 1656 4497 quantum
1684 4438 1777 4481 ve-

178 4534 305 4575 rum
336 4529 440 4575 est.

263 4610 419 4669 Vsus.
446 4613 509 4668 Μ
522 4614 1023 4682 .—Quatuordecim
1049 4617 1199 4672 annis
1215 4614 1396 4671 servivi
1425 4614 1515 4667 tibi
1530 4629 1623 4683 pro
1633 4610 1774 4682 ﬁlia-

184 4705 303 4770 bmi
340 4713 489 4760 elsex
512 4724 606 4777 pro
633 4711 870 4779 gregibus
898 4710 1021 4764 tuis.
1042 4708 1144 4763 Per
1174 4704 1775 4778 quaternariumEvana

185 4796 346 4865 gelia,
380 4813 477 4867 per
502 4799 782 4853 denarium
826 4801 1021 4870 Legem
1080 4801 1394 4870 accipimus.
1421 4795 1551 4863 Quae
1600 4796 1776 4865 primo

187 4883 398 4958 Legem,
429 4898 552 4958 post
573 4890 921 4961 Evangelium
945 4908 1066 4946 cum
1099 4892 1502 4962 impleverimus
1533 4889 1601 4942 ad
1633 4888 1773 4943 filias

189 4980 422 5036 caelestis
450 4987 640 5038 matris
662 4984 937 5050 Ecclesiae,
956 4985 1187 5038 activam
1212 4984 1417 5039 scilicet
1448 4990 1501 5038 et
1523 4990 1774 5038 contem-

189 5072 460 5139 plativam,
489 5076 830 5131 accedemus.
858 5075 961 5132 Sex
987 5090 1113 5129 vero
1142 5074 1204 5127 ad
1233 5074 1617 5142 plenitudinem
1650 5090 1774 5130 cum

189 5164 659 5237 pertineant,quia
687 5168 982 5223 sexdiebus
1000 5167 1176 5220 omnia
1211 5165 1353 5220 Deus
1380 5166 1776 5231 lecerit,annos

191 5257 447 5329 virtutum
504 5258 917 5313 claritudinibus
978 5260 1213 5328 integros
1252 5271 1281 5310 a
1323 5257 1479 5311 nobis
1510 5259 1775 5328 exigimus

193 5350 451 5418 plenarie,
478 5361 538 5406 ut
569 5352 954 5423 c.0gitationum
1003 5351 1255 5423 gregibus
1302 5351 1564 5405 dominari
1606 5350 1778 5420 possi-

194 5454 307 5497 mus
338 5443 402 5497 ad
426 5444 832 5499 similitudinem
856 5444 1089 5499 civitatis
1111 5457 1375 5512 supernae,
1400 5457 1520 5513 qttae
1550 5443 1647 5495 has
1665 5440 1776 5509 jam

195 5536 430 5602 possidet
456 5538 775 5591 inconcussa
820 5535 1032 5605 penitus
1061 5548 1212 5605 pace.
1245 5532 1548 5587 Immutasti
1576 5547 1778 5603 quoque

199 5629 473 5681 mercedem
498 5643 667 5682 meam
690 5628 861 5682 decem
890 5627 1100 5681 vicibus.
1133 5624 1423 5681 Mercedem
1440 5626 1777 5680 immutatam

201 5716 363 5773 decem
392 5721 585 5775 vicibus
602 5722 865 5792 queritur,
891 5720 1014 5775 dum
1039 5719 1303 5789 corporis,
1328 5719 1468 5789 quod
1484 5728 1779 5790 quaterna-

200 5809 272 5896 rio
286 5813 783 5882 proptereiementa
801 5812 1062 5881 signatur,
1086 5810 1368 5878 etauimze,
1396 5824 1515 5881 quae
1539 5810 1780 5867 ternario

201 5902 233 5959 b
259 5905 357 5962 tria
390 5923 487 5964 sua
516 5906 789 5977 υνωρῑιηια
812 5904 955 5961 bona
979 5904 1473 5974 impassibilitatem
1504 5918 1768 5973 sperans;

1873 1933 2019 1987 tibus
2049 1932 2340 2001 prietcrita:
2387 1932 2747 1987 humanitatis
2780 1932 2873 1986 tibi
2903 1933 3147 1987 ostendit
3175 1947 3335 2001 quam
3364 1932 3471 1987 cle-

1886 2024 2150 2080 mentiam
2181 2025 2378 2080 debeas
2410 2024 2495 2080 his
2526 2026 2619 2095 qui
2650 2025 3052 2094 periclitantur,
3084 2040 3206 2079 cum
3235 2034 3286 2079 tu
3316 2032 3471 2093 portu

1874 2117 2085 2189 potiare
2130 2116 2344 2171 salutis.
2376 2116 2505 2170 Heri
2559 2127 2741 2171 autem
2784 2132 2882 2187 pro
2914 2117 3181 2186 prieterito
3232 2117 3471 2185 ponitur.

1876 2210 2016 2265 llinc
2040 2209 2210 2264 Isaias
2222 2217 2523 2278 pratparata
2546 2218 2622 2263 est
2644 2210 2707 2262 ab
2730 2209 2841 2262 lteri
2859 2208 3088 2277 Topheth
3106 2224 3116 2259 :
3137 2208 3184 2277 (1
3191 2212 3326 2261 saia.
3345 2225 3453 2267 xxx

1877 2303 1989 2374 '53).
2014 2302 2142 2356 Haec
2166 2302 2437 2371 praecipue
2463 2309 2699 2373 aguntur
2722 2302 2774 2356 in
2799 2300 3156 2365 conscientia,
3181 2316 3301 2354 cum
3350 2315 3450 2356 san

1877 2404 1997 2451 ctos
2033 2395 2292 2449 ardenter
2312 2395 2639 2464 expetimus,
2655 2404 2707 2449 et
2735 2394 2886 2448 tarde
2909 2392 3163 2461 opitulari
3187 2392 3473 2449 sentimus

1947 2486 2109 2540 Visus.
2143 2482 2233 2538 43.
2261 2513 2329 2524 -——
2352 2484 2510 2537 Filia:
2537 2493 2585 2539 et
2616 2483 2733 2553 ﬁlii,
2766 2484 2842 2537 ait
2862 2483 3068 2547 Laban,
3093 2493 3139 2536 et
3168 2498 3347 2552 greges
3371 2483 3472 2548 tui,

1873 2589 1921 2634 et
1951 2578 2128 2634 omnia
2157 2594 2275 2649 qua:
2301 2579 2491 2643 cernis,
2519 2594 2634 2631 mea
2674 2587 2822 2631 sunt.
2856 2578 2933 2632 Ac
2966 2577 3010 2631 si
3036 2575 3338 2631 Jerusalem
3386 2590 3474 2631 su.

1874 2690 2041 2744 perna
2084 2672 2358 2743 loquatur.
2405 2671 2641 2726 Inﬁrmze
2682 2681 2736 2726 ct
2790 2670 2961 2726 fortes
2989 2670 3184 2723 anima:
3215 2669 3267 2723 in
3291 2667 3476 2723 Eccles-

1875 2770 1953 2823 sia
2004 2783 2102 2824 seu
2156 2777 2392 2824 rectores
2419 2768 2504 2822 vel
2556 2766 2776 2837 regendi
2830 2766 3102 2820 motusin
3148 2761 3473 2819 considentis

1875 2872 1929 2918 et
1980 2864 2368 2933 cogitationum
2419 2862 2472 2916 in
2523 2861 2690 2915 imum
2740 2868 2926 2914 coacta
2976 2857 3278 2927 congeries,
3327 2853 3474 2919 etsi,

1882 2969 1986 3025 qua
2012 2965 2284 3023 suntquae
2315 2968 2481 3022 penes
2522 2961 2572 3006 te
2595 2952 2766 3022 proba
2799 2949 3120 3014 intenderis,
3154 2963 3221 3003 ex
3246 2948 3385 3003 meis
3410 2960 3473 3001 ea

1875 3048 2139 3119 exemplis
2174 3048 2363 3103 ‘habes
2386 3058 2438 3103 et
2470 3047 2752 3102 doctrinis.
2788 3045 2928 3111 Quid
2971 3050 3179 3115 possunt
3210 3044 3384 3113 facere
3413 3043 3473 3111 [i-

1878 3140 1962 3195 liis
1987 3150 2034 3193 et
2066 3139 2333 3204 nepotibus
2375 3142 2503 3193 meis
2521 3140 2546 3192 Ρ
2572 3137 2725 3205 Quod
2756 3146 2839 3192 cst
2867 3154 2880 3189 :
2914 3136 3005 3190 llis
3031 3151 3167 3204 quos
3195 3135 3261 3187 ad
3292 3134 3473 3199 fidem,

1876 3231 1963 3287 vel
1989 3245 2152 3301 opera
2182 3232 2366 3301 genui,
2394 3230 2477 3284 vel
2506 3231 2588 3284 bis
2615 3229 2710 3299 qui
2740 3229 2806 3281 ad
2834 3229 2974 3281 idem
3001 3228 3165 3297 geniti
3210 3235 3339 3280 sunt
3376 3238 3477 3293 per
3512 3230 3521 3243 '

1879 3339 1974 3379 eos
2021 3338 2157 3392 quos
2207 3323 2396 3392 genui,
2430 3321 2700 3390 quoinodo
2738 3332 2934 3371 nocere
2963 3317 3197 3386 queam?
3225 3314 3300 3367 Ne
3348 3328 3478 3383 ergo

1882 3422 2119 3477 tumcas,
2149 3426 2218 3465 ne
2244 3412 2420 3481 jurgia
2454 3412 2659 3463 intrare
2706 3408 2969 3470 concites,
3022 3406 3117 3461 sed
3166 3405 3351 3475 (Vens.
3386 3402 3478 3475 Μ)

1889 3502 2021 3557 Veni
2069 3502 2135 3556 ad
2184 3501 2623 3555 conformitatem
2673 3500 2802 3564 mei,
2833 3507 2890 3554 et
2928 3513 3027 3568 per
3066 3498 3170 3552 hoc
3218 3498 3477 3553 inibimus

1882 3593 2055 3662 {udus
2103 3593 2308 3646 amoris
2335 3591 2527 3656 debiti,
2560 3600 2615 3645 ut
2646 3591 2715 3644 sit
2744 3590 3102 3645 testimonium
3140 3602 3299 3644 amor
3338 3591 3474 3661 ipse,

1886 3686 2164 3756 quodnon
2197 3683 2448 3739 avellaris
2476 3697 2504 3736 a
2538 3697 2654 3739 mea
2688 3683 3008 3737 mutatione.

1957 3775 2116 3831 Vsus.
2149 3775 2240 3829 45.
2266 3804 2337 3817 ο-
2361 3774 2501 3829 Tulit
2551 3776 2729 3844 itaque
2758 3772 2927 3827 Iacob
2956 3772 3206 3843 lapidem,
3264 3771 3475 3828 intelle-

1879 3878 2000 3925 ctus
2028 3868 2241 3924 scilicet
2266 3868 2497 3937 arripuit
2526 3868 2628 3921 sibi
2657 3868 2823 3921 animi
2855 3866 3206 3931 soliditatem,
3228 3881 3295 3919 ne
3322 3864 3474 3920 dein-

1880 3977 2011 4035 ceps
2040 3961 2217 4018 evolet
2243 3964 2295 4016 in
2320 3962 2908 4030 vanitatem,hancque
2948 3960 3003 4014 in
3048 3961 3261 4013 titulum
3288 3958 3472 4028 erigit,
3535 3952 3539 3959 ’

1880 4057 2006 4127 quia
2069 4056 2136 4111 ad
2183 4070 2304 4110 eam
2352 4054 2644 4109 concitatis
2692 4053 3000 4124 quibusque
3032 4053 3174 4107 intra
3203 4051 3287 4106 vel
3316 4060 3472 4106 extra

1879 4149 2142 4211 motibus,
2172 4147 2325 4216 quasi
2374 4147 2440 4200 ad
2471 4147 2742 4215 quoddam
2780 4145 3090 4216 praesidium
3130 4145 3344 4211 insigne
3383 4157 3473 4200 re-

1881 4243 2073 4297 currit.
2122 4240 2382 4295 Soliditas
2430 4248 2630 4299 autem,
2667 4240 2783 4309 ipsa
2811 4248 2895 4293 est
2926 4239 3138 4294 sincera
3166 4237 3468 4297 humilitas.

1881 4332 2071 4406 (Vsus.
2112 4333 2225 4405 46.)
2256 4332 2506 4403 Dixitque
2536 4332 2790 4401 fratribus
2818 4332 2947 4385 suis.
2979 4331 3202 4386 Fratres
3230 4340 3355 4384 sunt
3383 4328 3472 4383 vel

1880 4424 2094 4481 robusti
2124 4424 2327 4494 quique
2360 4432 2543 4477 motus
2570 4422 2759 4487 animi,
2790 4437 2882 4476 seu
2912 4423 3171 4486 virtutes,
3201 4435 3265 4473 ac
3296 4420 3340 4473 si
3373 4418 3470 4472 ﬁlii

1879 4530 1947 4571 ex
1974 4518 2162 4571 eadem
2194 4522 2373 4570 mente
2425 4513 2614 4583 geniti.
2642 4512 2839 4581 Aﬁ'erte
2865 4512 3086 4580 lapides,
3112 4510 3319 4565 scilicet
3339 4524 3469 4579 pro-

1879 4607 2063 4678 ponite
2084 4608 2136 4661 in
2166 4606 2312 4660 omni
2344 4611 2464 4657 actu
2492 4611 2670 4656 vestro
2698 4598 2921 4656 affectus
2951 4602 3153 4657 solidos
3186 4618 3251 4657 ac
3281 4603 3466 4659 humi-

1880 4703 1980 4759 les.
2012 4703 2116 4769 Qui
2170 4707 2542 4771 congregantes
2591 4697 2825 4767 fecerunt
2863 4696 3143 4762 tumulum,
3199 4698 3253 4752 id
3297 4699 3471 4753 estad

1879 4799 2143 4854 unitatem
2168 4794 2562 4851 contendentes
2599 4790 2748 4861 justo
2774 4790 2965 4846 ordine
3011 4791 3374 4846 dilatavernnt
3412 4808 3471 4848 se

1878 4907 1977 4964 per
2002 4891 2324 4947 charitatcm
2358 4886 2602 4951 inferius,
2618 4896 2675 4941 ut
2695 4885 2918 4942 subtiles
2942 4886 3134 4939 ﬁerent
3150 4887 3201 4939 in
3223 4895 3467 4941 eontem-

1878 4982 2117 5054 platione
2172 4978 2440 5049 superius.
2491 4976 2667 5047 Super
2711 4978 2855 5031 hunc
2896 4974 3208 5038 comedunt,
3240 4976 3364 5027 dum
3413 4974 3469 5026 in

1879 5076 2146 5132 charitate
2214 5071 2483 5138 radicati,
2541 5078 2595 5125 et
2656 5068 2863 5123 fundati
2941 5067 3121 5121 divina
3183 5065 3470 5121 dulcedine

1881 5170 2195 5243 (Ep/168.1",
2222 5167 2467 5237 i7),qu:e
2488 5162 2836 5235 diligentibus
2868 5161 2919 5213 in
2944 5166 3193 5228 promptu
3216 5165 3321 5224 est,
3346 5171 3468 5213 sese

1879 5262 2151 5318 reficiunt.

1950 5350 2115 5407 Vens.
2147 5348 2235 5406 47.
2258 5348 2501 5403 --Vocat
2530 5346 2711 5400 Laban
2737 5343 3019 5398 Tumulum
3041 5344 3263 5407 testis,et
3298 5344 3464 5399 Jacob

1880 5448 2133 5502 Acerbum
2170 5441 2452 5499 testimonii
2479 5481 2492 5504 ,
2522 5437 2877 5507 unusquisque
2898 5437 3057 5506 juxta
3103 5439 3463 5509 praprietatem

1880 5537 2203 5608 linguresnre.
2232 5534 2403 5589 Aliter
2432 5532 2598 5587 sentit
2618 5541 2672 5585 et
2692 5529 2933 5600 loquitur
2964 5530 3168 5594 Laban,
3195 5533 3352 5586 aliter
3377 5531 3452 5587 Ja-

1881 5628 2143 5698 cob,quia
2167 5626 2303 5680 alius
2332 5624 2638 5678 intellectus
2662 5632 2745 5678 cst
2772 5624 3128 5694 supernejam
3145 5626 3462 5687 viventium,

1882 5729 1935 5775 ct
1958 5720 2059 5773 alia
2085 5717 2352 5780 efficacia,
2374 5714 2513 5769 alius
2541 5714 2593 5769 in
2622 5730 2785 5770 carne
2806 5716 3134 5786 degentium,
3158 5725 3212 5770 et
3239 5716 3341 5769 alia
3374 5732 3459 5770 eo-

1882 5828 2004 5870 rum
2054 5808 2343 5865 dcsideria.
2400 5806 2661 5862 Tumulus
2705 5818 3043 5864 mortuorum
3098 5809 3452 5867 usitatesoict

1880 5905 2005 5963 dici.
2033 5902 2099 5961 Et
2128 5901 2250 5967 plus
2281 5910 2364 5959 est
2395 5902 2548 5959 testis
2581 5917 2746 5972 quam
2773 5901 3162 5967 testimonium,
3198 5902 3321 5970 quia
3344 5914 3457 5951 uia.

3367 351 3472 427 ass
3545 396 3563 420 ε
