3982 6360
548 361 656 422 239

1365 345 1429 401 V.
1455 339 1778 402 GUIBERTI
1815 334 2108 397 ABBATIS
2136 339 2195 395 S.
2238 338 2480 396 MARIA‘J
2521 340 2607 396 DE
2636 337 3036 397 NOVIGENTO

3723 340 3841 397 240

547 483 631 553 gis
677 468 1050 534 testimonium
1081 470 1202 536 eget
1226 469 1358 517 teste
1389 475 1551 528 quam
1598 458 1754 513 testis
1795 456 2130 510 testimonio.
2163 458 2210 514 Α
2236 455 2548 526 fueruntque
2577 459 2624 510 ei
2651 457 2850 510 obviam
2878 456 3050 526 angeli
3095 451 3212 509 Dei.
3250 455 3565 514 Intellectus
3602 455 3840 514 traderis

547 547 736 630 ἱειιιςιη
763 581 894 638 ergo
924 559 1182 619 candidus
1205 554 1292 609 ille
1319 563 1560 617 senatus,
1605 551 1700 620 qui
1745 557 1975 604 mortem
2015 547 2128 616 jam

549 663 687 719 obiit
731 655 985 728 explicito
1013 645 1320 703 testimonio
1353 644 1500 709 ltdei,
1525 656 1590 696 ac
1623 640 1804 711 cperis
1823 639 1937 708 jam
1979 641 2130 695 testis

548 753 808 812 emeritus
842 747 1016 801 lactus
1036 751 1138 797 est.
1162 738 1331 794 Jacoh
1355 745 1538 790 autem
1565 747 1806 802 przesens
1841 731 2127 802 fragilitas,

555 855 804 900 acervum
850 834 1019 891 multo
1059 831 1258 887 sudore
1297 825 1565 896 t‘Ol‘gc-I‘it,
1605 823 1731 877 dum
1780 823 2132 892 professionis

547 950 658 992 sua:
686 927 991 986 testimonia
1023 925 1180 993 gerit.
1215 919 1401 990 (Vens.
1437 916 1550 982 48.)
1598 915 1852 969 Tumulus
1880 916 2023 969 testis
2048 921 2132 968 est

547 1029 690 1082 inter
718 1022 900 1076 Laban
929 1026 986 1072 et
1011 1014 1202 1078 Jacob,
1229 1013 1354 1065 dum
1385 1022 1434 1065 et
1461 1008 1628 1063 Jacob
1656 1008 1766 1076 jam
1802 1009 2129 1084 salvatorem

543 1118 717 1173 inhiat
745 1111 976 1170 sorti.et
1005 1101 1326 1172 salvatijatn
1359 1100 1800 1156 conde-scendunt
1855 1101 2016 1172 126
2039 1100 2133 1154 ad—

537 1208 784 1278 juvando
820 1199 1206 1256 salvandorum
1263 1194 1521 1263 passioni.
1558 1193 1693 1248 Cum
1735 1192 1880 1246 enim
1937 1194 2004 1247 ad
2034 1207 2124 1247 ex.

543 1297 786 1368 emplum
834 1298 1146 1346 sanctorum
1202 1286 1625 1349 reminiscimur,
1677 1285 1831 1354 quasi
1860 1284 1928 1336 ad
1954 1292 2134 1338 tumu-

545 1389 660 1444 lum
715 1384 1058 1454 respicimus,
1115 1378 1215 1449 ipsi
1273 1379 1336 1431 ad
1393 1375 1657 1430 tumulum
1699 1373 1906 1428 scilicet
1940 1373 2011 1428 ad
2051 1373 2133 1427 sui

545 1477 737 1549 quales
757 1475 888 1530 olim
918 1471 1120 1527 fuerint
1143 1470 1463 1524 memoriam
1491 1485 1549 1523 se
1577 1467 1838 1530 referunt,
1871 1482 1994 1521 cum
2038 1481 2136 1522 no-

544 1570 652 1636 bis,
675 1568 766 1638 qui
796 1567 970 1622 ei-Iem
1004 1565 1316 1617 innata-inus
1343 1559 1479 1624 salo,
1506 1559 1884 1613 miscrescuut.

615 1663 780 1719 Vens.
815 1662 907 1725 49,
948 1659 1038 1714 50.
1091 1688 1159 1697 -
1211 1656 1492 1709 Intneatur
1540 1653 1796 1707 Dominus
1842 1663 1890 1706 et
1928 1652 2134 1718 judicet

542 1759 681 1813 inter
705 1772 822 1820 nos,
867 1752 1079 1823 quando
1130 1747 1490 1802 recerserimus
1525 1764 1555 1798 a
1594 1745 1761 1812 nobis,
1791 1745 1837 1798 si
1878 1745 2136 1814 afﬂi.reris

2233 547 2416 604 Laban
2449 559 2620 620 coepta
2652 550 3015 619 prosequitur,
3056 559 3109 604 et
3135 558 3428 604 occurrunt
3460 551 3563 620 pia!
3593 552 3719 620 Pius
3757 552 3842 604 in.

2237 642 2485 709 tentioni,
2507 643 3026 712 instarangclorum,
3058 658 3176 710 qum
3205 641 3343 696 bona
3365 644 3451 696 his
3470 645 3716 712 gerenda
3744 645 3841 697 de-

2236 733 2484 788 nuntient
2500 734 2660 787 verba
2684 733 2848 786 divini
2867 734 3064 802 eloquii
3095 732 3282 800 (Vens.
3299 733 3378 802 9..)
3399 732 3510 787 Hos
3523 749 3647 786 cum
3675 734 3842 788 vidis-

2233 832 2332 888 set,
2374 824 2425 876 id
2455 833 2539 878 est
2586 823 2961 889 interlexisset,
3015 823 3088 877 ait
3121 837 3139 874 :
3173 824 3362 877 Castra
3391 827 3488 877 Dei
3518 837 3646 877 sunt
3699 825 3839 880 lict.

2234 913 2421 968 Castra
2436 915 2651 984 proprie
2680 916 3024 970 militantium
3048 926 3198 971 sunt.
3217 914 3367 980 Hac,
3387 918 3581 986 inquit,
3597 916 3844 974 uilaliud

2237 1021 2398 1074 quam
2423 1009 2618 1058 “svio-.e
2649 1006 2853 1060 ιιιιιὶιίίε
2882 1005 3144 1060 exercitia
3187 1022 3249 1060 ac
3280 1007 3677 1062 coercitionem
3704 1023 3845 1076 pra-

2237 1101 2444 1152 dicant.
2483 1098 2675 1152 Castra
2730 1100 2874 1151 enim
2906 1115 2936 1150 a
2966 1099 3248 1152 coercendo
3296 1099 3572 1154 dicuntur.
3631 1102 3844 1156 Arcem

2238 1204 2369 1242 sane
2424 1206 2454 1242 a
2499 1204 2557 1243 se
2601 1189 2833 1256 hostem,
2857 1198 2912 1243 et
2932 1188 3349 1258 diSciplinaliter
3377 1205 3436 1244 se
3466 1191 3843 1261 restringunt.

2237 1279 2474 1348 Appellat
2509 1281 2844 1334 nomen-laci
2889 1280 3032 1334 illius
3085 1279 3337 1348 Manain,
3387 1281 3440 1333 id
3493 1293 3569 1335 est
3635 1293 3845 1350 castra,

2238 1375 2364 1443 quia
2397 1372 2675 1428 Christum
2708 1376 2790 1426 vel
2825 1374 2995 1443 ipsam
3029 1373 3394 1443 Scripturam,
3425 1375 3479 1428 in
3508 1388 3620 1443 qua
3673 1374 3848 1431 locari

2239 1467 2518 1532 debemus,
2547 1467 2938 1520 tnunimentum
2963 1464 3462 1536 cohibitionetnque
3503 1481 3674 1522 suam
3701 1468 3848 1522 aesti-

2238 1566 2372 1611 mat.

2311 1649 2480 1705 Vsus.
2499 1651 2552 1719 5,
2566 1651 2756 1706 4.-ιιι
2761 1653 2844 1706 isit
2856 1664 3026 1707 autem
3042 1653 3250 1708 nuntios
3263 1663 3381 1706 ante
3393 1671 3447 1707 se
3465 1655 3535 1708 ad
3560 1653 3726 1709 Esau
3740 1655 3850 1723 {ra-

2239 1751 2367 1794 trem
2379 1757 2531 1796 suum
2556 1743 2607 1795 in
2620 1752 2812 1796 terram
2837 1742 2958 1797 Seir
2972 1744 3190 1814 regionis
3216 1744 3404 1811 Edam,
3429 1747 3848 1816 pwcepilqtseeis

707 1808 950 1908 meris,’et
1009 1839 1272 1894 mt'rodua‘.
1291 1839 1361 1891 ris
1398 1852 1586 1889 uxores
1632 1835 1768 1887 alias
1813 1851 1970 1904 super
2013 1851 2131 1899 eas;
2168 1808 2210 1868 Β
2239 1831 2415 1886 dicens
2437 1849 2454 1884 .'
2473 1832 2625 1901 Apud
2643 1831 2824 1887 Laban
2845 1836 3330 1903 peregrinatussum
3355 1837 3587 1906 usquein
3608 1851 3850 1904 prmus-

546 1937 725 1992 nullus
755 1933 1010 1987 sermonis
1036 1943 1194 1982 nostra
1221 1929 1364 1982 testis
1386 1935 1458 1980 est
1488 1926 1678 1995 absque
1707 1923 1837 1987 Deo,
1871 1924 1962 1994 qui
1995 1941 2132 1994 prte-

547 2042 666 2082 sens
700 2021 1158 2094 respicitJtecedit
1184 2019 1366 2073 Laban
1397 2033 1426 2070 a
1452 2016 1778 2080 Jacon,cum
1806 2016 1980 2070 sancti
2018 2015 2137 2085 qui-

545 2118 702 2180 libet,
759 2126 813 2172 et
856 2116 898 2170 si
935 2111 1172 2182 exempla
1224 2109 1562 2180 reliquerint,
1597 2117 1784 2162 nostro
1827 2117 2006 2162 tamen
2039 2125 2138 2164 nos

546 2210 824 2280 relinquat
871 2206 1117 2260 arbitrio.
1155 2202 1462 2269 Al'lligitnus
1491 2199 1652 2270 filias,
1681 2211 1735 2254 et
1759 2200 2138 2270 superinduxi-

542 2318 664 2358 mus
695 2315 882 2355 uxores
930 2298 1088 2361 altus,
1125 2310 1249 2351 cum
1297 2295 1500 2348 dimoto
1527 2293 1812 2361 utriusque
1843 2293 1969 2346 vine
2007 2308 2138 2347 con-

542 2393 735 2456 sortio,
761 2389 970 2444 libidini
999 2401 1234 2457 propria;
1264 2385 1570 2440 voluntates
1591 2383 1947 2438 admovemus
1981 2384 2137 2438 adul-

544 2492 718 2546 teras,
747 2494 914 2549 super
943 2479 1142 2548 quibus
1196 2476 1363 2530 Deum
1414 2483 1842 2544 prospectorem,
1876 2484 1925 2528 et
1968 2475 2138 2529 inter-

543 2591 740 2632 norum
791 2581 985 2628 testem
1038 2569 1398 2623 discretorem
1439 2565 1557 2621 lore
1601 2575 1834 2634 constat,
1863 2581 1956 2636 qut
1987 2581 2138 2624 sonus

542 2667 786 2722 intuetur
813 2660 1199 2720 conscientias.

614 2757 783 2814 Vnus.
827 2757 918 2812 52.
955 2784 1024 2796 -
1058 2753 1120 2810 Si
1167 2762 1342 2807 autem
1390 2749 1512 2823 [al.,
1547 2750 1663 2824 aut]
1705 2767 1797 2822 ego
1839 2750 2139 2821 praeteriero

540 2866 759 2923 pergens
785 2849 854 2902 ad
887 2858 936 2902 te
984 2847 1132 2912 illuc,
1169 2854 1260 2898 aut
1303 2853 1359 2896 tu
1387 2842 1719 2913 prwterieris,
1771 2844 1968 2895 malum
2011 2843 2140 2896 nti/ti

537 2944 800 3013 cogitem,
841 2939 894 2995 id
928 2948 1012 2993 est
1057 2938 1101 2992 si
1156 2951 1254 3006 ego
1285 2939 1409 2990 dum
1440 2949 1526 2988 me
1561 2936 1627 2988 ad
1677 2943 1728 2988 te
1762 2944 2138 3004 perrecturum

538 3035 802 3105 proliteor
828 3073 844 3099 ,
885 3031 1012 3086 illud
1074 3029 1443 3084 testiinonium
1490 3025 1806 3097 praeteriero
1862 3042 2137 3097 peccans,

539 3137 638 3183 aut
687 3135 742 3182 tu
804 3123 1132 3196 praeterieris
1187 3120 1332 3192 quod
1384 3118 1502 3175 lieri
1569 3135 1676 3174 non
1752 3127 1972 3188 potest,
2042 3118 2138 3174 tibi

473 3247 483 3260 -
537 3217 641 3274 soli
689 3217 935 3288 cogitans
993 3224 1202 3283 tua-que
1251 3211 1434 3283 gloriae
1483 3209 1828 3282 congaudens
1858 3251 1874 3275 ,
1923 3219 1983 3264 ut
2033 3211 2136 3266 sci-

537 3311 665 3368 licet
703 3325 804 3381 pro
859 3324 945 3364 me
996 3305 1267 3360 laboranti
1321 3319 1480 3359 orare
1519 3303 1762 3367 desinas,
1812 3302 1957 3371 quod
2010 3317 2136 3372 pro-

534 3403 681 3461 fecto
713 3403 758 3458 si
791 3403 888 3456 llat
915 3399 1116 3455 malum
1154 3399 1285 3452 mihi
1309 3397 1432 3452 erit.
1455 3395 1644 3464 (Vens.
1680 3394 1796 3465 55.)
1837 3393 2130 3461 Discretor,

534 3506 592 3553 et
617 3495 785 3568 judex
813 3493 922 3549 erit
977 3493 1174 3547 horum
1219 3490 1358 3544 Deus
1412 3489 1700 3553 Abi-altam,
1737 3487 1788 3542 id
1821 3497 1924 3554 est,
1978 3488 2136 3543 intel-

538 3589 893 3648 lectualitatis
933 3595 1060 3644 mae.
1118 3601 1152 3640 o
1195 3583 1386 3649 Jacob,
1441 3593 1495 3638 et
1549 3584 1689 3638 idem
1759 3597 1947 3639 rursus
1995 3583 2134 3637 Deus

544 3679 789 3746 Nachor,
849 3678 900 3733 id
951 3687 1035 3733 est
1089 3677 1300 3747 requies
1353 3674 1591 3738 luminis,
1622 3674 1765 3744 quod
1815 3682 1898 3729 est
1926 3673 2132 3740 Laban,

537 3775 728 3831 aeterni
757 3771 966 3829 scilicet
988 3769 1260 3836 candoris,
1307 3768 1397 3838 qui
1427 3767 1569 3822 Deus
1605 3767 1774 3836 patris
1799 3775 1904 3833 est,
1954 3783 2132 3820 eorum

538 3865 706 3930 Deus,
755 3864 964 3919 scilicet
1013 3861 1220 3918 Christi
1282 3859 1582 3915 secundmn
1636 3871 1925 3926 personam
1967 3859 2129 3912 servi.

537 3956 662 4028 Ipse
686 3955 833 4011 enim
861 3954 935 4009 ita
955 3955 1111 4009 caelis
1155 3951 1490 4018 dominatur,
1519 3958 1578 4003 ut
1609 3956 1786 4002 terrae.
1817 3945 1976 4000 Jurat
2010 3947 2132 4019 [al.,

532 4048 734 4122 juravit
783 4043 929 4118 ergo]
973 4043 1140 4098 Jueob
1179 4057 1272 4113 per
1313 4041 1554 4095 timorem
1583 4038 1750 4108 patris
1781 4035 1960 4101 Isaac,
1990 4036 2134 4092 intra

533 4139 659 4210 jura
689 4137 885 4193 divinae
925 4135 1060 4205 legis
1103 4149 1162 4190 se
1201 4133 1463 4192 continet,
1496 4130 1698 4183 timens
1726 4141 1794 4182 ne
1824 4126 2133 4183 excedenda

536 4231 753 4302 paterni
781 4227 962 4302 gaudii
983 4239 1190 4283 aeterna
1229 4223 1439 4280 visione
1468 4236 1527 4277 se
1547 4220 1743 4291 privet.

609 4320 773 4377 Vsus.
802 4321 892 4376 54.
916 4348 983 4360 —-
1017 4317 1415 4386 Immolatisque
1463 4312 1715 4367 vitiorum
1737 4312 1980 4367 omnium
2003 4326 2132 4368 vere

537 4419 651 4473 Deo
672 4416 891 4487 placitis
942 4413 1192 4476 uicaimis,
1226 4413 1283 4464 in
1323 4419 1522 4473 monte,
1553 4406 1610 4462 id
1628 4417 1711 4462 est
1743 4406 1796 4461 in
1840 4406 2130 4461 eminentia

534 4507 779 4569 virtutis.
809 4506 1000 4576 fratres
1021 4503 1263 4572 ejusdem
1293 4500 1490 4554 mentis
1519 4497 1659 4553 lllios
1681 4506 1862 4552 motus
1883 4511 2132 4568 quosque

537 4601 839 4657 rationales
892 4605 1050 4654 vocat
1081 4594 1273 4658 Jacob,
1300 4591 1352 4646 id
1383 4600 1467 4646 est
1509 4589 1837 4656 intellectus,
1863 4599 1924 4643 ut
1945 4603 2132 4644 come-

537 4694 691 4762 dant,
719 4693 834 4763 jam
865 4705 970 4747 mat
991 4698 1106 4743 tato
1131 4684 1280 4740 omni
1309 4681 1888 4752 crimine,angelorum
1912 4695 2127 4750 panem,

537 4783 632 4852 qui
653 4793 736 4839 est
759 4782 1033 4838 Christus.
1064 4775 1368 4834 Comedunt
1393 4784 1452 4828 et
1480 4782 1698 4828 inanent
1731 4771 1822 4838 ibi,
1856 4772 2132 4827 Christum

537 4891 774 4945 namque
824 4886 1020 4945 panem
1070 4875 1374 4938 gustantes,
1420 4872 1834 4935 perseveranter
1883 4862 2130 4933 incorpo-

537 4977 733 5024 rantur
763 4964 861 5021 illi.
897 4962 1086 5034 (\‘tztts.
1119 4958 1235 5031 55.)
1267 4957 1450 5012 Laban
1470 4973 1590 5011 vero
1617 4955 1682 5010 de
1716 4965 1861 5008 nocte
1911 4971 2130 5010 consur-

535 5077 682 5133 gens,
715 5060 768 5114 id
796 5068 881 5112 est
914 5057 980 5110 de.
1027 5053 1236 5125 peccati
1273 5051 1468 5107 inertia
1495 5065 1685 5106 verum
1707 5047 1876 5105 Jacob
1898 5064 2129 5119 surgere

534 5152 766 5216 faciens,
813 5145 1078 5202 osculatus
1107 5153 1181 5199 est
1219 5143 1358 5212 ﬁlios
1412 5157 1535 5198 suos
1584 5151 1630 5196 et
1699 5140 1862 5211 ﬁlias,
1919 5139 2127 5196 cmlesti

536 5213 762 5303 scilicet
778 5253 917 5309 pane
947 5255 1009 5294 ac
1035 5237 1321 5292 dulcedine
1357 5233 1544 5302 fortes,
1570 5243 1624 5289 et
1655 5233 1899 5289 inﬁrmos
1953 5239 2128 5287 status

537 5334 732 5400 animi,
770 5348 904 5404 quos
935 5333 1000 5386 ad
1027 5348 1174 5399 spem
1203 5346 1489 5400 supernam
1524 5337 1804 5399 genuerat,
1830 5327 2120 5412 animavit;

535 5437 584 5483 et
623 5423 884 5478 benedixit
915 5422 1012 5488 eis,
1047 5422 1098 5474 id
1130 5429 1213 5475 est
1239 5419 1486 5491 exemplo
1534 5420 1706 5486 auxit,
1739 5425 2038 5483 revertens,
2072 5416 2124 5470 id

535 5527 621 5574 est
651 5512 850 5570 reverti
880 5511 1086 5566 faciens
1115 5511 1291 5580 ipsum
1338 5513 1394 5565 in
1437 5510 1611 5565 locum
1637 5525 1815 5576 suum,
1845 5507 2121 5564 Christum

531 5605 810 5673 videlicet,
851 5605 940 5672 qui
973 5618 1095 5658 cum
1126 5601 1196 5658 sit
1226 5602 1496 5669 omnium,
1525 5599 1778 5672 specialis
1828 5610 2010 5656 tamen
2038 5598 2121 5656 lo-

462 5725 478 5749 ι
534 5715 629 5756 cus
657 5707 742 5755 est
772 5712 831 5753 se
861 5693 1220 5769 diligentium.

1079 5784 1312 5841 CAPUT
1351 5782 1564 5841 XXXII.

599 5885 759 5944 Vsus.
792 5885 926 5942 l.--
951 5877 1119 5938 Iacob
1139 5890 1342 5946 quoaue
1359 5877 1489 5933 abiit
1514 5877 1697 5935 itinere
1713 5878 1813 5951 quo
1842 5892 2065 5951 mperat
2091 5901 2110 5942 :

2237 1933 2337 1978 tem
2365 1927 2520 1979 diem.
2553 1925 2736 1980 Nuntii
2765 1929 2856 1996 qui
2887 1937 3132 1997 praeeunt
3154 1928 3321 1984 Jacob
3349 1931 3416 1982 ad
3455 1929 3626 1996 Esau,
3669 1940 3852 1986 ιιιοιιη

2239 2027 2364 2072 sunt
2392 2020 2846 2088 compunctionis,
2872 2030 2927 2074 et
2953 2020 3217 2076 desideria
3251 2022 3502 2091 pietatis,
3535 2039 3672 2093 quae
3710 2039 3852 2094 saepe

2241 2117 2457 2161 constat
2509 2109 2722 2163 mittere
2768 2108 3123 2178 intellectum,
3175 2112 3241 2165 ad
3274 2110 3679 2166 emolliendum
3728 2128 3850 2168 eum

2239 2200 2329 2270 qui
2361 2201 2490 2254 olim
2522 2202 2623 2256 sibi
2655 2201 2898 2274 improbe
2925 2203 3310 2260 dominabatur
3331 2204 3613 2260 allectum.
3652 2205 3852 2262 Frater

2238 2291 2600 2361 dicitur,quia
2625 2309 2693 2347 ex
2717 2298 2902 2350 eadem
2933 2305 3113 2350 mente
3131 2311 3233 2365 qua
3261 2305 3313 2350 et
3340 2297 3480 2351 ratio
3497 2297 3784 2369 gignitur.
3805 2297 3850 2356 Is

2238 2384 2379 2440 Esau
2404 2386 2456 2440 in
2491 2399 2630 2441 terra
2657 2387 3120 2456 Seircounnanet,
3149 2391 3293 2460 quod
3331 2391 3529 2460 pilosus
3565 2393 3848 2463 interpre—

2239 2487 2408 2546 tatur,
2437 2479 2561 2548 quia
2611 2477 2824 2535 all‘ectio
2854 2481 2907 2535 in
2945 2484 3176 2537 terrenis
3199 2482 3386 2552 jacere
3438 2486 3726 2554 gaudens,
3763 2503 3850 2542 su-

2237 2571 2545 2641 perﬂuitate
2603 2573 2795 2626 crebra
2851 2575 3179 2644 contegitur.
3211 2573 3344 2628 Nam
3408 2575 3649 2630 vanitati
3709 2591 3849 2646 Saepe

2239 2665 2475 2719 libenter
2503 2664 2802 2730 addicitur;
2833 2675 2889 2719 et
2921 2664 2977 2718 in
3003 2665 3224 2735 regione
3260 2665 3452 2732 Edom,
3485 2665 3540 2719 id
3587 2675 3685 2720 est
3723 2682 3851 2736 pec-

2240 2757 2368 2821 cati,
2401 2757 2544 2826 quod
2573 2766 2656 2812 est
2687 2758 2833 2812 circa
2861 2767 3172 2827 peccatum,
3199 2766 3308 2811 tota
3363 2757 3636 2812 aviditate
3657 2773 3854 2815 versa-

2242 2855 2349 2900 tur.
2377 2847 2545 2902 Edom
2572 2848 2717 2902 enim
2740 2850 2956 2917 sanguis
2984 2848 3204 2917 dicitur,
3227 2858 3283 2904 et
3303 2849 3526 2920 sanguis
3551 2861 3852 2920 peccatum

2240 2938 2435 3008 signat.
2455 2938 2609 3010 Apud
2645 2937 2846 3002 Laban,
2872 2939 3287 3010 iuquit,cmlesti
3315 2942 3538 2996 candori
3581 2943 3852 3000 inhiando

2241 3040 2488 3085 versatus
2513 3047 2653 3096 sum,
2685 3046 2859 3100 usque
2885 3031 2937 3085 in
2971 3031 3119 3086 illum
3150 3048 3236 3088 me
3259 3033 3586 3099 extendens,
3615 3035 3720 3106 qui
3752 3049 3854 3092 nec

2165 3165 2210 3228 Ο
2243 3122 2505 3191 praeterit,
2561 3137 2663 3176 nec
2718 3121 2950 3187 futurus,
2980 3124 3073 3188 sed
3098 3139 3314 3194 semper
3353 3127 3689 3182 aeternitatis
3713 3143 3847 3183 cou-

2243 3215 2442 3270 stantia
2470 3231 2706 3286 praesens
2730 3227 2832 3271 est.
2859 3216 2978 3286 Ipse
3006 3217 3152 3272 enim
3178 3219 3254 3272 ait
3282 3232 3296 3271 :
3323 3215 3438 3292 Ego
3460 3236 3577 3272 sum
3607 3220 3709 3290 qui
3728 3236 3854 3274 suist

2243 3306 2440 3376 (Exod.
2471 3325 2554 3374 ιιι,
2585 3309 2694 3378 id);
2727 3319 2782 3364 et
2815 3329 2828 3365 :
2857 3311 2961 3378 Qui
2981 3322 3056 3366 est
3086 3311 3224 3364 misit
3244 3328 3325 3365 nte
3353 3311 3521 3381 (ibid.,
3549 3311 3662 3380 l5).

2313 3398 2475 3455 Vens.
2509 3400 2562 3456 5.
2589 3431 2659 3440 -
2683 3400 2867 3456 Habeo
2900 3404 3070 3469 boves,
3101 3402 3434 3457 maturitatis
3455 3412 3508 3457 ct
3527 3401 3860 3471 prudentia:

2241 3487 2292 3540 in
2321 3489 2660 3544 discussione
2685 3493 3048 3558 [errr-uitatis;
3092 3494 3269 3547 asinos
3316 3492 3755 3563 irrepugnantize
3793 3511 3857 3552 ac

2240 3579 2626 3649 simplicitatis;
2646 3601 2758 3635 ores
2790 3584 3060 3639 munifica:
3091 3583 3374 3648 utilitatis;
3396 3600 3595 3648 servos,
3621 3594 3853 3654 proter-

2239 3672 2355 3726 vias
2393 3674 2595 3734 animi;
2636 3674 2856 3730 ancillas
2906 3675 3134 3731 lasciva-5
3157 3685 3210 3730 et
3241 3673 3580 3728 titillationes
3629 3676 3850 3731 carnis.

2236 3765 2331 3820 illa
2360 3774 2417 3819 ut
2446 3769 2686 3834 prtesint,
2718 3769 2831 3823 haec
2859 3776 2913 3822 ut
2948 3769 3159 3823 subsint
3187 3768 3381 3822 habeo.
3410 3765 3684 3837 Mittoque
3714 3783 3852 3824 nunc

2246 3858 2582 3928 legationem,
2607 3859 2748 3913 haud
2775 3861 2994 3915 dubium
3019 3862 3147 3930 quin
3171 3859 3335 3914 animi
3364 3859 3754 3930 devotionem,
3785 3860 3850 3915 ad

2238 3945 2547 4016 Dominum,
2583 3959 2635 4005 te
2665 3951 2868 4007 εοιΙίοθι
2903 3953 2993 4022 qui
3026 3952 3289 4008 hactenus
3328 3967 3492 4021 super
3535 3966 3632 4007 me
3672 3952 3851 4024 impe-

2239 4039 2378 4092 rium
2422 4043 2721 4111 usurpasti,
2763 4053 2818 4096 ut
2858 4046 3120 4097 inveniant
3169 4045 3395 4112 gratiam
3455 4045 3513 4098 in
3550 4055 3852 4117 conspectu

2236 4134 2346 4192 tuo,
2380 4126 2432 4180 id
2459 4138 2626 4184 estut
2663 4131 2754 4184 Dci
2804 4133 3035 4202 gratiam
3081 4150 3187 4189 non
3220 4133 3493 4188 luxuriant
3524 4143 3626 4190 aut
3661 4138 3852 4193 avari-

2240 4219 2364 4273 tiam
2389 4221 2612 4288 patiaris
2632 4223 2861 4278 inveniri
2884 4224 2938 4279 in
2967 4226 3264 4280 intentione
3292 4236 3399 4281 tua.

2309 4311 2471 4367 Vens.
2516 4314 2570 4367 ti.
2602 4345 2670 4353 —
2701 4313 2913 4371 Reversi
2951 4318 3120 4370 nuntii
3175 4318 3244 4370 ad
3296 4317 3485 4371 Iacob.
3523 4316 3734 4371 Nuntis'
3781 4319 3851 4374 ad

2235 4403 2401 4457 Jarob
2454 4416 2815 4470 revertuntur,
2870 4423 2990 4462 cum
3039 4407 3427 4464 iutellectualia
3479 4407 3772 4464 desideria
3819 4423 3850 4463 ι

2158 4533 2209 4592 D
2237 4496 2439 4548 carnali
2474 4496 2667 4550 all‘cctu
2692 4497 3124 4554 diverberantur.
3145 4499 3514 4564 Accessimus,
3539 4498 3729 4565 aiunt,
3749 4513 3852 4571 per

2235 4590 2336 4660 pia-
2381 4589 2708 4646 oblationem
2759 4590 3056 4646 voluntatis
3081 4591 3148 4646 ad
3176 4591 3450 4659 elfectum,
3483 4601 3533 4644 et
3565 4608 3693 4646 ecce
3721 4608 3848 4646 cum

2233 4682 2630 4752 quadringentis
2675 4682 2800 4736 viris
2847 4684 2904 4736 in
2957 4699 3231 4738 occursum
3262 4682 3355 4735 tibi
3399 4693 3676 4751 properat,
3713 4698 3849 4738 cum

2234 4775 2588 4828 universitate
2617 4773 2868 4827 videlicet
2902 4774 3218 4843 temporalis
3258 4773 3546 4843 superbiae,
3577 4773 3846 4829 adversi-

2236 4870 2406 4916 tatum
2437 4862 2530 4914 tibi
2567 4861 2840 4916 molestias
2867 4864 3122 4918 concitat.
3151 4862 3256 4917 Per
3284 4863 3452 4929 viros,
3480 4864 3630 4918 sicut
3651 4873 3715 4918 et
3747 4880 3851 4935 per

2233 4952 2523 5020 masculos,
2557 4953 2719 5007 stulta
2753 4955 3001 5023 audacia,
3029 4971 3128 5026 per
3157 4955 3532 5011 centenarium
3559 4957 3850 5014 universi—

2233 5051 2337 5110 tas,
2371 5046 2724 5112 quaternario
2747 5046 3012 5116 accipitur
3039 5049 3427 5116 temporalitas.

2305 5136 2526 5200 V-‘Ensﬂ,
2544 5137 2883 5193 8.—Time‘ns
2905 5139 3071 5194 Iacob
3083 5140 3255 5208 valde,
3271 5141 3444 5197 divisit
3466 5143 3734 5211 populatus
3747 5147 3848 5217 qui

2228 5243 2402 5284 secum
2432 5230 2588 5300 127
2611 5240 2741 5295 erat,
2770 5248 2947 5303 greges
2970 5250 3174 5304 quoque
3201 5247 3247 5288 et
3273 5252 3410 5302 oves,
3433 5245 3480 5290 et
3502 5238 3770 5303 camelos,
3794 5248 3848 5294 et

2229 5323 2376 5378 bores
2399 5324 2452 5378 in
2479 5325 2612 5379 duas
2639 5328 2999 5383 turmas.Cum
3024 5331 3207 5385 carnis
3239 5331 3526 5387 imminere
3555 5348 3632 5386 se-
3661 5334 3847 5391 timus

2230 5416 2488 5487 impetum
2512 5428 2920 5488 sequestramus
2943 5419 3012 5474 ab
3040 5421 3444 5489 ovium,honm,
3461 5425 3842 5492 camelorum,

2227 5510 2282 5564 id
2307 5519 2392 5565 est
2424 5510 2523 5578 pia:
2548 5509 2833 5580 largitatis,
2867 5519 3071 5566 sancta:
3100 5513 3404 5582 gravitatis,
3439 5529 3502 5569 ac
3539 5515 3843 5570 humilita—

2227 5604 2316 5668 tis,
2361 5619 2583 5675 gregum
2613 5619 2847 5676 quoque,
2895 5605 3241 5676 cogitationis
3276 5607 3484 5663 scilicet
3526 5609 3848 5678 gregatim,

2223 5705 2280 5753 et
2317 5696 2743 5767 disciplinariter
2791 5699 2999 5767 agentis
3033 5715 3159 5753 vera
3207 5715 3272 5753 ac
3317 5699 3433 5754 utili
3474 5699 3839 5766 substantia;

2221 5789 2478 5862 populum
2503 5788 3060 5861 carnalitatisvulgari
3084 5790 3308 5846 lascivia
3335 5792 3748 5860 instrepentetn
3781 5791 3844 5846 in

2224 5890 2462 5938 turmam
2486 5887 2542 5937 et
2563 5889 2818 5949 turmam,
2841 5887 2902 5935 ut
2922 5894 3052 5938 caro
3083 5882 3436 5955 concupiscat
3456 5881 3514 5940 iu
3538 5882 3840 5956 spiritum,

3939 2535 3948 2592 ἓ

3943 3145 3950 3178 l

3943 3185 3953 3778 l
