3982 6360
186 301 300 362 241

1337 294 1702 388 ΜΟΒΑΗΕΜ
1738 299 1805 356 IN
1838 298 2135 355 GENESIN
2167 297 2295 355 LIB.
2329 296 2464 354 VIII.

3357 283 3480 343 24?.-

187 424 244 470 et
289 413 514 484 spiritus
562 413 616 468 in
665 428 883 469 carnem
919 410 1062 482 (Gal.
1095 428 1148 476 ν,
1189 412 1300 484 17).
1349 413 1409 467 St
1449 411 1776 482 percusserit,
1809 417 1856 474 Α
1884 419 2094 474 menta,
2130 425 2296 462 unum
2343 407 2549 462 scilicet
2593 402 2908 468 denarium,
2958 408 3010 453 et
3055 413 3154 471 per
3196 397 3465 454 internam

188 505 394 573 inquit,
428 503 575 559 Esau
605 522 784 566 unum.
817 506 868 560 id
898 515 980 562 est
1009 507 1053 560 si
1083 505 1404 560 seditionem
1433 502 1657 558 affectus
1683 519 1780 557 ex-

188 594 331 648 citat
376 595 429 648 in
469 595 879 666 corporalibus,
923 611 987 649 ea
1031 611 1150 665 qntr
1193 594 1458 649 remotius-
1502 596 1569 649 ab
1610 595 1690 647 eis
1723 608 1780 648 se

186 689 394 756 egerit,
426 703 554 757 pars
581 688 883 744 salvabitur
912 689 966 743 in
996 687 1392 757 spiritualibus.
1419 687 1524 743 Sed
1557 689 1607 740 in
1636 695 1784 742 tanto

185 779 497 834 certamine
517 779 582 833 ad
606 780 776 834 Deum
797 793 1019 834 necesse
1039 790 1140 844 est,
1155 781 1317 834 homo
1339 780 1642 850 interiorse
1666 795 1786 834 ver-

185 877 296 925 tat.
322 870 603 941 (Vens.9.)
643 871 801 936 Deus,
825 873 920 938 ait,
945 872 1109 938 patris
1139 873 1239 926 mei
1262 872 1550 932 Abraham.
1574 884 1621 926 et
1645 871 1784 926 Deus

183 956 376 1025 Isaac,
404 960 457 1014 id
482 969 568 1015 est
594 961 757 1027 Deus,
779 961 869 1030 qui
900 976 997 1031 per
1025 965 1286 1018 rationem
1314 963 1490 1018 lumen
1519 972 1571 1016 et
1595 962 1785 1017 aeterni

186 1050 378 1118 gaudii
400 1065 551 1120 spem
574 1052 705 1106 mihi
727 1054 1111 1122 patrocinaris.
1137 1055 1378 1120 Domine,
1404 1055 1494 1125 qui
1518 1055 1786 1109 indixeris

189 1143 350 1208 mihi,
380 1150 443 1196 ut
471 1150 778 1198 reverterer
807 1145 862 1197 in
889 1157 1103 1211 terram,
1137 1145 1188 1199 id
1217 1153 1299 1200 est
1331 1144 1784 1200 incultibilitatom

186 1237 400 1292 mentis
432 1236 736 1308 frugiferze;
771 1250 826 1294 et
864 1253 960 1309 per
1005 1240 1142 1294 hanc
1182 1240 1234 1294 in
1282 1239 1459 1294 locum
1499 1238 1785 1293 nativitatis

186 1343 378 1393 mete,
425 1337 627 1384 statum
677 1332 885 1386 scilicet
939 1333 1392 1388 immutabilitatis
1445 1333 1788 1403 originaliter

185 1419 330 1474 mihi
379 1421 592 1484 debitae,
635 1431 692 1475 ut
733 1423 812 1476 sic
843 1424 1040 1478 bonum
1070 1424 1201 1478 mihi
1239 1425 1332 1478 ﬁat
1371 1423 1496 1478 vitte
1537 1432 1780 1477 ueterum.

191 1506 388 1578 (Vatis.
423 1511 534 1579 10.)
583 1510 760 1565 Minor
796 1529 934 1578 sum,
969 1512 1207 1576 Domine,
1250 1514 1451 1566 cunctis
1476 1513 1786 1580 misericor-

193 1600 368 1665 diter,
409 1611 464 1656 et
498 1601 700 1669 absque
727 1607 922 1660 merito
957 1605 1088 1658 mihi
1115 1621 1142 1657 a
1177 1615 1228 1659 te
1257 1605 1497 1671 collatis;
1539 1620 1664 1658 nam
1689 1621 1786 1660 ex-

183 1691 338 1749 cellit
381 1698 556 1764 gratia
596 1696 864 1762 ofﬁcium,
897 1708 949 1752 et
981 1699 1209 1752 veritate
1238 1699 1411 1752 minor
1440 1714 1588 1764 sum,
1621 1714 1784 1768 quam

178 1786 457 1856 promissa
499 1789 858 1856 compleveris
887 1797 941 1844 et
977 1788 1290 1859 complebis.
1345 1787 1412 1843 In
1454 1789 1639 1844 baculo
1669 1807 1784 1844 meo

181 1879 408 1933 transivi
434 1875 725 1933 Iordanem
748 1880 943 1944 istum,
981 1881 1370 1950 temporalibus
1413 1881 1499 1936 his
1533 1880 1785 1936 videlicet

181 1969 352 2024 bonis
380 1978 634 2039 tanquam
655 1971 831 2026 baculi
855 1971 1050 2025 solatio
1070 1970 1306 2026 innitens
1329 1971 1588 2036 transivi,
1613 1971 1786 2026 donec

185 2059 648 2129 concupiscentiis
682 2059 800 2128 eius
832 2060 992 2130 plene
1021 2075 1289 2126 exnerer;
1328 2060 1621 2115 Iordanem
1646 2076 1787 2131 [)sz-

185 2151 368 2206 sentis
396 2151 600 2218 saeculi,
631 2152 723 2220 qui
750 2153 1044 2208 descensus
1075 2168 1264 2208 eorum
1298 2153 1516 2215 dicitur,
1547 2154 1639 2222 qui
1674 2153 1787 2206 val-

185 2239 300 2297 lem
321 2241 682 2313 Iacrymarum
713 2252 1037 2309 excurrunt,
1053 2254 1102 2298 et
1132 2261 1272 2298 nunc
1293 2261 1411 2298 cum
1439 2244 1644 2299 duabus
1674 2254 1788 2298 tur-

186 2331 297 2384 mis
329 2331 615 2400 regredior,
657 2332 711 2386 id
761 2342 847 2388 est
897 2349 1021 2388 cum
1069 2335 1195 2388 forti
1245 2335 1512 2389 divisione
1561 2336 1788 2404 spiritus

187 2419 455 2475 adversus
487 2437 738 2486 carnem,
780 2423 848 2476 ad
880 2439 1038 2491 eum,
1066 2425 1156 2494 qui
1188 2426 1430 2494 potentia
1463 2424 1528 2497 [Ῑ.
1553 2465 1569 2492 ,
1595 2435 1788 2495 poten-

186 2508 352 2582 tiam]
374 2511 592 2567 deitatis
614 2527 832 2584 semper
851 2531 995 2572 nunc
1025 2516 1208 2580 habet,
1236 2532 1342 2570 non
1361 2516 1471 2585 jam
1500 2519 1788 2574 mundanae

188 2595 450 2671 cuiquam
481 2605 557 2658 rei
587 2605 830 2670 acclinis,
861 2608 1016 2677 quasi
1043 2608 1160 2662 sine
1182 2609 1381 2664 baculo
1417 2618 1683 2664 revertor.

264 2691 428 2750 Vens.
465 2697 551 2750 Η.
573 2725 646 2736 -
673 2697 750 2751 Tu
770 2738 784 2762 ,
821 2699 1042 2768 inquam
1070 2741 1084 2765 ,
1130 2700 1353 2756 Domine
1381 2743 1396 2766 ,
1449 2718 1570 2756 erue
1610 2719 1694 2757 me
1722 2704 1787 2760 de

188 2801 356 2838 manu
395 2786 575 2854 fratris
602 2789 741 2855 mei,
775 2787 983 2844 scilicet
1021 2790 1087 2844 de
1117 2799 1385 2860 potestate
1419 2791 1644 2848 aﬂ‘ectus
1673 2809 1786 2848 car-

188 2876 365 2941 nalis,
396 2878 518 2941 quia
551 2877 700 2932 ralde
728 2881 882 2934 timeo
917 2898 980 2935 ne
1011 2883 1217 2937 veniens
1250 2886 1317 2937 ad
1357 2886 1654 2954 penetralia
1697 2902 1785 2941 ra-

190 2971 358 3025 tionis
382 2967 402 3034 ,A
427 2973 684 3039 percutiat
717 2984 935 3026 matrem
964 3015 978 3037 ,
1011 2975 1336 3030 charilatcm
1375 2994 1492 3031 cum
1521 2978 1681 3046 ﬁliis,
1733 2980 1786 3034 id

188 3077 276 3122 est
302 3067 582 3123 effectibus
615 3070 748 3124 suis.
776 3069 963 3138 (Vrsas.
990 3072 1102 3130 η.)
1121 3072 1197 3124 Tu
1226 3072 1431 3126 locutus
1454 3090 1506 3127 es
1535 3075 1674 3144 quod
1697 3075 1782 3128 di-

189 3156 388 3212 latares
416 3175 590 3213 aeruca
627 3176 818 3223 meum,
854 3165 994 3230 piam
1025 3163 1277 3217 videlicet
1307 3165 1689 3231 intentionem,
1713 3181 1781 3220 ex
1807 3130 1855 3193 ς

192 3262 300 3316 qua
329 3249 456 3303 boni
487 3266 586 3320 pro
609 3251 756 3304 leunt
781 3250 1008 3307 fructus.
1043 3252 1187 3307 Sicut
1218 3272 1433 3309 arenam
1461 3257 1643 3320 maris,
1665 3273 1783 3325 quae

193 3353 305 3406 pro:
331 3339 669 3392 multitudine
697 3344 966 3395 numerari
994 3360 1096 3396 non
1125 3354 1314 3408 potest,
1349 3347 1400 3398 id
1428 3355 1512 3400 est
1546 3348 1690 3400 sicut
1717 3361 1785 3401 ex

197 3443 366 3482 arena
394 3429 472 3484 sal
501 3431 806 3496 coniicitur,
837 3444 891 3486 et
917 3434 1053 3488 cibis
1077 3434 1191 3488 sale
1214 3437 1487 3500 ronditur,
1511 3437 1579 3488 ita
1608 3437 1788 3506 inten-

197 3517 275 3572 tio
301 3527 355 3572 et
384 3519 528 3573 aetio
551 3535 667 3573 mea
691 3521 956 3590 sapientia
983 3523 1162 3577 divina
1193 3524 1528 3579 condiretur.
1558 3525 1672 3580 Inte
1696 3527 1788 3580 .tio

196 3625 320 3665 mea
362 3611 628 3680 siquidem
662 3614 1188 3683 sapientiﬁcaretur,
1245 3625 1298 3672 et
1338 3632 1404 3671 ex
1437 3620 1552 3686 ipso
1595 3633 1790 3687 sapore

197 3703 346 3757 actio
371 3707 703 3759 condirctur.
731 3706 910 3760 Arena
945 3716 1122 3761 autem
1155 3723 1279 3762 eam
1309 3709 1463 3764 valde
1483 3709 1663 3778 gravis
1694 3709 1786 3775 sit,

197 3792 362 3848 etiam
393 3795 716 3850 humilitatis
748 3798 1114 3853 maturitatem
1149 3799 1450 3870 signiﬁcat;
1481 3815 1546 3854 ex
1576 3801 1678 3854 hac
1709 3799 1788 3854 sal

201 3883 284 3946 ﬁt,
312 3887 436 3954 quia
474 3885 611 3940 Deus
645 3889 880 3955 parvulis
914 3888 1244 3944 intellectum
1273 3890 1367 3945 dat
1397 3890 1568 3960 (Paul.
1595 3905 1788 3956 cxvnt,

200 3975 349 4045 150).
379 3977 510 4042 Quae
534 3993 700 4033 arena
733 3995 835 4034 non
857 3989 1198 4048 numeratur,
1222 3983 1347 4051 quia
1373 3980 1584 4037 fructus
1613 3984 1790 4038 humi-

199 4067 371 4123 litatis
403 4083 468 4124 ac
496 4069 862 4140 Intelligcntia:
887 4089 916 4125 a
947 4073 1094 4126 nullo
1127 4074 1625 4143 coinpreheiditur.

275 4157 438 4215 Vsus.
471 4161 558 4214 15.
588 4191 658 4202 --
703 4159 936 4233 Cumque
971 4166 1247 4218 dormisset
1278 4164 1352 4217 ibi
1382 4175 1530 4218 nocte
1559 4167 1672 4219 it'a.
1711 4181 1790 4218 se-

201 4252 404 4321 paravit
435 4251 500 4304 de
524 4253 604 4305 bis
633 4268 751 4322 qua?
783 4253 1004 4308 habebat
1034 4271 1249 4308 munera
1285 4252 1433 4307 Esau
1472 4255 1628 4323 fratri
1671 4272 1784 4307 suo.

204 4342 374 4398 Nocte
397 4345 614 4410 dormit,
641 4360 761 4400 eum
793 4348 1018 4414 spiritus
1044 4347 1396 4400 interitu-ibus
1426 4349 1711 4400 in'enr’cns
1741 4349 1790 4400 in

205 4431 320 4502 ipso
345 4436 585 4489 tentatiO'
614 4438 656 4487 is
687 4435 910 4490 horrore
937 4452 964 4490 a
994 4437 1283 4490 visibilium
1308 4437 1601 4506 cupiunt:
1622 4439 1795 4504 quies-

204 4523 301 4578 cit.
331 4525 559 4594 Separat
587 4530 649 4580 de
673 4529 752 4580 bis
780 4545 897 4596 qnw
921 4528 1070 4581 habet
1105 4545 1322 4582 tuunera
1349 4527 1524 4583 Esau.
1567 4548 1688 4582 cum
1731 4532 1796 4584 de

204 4613 424 4670 virtutis
453 4619 726 4686 opulentia
779 4619 918 4688 apud
957 4634 1014 4673 se
1057 4619 1300 4689 colligit,
1347 4621 1492 4673 unde
1542 4620 1794 4674 affet-tum

204 4704 446 4762 hiantem
485 4709 884 4764 rationabiliter
920 4713 1206 4766 obstruere
1243 4714 1434 4781 possit.
1475 4710 1562 4764 Ibi
1611 4721 1794 4766 autem

203 4796 257 4852 in
287 4799 477 4855 eadem
504 4801 801 4858 intentione
825 4801 926 4856 sub
951 4811 1077 4876 typo
1098 4802 1322 4858 seminis
1343 4801 1508 4868 dicta,
1531 4801 1795 4858 dormisse

206 4893 400 4964 signat.
434 4891 623 4964 (Vens.
655 4893 974 4966 ll.)Capr:e
1006 4896 1254 4949 ducenta:
1276 4893 1666 4966 perfectionem
1699 4908 1793 4964 ge-

207 4985 366 5041 minae
393 4988 871 5058 contemplationis
900 4987 1242 5057 signiﬁcant,
1274 4987 1469 5041 divinae
1503 4986 1713 5041 scilicet
1740 4995 1794 5042 et

209 5076 428 5133 moralis
453 5119 467 5143 ,
506 5093 627 5148 quae
670 5080 941 5148 prtecipue
977 5079 1179 5133 dicitur
1209 5078 1386 5132 virtus
1425 5079 1792 5132 discretionis.

207 5166 394 5238 Capra:
413 5169 560 5224 enim
585 5171 752 5224 ardua
779 5178 987 5240 petunt.
1021 5168 1211 5223 Hircoa
1243 5169 1444 5239 viginti.
1475 5169 1794 5223 Vicetini-dis

209 5272 270 5311 ex
291 5258 506 5314 duobus
537 5260 777 5314 denariis
803 5271 1050 5327 constat;
1080 5260 1338 5316 denarius
1362 5273 1491 5314 vero
1520 5274 1588 5313 ex
1618 5271 1796 5328 Septe-

210 5351 363 5406 nario
392 5359 447 5406 et
478 5343 740 5407 ternario.
769 5352 874 5408 Per
903 5352 1198 5408 ternarium
1230 5352 1382 5418 ﬁdes,
1419 5366 1517 5420 per
1546 5359 1796 5418 septena-

211 5445 346 5499 rium
379 5444 618 5514 Spiritus
642 5445 789 5500 datio
823 5447 1118 5516 accipitur;
1145 5445 1343 5515 quibus
1367 5445 1575 5498 duobus
1606 5442 1795 5512 plenus

209 5539 550 5594 Christianus
576 5539 828 5595 efﬁcitur.
853 5539 1052 5612 (ἔαρι-αδ
1075 5556 1204 5611 ergo
1226 5543 1437 5605 damus,
1463 5553 1584 5594 cum
1613 5541 1795 5594 carnis

212 5635 480 5690 desiderio
515 5641 624 5690 vim
663 5637 904 5706 providae
951 5637 1430 5708 contemplationis
1480 5633 1791 5703 objicimus.

192 5791 194 5798 Ι
222 5725 613 5802 Vigirttibit'cos
636 5734 827 5786 damus
857 5748 977 5787 cum
1005 5731 1230 5787 fetorem
1261 5733 1598 5787 carnalitatis
1624 5740 1677 5786 et
1700 5745 1796 5800 per

213 5821 502 5878 invisibilia
544 5841 666 5896 quae
708 5828 1043 5898 suscepimus
1082 5827 1202 5882 ﬁdei
1247 5843 1312 5883 ac
1346 5829 1570 5900 spiritus
1600 5841 1790 5883 sacra-

1881 500 2192 556 eorumdem
2251 507 2720 553 sacramentorum
2777 492 2986 550 efﬁcient
3019 493 3165 557 iam,
3216 489 3468 546 videlicet
3527 493 3534 521 ‘-

1882 593 2148 658 alterum,
2189 591 2342 660 quasi
2391 605 2486 659 per
2535 587 2868 643 vicenarium
2907 598 3294 656 temperamus.
3335 581 3468 636 Ores
3518 625 3526 662 ξ

1883 682 2157 738 ducentas.
2176 678 2320 736 Oves
2344 678 2746 748 sin‘tplicitatem
2777 676 2833 731 in
2859 689 2936 734 se.
2966 685 3020 729 et.
3040 675 3109 730 ob
3129 672 3345 728 velleris
3369 671 3470 725 im-

1885 775 2235 846 pensionem,
2274 769 2529 827 beneﬁcii
2566 771 2621 824 in
2653 769 2791 824 alios
2826 767 3199 824 extensionem
3229 764 3465 836 signant.
3505 749 3526 850 ξ

1886 867 2143 922 Ducentur
2175 864 2361 934 itaque
2389 877 2520 918 oves
2541 861 2759 927 dantur,
2791 876 2913 914 cum
2941 876 3049 915 non
3081 858 3256 914 solum
3291 857 3470 920 nobis,

1887 955 1980 1012 sed
2014 955 2176 1010 etiam
2214 952 2479 1024 proximis
2508 950 2771 1022 perfectio
2798 950 3018 1019 pietatis
3046 949 3300 1016 infertur,
3329 947 3472 1002 unde

1887 1049 2128 1121 pravitas
2175 1047 2358 1104 cordis
2407 1043 2729 1101 obstruitur.
2791 1043 2989 1096 Ariete;
3039 1041 3470 1097 cervicositatem
3513 1037 3522 1068 έ

1889 1144 2148 1214 ﬁgurant,
2176 1141 2267 1212 qui
2295 1155 2393 1211 per
2421 1137 2751 1210 geminatum
2783 1135 3066 1189 denarium
3095 1135 3314 1197 dantur,
3346 1132 3474 1202 quia

1887 1253 1986 1308 per
2028 1237 2342 1290 interiorem
2389 1243 2444 1287 et
2485 1230 2813 1286 exteriorem
2847 1227 3099 1294 Det-alogi
3138 1225 3477 1296 adimpletio-

1890 1345 2013 1385 nem
2042 1343 2275 1397 nequam
2310 1326 2578 1397 appetitus
2599 1323 2737 1378 colla
2761 1330 3103 1396 premuntur.

1960 1423 2123 1477 Vens.
2145 1416 2561 1476 15.——Camelos
2595 1416 2748 1484 fetus.
2777 1413 3032 1469 Camelus
3057 1409 3125 1465 ab
3151 1408 3479 1464 incurvitate

1889 1515 2068 1569 dictus
2097 1513 2473 1570 sustinentium
2505 1509 2702 1574 itmuit,
2727 1522 2847 1578 quae
2867 1516 2996 1559 tunc
3027 1503 3130 1559 feta
3163 1509 3268 1568 est,
3294 1500 3338 1556 si
3361 1513 3480 1568 eos,

1889 1621 2026 1676 quos
2064 1609 2327 1669 sustinet,
2352 1601 2566 1672 diligit;
2601 1600 2701 1654 has
2734 1613 2834 1668 per
2876 1594 3228 1668 trigenarium
3259 1593 3478 1658 damus,

1891 1715 2013 1753 cum
2052 1715 2152 1768 pro
2195 1697 2311 1753 solo
2349 1693 2640 1750 Trinitatis
2679 1705 2865 1746 amore
2917 1691 2967 1743 id
2997 1690 3226 1758 agimus.
3275 1685 3479 1741 Vaccus

1889 1789 2268 1859 quadraginta.
2333 1786 2523 1840 Vacca:
2563 1797 2660 1854 per
2710 1779 3200 1850 quadragenarium
3253 1777 3479 1842 dantur,

1891 1894 2014 1934 cum
2041 1877 2262 1932 lascivia
2292 1874 2470 1930 δέρουιὶ
2499 1890 2594 1944 per
2617 1880 2850 1942 quatuor
2877 1867 3160 1939 Evangelia
3181 1875 3233 1922 et
3256 1865 3482 1920 Decalo-

1891 1984 2018 2039 gum
2052 1977 2380 2022 coarctatur.
2419 1965 2604 2025 Tauri,
2634 1977 2864 2033 quorum
2897 1959 3118 2030 quidem
3141 1970 3336 2012 carnes
3361 1953 3481 2009 esui

1890 2059 2131 2126 habiles,
2165 2058 2387 2128 sanguis
2413 2071 2540 2110 vero
2581 2054 2800 2108 lethifer
2843 2062 2926 2105 est.
2951 2092 2966 2116 ,
3015 2052 3211 2106 bonam
3241 2048 3484 2103 exterius

1891 2151 2185 2214 actionem,
2211 2152 2304 2203 sed
2329 2161 2550 2216 pravam
2577 2144 2931 2200 intentionem
2954 2140 3250 2204 insinuant,
3275 2138 3365 2208 qui
3390 2153 3488 2206 per

1889 2243 2220 2314 geminatum
2251 2240 2555 2300 denarium,
2584 2253 2646 2290 ex
2671 2234 2980 2306 septenario
3007 2241 3064 2286 et
3090 2231 3330 2285 ternario
3353 2245 3487 2284 con-

1889 2343 2127 2390 stantem
2161 2333 2494 2394 inferuntnr,
2514 2341 2572 2384 ut
2599 2344 2696 2397 per
2726 2328 2888 2382 ﬁdem
2917 2336 2971 2378 et
2991 2324 3220 2396 gratiam
3248 2336 3487 2391 nequam

1889 2427 2210 2484 intentionis
2235 2433 2357 2480 vota
2391 2415 2690 2478 mutentur.
2717 2421 2932 2486 Asinus,
2961 2417 3244 2487 segnitiem
3273 2414 3488 2470 scilicet

1890 2527 1948 2573 et.
1981 2526 2290 2587 stuporem,
2343 2512 2682 2582 accipimus;
2732 2511 2816 2565 his
2846 2510 3125 2564 denarium
3160 2521 3258 2576 pro
3283 2501 3488 2561 visibili

1895 2618 1950 2664 et
1981 2606 2237 2662 invisibili
2263 2611 2729 2659 sacramentorum
2753 2599 3015 2664 ellicacia,
3044 2611 3104 2654 ut
3125 2613 3287 2668 supra
3315 2594 3486 2651 sumi-

1891 2715 2032 2755 mus.
2059 2698 2167 2753 Sed
2195 2696 2384 2759 asinae,
2415 2709 2513 2764 per
2543 2693 2664 2747 ﬁdei
2698 2707 2760 2744 ac
2795 2692 3018 2758 spiritus
3041 2690 3280 2758 vigorem
3309 2700 3338 2740 a
3369 2693 3484 2738 tor-

1887 2805 2020 2862 pore
2055 2788 2346 2845 suscitataa.
2383 2785 2556 2854 pullos
2587 2783 2785 2845 decem,
2826 2782 2876 2833 id
2905 2790 2987 2836 est
3017 2793 3178 2848 «pera
3207 2776 3293 2831 vel
3321 2773 3486 2830 aﬂ‘ec—

1888 2891 1976 2937 tus
2004 2881 2298 2936 secundum
2326 2875 2651 2944 Decalogum
2684 2871 3104 2942 habent.(\'nns.
3133 2871 3244 2935 16.)
3273 2867 3334 2921 Et
3359 2865 3476 2920 haec

1884 2991 1978 3044 per
2007 2989 2193 3027 manus
2221 2984 2488 3024 servorum
2523 2965 2732 3037 singula
2777 2965 2940 3017 mittit
2960 3003 2975 3026 ,
3009 2962 3134 3015 dum
3167 2975 3263 3028 per
3294 2957 3476 3011 ollicia

1889 3065 2258 3121 membrorum
2291 3076 2410 3130 quae
2441 3059 2608 3114 menti
2636 3058 2938 3112 inserviunt
2961 3067 3190 3123 qumque
3218 3049 3480 3106 exhibere

1887 3157 2187 3215 contendit.
2209 3155 2458 3224 Dixitque
2481 3151 2660 3222 pueris
2690 3166 2708 3204 :
2739 3148 3042 3203 Antecedite
3063 3163 3162 3208 me,
3193 3157 3238 3199 et
3270 3147 3334 3199 sit
3359 3160 3487 3213 spa-

1889 3253 2018 3304 tium
2044 3249 2182 3302 inter
2207 3263 2412 3317 gregem
2441 3255 2488 3298 et
2517 3259 2740 3314 gregem.
2772 3241 2930 3295 I‘ueri
2960 3239 3320 3300 antecedunt,
3355 3248 3483 3290 cum

1887 3341 2116 3396 humilia
2141 3339 2410 3394 desideria
2443 3336 2668 3390 cﬁ'et-tus
2696 3350 2919 3403 0|).‘t'llﬂl
2944 3339 3208 3402 praeeunt.
3241 3328 3491 3396 Spatium

1890 3433 1947 3502 ﬁt
1982 3434 2117 3485 inter
2138 3445 2342 3500 gregem
2393 3438 2438 3480 et
2468 3441 2704 3496 gregem,
2739 3438 2862 3476 cum
2902 3431 3050 3474 certa
3089 3419 3273 3490 figitur
3303 3416 3496 3472 distiuo

1892 3526 2004 3580 ctio
2039 3527 2180 3579 inter
2210 3521 2437 3576 rationis
2467 3528 2644 3573 motus
2665 3524 2720 3570 et
2750 3516 2934 3570 carnis
2965 3513 3206 3569 affectus.

1923 3621 1928 3625 ’
1966 3639 2128 3708 128
2154 3636 2315 3690 Vens.
2339 3636 2421 3696 l7,
2447 3634 2525 3692 l8.
2550 3633 2709 3686 Ἰ9.-
2728 3627 3046 3699 Etprmcepit
3067 3629 3257 3700 priori,
3277 3627 3493 3682 dicens:

1893 3728 1956 3785 Si
1968 3727 2429 3783 obviam/tabueris
2445 3726 2584 3780 Esau
2602 3724 2736 3792 [ra'r
2769 3741 2818 3778 m
2832 3733 3077 3778 meamet
3093 3721 3493 3793 iuterrogarerit

1893 3832 1973 3878 te:
1989 3822 2267 3886 Quoradis
2280 3832 2324 3875 et
2339 3820 2489 3890 cujus
2511 3829 2648 3883 es,et
2664 3819 2816 3888 cujus
2839 3828 2959 3870 sunt
2982 3818 3083 3870 ista
3106 3815 3496 3887 quwsequeris?

1891 3914 2034 3966 dices
2061 3927 2078 3964 :
2104 3912 2252 3968 Servi
2273 3915 2347 3965 tui
2369 3911 2533 3966 Iacob
2554 3929 2570 3972 ;
2588 3927 2803 3963 numera
2815 3909 3304 3962 misitdominomeo
3322 3907 3496 3967 Es'itt.‘

1892 4000 2072 4069 Prior,
2103 4003 2373 4057 secundus
2411 4013 2465 4055 et
2494 4003 2688 4055 ῑυηίιικ
2725 4011 2777 4054 ct
2803 4000 2890 4054 alii
2929 4011 3221 4067 sequentes
3245 4014 3487 4070 gregem,

1895 4093 2091 4148 diversi
2125 4094 2256 4147 mibi
2288 4093 2541 4147 videntur
2563 4092 2783 4145 habitus
2813 4091 3003 4154 animi,
3029 4091 3120 4158 qui
3151 4090 3339 4160 prima:
3363 4105 3494 4162 sng-

1893 4185 2150 4256 gestioni,
2175 4185 2427 4240 set-undae
2451 4182 2822 4244 delectationi,
2843 4190 2897 4234 et
2925 4183 3098 4236 tertiae
3128 4181 3493 4246 consensiit.-ni,

1896 4284 1952 4328 et
1990 4276 2202 4329 caeteris
2234 4273 2498 4328 malorum
2540 4275 2796 4342 prnt-t-ssi'
2824 4286 2887 4325 ns
2922 4272 3250 4327 obsistentes
3293 4287 3488 4326 occur-

1903 4375 2048 4420 runt.
2088 4366 2158 4420 Et
2203 4382 2268 4420 ex
2310 4365 2396 4422 his
2439 4365 2742 4421 sortitm'nr
2793 4380 3078 4418 ntl"‘:f.‘l'lllll
3125 4380 3245 4418 cum
3292 4363 3495 4432 quibus

1826 4482 1875 4539 ο
1905 4467 2089 4526 agunt.
2127 4457 2203 4520 Si,
2241 4457 2433 4526 inquit,
2476 4474 2588 4509 cari
2616 4456 2716 4509 alis
2743 4455 2995 4508 voluntas
3027 4455 3118 4508 tibi
3153 4455 3416 4522 ingruerit.
3440 4463 3497 4512 et

1900 4549 2261 4602 intentiOncm
2299 4563 2406 4616 quo
2435 4548 2640 4612 dirigas
2678 4544 2998 4599 disert-serit
3025 4583 3038 4609 ,
3071 4551 3126 4598 et
3151 4545 3237 4598 cui
3263 4544 3496 4601 Domino

1901 4637 2188 4701 inservias,
2213 4645 2267 4691 et
2287 4637 2372 4691 cui
2397 4637 2606 4689 utilius
2627 4649 2814 4688 eorum
2832 4633 3059 4689 attineat
3085 4649 3208 4704 qua:
3232 4649 3498 4707 exseque-

1901 4730 2011 4794 ris,
2042 4729 2221 4784 dices:
2253 4728 2368 4783 Deo
2397 4726 2498 4782 soli
2539 4727 2760 4798 spiritus
2785 4726 2952 4781 animi
2982 4726 3139 4782 intuli
3161 4767 3177 4788 .
3221 4726 3325 4798 ipsi
3362 4729 3494 4785 vitia

1901 4818 2301 4890 supplantando
2331 4859 2346 4885 ,
2389 4833 2496 4872 non
2544 4831 2642 4886 pro
2677 4832 2774 4873 sua
2813 4817 2907 4873 sed
2947 4832 3065 4874 mea
3101 4817 3494 4875 commoditate

1900 4913 2127 4969 obedire
2161 4911 2326 4967 statui
2364 4911 2498 4982 ipsi,
2533 4921 2704 4966 totum
2741 4912 2883 4980 quod
2914 4926 3218 4983 prosequor
3246 4911 3491 4968 studium

1901 5006 2116 5070 devovi,
2149 5013 2204 5060 et
2238 5005 2356 5072 tibi,
2385 5021 2418 5059 ο
2445 5003 2688 5064 allia-tus.
2719 5005 2812 5073 qui
2842 5004 2968 5058 olim
2998 5005 3223 5060 servitio
3247 5019 3368 5059 meo
3400 5005 3497 5060 ab-

1901 5113 2034 5154 usus
2056 5113 2139 5161 es,
2171 5095 2368 5164 quibus
2395 5096 2641 5150 bestialis
2672 5104 2762 5149 tua
2793 5093 2983 5148 feritas
3019 5094 3249 5148 satietur
3273 5094 3497 5149 ratioci-

1899 5191 2080 5248 nando
2107 5191 2251 5246 misi.
2285 5187 2474 5259 (Vens.
2503 5186 2618 5258 '20.)
2649 5184 2716 5240 Et
2737 5186 2974 5239 addetis:
3008 5184 3129 5254 Ipse
3157 5200 3362 5255 quoque
3386 5202 3497 5240 ser-

1899 5299 1992 5337 vus
2037 5291 2160 5336 tuus
2207 5280 2298 5352 qui
2333 5280 2426 5334 tibi
2461 5278 2753 5348 aliquando
2793 5276 3040 5329 insorviit
3082 5275 3282 5342 Iacob,
3327 5277 3378 5332 id
3408 5289 3497 5332 est

1900 5371 2244 5436 intellectus,
2279 5371 2378 5425 iter
2409 5379 2679 5432 nostrum,
2712 5366 2999 5422 devotione
3024 5386 3053 5420 ιι
3093 5367 3304 5424 scilLCet
3345 5369 3493 5424 desi-

1901 5462 2039 5518 derii
2094 5462 2266 5516 nostri
2320 5461 2534 5516 fortiter
2587 5459 2882 5514 muniendo
2935 5461 3288 5531 prosequitur.
3343 5459 3494 5515 Dixit

1901 5557 2072 5610 enim:
2113 5554 2348 5608 Placabo
2387 5552 2540 5606 illum
2576 5551 2879 5605 muneribus
2923 5569 3042 5620 qua’
3074 5553 3396 5620 prtecedunt,
3443 5561 3492 5604 et

1902 5657 2080 5716 postea
2112 5647 2291 5700 videbo
2321 5660 2461 5709 eum,
2496 5643 2718 5712 forsitan
2749 5645 3118 5718 propitiulntur
3150 5647 3298 5699 milii.
3339 5644 3489 5710 Quod

1905 5748 2024 5793 est:
2060 5737 2319 5793 Estimat
2349 5735 2490 5804 quod
2523 5735 2821 5804 prwlibatis
2863 5735 3148 5791 θίῖ‹·‹,ιὶι,›ιιε
3181 5737 3494 5789 effectibus-

1895 5841 2000 5897 que
2038 5829 2298 5898 pietatum
2326 5842 2451 5884 eum
2478 5827 2714 5898 mitiget,
2741 5837 2930 5896 postea
2957 5829 3190 5892 videbit,
3223 5828 3274 5881 id
3299 5834 3380 5880 est
3409 5825 3489 5879 vi-
