3978 6332
533 335 644 394 243

1365 331 1426 388 ν.
1469 329 1798 388 GUIBERTI
1833 329 2126 388 ABBATIS
2164 325 2224 386 S.
2266 325 2503 384 ΜΑΒΙᾹΞ
2540 328 2630 386 DE
2658 327 3055 388 NOVIGENTO

3697 319 3796 377 2H

443 500 483 538 ᾗ
528 449 682 516 dere,
717 452 862 522 quod
892 455 975 506 est
1005 446 1301 516 intelligere
1329 459 1452 500 eum
1488 446 1647 501 faciet
1677 464 1692 514 ;
1721 456 1922 503 etcum
1951 448 2111 503 intel-
2138 453 2186 512 Α
2216 447 2599 504 excellentiam
2649 447 2929 518 dignitatis
2978 444 3252 502 aestimare
3304 455 3504 516 queam
3562 439 3788 498 insinua.

527 539 721 596 texerit
751 583 764 606 ,
810 541 923 610 jam
970 540 1246 594 remissius
1297 547 1437 608 aget.
1496 539 1682 609 (Vens.
1715 539 1832 612 2|.)
1889 541 2111 596 Munera

527 631 855 702 prmcedunt,
881 631 971 685 sed
993 628 1158 683 Jacob
1181 630 1234 684 in
1257 631 1445 685 castris
1475 643 1624 686 nocte
1649 633 1741 687 illa
1771 636 2112 702 ntanet,quia

525 725 669 779 ratio
697 721 822 776 licet
861 737 1069 776 summa
1095 722 1207 790 jam
1241 725 1380 778 bona
1413 727 1624 794 egerit,
1664 727 1900 794 quandiu
1931 735 2108 782 tenta-

526 813 686 866 tiouis
716 811 794 864 vel
817 811 995 865 sreculi
1025 830 1128 867 nox
1153 823 1259 879 est,
1296 824 1351 869 et
1391 816 1568 871 nescit
1607 825 1789 871 utrum
1830 831 2014 872 amore
2040 832 2107 872 an

522 903 646 958 odio
693 903 852 973 digna
897 914 980 958 est
1027 905 1225 976 (Eccle.
1255 923 1308 962 IX
1329 948 1342 972 ,
1374 907 1460 980 1),
1497 908 1640 964 intra
1670 911 2016 966 continentiae
2045 925 2110 966 ac

522 994 732 1048 timoris
764 1005 946 1050 castra
978 1014 1035 1053 se
1066 1001 1360 1055 contrahit.

590 1085 756 1142 Vens.
781 1087 871 1143 22.
888 1121 957 1130 -
984 1089 1216 1164 Cumque
1241 1104 1444 1147 mature
1465 1095 1800 1164 surrexisset,
1823 1094 1941 1149 tulit
1972 1095 2108 1152 duas

515 1195 706 1234 uxOres
737 1199 892 1247 suas,
925 1195 971 1238 et
1002 1187 1213 1240 totidem
1242 1187 1501 1256 fanmlas,
1533 1205 1650 1242 cum
1681 1190 1920 1243 undecim
1957 1188 2104 1258 filiis,

516 1283 562 1327 et
602 1278 841 1330 transivit
867 1279 1056 1331 vadum
1072 1278 1259 1333 Iacob.
1284 1278 1446 1334 Jacob
1469 1291 1648 1336 autem
1673 1281 1812 1335 lucta
1835 1281 1921 1336 vel
1943 1297 2106 1336 arena

518 1361 737 1428 dicitur,
777 1365 828 1418 in
863 1383 970 1436 quo
1000 1367 1280 1423 conflictus
1305 1379 1357 1424 et
1386 1369 1707 1438 confligendi
1741 1372 1917 1436 locus,
1951 1387 2105 1426 mun-

517 1455 618 1509 dus
648 1455 857 1511 scilicet
889 1467 942 1511 ct
969 1460 1200 1513 tentatio
1224 1461 1339 1529 ejus
1369 1461 1709 1532 intelligitur.
1735 1462 1840 1517 Sed
1865 1463 1989 1532 quia
2014 1477 2106 1518 ea-

515 1550 637 1606 dem
663 1566 826 1606 arena
859 1554 1055 1608 vadum
1083 1556 1404 1625 appellatur,
1429 1567 1726 1626 proventus
1751 1574 1816 1614 ex
1845 1559 1955 1614 Deo
1978 1573 2104 1614 cum

511 1645 810 1702 tentatione
844 1647 1056 1704 futurus
1092 1651 1354 1705 innuitur.
1409 1650 1617 1708 Mature
1655 1655 1829 1724 surgit
1877 1670 1999 1709 cum
2036 1655 2106 1711 de

507 1737 735 1798 levitate
789 1744 1138 1814 cogitationis
1183 1747 1468 1814 gravitatis
1513 1763 1675 1801 manu
1738 1764 1796 1803 se
1849 1750 2098 1821 subrigit.

2218 539 2328 594 Cur
2351 542 2565 608 quieris,
2589 540 2684 603 ait,
2715 557 2900 596 nomen
2933 556 3124 600 meum,
3157 537 3300 608 quod
3336 552 3437 592 nec
3461 535 3672 599 audire,
3701 549 3792 590 nec

2216 632 2261 686 si
2294 634 2482 688 audire
2513 632 2694 688 valcas
2720 647 2916 701 capere
2943 631 3161 702 possis?
3192 629 3258 684 Et
3295 629 3556 684 benedixit
3593 642 3708 680 eum
3741 625 3790 681 in

2214 724 2393 778 eodem
2427 723 2563 786 loco,
2597 724 2648 778 id
2676 733 2760 779 est
2783 724 3041 778 virtutum
3071 737 3195 776 eum
3235 717 3636 788 multiplicitate
3661 717 3790 770 dita-

2213 813 2310 877 vit,
2341 823 2777 882 perseverantem
2809 813 2862 867 in
2895 812 3203 875 charitatis,
3236 825 3355 880 qua:
3381 808 3544 863 corda
3575 821 3678 860 una
3707 821 3786 861 ea—

2214 906 2446 975 demque
2481 906 2640 969 facit,
2676 921 2802 960 vere
2839 904 3014 960 solido
3052 912 3108 960 et
3136 903 3315 960 stabili
3347 901 3484 956 loco.
3519 897 3787 967 Statuisti,

2213 999 2318 1064 ait,
2374 999 2428 1054 in
2477 999 2596 1054 loco
2633 999 2872 1068 spatioso
2919 998 3082 1066 pedes
3123 1011 3271 1052 meos
3300 991 3474 1066 (Psal.
3506 1007 3638 1058 xxx,
3684 989 3788 1062 10).

2213 1087 2398 1158 (Vens.
2430 1088 2544 1158 50.)
2587 1089 2756 1144 Vocat
2797 1105 2982 1144 nomen
3017 1087 3119 1140 loci
3159 1086 3300 1142 illius
3339 1081 3617 1148 Phanuel,
3653 1080 3790 1152 quod

2212 1189 2292 1236 est
2327 1179 2486 1247 facies
2512 1180 2626 1243 Dei,
2651 1180 2778 1249 quia
2803 1181 2852 1232 in
2876 1179 3162 1234 dilectione
3191 1177 3459 1246 praecipua
3491 1174 3584 1228 Dei
3615 1172 3788 1244 cogni-

2212 1273 2288 1328 tio
2316 1281 2418 1337 est,
2451 1281 2505 1327 et
2541 1273 2631 1342 qui
2678 1273 2817 1330 hanc
2856 1271 3037 1336 habet,
3073 1287 3103 1324 a
3143 1270 3277 1334 Deo,
3303 1268 3459 1338 juxta
3499 1264 3788 1336 Epistolam

2209 1364 2433 1422 Joannis
2453 1405 2468 1428 ,
2499 1365 2747 1432 cognitus
2776 1374 2877 1420 ost.
2911 1363 2966 1418 In
3009 1361 3150 1416 facie
3180 1361 3324 1416 enim
3365 1359 3558 1413 notitia
3586 1364 3704 1420 est,
3737 1363 3789 1410 et

2209 1457 2352 1512 Deus
2381 1456 2494 1525 ipse
2529 1455 2769 1511 charitas
2797 1463 2883 1510 est
2912 1453 2960 1525 (l
2991 1452 3154 1508 Ioan.
3204 1469 3288 1518 tu,
3327 1450 3434 1522 l6).
3465 1448 3581 1502 Vidi
3614 1446 3788 1502 Domi-

2208 1566 2332 1604 num
2367 1548 2461 1620 [aL
2484 1589 2499 1613 ,
2543 1547 2762 1620 Deum],
2801 1548 2935 1616 facie
2970 1547 3041 1602 ad
3077 1546 3266 1616 {aciem
3301 1555 3348 1599 et
3380 1542 3525 1598 salva
3553 1542 3694 1612 facta
3721 1547 3788 1594 est

2205 1643 2384 1696 anima
2409 1657 2541 1696 mea.
2559 1639 2712 1708 Quod
2732 1651 2816 1695 est
2833 1639 3103 1696 :lntellc-xi
3119 1639 3424 1700 Dominum,
3441 1633 3788 1704 intelligentia.

2208 1735 2536 1806 cognitionis
2558 1734 2679 1803 eius
2710 1734 3012 1790 illustrante
3041 1733 3290 1790 notitiam
3321 1745 3496 1786 meam
3527 1770 3542 1796 ,
3573 1737 3629 1782 ct
3665 1728 3787 1798 quia

515 1830 718 1888 Uxores
755 1834 987 1904 famulas
1017 1853 1134 1891 cum
1166 1839 1407 1892 undecim
1439 1839 1566 1908 ﬁliis
1599 1839 1776 1905 tollit,
1809 1856 1933 1896 cum
1969 1818 2103 1898 con-
2134 1832 2178 1887 Β
2203 1843 2299 1900 Per
2337 1828 2440 1882 hoc
2471 1827 2611 1897 (1ηοά
2641 1840 2766 1881 eum
2798 1840 2964 1882 "0500
2986 1863 3002 1890 ν
3049 1825 3198 1880 ηοδοῖ
3239 1838 3328 1878 me
3358 1822 3428 1876 ab
3458 1821 3598 1890 ἰρεο.
3623 1818 3676 1874 id
3710 1821 3789 1874 εει

512 1926 922 1996 temptationem
965 1937 1020 1984 et
1055 1939 1234 1986 actum
1273 1947 1396 1986 cum
1427 1932 1574 1987 vitiis
1608 1933 1942 1989 ancillariter
1977 1935 2104 1991 sub-

502 2008 844 2086 iacentibus,
900 2029 953 2075 et
1003 2021 1256 2090 Operibus
1307 2025 1535 2077 necdum
1586 2025 1652 2078 ad
1707 2027 2102 2085 duodenarium

507 2109 858 2180 perfectionis
902 2112 1211 2182 apostolica:
1254 2113 1644 2184 attingentibus
1671 2157 1686 2182 ,
1740 2117 1792 2170 in
1839 2127 2102 2188 quantum

507 2203 764 2272 praevalet
794 2220 822 2258 a
859 2206 1246 2274 temporalibus
1279 2205 1534 2273 extollit,
1570 2217 1625 2263 et
1660 2211 1850 2264 vadunt
1879 2211 2099 2278 transit,

509 2295 804 2348 secutulqu
854 2295 1065 2352 scilicet
1113 2298 1254 2367 quod
1309 2300 1492 2354 multis
1545 2300 1903 2356 imberillibus
1952 2315 2102 2359 mare

506 2387 1035 2446 turbulentissimum
1049 2399 1152 2458 est,
1167 2393 1496 2463 contemptui
1512 2392 1716 2452 habens
1735 2394 2100 2450 cumlditltum

505 2479 766 2533 transilit.

575 2592 742 2650 Vrsas.
774 2593 878 2663 2'5,
904 2594 994 2650 24.
1019 2627 1089 2637 —
1119 2595 1564 2670 Transductisque
1599 2600 1838 2654 onmibus
1873 2618 1992 2672 quce
2029 2603 2098 2657 ad

505 2700 562 2740 se
589 2686 942 2754 pertinebant,
977 2689 1230 2744 remansit
1255 2689 1438 2755 solus;
1471 2700 1516 2743 et
1551 2707 1664 2744 ecce
1696 2692 1773 2747 uir
1799 2691 2099 2748 luctabatur

505 2795 625 2832 cum
655 2796 714 2834 eo
748 2797 908 2851 usque
940 2798 1112 2836 mane.
1139 2780 1332 2838 Omnia
1361 2798 1482 2854 (iure
1503 2783 1568 2838 ad
1595 2799 1654 2840 se
1677 2786 1956 2854 pertinent
1986 2796 2098 2840 tra-

502 2867 676 2934 ducit,
728 2885 852 2926 cum
889 2873 1114 2940 spiritus
1163 2881 1218 2926 et
1261 2872 1428 2929 totius
1479 2889 1590 2928 sum
1638 2875 1852 2930 virtutis
1889 2875 2096 2931 fructus

501 2970 656 3018 trans
695 2962 889 3022 vadum
937 2964 990 3018 in
1033 2973 1195 3034 portu
1236 2964 1444 3028 caelesti
1488 2965 1788 3021 constituit.
1833 2966 2099 3024 Remanet

499 3055 668 3121 solus,
693 3056 843 3126 quia,
877 3056 1008 3111 velit
1037 3056 1190 3120 nolit,
1235 3071 1464 3126 corpore
1492 3056 1766 3114 detinetur
1797 3059 1850 3114 in
1887 3069 2096 3130 tempo-

499 3148 726 3206 ralibus.
771 3148 859 3204 Vir
883 3167 1001 3206 cum
1030 3167 1089 3204 eo
1124 3166 1286 3220 usque
1316 3167 1468 3205 mane
1491 3150 1747 3220 luctatur,
1775 3153 1900 3208 dum
1929 3155 2097 3211 virtus

498 3255 732 3311 superna
760 3241 957 3298 volenti
985 3243 1100 3314 ejus
1129 3259 1398 3298 summam
1421 3233 1816 3310 conscendere,
1846 3256 1904 3301 ut
1929 3248 2100 3320 magis

499 3333 768 3398 accendat
798 3335 1030 3390 rationis
1062 3336 1332 3392 desiderio
1364 3337 1728 3407 dispensativc
1768 3339 2094 3412 refragatur.

501 3421 750 3488 Quasiui,
765 3425 840 3479 ait
858 3426 912 3482 in
925 3425 1166 3483 Canticis
1183 3428 1272 3482 illa
1290 3467 1305 3492 ,
1321 3437 1368 3483 et
1392 3445 1493 3482 non
1515 3429 1686 3484 inveni
1714 3430 1898 3498 illmn;
1922 3433 2097 3487 vocavi

497 3522 546 3570 et
571 3532 674 3569 non
708 3518 997 3586 respondit.
1023 3518 1366 3594 (Cant.v,6.)
1389 3520 1500 3576 Non
1533 3530 1711 3578 tamen
1727 3523 1816 3577 ditt
1849 3521 2097 3580 diﬁ‘ertur

499 3608 698 3664 divina:
735 3610 1112 3670 illustrationis
1144 3629 1330 3686 mane,
1375 3631 1496 3688 qua:
1531 3631 1654 3689 spes
1685 3633 1781 3673 nos
1806 3617 2096 3680 excitatin

496 3699 812 3760 luctamine.

569 3797 738 3853 Vsus.
761 3797 849 3854 ‘25-.
882 3829 950 3840 —
979 3798 1082 3866 Qui
1118 3816 1235 3855 cum
1268 3801 1496 3867 videret,
1543 3801 1686 3858 Deus
1725 3802 1921 3872 plane,
1952 3803 2093 3873 quod

499 3886 798 3944 dill‘erendo
824 3899 947 3945 vota
985 3908 1232 3961 superare
1273 3909 1377 3946 non
1417 3901 1624 3964 posset,
1673 3894 1839 3963 tetigit
1880 3907 2092 3946 nervum

496 3977 714 4048 femoris
743 3979 879 4049 ejus,
909 3981 962 4036 id
990 3989 1073 4036 est
1099 3982 1459 4038 mansuefecit
1487 3982 1903 4037 obstinationem
1933 3981 2092 4037 lasci-

495 4067 598 4124 viae
630 4069 928 4140 corporalis
962 4070 1078 4140 ejus
1107 4111 1122 4138 ,
1171 4082 1220 4127 et
1250 4073 1428 4127 statim
1461 4088 1490 4126 a
1537 4071 1821 4142 superfluae
1865 4073 2092 4128 humore

493 4161 838 4218 remissionis
879 4163 1154 4217 emarcuit.
1193 4163 1380 4234 (Vens.
1411 4161 1528 4232 26.)
1569 4161 1800 4228 Dimitte,
1836 4162 1911 4217 ait
1939 4203 1953 4229 ,
1987 4179 2088 4228 me,

485 4253 607 4322 jam
651 4255 788 4308 enim
834 4255 1070 4310 ascendit
1108 4271 1326 4310 aurora.
1370 4253 1446 4307 Ac
1477 4253 1520 4308 si
1557 4253 1746 4347 dicat':
1781 4253 1898 4309 Jam
1929 4269 2088 4309 mane

490 4343 623 4399 illud
655 4348 798 4416 quod
833 4347 1240 4418 praestolabaris
1271 4346 1460 4411 habes,
1480 4343 1594 4414 jam
1638 4346 1707 4400 ab
1727 4343 2088 4417 'insequendo

491 4437 778 4508 quiescere
807 4450 978 4508 potes.
1017 4438 1160 4502 Non,
1193 4437 1288 4502 ait,
1320 4438 1605 4502 dimittam,
1637 4439 1737 4492 nisi
1761 4439 2086 4494 benedixetis

2205 1921 2329 1988 eligi
2358 1937 2462 1976 non
2485 1920 2690 1982 dubito.
2709 1919 2900 1976 salutis
2921 1918 3116 1974 animae
3136 1917 3360 1986 spiritus
3380 1924 3584 1972 certam
3613 1921 3785 1970 teneo.

2279 2014 2438 2070 Vens.
2467 2012 2556 2067 51.
2574 2013 3010 2083 -Ονηωςυετει
3039 2012 3218 2067 statim
3249 2009 3348 2074 sol,
3370 2020 3646 2079 postquam
3666 2023 3784 2076 pro-

2203 2121 2407 2177 gressus
2427 2116 2500 2159 est
2527 2103 2785 2171 Phanuel,
2809 2104 3299 2161 incaluitvidclicet
3326 2117 3447 2160 mox
3478 2102 3648 2156 menti
3670 2099 3786 2170 jus-

2207 2200 2339 2254 tltia:
2381 2199 2471 2253 lux
2503 2208 2558 2252 ct
2588 2198 2799 2260 fervor,
2839 2207 3129 2268 postquam
3178 2196 3272 2252 Dei
3317 2194 3565 2250 notitiam
3611 2195 3786 2264 attigit

2204 2291 2364 2346 ratio.
2402 2292 2666 2356 Phanuel,
2694 2293 2857 2347 etiam
2889 2291 3272 2361 transgressio,
3303 2297 3482 2358 potest
3508 2304 3630 2344 esse
3656 2303 3789 2358 pne-

2205 2392 2290 2438 ter
2318 2381 2624 2456 generalem
2660 2384 2755 2438 Dei
2787 2384 3154 2454 cognitionem
3182 2382 3349 2452 ipsius
3383 2379 3786 2450 contemplatio.

2202 2470 2322 2542 Ipse
2352 2488 2469 2526 vero
2497 2473 2640 2527 haud
2680 2473 2904 2528 dubium
2942 2472 3104 2542 ιιθ
3135 2471 3264 2542 quin
3291 2471 3620 2534 intellectus,
3644 2470 3788 2525 clast-

2206 2563 2414 2617 dicabat
2441 2565 2598 2632 peds,
2636 2565 2761 2633 quin
2800 2565 2906 2619 vim
2956 2563 3214 2620 amiserat
3250 2561 3551 2618 aﬂ'eetionis
3588 2577 3788 2632 prava.

2201 2654 2387 2726 (VEBI.
2403 2655 2522 2724 52.)
2543 2655 2716 2722 Quam
2737 2656 2800 2710 ob
2823 2671 3036 2710 causam
3061 2672 3163 2710 non
3186 2654 3462 2710 comedunt
3488 2653 3590 2722 ﬁlii
3618 2654 3792 2713 Istae;

2199 2762 2448 2812 nervum,
2477 2746 2529 2801 id
2566 2756 2650 2803 est
2688 2762 2794 2802 non
2831 2747 3125 2802 admittunt
3165 2745 3552 2802 obstinationis
3575 2746 3790 2812 vitium,

2199 2853 2320 2906 quae
2349 2839 2602 2891 emarcuit
2637 2839 2688 2891 in
2718 2838 3182 2904 concupiscentiis
3211 2835 3516 2893 intellectus
3535 2875 3550 2901 ,
3592 2836 3659 2890 ad
3691 2836 3795 2892 hoc

2208 2929 2416 2983 scilicet
2445 2938 2504 2983 ut
2534 2929 2700 2984 Deum
2731 2945 2858 2985 vere
2891 2931 3028 2988 diem
3069 2931 3267 3000 uirique
3313 2941 3622 3000 praesentem
3655 2929 3794 2986 liber

2198 3019 2511 3089 attingeret,
2543 3037 2603 3075 eo
2640 3022 2780 3092 quod
2812 3021 3309 3092 mitigaverit'Deus
3325 3022 3577 3076 duritiam
3610 3019 3791 3077 libidi-

2201 3128 2458 3169 nosorum
2496 3113 2944 3170 consuetudinum
2975 3115 3120 3184 ejus,
3157 3125 3212 3176 ,ει
3243 3115 3594 3183 obstupueril,
3625 3115 3678 3169 id
3709 3121 3793 3170 est

2127 3193 2170 3256 C
2204 3203 2271 3258 ad
2297 3205 2746 3273 impassibilitatis
2771 3205 3002 3276 gratiam
3023 3206 3186 3262 etiam
3217 3206 3270 3260 in
3293 3205 3395 3259 hac
3417 3205 3528 3259 vita
3554 3204 3667 3272 jam
3702 3219 3792 3259 ve-

2203 3297 2367 3352 nerit.
2397 3297 2519 3352 Filii
2549 3307 2726 3354 autem
2753 3297 2921 3354 lsrael
2945 3306 3072 3356 sunt
3095 3299 3187 3368 qui
3219 3298 3364 3356 vices
3389 3297 3482 3354 Dei
3513 3297 3618 3353 sibi
3641 3295 3791 3367 prin-

2199 3389 2431 3460 cipando
2458 3399 2673 3461 gerunt.
2951 3401 2956 3404 ·
2991 3401 3016 3406 "
3169 3417 3192 3454 ,ι
3231 3400 3236 3404 ‘

2741 3523 2969 3581 CAPUT
3005 3523 3240 3579 XXXIII.

2268 3611 2434 3672 Vens.
2468 3617 2520 3683 1,
2552 3616 2607 3672 2.
2634 3647 2704 3657 -
2732 3615 2932 3671 Levans
2958 3625 3131 3670 autent
3162 3616 3339 3670 oculos
3380 3614 3503 3670 vidit
3531 3609 3679 3669 Esau
3705 3629 3792 3669 tte-

2197 3692 2442 3773 nientem,
2466 3717 2512 3763 et
2562 3727 2681 3764 cum
2726 3703 2802 3764 eo
2831 3710 3240 3780 quadringentos
3295 3708 3462 3773 viros;
3508 3707 3790 3778 divisitth

2195 3799 2333 3870 ﬁlios
2357 3800 2466 3856 Lia:
2507 3812 2552 3856 et
2582 3801 2796 3863 Rachel,
2822 3801 3196 3873 amba-rumque
3233 3799 3578 3872 famularum,
3614 3810 3663 3853 et
3695 3815 3792 3870 po»

2193 3894 2301 3949 suit
2350 3904 2598 3965 utrasque
2637 3895 2884 3960 ancillas,
2915 3901 2961 3948 et
2988 3894 3125 3964 ﬁlios
3156 3908 3336 3948 earum
3391 3894 3443 3946 in
3489 3893 3790 3963 principio;

2193 3979 2345 4039 Liam
2383 4003 2500 4040 vero
2565 3996 2612 4041 et
2642 3987 2782 4057 ﬁlios
2819 3987 2934 4056 ejus
2980 3985 3034 4040 in
3080 3985 3306 4040 secundo
3361 3983 3495 4039 loco.
3548 3985 3730 4055 Erigit
3760 4001 3790 4039 a

2195 4075 2426 4130 terrenis
2466 4076 2690 4145 spiritus
2748 4075 3125 4140 intentionem,
3175 4083 3229 4129 et
3279 4073 3540 4145 prospicit
3595 4074 3790 4130 carnis

2191 4165 2965 4234 allectumhisimminentem,
3005 4151 3209 4222 etcum
3249 4182 3313 4221 eo
3359 4167 3524 4220 totlus
3557 4167 3790 4221 szecula-

2190 4259 2366 4316 ritatis
2389 4261 2888 4330 praesumptionem.
2948 4259 3024 4313 De
3048 4253 3458 4330 quadringentis
3497 4271 3665 4326 supra
3703 4253 3791 4313 di-

2189 4352 2368 4408 ximus
2395 4353 2576 4408 latius.
2612 4351 2885 4408 Discernit
2912 4353 3052 4407 inter
3076 4367 3241 4422 opera
3275 4352 3376 4421 pia:
3421 4349 3786 4414 actualitatis,

2187 4453 2242 4501 et
2265 4461 2428 4516 opera
2464 4443 2609 4500 Baiae
2636 4454 2691 4501 et
2719 4445 2904 4511 Zelfae,
2935 4444 3185 4500 videlicet
3209 4443 3492 4498 vetustatis
3517 4451 3569 4495 (ιι
3593 4441 3789 4511 gloria:

490 4526 619 4580 mihi
647 4569 660 4592 ,
707 4529 810 4582 nisi
851 4528 1096 4583 videlicet
1154 4527 1222 4582 ad
1268 4529 1648 4584 certitudinem
1691 4529 2084 4586 benedictionis
2110 4558 2162 4618 Ι)
2191 4539 2366 4594 inanis
2394 4549 2446 4593 at
2475 4539 2600 4594 vitia
2622 4556 2686 4594 ex
2716 4539 2969 4610 vilii5que
2997 4539 3230 4594 orientia
3282 4536 3534 4606 qmelihct
3565 4535 3618 4587 in
3654 4547 3788 4604 pro-

461 4614 813 4688 atternrctne
835 4618 1175 4688 perduxeris.
1208 4615 1538 4690 (Vens.'27.)
1571 4619 1730 4686 Quod
1758 4635 1968 4686 nomen,
2001 4623 2081 4676 in-

457 4712 639 4782 ,quit,
683 4723 756 4766 est
795 4710 930 4766 tibi?
957 4711 1012 4766 ld
1055 4721 1138 4766 est
1172 4713 1525 4768 reminiscere
1564 4714 1639 4768 tui
1685 4711 2080 4786 professionem

455 4791 462 4872 ξ
484 4804 774 4876 propositi.
803 4805 933 4859 Ait:
966 4803 1156 4858 Jacob.
1183 4805 1263 4860 Ad
1296 4806 1730 4874 subversionem,
1773 4809 1970 4880 inquit,
2001 4811 2078 4864 vi-

458 4881 615 4962 lvc're
645 4887 937 4950 deliberavi
972 4895 1248 4951 vitiorum.
1290 4898 1478 4968 (Vens.
1512 4897 1626 4970 28.)
1666 4899 1781 4954 Non
1813 4895 2081 4956 aitvitio-

487 5003 608 5042 rum
665 4985 1187 5058 supplantandorum
1239 4988 1336 5043 tibi
1387 5005 1417 5044 a
1463 4991 1623 5045 modo
1662 4989 1964 5048 sollicitudo
1997 4993 2079 5049 in-

486 5081 705 5136 cumbet
730 5119 744 5144 ,
789 5076 838 5132 id
865 5087 978 5145 est,
1017 5096 1117 5133 non
1147 5079 1312 5134 Jacob
1338 5082 1633 5146 vocaberis,
1667 5083 1760 5136 sed
1788 5082 1991 5147 Israel,
2024 5085 2077 5140 id

485 5183 570 5231 est
597 5174 850 5244 princeps
879 5188 1000 5226 cum
1030 5173 1160 5238 Deo,
1191 5171 1272 5228 vel
1299 5174 1525 5230 dilectus
1553 5175 1670 5242 Dei,
1711 5187 1769 5232 ut
1794 5177 1903 5246 jam
1937 5194 2073 5248 qua-

485 5273 608 5327 dam
642 5271 895 5327 collativa
934 5271 1135 5328 deitate
1172 5288 1295 5327 cum
1335 5273 1452 5341 ipso
1484 5273 1625 5328 intra
1672 5283 1722 5330 te
1757 5275 1930 5345 ipsum
1963 5271 2072 5332 Deo

481 5365 846 5434 principatum
877 5375 1080 5429 teneas,
1103 5373 1154 5420 et
1178 5365 1458 5434 consopito
1481 5365 1800 5434 passionum.
1821 5368 2070 5438 strepitu,

481 5469 550 5508 ex
583 5454 692 5509 Deo
719 5455 786 5508 ad
819 5455 984 5509 Deum
1025 5465 1074 5509 te
1103 5457 1336 5527 dirigas,
1376 5465 1429 5510 ct
1462 5457 1670 5526 pacatis
1698 5458 1952 5514 omnibus
1985 5459 2070 5514 bis

483 5549 574 5602 uni
613 5548 886 5614 intendas,
930 5548 1186 5619 quoniam
1228 5551 1272 5605 si
1323 5559 1735 5619 perseveranter
1782 5552 1850 5606 ad
1899 5551 2070 5610 Deum

479 5639 643 5694 anxie
705 5640 1057 5711 quaerendum
1123 5643 1700 5715 complectendumquc
1768 5643 1923 5700 fortis
1984 5662 2066 5713 es,

479 5739 684 5802 quanto
716 5733 886 5804 magis
913 5741 1102 5789 contra
1131 5734 1377 5792 homines
1405 5736 1742 5806 praevalebis,
1757 5746 1943 5794 contra
1970 5739 2068 5794 hu-

477 5827 760 5884 manitatis
790 5827 997 5884 scilicet
1025 5827 1378 5884 tenta’tioncs.
1414 5827 1600 5900 (Vsus.
1629 5829 1744 5902 29.)
1775 5831 1842 5884 Et
1866 5831 2064 5888 Jacob:

474 5917 580 5997 Dic
605 5920 732 5980 mihi
755 5939 857 5995 quo
883 5921 1163 5998 appellaris
1191 5922 1398 6006 nomine
1415 5961 1433 5995 ,
1463 5923 1519 5981 id
1549 5926 1927 6000 estquomodo
1959 5932 2064 5983 tuae

2184 4625 2367 4698 patulo
2406 4643 2499 4698 per
2529 4627 2927 4683 confessionem
2960 4628 3128 4698 ponit,
3162 4627 3288 4696 quia
3325 4625 3503 4695 justus
3535 4621 3591 4678 in
3623 4625 3788 4693 prin-

2183 4717 2324 4788 cipio
2347 4730 2624 4773 accusator
2653 4730 2726 4774 est
2767 4721 2850 4775 sui
2881 4717 3066 4794 (Prov.
3113 4735 3264 4784 xvm,
3292 4717 3400 4790 Π).
3431 4715 3549 4782 Lia,
3586 4717 3638 4770 id
3699 4725 3790 4772 est

2183 4813 2380 4878 activa,
2405 4829 2526 4867 cum
2553 4813 2694 4878 filiis,
2727 4813 2778 4868 id
2802 4824 2886 4869 est
2935 4814 3128 4870 studiis
3153 4813 3267 4868 suis
3292 4812 3346 4866 in
3382 4811 3612 4866 secando
3636 4809 3787 4876 loco,

2182 4913 2242 4960 ut
2265 4906 2342 4962 sic
2370 4905 2507 4960 infra
2534 4908 2842 4963 deserviant
2874 4909 3140 4978 proximo,
3195 4914 3253 4960 ut
3285 4901 3536 4974 superius
3593 4904 3788 4958 inten-

2181 4997 2384 5052 tionem
2415 4997 2661 5054 dcferant
2687 4997 2816 5055 Deo.
2855 4999 3050 5053 Rachel
3084 5007 3258 5052 autent
3299 5007 3346 5052 et
3374 4993 3568 5065 Joseph
3597 4997 3788 5050 novis-

2177 5091 2336 5146 simos
2364 5091 2532 5161 ponit,
2559 5091 2682 5161 quia
2719 5092 2811 5147 Dei
2859 5091 3370 5160 contemplationem
3422 5090 3660 5145 sinceris
3727 5099 3787 5144 et

2176 5183 2429 5254 perfectis
2473 5187 2745 5242 mentibus
2775 5228 2788 5253 ,
2835 5203 2956 5256 qua:
3021 5185 3188 5240 lilium
3243 5183 3442 5254 Joscph
3477 5225 3491 5249 ,
3545 5185 3601 5238 id
3660 5191 3783 5252 est,

2175 5274 2410 5332 fructum
2435 5279 2754 5350 sempiterni
2803 5279 3078 5351 augmenti
3109 5293 3323 5347 semper
3354 5284 3564 5346 spectat
3593 5275 3785 5345 perti-

2173 5384 2304 5425 nere
2335 5371 2456 5426 scit.
2478 5369 2662 5442 (Vens.
2689 5373 2766 5441 '5.)
2794 5370 2859 5426 Et
2888 5374 2996 5442 ipse
3017 5370 3353 5444 progrediens
3378 5369 3621 5424 adoravit
3647 5386 3788 5433 pro-

2172 5480 2270 5518 nus
2311 5465 2365 5519 in
2421 5476 2615 5520 terram
2663 5466 3061 5535 septies,donec
3105 5457 3549 5536 appropinquaret
3601 5461 3787 5527 frater

2171 5557 2318 5627 ejus;
2351 5558 2638 5627 proficiens
2666 5557 2873 5613 scilicet
2905 5567 2960 5614 et
2989 5557 3104 5628 ipse
3131 5559 3197 5613 ad
3222 5557 3468 5612 eamdem
3516 5563 3786 5609 contem-

2169 5651 2483 5722 plationem,
2515 5659 2566 5704 et
2600 5652 2664 5705 ad
2697 5651 2952 5722 perfectae
2980 5651 3204 5707 visionis
3233 5655 3608 5720 attgmentum.
3677 5647 3784 5702 Sc-

2167 5743 2318 5810 pties,
2348 5741 2491 5811 quod
2521 5751 2604 5796 est
2628 5751 2682 5797 et
2710 5759 2958 5813 corpore,
2983 5752 3039 5799 et
3061 5744 3244 5799 anima
3277 5740 3600 5797 humiliatur
3632 5755 3777 5809 pro-

2167 5851 2270 5890 nus
2312 5836 2377 5890 ad
2423 5822 2605 5891 solam.
2645 5837 2871 5894 vilitatis
2926 5839 3161 5910 propriae
3194 5846 3200 5854 '
3231 5837 3781 5905 considerationem,

2170 5925 2410 5998 quandiu
2463 5934 2694 5987 terrenae
2740 5927 3008 6002 superbiae
3059 5930 3145 5992 his
3199 5928 3427 5988 affectus
3479 5929 3782 6002 imminet,
