3978 6332
216 392 322 447 245

1359 375 1723 438 MOBALIUM
1761 372 1832 432 IN
1863 372 2161 432 GENESIN
2198 377 2326 435 LIB.
2367 375 2498 434 Vill;

3380 379 3489 440 246

219 503 643 575 Quaternarium
704 501 774 557 ad
826 513 1053 571 corpus,
1105 499 1398 555 ternarium
1451 497 1516 550 ad
1566 495 1800 550 animam
1833 494 1879 552 Α
1909 489 2182 561 quidpiam
2217 487 2463 556 animari,
2484 491 2702 563 citoque
2726 487 2979 564 deiicere)
3019 507 3032 546 :
3069 491 3394 550 Gradiamur
3421 497 3488 552 si-

221 599 454 653 attinere
479 606 624 663 saepe
650 593 916 658 diximus;
956 603 1074 661 quae
1104 599 1308 660 septem
1339 596 1483 643 sunt.

291 687 455 742 Vnus.
491 686 548 739 4.
580 715 651 725 —-
682 683 911 738 Currens
935 684 1109 752 itaque
1134 680 1276 736 Esau
1299 679 1497 735 obuiam
1527 677 1681 748 fratri
1711 691 1806 731 suo

222 779 550 848 amplexatus
572 787 810 841 ealcum,
840 776 1195 846 stringensque
1238 775 1427 828 collum
1471 784 1518 829 et
1565 771 1806 827 osculans

221 871 378 942 fleuit.
414 868 668 924 Carnalis
695 868 941 924 voluntas
964 866 1162 922 fervori
1197 867 1384 922 divino
1441 875 1722 928 occursus,
1751 862 1805 918 id

223 943 674 1018 est'obedientiaa
723 957 1084 1012 reverentiam
1139 957 1380 1014 exhibet.
1421 955 1801 1025 Amplexatur,

223 1063 340 1108 eum
367 1051 656 1109 dexteram
687 1048 1067 1119 prosperitatis
1108 1047 1412 1116 irevamque
1459 1044 1806 1101 advel-sitatis

225 1143 534 1200 intellectus
563 1142 790 1196 arbitrio
815 1141 1032 1211 ingerit.
1056 1138 1262 1193 Cottum
1293 1139 1530 1208 stringit,
1557 1152 1677 1190 cum
1711 1151 1804 1189 vo-

223 1249 310 1290 ces
353 1233 713 1294 consiliorum
763 1232 880 1302 ejus
919 1230 1020 1286 sibi
1059 1238 1339 1302 gratanter
1389 1228 1611 1298 colligit.
1656 1226 1804 1283 Collo

221 1327 358 1384 enim
386 1341 491 1380 vox
523 1324 812 1380 emittitur.
843 1323 1148 1387 Osculatur,
1175 1337 1296 1377 cum
1331 1321 1470 1376 idem
1506 1320 1720 1391 sapiens
1748 1323 1804 1374 et

227 1417 510 1486 sapientiae
545 1416 730 1471 salivis
772 1415 902 1484 tingi
931 1429 988 1468 se
1020 1415 1244 1483 patitur,
1268 1421 1322 1467 et
1371 1413 1590 1482 spiritus
1625 1410 1805 1467 suavi-

223 1515 323 1562 tate
352 1507 642 1562 imbuitur.
671 1505 789 1561 Flet
834 1519 982 1570 vero,
1021 1520 1142 1560 cum
1173 1521 1200 1558 a
1231 1506 1394 1560 noxio
1430 1507 1655 1559 humore
1693 1503 1803 1572 spi-

222 1597 322 1652 ritu
357 1598 560 1650 eodem
592 1604 830 1650 torrente
857 1598 1108 1651 siccatur.
1141 1597 1327 1666 (Vens.
1361 1595 1442 1665 5.)
1495 1594 1803 1664 Levatisque

221 1685 376 1742 oculis
401 1687 538 1740 uidit
567 1687 810 1741 mulieres
833 1697 878 1740 et
909 1686 1156 1756 parvulos
1181 1695 1384 1739 earum.
1419 1683 1560 1750 Quid
1583 1685 1680 1748 ait,
1705 1683 1803 1737 sibi

221 1779 391 1834 uolunt
415 1780 557 1833 isti?
585 1779 652 1833 Et
680 1781 724 1833 si
751 1780 818 1833 ad
845 1789 893 1832 te
912 1779 1212 1848 pertinent?
1240 1778 1410 1832 Levat
1434 1777 1545 1847 jam
1575 1777 1642 1832 ab
1675 1775 1803 1831 imis

221 1872 398 1930 oculos
427 1873 604 1928 animi
633 1913 646 1936 ,
681 1880 737 1926 et
781 1846 927 1927 videt
955 1871 1078 1941 quia
1100 1869 1211 1940 jam
1239 1885 1344 1926 non
1372 1846 1576 1926 invidet
1615 1867 1802 1924 fecun-
1836 1846 1880 1902 Β

221 1963 439 2018 ditatem
511 1963 724 2034 piorum
789 1962 1292 2032 propesitorum,et
1343 1969 1557 2016 teneres
1619 1961 1797 2016 adhuc

221 2056 439 2113 effectus
495 2069 686 2112 eorum
759 2056 1056 2126 disquirit,
1101 2054 1227 2126 quid
1264 2055 1470 2118 velint,
1535 2069 1632 2126 per
1689 2051 1803 2110 haec

226 2148 392 2204 audin
439 2147 545 2204 sibi
610 2147 971 2218 conquirere,
1026 2157 1073 2201 et
1117 2145 1162 2200 si
1216 2145 1282 2202 ad
1322 2147 1553 2217 aliquem
1607 2145 1804 2202 intelli-J

229 2244 418 2314 gentia
439 2243 674 2298 fructum
698 2244 973 2313 pertinent.
1008 2239 1158 2298 Solet
1181 2242 1325 2297 enim
1349 2257 1476 2297 caro
1502 2243 1802 2312 praesertim

222 2335 358 2390 inter
375 2335 596 2391 labores
626 2337 690 2390 de
718 2335 938 2406 przemio
986 2336 1285 2404 requirere.
1315 2332 1533 2389 Parvuli
1557 2334 1800 2399 sunt,ait,

219 2441 337 2496 quos
357 2425 494 2478 mihi
519 2425 663 2479 dedit
692 2424 950 2478 Dominus
980 2439 1124 2478 servo
1155 2435 1263 2488 tuo,
1297 2425 1348 2478 id
1396 2433 1480 2479 est
1541 2426 1800 2478 virtutum

218 2515 440 2572 exordia
497 2526 660 2583 sunt,
695 2517 819 2571 licet
870 2516 1235 2585 intlrma,quae
1298 2515 1429 2570 mihi
1464 2511 1609 2571 dedit
1637 2515 1800 2580 Deus,

216 2618 268 2665 ut
293 2619 345 2666 et
385 2611 484 2666 tibi
525 2613 865 2666 honestatem
919 2611 1233 2680 conquiram
1269 2609 1377 2675 hic,
1407 2618 1462 2666 et
1514 2609 1567 2664 in
1619 2608 1802 2664 future

215 2707 436 2777 prtemia
481 2707 746 2762 servitute
775 2704 933 2776 digna
981 2705 1320 2774 conquiram.

283 2795 454 2854 Vens.
489 2798 544 2862 6,
583 2798 613 2850 7
657 2826 728 2840 υ·-
755 2796 1241 2868 Appropinquantes
1264 2795 1472 2852 ancilla:
1500 2805 1546 2851 et
1569 2796 1669 2867 ﬁlii
1713 2813 1804 2851 ea-

215 2901 321 2942 rum
349 2891 730 2954 incurventur,
753 2888 804 2942 id
827 2897 909 2949 est
939 2889 1002 2942 de
1031 2889 1359 2943 latebrarum
1388 2889 1693 2944 recessibus
1727 2888 1804 2941 vi-

219 2980 302 3046 lia,
324 2995 457 3036 cum
483 2980 600 3036 suis
627 2977 907 3035 effectibus
946 2981 1012 3035 ad
1039 2979 1395 3038 confessionis
1431 2979 1612 3036 lumen
1647 2997 1804 3037 acce-

214 3074 361 3132 denti
388 3075 496 3130 sub
521 3075 750 3130 rationis
778 3073 909 3145 jugo
947 3084 1262 3130 curvantur.
1325 3073 1420 3129 Lia
1469 3091 1585 3128 cum
1627 3075 1803 3129 liberis

217 3169 471 3225 similiter
495 3169 708 3234 aderat,
733 3169 861 3239 quia
892 3175 944 3223 et
972 3169 1142 3224 virtus
1169 3169 1369 3235 activa,
1391 3165 1574 3236 etejus
1603 3165 1800 3236 ollicia,
1831 3199 1877 3262 ε

220 3259 312 3316 sub
337 3261 574 3315 rationis
605 3261 932 3314 documento
955 3267 1075 3330 post
1125 3261 1242 3316 vitii
1291 3261 1694 3333 depressionem
1745 3277 1804 3317 se

218 3351 491 3415 ordinant,
523 3360 571 3404 et
611 3351 829 3404 extremi
863 3345 1062 3405 Rachel
1086 3361 1132 3405 et
1160 3351 1354 3422 Ioseph
1387 3353 1642 3418 adorant,
1677 3352 1804 3422 quia

219 3439 308 3496 bet
327 3441 724 3511 contemplatio
745 3457 864 3496 cum
891 3441 1144 3512 perlecta:
1171 3442 1396 3498 visionis
1417 3441 1558 3514 quod
1581 3453 1806 3514 ιιι-πεπο-

218 3532 361 3588 latur
391 3543 709 3604 augmento,
733 3533 888 3604 quasi
921 3537 1248 3607 supremitas
1285 3537 1634 3590 sanctitatum
1660 3552 1808 3592 sum-

218 3641 319 3682 ma:
355 3642 416 3682 se
441 3627 641 3682 rationi
682 3627 992 3684 lmmiliant.
1037 3629 1224 3699 (Vens.
1265 3629 1346 3700 8.)
1387 3631 1517 3696 Quae
1545 3642 1688 3697 sunt,
1723 3631 1806 3685 in-

220 3721 334 3789 quit
362 3718 612 3784 atl'ectus,
640 3721 753 3774 ἰδίω
779 3731 985 3784 tui-mre,
1020 3719 1071 3774 id
1103 3729 1186 3776 est
1210 3722 1472 3776 virtutum
1496 3723 1802 3793 congeries,

222 3824 358 3881 quas
388 3811 618 3878 ebriam,
639 3811 843 3866 scilicet
871 3813 1127 3867 adversus
1150 3811 1340 3867 habui?
1371 3812 1499 3880 Qum
1525 3815 1616 3868 tibi
1643 3831 1808 3870 causa

227 3903 421 3974 agendi
451 3903 565 3959 inec
606 3903 900 3958 incubuit?
931 3902 999 3956 Ut
1041 3905 1345 3969 invenirent,
1376 3905 1450 3959 ait
1482 3903 1808 3973 intellectus,

225 3997 276 4054 id
302 3995 647 4064 est,inveniri
680 3997 917 4052 iacerem
943 3997 994 4050 in
1021 4006 1337 4068 conspectu,
1355 3998 1534 4053 inacie
1560 3997 1810 4055 videlicet

228 4087 688 4148 causideratlonis
731 4101 835 4144 tute
895 4103 1001 4144 non
1052 4090 1377 4154 avaritiam,
1411 4087 1502 4144 sed
1555 4091 1804 4160 gratiam.

228 4183 414 4257 (Vens.
449 4183 527 4255 9.)
579 4181 762 4236 Habeo
801 4181 1050 4251 plurima,
1085 4181 1252 4251 frater
1288 4181 1378 4246 mi,
1412 4179 1513 4234 sint
1557 4191 1646 4235 tua
1695 4183 1809 4236 tibi.

227 4277 302 4334 Ac
332 4277 379 4333 si
417 4275 564 4332 dicat
602 4273 872 4330 :Frustra
928 4282 1208 4344 tantopere
1263 4272 1482 4337 niteris,
1512 4288 1632 4326 cum
1679 4275 1811 4330 mibi

229 4367 394 4421 multa
425 4367 652 4421 honesta
681 4365 735 4420 in
762 4364 1036 4420 voluntate
1069 4371 1378 4435 suppetant,
1413 4379 1531 4434 qua:
1557 4363 1624 4418 ad
1647 4365 1812 4419 vitam

231 4461 500 4516 suiliciant
535 4501 549 4524 ,
583 4475 682 4514 nec
741 4468 818 4513 tot
866 4460 1165 4515 nevitatum
1216 4456 1636 4528 ingestionibus,
1682 4473 1816 4526 quas

1911 579 2044 646 tnul,
2091 581 2296 650 pariter
2355 583 2565 638 scilicet
2610 584 3020 649 contendamus,
3049 601 3238 655 eraque
3291 590 3482 656 socius,

1911 671 2106 727 amodo
2133 672 2384 727 desiderii
2417 675 2512 727 tui.
2541 674 2808 746 Appetere
2837 691 2966 732 sane
2991 677 3388 746 quodammodo
3411 679 3487 735 ire

1909 772 2010 818 est.
2055 763 2211 819 Ratio
2236 777 2363 819 vero
2391 779 2794 836 praeproperam
2828 783 3046 824 necesse
3070 776 3154 824 est
3180 779 3486 828 remoretur

1908 855 2188 928 impewm.

1983 947 2142 1020 130
2165 947 2332 1004 Vens.
2373 943 2461 1003 15.
2492 979 2563 989 --
2590 943 2764 1017 Nosti,
2805 951 3033 1021 domine,
3065 955 3207 1026 quod
3230 958 3483 1027 parvulos

1906 1037 2125 1094 habeam
2155 1049 2377 1104 teneros,
2407 1049 2454 1094 et
2484 1055 2598 1096 oves
2633 1055 2694 1095 ac
2726 1042 2873 1097 boves
2899 1043 3030 1114 fetas
3090 1063 3310 1114 mecum,
3353 1067 3486 1120 quas

1905 1133 1950 1188 s'i
1973 1135 2026 1188 in
2066 1131 2386 1188 ambulando
2415 1133 2582 1202 fecero
2637 1133 2897 1200 laborare,
2933 1140 3221 1194 morientur
3251 1159 3356 1196 una
3401 1145 3485 1200 die

1907 1225 2078 1278 cuncti
2107 1241 2302 1295 greges.
2339 1223 2490 1292 Quod
2522 1233 2606 1280 est
2635 1225 2818 1280 dicere
2848 1243 2862 1282 :
2891 1217 3043 1282 Nosti
3076 1242 3142 1283 ex
3171 1232 3487 1300 nuperrima

1907 1318 2260 1372 conversione
2295 1319 2436 1387 quod
2469 1316 2681 1372 inﬁrma
2711 1319 2937 1374 habeam
2959 1319 3334 1390 primordia,et
3365 1341 3484 1378 oves

1906 1407 2338 1476 simplicitatem,
2355 1406 2603 1479 bovesque
2624 1409 2966 1464 discretionis
2997 1401 3184 1480 (boves
3202 1410 3345 1465 enim
3371 1421 3482 1466 ter-

1906 1515 2019 1558 ram
2052 1504 2368 1575 discutiunt)
2399 1505 2512 1561 solo
2538 1519 2680 1560 nunc
2714 1507 2947 1577 primum
2975 1508 3111 1562 bene
3149 1508 3342 1577 agendi
3391 1491 3490 1580 ap"

1905 1599 2073 1668 petitu
2104 1597 2366 1665 letantur,
2398 1617 2528 1671 quas
2552 1601 2597 1654 si
2625 1600 2908 1670 plusquam
2941 1601 3081 1655 vires
3120 1601 3346 1672 exigunt
3395 1618 3490 1656 co-

1905 1707 2064 1764 egere
2093 1709 2274 1764 agere,
2300 1695 2591 1748 morientur
2618 1693 2815 1749 fastidii
2842 1691 3053 1749 delectu
3089 1711 3194 1748 una
3222 1695 3337 1760 die;
3369 1695 3487 1765 ipse

1907 1770 2114 1840 scilicet
2150 1801 2260 1839 sum
2304 1785 2684 1840 iiiustratienis
2739 1784 2896 1840 initio
2950 1785 3217 1840 universa:
3275 1783 3488 1854 piarum

1907 1879 2293 1948 cogitationum
2327 1879 2630 1952 congeries.
2664 1878 2852 1950 (Vnus.
2881 1876 3280 1949 M.)Pra'cedat
3307 1877 3489 1933 Domi-

1907 1971 2003 2024 nus
2036 1979 2178 2022 tneus
2203 1979 2321 2024 ante
2360 1985 2562 2024 seruum
2590 1983 2764 2034 suum,
2797 1971 2844 2023 et
2888 1986 2980 2040 ego
3007 1985 3198 2038 sequar
3224 1967 3487 2039 paulatim

1906 2061 2122 2132 vestigia
2147 2061 2287 2132 ejus,
2310 2062 2444 2115 sicut
2468 2061 2644 2116 videro
2691 2079 2841 2133 posse
2861 2059 3105 2130 parvulos
3134 2077 3295 2127 meos,
3325 2059 3489 2114 donec

1906 2159 2106 2210 veniant
2138 2153 2204 2208 ad
2224 2155 2491 2209 dominum
2524 2171 2693 2209 nteant
2719 2155 2774 2208 in
2803 2149 2936 2209 Seir.
2962 2147 3135 2208 Tuum
3161 2163 3261 2222 est,
3290 2153 3488 2224 inquit,

1906 2263 2015 2317 pra:
2042 2248 2251 2300 cunctis
2276 2245 2440 2299 animi
2479 2243 2718 2303 motibus
2748 2243 2827 2299 ire
2853 2242 3100 2308 volende,
3125 2252 3171 2297 et
3197 2260 3288 2314 ego
3312 2241 3492 2314 gravi-

1909 2337 2034 2390 tatis
2057 2353 2152 2392 usu
2190 2337 2372 2406 probae
2395 2335 2611 2406 vestigia
2649 2334 2964 2390 intentionis
2983 2335 3255 2404 operando
3279 2349 3487 2404 sequar,

1907 2432 1984 2484 uti
2019 2431 2436 2483 teneriuulineni
2467 2444 2643 2482 meam
2673 2429 2781 2497 pati
2804 2443 2957 2497 posse
2993 2443 3216 2492 novere,
3241 2427 3402 2480 donec
3422 2423 3490 2480 ad

1910 2530 1980 2586 te,
2005 2521 2096 2590 qui
2128 2521 2387 2574 Dominus
2423 2519 2627 2573 sanctis
2658 2517 2944 2572 desideriis
2970 2515 3260 2587 przeeundo
3311 2529 3489 2581 mens,

1907 2623 1962 2670 et
1986 2615 2090 2668 dux
2120 2614 2235 2668 lore
2264 2615 2552 2677 debueras,
2585 2611 2786 2666 veniam
2811 2611 2864 2665 in
2889 2605 3026 2678 Selr,
3053 2611 3105 2664 id
3135 2610 3332 2665 esttibi
3357 2624 3493 2663 una-

1907 2707 2131 2762 nimiter
2155 2705 2432 2760 consecter
2458 2704 2512 2758 in
2552 2703 2866 2774 asperitatis
2888 2691 3234 2773 peccatorum
3276 2697 3494 2754 timrum

1908 2795 2269 2852 confessione.
3503 2789 3508 2794 “

1979 2885 2142 2942 Vens.
2175 2886 2260 2940 i5.
2294 2913 2364 2926 -—
2395 2881 2535 2938 Dicit
2566 2885 2612 2938 ei
2643 2883 2811 2938 Esau.
2838 2883 2944 2939 Ore
2995 2893 3045 2938 te
3083 2884 3140 2937 ut
3190 2881 3254 2937 de
3301 2880 3508 2953 populo'

1908 2981 1996 3052 qut
2021 2991 2220 3035 uterum
2249 2987 2349 3044 est,
2372 2977 2555 3032 saltent
2569 2977 2696 3031 socii
2720 2987 3020 3032 remaneant
3046 2977 3146 3031 via!
3172 2983 3298 3030 tute.
3326 2975 3495 3043 Quia,

1907 3074 2102 3145 inquit,
2119 3081 2178 3126 ut
2205 3073 2302 3128 tibi
2326 3072 2543 3126 credam
2571 3070 2896 3141 suggeris,si
2921 3075 2978 3123 ut
3005 3067 3097 3123 tibi
3121 3067 3496 3138 obtemperem

1906 3170 2009 3231 vis,
2039 3167 2231 3224 Saltem
2259 3166 2472 3236 aliquos
2515 3164 2906 3236 cogitationum
2961 3163 3140 3218 mintts
3177 3161 3493 3228 noxiarum,

1907 3271 2243 3334 operumque
2270 3258 2610 3315 smcularium
2641 3271 2770 3312 usus
2797 3255 2978 3311 studio
3005 3265 3092 3311 tne
3111 3257 3195 3312 vel
3220 3255 3496 3311 retnissie-

1906 3356 1990 3411 nis
2015 3353 2360 3425 aliquantulm
2393 3369 2552 3408 causa
2596 3352 2884 3422 permisce.
2919 3343 3063 3413 Non,
3088 3347 3163 3404 ait
3196 3349 3358 3414 ratio,
3401 3363 3490 3405 ne-

1907 3463 2046 3503 cesse
2067 3456 2173 3513 est;
2198 3447 2302 3501 hoc
2331 3453 2436 3511 est,
2465 3445 2606 3498 unde
2643 3451 2886 3498 nostrum
2919 3432 3110 3496 melius
3155 3433 3364 3496 levetur
3405 3437 3493 3496 ia-

1908 3541 2148 3598 stidium.
2181 3537 2298 3593 Uno
2337 3538 2568 3607 indigeo,
2600 3545 2656 3589 ut
2703 3535 2958 3589 inveniam
3005 3533 3060 3587 in
3107 3541 3405 3602 conspectu,
3440 3529 3497 3588 id

1909 3641 1990 3688 est
2011 3633 2063 3687 in
2093 3641 2184 3685 tua
2207 3629 2430 3702 gratiam
2455 3627 2765 3696 provisidne
2785 3623 3044 3679 divinam.
3071 3621 3259 3695 (Vitas.
3278 3607 3498 3694 16,17.)

1912 3725 2169 3779 Reversus
2204 3733 2279 3776 est
2303 3719 2479 3791 itaque
2515 3718 2663 3775 Esau
2687 3717 2779 3773 illo
2801 3715 2886 3772 die
2916 3719 3099 3772 itinere
3135 3733 3234 3788 quo
3290 3713 3522 3772 venerat'

1911 3825 1965 3878 in
1993 3819 2132 3878 Seir.
2166 3815 2234 3876 Et
2263 3817 2430 3875 Jacob
2455 3820 2590 3874 venit
2613 3819 2666 3872 in
2691 3815 2901 3881 Socoth,
2927 3815 3035 3881 ubi,
3064 3813 3324 3884 ludificata
3344 3811 3499 3868 domo

1912 3921 1958 3970 et
1981 3913 2104 3984 fixis
2129 3914 2384 3976 tentoriis,
2411 3909 2686 3982 appellarit
2713 3909 2884 3962 locum
2910 3905 3123 3971 Socoth,
3152 3905 3206 3960 ld
3229 3916 3302 3960 est
3326 3905 3502 3960 taber-

1917 4005 2130 4060 macula.
2155 4003 2402 4058 Carnalis
2459 4001 2728 4072 appetitus
2768 4001 2990 4055 luminis
3019 3998 3235 4069 snperni
3270 3995 3383 4066 jam
3413 3993 3501 4052 die

1919 4097 2154 4166 i‘nlgidus
2185 4097 2377 4152 iisdem
2401 4094 2708 4151 devotionis
2746 4093 3042 4166 gressibus,
3071 4079 3267 4161 quibus
3303 4089 3502 4144 rationi

1915 4193 2268 4251 convenerat,
2300 4185 2510 4256 singula
2541 4197 2772 4255 qumque
2819 4189 3040 4253 peccata
3069 4187 3128 4235 tit
3172 4177 3322 4252 gesta
3354 4185 3497 4240 sunt,

1917 4283 2099 4336 secum
2133 4277 2580 4350 poenitentialiter
2609 4273 2959 4330 memorando
2989 4272 3301 4334 revertitur,
3330 4265 3502 4324 denec

1919 4365 2326 4441 superﬂuitatis,
2359 4367 2692 4438 asperitatis,
2721 4379 2785 4421 ac
2818 4363 3007 4420 ietoris
3050 4363 3133 4418 sui
3175 4361 3526 4432 cogitatione

1919 4471 2210 4520 mactetur.
2243 4461 2364 4517 Seir
2393 4462 2539 4518 enim
2572 4459 2774 4530 pilosus
2803 4455 2887 4510 vel
2922 4455 3099 4509 hircus
3130 4453 3348 4507 dicitur.
3399 4449 3497 4514 ibi,

229 4568 393 4623 penes
419 4561 470 4607 te
500 4551 676 4619 video,
710 4567 919 4623 egeam.
975 4549 1113 4616 Noli,
1142 4549 1476 4614 intellectus,
1513 4548 1588 4603 ita
1622 4547 1691 4602 ab
1727 4565 1807 4603 ar-

1919 4570 1983 4610 ae
2008 4555 2054 4609 si
2087 4555 2141 4608 in
2177 4556 2362 4618 domo,
2395 4557 2808 4623 perseveranter
2839 4537 3067 4613 habitat,
3099 4543 3210 4614 figit
3243 4541 3497 4607 tentoria,

231 4656 379 4716 repto
411 4646 664 4700 deiicere.
715 4642 900 4714 (Vens.
936 4639 1048 4710 10.)
1087 4638 1189 4695 Sed
1221 4639 1267 4694 si
1295 4641 1466 4696 inveni
1488 4639 1602 4709 jam
1644 4639 1813 4695 semel

230 4735 280 4791 in
310 4737 497 4801 oculis,
516 4733 725 4791 scilicet
754 4731 1053 4788 intentione
1086 4741 1193 4798 tua,
1219 4730 1671 4802 gratiam,patere
1700 4748 1814 4786 mu-

233 4831 508 4886 nusculth
545 4828 912 4900 temperantia:
931 4828 994 4881 de
1016 4825 1274 4890 manibus,
1298 4826 1440 4896 quod
1467 4835 1552 4882 est
1597 4825 1663 4882 de
1687 4841 1815 4896 ope-

235 4941 349 4980 rum
387 4943 634 4982 meorum
665 4925 928 4981 exercitio
956 4940 1192 4979 sumere.
1223 4923 1313 4980 Sic
1339 4924 1480 4979 enim
1504 4938 1626 4980 cum
1652 4924 1814 4980 intel-

235 5015 391 5074 lectui
434 5017 641 5090 pridem
673 5016 855 5071 lavere
891 5016 1128 5085 coepisti,
1161 5016 1288 5081 uidi,
1315 5017 1367 5070 id
1409 5023 1493 5072 est
1532 5025 1816 5086 acceptam

235 5107 393 5165 habui
423 5109 634 5179 faciem,
670 5108 916 5164 notitiam
959 5107 1211 5162 videlicet
1257 5116 1428 5176 tuam,
1460 5124 1566 5180 qua
1614 5123 1644 5163 a
1703 5109 1815 5162 Dee

239 5203 404 5267 uesci,
429 5201 481 5256 id
508 5212 590 5257 est
617 5201 905 5273 approbari
933 5201 1356 5271 θωνα-θεμιπιωί
1379 5201 1596 5256 viderim
1615 5200 1816 5256 vultum

239 5293 356 5359 Dei,
385 5303 444 5348 ut
485 5309 673 5350 revera
724 5293 880 5366 plane
923 5293 1280 5364 intelligerem
1333 5293 1666 5347 voluntatem
1719 5292 1816 5346 Dei

242 5386 480 5457 illapsam
519 5386 636 5442 tibi.
669 5386 786 5452 Vel,
812 5387 1029 5453 vultum,
1059 5386 1112 5441 id
1144 5393 1226 5442 est
1270 5383 1615 5441 severitatem
1645 5383 1738 5439 Dei
1768 5393 1817 5438 te

241 5480 588 5550 pertimuisse
621 5479 986 5551 cognoverim.

318 5572 480 5627 Vens.
512 5569 712 5637 11,12.
740 5602 808 5612 -
843 5571 1058 5640 Suscipe
1089 5585 1218 5641 ergo
1241 5585 1348 5624 non
1390 5567 1529 5638 quod
1576 5567 1820 5628 instituas

243 5661 642 5728 delrin'tcntum,
673 5665 763 5718 sed
800 5665 1227 5728 benedictionem,
1255 5663 1307 5716 id
1360 5670 1444 5716 est
1496 5661 1823 5735 inuitiptica-

246 5758 402 5814 lienis
433 5772 802 5829 augmentum.
841 5760 939 5814 Vix.
953 5759 1122 5828 fratre
1152 5757 1488 5830 ςεθξγςιίεηῶ
1515 5761 1819 5834 suscipiens,

244 5851 327 5905 vix
354 5853 564 5909 scilicet
611 5853 805 5907 rationi
842 5853 1047 5924 favens,
1081 5858 1150 5910 u'it
1185 5857 1540 5928 (consuetudo
1588 5861 1670 5910 est
1721 5854 1824 5908 ltu-

1918 4646 2196 4701 radicatur
2217 4645 2483 4699 cbaritate
2505 4643 2930 4700 distenta,voeat
2966 4638 3066 4693 loci
3098 4644 3297 4692 statum
3322 4634 3502 4690 taber-

1916 4738 2134 4804 nacula,
2151 4737 2274 4806 quia
2307 4737 2357 4790 in
2385 4729 3087 4796 charitatisimmobilitate,
3103 4727 3305 4783 multus
3325 4726 3498 4794 labor,

1916 4829 2086 4884 multa
2111 4836 2194 4883 est
2221 4826 2432 4882 militia.

1990 4919 2156 4976 Vens.
2190 4920 2276 4976 i8.
2308 4939 2378 4960 —-'-
2399 4918 2527 4974 Inde
2551 4917 2741 4970 transit
2767 4915 2820 4969 in
2861 4914 3063 4980 Solem,
3093 4931 3213 4985 quin
3235 4915 3501 4983 interpre-

1918 5024 2066 5070 tatur
2093 5012 2536 5084 perfecta,urbem
2565 5010 2941 5070 Sichimorum.
2959 5013 3101 5080 Quod
3127 5020 3210 5065 est
3229 5011 3498 5073 humerus,

1919 5109 1973 5163 in
2013 5123 2122 5178 quo
2153 5107 2470 5176 intelligitur
2493 5104 2936 5170 ebedientia;cui
2965 5105 3286 5171 supponitur
3307 5102 3501 5158 humo-

1920 5197 2118 5267 rus-ad
2154 5196 2374 5252 ferenda
2405 5204 2800 5265 przeceptorum
2847 5205 3036 5262 altera,
3077 5195 3218 5251 haud
3280 5195 3503 5250 dubium

1919 5292 2047 5362 quin
2077 5292 2191 5362 ipsa
2217 5290 2497 5361 patientia,
2519 5305 2636 5365 quis
2662 5288 2792 5348 urbs
2815 5292 3021 5347 scilicet
3042 5287 3327 5343 munitioni
3351 5295 3504 5342 terna

1921 5385 2156 5438 ltabelltl'
2187 5385 2238 5435 in
2271 5381 2550 5452 Clmnaan,
2586 5387 2640 5440 id
2669 5394 2751 5440 est
2781 5382 3100 5439 mutationis
3121 5391 3280 5444 terra,
3314 5380 3367 5434 in
3399 5391 3506 5447 quo
3531 5365 3575 5400 ‘7

1923 5474 2246 5550 intelligitur
2271 5493 2480 5532 morum
2501 5477 2787 5532 conversio
2811 5475 3041 5546 integra.
3073 5471 3333 5526 Chanaan
3359 5483 3508 5522 nam-

1925 5587 2028 5642 que
2057 5571 2254 5625 dicitur
2279 5579 2499 5622 inarata.
2533 5568 2685 5634 Quod
2717 5576 2885 5622 totum
2916 5574 2999 5621 est
3029 5584 3042 5620 :
3077 5561 3315 5619 Profecit
3337 5573 3510 5631 usque

1927 5667 1993 5720 ad
2025 5665 2206 5718 Saicm
2259 5662 2623 5716 Sicbimorum
2673 5662 2863 5715 urbem
2910 5661 2961 5713 in
3010 5668 3156 5712 terra
3221 5656 3505 5717 Chanaan,

1927 5757 2085 5828 plane
2133 5756 2197 5808 ad
2251 5754 2641 5823 perfectionem
2687 5751 3008 5806 lmmilitatis
3060 5759 3117 5804 et
3162 5745 3507 5808 obedientite,

1928 5865 2050 5922 qua:
2084 5849 2478 5904 munimentum
2512 5847 2624 5901 sola
2656 5857 2760 5912 est,
2801 5845 2978 5900 omnis
3018 5843 3236 5897 virtutis
3287 5839 3508 5906 reliquae

245 5937 416 6004 mana:
475 5947 768 6004 voluntatis
815 5946 924 6010 cito
972 5949 1192 6022 ouidem
1248 5949 1382 6009 satis
1430 5949 1500 6008 ad
1546 5947 1828 6020 spirituale
1862 5945 2421 6026 etﬁrmamentum
2446 5939 2988 6002 morummutationis
3018 5936 3192 5992 factae.
3225 5932 3512 6001 Postquam
