  <div class='ocr_page' id='page_1' title='image "/cluster/home/n/w/nwhite01/storage/ocr_20150623/156/hvd.32044010683712/129.png"; bbox 0 0 3982 6360; ppageno 0'>
   <div class='ocr_carea' id='block_1_1' title="bbox 376 186 2111 262">
    <p class='ocr_par' dir='ltr' id='par_1_1' title="bbox 376 186 2111 262">
     <span class='ocr_line' id='line_1_1' title="bbox 376 186 2111 262; baseline -0.009 -5"><span class='ocrx_word' id='word_1_1' title='bbox 376 200 401 257; x_wconf 61' lang='grc' dir='ltr'>ὲ</span> <span class='ocrx_word' id='word_1_2' title='bbox 463 203 573 262; x_wconf 70' lang='grc'><strong>247</strong></span> <span class='ocrx_word' id='word_1_3' title='bbox 1256 194 1319 252; x_wconf 77' lang='grc' dir='ltr'><strong>ν.</strong></span> <span class='ocrx_word' id='word_1_4' title='bbox 1351 191 1676 253; x_wconf 79' lang='lat' dir='ltr'><strong>GUIBERTI</strong></span> <span class='ocrx_word' id='word_1_5' title='bbox 1725 188 2015 246; x_wconf 75' lang='lat' dir='ltr'><strong>ABBATIS</strong></span> <span class='ocrx_word' id='word_1_6' title='bbox 2052 186 2111 242; x_wconf 91' lang='lat' dir='ltr'><strong>S.</strong></span> 
     </span>
    </p>
   </div>
   <div class='ocr_carea' id='block_1_2' title="bbox 464 302 2126 386">
    <p class='ocr_par' dir='ltr' id='par_1_2' title="bbox 464 302 2126 386">
     <span class='ocr_line' id='line_1_2' title="bbox 464 302 2126 386; baseline -0.006 -17"><span class='ocrx_word' id='word_1_7' title='bbox 464 329 730 386; x_wconf 71' lang='lat' dir='ltr'><strong>regressus</strong></span> <span class='ocrx_word' id='word_1_8' title='bbox 758 321 832 367; x_wconf 88' lang='lat' dir='ltr'><strong>est</strong></span> <span class='ocrx_word' id='word_1_9' title='bbox 857 305 1019 368; x_wconf 75' lang='lat' dir='ltr'><strong>Iacob</strong></span> <span class='ocrx_word' id='word_1_10' title='bbox 1039 305 1103 365; x_wconf 81' lang='lat' dir='ltr'><strong>de</strong></span> <span class='ocrx_word' id='word_1_11' title='bbox 1132 308 1507 379; x_wconf 75' lang='lat' dir='ltr'><strong>MesOpotamta</strong></span> <span class='ocrx_word' id='word_1_12' title='bbox 1533 306 1743 377; x_wconf 64' lang='lat' dir='ltr'><strong>Syriae;</strong></span> <span class='ocrx_word' id='word_1_13' title='bbox 1768 314 1814 359; x_wconf 88' lang='lat' dir='ltr'><strong>et</strong></span> <span class='ocrx_word' id='word_1_14' title='bbox 1845 304 2050 359; x_wconf 84' lang='lat' dir='ltr'><strong>habita-</strong></span> <span class='ocrx_word' id='word_1_15' title='bbox 2077 302 2126 359; x_wconf 84' lang='grc' dir='ltr'><strong>Α</strong></span> 
     </span>
    </p>
   </div>
   <div class='ocr_carea' id='block_1_3' title="bbox 463 392 2049 479">
    <p class='ocr_par' dir='ltr' id='par_1_3' title="bbox 463 392 2049 479">
     <span class='ocr_line' id='line_1_3' title="bbox 463 392 2049 479; baseline -0.011 -15"><span class='ocrx_word' id='word_1_16' title='bbox 463 410 536 464; x_wconf 80' lang='lat' dir='ltr'><strong>vit</strong></span> <span class='ocrx_word' id='word_1_17' title='bbox 551 408 715 479; x_wconf 73' lang='lat' dir='ltr'><strong>juxta</strong></span> <span class='ocrx_word' id='word_1_18' title='bbox 739 405 1004 475; x_wconf 88' lang='lat' dir='ltr'><strong>oppidum,</strong></span> <span class='ocrx_word' id='word_1_19' title='bbox 1031 402 1083 458; x_wconf 88' lang='lat' dir='ltr'><strong>id</strong></span> <span class='ocrx_word' id='word_1_20' title='bbox 1115 410 1197 456; x_wconf 90' lang='lat' dir='ltr'><strong>est</strong></span> <span class='ocrx_word' id='word_1_21' title='bbox 1231 401 1318 455; x_wconf 89' lang='lat' dir='ltr'><strong>ubi</strong></span> <span class='ocrx_word' id='word_1_22' title='bbox 1370 415 1468 470; x_wconf 89' lang='lat' dir='ltr'><strong>per</strong></span> <span class='ocrx_word' id='word_1_23' title='bbox 1495 399 1838 453; x_wconf 89' lang='lat' dir='ltr'><strong>vocationem</strong></span> <span class='ocrx_word' id='word_1_24' title='bbox 1879 392 2049 448; x_wconf 91' lang='lat' dir='ltr'><strong>subli-</strong></span> 
     </span>
    </p>
   </div>
   <div class='ocr_carea' id='block_1_4' title="bbox 464 487 2052 565">
    <p class='ocr_par' dir='ltr' id='par_1_4' title="bbox 464 487 2052 565">
     <span class='ocr_line' id='line_1_4' title="bbox 464 487 2052 565; baseline -0.01 -9"><span class='ocrx_word' id='word_1_25' title='bbox 464 514 633 565; x_wconf 86' lang='lat' dir='ltr'><strong>mem,</strong></span> <span class='ocrx_word' id='word_1_26' title='bbox 668 498 907 552; x_wconf 82' lang='lat' dir='ltr'><strong>divinam</strong></span> <span class='ocrx_word' id='word_1_27' title='bbox 958 493 1183 555; x_wconf 88' lang='lat' dir='ltr'><strong>scilicet,</strong></span> <span class='ocrx_word' id='word_1_28' title='bbox 1229 491 1471 547; x_wconf 89' lang='lat' dir='ltr'><strong>elevatur</strong></span> <span class='ocrx_word' id='word_1_29' title='bbox 1512 492 1580 545; x_wconf 91' lang='lat' dir='ltr'><strong>ab</strong></span> <span class='ocrx_word' id='word_1_30' title='bbox 1614 489 1767 554; x_wconf 85' lang='lat' dir='ltr'><strong>imis,</strong></span> <span class='ocrx_word' id='word_1_31' title='bbox 1798 495 1853 542; x_wconf 85' lang='lat' dir='ltr'><strong>et</strong></span> <span class='ocrx_word' id='word_1_32' title='bbox 1881 487 1948 541; x_wconf 88' lang='lat' dir='ltr'><strong>ad</strong></span> <span class='ocrx_word' id='word_1_33' title='bbox 1992 500 2052 541; x_wconf 88' lang='lat' dir='ltr'><strong>se</strong></span> 
     </span>
    </p>
   </div>
   <div class='ocr_carea' id='block_1_5' title="bbox 465 578 2046 663">
    <p class='ocr_par' dir='ltr' id='par_1_5' title="bbox 465 578 2046 663">
     <span class='ocr_line' id='line_1_5' title="bbox 465 578 2046 663; baseline -0.011 -15"><span class='ocrx_word' id='word_1_34' title='bbox 465 593 693 663; x_wconf 86' lang='lat' dir='ltr'><strong>spiritus</strong></span> <span class='ocrx_word' id='word_1_35' title='bbox 730 597 914 644; x_wconf 90' lang='lat' dir='ltr'><strong>noster</strong></span> <span class='ocrx_word' id='word_1_36' title='bbox 936 585 1271 656; x_wconf 77' lang='lat' dir='ltr'><strong>regreditur,</strong></span> <span class='ocrx_word' id='word_1_37' title='bbox 1295 592 1351 638; x_wconf 91' lang='lat' dir='ltr'><strong>et</strong></span> <span class='ocrx_word' id='word_1_38' title='bbox 1380 584 1432 637; x_wconf 92' lang='lat' dir='ltr'><strong>in</strong></span> <span class='ocrx_word' id='word_1_39' title='bbox 1462 581 1733 650; x_wconf 89' lang='lat' dir='ltr'><strong>adjutorio</strong></span> <span class='ocrx_word' id='word_1_40' title='bbox 1760 578 2046 642; x_wconf 87' lang='lat' dir='ltr'><strong>Altissimi,</strong></span> 
     </span>
    </p>
   </div>
   <div class='ocr_carea' id='block_1_6' title="bbox 462 671 2050 753">
    <p class='ocr_par' dir='ltr' id='par_1_6' title="bbox 462 671 2050 753">
     <span class='ocr_line' id='line_1_6' title="bbox 462 671 2050 753; baseline -0.008 -16"><span class='ocrx_word' id='word_1_41' title='bbox 462 683 560 753; x_wconf 87' lang='lat' dir='ltr'><strong>qui</strong></span> <span class='ocrx_word' id='word_1_42' title='bbox 593 695 720 736; x_wconf 90' lang='lat' dir='ltr'><strong>vere</strong></span> <span class='ocrx_word' id='word_1_43' title='bbox 751 679 903 734; x_wconf 91' lang='lat' dir='ltr'><strong>nobis</strong></span> <span class='ocrx_word' id='word_1_44' title='bbox 927 691 1082 746; x_wconf 82' lang='lat' dir='ltr'><strong>Opem</strong></span> <span class='ocrx_word' id='word_1_45' title='bbox 1134 676 1247 738; x_wconf 90' lang='lat' dir='ltr'><strong>dat,</strong></span> <span class='ocrx_word' id='word_1_46' title='bbox 1273 675 1426 744; x_wconf 88' lang='lat' dir='ltr'><strong>quasi</strong></span> <span class='ocrx_word' id='word_1_47' title='bbox 1462 674 1616 743; x_wconf 74' lang='lat' dir='ltr'><strong>juxta</strong></span> <span class='ocrx_word' id='word_1_48' title='bbox 1662 672 1915 741; x_wconf 82' lang='lat' dir='ltr'><strong>Oppidum</strong></span> <span class='ocrx_word' id='word_1_49' title='bbox 1953 671 2050 725; x_wconf 85' lang='lat' dir='ltr'><strong>ha-</strong></span> 
     </span>
    </p>
   </div>
   <div class='ocr_carea' id='block_1_7' title="bbox 466 766 2050 841">
    <p class='ocr_par' dir='ltr' id='par_1_7' title="bbox 466 766 2050 841">
     <span class='ocr_line' id='line_1_7' title="bbox 466 766 2050 841; baseline -0.008 -9"><span class='ocrx_word' id='word_1_50' title='bbox 466 776 604 832; x_wconf 83' lang='lat' dir='ltr'><strong>bitat</strong></span> <span class='ocrx_word' id='word_1_51' title='bbox 667 771 835 831; x_wconf 82' lang='lat' dir='ltr'><strong>(Psal.</strong></span> <span class='ocrx_word' id='word_1_52' title='bbox 908 785 1015 836; x_wconf 81' lang='lat' dir='ltr'><strong>xc,</strong></span> <span class='ocrx_word' id='word_1_53' title='bbox 1060 770 1135 835; x_wconf 76' lang='lat' dir='ltr'><strong>i).</strong></span> <span class='ocrx_word' id='word_1_54' title='bbox 1171 768 1361 841; x_wconf 72' lang='lat' dir='ltr'><strong>(Vsus.</strong></span> <span class='ocrx_word' id='word_1_55' title='bbox 1405 769 1519 837; x_wconf 76' lang='lat'><strong>‘19.)</strong></span> <span class='ocrx_word' id='word_1_56' title='bbox 1565 766 1810 837; x_wconf 85' lang='lat' dir='ltr'><strong>Emitque</strong></span> <span class='ocrx_word' id='word_1_57' title='bbox 1851 776 2050 836; x_wconf 89' lang='lat' dir='ltr'><strong>partem</strong></span> 
     </span>
    </p>
   </div>
   <div class='ocr_carea' id='block_1_8' title="bbox 466 858 2049 938">
    <p class='ocr_par' dir='ltr' id='par_1_8' title="bbox 466 858 2049 938">
     <span class='ocr_line' id='line_1_8' title="bbox 466 858 2049 938; baseline -0.007 -16"><span class='ocrx_word' id='word_1_58' title='bbox 466 868 602 938; x_wconf 87' lang='lat' dir='ltr'><strong>agri,</strong></span> <span class='ocrx_word' id='word_1_59' title='bbox 631 866 683 920; x_wconf 89' lang='lat' dir='ltr'><strong>id</strong></span> <span class='ocrx_word' id='word_1_60' title='bbox 706 872 790 919; x_wconf 91' lang='lat' dir='ltr'><strong>est</strong></span> <span class='ocrx_word' id='word_1_61' title='bbox 816 872 1025 933; x_wconf 89' lang='lat' dir='ltr'><strong>partem</strong></span> <span class='ocrx_word' id='word_1_62' title='bbox 1054 860 1245 924; x_wconf 89' lang='lat' dir='ltr'><strong>animi,</strong></span> <span class='ocrx_word' id='word_1_63' title='bbox 1271 860 1362 929; x_wconf 88' lang='lat' dir='ltr'><strong>qui</strong></span> <span class='ocrx_word' id='word_1_64' title='bbox 1393 874 1519 929; x_wconf 86' lang='lat' dir='ltr'><strong>ager</strong></span> <span class='ocrx_word' id='word_1_65' title='bbox 1541 858 1686 913; x_wconf 86' lang='lat' dir='ltr'><strong>cultu</strong></span> <span class='ocrx_word' id='word_1_66' title='bbox 1726 858 1917 927; x_wconf 86' lang='lat' dir='ltr'><strong>dignus</strong></span> <span class='ocrx_word' id='word_1_67' title='bbox 1944 866 2049 921; x_wconf 89' lang='lat' dir='ltr'><strong>est,</strong></span> 
     </span>
    </p>
   </div>
   <div class='ocr_carea' id='block_1_9' title="bbox 466 949 2041 1028">
    <p class='ocr_par' dir='ltr' id='par_1_9' title="bbox 466 949 2041 1028">
     <span class='ocr_line' id='line_1_9' title="bbox 466 949 2041 1028; baseline -0.009 -12"><span class='ocrx_word' id='word_1_68' title='bbox 466 958 671 1016; x_wconf 89' lang='lat' dir='ltr'><strong>scilicet</strong></span> <span class='ocrx_word' id='word_1_69' title='bbox 699 958 873 1028; x_wconf 91' lang='lat' dir='ltr'><strong>ipsum</strong></span> <span class='ocrx_word' id='word_1_70' title='bbox 918 952 1195 1009; x_wconf 82' lang='lat' dir='ltr'><strong>carnalem</strong></span> <span class='ocrx_word' id='word_1_71' title='bbox 1244 949 1517 1011; x_wconf 63' lang='lat' dir='ltr'><strong>allectum.</strong></span> <span class='ocrx_word' id='word_1_72' title='bbox 1553 950 1643 1019; x_wconf 87' lang='lat' dir='ltr'><strong>qui</strong></span> <span class='ocrx_word' id='word_1_73' title='bbox 1703 950 1865 1003; x_wconf 90' lang='lat' dir='ltr'><strong>animi</strong></span> <span class='ocrx_word' id='word_1_74' title='bbox 1914 963 2041 1018; x_wconf 89' lang='lat' dir='ltr'><strong>pars</strong></span> 
     </span>
    </p>
   </div>
   <div class='ocr_carea' id='block_1_10' title="bbox 463 1042 2051 1115">
    <p class='ocr_par' dir='ltr' id='par_1_10' title="bbox 463 1042 2051 1115">
     <span class='ocr_line' id='line_1_10' title="bbox 463 1042 2051 1115; baseline -0.008 -8"><span class='ocrx_word' id='word_1_75' title='bbox 463 1050 695 1108; x_wconf 83' lang='lat' dir='ltr'><strong>inferior</strong></span> <span class='ocrx_word' id='word_1_76' title='bbox 720 1058 825 1115; x_wconf 86' lang='lat' dir='ltr'><strong>est,</strong></span> <span class='ocrx_word' id='word_1_77' title='bbox 855 1057 910 1103; x_wconf 91' lang='lat' dir='ltr'><strong>et</strong></span> <span class='ocrx_word' id='word_1_78' title='bbox 939 1048 993 1101; x_wconf 93' lang='lat' dir='ltr'><strong>in</strong></span> <span class='ocrx_word' id='word_1_79' title='bbox 1018 1060 1121 1113; x_wconf 89' lang='lat' dir='ltr'><strong>qua</strong></span> <span class='ocrx_word' id='word_1_80' title='bbox 1147 1043 1442 1113; x_wconf 89' lang='lat' dir='ltr'><strong>spiritualis</strong></span> <span class='ocrx_word' id='word_1_81' title='bbox 1469 1043 1674 1098; x_wconf 67' lang='lat' dir='ltr'><strong>militia:</strong></span> <span class='ocrx_word' id='word_1_82' title='bbox 1708 1042 2051 1097; x_wconf 84' lang='lat' dir='ltr'><strong>tabernacula</strong></span> 
     </span>
    </p>
   </div>
   <div class='ocr_carea' id='block_1_11' title="bbox 455 1128 2049 1214">
    <p class='ocr_par' dir='ltr' id='par_1_11' title="bbox 455 1128 2049 1214">
     <span class='ocr_line' id='line_1_11' title="bbox 455 1128 2049 1214; baseline -0.007 -18"><span class='ocrx_word' id='word_1_83' title='bbox 455 1142 572 1214; x_wconf 85' lang='lat' dir='ltr'><strong>jam</strong></span> <span class='ocrx_word' id='word_1_84' title='bbox 608 1138 958 1195; x_wconf 89' lang='lat' dir='ltr'><strong>visceraliter</strong></span> <span class='ocrx_word' id='word_1_85' title='bbox 996 1136 1211 1189; x_wconf 76' lang='lat' dir='ltr'><strong>fixerat.</strong></span> <span class='ocrx_word' id='word_1_86' title='bbox 1256 1128 1422 1196; x_wconf 82' lang='lat' dir='ltr'><strong>Emit,</strong></span> <span class='ocrx_word' id='word_1_87' title='bbox 1451 1134 1691 1203; x_wconf 90' lang='lat' dir='ltr'><strong>inquam,</strong></span> <span class='ocrx_word' id='word_1_88' title='bbox 1716 1148 1832 1187; x_wconf 86' lang='lat' dir='ltr'><strong>eam</strong></span> <span class='ocrx_word' id='word_1_89' title='bbox 1865 1150 1896 1185; x_wconf 90' lang='lat' dir='ltr'><strong>a</strong></span> <span class='ocrx_word' id='word_1_90' title='bbox 1923 1131 2049 1200; x_wconf 85' lang='lat' dir='ltr'><strong>ﬁliis</strong></span> 
     </span>
    </p>
   </div>
   <div class='ocr_carea' id='block_1_12' title="bbox 461 1222 2053 1297">
    <p class='ocr_par' dir='ltr' id='par_1_12' title="bbox 461 1222 2053 1297">
     <span class='ocr_line' id='line_1_12' title="bbox 461 1222 2053 1297; baseline -0.004 -13"><span class='ocrx_word' id='word_1_91' title='bbox 461 1230 669 1284; x_wconf 77' lang='lat' dir='ltr'><strong>Hemor</strong></span> <span class='ocrx_word' id='word_1_92' title='bbox 698 1229 869 1297; x_wconf 81' lang='lat' dir='ltr'><strong>patris</strong></span> <span class='ocrx_word' id='word_1_93' title='bbox 900 1224 1106 1280; x_wconf 83' lang='lat' dir='ltr'><strong>Sic/tem</strong></span> <span class='ocrx_word' id='word_1_94' title='bbox 1129 1233 1331 1279; x_wconf 83' lang='lat' dir='ltr'><strong>centum</strong></span> <span class='ocrx_word' id='word_1_95' title='bbox 1355 1226 1775 1294; x_wconf 78' lang='lat' dir='ltr'><strong>agnis,expenso</strong></span> <span class='ocrx_word' id='word_1_96' title='bbox 1804 1222 2053 1277; x_wconf 67' lang='lat' dir='ltr'><strong>videlicet</strong></span> 
     </span>
    </p>
   </div>
   <div class='ocr_carea' id='block_1_13' title="bbox 460 1315 2053 1388">
    <p class='ocr_par' dir='ltr' id='par_1_13' title="bbox 460 1315 2053 1388">
     <span class='ocr_line' id='line_1_13' title="bbox 460 1315 2053 1388; baseline -0.005 -11"><span class='ocrx_word' id='word_1_97' title='bbox 460 1320 710 1377; x_wconf 88' lang='lat' dir='ltr'><strong>omnium</strong></span> <span class='ocrx_word' id='word_1_98' title='bbox 743 1317 918 1388; x_wconf 88' lang='lat' dir='ltr'><strong>pretio</strong></span> <span class='ocrx_word' id='word_1_99' title='bbox 940 1317 1299 1386; x_wconf 82' lang='lat' dir='ltr'><strong>voluptatum,</strong></span> <span class='ocrx_word' id='word_1_100' title='bbox 1332 1317 1511 1387; x_wconf 81' lang='lat' dir='ltr'><strong>abegit</strong></span> <span class='ocrx_word' id='word_1_101' title='bbox 1537 1333 1656 1372; x_wconf 89' lang='lat' dir='ltr'><strong>eam</strong></span> <span class='ocrx_word' id='word_1_102' title='bbox 1686 1318 1754 1370; x_wconf 90' lang='lat' dir='ltr'><strong>ab</strong></span> <span class='ocrx_word' id='word_1_103' title='bbox 1801 1315 2053 1386; x_wconf 87' lang='lat' dir='ltr'><strong>operibus</strong></span> 
     </span>
    </p>
   </div>
   <div class='ocr_carea' id='block_1_14' title="bbox 463 1408 2053 1479">
    <p class='ocr_par' dir='ltr' id='par_1_14' title="bbox 463 1408 2053 1479">
     <span class='ocr_line' id='line_1_14' title="bbox 463 1408 2053 1479; baseline -0.003 -13"><span class='ocrx_word' id='word_1_104' title='bbox 463 1409 673 1475; x_wconf 81' lang='lat' dir='ltr'><strong>carnis,</strong></span> <span class='ocrx_word' id='word_1_105' title='bbox 694 1424 814 1479; x_wconf 71' lang='lat' dir='ltr'><strong>qua:</strong></span> <span class='ocrx_word' id='word_1_106' title='bbox 840 1408 915 1463; x_wconf 91' lang='lat' dir='ltr'><strong>nil</strong></span> <span class='ocrx_word' id='word_1_107' title='bbox 944 1408 1089 1463; x_wconf 84' lang='lat' dir='ltr'><strong>aliud</strong></span> <span class='ocrx_word' id='word_1_108' title='bbox 1120 1424 1281 1478; x_wconf 90' lang='lat' dir='ltr'><strong>quam</strong></span> <span class='ocrx_word' id='word_1_109' title='bbox 1304 1409 1541 1464; x_wconf 84' lang='lat' dir='ltr'><strong>laborem</strong></span> <span class='ocrx_word' id='word_1_110' title='bbox 1572 1409 1625 1462; x_wconf 92' lang='lat' dir='ltr'><strong>in</strong></span> <span class='ocrx_word' id='word_1_111' title='bbox 1655 1409 1809 1462; x_wconf 90' lang='lat' dir='ltr'><strong>nobis</strong></span> <span class='ocrx_word' id='word_1_112' title='bbox 1835 1422 2053 1477; x_wconf 58' lang='lat' dir='ltr'><strong>procrea</strong></span> 
     </span>
    </p>
   </div>
   <div class='ocr_carea' id='block_1_15' title="bbox 464 1500 2051 1571">
    <p class='ocr_par' dir='ltr' id='par_1_15' title="bbox 464 1500 2051 1571">
     <span class='ocr_line' id='line_1_15' title="bbox 464 1500 2051 1571; baseline -0.002 -15"><span class='ocrx_word' id='word_1_113' title='bbox 464 1502 673 1566; x_wconf 83' lang='lat' dir='ltr'><strong>abant;</strong></span> <span class='ocrx_word' id='word_1_114' title='bbox 712 1508 965 1571; x_wconf 88' lang='lat' dir='ltr'><strong>tanquam</strong></span> <span class='ocrx_word' id='word_1_115' title='bbox 990 1519 1021 1555; x_wconf 90' lang='lat' dir='ltr'><strong>a</strong></span> <span class='ocrx_word' id='word_1_116' title='bbox 1051 1501 1177 1570; x_wconf 84' lang='lat' dir='ltr'><strong>ﬁliis</strong></span> <span class='ocrx_word' id='word_1_117' title='bbox 1206 1500 1423 1567; x_wconf 88' lang='lat' dir='ltr'><strong>Hemor,</strong></span> <span class='ocrx_word' id='word_1_118' title='bbox 1450 1501 1591 1571; x_wconf 91' lang='lat' dir='ltr'><strong>quod</strong></span> <span class='ocrx_word' id='word_1_119' title='bbox 1620 1509 1701 1556; x_wconf 89' lang='lat' dir='ltr'><strong>est</strong></span> <span class='ocrx_word' id='word_1_120' title='bbox 1726 1502 1931 1565; x_wconf 84' lang='lat' dir='ltr'><strong>asinus,</strong></span> <span class='ocrx_word' id='word_1_121' title='bbox 1954 1517 2051 1569; x_wconf 87' lang='lat' dir='ltr'><strong>pa-</strong></span> 
     </span>
    </p>
   </div>
   <div class='ocr_carea' id='block_1_16' title="bbox 465 1591 2051 1664">
    <p class='ocr_par' dir='ltr' id='par_1_16' title="bbox 465 1591 2051 1664">
     <span class='ocr_line' id='line_1_16' title="bbox 465 1591 2051 1664; baseline 0 -17"><span class='ocrx_word' id='word_1_122' title='bbox 465 1592 567 1647; x_wconf 92' lang='lat' dir='ltr'><strong>tris</strong></span> <span class='ocrx_word' id='word_1_123' title='bbox 604 1591 832 1659; x_wconf 82' lang='lat' dir='ltr'><strong>Sic/tem,</strong></span> <span class='ocrx_word' id='word_1_124' title='bbox 864 1594 1007 1664; x_wconf 91' lang='lat' dir='ltr'><strong>quod</strong></span> <span class='ocrx_word' id='word_1_125' title='bbox 1035 1602 1118 1648; x_wconf 89' lang='lat' dir='ltr'><strong>est</strong></span> <span class='ocrx_word' id='word_1_126' title='bbox 1149 1593 1321 1657; x_wconf 82' lang='lat' dir='ltr'><strong>labor,</strong></span> <span class='ocrx_word' id='word_1_127' title='bbox 1347 1602 1408 1647; x_wconf 89' lang='lat' dir='ltr'><strong>ut</strong></span> <span class='ocrx_word' id='word_1_128' title='bbox 1451 1593 1751 1647; x_wconf 90' lang='lat' dir='ltr'><strong>secundum</strong></span> <span class='ocrx_word' id='word_1_129' title='bbox 1784 1593 1953 1647; x_wconf 87' lang='lat' dir='ltr'><strong>Deum</strong></span> <span class='ocrx_word' id='word_1_130' title='bbox 1984 1607 2051 1647; x_wconf 83' lang='lat' dir='ltr'><strong>ea</strong></span> 
     </span>
    </p>
   </div>
   <div class='ocr_carea' id='block_1_17' title="bbox 463 1682 2051 1753">
    <p class='ocr_par' dir='ltr' id='par_1_17' title="bbox 463 1682 2051 1753">
     <span class='ocr_line' id='line_1_17' title="bbox 463 1682 2051 1753; baseline 0 -16"><span class='ocrx_word' id='word_1_131' title='bbox 463 1689 738 1749; x_wconf 86' lang='lat' dir='ltr'><strong>uteretur,</strong></span> <span class='ocrx_word' id='word_1_132' title='bbox 766 1699 874 1753; x_wconf 92' lang='lat' dir='ltr'><strong>qua</strong></span> <span class='ocrx_word' id='word_1_133' title='bbox 902 1684 1033 1738; x_wconf 90' lang='lat' dir='ltr'><strong>olim</strong></span> <span class='ocrx_word' id='word_1_134' title='bbox 1060 1684 1257 1737; x_wconf 71' lang='lat' dir='ltr'><strong>steculo</strong></span> <span class='ocrx_word' id='word_1_135' title='bbox 1288 1699 1418 1737; x_wconf 88' lang='lat' dir='ltr'><strong>usus</strong></span> <span class='ocrx_word' id='word_1_136' title='bbox 1440 1682 1619 1737; x_wconf 81' lang='lat' dir='ltr'><strong>fuerat</strong></span> <span class='ocrx_word' id='word_1_137' title='bbox 1650 1702 1662 1737; x_wconf 88' lang='lat'><strong>:</strong></span> <span class='ocrx_word' id='word_1_138' title='bbox 1696 1683 1841 1752; x_wconf 89' lang='lat' dir='ltr'><strong>quod</strong></span> <span class='ocrx_word' id='word_1_139' title='bbox 1882 1692 2051 1737; x_wconf 90' lang='lat' dir='ltr'><strong>totum</strong></span> 
     </span>
    </p>
   </div>
   <div class='ocr_carea' id='block_1_18' title="bbox 461 1774 2054 1845">
    <p class='ocr_par' dir='ltr' id='par_1_18' title="bbox 461 1774 2054 1845">
     <span class='ocr_line' id='line_1_18' title="bbox 461 1774 2054 1845; baseline 0.001 -17"><span class='ocrx_word' id='word_1_140' title='bbox 461 1786 674 1829; x_wconf 84' lang='lat' dir='ltr'><strong>centum</strong></span> <span class='ocrx_word' id='word_1_141' title='bbox 695 1776 866 1844; x_wconf 86' lang='lat' dir='ltr'><strong>agnis,</strong></span> <span class='ocrx_word' id='word_1_142' title='bbox 884 1774 935 1829; x_wconf 93' lang='lat' dir='ltr'><strong>id</strong></span> <span class='ocrx_word' id='word_1_143' title='bbox 949 1783 1029 1829; x_wconf 90' lang='lat' dir='ltr'><strong>est</strong></span> <span class='ocrx_word' id='word_1_144' title='bbox 1054 1775 1292 1843; x_wconf 84' lang='lat' dir='ltr'><strong>perfecta</strong></span> <span class='ocrx_word' id='word_1_145' title='bbox 1316 1774 1622 1828; x_wconf 86' lang='lat' dir='ltr'><strong>humilitate</strong></span> <span class='ocrx_word' id='word_1_146' title='bbox 1635 1788 1697 1828; x_wconf 91' lang='lat' dir='ltr'><strong>ac</strong></span> <span class='ocrx_word' id='word_1_147' title='bbox 1709 1774 2054 1845; x_wconf 87' lang='lat' dir='ltr'><strong>simplicitate</strong></span> 
     </span>
    </p>
   </div>
   <div class='ocr_carea' id='block_1_19' title="bbox 462 1864 2053 1937">
    <p class='ocr_par' dir='ltr' id='par_1_19' title="bbox 462 1864 2053 1937">
     <span class='ocr_line' id='line_1_19' title="bbox 462 1864 2053 1937; baseline 0.002 -19"><span class='ocrx_word' id='word_1_148' title='bbox 462 1867 757 1920; x_wconf 87' lang='lat' dir='ltr'><strong>emeritum</strong></span> <span class='ocrx_word' id='word_1_149' title='bbox 792 1872 897 1921; x_wconf 87' lang='lat' dir='ltr'><strong>est.</strong></span> <span class='ocrx_word' id='word_1_150' title='bbox 915 1864 1237 1935; x_wconf 72' lang='lat' dir='ltr'><strong>(Vaas.20.)</strong></span> <span class='ocrx_word' id='word_1_151' title='bbox 1260 1867 1336 1921; x_wconf 92' lang='lat' dir='ltr'><strong>lbi</strong></span> <span class='ocrx_word' id='word_1_152' title='bbox 1361 1868 1520 1937; x_wconf 83' lang='lat' dir='ltr'><strong>erigit</strong></span> <span class='ocrx_word' id='word_1_153' title='bbox 1540 1867 1869 1936; x_wconf 88' lang='lat' dir='ltr'><strong>altare,qnia</strong></span> <span class='ocrx_word' id='word_1_154' title='bbox 1897 1868 2053 1922; x_wconf 84' lang='lat' dir='ltr'><strong>ﬁdem</strong></span> 
     </span>
    </p>
   </div>
   <div class='ocr_carea' id='block_1_20' title="bbox 465 1958 2058 2031">
    <p class='ocr_par' dir='ltr' id='par_1_20' title="bbox 465 1958 2058 2031">
     <span class='ocr_line' id='line_1_20' title="bbox 465 1958 2058 2031; baseline -0.001 -16"><span class='ocrx_word' id='word_1_155' title='bbox 465 1958 717 2019; x_wconf 77' lang='lat' dir='ltr'><strong>sublevat</strong></span> <span class='ocrx_word' id='word_1_156' title='bbox 737 1974 833 2030; x_wconf 90' lang='lat' dir='ltr'><strong>per</strong></span> <span class='ocrx_word' id='word_1_157' title='bbox 860 1960 1249 2015; x_wconf 89' lang='lat' dir='ltr'><strong>adminiculum</strong></span> <span class='ocrx_word' id='word_1_158' title='bbox 1282 1961 1814 2031; x_wconf 81' lang='lat' dir='ltr'><strong>operationisjnstae.</strong></span> <span class='ocrx_word' id='word_1_159' title='bbox 1837 1960 2058 2014; x_wconf 87' lang='lat' dir='ltr'><strong>lnvocat</strong></span> 
     </span>
    </p>
   </div>
   <div class='ocr_carea' id='block_1_21' title="bbox 462 2051 2056 2122">
    <p class='ocr_par' dir='ltr' id='par_1_21' title="bbox 462 2051 2056 2122">
     <span class='ocr_line' id='line_1_21' title="bbox 462 2051 2056 2122; baseline 0 -15"><span class='ocrx_word' id='word_1_160' title='bbox 462 2051 766 2121; x_wconf 83' lang='lat' dir='ltr'><strong>superi/Iud</strong></span> <span class='ocrx_word' id='word_1_161' title='bbox 777 2053 1123 2122; x_wconf 84' lang='lat' dir='ltr'><strong>fortissimum</strong></span> <span class='ocrx_word' id='word_1_162' title='bbox 1142 2052 1303 2106; x_wconf 88' lang='lat' dir='ltr'><strong>Deum</strong></span> <span class='ocrx_word' id='word_1_163' title='bbox 1321 2052 1510 2116; x_wconf 84' lang='lat' dir='ltr'><strong>Israel,</strong></span> <span class='ocrx_word' id='word_1_164' title='bbox 1528 2069 1648 2107; x_wconf 87' lang='lat' dir='ltr'><strong>cmn</strong></span> <span class='ocrx_word' id='word_1_165' title='bbox 1664 2068 1825 2120; x_wconf 87' lang='lat' dir='ltr'><strong>super</strong></span> <span class='ocrx_word' id='word_1_166' title='bbox 1845 2052 1971 2104; x_wconf 91' lang='lat' dir='ltr'><strong>illud</strong></span> <span class='ocrx_word' id='word_1_167' title='bbox 1990 2067 2056 2107; x_wconf 88' lang='lat' dir='ltr'><strong>ac</strong></span> 
     </span>
    </p>
   </div>
   <div class='ocr_carea' id='block_1_22' title="bbox 460 2141 2054 2211">
    <p class='ocr_par' dir='ltr' id='par_1_22' title="bbox 460 2141 2054 2211">
     <span class='ocr_line' id='line_1_22' title="bbox 460 2141 2054 2211; baseline 0 -12"><span class='ocrx_word' id='word_1_168' title='bbox 460 2141 511 2199; x_wconf 82' lang='lat' dir='ltr'><strong>si</strong></span> <span class='ocrx_word' id='word_1_169' title='bbox 539 2142 952 2199; x_wconf 90' lang='lat' dir='ltr'><strong>fundamentum</strong></span> <span class='ocrx_word' id='word_1_170' title='bbox 978 2145 1237 2211; x_wconf 85' lang='lat' dir='ltr'><strong>innitens,</strong></span> <span class='ocrx_word' id='word_1_171' title='bbox 1263 2154 1422 2201; x_wconf 89' lang='lat' dir='ltr'><strong>vocat</strong></span> <span class='ocrx_word' id='word_1_172' title='bbox 1450 2148 1501 2200; x_wconf 92' lang='lat' dir='ltr'><strong>in</strong></span> <span class='ocrx_word' id='word_1_173' title='bbox 1534 2162 1592 2201; x_wconf 91' lang='lat' dir='ltr'><strong>se</strong></span> <span class='ocrx_word' id='word_1_174' title='bbox 1623 2146 1790 2199; x_wconf 83' lang='lat' dir='ltr'><strong>Deum</strong></span> <span class='ocrx_word' id='word_1_175' title='bbox 1817 2145 2054 2199; x_wconf 83' lang='lat' dir='ltr'><strong>fortissi-</strong></span> 
     </span>
    </p>
   </div>
   <div class='ocr_carea' id='block_1_23' title="bbox 463 2235 2052 2304">
    <p class='ocr_par' dir='ltr' id='par_1_23' title="bbox 463 2235 2052 2304">
     <span class='ocr_line' id='line_1_23' title="bbox 463 2235 2052 2304; baseline -0.001 -13"><span class='ocrx_word' id='word_1_176' title='bbox 463 2250 635 2299; x_wconf 89' lang='lat' dir='ltr'><strong>mum,</strong></span> <span class='ocrx_word' id='word_1_177' title='bbox 666 2249 772 2290; x_wconf 92' lang='lat' dir='ltr'><strong>non</strong></span> <span class='ocrx_word' id='word_1_178' title='bbox 805 2236 979 2291; x_wconf 91' lang='lat' dir='ltr'><strong>solum</strong></span> <span class='ocrx_word' id='word_1_179' title='bbox 1005 2237 1110 2301; x_wconf 87' lang='lat' dir='ltr'><strong>his,</strong></span> <span class='ocrx_word' id='word_1_180' title='bbox 1138 2238 1229 2291; x_wconf 88' lang='lat' dir='ltr'><strong>sed</strong></span> <span class='ocrx_word' id='word_1_181' title='bbox 1255 2246 1309 2290; x_wconf 91' lang='lat' dir='ltr'><strong>et</strong></span> <span class='ocrx_word' id='word_1_182' title='bbox 1342 2237 1462 2291; x_wconf 82' lang='lat' dir='ltr'><strong>aliis</strong></span> <span class='ocrx_word' id='word_1_183' title='bbox 1493 2252 1616 2290; x_wconf 92' lang='lat' dir='ltr'><strong>cum</strong></span> <span class='ocrx_word' id='word_1_184' title='bbox 1650 2236 1808 2289; x_wconf 87' lang='lat' dir='ltr'><strong>datur</strong></span> <span class='ocrx_word' id='word_1_185' title='bbox 1836 2235 1901 2288; x_wconf 91' lang='lat' dir='ltr'><strong>ab</strong></span> <span class='ocrx_word' id='word_1_186' title='bbox 1932 2236 2052 2304; x_wconf 92' lang='lat' dir='ltr'><strong>ipso</strong></span> 
     </span>
    </p>
   </div>
   <div class='ocr_carea' id='block_1_24' title="bbox 461 2324 2057 2398">
    <p class='ocr_par' dir='ltr' id='par_1_24' title="bbox 461 2324 2057 2398">
     <span class='ocr_line' id='line_1_24' title="bbox 461 2324 2057 2398; baseline -0.001 -16"><span class='ocrx_word' id='word_1_187' title='bbox 461 2325 700 2383; x_wconf 75' lang='lat' dir='ltr'><strong>efficacia</strong></span> <span class='ocrx_word' id='word_1_188' title='bbox 716 2328 1012 2398; x_wconf 90' lang='lat' dir='ltr'><strong>principari</strong></span> <span class='ocrx_word' id='word_1_189' title='bbox 1043 2344 1168 2382; x_wconf 90' lang='lat' dir='ltr'><strong>cum</strong></span> <span class='ocrx_word' id='word_1_190' title='bbox 1198 2328 1309 2383; x_wconf 89' lang='lat' dir='ltr'><strong>Deo</strong></span> <span class='ocrx_word' id='word_1_191' title='bbox 1336 2343 1500 2398; x_wconf 80' lang='lat' dir='ltr'><strong>super</strong></span> <span class='ocrx_word' id='word_1_192' title='bbox 1524 2326 1679 2381; x_wconf 90' lang='lat' dir='ltr'><strong>vitia.</strong></span> <span class='ocrx_word' id='word_1_193' title='bbox 1711 2324 1876 2380; x_wconf 85' lang='lat' dir='ltr'><strong>Israel</strong></span> <span class='ocrx_word' id='word_1_194' title='bbox 1906 2325 2057 2380; x_wconf 89' lang='lat' dir='ltr'><strong>enim</strong></span> 
     </span>
    </p>
   </div>
   <div class='ocr_carea' id='block_1_25' title="bbox 458 2418 1235 2492">
    <p class='ocr_par' dir='ltr' id='par_1_25' title="bbox 458 2418 1235 2492">
     <span class='ocr_line' id='line_1_25' title="bbox 458 2418 1235 2492; baseline 0.001 -19"><span class='ocrx_word' id='word_1_195' title='bbox 458 2419 703 2492; x_wconf 80' lang='lat' dir='ltr'><strong>princeps</strong></span> <span class='ocrx_word' id='word_1_196' title='bbox 733 2435 853 2474; x_wconf 86' lang='lat' dir='ltr'><strong>cum</strong></span> <span class='ocrx_word' id='word_1_197' title='bbox 876 2418 983 2474; x_wconf 87' lang='lat' dir='ltr'><strong>Deo</strong></span> <span class='ocrx_word' id='word_1_198' title='bbox 1010 2420 1235 2474; x_wconf 90' lang='lat' dir='ltr'><strong>dicitur.</strong></span> 
     </span>
    </p>
   </div>
   <div class='ocr_carea' id='block_1_26' title="bbox 999 2531 1512 2589">
    <p class='ocr_par' dir='ltr' id='par_1_26' title="bbox 999 2531 1512 2589">
     <span class='ocr_line' id='line_1_26' title="bbox 999 2531 1512 2589; baseline -0.002 -1"><span class='ocrx_word' id='word_1_199' title='bbox 999 2531 1230 2589; x_wconf 85' lang='lat' dir='ltr'><strong>CAPUT</strong></span> <span class='ocrx_word' id='word_1_200' title='bbox 1271 2532 1512 2589; x_wconf 75' lang='lat' dir='ltr'><strong>XXXIV.</strong></span> 
     </span>
    </p>
   </div>
   <div class='ocr_carea' id='block_1_27' title="bbox 537 2623 2055 2697">
    <p class='ocr_par' dir='ltr' id='par_1_27' title="bbox 537 2623 2055 2697">
     <span class='ocr_line' id='line_1_27' title="bbox 537 2623 2055 2697; baseline -0.001 -17"><span class='ocrx_word' id='word_1_201' title='bbox 537 2625 707 2684; x_wconf 74' lang='lat' dir='ltr'><strong>Vens.</strong></span> <span class='ocrx_word' id='word_1_202' title='bbox 749 2627 804 2682; x_wconf 74' lang='lat' dir='ltr'><strong>l.</strong></span> <span class='ocrx_word' id='word_1_203' title='bbox 832 2657 902 2669; x_wconf 95' lang='lat'><strong>—</strong></span> <span class='ocrx_word' id='word_1_204' title='bbox 929 2623 1158 2697; x_wconf 88' lang='lat' dir='ltr'><strong>Egressa</strong></span> <span class='ocrx_word' id='word_1_205' title='bbox 1199 2634 1273 2680; x_wconf 87' lang='lat' dir='ltr'><strong>est</strong></span> <span class='ocrx_word' id='word_1_206' title='bbox 1317 2635 1488 2680; x_wconf 86' lang='lat' dir='ltr'><strong>autem</strong></span> <span class='ocrx_word' id='word_1_207' title='bbox 1516 2624 1656 2680; x_wconf 83' lang='lat' dir='ltr'><strong>Dina</strong></span> <span class='ocrx_word' id='word_1_208' title='bbox 1683 2624 1795 2693; x_wconf 84' lang='lat' dir='ltr'><strong>ﬁlia</strong></span> <span class='ocrx_word' id='word_1_209' title='bbox 1836 2623 1967 2688; x_wconf 68' lang='lat' dir='ltr'><strong>Lia’,</strong></span> <span class='ocrx_word' id='word_1_210' title='bbox 1997 2633 2055 2678; x_wconf 90' lang='lat' dir='ltr'><strong>ut</strong></span> 
     </span>
    </p>
   </div>
   <div class='ocr_carea' id='block_1_28' title="bbox 462 2715 2060 2787">
    <p class='ocr_par' dir='ltr' id='par_1_28' title="bbox 462 2715 2060 2787">
     <span class='ocr_line' id='line_1_28' title="bbox 462 2715 2060 2787; baseline -0.006 -12"><span class='ocrx_word' id='word_1_211' title='bbox 462 2718 659 2775; x_wconf 74' lang='lat' dir='ltr'><strong>uideret</strong></span> <span class='ocrx_word' id='word_1_212' title='bbox 705 2716 951 2772; x_wconf 79' lang='lat' dir='ltr'><strong>mulieres</strong></span> <span class='ocrx_word' id='word_1_213' title='bbox 992 2718 1220 2787; x_wconf 84' lang='lat' dir='ltr'><strong>regionis</strong></span> <span class='ocrx_word' id='word_1_214' title='bbox 1259 2717 1426 2770; x_wconf 85' lang='lat' dir='ltr'><strong>illius.</strong></span> <span class='ocrx_word' id='word_1_215' title='bbox 1485 2716 1614 2769; x_wconf 84' lang='lat' dir='ltr'><strong>Dina</strong></span> <span class='ocrx_word' id='word_1_216' title='bbox 1665 2715 2060 2784; x_wconf 82' lang='lat' dir='ltr'><strong>interpretatur</strong></span> 
     </span>
    </p>
   </div>
   <div class='ocr_carea' id='block_1_29' title="bbox 462 2806 2051 2877">
    <p class='ocr_par' dir='ltr' id='par_1_29' title="bbox 462 2806 2051 2877">
     <span class='ocr_line' id='line_1_29' title="bbox 462 2806 2051 2877; baseline -0.002 -14"><span class='ocrx_word' id='word_1_217' title='bbox 462 2808 725 2864; x_wconf 71' lang='lat' dir='ltr'><strong>iudicium</strong></span> <span class='ocrx_word' id='word_1_218' title='bbox 752 2808 915 2863; x_wconf 91' lang='lat' dir='ltr'><strong>istud.</strong></span> <span class='ocrx_word' id='word_1_219' title='bbox 950 2808 1006 2863; x_wconf 89' lang='lat' dir='ltr'><strong>In</strong></span> <span class='ocrx_word' id='word_1_220' title='bbox 1039 2823 1171 2876; x_wconf 89' lang='lat' dir='ltr'><strong>quo,</strong></span> <span class='ocrx_word' id='word_1_221' title='bbox 1193 2806 1275 2861; x_wconf 88' lang='lat' dir='ltr'><strong>vel</strong></span> <span class='ocrx_word' id='word_1_222' title='bbox 1299 2808 1352 2861; x_wconf 92' lang='lat' dir='ltr'><strong>in</strong></span> <span class='ocrx_word' id='word_1_223' title='bbox 1382 2823 1485 2877; x_wconf 88' lang='lat' dir='ltr'><strong>qua</strong></span> <span class='ocrx_word' id='word_1_224' title='bbox 1515 2806 1812 2876; x_wconf 81' lang='lat' dir='ltr'><strong>accipimus</strong></span> <span class='ocrx_word' id='word_1_225' title='bbox 1843 2806 2051 2860; x_wconf 85' lang='lat' dir='ltr'><strong>discre-</strong></span> 
     </span>
    </p>
   </div>
   <div class='ocr_carea' id='block_1_30' title="bbox 464 2898 2057 2971">
    <p class='ocr_par' dir='ltr' id='par_1_30' title="bbox 464 2898 2057 2971">
     <span class='ocr_line' id='line_1_30' title="bbox 464 2898 2057 2971; baseline -0.001 -16"><span class='ocrx_word' id='word_1_226' title='bbox 464 2900 696 2966; x_wconf 87' lang='lat' dir='ltr'><strong>tionem,</strong></span> <span class='ocrx_word' id='word_1_227' title='bbox 725 2916 847 2971; x_wconf 72' lang='lat' dir='ltr'><strong>qua:</strong></span> <span class='ocrx_word' id='word_1_228' title='bbox 891 2909 947 2957; x_wconf 89' lang='lat' dir='ltr'><strong>et</strong></span> <span class='ocrx_word' id='word_1_229' title='bbox 1004 2901 1118 2969; x_wconf 77' lang='lat' dir='ltr'><strong>ipsa</strong></span> <span class='ocrx_word' id='word_1_230' title='bbox 1146 2900 1411 2970; x_wconf 81' lang='lat' dir='ltr'><strong>judicium</strong></span> <span class='ocrx_word' id='word_1_231' title='bbox 1452 2915 1593 2969; x_wconf 71' lang='lat' dir='ltr'><strong>smpe</strong></span> <span class='ocrx_word' id='word_1_232' title='bbox 1631 2911 1873 2953; x_wconf 91' lang='lat' dir='ltr'><strong>vocatur.</strong></span> <span class='ocrx_word' id='word_1_233' title='bbox 1908 2898 2057 2953; x_wconf 82' lang='lat' dir='ltr'><strong>Istud</strong></span> 
     </span>
    </p>
   </div>
   <div class='ocr_carea' id='block_1_31' title="bbox 464 2993 2132 3061">
    <p class='ocr_par' dir='ltr' id='par_1_31' title="bbox 464 2993 2132 3061">
     <span class='ocr_line' id='line_1_31' title="bbox 464 2993 2132 3061; baseline -0.002 -15"><span class='ocrx_word' id='word_1_234' title='bbox 464 3001 651 3050; x_wconf 86' lang='lat' dir='ltr'><strong>autem</strong></span> <span class='ocrx_word' id='word_1_235' title='bbox 701 3010 825 3048; x_wconf 90' lang='lat' dir='ltr'><strong>cum</strong></span> <span class='ocrx_word' id='word_1_236' title='bbox 875 2994 945 3049; x_wconf 84' lang='lat' dir='ltr'><strong>sit</strong></span> <span class='ocrx_word' id='word_1_237' title='bbox 999 2993 1511 3059; x_wconf 85' lang='lat' dir='ltr'><strong>demonstrativum,</strong></span> <span class='ocrx_word' id='word_1_238' title='bbox 1559 3008 1672 3046; x_wconf 87' lang='lat' dir='ltr'><strong>rem</strong></span> <span class='ocrx_word' id='word_1_239' title='bbox 1730 3000 2054 3061; x_wconf 70' lang='lat' dir='ltr'><strong>prmsentcm</strong></span> <span class='ocrx_word' id='word_1_240' title='bbox 2088 2993 2132 3052; x_wconf 86' lang='lat' dir='ltr'><strong>C</strong></span> 
     </span>
    </p>
   </div>
   <div class='ocr_carea' id='block_1_32' title="bbox 464 3085 2058 3158">
    <p class='ocr_par' dir='ltr' id='par_1_32' title="bbox 464 3085 2058 3158">
     <span class='ocr_line' id='line_1_32' title="bbox 464 3085 2058 3158; baseline -0.003 -17"><span class='ocrx_word' id='word_1_241' title='bbox 464 3086 763 3158; x_wconf 82' lang='lat' dir='ltr'><strong>signiﬁcat,</strong></span> <span class='ocrx_word' id='word_1_242' title='bbox 793 3095 848 3143; x_wconf 89' lang='lat' dir='ltr'><strong>et</strong></span> <span class='ocrx_word' id='word_1_243' title='bbox 881 3086 950 3140; x_wconf 88' lang='lat' dir='ltr'><strong>nil</strong></span> <span class='ocrx_word' id='word_1_244' title='bbox 979 3087 1152 3155; x_wconf 79' lang='lat' dir='ltr'><strong>magis</strong></span> <span class='ocrx_word' id='word_1_245' title='bbox 1179 3088 1230 3140; x_wconf 93' lang='lat' dir='ltr'><strong>in</strong></span> <span class='ocrx_word' id='word_1_246' title='bbox 1269 3095 1518 3154; x_wconf 89' lang='lat' dir='ltr'><strong>promptu</strong></span> <span class='ocrx_word' id='word_1_247' title='bbox 1544 3101 1665 3140; x_wconf 86' lang='lat' dir='ltr'><strong>esse</strong></span> <span class='ocrx_word' id='word_1_248' title='bbox 1697 3085 2058 3152; x_wconf 57' lang='lat' dir='ltr'><strong>delusuqnam</strong></span> 
     </span>
    </p>
   </div>
   <div class='ocr_carea' id='block_1_33' title="bbox 465 3172 2062 3248">
    <p class='ocr_par' dir='ltr' id='par_1_33' title="bbox 465 3172 2062 3248">
     <span class='ocr_line' id='line_1_33' title="bbox 465 3172 2062 3248; baseline -0.003 -17"><span class='ocrx_word' id='word_1_249' title='bbox 465 3174 727 3232; x_wconf 84' lang='lat' dir='ltr'><strong>discretio</strong></span> <span class='ocrx_word' id='word_1_250' title='bbox 749 3191 965 3248; x_wconf 83' lang='lat' dir='ltr'><strong>semper</strong></span> <span class='ocrx_word' id='word_1_251' title='bbox 996 3176 1324 3231; x_wconf 84' lang='lat' dir='ltr'><strong>necessaria.</strong></span> <span class='ocrx_word' id='word_1_252' title='bbox 1365 3175 1487 3229; x_wconf 71' lang='lat' dir='ltr'><strong>limo</strong></span> <span class='ocrx_word' id='word_1_253' title='bbox 1517 3176 1813 3245; x_wconf 74' lang='lat' dir='ltr'><strong>egreditur,</strong></span> <span class='ocrx_word' id='word_1_254' title='bbox 1844 3190 1968 3227; x_wconf 90' lang='lat' dir='ltr'><strong>cum</strong></span> <span class='ocrx_word' id='word_1_255' title='bbox 1994 3172 2062 3227; x_wconf 88' lang='lat' dir='ltr'><strong>ad</strong></span> 
     </span>
    </p>
   </div>
   <div class='ocr_carea' id='block_1_34' title="bbox 464 3262 2061 3323">
    <p class='ocr_par' dir='ltr' id='par_1_34' title="bbox 464 3262 2061 3323">
     <span class='ocr_line' id='line_1_34' title="bbox 464 3262 2061 3323; baseline -0.004 -3"><span class='ocrx_word' id='word_1_256' title='bbox 464 3265 698 3323; x_wconf 80' lang='lat' dir='ltr'><strong>aliorum</strong></span> <span class='ocrx_word' id='word_1_257' title='bbox 726 3267 1066 3322; x_wconf 79' lang='lat' dir='ltr'><strong>discutienda</strong></span> <span class='ocrx_word' id='word_1_258' title='bbox 1094 3267 1306 3320; x_wconf 88' lang='lat' dir='ltr'><strong>inlirma</strong></span> <span class='ocrx_word' id='word_1_259' title='bbox 1339 3274 1459 3318; x_wconf 86' lang='lat' dir='ltr'><strong>acta</strong></span> <span class='ocrx_word' id='word_1_260' title='bbox 1489 3266 1727 3319; x_wconf 76' lang='lat' dir='ltr'><strong>tillt‘iltll‘.</strong></span> <span class='ocrx_word' id='word_1_261' title='bbox 1776 3262 1919 3316; x_wconf 68' lang='lat' dir='ltr'><strong>Filia</strong></span> <span class='ocrx_word' id='word_1_262' title='bbox 1948 3262 2061 3316; x_wconf 72' lang='lat' dir='ltr'><strong>Liu:</strong></span> 
     </span>
    </p>
   </div>
   <div class='ocr_carea' id='block_1_35' title="bbox 464 3354 2058 3429">
    <p class='ocr_par' dir='ltr' id='par_1_35' title="bbox 464 3354 2058 3429">
     <span class='ocr_line' id='line_1_35' title="bbox 464 3354 2058 3429; baseline -0.004 -15"><span class='ocrx_word' id='word_1_263' title='bbox 464 3358 679 3418; x_wconf 88' lang='lat' dir='ltr'><strong>dicitur.</strong></span> <span class='ocrx_word' id='word_1_264' title='bbox 714 3360 837 3429; x_wconf 88' lang='lat' dir='ltr'><strong>quia</strong></span> <span class='ocrx_word' id='word_1_265' title='bbox 871 3357 1103 3414; x_wconf 71' lang='lat' dir='ltr'><strong>actualis</strong></span> <span class='ocrx_word' id='word_1_266' title='bbox 1141 3358 1245 3412; x_wconf 76' lang='lat' dir='ltr'><strong>vita</strong></span> <span class='ocrx_word' id='word_1_267' title='bbox 1281 3374 1375 3427; x_wconf 82' lang='lat' dir='ltr'><strong>per</strong></span> <span class='ocrx_word' id='word_1_268' title='bbox 1404 3359 1545 3412; x_wconf 68' lang='lat' dir='ltr'><strong>hanc</strong></span> <span class='ocrx_word' id='word_1_269' title='bbox 1572 3368 1625 3411; x_wconf 85' lang='lat' dir='ltr'><strong>et</strong></span> <span class='ocrx_word' id='word_1_270' title='bbox 1650 3365 1796 3411; x_wconf 87' lang='lat' dir='ltr'><strong>recte</strong></span> <span class='ocrx_word' id='word_1_271' title='bbox 1826 3354 2058 3408; x_wconf 81' lang='lat' dir='ltr'><strong>fecunda</strong></span> 
     </span>
    </p>
   </div>
   <div class='ocr_carea' id='block_1_36' title="bbox 463 3446 2059 3513">
    <p class='ocr_par' dir='ltr' id='par_1_36' title="bbox 463 3446 2059 3513">
     <span class='ocr_line' id='line_1_36' title="bbox 463 3446 2059 3513; baseline -0.004 -8"><span class='ocrx_word' id='word_1_272' title='bbox 463 3450 761 3507; x_wconf 80' lang='lat' dir='ltr'><strong>invenitur.</strong></span> <span class='ocrx_word' id='word_1_273' title='bbox 788 3447 889 3505; x_wconf 83' lang='lat' dir='ltr'><strong>Ubi</strong></span> <span class='ocrx_word' id='word_1_274' title='bbox 920 3451 1067 3503; x_wconf 88' lang='lat' dir='ltr'><strong>enim</strong></span> <span class='ocrx_word' id='word_1_275' title='bbox 1098 3449 1170 3503; x_wconf 91' lang='lat' dir='ltr'><strong>nil</strong></span> <span class='ocrx_word' id='word_1_276' title='bbox 1217 3449 1574 3511; x_wconf 74' lang='lat' dir='ltr'><strong>dscernitur,</strong></span> <span class='ocrx_word' id='word_1_277' title='bbox 1606 3448 1681 3500; x_wconf 90' lang='lat' dir='ltr'><strong>nil</strong></span> <span class='ocrx_word' id='word_1_278' title='bbox 1735 3455 1818 3502; x_wconf 88' lang='lat' dir='ltr'><strong>est</strong></span> <span class='ocrx_word' id='word_1_279' title='bbox 1868 3446 2059 3513; x_wconf 89' lang='lat' dir='ltr'><strong>utique</strong></span> 
     </span>
    </p>
   </div>
   <div class='ocr_carea' id='block_1_37' title="bbox 465 3532 2059 3614">
    <p class='ocr_par' dir='ltr' id='par_1_37' title="bbox 465 3532 2059 3614">
     <span class='ocr_line' id='line_1_37' title="bbox 465 3532 2059 3614; baseline -0.004 -16"><span class='ocrx_word' id='word_1_280' title='bbox 465 3544 611 3613; x_wconf 86' lang='lat' dir='ltr'><strong>quod</strong></span> <span class='ocrx_word' id='word_1_281' title='bbox 643 3544 845 3614; x_wconf 84' lang='lat' dir='ltr'><strong>agitur.</strong></span> <span class='ocrx_word' id='word_1_282' title='bbox 875 3541 1126 3596; x_wconf 77' lang='lat' dir='ltr'><strong>Mulieres</strong></span> <span class='ocrx_word' id='word_1_283' title='bbox 1162 3544 1385 3611; x_wconf 81' lang='lat' dir='ltr'><strong>regionis</strong></span> <span class='ocrx_word' id='word_1_284' title='bbox 1412 3544 1684 3603; x_wconf 80' lang='lat' dir='ltr'><strong>videntur,</strong></span> <span class='ocrx_word' id='word_1_285' title='bbox 1715 3555 1836 3595; x_wconf 91' lang='lat' dir='ltr'><strong>cum</strong></span> <span class='ocrx_word' id='word_1_286' title='bbox 1893 3532 2059 3606; x_wconf 85' lang='lat' dir='ltr'><strong>tepidi</strong></span> 
     </span>
    </p>
   </div>
   <div class='ocr_carea' id='block_1_38' title="bbox 467 3633 2056 3707">
    <p class='ocr_par' dir='ltr' id='par_1_38' title="bbox 467 3633 2056 3707">
     <span class='ocr_line' id='line_1_38' title="bbox 467 3633 2056 3707; baseline -0.006 -16"><span class='ocrx_word' id='word_1_287' title='bbox 467 3634 715 3707; x_wconf 81' lang='lat' dir='ltr'><strong>ejusdem</strong></span> <span class='ocrx_word' id='word_1_288' title='bbox 769 3643 968 3690; x_wconf 76' lang='lat' dir='ltr'><strong>nostra:</strong></span> <span class='ocrx_word' id='word_1_289' title='bbox 1029 3633 1310 3703; x_wconf 73' lang='lat' dir='ltr'><strong>religionis</strong></span> <span class='ocrx_word' id='word_1_290' title='bbox 1368 3644 1720 3688; x_wconf 76' lang='lat' dir='ltr'><strong>exsecutores</strong></span> <span class='ocrx_word' id='word_1_291' title='bbox 1777 3640 2056 3685; x_wconf 84' lang='lat' dir='ltr'><strong>notantur.</strong></span> 
     </span>
    </p>
   </div>
   <div class='ocr_carea' id='block_1_39' title="bbox 468 3723 2056 3801">
    <p class='ocr_par' dir='ltr' id='par_1_39' title="bbox 468 3723 2056 3801">
     <span class='ocr_line' id='line_1_39' title="bbox 468 3723 2056 3801; baseline -0.007 -15"><span class='ocrx_word' id='word_1_292' title='bbox 468 3729 659 3801; x_wconf 70' lang='lat' dir='ltr'><strong>(Vens.</strong></span> <span class='ocrx_word' id='word_1_293' title='bbox 690 3726 774 3795; x_wconf 74' lang='lat'><strong>2.)</strong></span> <span class='ocrx_word' id='word_1_294' title='bbox 824 3727 972 3782; x_wconf 82' lang='lat' dir='ltr'><strong>Hanc</strong></span> <span class='ocrx_word' id='word_1_295' title='bbox 1020 3726 1167 3780; x_wconf 83' lang='lat' dir='ltr'><strong>videt</strong></span> <span class='ocrx_word' id='word_1_296' title='bbox 1212 3727 1419 3781; x_wconf 81' lang='lat' dir='ltr'><strong>Sic/tem</strong></span> <span class='ocrx_word' id='word_1_297' title='bbox 1455 3728 1595 3795; x_wconf 83' lang='lat' dir='ltr'><strong>ﬁlius</strong></span> <span class='ocrx_word' id='word_1_298' title='bbox 1626 3724 1823 3778; x_wconf 83' lang='lat' dir='ltr'><strong>Ilemor</strong></span> <span class='ocrx_word' id='word_1_299' title='bbox 1857 3723 2056 3785; x_wconf 28' lang='lat' dir='ltr'><strong>Il‘vmi,</strong></span> 
     </span>
    </p>
   </div>
   <div class='ocr_carea' id='block_1_40' title="bbox 468 3816 2061 3893">
    <p class='ocr_par' dir='ltr' id='par_1_40' title="bbox 468 3816 2061 3893">
     <span class='ocr_line' id='line_1_40' title="bbox 468 3816 2061 3893; baseline -0.006 -19"><span class='ocrx_word' id='word_1_300' title='bbox 468 3820 688 3893; x_wconf 87' lang='lat' dir='ltr'><strong>quando</strong></span> <span class='ocrx_word' id='word_1_301' title='bbox 742 3819 844 3874; x_wconf 86' lang='lat' dir='ltr'><strong>sibi</strong></span> <span class='ocrx_word' id='word_1_302' title='bbox 890 3818 1032 3872; x_wconf 86' lang='lat' dir='ltr'><strong>hanc</strong></span> <span class='ocrx_word' id='word_1_303' title='bbox 1067 3817 1248 3887; x_wconf 77' lang='lat' dir='ltr'><strong>allegit</strong></span> <span class='ocrx_word' id='word_1_304' title='bbox 1304 3818 1549 3879; x_wconf 78' lang='lat' dir='ltr'><strong>allectus,</strong></span> <span class='ocrx_word' id='word_1_305' title='bbox 1586 3816 1639 3869; x_wconf 93' lang='lat' dir='ltr'><strong>in</strong></span> <span class='ocrx_word' id='word_1_306' title='bbox 1686 3830 1793 3884; x_wconf 89' lang='lat' dir='ltr'><strong>quo</strong></span> <span class='ocrx_word' id='word_1_307' title='bbox 1837 3828 2061 3882; x_wconf 64' lang='lat' dir='ltr'><strong>prorsus</strong></span> 
     </span>
    </p>
   </div>
   <div class='ocr_carea' id='block_1_41' title="bbox 470 3905 2061 3975">
    <p class='ocr_par' dir='ltr' id='par_1_41' title="bbox 470 3905 2061 3975">
     <span class='ocr_line' id='line_1_41' title="bbox 470 3905 2061 3975; baseline -0.007 -7"><span class='ocrx_word' id='word_1_308' title='bbox 470 3912 754 3968; x_wconf 85' lang='lat' dir='ltr'><strong>laboratur</strong></span> <span class='ocrx_word' id='word_1_309' title='bbox 807 3910 1047 3972; x_wconf 71' lang='lat' dir='ltr'><strong>invidite,</strong></span> <span class='ocrx_word' id='word_1_310' title='bbox 1073 3909 1211 3962; x_wconf 84' lang='lat' dir='ltr'><strong>asini</strong></span> <span class='ocrx_word' id='word_1_311' title='bbox 1267 3925 1455 3962; x_wconf 80' lang='lat' dir='ltr'><strong>revera</strong></span> <span class='ocrx_word' id='word_1_312' title='bbox 1516 3906 1737 3975; x_wconf 71' lang='lat' dir='ltr'><strong>pessimi</strong></span> <span class='ocrx_word' id='word_1_313' title='bbox 1781 3905 1946 3965; x_wconf 74' lang='lat' dir='ltr'><strong>(ilius,</strong></span> <span class='ocrx_word' id='word_1_314' title='bbox 1991 3917 2061 3957; x_wconf 79' lang='lat' dir='ltr'><strong>ex</strong></span> 
     </span>
    </p>
   </div>
   <div class='ocr_carea' id='block_1_42' title="bbox 470 3996 2059 4073">
    <p class='ocr_par' dir='ltr' id='par_1_42' title="bbox 470 3996 2059 4073">
     <span class='ocr_line' id='line_1_42' title="bbox 470 3996 2059 4073; baseline -0.009 -10"><span class='ocrx_word' id='word_1_315' title='bbox 470 4005 774 4063; x_wconf 84' lang='lat' dir='ltr'><strong>carnalium</strong></span> <span class='ocrx_word' id='word_1_316' title='bbox 804 4003 1160 4073; x_wconf 87' lang='lat' dir='ltr'><strong>cupiditatum</strong></span> <span class='ocrx_word' id='word_1_317' title='bbox 1194 4003 1428 4071; x_wconf 89' lang='lat' dir='ltr'><strong>pessimo</strong></span> <span class='ocrx_word' id='word_1_318' title='bbox 1465 4000 1678 4054; x_wconf 83' lang='lat' dir='ltr'><strong>fervore</strong></span> <span class='ocrx_word' id='word_1_319' title='bbox 1725 3996 2059 4067; x_wconf 83' lang='lat' dir='ltr'><strong>progenitus.</strong></span> 
     </span>
    </p>
   </div>
   <div class='ocr_carea' id='block_1_43' title="bbox 470 4091 2061 4163">
    <p class='ocr_par' dir='ltr' id='par_1_43' title="bbox 470 4091 2061 4163">
     <span class='ocr_line' id='line_1_43' title="bbox 470 4091 2061 4163; baseline -0.009 -8"><span class='ocrx_word' id='word_1_320' title='bbox 470 4098 678 4157; x_wconf 79' lang='lat' dir='ltr'><strong>Hentor</strong></span> <span class='ocrx_word' id='word_1_321' title='bbox 709 4099 851 4155; x_wconf 89' lang='lat' dir='ltr'><strong>enim</strong></span> <span class='ocrx_word' id='word_1_322' title='bbox 899 4099 1118 4162; x_wconf 86' lang='lat' dir='ltr'><strong>asinus;</strong></span> <span class='ocrx_word' id='word_1_323' title='bbox 1154 4096 1383 4150; x_wconf 72' lang='lat' dir='ltr'><strong>llevzeus</strong></span> <span class='ocrx_word' id='word_1_324' title='bbox 1439 4097 1695 4163; x_wconf 82' lang='lat' dir='ltr'><strong>pessimus</strong></span> <span class='ocrx_word' id='word_1_325' title='bbox 1755 4091 1836 4145; x_wconf 86' lang='lat' dir='ltr'><strong>vel</strong></span> <span class='ocrx_word' id='word_1_326' title='bbox 1882 4091 2061 4159; x_wconf 82' lang='lat' dir='ltr'><strong>ferus;</strong></span> 
     </span>
    </p>
   </div>
   <div class='ocr_carea' id='block_1_44' title="bbox 472 4178 2062 4249">
    <p class='ocr_par' dir='ltr' id='par_1_44' title="bbox 472 4178 2062 4249">
     <span class='ocr_line' id='line_1_44' title="bbox 472 4178 2062 4249; baseline -0.009 -4"><span class='ocrx_word' id='word_1_327' title='bbox 472 4188 695 4246; x_wconf 86' lang='lat' dir='ltr'><strong>Siehem</strong></span> <span class='ocrx_word' id='word_1_328' title='bbox 742 4187 894 4241; x_wconf 85' lang='lat' dir='ltr'><strong>labor</strong></span> <span class='ocrx_word' id='word_1_329' title='bbox 915 4187 1135 4242; x_wconf 84' lang='lat' dir='ltr'><strong>dicitur.</strong></span> <span class='ocrx_word' id='word_1_330' title='bbox 1184 4184 1257 4238; x_wconf 77' lang='lat' dir='ltr'><strong>Ex</strong></span> <span class='ocrx_word' id='word_1_331' title='bbox 1312 4184 1531 4237; x_wconf 84' lang='lat' dir='ltr'><strong>feritate</strong></span> <span class='ocrx_word' id='word_1_332' title='bbox 1584 4195 1716 4234; x_wconf 86' lang='lat' dir='ltr'><strong>sane</strong></span> <span class='ocrx_word' id='word_1_333' title='bbox 1760 4178 2062 4249; x_wconf 88' lang='lat' dir='ltr'><strong>corporalis</strong></span> 
     </span>
    </p>
   </div>
   <div class='ocr_carea' id='block_1_45' title="bbox 471 4273 2062 4350">
    <p class='ocr_par' dir='ltr' id='par_1_45' title="bbox 471 4273 2062 4350">
     <span class='ocr_line' id='line_1_45' title="bbox 471 4273 2062 4350; baseline -0.009 -14"><span class='ocrx_word' id='word_1_334' title='bbox 471 4280 947 4350; x_wconf 66' lang='lat' dir='ltr'><strong>concupiscentiae,</strong></span> <span class='ocrx_word' id='word_1_335' title='bbox 973 4293 1094 4348; x_wconf 66' lang='lat' dir='ltr'><strong>quae</strong></span> <span class='ocrx_word' id='word_1_336' title='bbox 1121 4277 1277 4333; x_wconf 87' lang='lat' dir='ltr'><strong>asino</strong></span> <span class='ocrx_word' id='word_1_337' title='bbox 1301 4278 1567 4344; x_wconf 77' lang='lat' dir='ltr'><strong>signatur,</strong></span> <span class='ocrx_word' id='word_1_338' title='bbox 1602 4273 1903 4326; x_wconf 81' lang='lat' dir='ltr'><strong>innascitur</strong></span> <span class='ocrx_word' id='word_1_339' title='bbox 1934 4286 2062 4324; x_wconf 89' lang='lat' dir='ltr'><strong>con-</strong></span> 
     </span>
    </p>
   </div>
   <div class='ocr_carea' id='block_1_46' title="bbox 473 4362 2064 4436">
    <p class='ocr_par' dir='ltr' id='par_1_46' title="bbox 473 4362 2064 4436">
     <span class='ocr_line' id='line_1_46' title="bbox 473 4362 2064 4436; baseline -0.007 -9"><span class='ocrx_word' id='word_1_340' title='bbox 473 4380 563 4427; x_wconf 86' lang='lat' dir='ltr'><strong>tra</strong></span> <span class='ocrx_word' id='word_1_341' title='bbox 587 4371 723 4427; x_wconf 89' lang='lat' dir='ltr'><strong>alios</strong></span> <span class='ocrx_word' id='word_1_342' title='bbox 754 4371 907 4425; x_wconf 89' lang='lat' dir='ltr'><strong>labor</strong></span> <span class='ocrx_word' id='word_1_343' title='bbox 928 4370 1167 4431; x_wconf 69' lang='lat' dir='ltr'><strong>invidim,</strong></span> <span class='ocrx_word' id='word_1_344' title='bbox 1206 4383 1328 4436; x_wconf 75' lang='lat' dir='ltr'><strong>qua:</strong></span> <span class='ocrx_word' id='word_1_345' title='bbox 1363 4382 1461 4436; x_wconf 88' lang='lat' dir='ltr'><strong>pro</strong></span> <span class='ocrx_word' id='word_1_346' title='bbox 1489 4378 1640 4420; x_wconf 89' lang='lat' dir='ltr'><strong>certo</strong></span> <span class='ocrx_word' id='word_1_347' title='bbox 1670 4363 1817 4418; x_wconf 90' lang='lat' dir='ltr'><strong>nulla</strong></span> <span class='ocrx_word' id='word_1_348' title='bbox 1865 4362 2064 4416; x_wconf 80' lang='lat' dir='ltr'><strong>fruitur</strong></span> 
     </span>
    </p>
   </div>
   <div class='ocr_carea' id='block_1_47' title="bbox 475 4457 1492 4536">
    <p class='ocr_par' dir='ltr' id='par_1_47' title="bbox 475 4457 1492 4536">
     <span class='ocr_line' id='line_1_47' title="bbox 475 4457 1492 4536; baseline -0.009 -17"><span class='ocrx_word' id='word_1_349' title='bbox 475 4464 678 4536; x_wconf 87' lang='lat' dir='ltr'><strong>quiete.</strong></span> <span class='ocrx_word' id='word_1_350' title='bbox 710 4464 785 4518; x_wconf 88' lang='lat' dir='ltr'><strong>De</strong></span> <span class='ocrx_word' id='word_1_351' title='bbox 817 4463 918 4517; x_wconf 87' lang='lat' dir='ltr'><strong>hac</strong></span> <span class='ocrx_word' id='word_1_352' title='bbox 944 4461 1090 4517; x_wconf 89' lang='lat' dir='ltr'><strong>enim</strong></span> <span class='ocrx_word' id='word_1_353' title='bbox 1114 4461 1315 4515; x_wconf 74' lang='lat' dir='ltr'><strong>dicitur</strong></span> <span class='ocrx_word' id='word_1_354' title='bbox 1348 4457 1492 4527; x_wconf 81' lang='lat' dir='ltr'><strong>quod</strong></span> 
     </span>
    </p>
   </div>
   <div class='ocr_carea' id='block_1_48' title="bbox 2080 1646 2131 1707">
    <p class='ocr_par' dir='ltr' id='par_1_48' title="bbox 2080 1646 2131 1707">
     <span class='ocr_line' id='line_1_48' title="bbox 2080 1646 2131 1707; baseline 0 0"><span class='ocrx_word' id='word_1_355' title='bbox 2080 1646 2131 1707; x_wconf 92' lang='lat' dir='ltr'><strong>B</strong></span> 
     </span>
    </p>
   </div>
   <div class='ocr_carea' id='block_1_49' title="bbox 545 4568 1853 4637">
    <p class='ocr_par' dir='ltr' id='par_1_49' title="bbox 545 4568 1853 4637">
     <span class='ocr_line' id='line_1_49' title="bbox 545 4568 1853 4637; baseline -0.01 -5"><span class='ocrx_word' id='word_1_356' title='bbox 545 4575 755 4633; x_wconf 77' lang='lat' dir='ltr'><strong>Justius</strong></span> <span class='ocrx_word' id='word_1_357' title='bbox 775 4575 973 4630; x_wconf 83' lang='lat' dir='ltr'><strong>invidia</strong></span> <span class='ocrx_word' id='word_1_358' title='bbox 1006 4573 1135 4627; x_wconf 82' lang='lat' dir='ltr'><strong>nihil</strong></span> <span class='ocrx_word' id='word_1_359' title='bbox 1156 4582 1254 4633; x_wconf 82' lang='lat' dir='ltr'><strong>est,</strong></span> <span class='ocrx_word' id='word_1_360' title='bbox 1286 4587 1405 4635; x_wconf 71' lang='lat' dir='ltr'><strong>qua:</strong></span> <span class='ocrx_word' id='word_1_361' title='bbox 1426 4568 1665 4637; x_wconf 87' lang='lat' dir='ltr'><strong>primitus</strong></span> <span class='ocrx_word' id='word_1_362' title='bbox 1684 4568 1853 4637; x_wconf 89' lang='lat' dir='ltr'><strong>ipsum</strong></span> 
     </span>
    </p>
   </div>
   <div class='ocr_carea' id='block_1_50' title="bbox 619 4662 1711 4729">
    <p class='ocr_par' dir='ltr' id='par_1_50' title="bbox 619 4662 1711 4729">
     <span class='ocr_line' id='line_1_50' title="bbox 619 4662 1711 4729; baseline -0.01 -5"><span class='ocrx_word' id='word_1_363' title='bbox 619 4670 899 4724; x_wconf 83' lang='lat' dir='ltr'><strong>Auctorem</strong></span> <span class='ocrx_word' id='word_1_364' title='bbox 936 4667 1099 4729; x_wconf 89' lang='lat' dir='ltr'><strong>rodit,</strong></span> <span class='ocrx_word' id='word_1_365' title='bbox 1129 4662 1517 4729; x_wconf 83' lang='lat' dir='ltr'><strong>discruciatque</strong></span> <span class='ocrx_word' id='word_1_366' title='bbox 1539 4676 1711 4713; x_wconf 88' lang='lat' dir='ltr'><strong>suum.</strong></span> 
     </span>
    </p>
   </div>
   <div class='ocr_carea' id='block_1_51' title="bbox 482 4770 2070 4857">
    <p class='ocr_par' dir='ltr' id='par_1_51' title="bbox 482 4770 2070 4857">
     <span class='ocr_line' id='line_1_51' title="bbox 482 4770 2070 4857; baseline -0.014 -12"><span class='ocrx_word' id='word_1_367' title='bbox 482 4784 638 4857; x_wconf 78' lang='lat'><strong>13],</strong></span> <span class='ocrx_word' id='word_1_368' title='bbox 677 4783 759 4839; x_wconf 81' lang='lat' dir='ltr'><strong>Ad</strong></span> <span class='ocrx_word' id='word_1_369' title='bbox 798 4783 903 4837; x_wconf 89' lang='lat' dir='ltr'><strong>hoc</strong></span> <span class='ocrx_word' id='word_1_370' title='bbox 949 4780 1106 4849; x_wconf 89' lang='lat' dir='ltr'><strong>plane</strong></span> <span class='ocrx_word' id='word_1_371' title='bbox 1156 4776 1387 4831; x_wconf 70' lang='lat' dir='ltr'><strong>scienda:</strong></span> <span class='ocrx_word' id='word_1_372' title='bbox 1417 4775 1643 4829; x_wconf 89' lang='lat' dir='ltr'><strong>aliorum</strong></span> <span class='ocrx_word' id='word_1_373' title='bbox 1693 4771 1938 4843; x_wconf 84' lang='lat' dir='ltr'><strong>qualitati</strong></span> <span class='ocrx_word' id='word_1_374' title='bbox 1981 4770 2070 4825; x_wconf 87' lang='lat' dir='ltr'><strong>in-</strong></span> 
     </span>
    </p>
   </div>
   <div class='ocr_carea' id='block_1_52' title="bbox 478 4865 2069 4942">
    <p class='ocr_par' dir='ltr' id='par_1_52' title="bbox 478 4865 2069 4942">
     <span class='ocr_line' id='line_1_52' title="bbox 478 4865 2069 4942; baseline -0.011 -7"><span class='ocrx_word' id='word_1_375' title='bbox 478 4880 731 4942; x_wconf 81' lang='lat' dir='ltr'><strong>hiamus,</strong></span> <span class='ocrx_word' id='word_1_376' title='bbox 763 4888 823 4929; x_wconf 83' lang='grc' dir='ltr'><strong>ιιι</strong></span> <span class='ocrx_word' id='word_1_377' title='bbox 849 4891 971 4930; x_wconf 92' lang='lat' dir='ltr'><strong>cum</strong></span> <span class='ocrx_word' id='word_1_378' title='bbox 1014 4886 1195 4926; x_wconf 74' lang='lat' dir='ltr'><strong>nzcvos</strong></span> <span class='ocrx_word' id='word_1_379' title='bbox 1233 4870 1484 4922; x_wconf 87' lang='lat' dir='ltr'><strong>vitiorum</strong></span> <span class='ocrx_word' id='word_1_380' title='bbox 1533 4866 1587 4920; x_wconf 93' lang='lat' dir='ltr'><strong>in</strong></span> <span class='ocrx_word' id='word_1_381' title='bbox 1620 4867 1698 4921; x_wconf 90' lang='lat' dir='ltr'><strong>eis</strong></span> <span class='ocrx_word' id='word_1_382' title='bbox 1740 4865 2069 4934; x_wconf 88' lang='lat' dir='ltr'><strong>reperimus,</strong></span> 
     </span>
    </p>
   </div>
   <div class='ocr_carea' id='block_1_53' title="bbox 480 4954 2073 5028">
    <p class='ocr_par' dir='ltr' id='par_1_53' title="bbox 480 4954 2073 5028">
     <span class='ocr_line' id='line_1_53' title="bbox 480 4954 2073 5028; baseline -0.011 -3"><span class='ocrx_word' id='word_1_383' title='bbox 480 4971 743 5025; x_wconf 84' lang='lat' dir='ltr'><strong>honorent</strong></span> <span class='ocrx_word' id='word_1_384' title='bbox 772 4966 897 5021; x_wconf 75' lang='lat' dir='ltr'><strong>inde</strong></span> <span class='ocrx_word' id='word_1_385' title='bbox 927 4963 1083 5019; x_wconf 89' lang='lat' dir='ltr'><strong>nobis</strong></span> <span class='ocrx_word' id='word_1_386' title='bbox 1113 4960 1350 5014; x_wconf 82' lang='lat' dir='ltr'><strong>crevisse</strong></span> <span class='ocrx_word' id='word_1_387' title='bbox 1386 4968 1655 5028; x_wconf 89' lang='lat' dir='ltr'><strong>putemus,</strong></span> <span class='ocrx_word' id='word_1_388' title='bbox 1685 4957 1813 5025; x_wconf 90' lang='lat' dir='ltr'><strong>quia</strong></span> <span class='ocrx_word' id='word_1_389' title='bbox 1845 4954 2073 5008; x_wconf 78' lang='lat' dir='ltr'><strong>interius</strong></span> 
     </span>
    </p>
   </div>
   <div class='ocr_carea' id='block_1_54' title="bbox 480 5046 2071 5122">
    <p class='ocr_par' dir='ltr' id='par_1_54' title="bbox 480 5046 2071 5122">
     <span class='ocr_line' id='line_1_54' title="bbox 480 5046 2071 5122; baseline -0.014 -3"><span class='ocrx_word' id='word_1_390' title='bbox 480 5065 584 5119; x_wconf 88' lang='lat' dir='ltr'><strong>bos</strong></span> <span class='ocrx_word' id='word_1_391' title='bbox 610 5062 876 5116; x_wconf 82' lang='lat' dir='ltr'><strong>videmus.</strong></span> <span class='ocrx_word' id='word_1_392' title='bbox 914 5054 1163 5122; x_wconf 81' lang='lat' dir='ltr'><strong>Princeps</strong></span> <span class='ocrx_word' id='word_1_393' title='bbox 1193 5061 1278 5106; x_wconf 90' lang='lat' dir='ltr'><strong>est</strong></span> <span class='ocrx_word' id='word_1_394' title='bbox 1322 5051 1519 5105; x_wconf 84' lang='lat' dir='ltr'><strong>llemor</strong></span> <span class='ocrx_word' id='word_1_395' title='bbox 1546 5059 1700 5102; x_wconf 78' lang='lat' dir='ltr'><strong>teme</strong></span> <span class='ocrx_word' id='word_1_396' title='bbox 1730 5046 2071 5111; x_wconf 71' lang='lat' dir='ltr'><strong>llevacorum,</strong></span> 
     </span>
    </p>
   </div>
   <div class='ocr_carea' id='block_1_55' title="bbox 482 5139 2076 5226">
    <p class='ocr_par' dir='ltr' id='par_1_55' title="bbox 482 5139 2076 5226">
     <span class='ocr_line' id='line_1_55' title="bbox 482 5139 2076 5226; baseline -0.012 -15"><span class='ocrx_word' id='word_1_397' title='bbox 482 5156 610 5226; x_wconf 87' lang='lat' dir='ltr'><strong>quia</strong></span> <span class='ocrx_word' id='word_1_398' title='bbox 662 5152 872 5209; x_wconf 88' lang='lat' dir='ltr'><strong>asinina</strong></span> <span class='ocrx_word' id='word_1_399' title='bbox 924 5157 981 5201; x_wconf 90' lang='lat' dir='ltr'><strong>et</strong></span> <span class='ocrx_word' id='word_1_400' title='bbox 1036 5145 1229 5199; x_wconf 88' lang='lat' dir='ltr'><strong>stolida</strong></span> <span class='ocrx_word' id='word_1_401' title='bbox 1274 5143 1543 5213; x_wconf 89' lang='lat' dir='ltr'><strong>cupiditas</strong></span> <span class='ocrx_word' id='word_1_402' title='bbox 1591 5140 1794 5195; x_wconf 84' lang='lat' dir='ltr'><strong>feritati</strong></span> <span class='ocrx_word' id='word_1_403' title='bbox 1853 5139 2076 5194; x_wconf 92' lang='lat' dir='ltr'><strong>omnino</strong></span> 
     </span>
    </p>
   </div>
   <div class='ocr_carea' id='block_1_56' title="bbox 484 5226 2076 5312">
    <p class='ocr_par' dir='ltr' id='par_1_56' title="bbox 484 5226 2076 5312">
     <span class='ocr_line' id='line_1_56' title="bbox 484 5226 2076 5312; baseline -0.011 -16"><span class='ocrx_word' id='word_1_404' title='bbox 484 5240 824 5312; x_wconf 77' lang='lat' dir='ltr'><strong>principatur</strong></span> <span class='ocrx_word' id='word_1_405' title='bbox 864 5247 1230 5291; x_wconf 90' lang='lat' dir='ltr'><strong>terrenorum.</strong></span> <span class='ocrx_word' id='word_1_406' title='bbox 1264 5231 1366 5297; x_wconf 83' lang='lat' dir='ltr'><strong>Qui</strong></span> <span class='ocrx_word' id='word_1_407' title='bbox 1395 5238 1576 5283; x_wconf 90' lang='lat' dir='ltr'><strong>autem</strong></span> <span class='ocrx_word' id='word_1_408' title='bbox 1625 5228 1884 5296; x_wconf 81' lang='lat' dir='ltr'><strong>cupiunt,</strong></span> <span class='ocrx_word' id='word_1_409' title='bbox 1940 5226 2076 5280; x_wconf 90' lang='lat' dir='ltr'><strong>invi-</strong></span> 
     </span>
    </p>
   </div>
   <div class='ocr_carea' id='block_1_57' title="bbox 482 5318 2073 5399">
    <p class='ocr_par' dir='ltr' id='par_1_57' title="bbox 482 5318 2073 5399">
     <span class='ocr_line' id='line_1_57' title="bbox 482 5318 2073 5399; baseline -0.009 -13"><span class='ocrx_word' id='word_1_410' title='bbox 482 5331 616 5385; x_wconf 88' lang='lat' dir='ltr'><strong>dent</strong></span> <span class='ocrx_word' id='word_1_411' title='bbox 660 5325 902 5399; x_wconf 83' lang='lat' dir='ltr'><strong>profecto</strong></span> <span class='ocrx_word' id='word_1_412' title='bbox 956 5322 1081 5377; x_wconf 84' lang='lat' dir='ltr'><strong>aliis</strong></span> <span class='ocrx_word' id='word_1_413' title='bbox 1114 5322 1257 5392; x_wconf 89' lang='lat' dir='ltr'><strong>quod</strong></span> <span class='ocrx_word' id='word_1_414' title='bbox 1286 5320 1531 5390; x_wconf 91' lang='lat' dir='ltr'><strong>cupiunt.</strong></span> <span class='ocrx_word' id='word_1_415' title='bbox 1574 5320 1806 5373; x_wconf 79' lang='lat' dir='ltr'><strong>Adamat</strong></span> <span class='ocrx_word' id='word_1_416' title='bbox 1856 5318 2073 5372; x_wconf 84' lang='lat' dir='ltr'><strong>Sicbem</strong></span> 
     </span>
    </p>
   </div>
   <div class='ocr_carea' id='block_1_58' title="bbox 488 5407 2074 5484">
    <p class='ocr_par' dir='ltr' id='par_1_58' title="bbox 488 5407 2074 5484">
     <span class='ocr_line' id='line_1_58' title="bbox 488 5407 2074 5484; baseline -0.011 -7"><span class='ocrx_word' id='word_1_417' title='bbox 488 5421 704 5481; x_wconf 90' lang='lat' dir='ltr'><strong>Dinam,</strong></span> <span class='ocrx_word' id='word_1_418' title='bbox 732 5416 858 5484; x_wconf 90' lang='lat' dir='ltr'><strong>quia</strong></span> <span class='ocrx_word' id='word_1_419' title='bbox 883 5414 1098 5469; x_wconf 78' lang='lat' dir='ltr'><strong>aﬂ‘ectat</strong></span> <span class='ocrx_word' id='word_1_420' title='bbox 1122 5411 1273 5465; x_wconf 84' lang='lat' dir='ltr'><strong>labor</strong></span> <span class='ocrx_word' id='word_1_421' title='bbox 1295 5410 1510 5464; x_wconf 69' lang='lat' dir='ltr'><strong>invidia:</strong></span> <span class='ocrx_word' id='word_1_422' title='bbox 1537 5407 1840 5463; x_wconf 87' lang='lat' dir='ltr'><strong>distrahere</strong></span> <span class='ocrx_word' id='word_1_423' title='bbox 1862 5408 1929 5462; x_wconf 88' lang='lat' dir='ltr'><strong>ab</strong></span> <span class='ocrx_word' id='word_1_424' title='bbox 1954 5409 2074 5461; x_wconf 82' lang='lat' dir='ltr'><strong>ani-</strong></span> 
     </span>
    </p>
   </div>
   <div class='ocr_carea' id='block_1_59' title="bbox 487 5502 2074 5578">
    <p class='ocr_par' dir='ltr' id='par_1_59' title="bbox 487 5502 2074 5578">
     <span class='ocr_line' id='line_1_59' title="bbox 487 5502 2074 5578; baseline -0.008 -11"><span class='ocrx_word' id='word_1_425' title='bbox 487 5525 579 5566; x_wconf 87' lang='lat' dir='ltr'><strong>mo</strong></span> <span class='ocrx_word' id='word_1_426' title='bbox 614 5510 699 5563; x_wconf 88' lang='lat' dir='ltr'><strong>sui</strong></span> <span class='ocrx_word' id='word_1_427' title='bbox 734 5508 833 5578; x_wconf 81' lang='lat' dir='ltr'><strong>ipsi</strong></span> <span class='ocrx_word' id='word_1_428' title='bbox 860 5522 903 5560; x_wconf 71' lang='lat' dir='ltr'><strong>:s</strong></span> <span class='ocrx_word' id='word_1_429' title='bbox 932 5505 1341 5561; x_wconf 89' lang='lat' dir='ltr'><strong>discretionem.</strong></span> <span class='ocrx_word' id='word_1_430' title='bbox 1372 5502 1534 5571; x_wconf 83' lang='lat' dir='ltr'><strong>Rapit</strong></span> <span class='ocrx_word' id='word_1_431' title='bbox 1563 5518 1684 5557; x_wconf 90' lang='lat' dir='ltr'><strong>cum</strong></span> <span class='ocrx_word' id='word_1_432' title='bbox 1714 5502 1938 5555; x_wconf 90' lang='lat' dir='ltr'><strong>aliorum</strong></span> <span class='ocrx_word' id='word_1_433' title='bbox 1972 5502 2074 5554; x_wconf 86' lang='lat' dir='ltr'><strong>sibi</strong></span> 
     </span>
    </p>
   </div>
   <div class='ocr_carea' id='block_1_60' title="bbox 489 5594 2077 5666">
    <p class='ocr_par' dir='ltr' id='par_1_60' title="bbox 489 5594 2077 5666">
     <span class='ocr_line' id='line_1_60' title="bbox 489 5594 2077 5666; baseline -0.005 -12"><span class='ocrx_word' id='word_1_434' title='bbox 489 5601 636 5654; x_wconf 86' lang='lat' dir='ltr'><strong>vitas</strong></span> <span class='ocrx_word' id='word_1_435' title='bbox 681 5598 953 5654; x_wconf 84' lang='lat' dir='ltr'><strong>discutere</strong></span> <span class='ocrx_word' id='word_1_436' title='bbox 991 5597 1143 5652; x_wconf 90' lang='lat' dir='ltr'><strong>dulce</strong></span> <span class='ocrx_word' id='word_1_437' title='bbox 1174 5598 1335 5666; x_wconf 88' lang='lat' dir='ltr'><strong>sapit.</strong></span> <span class='ocrx_word' id='word_1_438' title='bbox 1385 5595 1594 5649; x_wconf 85' lang='lat' dir='ltr'><strong>Dormit</strong></span> <span class='ocrx_word' id='word_1_439' title='bbox 1639 5610 1760 5648; x_wconf 88' lang='lat' dir='ltr'><strong>cum</strong></span> <span class='ocrx_word' id='word_1_440' title='bbox 1789 5594 1876 5647; x_wconf 88' lang='lat' dir='ltr'><strong>illa</strong></span> <span class='ocrx_word' id='word_1_441' title='bbox 1902 5596 1953 5646; x_wconf 89' lang='lat' dir='ltr'><strong>vi</strong></span> <span class='ocrx_word' id='word_1_442' title='bbox 1987 5609 2077 5663; x_wconf 84' lang='lat' dir='ltr'><strong>op-</strong></span> 
     </span>
    </p>
   </div>
   <div class='ocr_carea' id='block_1_61' title="bbox 490 5690 2078 5769">
    <p class='ocr_par' dir='ltr' id='par_1_61' title="bbox 490 5690 2078 5769">
     <span class='ocr_line' id='line_1_61' title="bbox 490 5690 2078 5769; baseline -0.003 -19"><span class='ocrx_word' id='word_1_443' title='bbox 490 5695 739 5769; x_wconf 86' lang='lat' dir='ltr'><strong>primens</strong></span> <span class='ocrx_word' id='word_1_444' title='bbox 761 5693 1057 5765; x_wconf 80' lang='lat' dir='ltr'><strong>virginem,</strong></span> <span class='ocrx_word' id='word_1_445' title='bbox 1095 5694 1221 5751; x_wconf 87' lang='lat' dir='ltr'><strong>dum</strong></span> <span class='ocrx_word' id='word_1_446' title='bbox 1253 5693 1326 5750; x_wconf 89' lang='lat' dir='ltr'><strong>illi</strong></span> <span class='ocrx_word' id='word_1_447' title='bbox 1361 5690 1693 5747; x_wconf 87' lang='lat' dir='ltr'><strong>unanimiter</strong></span> <span class='ocrx_word' id='word_1_448' title='bbox 1714 5693 1972 5747; x_wconf 85' lang='lat' dir='ltr'><strong>miscetur</strong></span> <span class='ocrx_word' id='word_1_449' title='bbox 1999 5692 2078 5746; x_wconf 87' lang='lat' dir='ltr'><strong>in-</strong></span> 
     </span>
    </p>
   </div>
   <div class='ocr_carea' id='block_1_62' title="bbox 2156 188 3843 249">
    <p class='ocr_par' dir='ltr' id='par_1_62' title="bbox 2156 188 3843 249">
     <span class='ocr_line' id='line_1_62' title="bbox 2156 188 3843 249; baseline 0.003 -6"><span class='ocrx_word' id='word_1_450' title='bbox 2156 188 2396 248; x_wconf 75' lang='lat' dir='ltr'><strong>MARUE</strong></span> <span class='ocrx_word' id='word_1_451' title='bbox 2438 192 2526 249; x_wconf 87' lang='lat' dir='ltr'><strong>DE</strong></span> <span class='ocrx_word' id='word_1_452' title='bbox 2562 190 2958 249; x_wconf 73' lang='lat' dir='ltr'><strong>NOVIGENTO</strong></span> <span class='ocrx_word' id='word_1_453' title='bbox 3692 191 3843 248; x_wconf 64' lang='lat'><strong>218</strong></span> 
     </span>
    </p>
   </div>
   <div class='ocr_carea' id='block_1_63' title="bbox 2153 308 3839 380">
    <p class='ocr_par' dir='ltr' id='par_1_63' title="bbox 2153 308 3839 380">
     <span class='ocr_line' id='line_1_63' title="bbox 2153 308 3839 380; baseline 0.004 -20"><span class='ocrx_word' id='word_1_454' title='bbox 2153 308 2409 363; x_wconf 81' lang='lat' dir='ltr'><strong>tentionis</strong></span> <span class='ocrx_word' id='word_1_455' title='bbox 2436 311 2724 366; x_wconf 89' lang='lat' dir='ltr'><strong>adimendo</strong></span> <span class='ocrx_word' id='word_1_456' title='bbox 2762 311 3153 367; x_wconf 89' lang='lat' dir='ltr'><strong>sinceritatem.</strong></span> <span class='ocrx_word' id='word_1_457' title='bbox 3185 310 3414 366; x_wconf 87' lang='lat' dir='ltr'><strong>Adamat</strong></span> <span class='ocrx_word' id='word_1_458' title='bbox 3447 311 3654 367; x_wconf 80' lang='lat' dir='ltr'><strong>etiam</strong></span> <span class='ocrx_word' id='word_1_459' title='bbox 3706 327 3839 380; x_wconf 72' lang='lat' dir='ltr'><strong>per</strong></span> 
     </span>
    </p>
   </div>
   <div class='ocr_carea' id='block_1_64' title="bbox 2153 401 3829 471">
    <p class='ocr_par' dir='ltr' id='par_1_64' title="bbox 2153 401 3829 471">
     <span class='ocr_line' id='line_1_64' title="bbox 2153 401 3829 471; baseline 0.001 -19"><span class='ocrx_word' id='word_1_460' title='bbox 2153 401 2515 469; x_wconf 79' lang='lat' dir='ltr'><strong>suggestionis</strong></span> <span class='ocrx_word' id='word_1_461' title='bbox 2565 402 3000 469; x_wconf 88' lang='lat' dir='ltr'><strong>susceptionem,</strong></span> <span class='ocrx_word' id='word_1_462' title='bbox 3049 401 3191 471; x_wconf 86' lang='lat' dir='ltr'><strong>rapit</strong></span> <span class='ocrx_word' id='word_1_463' title='bbox 3237 416 3333 470; x_wconf 87' lang='lat' dir='ltr'><strong>per</strong></span> <span class='ocrx_word' id='word_1_464' title='bbox 3376 417 3829 465; x_wconf 83' lang='lat' dir='ltr'><strong>consensum,</strong></span> 
     </span>
    </p>
   </div>
   <div class='ocr_carea' id='block_1_65' title="bbox 2155 490 3830 564">
    <p class='ocr_par' dir='ltr' id='par_1_65' title="bbox 2155 490 3830 564">
     <span class='ocr_line' id='line_1_65' title="bbox 2155 490 3830 564; baseline 0.001 -20"><span class='ocrx_word' id='word_1_465' title='bbox 2155 491 2353 546; x_wconf 90' lang='lat' dir='ltr'><strong>dormit</strong></span> <span class='ocrx_word' id='word_1_466' title='bbox 2378 507 2472 561; x_wconf 90' lang='lat' dir='ltr'><strong>per</strong></span> <span class='ocrx_word' id='word_1_467' title='bbox 2498 490 2729 549; x_wconf 90' lang='lat' dir='ltr'><strong>actionis</strong></span> <span class='ocrx_word' id='word_1_468' title='bbox 2763 492 3084 547; x_wconf 89' lang='lat' dir='ltr'><strong>illatlonem.</strong></span> <span class='ocrx_word' id='word_1_469' title='bbox 3116 492 3226 547; x_wconf 90' lang='lat' dir='ltr'><strong>Hoc</strong></span> <span class='ocrx_word' id='word_1_470' title='bbox 3256 493 3397 548; x_wconf 88' lang='lat' dir='ltr'><strong>enim</strong></span> <span class='ocrx_word' id='word_1_471' title='bbox 3426 493 3830 564; x_wconf 85' lang='lat' dir='ltr'><strong>syUogismo</strong></span> 
     </span>
    </p>
   </div>
   <div class='ocr_carea' id='block_1_66' title="bbox 2102 581 3825 655">
    <p class='ocr_par' dir='ltr' id='par_1_66' title="bbox 2102 581 3825 655">
     <span class='ocr_line' id='line_1_66' title="bbox 2102 581 3825 655; baseline 0.002 -21"><span class='ocrx_word' id='word_1_472' title='bbox 2102 650 2105 655; x_wconf 21' lang='grc' dir='ltr'><strong>Δ</strong></span> <span class='ocrx_word' id='word_1_473' title='bbox 2154 581 2342 636; x_wconf 89' lang='lat' dir='ltr'><strong>utitur.</strong></span> <span class='ocrx_word' id='word_1_474' title='bbox 2378 584 2568 653; x_wconf 70' lang='lat' dir='ltr'><strong>(Vens.</strong></span> <span class='ocrx_word' id='word_1_475' title='bbox 2596 584 2673 648; x_wconf 66' lang='grc' dir='ltr'><strong>ἶ.)</strong></span> <span class='ocrx_word' id='word_1_476' title='bbox 2698 584 3116 653; x_wconf 82' lang='lat' dir='ltr'><strong>Conglutinatur</strong></span> <span class='ocrx_word' id='word_1_477' title='bbox 3145 585 3320 637; x_wconf 89' lang='lat' dir='ltr'><strong>anima</strong></span> <span class='ocrx_word' id='word_1_478' title='bbox 3358 585 3476 655; x_wconf 86' lang='lat' dir='ltr'><strong>ejus</strong></span> <span class='ocrx_word' id='word_1_479' title='bbox 3500 601 3663 638; x_wconf 84' lang='lat' dir='ltr'><strong>cum</strong></span> <span class='ocrx_word' id='word_1_480' title='bbox 3718 602 3825 646; x_wconf 81' lang='lat' dir='ltr'><strong>ea,</strong></span> 
     </span>
    </p>
   </div>
   <div class='ocr_carea' id='block_1_67' title="bbox 2151 676 3826 748">
    <p class='ocr_par' dir='ltr' id='par_1_67' title="bbox 2151 676 3826 748">
     <span class='ocr_line' id='line_1_67' title="bbox 2151 676 3826 748; baseline 0.001 -18"><span class='ocrx_word' id='word_1_481' title='bbox 2151 690 2275 730; x_wconf 90' lang='lat' dir='ltr'><strong>cum</strong></span> <span class='ocrx_word' id='word_1_482' title='bbox 2302 676 2417 746; x_wconf 91' lang='lat' dir='ltr'><strong>ipsa</strong></span> <span class='ocrx_word' id='word_1_483' title='bbox 2449 677 2636 732; x_wconf 88' lang='lat' dir='ltr'><strong>livoris</strong></span> <span class='ocrx_word' id='word_1_484' title='bbox 2664 678 2915 739; x_wconf 89' lang='lat' dir='ltr'><strong>intentio.</strong></span> <span class='ocrx_word' id='word_1_485' title='bbox 2949 679 3089 748; x_wconf 83' lang='lat' dir='ltr'><strong>quod</strong></span> <span class='ocrx_word' id='word_1_486' title='bbox 3120 688 3206 733; x_wconf 91' lang='lat' dir='ltr'><strong>est</strong></span> <span class='ocrx_word' id='word_1_487' title='bbox 3246 694 3313 733; x_wconf 79' lang='lat' dir='ltr'><strong>ex</strong></span> <span class='ocrx_word' id='word_1_488' title='bbox 3341 679 3602 734; x_wconf 85' lang='lat' dir='ltr'><strong>aliorum</strong></span> <span class='ocrx_word' id='word_1_489' title='bbox 3649 679 3826 732; x_wconf 75' lang='lat' dir='ltr'><strong>infa-</strong></span> 
     </span>
    </p>
   </div>
   <div class='ocr_carea' id='block_1_68' title="bbox 2153 769 3823 841">
    <p class='ocr_par' dir='ltr' id='par_1_68' title="bbox 2153 769 3823 841">
     <span class='ocr_line' id='line_1_68' title="bbox 2153 769 3823 841; baseline 0.002 -20"><span class='ocrx_word' id='word_1_490' title='bbox 2153 769 2264 823; x_wconf 88' lang='lat' dir='ltr'><strong>mia</strong></span> <span class='ocrx_word' id='word_1_491' title='bbox 2289 770 2370 824; x_wconf 87' lang='lat' dir='ltr'><strong>sui</strong></span> <span class='ocrx_word' id='word_1_492' title='bbox 2403 771 2570 839; x_wconf 89' lang='lat' dir='ltr'><strong>ipsius</strong></span> <span class='ocrx_word' id='word_1_493' title='bbox 2590 772 2890 840; x_wconf 82' lang='lat' dir='ltr'><strong>provectio,</strong></span> <span class='ocrx_word' id='word_1_494' title='bbox 2919 786 3039 841; x_wconf 71' lang='lat' dir='ltr'><strong>qua:</strong></span> <span class='ocrx_word' id='word_1_495' title='bbox 3065 772 3218 840; x_wconf 89' lang='lat' dir='ltr'><strong>quasi</strong></span> <span class='ocrx_word' id='word_1_496' title='bbox 3247 773 3496 840; x_wconf 66' lang='lat' dir='ltr'><strong>quaedam</strong></span> <span class='ocrx_word' id='word_1_497' title='bbox 3532 772 3823 826; x_wconf 66' lang='lat' dir='ltr'><strong>invidia:</strong></span> 
     </span>
    </p>
   </div>
   <div class='ocr_carea' id='block_1_69' title="bbox 2155 860 3816 924">
    <p class='ocr_par' dir='ltr' id='par_1_69' title="bbox 2155 860 3816 924">
     <span class='ocr_line' id='line_1_69' title="bbox 2155 860 3816 924; baseline 0.001 -11"><span class='ocrx_word' id='word_1_498' title='bbox 2155 860 2334 914; x_wconf 90' lang='lat' dir='ltr'><strong>anima</strong></span> <span class='ocrx_word' id='word_1_499' title='bbox 2377 869 2481 924; x_wconf 87' lang='lat' dir='ltr'><strong>est,</strong></span> <span class='ocrx_word' id='word_1_500' title='bbox 2523 861 2834 916; x_wconf 82' lang='lat' dir='ltr'><strong>medullitus</strong></span> <span class='ocrx_word' id='word_1_501' title='bbox 2884 861 3123 916; x_wconf 65' lang='lat' dir='ltr'><strong>adunaret</strong></span> <span class='ocrx_word' id='word_1_502' title='bbox 3152 861 3471 916; x_wconf 88' lang='lat' dir='ltr'><strong>discretioni</strong></span> <span class='ocrx_word' id='word_1_503' title='bbox 3526 872 3816 916; x_wconf 73' lang='lat' dir='ltr'><strong>nostrae.</strong></span> 
     </span>
    </p>
   </div>
   <div class='ocr_carea' id='block_1_70' title="bbox 2158 949 3819 1023">
    <p class='ocr_par' dir='ltr' id='par_1_70' title="bbox 2158 949 3819 1023">
     <span class='ocr_line' id='line_1_70' title="bbox 2158 949 3819 1023; baseline 0.003 -20"><span class='ocrx_word' id='word_1_504' title='bbox 2158 949 2377 1004; x_wconf 84' lang='lat' dir='ltr'><strong>Tristem</strong></span> <span class='ocrx_word' id='word_1_505' title='bbox 2410 952 2684 1005; x_wconf 78' lang='lat' dir='ltr'><strong>blanditiis</strong></span> <span class='ocrx_word' id='word_1_506' title='bbox 2714 952 2922 1017; x_wconf 85' lang='lat' dir='ltr'><strong>delinit,</strong></span> <span class='ocrx_word' id='word_1_507' title='bbox 2964 968 3086 1007; x_wconf 90' lang='lat' dir='ltr'><strong>cum</strong></span> <span class='ocrx_word' id='word_1_508' title='bbox 3135 953 3296 1023; x_wconf 81' lang='lat' dir='ltr'><strong>coepti</strong></span> <span class='ocrx_word' id='word_1_509' title='bbox 3328 954 3449 1007; x_wconf 85' lang='lat' dir='ltr'><strong>vitii</strong></span> <span class='ocrx_word' id='word_1_510' title='bbox 3483 954 3819 1023; x_wconf 62' lang='lat' dir='ltr'><strong>paeniten-</strong></span> 
     </span>
    </p>
   </div>
   <div class='ocr_carea' id='block_1_71' title="bbox 2157 1041 3815 1113">
    <p class='ocr_par' dir='ltr' id='par_1_71' title="bbox 2157 1041 3815 1113">
     <span class='ocr_line' id='line_1_71' title="bbox 2157 1041 3815 1113; baseline 0.004 -20"><span class='ocrx_word' id='word_1_511' title='bbox 2157 1050 2262 1094; x_wconf 89' lang='lat' dir='ltr'><strong>tem</strong></span> <span class='ocrx_word' id='word_1_512' title='bbox 2292 1041 2580 1110; x_wconf 85' lang='lat' dir='ltr'><strong>aliquando</strong></span> <span class='ocrx_word' id='word_1_513' title='bbox 2602 1059 2669 1097; x_wconf 81' lang='lat' dir='ltr'><strong>ex</strong></span> <span class='ocrx_word' id='word_1_514' title='bbox 2695 1044 2915 1098; x_wconf 88' lang='lat' dir='ltr'><strong>alterius</strong></span> <span class='ocrx_word' id='word_1_515' title='bbox 2940 1043 3138 1113; x_wconf 91' lang='lat' dir='ltr'><strong>probro</strong></span> <span class='ocrx_word' id='word_1_516' title='bbox 3169 1053 3295 1098; x_wconf 88' lang='lat' dir='ltr'><strong>nata</strong></span> <span class='ocrx_word' id='word_1_517' title='bbox 3320 1044 3421 1098; x_wconf 88' lang='lat' dir='ltr'><strong>sibi</strong></span> <span class='ocrx_word' id='word_1_518' title='bbox 3456 1044 3654 1100; x_wconf 84' lang='lat' dir='ltr'><strong>laude</strong></span> <span class='ocrx_word' id='word_1_519' title='bbox 3700 1060 3815 1099; x_wconf 83' lang='lat' dir='ltr'><strong>so-</strong></span> 
     </span>
    </p>
   </div>
   <div class='ocr_carea' id='block_1_72' title="bbox 2155 1130 3817 1208">
    <p class='ocr_par' dir='ltr' id='par_1_72' title="bbox 2155 1130 3817 1208">
     <span class='ocr_line' id='line_1_72' title="bbox 2155 1130 3817 1208; baseline 0.005 -25"><span class='ocrx_word' id='word_1_520' title='bbox 2155 1130 2329 1197; x_wconf 90' lang='lat' dir='ltr'><strong>latur,</strong></span> <span class='ocrx_word' id='word_1_521' title='bbox 2365 1142 2420 1186; x_wconf 89' lang='lat' dir='ltr'><strong>et</strong></span> <span class='ocrx_word' id='word_1_522' title='bbox 2464 1134 2633 1203; x_wconf 84' lang='lat' dir='ltr'><strong>ungit.</strong></span> <span class='ocrx_word' id='word_1_523' title='bbox 2671 1134 2859 1203; x_wconf 76' lang='lat' dir='ltr'><strong>(Vens.</strong></span> <span class='ocrx_word' id='word_1_524' title='bbox 2890 1135 2971 1205; x_wconf 75' lang='grc'><strong>4.)</strong></span> <span class='ocrx_word' id='word_1_525' title='bbox 3005 1133 3217 1189; x_wconf 90' lang='lat' dir='ltr'><strong>Patrem</strong></span> <span class='ocrx_word' id='word_1_526' title='bbox 3256 1134 3456 1191; x_wconf 83' lang='lat' dir='ltr'><strong>Hemor</strong></span> <span class='ocrx_word' id='word_1_527' title='bbox 3485 1147 3706 1208; x_wconf 80' lang='lat' dir='ltr'><strong>rogat,</strong></span> <span class='ocrx_word' id='word_1_528' title='bbox 3748 1146 3817 1191; x_wconf 82' lang='lat' dir='ltr'><strong>ut</strong></span> 
     </span>
    </p>
   </div>
   <div class='ocr_carea' id='block_1_73' title="bbox 2158 1222 3815 1295">
    <p class='ocr_par' dir='ltr' id='par_1_73' title="bbox 2158 1222 3815 1295">
     <span class='ocr_line' id='line_1_73' title="bbox 2158 1222 3815 1295; baseline 0.004 -20"><span class='ocrx_word' id='word_1_529' title='bbox 2158 1222 2257 1276; x_wconf 88' lang='lat' dir='ltr'><strong>sibi</strong></span> <span class='ocrx_word' id='word_1_530' title='bbox 2272 1223 2405 1275; x_wconf 87' lang='lat' dir='ltr'><strong>hanc</strong></span> <span class='ocrx_word' id='word_1_531' title='bbox 2418 1224 2691 1292; x_wconf 85' lang='lat' dir='ltr'><strong>conjugem</strong></span> <span class='ocrx_word' id='word_1_532' title='bbox 2706 1225 2955 1295; x_wconf 83' lang='lat' dir='ltr'><strong>accipiat,</strong></span> <span class='ocrx_word' id='word_1_533' title='bbox 2972 1240 3094 1280; x_wconf 91' lang='lat' dir='ltr'><strong>cum</strong></span> <span class='ocrx_word' id='word_1_534' title='bbox 3115 1226 3473 1295; x_wconf 87' lang='lat' dir='ltr'><strong>cupiditatum</strong></span> <span class='ocrx_word' id='word_1_535' title='bbox 3501 1226 3815 1281; x_wconf 82' lang='lat' dir='ltr'><strong>libidines</strong></span> 
     </span>
    </p>
   </div>
   <div class='ocr_carea' id='block_1_74' title="bbox 2156 1312 3807 1378">
    <p class='ocr_par' dir='ltr' id='par_1_74' title="bbox 2156 1312 3807 1378">
     <span class='ocr_line' id='line_1_74' title="bbox 2156 1312 3807 1378; baseline 0.004 -12"><span class='ocrx_word' id='word_1_536' title='bbox 2156 1312 2427 1378; x_wconf 82' lang='lat' dir='ltr'><strong>admovet,</strong></span> <span class='ocrx_word' id='word_1_537' title='bbox 2444 1322 2500 1366; x_wconf 93' lang='lat' dir='ltr'><strong>ut</strong></span> <span class='ocrx_word' id='word_1_538' title='bbox 2513 1316 2763 1368; x_wconf 78' lang='lat' dir='ltr'><strong>miseram</strong></span> <span class='ocrx_word' id='word_1_539' title='bbox 2784 1317 3018 1369; x_wconf 88' lang='lat' dir='ltr'><strong>animam</strong></span> <span class='ocrx_word' id='word_1_540' title='bbox 3035 1316 3393 1373; x_wconf 90' lang='lat' dir='ltr'><strong>lenocinando</strong></span> <span class='ocrx_word' id='word_1_541' title='bbox 3407 1318 3514 1372; x_wconf 90' lang='lat' dir='ltr'><strong>sibi</strong></span> <span class='ocrx_word' id='word_1_542' title='bbox 3529 1318 3807 1373; x_wconf 85' lang='lat' dir='ltr'><strong>vinciat.</strong></span> 
     </span>
    </p>
   </div>
   <div class='ocr_carea' id='block_1_75' title="bbox 2229 1402 3807 1470">
    <p class='ocr_par' dir='ltr' id='par_1_75' title="bbox 2229 1402 3807 1470">
     <span class='ocr_line' id='line_1_75' title="bbox 2229 1402 3807 1470; baseline 0.007 -15"><span class='ocrx_word' id='word_1_543' title='bbox 2229 1402 2392 1457; x_wconf 75' lang='lat' dir='ltr'><strong>Vsus.</strong></span> <span class='ocrx_word' id='word_1_544' title='bbox 2427 1403 2481 1457; x_wconf 81' lang='lat'><strong>5.</strong></span> <span class='ocrx_word' id='word_1_545' title='bbox 2513 1435 2585 1445; x_wconf 91' lang='lat'><strong><em>—</em></strong></span> <span class='ocrx_word' id='word_1_546' title='bbox 2622 1404 2777 1470; x_wconf 82' lang='lat' dir='ltr'><strong>Quod</strong></span> <span class='ocrx_word' id='word_1_547' title='bbox 2822 1424 2937 1461; x_wconf 86' lang='lat' dir='ltr'><strong>cum</strong></span> <span class='ocrx_word' id='word_1_548' title='bbox 2976 1410 3208 1462; x_wconf 81' lang='lat' dir='ltr'><strong>audisset</strong></span> <span class='ocrx_word' id='word_1_549' title='bbox 3242 1408 3410 1464; x_wconf 84' lang='lat' dir='ltr'><strong>Jacob</strong></span> <span class='ocrx_word' id='word_1_550' title='bbox 3445 1412 3807 1466; x_wconf 68' lang='lat' dir='ltr'><strong>absentibus</strong></span> 
     </span>
    </p>
   </div>
   <div class='ocr_carea' id='block_1_76' title="bbox 2157 1491 3803 1567">
    <p class='ocr_par' dir='ltr' id='par_1_76' title="bbox 2157 1491 3803 1567">
     <span class='ocr_line' id='line_1_76' title="bbox 2157 1491 3803 1567; baseline 0.008 -24"><span class='ocrx_word' id='word_1_551' title='bbox 2157 1491 2307 1559; x_wconf 87' lang='lat' dir='ltr'><strong>ﬁliis,</strong></span> <span class='ocrx_word' id='word_1_552' title='bbox 2336 1503 2383 1546; x_wconf 88' lang='lat' dir='ltr'><strong>et</strong></span> <span class='ocrx_word' id='word_1_553' title='bbox 2420 1495 2473 1546; x_wconf 88' lang='lat' dir='ltr'><strong>in</strong></span> <span class='ocrx_word' id='word_1_554' title='bbox 2513 1506 2667 1563; x_wconf 86' lang='lat' dir='ltr'><strong>pastu</strong></span> <span class='ocrx_word' id='word_1_555' title='bbox 2694 1498 2956 1565; x_wconf 86' lang='lat' dir='ltr'><strong>occupatis</strong></span> <span class='ocrx_word' id='word_1_556' title='bbox 2981 1515 3226 1567; x_wconf 84' lang='lat' dir='ltr'><strong>pecorum</strong></span> <span class='ocrx_word' id='word_1_557' title='bbox 3246 1540 3260 1562; x_wconf 95' lang='lat'><strong>,</strong></span> <span class='ocrx_word' id='word_1_558' title='bbox 3285 1500 3433 1553; x_wconf 86' lang='lat' dir='ltr'><strong>siluit</strong></span> <span class='ocrx_word' id='word_1_559' title='bbox 3463 1500 3666 1555; x_wconf 79' lang='lat' dir='ltr'><strong>donec</strong></span> <span class='ocrx_word' id='word_1_560' title='bbox 3712 1520 3803 1556; x_wconf 86' lang='lat' dir='ltr'><strong>re-</strong></span> 
     </span>
    </p>
   </div>
   <div class='ocr_carea' id='block_1_77' title="bbox 2158 1581 3801 1663">
    <p class='ocr_par' dir='ltr' id='par_1_77' title="bbox 2158 1581 3801 1663">
     <span class='ocr_line' id='line_1_77' title="bbox 2158 1581 3801 1663; baseline 0.01 -29"><span class='ocrx_word' id='word_1_561' title='bbox 2158 1581 2352 1637; x_wconf 88' lang='lat' dir='ltr'><strong>dirent.</strong></span> <span class='ocrx_word' id='word_1_562' title='bbox 2378 1582 2539 1638; x_wconf 77' lang='lat' dir='ltr'><strong>Ratio</strong></span> <span class='ocrx_word' id='word_1_563' title='bbox 2577 1595 2763 1640; x_wconf 84' lang='lat' dir='ltr'><strong>nostra</strong></span> <span class='ocrx_word' id='word_1_564' title='bbox 2802 1586 2944 1644; x_wconf 84' lang='lat' dir='ltr'><strong>hanc</strong></span> <span class='ocrx_word' id='word_1_565' title='bbox 2966 1592 3046 1645; x_wconf 87' lang='lat' dir='ltr'><strong>sui</strong></span> <span class='ocrx_word' id='word_1_566' title='bbox 3093 1594 3500 1663; x_wconf 90' lang='lat' dir='ltr'><strong>corruptionem</strong></span> <span class='ocrx_word' id='word_1_567' title='bbox 3554 1596 3801 1650; x_wconf 82' lang='lat' dir='ltr'><strong>intelli-</strong></span> 
     </span>
    </p>
   </div>
   <div class='ocr_carea' id='block_1_78' title="bbox 2158 1668 3923 1763">
    <p class='ocr_par' dir='ltr' id='par_1_78' title="bbox 2158 1668 3923 1763">
     <span class='ocr_line' id='line_1_78' title="bbox 2158 1668 3923 1763; baseline 0.008 -38"><span class='ocrx_word' id='word_1_568' title='bbox 2158 1674 2234 1745; x_wconf 79' lang='lat' dir='ltr'><strong>git</strong></span> <span class='ocrx_word' id='word_1_569' title='bbox 2260 1674 2515 1743; x_wconf 71' lang='lat' dir='ltr'><strong>operibus</strong></span> <span class='ocrx_word' id='word_1_570' title='bbox 2539 1692 2635 1746; x_wconf 88' lang='lat' dir='ltr'><strong>per</strong></span> <span class='ocrx_word' id='word_1_571' title='bbox 2665 1678 2855 1733; x_wconf 87' lang='lat' dir='ltr'><strong>inanes</strong></span> <span class='ocrx_word' id='word_1_572' title='bbox 2883 1679 3104 1750; x_wconf 80' lang='lat' dir='ltr'><strong>glorias,</strong></span> <span class='ocrx_word' id='word_1_573' title='bbox 3135 1698 3254 1751; x_wconf 69' lang='lat' dir='ltr'><strong>quae</strong></span> <span class='ocrx_word' id='word_1_574' title='bbox 3278 1684 3503 1752; x_wconf 85' lang='lat' dir='ltr'><strong>quidam</strong></span> <span class='ocrx_word' id='word_1_575' title='bbox 3540 1685 3801 1741; x_wconf 76' lang='lat' dir='ltr'><strong>forasti-</strong></span> 
     </span>
    </p>
   </div>
   <div class='ocr_carea' id='block_1_79' title="bbox 2159 1766 3923 1844">
    <p class='ocr_par' dir='ltr' id='par_1_79' title="bbox 2159 1766 3923 1844">
     <span class='ocr_line' id='line_1_79' title="bbox 2159 1766 3923 1844; baseline 0.007 -27"><span class='ocrx_word' id='word_1_576' title='bbox 2159 1779 2345 1819; x_wconf 87' lang='lat' dir='ltr'><strong>eorum</strong></span> <span class='ocrx_word' id='word_1_577' title='bbox 2379 1781 2637 1821; x_wconf 89' lang='lat' dir='ltr'><strong>sensuum</strong></span> <span class='ocrx_word' id='word_1_578' title='bbox 2675 1781 2860 1837; x_wconf 88' lang='lat' dir='ltr'><strong>pastus</strong></span> <span class='ocrx_word' id='word_1_579' title='bbox 2890 1781 3052 1838; x_wconf 89' lang='lat' dir='ltr'><strong>sunt;</strong></span> <span class='ocrx_word' id='word_1_580' title='bbox 3096 1772 3180 1827; x_wconf 88' lang='lat' dir='ltr'><strong>bis</strong></span> <span class='ocrx_word' id='word_1_581' title='bbox 3220 1774 3363 1828; x_wconf 89' lang='lat' dir='ltr'><strong>enim</strong></span> <span class='ocrx_word' id='word_1_582' title='bbox 3392 1790 3690 1844; x_wconf 80' lang='lat' dir='ltr'><strong>pecorum</strong></span> <span class='ocrx_word' id='word_1_583' title='bbox 3722 1778 3800 1831; x_wconf 84' lang='lat' dir='ltr'><strong>si-</strong></span> <span class='ocrx_word' id='word_1_584' title='bbox 3920 1766 3923 1829; x_wconf 80' lang='lat' dir='ltr'><strong>l</strong></span> 
     </span>
    </p>
   </div>
   <div class='ocr_carea' id='block_1_80' title="bbox 2160 1842 3925 2021">
    <p class='ocr_par' dir='ltr' id='par_1_80' title="bbox 2160 1842 3925 2021">
     <span class='ocr_line' id='line_1_80' title="bbox 2160 1842 3925 2021; baseline 0.007 -113"><span class='ocrx_word' id='word_1_585' title='bbox 2160 1855 2319 1911; x_wconf 88' lang='lat' dir='ltr'><strong>miles</strong></span> <span class='ocrx_word' id='word_1_586' title='bbox 2346 1871 2556 1922; x_wconf 89' lang='lat' dir='ltr'><strong>sumus,</strong></span> <span class='ocrx_word' id='word_1_587' title='bbox 2579 1857 2776 1927; x_wconf 78' lang='lat' dir='ltr'><strong>tibique</strong></span> <span class='ocrx_word' id='word_1_588' title='bbox 2801 1861 3097 1925; x_wconf 85' lang='lat' dir='ltr'><strong>distractis,</strong></span> <span class='ocrx_word' id='word_1_589' title='bbox 3125 1862 3216 1917; x_wconf 89' lang='lat' dir='ltr'><strong>sed</strong></span> <span class='ocrx_word' id='word_1_590' title='bbox 3239 1842 3459 1918; x_wconf 82' lang='lat' dir='ltr'><strong>silentio</strong></span> <span class='ocrx_word' id='word_1_591' title='bbox 3486 1880 3519 1918; x_wconf 90' lang='lat' dir='ltr'><strong>a</strong></span> <span class='ocrx_word' id='word_1_592' title='bbox 3555 1866 3800 1935; x_wconf 83' lang='lat' dir='ltr'><strong>cupidi-</strong></span> 
     </span>
     <span class='ocr_line' id='line_1_81' title="bbox 2161 1952 3796 2021; baseline 0.006 -18"><span class='ocrx_word' id='word_1_593' title='bbox 2161 1958 2335 2003; x_wconf 90' lang='lat' dir='ltr'><strong>tatum</strong></span> <span class='ocrx_word' id='word_1_594' title='bbox 2374 1952 2603 2020; x_wconf 89' lang='lat' dir='ltr'><strong>strepitu</strong></span> <span class='ocrx_word' id='word_1_595' title='bbox 2636 1952 2781 2007; x_wconf 88' lang='lat' dir='ltr'><strong>facto</strong></span> <span class='ocrx_word' id='word_1_596' title='bbox 2822 1954 3068 2008; x_wconf 80' lang='lat' dir='ltr'><strong>redeunt.</strong></span> <span class='ocrx_word' id='word_1_597' title='bbox 3100 1956 3291 2021; x_wconf 75' lang='lat' dir='ltr'><strong>(Vens.</strong></span> <span class='ocrx_word' id='word_1_598' title='bbox 3322 1958 3376 2021; x_wconf 89' lang='grc'><strong>6,</strong></span> <span class='ocrx_word' id='word_1_599' title='bbox 3417 1958 3500 2021; x_wconf 91' lang='grc'><strong>7.)</strong></span> <span class='ocrx_word' id='word_1_600' title='bbox 3535 1957 3796 2021; x_wconf 78' lang='lat' dir='ltr'><strong>Egresso</strong></span> 
     </span>
    </p>
   </div>
   <div class='ocr_carea' id='block_1_81' title="bbox 2161 1952 3796 2027">
    <p class='ocr_par' dir='ltr' id='par_1_81' title="bbox 2161 1952 3796 2027">
     <span class='ocr_line' id='line_1_82' title="bbox 2161 1952 3796 2027; baseline 0.006 -24"><span class='ocrx_word' id='word_1_601' title='bbox 2161 1958 2335 2003; x_wconf 90' lang='lat' dir='ltr'><strong>tatum</strong></span> <span class='ocrx_word' id='word_1_602' title='bbox 2374 1952 2603 2020; x_wconf 89' lang='lat' dir='ltr'><strong>strepitu</strong></span> <span class='ocrx_word' id='word_1_603' title='bbox 2636 1952 2781 2007; x_wconf 88' lang='lat' dir='ltr'><strong>facto</strong></span> <span class='ocrx_word' id='word_1_604' title='bbox 2822 1954 3068 2008; x_wconf 80' lang='lat' dir='ltr'><strong>redeunt.</strong></span> <span class='ocrx_word' id='word_1_605' title='bbox 3100 1956 3291 2025; x_wconf 75' lang='lat' dir='ltr'><strong>(Vens.</strong></span> <span class='ocrx_word' id='word_1_606' title='bbox 3322 1958 3376 2023; x_wconf 89' lang='grc'><strong>6,</strong></span> <span class='ocrx_word' id='word_1_607' title='bbox 3417 1958 3500 2026; x_wconf 91' lang='grc'><strong>7.)</strong></span> <span class='ocrx_word' id='word_1_608' title='bbox 3535 1957 3796 2027; x_wconf 78' lang='lat' dir='ltr'><strong>Egresso</strong></span> 
     </span>
    </p>
   </div>
   <div class='ocr_carea' id='block_1_82' title="bbox 2160 2041 3794 2118">
    <p class='ocr_par' dir='ltr' id='par_1_82' title="bbox 2160 2041 3794 2118">
     <span class='ocr_line' id='line_1_83' title="bbox 2160 2041 3794 2118; baseline 0.007 -25"><span class='ocrx_word' id='word_1_609' title='bbox 2160 2050 2335 2094; x_wconf 87' lang='lat' dir='ltr'><strong>autem</strong></span> <span class='ocrx_word' id='word_1_610' title='bbox 2372 2041 2575 2097; x_wconf 88' lang='lat' dir='ltr'><strong>llemor</strong></span> <span class='ocrx_word' id='word_1_611' title='bbox 2605 2054 2755 2114; x_wconf 86' lang='lat' dir='ltr'><strong>patre</strong></span> <span class='ocrx_word' id='word_1_612' title='bbox 2801 2044 3011 2100; x_wconf 84' lang='lat' dir='ltr'><strong>Sichem</strong></span> <span class='ocrx_word' id='word_1_613' title='bbox 3050 2057 3107 2100; x_wconf 85' lang='lat' dir='ltr'><strong>ut</strong></span> <span class='ocrx_word' id='word_1_614' title='bbox 3138 2047 3439 2118; x_wconf 84' lang='lat' dir='ltr'><strong>loqueretur</strong></span> <span class='ocrx_word' id='word_1_615' title='bbox 3462 2052 3541 2103; x_wconf 81' lang='lat' dir='ltr'><strong>ad</strong></span> <span class='ocrx_word' id='word_1_616' title='bbox 3573 2050 3794 2116; x_wconf 77' lang='lat' dir='ltr'><strong>Iacob,</strong></span> 
     </span>
    </p>
   </div>
   <div class='ocr_carea' id='block_1_83' title="bbox 2159 2131 3791 2211">
    <p class='ocr_par' dir='ltr' id='par_1_83' title="bbox 2159 2131 3791 2211">
     <span class='ocr_line' id='line_1_84' title="bbox 2159 2131 3791 2211; baseline 0.007 -28"><span class='ocrx_word' id='word_1_617' title='bbox 2159 2140 2206 2183; x_wconf 88' lang='lat' dir='ltr'><strong>et</strong></span> <span class='ocrx_word' id='word_1_618' title='bbox 2236 2146 2349 2183; x_wconf 87' lang='lat' dir='ltr'><strong>ecce</strong></span> <span class='ocrx_word' id='word_1_619' title='bbox 2381 2131 2481 2200; x_wconf 84' lang='lat' dir='ltr'><strong>ﬁlii</strong></span> <span class='ocrx_word' id='word_1_620' title='bbox 2520 2133 2636 2202; x_wconf 83' lang='lat' dir='ltr'><strong>ejus</strong></span> <span class='ocrx_word' id='word_1_621' title='bbox 2675 2134 2946 2189; x_wconf 84' lang='lat' dir='ltr'><strong>veniebant</strong></span> <span class='ocrx_word' id='word_1_622' title='bbox 2976 2136 3041 2190; x_wconf 86' lang='lat' dir='ltr'><strong>de</strong></span> <span class='ocrx_word' id='word_1_623' title='bbox 3079 2154 3240 2207; x_wconf 87' lang='lat' dir='ltr'><strong>agro;</strong></span> <span class='ocrx_word' id='word_1_624' title='bbox 3291 2140 3593 2210; x_wconf 87' lang='lat' dir='ltr'><strong>auditoque</strong></span> <span class='ocrx_word' id='word_1_625' title='bbox 3629 2142 3791 2211; x_wconf 72' lang='lat' dir='ltr'><strong>quod</strong></span> 
     </span>
    </p>
   </div>
   <div class='ocr_carea' id='block_1_84' title="bbox 2161 2224 3796 2299">
    <p class='ocr_par' dir='ltr' id='par_1_84' title="bbox 2161 2224 3796 2299">
     <span class='ocr_line' id='line_1_85' title="bbox 2161 2224 3796 2299; baseline 0.006 -23"><span class='ocrx_word' id='word_1_626' title='bbox 2161 2224 2451 2289; x_wconf 87' lang='lat' dir='ltr'><strong>acciderat,</strong></span> <span class='ocrx_word' id='word_1_627' title='bbox 2490 2226 2616 2278; x_wconf 87' lang='lat' dir='ltr'><strong>irati</strong></span> <span class='ocrx_word' id='word_1_628' title='bbox 2645 2235 2766 2280; x_wconf 89' lang='lat' dir='ltr'><strong>sunt</strong></span> <span class='ocrx_word' id='word_1_629' title='bbox 2799 2226 2978 2291; x_wconf 86' lang='lat' dir='ltr'><strong>valde,</strong></span> <span class='ocrx_word' id='word_1_630' title='bbox 3008 2244 3068 2282; x_wconf 92' lang='lat' dir='ltr'><strong>eo</strong></span> <span class='ocrx_word' id='word_1_631' title='bbox 3096 2231 3235 2299; x_wconf 87' lang='lat' dir='ltr'><strong>quod</strong></span> <span class='ocrx_word' id='word_1_632' title='bbox 3269 2229 3469 2299; x_wconf 69' lang='lat' dir='ltr'><strong>{tedam</strong></span> <span class='ocrx_word' id='word_1_633' title='bbox 3500 2248 3626 2284; x_wconf 88' lang='lat' dir='ltr'><strong>rem</strong></span> <span class='ocrx_word' id='word_1_634' title='bbox 3662 2249 3796 2297; x_wconf 82' lang='lat' dir='ltr'><strong>ope-</strong></span> 
     </span>
    </p>
   </div>
   <div class='ocr_carea' id='block_1_85' title="bbox 2161 2314 3794 2389">
    <p class='ocr_par' dir='ltr' id='par_1_85' title="bbox 2161 2314 3794 2389">
     <span class='ocr_line' id='line_1_86' title="bbox 2161 2314 3794 2389; baseline 0.005 -22"><span class='ocrx_word' id='word_1_635' title='bbox 2161 2323 2309 2367; x_wconf 89' lang='lat' dir='ltr'><strong>ratus</strong></span> <span class='ocrx_word' id='word_1_636' title='bbox 2339 2323 2469 2389; x_wconf 82' lang='lat' dir='ltr'><strong>esset</strong></span> <span class='ocrx_word' id='word_1_637' title='bbox 2501 2314 2555 2368; x_wconf 89' lang='lat' dir='ltr'><strong>in</strong></span> <span class='ocrx_word' id='word_1_638' title='bbox 2587 2314 2778 2381; x_wconf 82' lang='lat' dir='ltr'><strong>Israel,</strong></span> <span class='ocrx_word' id='word_1_639' title='bbox 2809 2327 2855 2369; x_wconf 93' lang='lat' dir='ltr'><strong>et</strong></span> <span class='ocrx_word' id='word_1_640' title='bbox 2888 2316 3081 2371; x_wconf 84' lang='lat' dir='ltr'><strong>violata</strong></span> <span class='ocrx_word' id='word_1_641' title='bbox 3120 2318 3234 2387; x_wconf 86' lang='lat' dir='ltr'><strong>ﬁlia</strong></span> <span class='ocrx_word' id='word_1_642' title='bbox 3262 2318 3456 2384; x_wconf 68' lang='lat' dir='ltr'><strong>JuCOb,</strong></span> <span class='ocrx_word' id='word_1_643' title='bbox 3499 2337 3621 2375; x_wconf 90' lang='lat' dir='ltr'><strong>rem</strong></span> <span class='ocrx_word' id='word_1_644' title='bbox 3676 2321 3794 2375; x_wconf 80' lang='lat' dir='ltr'><strong>illi-</strong></span> 
     </span>
    </p>
   </div>
   <div class='ocr_carea' id='block_1_86' title="bbox 2162 2406 3793 2483">
    <p class='ocr_par' dir='ltr' id='par_1_86' title="bbox 2162 2406 3793 2483">
     <span class='ocr_line' id='line_1_87' title="bbox 2162 2406 3793 2483; baseline 0.008 -26"><span class='ocrx_word' id='word_1_645' title='bbox 2162 2406 2320 2460; x_wconf 86' lang='lat' dir='ltr'><strong>citam</strong></span> <span class='ocrx_word' id='word_1_646' title='bbox 2348 2415 2711 2476; x_wconf 85' lang='lat' dir='ltr'><strong>perpetrasset.</strong></span> <span class='ocrx_word' id='word_1_647' title='bbox 2739 2407 2907 2464; x_wconf 89' lang='lat' dir='ltr'><strong>Facto</strong></span> <span class='ocrx_word' id='word_1_648' title='bbox 2934 2410 3151 2464; x_wconf 89' lang='lat' dir='ltr'><strong>silentio</strong></span> <span class='ocrx_word' id='word_1_649' title='bbox 3175 2410 3377 2466; x_wconf 88' lang='lat' dir='ltr'><strong>Hemor</strong></span> <span class='ocrx_word' id='word_1_650' title='bbox 3394 2413 3712 2483; x_wconf 81' lang='lat' dir='ltr'><strong>egreditur</strong></span> <span class='ocrx_word' id='word_1_651' title='bbox 3732 2424 3793 2469; x_wconf 91' lang='lat' dir='ltr'><strong>ut</strong></span> 
     </span>
    </p>
   </div>
   <div class='ocr_carea' id='block_1_87' title="bbox 2162 2493 3793 2569">
    <p class='ocr_par' dir='ltr' id='par_1_87' title="bbox 2162 2493 3793 2569">
     <span class='ocr_line' id='line_1_88' title="bbox 2162 2493 3793 2569; baseline 0.007 -22"><span class='ocrx_word' id='word_1_652' title='bbox 2162 2495 2231 2547; x_wconf 89' lang='lat' dir='ltr'><strong>ad</strong></span> <span class='ocrx_word' id='word_1_653' title='bbox 2261 2493 2427 2550; x_wconf 78' lang='lat' dir='ltr'><strong>Jacob</strong></span> <span class='ocrx_word' id='word_1_654' title='bbox 2458 2494 2743 2565; x_wconf 85' lang='lat' dir='ltr'><strong>loquatur,</strong></span> <span class='ocrx_word' id='word_1_655' title='bbox 2780 2498 2905 2565; x_wconf 90' lang='lat' dir='ltr'><strong>quia</strong></span> <span class='ocrx_word' id='word_1_656' title='bbox 2933 2498 3213 2569; x_wconf 82' lang='lat' dir='ltr'><strong>consepita</strong></span> <span class='ocrx_word' id='word_1_657' title='bbox 3251 2502 3406 2554; x_wconf 89' lang='lat' dir='ltr'><strong>turba</strong></span> <span class='ocrx_word' id='word_1_658' title='bbox 3443 2503 3659 2558; x_wconf 89' lang='lat' dir='ltr'><strong>mentis</strong></span> <span class='ocrx_word' id='word_1_659' title='bbox 3692 2518 3793 2558; x_wconf 55' lang='lat' dir='ltr'><strong>cu-</strong></span> 
     </span>
    </p>
   </div>
   <div class='ocr_carea' id='block_1_88' title="bbox 2161 2587 3927 2665">
    <p class='ocr_par' dir='ltr' id='par_1_88' title="bbox 2161 2587 3927 2665">
     <span class='ocr_line' id='line_1_89' title="bbox 2161 2587 3927 2665; baseline 0.007 -27"><span class='ocrx_word' id='word_1_660' title='bbox 2161 2587 2364 2655; x_wconf 87' lang='lat' dir='ltr'><strong>pidttas</strong></span> <span class='ocrx_word' id='word_1_661' title='bbox 2387 2587 2623 2643; x_wconf 88' lang='lat' dir='ltr'><strong>carnalis</strong></span> <span class='ocrx_word' id='word_1_662' title='bbox 2668 2589 2866 2658; x_wconf 82' lang='lat' dir='ltr'><strong>quietis</strong></span> <span class='ocrx_word' id='word_1_663' title='bbox 2898 2590 3185 2660; x_wconf 84' lang='lat' dir='ltr'><strong>impatiens</strong></span> <span class='ocrx_word' id='word_1_664' title='bbox 3211 2593 3301 2645; x_wconf 90' lang='lat' dir='ltr'><strong>diu</strong></span> <span class='ocrx_word' id='word_1_665' title='bbox 3330 2592 3495 2649; x_wconf 85' lang='lat' dir='ltr'><strong>silere</strong></span> <span class='ocrx_word' id='word_1_666' title='bbox 3526 2610 3647 2649; x_wconf 88' lang='lat' dir='ltr'><strong>non</strong></span> <span class='ocrx_word' id='word_1_667' title='bbox 3688 2611 3787 2665; x_wconf 65' lang='grc' dir='ltr'><strong>ρε-</strong></span> <span class='ocrx_word' id='word_1_668' title='bbox 3920 2587 3927 2665; x_wconf 65' lang='lat' dir='ltr'><strong>l</strong></span> 
     </span>
    </p>
   </div>
   <div class='ocr_carea' id='block_1_89' title="bbox 2164 2676 3782 2756">
    <p class='ocr_par' dir='ltr' id='par_1_89' title="bbox 2164 2676 3782 2756">
     <span class='ocr_line' id='line_1_90' title="bbox 2164 2676 3782 2756; baseline 0.008 -28"><span class='ocrx_word' id='word_1_669' title='bbox 2164 2676 2325 2741; x_wconf 87' lang='lat' dir='ltr'><strong>titur,</strong></span> <span class='ocrx_word' id='word_1_670' title='bbox 2379 2677 2472 2732; x_wconf 85' lang='lat' dir='ltr'><strong>sed</strong></span> <span class='ocrx_word' id='word_1_671' title='bbox 2526 2680 2790 2735; x_wconf 81' lang='lat' dir='ltr'><strong>rationem</strong></span> <span class='ocrx_word' id='word_1_672' title='bbox 2846 2681 3063 2752; x_wconf 84' lang='lat' dir='ltr'><strong>aggredi</strong></span> <span class='ocrx_word' id='word_1_673' title='bbox 3125 2684 3349 2753; x_wconf 87' lang='lat' dir='ltr'><strong>cupiens</strong></span> <span class='ocrx_word' id='word_1_674' title='bbox 3410 2687 3782 2756; x_wconf 85' lang='lat' dir='ltr'><strong>evagantium</strong></span> 
     </span>
    </p>
   </div>
   <div class='ocr_carea' id='block_1_90' title="bbox 2165 2769 3782 2845">
    <p class='ocr_par' dir='ltr' id='par_1_90' title="bbox 2165 2769 3782 2845">
     <span class='ocr_line' id='line_1_91' title="bbox 2165 2769 3782 2845; baseline 0.006 -23"><span class='ocrx_word' id='word_1_675' title='bbox 2165 2782 2390 2836; x_wconf 89' lang='lat' dir='ltr'><strong>operum</strong></span> <span class='ocrx_word' id='word_1_676' title='bbox 2420 2769 2595 2823; x_wconf 90' lang='lat' dir='ltr'><strong>reditu</strong></span> <span class='ocrx_word' id='word_1_677' title='bbox 2638 2787 2703 2825; x_wconf 90' lang='lat' dir='ltr'><strong>ac</strong></span> <span class='ocrx_word' id='word_1_678' title='bbox 2729 2771 3072 2826; x_wconf 88' lang='lat' dir='ltr'><strong>restrictione</strong></span> <span class='ocrx_word' id='word_1_679' title='bbox 3093 2772 3409 2828; x_wconf 75' lang='lat' dir='ltr'><strong>oll‘enditur.</strong></span> <span class='ocrx_word' id='word_1_680' title='bbox 3434 2773 3595 2844; x_wconf 88' lang='lat' dir='ltr'><strong>Opus</strong></span> <span class='ocrx_word' id='word_1_681' title='bbox 3625 2778 3782 2845; x_wconf 85' lang='lat' dir='ltr'><strong>quod</strong></span> 
     </span>
    </p>
   </div>
   <div class='ocr_carea' id='block_1_91' title="bbox 2166 2856 3782 2925">
    <p class='ocr_par' dir='ltr' id='par_1_91' title="bbox 2166 2856 3782 2925">
     <span class='ocr_line' id='line_1_92' title="bbox 2166 2856 3782 2925; baseline 0.004 -16"><span class='ocrx_word' id='word_1_682' title='bbox 2166 2856 2384 2923; x_wconf 90' lang='lat' dir='ltr'><strong>accidit,</strong></span> <span class='ocrx_word' id='word_1_683' title='bbox 2420 2858 2682 2924; x_wconf 89' lang='lat' dir='ltr'><strong>audiunt,</strong></span> <span class='ocrx_word' id='word_1_684' title='bbox 2713 2868 2769 2913; x_wconf 91' lang='lat' dir='ltr'><strong>et</strong></span> <span class='ocrx_word' id='word_1_685' title='bbox 2812 2861 3142 2925; x_wconf 90' lang='lat' dir='ltr'><strong>irascuntur,</strong></span> <span class='ocrx_word' id='word_1_686' title='bbox 3198 2877 3322 2916; x_wconf 90' lang='lat' dir='ltr'><strong>eum</strong></span> <span class='ocrx_word' id='word_1_687' title='bbox 3379 2866 3519 2916; x_wconf 87' lang='lat' dir='ltr'><strong>ratio</strong></span> <span class='ocrx_word' id='word_1_688' title='bbox 3554 2879 3782 2918; x_wconf 82' lang='lat' dir='ltr'><strong>memor</strong></span> 
     </span>
    </p>
   </div>
   <div class='ocr_carea' id='block_1_92' title="bbox 2167 2949 3779 3025">
    <p class='ocr_par' dir='ltr' id='par_1_92' title="bbox 2167 2949 3779 3025">
     <span class='ocr_line' id='line_1_93' title="bbox 2167 2949 3779 3025; baseline 0.006 -24"><span class='ocrx_word' id='word_1_689' title='bbox 2167 2958 2412 3003; x_wconf 91' lang='lat' dir='ltr'><strong>veterum</strong></span> <span class='ocrx_word' id='word_1_690' title='bbox 2442 2949 2712 3014; x_wconf 88' lang='lat' dir='ltr'><strong>laborum,</strong></span> <span class='ocrx_word' id='word_1_691' title='bbox 2747 2966 2815 3006; x_wconf 77' lang='lat' dir='ltr'><strong>ex</strong></span> <span class='ocrx_word' id='word_1_692' title='bbox 2853 2952 2986 3021; x_wconf 90' lang='lat' dir='ltr'><strong>ipsis</strong></span> <span class='ocrx_word' id='word_1_693' title='bbox 3030 2953 3286 3020; x_wconf 89' lang='lat' dir='ltr'><strong>operibus</strong></span> <span class='ocrx_word' id='word_1_694' title='bbox 3319 2954 3549 3009; x_wconf 71' lang='lat' dir='ltr'><strong>docetur</strong></span> <span class='ocrx_word' id='word_1_695' title='bbox 3595 2969 3779 3025; x_wconf 90' lang='lat' dir='ltr'><strong>quan-</strong></span> 
     </span>
    </p>
   </div>
   <div class='ocr_carea' id='block_1_93' title="bbox 2169 3042 3927 3115">
    <p class='ocr_par' dir='ltr' id='par_1_93' title="bbox 2169 3042 3927 3115">
     <span class='ocr_line' id='line_1_94' title="bbox 2169 3042 3927 3115; baseline 0.006 -21"><span class='ocrx_word' id='word_1_696' title='bbox 2169 3051 2282 3096; x_wconf 91' lang='lat' dir='ltr'><strong>tum</strong></span> <span class='ocrx_word' id='word_1_697' title='bbox 2310 3050 2501 3096; x_wconf 87' lang='lat' dir='ltr'><strong>contra</strong></span> <span class='ocrx_word' id='word_1_698' title='bbox 2536 3042 2835 3098; x_wconf 68' lang='lat' dir='ltr'><strong>fmditatem</strong></span> <span class='ocrx_word' id='word_1_699' title='bbox 2881 3046 3107 3099; x_wconf 71' lang='lat' dir='ltr'><strong>internm</strong></span> <span class='ocrx_word' id='word_1_700' title='bbox 3143 3048 3626 3115; x_wconf 77' lang='lat' dir='ltr'><strong>constupratienis,</strong></span> <span class='ocrx_word' id='word_1_701' title='bbox 3680 3064 3779 3104; x_wconf 77' lang='lat' dir='ltr'><strong>me</strong></span> <span class='ocrx_word' id='word_1_702' title='bbox 3918 3046 3927 3115; x_wconf 64' lang='grc' dir='ltr'>ὖ</span> 
     </span>
    </p>
   </div>
   <div class='ocr_carea' id='block_1_94' title="bbox 2167 3132 3772 3203">
    <p class='ocr_par' dir='ltr' id='par_1_94' title="bbox 2167 3132 3772 3203">
     <span class='ocr_line' id='line_1_95' title="bbox 2167 3132 3772 3203; baseline 0.006 -17"><span class='ocrx_word' id='word_1_703' title='bbox 2167 3132 2360 3187; x_wconf 88' lang='lat' dir='ltr'><strong>merita</strong></span> <span class='ocrx_word' id='word_1_704' title='bbox 2384 3148 2608 3203; x_wconf 88' lang='lat' dir='ltr'><strong>operum</strong></span> <span class='ocrx_word' id='word_1_705' title='bbox 2634 3134 2846 3203; x_wconf 88' lang='lat' dir='ltr'><strong>perdat,</strong></span> <span class='ocrx_word' id='word_1_706' title='bbox 2876 3145 2931 3188; x_wconf 89' lang='lat' dir='ltr'><strong>et</strong></span> <span class='ocrx_word' id='word_1_707' title='bbox 2956 3135 3139 3190; x_wconf 86' lang='lat' dir='ltr'><strong>dolere</strong></span> <span class='ocrx_word' id='word_1_708' title='bbox 3164 3137 3379 3201; x_wconf 87' lang='lat' dir='ltr'><strong>debeat,</strong></span> <span class='ocrx_word' id='word_1_709' title='bbox 3404 3153 3525 3193; x_wconf 91' lang='lat' dir='ltr'><strong>cum</strong></span> <span class='ocrx_word' id='word_1_710' title='bbox 3548 3138 3772 3195; x_wconf 75' lang='lat' dir='ltr'><strong>discre-</strong></span> 
     </span>
    </p>
   </div>
   <div class='ocr_carea' id='block_1_95' title="bbox 2167 3225 3672 3298">
    <p class='ocr_par' dir='ltr' id='par_1_95' title="bbox 2167 3225 3672 3298">
     <span class='ocr_line' id='line_1_96' title="bbox 2167 3225 3672 3298; baseline 0.003 -21"><span class='ocrx_word' id='word_1_711' title='bbox 2167 3225 2242 3279; x_wconf 89' lang='lat' dir='ltr'><strong>tio</strong></span> <span class='ocrx_word' id='word_1_712' title='bbox 2279 3226 2508 3280; x_wconf 80' lang='lat' dir='ltr'><strong>rationis</strong></span> <span class='ocrx_word' id='word_1_713' title='bbox 2538 3225 2644 3279; x_wconf 84' lang='lat' dir='ltr'><strong>l‘tlia</strong></span> <span class='ocrx_word' id='word_1_714' title='bbox 2682 3228 2745 3280; x_wconf 91' lang='lat' dir='ltr'><strong>ad</strong></span> <span class='ocrx_word' id='word_1_715' title='bbox 2777 3227 2944 3280; x_wconf 87' lang='lat' dir='ltr'><strong>totius</strong></span> <span class='ocrx_word' id='word_1_716' title='bbox 2968 3226 3167 3295; x_wconf 89' lang='lat' dir='ltr'><strong>lepram</strong></span> <span class='ocrx_word' id='word_1_717' title='bbox 3198 3231 3418 3298; x_wconf 82' lang='lat' dir='ltr'><strong>generis</strong></span> <span class='ocrx_word' id='word_1_718' title='bbox 3446 3229 3672 3284; x_wconf 85' lang='lat' dir='ltr'><strong>vitietur.</strong></span> 
     </span>
    </p>
   </div>
   <div class='ocr_carea' id='block_1_96' title="bbox 2238 3316 3769 3388">
    <p class='ocr_par' dir='ltr' id='par_1_96' title="bbox 2238 3316 3769 3388">
     <span class='ocr_line' id='line_1_97' title="bbox 2238 3316 3769 3388; baseline 0.005 -20"><span class='ocrx_word' id='word_1_719' title='bbox 2238 3316 2402 3371; x_wconf 65' lang='lat' dir='ltr'><strong>Vsus.</strong></span> <span class='ocrx_word' id='word_1_720' title='bbox 2437 3317 2491 3381; x_wconf 94' lang='lat'><strong>8,</strong></span> <span class='ocrx_word' id='word_1_721' title='bbox 2520 3318 2571 3371; x_wconf 89' lang='lat'><strong>9.</strong></span> <span class='ocrx_word' id='word_1_722' title='bbox 2600 3346 2672 3358; x_wconf 90' lang='lat'><strong>-</strong></span> <span class='ocrx_word' id='word_1_723' title='bbox 2696 3316 2952 3387; x_wconf 85' lang='lat' dir='ltr'><strong>Loquitur</strong></span> <span class='ocrx_word' id='word_1_724' title='bbox 2980 3320 3156 3388; x_wconf 88' lang='lat' dir='ltr'><strong>itaque</strong></span> <span class='ocrx_word' id='word_1_725' title='bbox 3191 3318 3388 3373; x_wconf 80' lang='lat' dir='ltr'><strong>Hemor</strong></span> <span class='ocrx_word' id='word_1_726' title='bbox 3408 3321 3476 3374; x_wconf 88' lang='lat' dir='ltr'><strong>ad</strong></span> <span class='ocrx_word' id='word_1_727' title='bbox 3506 3336 3588 3375; x_wconf 78' lang='lat' dir='ltr'><strong>eos</strong></span> <span class='ocrx_word' id='word_1_728' title='bbox 3618 3334 3637 3373; x_wconf 86' lang='lat'><strong><em>:</em></strong></span> <span class='ocrx_word' id='word_1_729' title='bbox 3666 3319 3769 3376; x_wconf 80' lang='lat' dir='ltr'><strong>Si-</strong></span> 
     </span>
    </p>
   </div>
   <div class='ocr_carea' id='block_1_97' title="bbox 2165 3412 3768 3483">
    <p class='ocr_par' dir='ltr' id='par_1_97' title="bbox 2165 3412 3768 3483">
     <span class='ocr_line' id='line_1_98' title="bbox 2165 3412 3768 3483; baseline 0.004 -17"><span class='ocrx_word' id='word_1_730' title='bbox 2165 3414 2307 3466; x_wconf 83' lang='lat' dir='ltr'><strong>chem</strong></span> <span class='ocrx_word' id='word_1_731' title='bbox 2333 3414 2432 3481; x_wconf 89' lang='lat' dir='ltr'><strong>ﬁlii</strong></span> <span class='ocrx_word' id='word_1_732' title='bbox 2459 3412 2561 3466; x_wconf 88' lang='lat' dir='ltr'><strong>mei</strong></span> <span class='ocrx_word' id='word_1_733' title='bbox 2600 3412 2820 3466; x_wconf 80' lang='lat' dir='ltr'><strong>adlnrsit</strong></span> <span class='ocrx_word' id='word_1_734' title='bbox 2858 3413 3035 3467; x_wconf 87' lang='lat' dir='ltr'><strong>anima</strong></span> <span class='ocrx_word' id='word_1_735' title='bbox 3062 3415 3190 3483; x_wconf 78' lang='lat' dir='ltr'><strong>ﬁlia:</strong></span> <span class='ocrx_word' id='word_1_736' title='bbox 3234 3427 3433 3471; x_wconf 65' lang='lat' dir='ltr'><strong>restra’.</strong></span> <span class='ocrx_word' id='word_1_737' title='bbox 3479 3417 3617 3471; x_wconf 87' lang='lat' dir='ltr'><strong>Date</strong></span> <span class='ocrx_word' id='word_1_738' title='bbox 3641 3435 3768 3473; x_wconf 82' lang='lat' dir='ltr'><strong>eam</strong></span> 
     </span>
    </p>
   </div>
   <div class='ocr_carea' id='block_1_98' title="bbox 2166 3502 3765 3573">
    <p class='ocr_par' dir='ltr' id='par_1_98' title="bbox 2166 3502 3765 3573">
     <span class='ocr_line' id='line_1_99' title="bbox 2166 3502 3765 3573; baseline 0.004 -19"><span class='ocrx_word' id='word_1_739' title='bbox 2166 3502 2247 3555; x_wconf 91' lang='lat' dir='ltr'><strong>illi</strong></span> <span class='ocrx_word' id='word_1_740' title='bbox 2278 3520 2523 3563; x_wconf 66' lang='lat' dir='ltr'><strong>uxorem,</strong></span> <span class='ocrx_word' id='word_1_741' title='bbox 2554 3513 2601 3555; x_wconf 89' lang='lat' dir='ltr'><strong>et</strong></span> <span class='ocrx_word' id='word_1_742' title='bbox 2644 3503 2938 3573; x_wconf 87' lang='lat' dir='ltr'><strong>jungamus</strong></span> <span class='ocrx_word' id='word_1_743' title='bbox 2988 3504 3213 3557; x_wconf 77' lang='lat' dir='ltr'><strong>vicissim</strong></span> <span class='ocrx_word' id='word_1_744' title='bbox 3244 3506 3527 3560; x_wconf 85' lang='lat' dir='ltr'><strong>connubia.</strong></span> <span class='ocrx_word' id='word_1_745' title='bbox 3557 3505 3765 3562; x_wconf 77' lang='lat' dir='ltr'><strong>[lentor</strong></span> 
     </span>
    </p>
   </div>
   <div class='ocr_carea' id='block_1_99' title="bbox 2169 3592 3763 3673">
    <p class='ocr_par' dir='ltr' id='par_1_99' title="bbox 2169 3592 3763 3673">
     <span class='ocr_line' id='line_1_100' title="bbox 2169 3592 3763 3673; baseline 0.006 -28"><span class='ocrx_word' id='word_1_746' title='bbox 2169 3593 2407 3660; x_wconf 89' lang='lat' dir='ltr'><strong>loquitur</strong></span> <span class='ocrx_word' id='word_1_747' title='bbox 2432 3594 2496 3645; x_wconf 89' lang='lat' dir='ltr'><strong>ad</strong></span> <span class='ocrx_word' id='word_1_748' title='bbox 2526 3592 2694 3657; x_wconf 83' lang='lat' dir='ltr'><strong>ﬁlios,</strong></span> <span class='ocrx_word' id='word_1_749' title='bbox 2737 3610 2857 3647; x_wconf 79' lang='lat' dir='ltr'><strong>cum</strong></span> <span class='ocrx_word' id='word_1_750' title='bbox 2888 3593 3063 3649; x_wconf 80' lang='lat' dir='ltr'><strong>ﬂuxus</strong></span> <span class='ocrx_word' id='word_1_751' title='bbox 3101 3596 3457 3673; x_wconf 76' lang='lat' dir='ltr'><strong>cupiditatum</strong></span> <span class='ocrx_word' id='word_1_752' title='bbox 3487 3597 3555 3651; x_wconf 87' lang='lat' dir='ltr'><strong>ad</strong></span> <span class='ocrx_word' id='word_1_753' title='bbox 3596 3612 3763 3654; x_wconf 85' lang='lat' dir='ltr'><strong>ever-</strong></span> 
     </span>
    </p>
   </div>
   <div class='ocr_carea' id='block_1_100' title="bbox 2171 3686 3763 3758">
    <p class='ocr_par' dir='ltr' id='par_1_100' title="bbox 2171 3686 3763 3758">
     <span class='ocr_line' id='line_1_101' title="bbox 2171 3686 3763 3758; baseline 0.004 -20"><span class='ocrx_word' id='word_1_754' title='bbox 2171 3686 2362 3738; x_wconf 85' lang='lat' dir='ltr'><strong>tendas</strong></span> <span class='ocrx_word' id='word_1_755' title='bbox 2387 3686 2552 3738; x_wconf 84' lang='lat' dir='ltr'><strong>instat</strong></span> <span class='ocrx_word' id='word_1_756' title='bbox 2582 3694 2733 3739; x_wconf 81' lang='lat' dir='ltr'><strong>actus</strong></span> <span class='ocrx_word' id='word_1_757' title='bbox 2762 3697 2998 3740; x_wconf 87' lang='lat' dir='ltr'><strong>nostros.</strong></span> <span class='ocrx_word' id='word_1_758' title='bbox 3044 3688 3265 3747; x_wconf 79' lang='lat' dir='ltr'><strong>Invidia,</strong></span> <span class='ocrx_word' id='word_1_759' title='bbox 3302 3689 3501 3758; x_wconf 90' lang='lat' dir='ltr'><strong>inquit,</strong></span> <span class='ocrx_word' id='word_1_760' title='bbox 3534 3690 3763 3744; x_wconf 66' lang='lat' dir='ltr'><strong>saecula-</strong></span> 
     </span>
    </p>
   </div>
   <div class='ocr_carea' id='block_1_101' title="bbox 2168 3776 3762 3839">
    <p class='ocr_par' dir='ltr' id='par_1_101' title="bbox 2168 3776 3762 3839">
     <span class='ocr_line' id='line_1_102' title="bbox 2168 3776 3762 3839; baseline 0.006 -10"><span class='ocrx_word' id='word_1_761' title='bbox 2168 3776 2244 3829; x_wconf 87' lang='lat' dir='ltr'><strong>ris</strong></span> <span class='ocrx_word' id='word_1_762' title='bbox 2281 3777 2507 3830; x_wconf 77' lang='lat' dir='ltr'><strong>calta-sit</strong></span> <span class='ocrx_word' id='word_1_763' title='bbox 2534 3777 2837 3839; x_wconf 78' lang='lat' dir='ltr'><strong>subtiliter,</strong></span> <span class='ocrx_word' id='word_1_764' title='bbox 2865 3787 2944 3839; x_wconf 88' lang='lat' dir='ltr'><strong>et,</strong></span> <span class='ocrx_word' id='word_1_765' title='bbox 2971 3786 3028 3830; x_wconf 84' lang='grc' dir='ltr'><strong>ιιι</strong></span> <span class='ocrx_word' id='word_1_766' title='bbox 3073 3780 3153 3832; x_wconf 85' lang='lat' dir='ltr'><strong>sic</strong></span> <span class='ocrx_word' id='word_1_767' title='bbox 3183 3779 3359 3833; x_wconf 85' lang='lat' dir='ltr'><strong>dicata</strong></span> <span class='ocrx_word' id='word_1_768' title='bbox 3380 3821 3392 3838; x_wconf 83' lang='lat'><strong>.</strong></span> <span class='ocrx_word' id='word_1_769' title='bbox 3425 3782 3762 3837; x_wconf 83' lang='lat' dir='ltr'><strong>intentiona-</strong></span> 
     </span>
    </p>
   </div>
   <div class='ocr_carea' id='block_1_102' title="bbox 2166 3864 3755 3939">
    <p class='ocr_par' dir='ltr' id='par_1_102' title="bbox 2166 3864 3755 3939">
     <span class='ocr_line' id='line_1_103' title="bbox 2166 3864 3755 3939; baseline 0.006 -22"><span class='ocrx_word' id='word_1_770' title='bbox 2166 3864 2292 3919; x_wconf 82' lang='lat' dir='ltr'><strong>liter</strong></span> <span class='ocrx_word' id='word_1_771' title='bbox 2322 3865 2639 3919; x_wconf 58' lang='lat' dir='ltr'><strong>discretioni</strong></span> <span class='ocrx_word' id='word_1_772' title='bbox 2687 3877 2903 3920; x_wconf 59' lang='lat' dir='ltr'><strong>vestra).</strong></span> <span class='ocrx_word' id='word_1_773' title='bbox 2942 3867 3054 3921; x_wconf 87' lang='lat' dir='ltr'><strong>lloc</strong></span> <span class='ocrx_word' id='word_1_774' title='bbox 3093 3870 3234 3923; x_wconf 85' lang='lat' dir='ltr'><strong>enim</strong></span> <span class='ocrx_word' id='word_1_775' title='bbox 3265 3871 3443 3939; x_wconf 81' lang='lat' dir='ltr'><strong>signat</strong></span> <span class='ocrx_word' id='word_1_776' title='bbox 3471 3871 3616 3939; x_wconf 91' lang='lat' dir='ltr'><strong>quod</strong></span> <span class='ocrx_word' id='word_1_777' title='bbox 3650 3887 3755 3926; x_wconf 92' lang='lat' dir='ltr'><strong>non</strong></span> 
     </span>
    </p>
   </div>
   <div class='ocr_carea' id='block_1_103' title="bbox 2166 3958 3756 4023">
    <p class='ocr_par' dir='ltr' id='par_1_103' title="bbox 2166 3958 3756 4023">
     <span class='ocr_line' id='line_1_104' title="bbox 2166 3958 3756 4023; baseline 0.005 -12"><span class='ocrx_word' id='word_1_778' title='bbox 2166 3970 2387 4023; x_wconf 90' lang='lat' dir='ltr'><strong>corpus,</strong></span> <span class='ocrx_word' id='word_1_779' title='bbox 2412 3958 2505 4011; x_wconf 86' lang='lat' dir='ltr'><strong>sed</strong></span> <span class='ocrx_word' id='word_1_780' title='bbox 2537 3958 2713 4010; x_wconf 83' lang='lat' dir='ltr'><strong>anima</strong></span> <span class='ocrx_word' id='word_1_781' title='bbox 2748 3959 3043 4013; x_wconf 68' lang='lat' dir='ltr'><strong>adhaesisse</strong></span> <span class='ocrx_word' id='word_1_782' title='bbox 3075 3960 3293 4014; x_wconf 79' lang='lat' dir='ltr'><strong>dicitur.</strong></span> <span class='ocrx_word' id='word_1_783' title='bbox 3330 3963 3402 4014; x_wconf 86' lang='lat' dir='ltr'><strong>lta</strong></span> <span class='ocrx_word' id='word_1_784' title='bbox 3443 3962 3756 4019; x_wconf 81' lang='lat' dir='ltr'><strong>medullitus</strong></span> 
     </span>
    </p>
   </div>
   <div class='ocr_carea' id='block_1_104' title="bbox 2170 4047 3755 4122">
    <p class='ocr_par' dir='ltr' id='par_1_104' title="bbox 2170 4047 3755 4122">
     <span class='ocr_line' id='line_1_105' title="bbox 2170 4047 3755 4122; baseline 0.004 -21"><span class='ocrx_word' id='word_1_785' title='bbox 2170 4047 2358 4117; x_wconf 86' lang='lat' dir='ltr'><strong>illapsa</strong></span> <span class='ocrx_word' id='word_1_786' title='bbox 2402 4060 2485 4102; x_wconf 84' lang='lat' dir='ltr'><strong>est</strong></span> <span class='ocrx_word' id='word_1_787' title='bbox 2531 4058 2592 4103; x_wconf 92' lang='lat' dir='ltr'><strong>ut</strong></span> <span class='ocrx_word' id='word_1_788' title='bbox 2646 4050 2824 4103; x_wconf 85' lang='lat' dir='ltr'><strong>dirimi</strong></span> <span class='ocrx_word' id='word_1_789' title='bbox 2875 4068 2903 4104; x_wconf 90' lang='lat' dir='ltr'><strong>a</strong></span> <span class='ocrx_word' id='word_1_790' title='bbox 2939 4062 3118 4107; x_wconf 86' lang='lat' dir='ltr'><strong>mente</strong></span> <span class='ocrx_word' id='word_1_791' title='bbox 3168 4063 3437 4122; x_wconf 86' lang='lat' dir='ltr'><strong>nequeat;</strong></span> <span class='ocrx_word' id='word_1_792' title='bbox 3487 4056 3628 4108; x_wconf 91' lang='lat' dir='ltr'><strong>unde</strong></span> <span class='ocrx_word' id='word_1_793' title='bbox 3680 4055 3755 4109; x_wconf 81' lang='lat' dir='ltr'><strong>nil</strong></span> 
     </span>
    </p>
   </div>
   <div class='ocr_carea' id='block_1_105' title="bbox 2171 4139 3750 4212">
    <p class='ocr_par' dir='ltr' id='par_1_105' title="bbox 2171 4139 3750 4212">
     <span class='ocr_line' id='line_1_106' title="bbox 2171 4139 3750 4212; baseline 0.003 -18"><span class='ocrx_word' id='word_1_794' title='bbox 2171 4139 2315 4194; x_wconf 90' lang='lat' dir='ltr'><strong>aliud</strong></span> <span class='ocrx_word' id='word_1_795' title='bbox 2359 4150 2562 4205; x_wconf 84' lang='lat' dir='ltr'><strong>restat,</strong></span> <span class='ocrx_word' id='word_1_796' title='bbox 2609 4141 2712 4195; x_wconf 86' lang='lat' dir='ltr'><strong>nisi</strong></span> <span class='ocrx_word' id='word_1_797' title='bbox 2744 4151 2803 4195; x_wconf 90' lang='lat' dir='ltr'><strong>ttt</strong></span> <span class='ocrx_word' id='word_1_798' title='bbox 2846 4143 3034 4211; x_wconf 87' lang='lat' dir='ltr'><strong>copula</strong></span> <span class='ocrx_word' id='word_1_799' title='bbox 3091 4153 3443 4212; x_wconf 88' lang='lat' dir='ltr'><strong>utrorumque</strong></span> <span class='ocrx_word' id='word_1_800' title='bbox 3487 4160 3750 4199; x_wconf 74' lang='lat' dir='ltr'><strong>consensu</strong></span> 
     </span>
    </p>
   </div>
   <div class='ocr_carea' id='block_1_106' title="bbox 2173 4231 3751 4305">
    <p class='ocr_par' dir='ltr' id='par_1_106' title="bbox 2173 4231 3751 4305">
     <span class='ocr_line' id='line_1_107' title="bbox 2173 4231 3751 4305; baseline 0.003 -21"><span class='ocrx_word' id='word_1_801' title='bbox 2173 4231 2297 4296; x_wconf 87' lang='lat' dir='ltr'><strong>ﬁat,</strong></span> <span class='ocrx_word' id='word_1_802' title='bbox 2332 4240 2388 4286; x_wconf 92' lang='lat' dir='ltr'><strong>ut</strong></span> <span class='ocrx_word' id='word_1_803' title='bbox 2422 4248 2541 4285; x_wconf 90' lang='lat' dir='ltr'><strong>eam</strong></span> <span class='ocrx_word' id='word_1_804' title='bbox 2577 4248 2679 4300; x_wconf 90' lang='lat' dir='ltr'><strong>qua</strong></span> <span class='ocrx_word' id='word_1_805' title='bbox 2732 4248 2920 4286; x_wconf 88' lang='lat' dir='ltr'><strong>carere</strong></span> <span class='ocrx_word' id='word_1_806' title='bbox 2957 4250 3060 4287; x_wconf 93' lang='lat' dir='ltr'><strong>non</strong></span> <span class='ocrx_word' id='word_1_807' title='bbox 3096 4235 3320 4303; x_wconf 88' lang='lat' dir='ltr'><strong>potestis</strong></span> <span class='ocrx_word' id='word_1_808' title='bbox 3352 4236 3604 4304; x_wconf 74' lang='lat' dir='ltr'><strong>exeipitis</strong></span> <span class='ocrx_word' id='word_1_809' title='bbox 3633 4251 3751 4305; x_wconf 88' lang='lat' dir='ltr'><strong>gra-</strong></span> 
     </span>
    </p>
   </div>
   <div class='ocr_carea' id='block_1_107' title="bbox 3916 2296 3927 2557">
    <p class='ocr_par' dir='ltr' id='par_1_107' title="bbox 3916 2296 3927 2557">
     <span class='ocr_line' id='line_1_108' title="bbox 3916 2296 3927 2557; baseline 0 0"><span class='ocrx_word' id='word_1_810' title='bbox 3916 2358 3927 2557; x_wconf 64' lang='grc' dir='ltr'><strong>ξ</strong></span> 
     </span>
    </p>
   </div>
   <div class='ocr_carea' id='block_1_108' title="bbox 2090 4322 3749 4398">
    <p class='ocr_par' dir='ltr' id='par_1_108' title="bbox 2090 4322 3749 4398">
     <span class='ocr_line' id='line_1_109' title="bbox 2090 4322 3749 4398; baseline 0.001 -23"><span class='ocrx_word' id='word_1_811' title='bbox 2090 4331 2355 4398; x_wconf 77' lang='lat' dir='ltr'><strong>Dtanter</strong></span> <span class='ocrx_word' id='word_1_812' title='bbox 2405 4322 2689 4381; x_wconf 87' lang='lat' dir='ltr'><strong>invidiam.</strong></span> <span class='ocrx_word' id='word_1_813' title='bbox 2750 4322 2904 4390; x_wconf 82' lang='lat' dir='ltr'><strong>cujus</strong></span> <span class='ocrx_word' id='word_1_814' title='bbox 2963 4323 3148 4376; x_wconf 87' lang='lat' dir='ltr'><strong>utilem</strong></span> <span class='ocrx_word' id='word_1_815' title='bbox 3213 4324 3569 4392; x_wconf 83' lang='lat' dir='ltr'><strong>experiamini</strong></span> <span class='ocrx_word' id='word_1_816' title='bbox 3629 4342 3749 4393; x_wconf 86' lang='lat' dir='ltr'><strong>pru-</strong></span> 
     </span>
    </p>
   </div>
   <div class='ocr_carea' id='block_1_109' title="bbox 2175 4414 3749 4485">
    <p class='ocr_par' dir='ltr' id='par_1_109' title="bbox 2175 4414 3749 4485">
     <span class='ocr_line' id='line_1_110' title="bbox 2175 4414 3749 4485; baseline 0.001 -16"><span class='ocrx_word' id='word_1_817' title='bbox 2175 4416 2433 4471; x_wconf 88' lang='lat' dir='ltr'><strong>dentiam.</strong></span> <span class='ocrx_word' id='word_1_818' title='bbox 2482 4414 2650 4469; x_wconf 81' lang='lat' dir='ltr'><strong>Filias</strong></span> <span class='ocrx_word' id='word_1_819' title='bbox 2696 4427 2913 4479; x_wconf 81' lang='lat' dir='ltr'><strong>vestras,</strong></span> <span class='ocrx_word' id='word_1_820' title='bbox 2968 4416 3017 4469; x_wconf 92' lang='lat' dir='ltr'><strong>id</strong></span> <span class='ocrx_word' id='word_1_821' title='bbox 3069 4425 3152 4469; x_wconf 78' lang='lat' dir='ltr'><strong>est</strong></span> <span class='ocrx_word' id='word_1_822' title='bbox 3203 4417 3245 4469; x_wconf 90' lang='lat' dir='ltr'><strong>si</strong></span> <span class='ocrx_word' id='word_1_823' title='bbox 3289 4417 3419 4485; x_wconf 84' lang='lat' dir='ltr'><strong>quid</strong></span> <span class='ocrx_word' id='word_1_824' title='bbox 3461 4415 3660 4470; x_wconf 75' lang='lat' dir='ltr'><strong>[luxum</strong></span> <span class='ocrx_word' id='word_1_825' title='bbox 3695 4427 3749 4471; x_wconf 88' lang='lat' dir='ltr'><strong>et</strong></span> 
     </span>
    </p>
   </div>
   <div class='ocr_carea' id='block_1_110' title="bbox 2171 4506 3748 4577">
    <p class='ocr_par' dir='ltr' id='par_1_110' title="bbox 2171 4506 3748 4577">
     <span class='ocr_line' id='line_1_111' title="bbox 2171 4506 3748 4577; baseline 0 -16"><span class='ocrx_word' id='word_1_826' title='bbox 2171 4507 2364 4575; x_wconf 82' lang='lat' dir='ltr'><strong>fragile</strong></span> <span class='ocrx_word' id='word_1_827' title='bbox 2414 4507 2571 4559; x_wconf 87' lang='lat' dir='ltr'><strong>vobis</strong></span> <span class='ocrx_word' id='word_1_828' title='bbox 2623 4506 2789 4569; x_wconf 89' lang='lat' dir='ltr'><strong>inest,</strong></span> <span class='ocrx_word' id='word_1_829' title='bbox 2842 4508 3033 4559; x_wconf 84' lang='lat' dir='ltr'><strong>tradite</strong></span> <span class='ocrx_word' id='word_1_830' title='bbox 3090 4508 3237 4560; x_wconf 83' lang='lat' dir='ltr'><strong>nobis</strong></span> <span class='ocrx_word' id='word_1_831' title='bbox 3290 4508 3342 4560; x_wconf 92' lang='lat' dir='ltr'><strong>in</strong></span> <span class='ocrx_word' id='word_1_832' title='bbox 3396 4522 3558 4577; x_wconf 87' lang='lat' dir='ltr'><strong>pecus</strong></span> <span class='ocrx_word' id='word_1_833' title='bbox 3600 4508 3748 4562; x_wconf 86' lang='lat' dir='ltr'><strong>alen-</strong></span> 
     </span>
    </p>
   </div>
   <div class='ocr_carea' id='block_1_111' title="bbox 2173 4598 3748 4668">
    <p class='ocr_par' dir='ltr' id='par_1_111' title="bbox 2173 4598 3748 4668">
     <span class='ocr_line' id='line_1_112' title="bbox 2173 4598 3748 4668; baseline 0.001 -14"><span class='ocrx_word' id='word_1_834' title='bbox 2173 4601 2331 4663; x_wconf 91' lang='lat' dir='ltr'><strong>dum;</strong></span> <span class='ocrx_word' id='word_1_835' title='bbox 2359 4608 2407 4651; x_wconf 88' lang='lat' dir='ltr'><strong>et</strong></span> <span class='ocrx_word' id='word_1_836' title='bbox 2442 4598 2582 4667; x_wconf 89' lang='lat' dir='ltr'><strong>ﬁlias</strong></span> <span class='ocrx_word' id='word_1_837' title='bbox 2618 4608 2844 4661; x_wconf 61' lang='lat' dir='ltr'><strong>nostras,</strong></span> <span class='ocrx_word' id='word_1_838' title='bbox 2886 4600 2928 4651; x_wconf 88' lang='lat' dir='ltr'><strong>si</strong></span> <span class='ocrx_word' id='word_1_839' title='bbox 2970 4600 3097 4668; x_wconf 89' lang='lat' dir='ltr'><strong>quid</strong></span> <span class='ocrx_word' id='word_1_840' title='bbox 3131 4600 3314 4653; x_wconf 89' lang='lat' dir='ltr'><strong>itidem</strong></span> <span class='ocrx_word' id='word_1_841' title='bbox 3350 4600 3509 4655; x_wconf 88' lang='lat' dir='ltr'><strong>molle</strong></span> <span class='ocrx_word' id='word_1_842' title='bbox 3536 4617 3563 4655; x_wconf 89' lang='lat' dir='ltr'><strong>a</strong></span> <span class='ocrx_word' id='word_1_843' title='bbox 3597 4602 3748 4656; x_wconf 89' lang='lat' dir='ltr'><strong>nobis</strong></span> 
     </span>
    </p>
   </div>
   <div class='ocr_carea' id='block_1_112' title="bbox 2174 4686 3747 4760">
    <p class='ocr_par' dir='ltr' id='par_1_112' title="bbox 2174 4686 3747 4760">
     <span class='ocr_line' id='line_1_113' title="bbox 2174 4686 3747 4760; baseline 0.002 -18"><span class='ocrx_word' id='word_1_844' title='bbox 2174 4686 2407 4742; x_wconf 86' lang='lat' dir='ltr'><strong>infertur</strong></span> <span class='ocrx_word' id='word_1_845' title='bbox 2436 4688 2675 4756; x_wconf 86' lang='lat' dir='ltr'><strong>accipite.</strong></span> <span class='ocrx_word' id='word_1_846' title='bbox 2711 4686 2895 4757; x_wconf 74' lang='lat' dir='ltr'><strong>(Vens.</strong></span> <span class='ocrx_word' id='word_1_847' title='bbox 2933 4687 3046 4757; x_wconf 84' lang='grc'><strong>10.)</strong></span> <span class='ocrx_word' id='word_1_848' title='bbox 3078 4687 3146 4741; x_wconf 88' lang='lat' dir='ltr'><strong>Et</strong></span> <span class='ocrx_word' id='word_1_849' title='bbox 3175 4688 3409 4743; x_wconf 74' lang='lat' dir='ltr'><strong>liabitate</strong></span> <span class='ocrx_word' id='word_1_850' title='bbox 3460 4689 3747 4760; x_wconf 84' lang='lat' dir='ltr'><strong>irrefraga-</strong></span> 
     </span>
    </p>
   </div>
   <div class='ocr_carea' id='block_1_113' title="bbox 2171 4776 3744 4852">
    <p class='ocr_par' dir='ltr' id='par_1_113' title="bbox 2171 4776 3744 4852">
     <span class='ocr_line' id='line_1_114' title="bbox 2171 4776 3744 4852; baseline 0.004 -21"><span class='ocrx_word' id='word_1_851' title='bbox 2171 4777 2265 4831; x_wconf 91' lang='lat' dir='ltr'><strong>bili</strong></span> <span class='ocrx_word' id='word_1_852' title='bbox 2299 4788 2488 4832; x_wconf 86' lang='lat' dir='ltr'><strong>tenore</strong></span> <span class='ocrx_word' id='word_1_853' title='bbox 2528 4778 2815 4831; x_wconf 71' lang='lat' dir='ltr'><strong>nobiscum.</strong></span> <span class='ocrx_word' id='word_1_854' title='bbox 2859 4776 3052 4841; x_wconf 85' lang='lat' dir='ltr'><strong>Terra,</strong></span> <span class='ocrx_word' id='word_1_855' title='bbox 3091 4780 3141 4833; x_wconf 89' lang='lat' dir='ltr'><strong>id</strong></span> <span class='ocrx_word' id='word_1_856' title='bbox 3173 4795 3255 4833; x_wconf 71' lang='grc' dir='ltr'><strong>ρει</strong></span> <span class='ocrx_word' id='word_1_857' title='bbox 3294 4796 3492 4852; x_wconf 88' lang='lat' dir='ltr'><strong>corpus</strong></span> <span class='ocrx_word' id='word_1_858' title='bbox 3518 4792 3744 4837; x_wconf 87' lang='lat' dir='ltr'><strong>vestrum</strong></span> 
     </span>
    </p>
   </div>
   <div class='ocr_carea' id='block_1_114' title="bbox 2175 4868 3744 4937">
    <p class='ocr_par' dir='ltr' id='par_1_114' title="bbox 2175 4868 3744 4937">
     <span class='ocr_line' id='line_1_115' title="bbox 2175 4868 3744 4937; baseline 0.004 -14"><span class='ocrx_word' id='word_1_859' title='bbox 2175 4870 2230 4923; x_wconf 89' lang='lat' dir='ltr'><strong>in</strong></span> <span class='ocrx_word' id='word_1_860' title='bbox 2256 4879 2509 4937; x_wconf 85' lang='lat' dir='ltr'><strong>potestate</strong></span> <span class='ocrx_word' id='word_1_861' title='bbox 2539 4868 2692 4921; x_wconf 87' lang='lat' dir='ltr'><strong>liberi</strong></span> <span class='ocrx_word' id='word_1_862' title='bbox 2730 4871 2938 4924; x_wconf 89' lang='lat' dir='ltr'><strong>arbitrii</strong></span> <span class='ocrx_word' id='word_1_863' title='bbox 2968 4872 3132 4925; x_wconf 88' lang='lat' dir='ltr'><strong>vestri</strong></span> <span class='ocrx_word' id='word_1_864' title='bbox 3173 4882 3276 4936; x_wconf 89' lang='lat' dir='ltr'><strong>est,</strong></span> <span class='ocrx_word' id='word_1_865' title='bbox 3309 4886 3539 4929; x_wconf 70' lang='lat' dir='ltr'><strong>exercete</strong></span> <span class='ocrx_word' id='word_1_866' title='bbox 3573 4876 3632 4928; x_wconf 90' lang='lat' dir='ltr'><strong>ad</strong></span> <span class='ocrx_word' id='word_1_867' title='bbox 3665 4891 3744 4930; x_wconf 82' lang='lat' dir='ltr'><strong>vo-</strong></span> 
     </span>
    </p>
   </div>
   <div class='ocr_carea' id='block_1_115' title="bbox 2177 4961 3740 5036">
    <p class='ocr_par' dir='ltr' id='par_1_115' title="bbox 2177 4961 3740 5036">
     <span class='ocr_line' id='line_1_116' title="bbox 2177 4961 3740 5036; baseline 0.004 -21"><span class='ocrx_word' id='word_1_868' title='bbox 2177 4961 2445 5031; x_wconf 88' lang='lat' dir='ltr'><strong>luptates,</strong></span> <span class='ocrx_word' id='word_1_869' title='bbox 2501 4963 2839 5031; x_wconf 85' lang='lat' dir='ltr'><strong>negotiamini</strong></span> <span class='ocrx_word' id='word_1_870' title='bbox 2890 4964 3334 5019; x_wconf 85' lang='lat' dir='ltr'><strong>incertitudinem</strong></span> <span class='ocrx_word' id='word_1_871' title='bbox 3398 4966 3740 5036; x_wconf 83' lang='lat' dir='ltr'><strong>spiritualium</strong></span> 
     </span>
    </p>
   </div>
   <div class='ocr_carea' id='block_1_116' title="bbox 2177 5052 3740 5124">
    <p class='ocr_par' dir='ltr' id='par_1_116' title="bbox 2177 5052 3740 5124">
     <span class='ocr_line' id='line_1_117' title="bbox 2177 5052 3740 5124; baseline 0.004 -18"><span class='ocrx_word' id='word_1_872' title='bbox 2177 5068 2277 5124; x_wconf 89' lang='lat' dir='ltr'><strong>pro</strong></span> <span class='ocrx_word' id='word_1_873' title='bbox 2305 5052 2608 5108; x_wconf 89' lang='lat' dir='ltr'><strong>visibilibns</strong></span> <span class='ocrx_word' id='word_1_874' title='bbox 2649 5056 2870 5115; x_wconf 84' lang='lat' dir='ltr'><strong>dantes;</strong></span> <span class='ocrx_word' id='word_1_875' title='bbox 2913 5056 3168 5123; x_wconf 73' lang='lat' dir='ltr'><strong>possidete</strong></span> <span class='ocrx_word' id='word_1_876' title='bbox 3213 5072 3327 5109; x_wconf 90' lang='lat' dir='ltr'><strong>eam</strong></span> <span class='ocrx_word' id='word_1_877' title='bbox 3355 5057 3421 5110; x_wconf 88' lang='lat' dir='ltr'><strong>ad</strong></span> <span class='ocrx_word' id='word_1_878' title='bbox 3456 5057 3653 5111; x_wconf 88' lang='lat' dir='ltr'><strong>libitum</strong></span> <span class='ocrx_word' id='word_1_879' title='bbox 3682 5074 3740 5113; x_wconf 91' lang='lat' dir='ltr'><strong>eo</strong></span> 
     </span>
    </p>
   </div>
   <div class='ocr_carea' id='block_1_117' title="bbox 2179 5144 3738 5215">
    <p class='ocr_par' dir='ltr' id='par_1_117' title="bbox 2179 5144 3738 5215">
     <span class='ocr_line' id='line_1_118' title="bbox 2179 5144 3738 5215; baseline 0.001 -15"><span class='ocrx_word' id='word_1_880' title='bbox 2179 5154 2413 5200; x_wconf 86' lang='lat' dir='ltr'><strong>utentes.</strong></span> <span class='ocrx_word' id='word_1_881' title='bbox 2447 5145 2633 5215; x_wconf 76' lang='lat' dir='ltr'><strong>(Vsus.</strong></span> <span class='ocrx_word' id='word_1_882' title='bbox 2688 5146 2801 5207; x_wconf 74' lang='lat' dir='ltr'><strong>il.)</strong></span> <span class='ocrx_word' id='word_1_883' title='bbox 2834 5145 2941 5201; x_wconf 88' lang='lat' dir='ltr'><strong>Sed</strong></span> <span class='ocrx_word' id='word_1_884' title='bbox 2978 5155 3027 5199; x_wconf 88' lang='lat' dir='ltr'><strong>et</strong></span> <span class='ocrx_word' id='word_1_885' title='bbox 3070 5144 3305 5214; x_wconf 77' lang='lat' dir='ltr'><strong>Sic/tem,</strong></span> <span class='ocrx_word' id='word_1_886' title='bbox 3336 5149 3388 5203; x_wconf 91' lang='lat' dir='ltr'><strong>id</strong></span> <span class='ocrx_word' id='word_1_887' title='bbox 3416 5159 3500 5203; x_wconf 87' lang='lat' dir='ltr'><strong>est</strong></span> <span class='ocrx_word' id='word_1_888' title='bbox 3536 5148 3738 5213; x_wconf 84' lang='lat' dir='ltr'><strong>invidia,</strong></span> 
     </span>
    </p>
   </div>
   <div class='ocr_carea' id='block_1_118' title="bbox 2178 5236 3739 5306">
    <p class='ocr_par' dir='ltr' id='par_1_118' title="bbox 2178 5236 3739 5306">
     <span class='ocr_line' id='line_1_119' title="bbox 2178 5236 3739 5306; baseline 0.001 -15"><span class='ocrx_word' id='word_1_889' title='bbox 2178 5252 2340 5292; x_wconf 81' lang='lat' dir='ltr'><strong>voces</strong></span> <span class='ocrx_word' id='word_1_890' title='bbox 2371 5252 2497 5293; x_wconf 90' lang='lat' dir='ltr'><strong>suas</strong></span> <span class='ocrx_word' id='word_1_891' title='bbox 2527 5239 2687 5291; x_wconf 89' lang='lat' dir='ltr'><strong>habet</strong></span> <span class='ocrx_word' id='word_1_892' title='bbox 2725 5256 2737 5290; x_wconf 88' lang='lat'><strong>:</strong></span> <span class='ocrx_word' id='word_1_893' title='bbox 2771 5236 3041 5290; x_wconf 72' lang='lat' dir='ltr'><strong>Inveniam</strong></span> <span class='ocrx_word' id='word_1_894' title='bbox 3065 5240 3289 5306; x_wconf 78' lang='lat' dir='ltr'><strong>gratiam</strong></span> <span class='ocrx_word' id='word_1_895' title='bbox 3314 5256 3493 5292; x_wconf 88' lang='lat' dir='ltr'><strong>coram</strong></span> <span class='ocrx_word' id='word_1_896' title='bbox 3521 5240 3664 5303; x_wconf 69' lang='lat' dir='ltr'><strong>vobis,</strong></span> <span class='ocrx_word' id='word_1_897' title='bbox 3698 5250 3739 5292; x_wconf 85' lang='lat' dir='ltr'><strong>et</strong></span> 
     </span>
    </p>
   </div>
   <div class='ocr_carea' id='block_1_119' title="bbox 2179 5328 3737 5400">
    <p class='ocr_par' dir='ltr' id='par_1_119' title="bbox 2179 5328 3737 5400">
     <span class='ocr_line' id='line_1_120' title="bbox 2179 5328 3737 5400; baseline 0.002 -19"><span class='ocrx_word' id='word_1_898' title='bbox 2179 5346 2296 5400; x_wconf 71' lang='lat' dir='ltr'><strong>qua?</strong></span> <span class='ocrx_word' id='word_1_899' title='bbox 2326 5330 2613 5382; x_wconf 87' lang='lat' dir='ltr'><strong>statueritis</strong></span> <span class='ocrx_word' id='word_1_900' title='bbox 2646 5328 2780 5382; x_wconf 85' lang='lat' dir='ltr'><strong>dabo</strong></span> <span class='ocrx_word' id='word_1_901' title='bbox 2801 5370 2814 5393; x_wconf 94' lang='lat'><strong>,</strong></span> <span class='ocrx_word' id='word_1_902' title='bbox 2842 5328 3053 5382; x_wconf 73' lang='lat' dir='ltr'><strong>scilicet</strong></span> <span class='ocrx_word' id='word_1_903' title='bbox 3091 5328 3239 5381; x_wconf 85' lang='lat' dir='ltr'><strong>vobis</strong></span> <span class='ocrx_word' id='word_1_904' title='bbox 3268 5329 3478 5399; x_wconf 87' lang='lat' dir='ltr'><strong>ingrata</strong></span> <span class='ocrx_word' id='word_1_905' title='bbox 3511 5346 3608 5384; x_wconf 89' lang='lat' dir='ltr'><strong>non</strong></span> <span class='ocrx_word' id='word_1_906' title='bbox 3633 5345 3737 5395; x_wconf 84' lang='lat' dir='ltr'><strong>ero,</strong></span> 
     </span>
    </p>
   </div>
   <div class='ocr_carea' id='block_1_120' title="bbox 2181 5419 3733 5491">
    <p class='ocr_par' dir='ltr' id='par_1_120' title="bbox 2181 5419 3733 5491">
     <span class='ocr_line' id='line_1_121' title="bbox 2181 5419 3733 5491; baseline 0.001 -18"><span class='ocrx_word' id='word_1_907' title='bbox 2181 5423 2305 5491; x_wconf 89' lang='lat' dir='ltr'><strong>quia</strong></span> <span class='ocrx_word' id='word_1_908' title='bbox 2338 5421 2504 5474; x_wconf 88' lang='lat' dir='ltr'><strong>multo</strong></span> <span class='ocrx_word' id='word_1_909' title='bbox 2531 5419 2734 5488; x_wconf 87' lang='lat' dir='ltr'><strong>majora</strong></span> <span class='ocrx_word' id='word_1_910' title='bbox 2759 5421 2912 5475; x_wconf 87' lang='lat' dir='ltr'><strong>vobis</strong></span> <span class='ocrx_word' id='word_1_911' title='bbox 2937 5436 3097 5489; x_wconf 87' lang='lat' dir='ltr'><strong>quam</strong></span> <span class='ocrx_word' id='word_1_912' title='bbox 3123 5421 3228 5473; x_wconf 90' lang='lat' dir='ltr'><strong>ulla</strong></span> <span class='ocrx_word' id='word_1_913' title='bbox 3251 5422 3515 5491; x_wconf 87' lang='lat' dir='ltr'><strong>patientia</strong></span> <span class='ocrx_word' id='word_1_914' title='bbox 3546 5433 3733 5490; x_wconf 70' lang='lat' dir='ltr'><strong>prasta-</strong></span> 
     </span>
    </p>
   </div>
   <div class='ocr_carea' id='block_1_121' title="bbox 2183 5510 3738 5582">
    <p class='ocr_par' dir='ltr' id='par_1_121' title="bbox 2183 5510 3738 5582">
     <span class='ocr_line' id='line_1_122' title="bbox 2183 5510 3738 5582; baseline 0.001 -16"><span class='ocrx_word' id='word_1_915' title='bbox 2183 5529 2242 5568; x_wconf 85' lang='lat' dir='ltr'><strong>rc</strong></span> <span class='ocrx_word' id='word_1_916' title='bbox 2273 5523 2475 5581; x_wconf 79' lang='lat' dir='ltr'><strong>potero.</strong></span> <span class='ocrx_word' id='word_1_917' title='bbox 2508 5510 2694 5581; x_wconf 74' lang='lat' dir='ltr'><strong>(Vsus.</strong></span> <span class='ocrx_word' id='word_1_918' title='bbox 2725 5512 2836 5582; x_wconf 70' lang='lat'><strong>19..)</strong></span> <span class='ocrx_word' id='word_1_919' title='bbox 2870 5512 3064 5581; x_wconf 76' lang='lat' dir='ltr'><strong>Augete</strong></span> <span class='ocrx_word' id='word_1_920' title='bbox 3098 5513 3291 5575; x_wconf 83' lang='lat' dir='ltr'><strong>dotem,</strong></span> <span class='ocrx_word' id='word_1_921' title='bbox 3326 5513 3452 5581; x_wconf 89' lang='lat' dir='ltr'><strong>quid</strong></span> <span class='ocrx_word' id='word_1_922' title='bbox 3484 5512 3628 5580; x_wconf 80' lang='lat' dir='ltr'><strong>plane</strong></span> <span class='ocrx_word' id='word_1_923' title='bbox 3653 5529 3738 5581; x_wconf 85' lang='lat' dir='ltr'><strong>pro</strong></span> 
     </span>
    </p>
   </div>
   <div class='ocr_carea' id='block_1_122' title="bbox 2185 5602 3718 5671">
    <p class='ocr_par' dir='ltr' id='par_1_122' title="bbox 2185 5602 3718 5671">
     <span class='ocr_line' id='line_1_123' title="bbox 2185 5602 3718 5671; baseline -0.001 -15"><span class='ocrx_word' id='word_1_924' title='bbox 2185 5618 2306 5656; x_wconf 82' lang='lat' dir='ltr'><strong>mea</strong></span> <span class='ocrx_word' id='word_1_925' title='bbox 2337 5604 2662 5656; x_wconf 83' lang='lat' dir='ltr'><strong>admissione</strong></span> <span class='ocrx_word' id='word_1_926' title='bbox 2689 5602 2953 5656; x_wconf 89' lang='lat' dir='ltr'><strong>commodi</strong></span> <span class='ocrx_word' id='word_1_927' title='bbox 2981 5602 3277 5671; x_wconf 80' lang='lat' dir='ltr'><strong>capessatis</strong></span> <span class='ocrx_word' id='word_1_928' title='bbox 3319 5615 3541 5655; x_wconf 78' lang='lat' dir='ltr'><strong>munera</strong></span> <span class='ocrx_word' id='word_1_929' title='bbox 3585 5613 3718 5670; x_wconf 82' lang='lat' dir='ltr'><strong>posta</strong></span> 
     </span>
    </p>
   </div>
   <div class='ocr_carea' id='block_1_123' title="bbox 2188 5690 3734 5760">
    <p class='ocr_par' dir='ltr' id='par_1_123' title="bbox 2188 5690 3734 5760">
     <span class='ocr_line' id='line_1_124' title="bbox 2188 5690 3734 5760; baseline 0.002 -14"><span class='ocrx_word' id='word_1_930' title='bbox 2188 5692 2314 5759; x_wconf 83' lang='lat' dir='ltr'><strong>late,</strong></span> <span class='ocrx_word' id='word_1_931' title='bbox 2348 5710 2467 5760; x_wconf 75' lang='lat' dir='ltr'><strong>qute</strong></span> <span class='ocrx_word' id='word_1_932' title='bbox 2494 5693 2752 5757; x_wconf 82' lang='lat' dir='ltr'><strong>consequi</strong></span> <span class='ocrx_word' id='word_1_933' title='bbox 2783 5690 3115 5748; x_wconf 71' lang='lat' dir='ltr'><strong>szeculariter</strong></span> <span class='ocrx_word' id='word_1_934' title='bbox 3144 5691 3323 5749; x_wconf 87' lang='lat' dir='ltr'><strong>velitis</strong></span> <span class='ocrx_word' id='word_1_935' title='bbox 3349 5692 3562 5751; x_wconf 81' lang='lat' dir='ltr'><strong>edicite.</strong></span> <span class='ocrx_word' id='word_1_936' title='bbox 3588 5693 3734 5749; x_wconf 82' lang='lat' dir='ltr'><strong>satius</strong></span> 
     </span>
    </p>
   </div>
  </div>
