3982 6360
1349 223 1446 251 τε.»

129 337 238 401 249

1233 325 1600 386 MORALIUM
1639 324 1707 380 IN
1743 324 2037 383 GENFSlN
2079 328 2202 385 LIB.
2239 328 2375 388 VIII.
2415 321 2420 326 4

2815 235 2856 251 ..ι-

3299 333 3410 392 250

132 459 291 518 vobis
315 457 434 513 haec
459 453 690 511 tribuam
733 463 893 522 quam
923 433 1294 518 assequamini
1318 457 1416 514 per
1439 440 1721 512 religionis
1753 446 1798 504 Α
1825 440 2018 497 bentes
2047 445 2406 499 intentionem
2436 445 2581 516 (quae
2627 442 2781 515 quasi
2806 443 3100 500 substantia
3143 453 3248 510 est,
3279 450 3407 518 quia

137 549 466 608 socordiam.

207 641 373 696 Vens.
409 637 496 701 15,
528 635 612 690 14.
645 664 716 676 —
749 631 1148 704 Responderunt
1175 628 1278 698 lilii
1314 626 1479 682 Jacob
1520 623 1723 680 Sichem

133 745 180 791 et
212 731 351 804 patri
395 729 509 798 ejus
547 727 815 781 saeuientes
852 725 908 778 in
943 723 1063 778 dolo
1107 722 1169 776 ob
1203 732 1441 791 stuprum
1483 721 1678 773 sororis
1703 734 1724 773 :

136 825 264 884 Non
297 837 576 896 possumus
626 819 798 888 facere
835 818 972 888 quod
994 817 1166 886 petitis
1186 854 1202 880 ,
1229 830 1321 869 nec
1341 814 1470 867 dare
1493 829 1726 867 sororem

136 930 372 976 nostram
401 914 600 969 homini
650 910 1060 973 incircumciso;
1104 910 1242 979 quod
1269 906 1512 961 illicitum
1541 915 1590 960 et
1635 922 1726 960 ne-

137 1013 337 1085 farium
366 1017 440 1061 est
464 1004 605 1076 apud
638 1019 751 1056 nos.
801 1001 961 1055 Ratio
989 1016 1057 1055 ex
1087 999 1490 1070 praeteritarum
1523 1011 1728 1052 memo-

135 1107 217 1162 ria
249 1104 512 1158 virtutum
550 1097 694 1150 vires
721 1095 949 1164 colligit,
984 1094 1126 1148 unde
1173 1102 1227 1147 et
1270 1092 1553 1162 Scriptura
1583 1088 1723 1144 filios

136 1197 363 1256 fecisse,
396 1192 448 1245 id
475 1195 559 1244 est
589 1201 753 1256 opera
787 1185 938 1240 dicit.
971 1184 1037 1239 In
1068 1183 1187 1238 dolo
1213 1199 1340 1254 ergo
1371 1182 1721 1252 respondent,

138 1289 268 1360 quia
323 1285 494 1340 multo
546 1281 753 1353 majora
799 1287 990 1334 contra
1037 1278 1224 1339 vitium
1281 1277 1459 1332 facere
1495 1275 1724 1330 interius

138 1383 449 1451 proponunt
468 1387 628 1444 quam
644 1370 886 1427 exterius
911 1384 1007 1438 per
1029 1383 1193 1438 opera
1218 1367 1496 1422 exhibent.
1513 1366 1724 1421 Discre-

138 1470 342 1526 tionem
361 1509 377 1533 ,
425 1473 578 1521 a‘nnt
597 1508 610 1530 ,
639 1474 882 1519 nostram
929 1461 1228 1517 sinceritati
1260 1462 1506 1516 devotam
1535 1458 1721 1513 livoris

141 1562 546 1617 incontinentiie
573 1561 806 1625 prodere
840 1554 1108 1609 nefarium
1148 1567 1347 1606 remur.
1385 1549 1570 1618 (Vens.
1605 1550 1717 1619 15.)

139 1651 249 1709 Sed
277 1653 331 1705 in
360 1651 457 1706 hoc
488 1647 773 1705 valebimus
820 1645 1104 1716 fmderari,
1135 1644 1183 1698 si
1221 1652 1420 1698 nostra:
1453 1641 1718 1697 volueritis

137 1742 487 1814 parcimonize
520 1739 841 1805 assimilari,
874 1746 934 1792 ut
957 1752 1118 1792 omne
1151 1735 1530 1798 masculinum,
1558 1748 1720 1788 omne

138 1836 392 1892 videlicet
433 1815 756 1906 superbum,
808 1848 904 1904 per
942 1831 1088 1903 quod
1131 1829 1480 1901 singulariter
1517 1827 1716 1882 invidia

137 1929 398 2000 gignitur,
439 1927 766 1998 praecidatur
794 1940 824 1979 a
856 1925 1032 1979 vobis.
1075 1921 1134 1976 In
1177 1936 1284 1992 quo
1313 1919 1487 1974 fidelis
1515 1919 1604 1973 ille
1629 1919 1720 1972 do-

137 2018 221 2074 lus
245 2029 347 2083 est,
372 2019 496 2088 quia
525 2019 568 2072 si
597 2033 627 2071 a
666 2015 964 2086 cupiditate
989 2013 1236 2076 audacia,
1267 2026 1301 2064 .a
1319 2011 1567 2080 superbia
1590 2025 1720 2079 pro,-

137 2111 373 2182 pellatur
403 2109 624 2173 invidia,
651 2117 802 2164 stare
823 2114 1080 2176 poterunt
1107 2113 1336 2169 neutra;
1365 2102 1507 2173 quod
1533 2110 1717 2157 tamen

141 2202 258 2258 lleri
287 2217 392 2257 non
420 2202 589 2266 valet,
622 2203 748 2272 quia
781 2201 923 2256 sicut
964 2199 1031 2254 ab
1067 2199 1190 2270 igne
1217 2197 1366 2252 calor
1399 2211 1504 2250 non
1525 2195 1722 2250 dividi-

139 2302 229 2350 tur
261 2303 323 2349 ut
346 2294 484 2365 ignis
522 2293 615 2359 sit,
645 2293 720 2348 ita
749 2307 781 2348 τι
804 2291 1102 2362 cupiditate
1121 2289 1372 2357 superbia
1410 2287 1723 2345 invidiaque

137 2383 293 2438 solita
324 2383 675 2453 praesumptio
705 2398 813 2438 non
851 2390 1154 2452 separatur,
1199 2380 1328 2448 quin
1359 2378 1414 2433 in
1446 2379 1564 2448 ipso
1592 2378 1724 2434 vitio

133 2477 224 2541 sit,
254 2485 309 2530 et
337 2475 526 2531 vitium
548 2477 637 2530 sit.
676 2473 865 2546 (Vatis.
903 2474 987 2535 l6,
1027 2474 1113 2538 l7,
1153 2471 1240 2537 18,
1276 2471 1387 2542 19.)
1430 2472 1604 2537 Tunc,
1639 2473 1720 2525 in-

131 2569 280 2641 quit,
329 2569 570 2639 copulari
620 2568 800 2624 debita
846 2566 1206 2621 unanimitate
1258 2564 1561 2619 valebimus
1597 2580 1718 2619 cum

129 2661 359 2733 puritati
409 2675 508 2715 vos
548 2660 753 2715 instare
784 2658 1138 2713 senserimus.
1168 2655 1263 2712 Sin
1296 2655 1484 2720 aliter,
1517 2656 1721 2712 discre--

133 2751 281 2807 tione
309 2750 520 2805 divulsa
555 2765 586 2805 a
633 2759 818 2806 vestro
865 2749 1137 2819 contagio,
1169 2747 1508 2802 dirimentur.
1538 2745 1724 2801 Placet

130 2843 338 2898 oblatio
363 2842 505 2913 patri
548 2851 604 2897 et
649 2841 788 2908 lilio,
835 2850 890 2896 et
915 2841 1100 2896 statim
1128 2838 1559 2904 circumciditur,
1591 2838 1719 2908 quia

131 2935 282 2989 vitiis
309 2935 375 2989 ad
403 2936 594 2990 horam
622 2933 843 2988 solitum
869 2941 988 2999 est,
1030 2940 1091 2987 ut
1138 2931 1325 2985 virtuti
1355 2931 1543 2986 dolose
1589 2931 1718 2984 sub-

133 3023 350 3080 dantur.
383 3026 608 3079 Amabat
647 3026 784 3079 enim
809 3023 1038 3094 puellam
1065 3023 1234 3088 valde,
1277 3033 1324 3076 et
1351 3023 1460 3093 ipse
1500 3030 1611 3076 erat
1636 3023 1721 3076 in-

135 3117 306 3186 clytus
331 3116 387 3168 in
418 3116 560 3168 omni
592 3114 940 3184 domo-patris
963 3115 1068 3168 sui.
1099 3113 1268 3168 Valde
1287 3113 1518 3182 puellant
1549 3121 1718 3177 amat,

1746 1801 1794 1860 B

1828 550 1890 586 ac
1919 536 1962 589 si
2013 534 2420 592 fundamentum
2463 538 2694 608 substat)
2724 548 2771 592 et
2800 555 3009 606 pecora,
3048 538 3150 608 pite
3201 540 3409 598 scilicet

1827 626 2085 680 custodia:
2115 643 2302 698 opera,
2326 630 2508 684 omnia
2539 632 2760 700 insuper
2789 631 2938 694 vitia,
2972 641 3062 685 attt
3085 631 3258 704 ipsum
3285 649 3410 689 cor-

1827 737 1945 791 pus,
1983 723 2124 790 quod
2167 723 2295 792 ipsae
2325 724 2568 778 rationes
2597 725 2876 794 possidere
2904 726 3177 794 videnlur,
3215 739 3406 786 nostro

1825 815 2087 884 paulatim
2119 815 2350 886 imperio
2377 815 2711 870 addicentur.

1900 911 2064 965 Vens.
2098 910 2188 964 24.
2220 940 2288 950 -
2328 909 2539 962 Assensi
2570 918 2690 963 sunt
2717 927 2894 966 omnes
2925 913 3247 968 circumcisis
3278 929 3407 969 cun-

1830 998 1924 1050 ctis
1959 999 2210 1053 maribus.
2265 999 2437 1055 Silent
2465 1000 2531 1054 ad
2570 1009 2784 1070 tempus
2804 1003 2966 1068 vitia,
2990 1005 3181 1074 sopitis
3219 1013 3407 1075 aperte

1826 1094 2261 1162 praesumptionis
2297 1093 2551 1148 motibus.
2586 1091 2775 1164 (Vens.
2801 1093 2891 1158 25,
2917 1095 3031 1166 26.)
3063 1097 3129 1151 Et
3153 1114 3269 1152 ecce
3295 1107 3404 1153 ter-

1826 1186 1898 1239 tio
1921 1186 2005 1242 die
2042 1190 2250 1258 quando
2285 1187 2620 1256 gravissimus
2649 1185 2800 1240 dolor
2824 1197 2899 1240 est
2929 1187 3224 1250 vulnerant,
3255 1206 3398 1245 arre-

1824 1280 1926 1349 ptis
1957 1280 2062 1337 dno
2104 1279 2269 1334 Jacob
2295 1279 2394 1348 ﬁlii
2431 1279 2642 1334 Simeon
2667 1289 2712 1332 et
2741 1276 2861 1333 Levi
2887 1277 3078 1348 [ratres
3108 1279 3263 1334 Dinw
3291 1281 3406 1350 gla-

1824 1371 1926 1425 diis
1970 1375 2190 1442 ingressi
2242 1383 2364 1426 sunt
2417 1373 2594 1426 urbem
2623 1371 2984 1440 conﬁdenter;
3018 1371 3406 1440 interfectisque

1825 1464 2024 1517 cunctis
2070 1464 2340 1530 masculis,
2372 1463 2570 1518 Hemor
2599 1473 2648 1518 et
2697 1462 2904 1518 Sicliem
2949 1463 3146 1531 pariter
3201 1478 3410 1516 necave-

1825 1567 1966 1620 runt,
1991 1556 2227 1611 tollentes
2253 1557 2444 1611 Dinam
2479 1557 2543 1611 de
2565 1556 2720 1610 domo
2745 1552 2949 1608 Sicliem
2976 1569 3206 1608 sororem
3231 1568 3404 1608 suam.

1822 1646 2006 1702 Prima
2033 1649 2150 1705 dies
2175 1647 2724 1720 suggestio,secunda
2750 1645 3065 1710 delectatio,
3091 1646 3252 1701 tertia
3279 1661 3407 1701 con-

1823 1757 2016 1797 sensus
2053 1743 2272 1796 dicitur.
2332 1741 2456 1796 Dies
2494 1749 2673 1795 autem
2727 1747 2858 1794 tunc
2908 1747 3034 1794 sunt
3063 1737 3281 1808 quando
3313 1750 3409 1807 per

1823 1835 2235 1905 intelligentiam
2271 1833 2674 1890 discernuntur.
2718 1830 3014 1902 Postquam
3053 1845 3185 1901 ergo
3211 1829 3408 1900 grada-

1823 1925 1919 1980 tim
1962 1926 2152 1980 vitium
2203 1927 2392 1996 incipit
2440 1940 2760 1996 erumpere,
2789 1940 2912 1981 cum
2966 1929 3031 1978 ad
3080 1936 3406 1978 consensum

1815 2013 1929 2084 jam
1980 2017 2406 2085 deprehenditur
2451 2015 2588 2070 velle
2629 2014 2868 2086 prodire,
2931 2027 3030 2083 per
3075 2011 3407 2066 auditionem

1824 2107 2060 2161 tristitiae
2101 2107 2203 2176 (sic
2233 2107 2375 2162 enim
2419 2106 2812 2176 interpretatur
2842 2103 3086 2173 Simeon)
3116 2113 3170 2157 et
3198 2117 3296 2172 per
3322 2116 3410 2156 as-

1825 2200 2186 2270 sumptionem
2217 2199 2438 2254 virtutis
2468 2199 2696 2254 interna:
2722 2197 2852 2270 (nisi
2875 2197 3022 2251 enim
3044 2196 3182 2250 bene
3215 2203 3409 2248 contra

1824 2290 1955 2346 vitia
1999 2291 2408 2355 contristentur,
2443 2304 2719 2357 nunquam
2751 2305 2779 2342 a
2812 2288 2907 2343 Dei
2935 2286 3130 2357 spiritu
3177 2282 3412 2340 assumi-

1825 2385 1989 2454 mnr),
2015 2384 2220 2454 gladios
2261 2386 2488 2441 internae
2531 2393 2587 2441 et
2627 2393 2868 2438 externa:
2893 2377 3242 2436 discretionis
3270 2373 3412 2432 reci-

1824 2476 2022 2548 pimus.
2054 2476 2184 2532 Levi
2233 2487 2414 2533 autem
2454 2477 2656 2533 dicitur
2681 2486 3000 2546 assumptus.
3052 2472 3183 2528 Sine
3225 2469 3410 2524 auditu

1823 2583 1953 2624 vero
1982 2569 2240 2635 tristitiae,
2274 2572 2326 2626 id
2354 2579 2439 2626 est
2466 2571 2585 2626 sine
2613 2571 2848 2642 propria:
2891 2567 3203 2641 cognitione
3245 2564 3412 2619 mise-

1823 2661 1938 2725 riae,
1969 2678 2073 2717 non
2104 2665 2406 2735 assumptio
2444 2663 2506 2718 lit
2525 2663 2772 2733 iustitiae,
2796 2677 2960 2732 quant
2985 2675 3089 2716 non
3116 2668 3225 2713 tam
3255 2671 3411 2711 assu-

1823 2755 2024 2812 mimus
2058 2771 2222 2826 quain
2253 2758 2320 2812 ab
2343 2771 2406 2812 ea
2437 2757 2789 2822 assumimur,
2819 2755 2870 2810 id
2903 2763 2986 2810 est
3017 2751 3234 2808 fortiter
3262 2757 3383 2804 tene

1823 2864 1967 2912 mur,
1993 2864 2115 2918 qua:
2162 2850 2398 2918 quadam
2432 2849 2798 2917 germanitate
2827 2861 3052 2917 prorsus
3097 2839 3409 2899 necessaria

1817 2940 2119 3012 junguntur
2156 2941 2338 3010 Dina),
2360 2940 2412 2994 id
2457 2949 2540 2996 est
2584 2940 2902 2997 discretioni
2953 2947 3172 2994 nosti-te.
3225 2934 3408 3003 Ingre-

1823 3029 2046 3084 diuntur
2078 3032 2192 3086 batc
2216 3033 2408 3088 urbem
2441 3032 2792 3087 conscientia:
2825 3039 2882 3086 et
2918 3026 3264 3099 exsurgentis
3293 3024 3408 3095 jam

1826 3123 2063 3178 audacias
2115 3124 2456 3195 consumptis
2501 3124 2737 3178 motibus
2779 3121 3132 3192 cupiditatem
3170 3125 3225 3173 et
3269 3114 3412 3170 invi-

134 3207 262 3274 ouia
303 3207 551 3262 diabolus
580 3222 676 3276 per
696 3207 981 3272 invidiam,
1011 3207 1473 3276 pulchritudinem
1517 3206 1720 3260 discrc-
1747 3173 1792 3235 Ο
1824 3214 1970 3270 diam
2007 3216 2211 3285 pariter
2240 3173 2469 3280 mgni,
2497 3215 2697 3270 ιιρηιωι
2745 3173 2958 3269 ερῑιῖρει
2985 3221 3041 3266 ει
3071 3210 3324 3274 Sichem,
3355 3215 3412 3263 et

133 3297 304 3356 tionis
353 3300 559 3355 foedare
588 3314 646 3355 se
686 3300 1056 3369 immergendo
1095 3301 1365 3369 praecipue
1401 3297 1640 3353 allectat.
1672 3297 1721 3352 Is

129 3393 282 3444 enim
327 3391 638 3444 invidentia:
685 3400 865 3444 motus
897 3391 1144 3462 inclytus,
1184 3393 1237 3445 id
1285 3401 1370 3446 est
1410 3391 1551 3445 inter
1601 3389 1722 3443 uni-

126 3491 295 3533 versa
343 3479 500 3550 132
547 3481 676 3533 vitia
708 3483 1069 3550 przccognitns
1097 3490 1182 3536 est
1206 3521 1223 3547 ,
1273 3481 1440 3536 etiam
1477 3480 1532 3533 in
1567 3480 1720 3534 domo

124 3572 300 3639 patris
343 3571 454 3652 sui,
483 3569 574 3625 illa
604 3571 815 3627 scilicet
837 3571 988 3640 cujus
1021 3573 1130 3627 ﬁlia
1150 3615 1164 3639 ,
1207 3587 1373 3642 quam
1401 3573 1723 3641 concupive-

127 3671 222 3719 rat
247 3678 364 3727 rex,
420 3679 544 3718 cum
591 3663 788 3734 populo
837 3678 937 3720 suo
987 3664 1230 3721 oblivisci
1273 3664 1496 3734 jubetur
1542 3661 1717 3734 (Psal.

128 3767 280 3820 xuv,
321 3753 410 3820 ll,
445 3754 564 3822 12);
591 3755 760 3824 patris
795 3756 937 3810 enim
962 3755 1161 3810 diaboli
1194 3763 1278 3811 est
1307 3757 1450 3810 inter
1469 3753 1720 3824 vulgares

128 3844 278 3898 enim
303 3843 462 3900 valde
488 3845 849 3900 exsecrationi
882 3847 1130 3902 babetur.

212 3930 378 3986 Vnus.
403 3932 496 3998 20,
523 3933 610 3990 21.
639 3932 732 3995 22,
763 3933 854 3988 25.
889 3965 958 3974 -
987 3933 1322 4005 Ingressique
1343 3943 1548 4005 portant
1576 3935 1718 3988 urbis

131 4027 300 4082 locuti
337 4039 460 4083 sunt
503 4027 716 4098 populo.
753 4025 867 4082 Viri
900 4029 987 4083 isti
1015 4029 1224 4099 paciﬁci
1251 4039 1407 4094 sunt;
1443 4044 1613 4098 usque
1651 4015 1718 4083 ad

129 4120 238 4176 hoc
263 4134 370 4188 quo
397 4119 558 4185 dicit,
585 4119 864 4188 eﬁiciemur
889 4135 1024 4173 unus
1049 4119 1269 4189 populus
1295 4118 1417 4191 [al.,
1450 4133 1612 4172 unum
1638 4119 1720 4188 ef-

124 4210 378 4280 ﬁciamus
410 4207 708 4281 populum].
745 4209 962 4264 Portam
987 4211 1130 4264 urbis
1163 4209 1568 4280 ingrediuntur,
1595 4225 1718 4264 cum

125 4299 267 4354 vitia
305 4314 364 4355 se
393 4301 460 4353 ad
487 4299 838 4353 conscientiae
861 4314 1087 4354 examen
1113 4299 1328 4364 adduci,
1357 4299 1513 4369 quasi
1545 4313 1722 4368 aequa-

124 4389 361 4446 nimiter
408 4390 474 4444 ad
525 4398 857 4444 momentum
903 4389 1200 4459 patiuntur.
1233 4389 1395 4445 Porta
1448 4388 1716 4460 judicium

1824 3304 1892 3362 de
1913 3323 2080 3377 pravo
2106 3309 2464 3363 contubernio
2492 3315 2691 3362 eruunt
2715 3307 3124 3361 discretionem.

1895 3395 2064 3451 Vens.
2091 3399 2182 3452 27.
2221 3430 2279 3441 --
2318 3399 2519 3464 Quibus
2565 3397 2785 3462 egressis
2817 3411 2913 3466 per
2968 3393 3188 3449 indulta:
3237 3391 3340 3448 sibi
3380 3405 3411 3446 a

1825 3487 1937 3542 Deo
1961 3489 2216 3558 potentiae
2265 3489 2565 3552 licentiam,
2597 3489 2770 3542 ca'teri
2791 3488 2892 3557 ﬁlii
2925 3486 3090 3542 Jacob
3129 3501 3285 3555 super
3324 3499 3412 3538 oc-

1823 3580 1959 3634 cisos
2010 3581 2244 3646 irrnunt,
2278 3582 2331 3636 id
2363 3590 2447 3637 est
2486 3581 2707 3652 reliquae
2733 3583 2960 3636 virtutes
2986 3579 3150 3634 animi
3185 3577 3410 3634 subacta

1824 3673 1955 3726 vitia
1982 3674 2190 3729 victrici
2219 3675 2434 3729 actione
2460 3674 2733 3743 operiunt,
2763 3683 2811 3728 et
2854 3673 3030 3726 urbem
3056 3671 3411 3726 conscientiae

1822 3777 1852 3816 a
1905 3765 2132 3834 strepitu
2187 3767 2349 3820 solito
2403 3767 2743 3831 desolantes,
2799 3765 3166 3835 corruptionis
3211 3764 3410 3818 damna

1821 3866 2192 3925 compensant.
2225 3859 2412 3927 (Vens.
2437 3858 2557 3928 28.)
2593 3858 2725 3912 Oves
2783 3855 3212 3926 impr-evidentia:
3241 3863 3294 3908 et
3329 3851 3410 3907 la-

1823 3950 2064 4014 tuitatis,
2090 3961 2136 4004 et
2167 3962 2404 4005 armenta
2434 3951 2841 4015 hebetudinmn,
2874 3949 2958 4004 vel
3003 3947 3409 4010 curiositatum,

1825 4040 1908 4095 bis
1944 4041 2103 4111 plane
2133 4058 2198 4097 ac
2235 4044 2279 4098 si
2331 4045 2499 4099 armis
2529 4044 2872 4114 contegimus
2917 4041 3073 4097 nobis
3106 4041 3234 4112 ipsis
3276 4039 3411 4092 vitia

1821 4144 2031 4202 nostra,
2065 4137 2343 4207 asinosqtte
2375 4136 2680 4201 libidinum,
2709 4147 2763 4190 et
2783 4135 2966 4192 omnia
3011 4150 3128 4204 qua:
3157 4136 3210 4188 in
3240 4131 3410 4186 domi-

1822 4226 1939 4293 bus,
1965 4239 2012 4282 ct
2053 4231 2106 4283 in
2151 4230 2328 4300 agris;
2359 4230 2410 4284 in
2446 4229 2717 4284 mentibus
2768 4228 2980 4283 scilicet
3024 4236 3079 4282 et
3106 4223 3411 4281 forensibus

1821 4320 2100 4374 exercitiis
2129 4330 2301 4375 erant.
2333 4320 2522 4391 (Vens.
2552 4321 2671 4392 29.)
2709 4318 2969 4374 Parvulos
2995 4332 3041 4372 et
3085 4334 3306 4381 uxores,
3354 4315 3409 4368 id

1819 4418 1902 4464 est
1929 4423 2102 4480 empta
2129 4410 2241 4479 jatn
2268 4425 2453 4481 opera,
2478 4419 2536 4466 et
2569 4426 2793 4479 operum
2839 4407 3227 4462 delectationes
3259 4414 3407 4458 utra-

123 4482 335 4552 signat,
372 4484 496 4548 quia
531 4482 583 4534 in
615 4481 786 4550 portis
818 4481 1116 4551 antiquitus
1144 4495 1232 4536 res
1273 4482 1447 4537 dubia:
1484 4480 1715 4536 ventila-

1825 4515 1927 4570 que
1953 4502 2156 4558 duxere
2177 4503 2420 4572 captiva,
2473 4502 2684 4558 sublata
2730 4503 2782 4555 in
2815 4500 3030 4555 mortali
3067 4512 3298 4567 corpore
3327 4511 3409 4552 re-

126 4572 362 4628 bantur.
403 4571 660 4642 Exempla
696 4574 830 4628 satis
853 4588 1123 4642 superque
1169 4584 1480 4644 suppetunt.
1513 4574 1718 4644 Populo

129 4661 437 4733 loquuntur
467 4663 591 4733 quia
622 4664 909 4719 subdolose
959 4665 1178 4719 interim
1210 4666 1329 4735 paci
1375 4666 1720 4721 instituendas

132 4755 344 4820 favere,
367 4763 422 4809 et
447 4757 694 4824 strepitui
723 4757 917 4812 mentis
943 4758 1185 4813 sedando
1208 4759 1479 4813 Videntur.
1515 4759 1717 4826 Virilis,

132 4847 416 4919 inquiunt,
444 4857 501 4902 et
522 4847 748 4903 honesta
775 4849 888 4903 haec
913 4860 1076 4918 atque
1104 4849 1328 4919 paciﬁca
1359 4852 1715 4919 continentia,

133 4939 348 4997 feratur
375 4941 572 5013 degere
602 4941 869 4995 nobiscum
921 4941 976 4995 in
1016 4951 1155 4997 terra
1199 4945 1466 5015 corporis,
1494 4947 1715 5018 negotii,

134 5043 189 5090 et
213 5035 464 5091 exercitii
498 5035 582 5090 sui
627 5033 777 5089 lucra
831 5043 1058 5104 quaerat,
1094 5035 1270 5105 ipsum
1328 5038 1472 5092 enim
1521 5053 1720 5108 corpus

134 5131 394 5195 spatiosa,
434 5137 482 5182 et
520 5127 630 5180 lata
659 5137 900 5192 sectans,
933 5127 1080 5181 cultu
1113 5142 1222 5196 quo
1265 5126 1379 5182 haec
1406 5129 1719 5184 recidantur

135 5232 284 5289 eget;
316 5221 478 5290 filias,
515 5220 566 5274 id
612 5227 695 5274 est
736 5219 874 5274 llitxa
909 5233 1096 5274 eorum
1131 5219 1396 5275 desideria
1437 5222 1594 5277 nobis
1627 5240 1721 5293 ap-

135 5326 425 5382 pouemus,
455 5323 510 5367 et
543 5313 797 5382 quaelibet
819 5322 1130 5369 nostrarum
1158 5313 1390 5384 partium
1418 5314 1636 5370 lascivia
1665 5327 1721 5373 et

138 5408 342 5471 mollia,
365 5407 721 5462 rationalibus
741 5408 906 5463 animi
935 5409 1172 5463 motibus
1198 5409 1525 5477 ingeremus.
1543 5407 1718 5463 Unum

139 5509 345 5558 tantum
388 5504 578 5559 bonum
611 5502 766 5558 nobis
797 5513 1116 5558 eventurum
1143 5503 1408 5571 diﬂertur,
1439 5501 1485 5554 si
1513 5501 1721 5557 scilicet

138 5595 578 5652 circumridamus
606 5597 672 5651 ad
698 5612 936 5666 praesens
965 5595 1252 5658 inasculos,
1293 5595 1344 5650 id
1377 5604 1459 5650 est
1491 5605 1723 5650 temera-

141 5686 251 5742 rios
299 5691 551 5744 incursus
604 5700 807 5744 nostros
854 5689 1156 5758 paulisper,
1189 5686 1281 5744 sed
1312 5703 1419 5742 non
1462 5690 1551 5743 ditt
1585 5705 1718 5746 con-

141 5777 510 5850 etringamus;
567 5782 705 5835 ritus
746 5789 801 5836 et
839 5783 1080 5837 instituta
1116 5785 1312 5838 mentis
1343 5785 1584 5853 ipsorum
1619 5800 1718 5840 nos

139 5865 337 5927 Imitari
367 5873 706 5940 simulantes,
733 5883 786 5930 et
805 5876 884 5932 sic
911 5876 1004 5932 lict
1032 5885 1090 5931 ut
1117 5877 1319 5934 sensim
1351 5878 1546 5935 animis
1570 5879 1690 5936 illa-

1821 4592 2020 4662 gnandi
2053 4594 2314 4660 potentia.
2349 4592 2532 4662 (Vens.
2561 4591 2678 4662 50.)
2723 4591 2926 4657 Quibus
2977 4590 3204 4663 patratis
3233 4588 3408 4642 auda-

1821 4694 1946 4750 cter,
1978 4685 2110 4738 dixit
2155 4684 2320 4738 Jacob
2375 4685 2444 4738 ad
2482 4682 2692 4738 Simeon
2729 4693 2776 4736 et
2821 4681 2964 4736 Levi.
3001 4681 3102 4737 Ubi
3145 4681 3409 4735 vivaeiter

1822 4777 2060 4847 peccatis
2101 4775 2386 4830 obsistitur
2433 4774 2629 4840 Jacob,
2668 4775 2719 4830 ItI
2763 4782 2847 4830 est
2893 4773 3032 4829 ratio
3093 4772 3408 4828 humanitus

1822 4875 1968 4934 acta,
1995 4874 2050 4922 et
2087 4866 2416 4922 auditionem
2449 4866 2711 4932 tristitiae,
2740 4875 2793 4921 et
2819 4865 3241 4937 assumptionem
3278 4877 3408 4934 gra-

1824 4958 1911 5013 tiae
1939 4957 2094 5028 quasi
2145 4957 2197 5011 in
2241 4957 2324 5011 bis
2371 4970 2723 5026 perseverare
2755 4965 3017 5027 nequeat,
3072 4955 3301 5024 coepisse
3349 4965 3407 5007 se

1821 5048 2112 5118 improbat.
2148 5046 2418 5101 Turbastis
2451 5063 2564 5113 me,
2594 5047 2645 5102 id
2689 5057 2772 5102 est
2815 5047 3026 5100 turbam
3058 5052 3246 5099 contra
3279 5045 3406 5096 vitia

1821 5142 1952 5197 mibi
1997 5142 2272 5207 movistis,
2315 5153 2360 5196 et
2393 5143 2633 5195 odiosum
2670 5157 2750 5194 me
2781 5141 2976 5209 fecistis
3007 5136 3320 5192 Chanameis
3358 5143 3405 5188 et

1822 5229 2119 5287 Plieresa’is
2149 5231 2530 5286 habitatoribus
2580 5241 2764 5293 terra’,
2800 5229 2924 5297 quia
2957 5225 3211 5281 videlicet
3244 5239 3406 5296 nego-

1823 5325 1910 5379 tiis
1945 5326 2108 5378 animi
2139 5340 2166 5376 a
2201 5333 2417 5378 terreno
2445 5338 2581 5393 pene
2607 5321 2878 5376 desiderio
2905 5333 3176 5387 nunquam
3203 5316 3404 5381 feriati,

1821 5423 1876 5470 et
1900 5415 2103 5484 stupori
2130 5414 2196 5468 ad
2228 5413 2367 5468 mala
2393 5428 2606 5483 semper
2629 5426 2809 5482 prava:
2831 5409 3013 5464 carnis
3035 5408 3197 5464 finem
3228 5409 3403 5478 posui.

1822 5505 1951 5570 Vos,
1975 5507 2222 5576 inquam,
2253 5515 2432 5560 motus
2469 5501 2778 5573 spirituales
2805 5513 3055 5558 auctores
3085 5500 3244 5570 hujus
3271 5501 3405 5556 estis

1821 5600 1949 5655 odii.
1983 5601 2324 5655 Cbananaens
2358 5611 2572 5665 nempe,
2604 5597 2931 5664 negotiator;
2967 5595 3287 5652 Pheresmns
3317 5594 3402 5649 di-

1821 5697 1964 5751 citur
1989 5704 2218 5763 stupens.
2254 5690 2537 5761 Negotium
2565 5690 2710 5744 enim
2743 5692 3126 5763 perambulans
3165 5691 3218 5744 in
3252 5699 3403 5743 tene-

1825 5788 1937 5844 bris
1956 5828 1970 5853 ,
2000 5795 2054 5840 et
2081 5784 2292 5854 reprobi
2330 5799 2522 5841 sensus
2550 5785 2634 5842 vel
2665 5783 3093 5856 ponderositatis
3127 5795 3403 5852 corporeae

1799 5889 1986 5951 stupor
2013 5889 2176 5934 terrre
2208 5878 2436 5935 inhiant.
2482 5877 2597 5936 Nos
2627 5879 2788 5951 pauci
2814 5892 3026 5932 sumus.
3055 5874 3192 5942 Quia
3226 5874 3402 5932 virtu.
