3978 6332
570 382 666 438 251

1358 371 1420 427 V.
1453 361 1776 428 GUIBERTI
1809 367 2102 428 ABBATIS
2135 370 2192 426 S.
2217 370 2455 427 ΜΑΗΙᾸΞ
2481 372 2568 428 DE
2607 371 3000 432 NOVIGENTO

3724 377 3817 434 952

575 509 685 553 tum
724 513 923 570 parvus
959 497 1026 552 ad
1065 494 1318 549 vitiorum
1347 492 1810 562 comparationem
1847 499 1929 546 est
1965 505 2151 546 nume-
2180 492 2226 548 A
2254 492 2505 557 aediﬁcat,
2535 507 2660 562 quia
2690 501 2892 549 sanctae
2918 492 3213 550 voluntatis
3241 497 3293 550 in
3326 495 3493 563 ipsius
3523 495 3816 554 mutationis

574 608 683 646 rus.
725 573 811 644 illa
848 604 973 659 ergo
1014 594 1331 655 congregata
1378 598 1499 652 quae
1549 598 1862 655 expugnare
1907 583 2150 651 coepistis

573 681 793 746 frustra,
819 679 1099 748 percutient
1141 691 1221 728 me
1263 685 1307 728 et
1338 673 1548 729 delebor
1577 691 1688 745 ego,
1723 685 1771 728 et
1798 676 1983 727 domus
2016 689 2147 739 mea,

573 773 675 827 hoc
725 767 988 826 tantillum
1022 765 1165 835 quod
1210 754 1336 820 boni
1368 764 1634 820 habebam
1679 766 1921 820 exterius
1949 764 2153 822 delebi-

575 875 680 928 tur,
708 870 763 915 et
795 860 982 912 domus
1011 856 1360 913 conscientiae
1384 856 1814 928 depopulahitur.
1846 855 1952 910 Sed
1981 855 2153 909 virtus

571 951 998 1009 rationalitatum
1051 949 1310 1006 divinitus
1356 958 1538 1005 erecta
1590 949 1721 1004 dicit
1762 947 1950 1020 (Vsus.
1991 946 2082 1018 51)
2133 961 2146 1000 :

571 1037 825 1110 Nunquid
879 1050 932 1094 ut
983 1051 1154 1094 scorto
1207 1040 1350 1094 abuti
1381 1039 1601 1093 debuere
1629 1055 1807 1094 sorore
1842 1037 2061 1092 nostra?
2095 1035 2151 1091 ld

567 1143 676 1196 est,
713 1132 958 1203 nunquid
1006 1132 1377 1203 prostituenda
1423 1141 1506 1186 est
1557 1130 1781 1186 cuilibet
1809 1138 2152 1201 peccatorum

567 1227 715 1282 sordi
751 1226 1008 1282 discretio
1066 1233 1250 1280 nostra
1295 1240 1362 1279 ex
1397 1233 1598 1292 matre,
1631 1238 1752 1296 quae
1800 1237 1896 1278 nos
1930 1219 2153 1294 protulit

567 1321 781 1376 ratione
812 1320 990 1392 proles
1013 1319 1248 1376 eximia?

964 1482 966 1484 ν
1111 1411 1334 1468 CAPUT
1385 1408 1604 1466 xxxv.

639 1507 803 1563 Vsus.
836 1507 885 1560 1.
911 1537 980 1547 -
1017 1505 1224 1559 Interea
1279 1503 1474 1558 mentis
1523 1501 1825 1557 certamina
1879 1499 2156 1569 desipien-

571 1580 678 1655 tem
713 1599 854 1654 Deus
883 1597 1176 1667 alloquitur
1201 1595 1430 1651 interius
1453 1593 1643 1650 Jacob.
1674 1594 1867 1664 Surge,
1897 1605 1944 1649 et
1973 1610 2154 1648 ascen-

567 1693 631 1747 de
659 1691 842 1746 Bethel
883 1702 930 1746 et
972 1693 1148 1746 habita
1175 1692 1273 1756 ibi,
1303 1692 1489 1762 facque
1519 1691 1685 1744 altare
1713 1689 1822 1744 Deo
1858 1690 1948 1760 qui
1991 1707 2154 1758 appa-

564 1786 669 1840 ruit
721 1785 814 1838 tibi
859 1787 1070 1856 quando
1108 1784 1343 1856 fugiebas
1377 1783 1521 1837 Esau
1549 1783 1767 1852 fratrem
1799 1793 1967 1836 tuum.
2002 1783 2154 1849 Quod

563 1885 647 1933 est
669 1877 891 1931 dicere:
924 1876 1144 1948 Erigere
1177 1877 1244 1930 ab
1289 1869 1412 1930 imis
1441 1875 1764 1948 cogitatibus
1790 1885 1842 1928 ct
1873 1889 2152 1946 usquequo
2184 1869 2230 1929 Β

459 2027 468 2049 1
565 1969 664 2023 ﬁas
693 1969 886 2036 domus
913 1968 1024 2030 Dei,
1067 1963 1213 2038 quod
1249 1978 1332 2024 est
1359 1969 1568 2031 Bethel,
1607 1967 1906 2038 provehere
1941 1966 2155 2021 virtuti-

563 2059 687 2124 bus,
716 2069 769 2115 et
804 2060 885 2115 fac
918 2059 1074 2132 133
1102 2060 1270 2116 altare
1295 2063 1448 2116 bonze
1480 2061 1772 2115 voluntatis
1807 2059 1936 2126 Deo,
1961 2060 2052 2130 qui
2081 2059 2150 2113 ti-

562 2152 619 2209 bi
664 2152 916 2208 inclaruit
946 2164 1004 2207 ut
1040 2152 1292 2209 ati‘ectum
1329 2153 1603 2209 carnalem
1643 2152 1929 2223 effugeres,
1963 2153 2015 2206 in
2047 2167 2154 2222 quo

562 2245 780 2316 piorum
816 2255 1034 2302 actuum
1065 2247 1334 2303 sacriﬁcia
1365 2231 1636 2303 immolas.
1657 2248 1846 2318 (Vsus.
1878 2247 1957 2316 2.)
1985 2243 2152 2300 Jacob

561 2356 679 2394 vero
721 2350 1000 2396 convocata
1043 2342 1184 2394 omni
1227 2342 1380 2395 domo
1427 2360 1546 2406 sua,
1579 2342 1650 2395 ait
1696 2358 1714 2391 :
1758 2340 1981 2409 Abjicite
2030 2339 2154 2394 deos

561 2429 759 2485 alienos
782 2471 798 2497 ,
827 2431 915 2501 qui
957 2431 1012 2485 in
1049 2431 1218 2486 medio
1244 2432 1399 2485 vestri
1442 2441 1582 2496 sunt,
1612 2440 1659 2486 et
1691 2429 2043 2492 ntundautiui,
2093 2447 2154 2484 ac

561 2531 760 2574 mutate
818 2523 1122 2576 vestimenta
1172 2533 1362 2577 vestra.
1405 2519 1535 2576 Post
1583 2520 1770 2576 altaris
1821 2521 2152 2576 ercctionein

562 2628 725 2682 quam
767 2623 1163 2684 proposuerat,
1191 2614 1410 2670 domum
1458 2621 1736 2676 convocat,
1777 2613 1900 2683 quia
1941 2626 2154 2666 morum

565 2719 631 2760 ac
663 2705 827 2760 totius
871 2706 1225 2777 cogitationis
1269 2706 1636 2777 dispersiones
1674 2704 1872 2760 frenat.
1907 2704 2151 2774 Abjicite,

563 2795 763 2868 inquit,
786 2812 872 2863 ea,
905 2798 1102 2868 quibus
1137 2807 1391 2869 tanquam
1416 2797 1721 2853 simulacris
1750 2795 2153 2862 inserviebatis,

564 2887 697 2942 vitia
735 2904 855 2958 qua:
891 2890 942 2942 in
973 2889 1140 2942 medio
1165 2891 1318 2942 vestri
1349 2896 1527 2949 erant,
1551 2887 1608 2942 ld
1639 2898 1744 2953 est,
1786 2887 2037 2940 thronum
2072 2901 2156 2940 re-

563 2977 658 3050 gni
690 2976 744 3032 in
775 2989 952 3034 vestra
985 2985 1166 3034 mente
1191 2979 1466 3044 tenebant,
1505 2987 1549 3032 et
1581 2977 1911 3032 mmidamini
1945 2977 1996 3031 in
2027 2992 2156 3032 con-

564 3070 792 3125 scientia
813 3112 826 3136 ,
855 3088 916 3125 ac
949 3081 1148 3126 mutate
1188 3087 1414 3142 Operum
1458 3072 1844 3142 integumenta.
1879 3072 2067 3144 (Vens.
2098 3072 2152 3138 5,

566 3151 646 3235 4.)
683 3162 918 3236 Surgite,
945 3165 1290 3220 ascendamus
1321 3165 1373 3218 in
1405 3164 1606 3232 Bethel,
1641 3174 1698 3219 ut
1724 3180 1886 3234 supra
1917 3165 2152 3235 positum

565 3231 668 3312 est.
697 3231 966 3312 Dederurnt
995 3255 1042 3311 ei
1082 3258 1204 3311 deos
1254 3256 1454 3311 alienos
1485 3231 1614 3326 quos
1641 3231 1935 3322 habebant;
1977 3257 2028 3311 id
2075 3267 2158 3314 est
2185 3231 2229 3292 ε

564 3350 697 3404 vitia
726 3347 1038 3404 obtulerunt
1065 3349 1262 3403 rationi
1288 3349 1673 3403 consumenda.
1708 3349 1973 3404 Dederunt
2011 3351 2156 3405 enim

568 3441 788 3507 dicitur,
836 3459 941 3497 non
995 3443 1342 3506 restiterunt;
1379 3442 1508 3496 deos
1561 3449 1741 3497 autem
1771 3443 2000 3498 crimina
2029 3443 2158 3508 dici,

568 3535 727 3588 testis
758 3541 838 3588 est
863 3534 1124 3604 psalmus.
1156 3532 1218 3588 Si
1239 3533 1492 3598 audieris,
1522 3532 1714 3603 inquit,
1745 3550 1824 3587 me
1851 3550 1956 3596 non,
1983 3534 2078 3587 erit
2105 3535 2161 3588 in

571 3629 620 3680 le
644 3625 768 3679 deus
794 3643 969 3680 recens
999 3625 1172 3698 (Psal.
1203 3644 1377 3694 Lxxx,
1412 3625 1521 3696 10).
1553 3627 1778 3683 Inaures
1811 3639 1993 3684 autem
2035 3629 2162 3684 deo-

570 3733 693 3772 rum
735 3726 858 3772 sunt
898 3717 1226 3784 obcdientia,
1263 3736 1364 3789 qua
1395 3722 1632 3790 peccatis
1660 3721 2160 3790 obtemperabatur.

571 3803 637 3862 At
670 3807 757 3861 ille
791 3807 981 3878 infodit
1011 3827 1072 3864 ea
1118 3811 1294 3865 subter
1333 3813 1710 3879 (erebiut/tunt,
1751 3829 1872 3882 qua:
1917 3822 2002 3868 est
2044 3823 2164 3883 post

571 3899 761 3954 urbem
791 3897 1026 3956 Sichem.
1063 3903 1354 3972 Postquam
1386 3905 1604 3962 Sichem
1624 3946 1638 3970 ,
1663 3905 1714 3960 id
1745 3915 1829 3960 est
1855 3906 2165 3960 invidentia:

572 3989 814 4047 laborem
844 3997 1446 4065 postponimusdcos,id
1470 4006 1550 4052 est
1572 3998 1800 4053 crimina
1829 4013 1950 4050 cum
1977 4013 2165 4052 eorum

573 4083 878 4152 inauribus,
911 4087 1162 4143 videlicet
1193 4089 1618 4155 obcditionibus,
1647 4090 1835 4145 subter
1861 4089 2167 4160 amplitudi-

575 4193 698 4231 nem
733 4176 1194 4249 l‘ragrantiainque
1224 4181 1510 4235 charitatis
1557 4180 1976 4247 abscondimus;
2026 4189 2166 4237 tere-

573 4267 798 4324 binthus
834 4271 978 4326 enim
1012 4271 1118 4327 lata
1143 4282 1197 4328 et
1222 4273 1496 4329 odorifera
1529 4273 1691 4328 arbor
1721 4282 1826 4329 est.

651 4359 813 4416 Vens.
847 4361 900 4417 5.
926 4394 996 4404 -—
1026 4361 1273 4435 Cumque
1295 4365 1514 4435 profecti
1544 4375 1732 4432 essent,
1763 4377 1931 4420 terror
1963 4366 2056 4423 Dei
2087 4369 2169 4422 in-

571 4453 704 4509 vasit
741 4472 918 4510 omnes
953 4473 1043 4525 per
1078 4458 1353 4510 circuitum
1387 4457 1639 4522 civitates,
1673 4469 1720 4513 et
1755 4475 1858 4513 non
1891 4470 2014 4513 sunt
2052 4463 2167 4516 ausi

2253 585 2529 656 proposito
2563 595 2763 640 statum
2810 587 3018 644 fundat.
3052 589 3276 644 Domum
3304 588 3397 644 Dei
3429 589 3680 658 appellat,
3708 593 3816 660 quia

2251 679 2396 748 piam
2426 677 2766 734 aﬂectionem
2807 679 3142 734 solummodo
3173 692 3352 751 aptam
3391 679 3458 734 ad
3487 678 3595 736 Deo
3621 696 3820 738 mancu-

2253 773 2379 829 dum
2423 776 2685 841 aestimat;
2735 774 2806 828 ibi
2851 775 3017 838 enim,
3055 774 3109 830 id
3150 783 3232 830 est
3263 790 3366 846 per
3407 775 3548 830 hanc
3590 775 3817 832 inclaruit

2253 865 2429 921 eidem
2463 867 2623 932 Deus,
2656 882 2777 922 cum
2809 866 3081 922 carnalem
3115 866 3331 923 timeret
3363 865 3634 922 aﬁ‘ectum.

2330 958 2491 1013 Vnus.
2517 957 2570 1012 8.
2595 987 2662 1000 --
2693 956 2892 1012 Eodem
2919 967 3150 1028 tempore
3175 967 3381 1012 mortua
3411 967 3482 1012 est
3517 956 3713 1010 Debora
3738 976 3824 1016 utt-

2253 1048 2359 1104 tria:
2386 1047 2655 1114 Rebeccae,
2681 1058 2730 1103 et
2753 1049 2954 1118 sepulta
2985 1048 3051 1101 ad
3074 1048 3276 1102 radices
3296 1046 3476 1100 Bel/ie!
3498 1047 3669 1100 subter
3686 1065 3822 1117 quer-

2255 1157 2406 1208 cum;
2450 1153 2786 1213 vocatumque
2815 1150 2890 1196 est
2918 1157 3106 1198 nomen
3144 1141 3245 1195 loci
3297 1139 3533 1206 Quercus
3565 1141 3730 1209 ﬂetus.
3773 1143 3822 1196 In

2255 1234 2360 1289 hac
2391 1234 2506 1304 ipsa
2540 1235 2644 1304 pia:
2684 1234 3003 1288 intentionis
3029 1233 3309 1302 temperie,
3339 1231 3571 1286 moritur
3611 1233 3822 1288 carnalis

2254 1327 2525 1393 stimulus,
2551 1326 2642 1396 qui
2673 1327 2891 1397 quidem
2925 1325 3262 1380 dulcedinem
3299 1324 3518 1394 praefert
3544 1339 3688 1378 more
3715 1341 3822 1396 sug-

2255 1418 2534 1488 gestionis,
2568 1417 2662 1473 sed
2697 1417 3112 1472 amaritudinem
3156 1417 3315 1471 habet
3350 1431 3510 1486 quam
3554 1415 3823 1472 maximam

2257 1510 2309 1566 in
2354 1519 2600 1566 extremo
2639 1526 2736 1581 per
2773 1509 3023 1566 ellectum
3069 1509 3336 1564 criminis.
3367 1507 3576 1562 Debura
3617 1523 3825 1578 namque

2257 1605 2456 1660 dicitur
2479 1606 2620 1676 apis,
2641 1604 2786 1660 unde
2807 1603 3025 1660 Boetius
3046 1601 3145 1673 (De
3167 1601 3420 1658 consolat.
3439 1600 3629 1672 philos.
3645 1599 3735 1658 lib.
3752 1616 3821 1669 ιιι,

2258 1708 2432 1766 metro
2463 1699 2518 1770 7)
2549 1713 2564 1754 :

2545 1782 2716 1844 Habet
2747 1789 2842 1843 hoc
2871 1786 3104 1858 voluptas
3135 1786 3326 1854 omnis,

2545 1879 2788 1936 Stimulis
2813 1878 2921 1949 agit
2948 1879 3206 1947 furentes,

2542 1980 2834 2048 Apiumque
2869 1993 2967 2046 par
2995 1975 3262 2030 volantum

2540 2050 2640 2126 Ubi
2669 2081 2823 2142 grata
2853 2069 3012 2124 mella
3041 2070 3202 2138 fudit,

2539 2163 2724 2237 Fugit,
2754 2175 2802 2220 et
2838 2166 2992 2220 nimis
3023 2163 3193 2219 tenaci

2535 2255 2683 2312 Ferit
2711 2259 2819 2312 ictu
2844 2258 3004 2311 corda
3033 2269 3234 2310 morsu.

2257 2349 2383 2405 Haec
2414 2349 2713 2406 stimulatio
2744 2350 2915 2405 nutrit
2947 2349 3271 2414 Rebeccam,
3313 2346 3366 2402 id
3397 2352 3482 2401 est
3512 2343 3828 2414 patientiam,

2256 2441 2378 2510 quia
2428 2440 2628 2496 talibus
2668 2443 2969 2496 exercitata
3002 2439 3278 2496 coalescit.
3311 2439 3393 2492 Ad
3430 2438 3632 2492 radices
3670 2435 3831 2491 Bethel

2258 2531 2544 2600 sepelitur,
2575 2531 2702 2600 quia
2749 2532 2849 2586 sub
2877 2531 3064 2587 divino
3092 2531 3306 2596 timore,
3335 2530 3426 2601 qui
3469 2529 3620 2584 radis
3659 2529 3834 2584 domus

2257 2624 2353 2680 Dei
2392 2635 2497 2690 est,
2539 2623 2985 2680 constabiliendae
3029 2623 3356 2679 reconditur.
3387 2620 3579 2677 Subter
3605 2637 3834 2692 quercum

2257 2719 2497 2789 ponitur,
2531 2718 2659 2774 dum
2700 2728 2963 2788 perpetua
2993 2715 3344 2787 negligentia,
3374 2724 3427 2768 et
3476 2713 3668 2785 agresti
3716 2725 3837 2782 qus-

2258 2815 2382 2868 dam
2409 2811 2842 2881 despicabilitate
2865 2811 3212 2880 deprimitur.
3238 2808 3386 2864 Talis
3405 2809 3569 2863 arbor
3585 2821 3836 2875 nusquam

2259 2907 2364 2962 nisi
2389 2923 2418 2960 a
2447 2905 2627 2976 porcis
2656 2905 2876 2973 petitur.
2910 2902 3017 2958 Sed
3049 2903 3172 2972 quia
3202 2902 3344 2956 hanc
3383 2899 3531 2956 solus
3558 2896 3838 2968 paenitudi-

2259 3000 2342 3055 nis
2392 3000 2551 3055 debet
2597 2997 2753 3053 dolor
2801 2997 3067 3060 invisere,
3121 2996 3392 3062 Quercum
3445 2993 3602 3049 ﬂetus
3649 2991 3842 3064 placuit

2259 3092 2556 3163 appellare.

2337 3185 2502 3240 Vens.
2526 3183 2580 3249 9,
2607 3182 2692 3238 10.
2715 3189 2787 3224 -‘-
2811 3179 3068 3250 Apparuit
3091 3187 3265 3233 autem
3290 3176 3429 3231 Deus
3452 3177 3636 3230 iterum
3662 3171 3840 3238 Iacob,

2261 3284 2535 3344 postquam
2571 3287 2803 3326 reuersus
2839 3280 2913 3324 est
2957 3269 3022 3324 de
3065 3268 3449 3336 Mesopotamia
3481 3264 3672 3336 ενι-ιω,
3709 3264 3843 3318 bene-

2263 3366 2494 3437 dixitque
2522 3365 2588 3426 ei,
2615 3364 2792 3417 dicens
2818 3376 2834 3414 :
2863 3359 2986 3416 Non
3013 3359 3280 3415 vocaberis
3309 3358 3450 3411 ultra
3477 3355 3662 3420 Jacob,
3689 3365 3744 3408 et
3767 3369 3843 3421 ap—

2263 3458 2469 3530 pellavit
2494 3473 2608 3511 eum
2635 3455 2826 3511 Israel.
2861 3454 2938 3508 De
2963 3451 3345 3522 Mesopotamia
3379 3449 3572 3514 Syriae,
3606 3449 3658 3502 id
3681 3457 3768 3502 est
3789 3446 3844 3500 dc

2263 3550 2692 3615 vocatione,quae
2717 3561 2814 3600 nos
2838 3543 3310 3606 abimiselevat,et
3330 3539 3650 3597 sublimibus
3674 3536 3840 3605 infert,

2266 3640 2334 3694 ab
2365 3639 2578 3692 invidia:
2600 3636 2796 3690 ﬁnibus
2817 3635 2978 3690 habet
3005 3634 3230 3704 Spiritus
3257 3641 3442 3687 noster
3469 3629 3841 3691 reversionem,

2265 3729 2356 3785 ubi
2390 3729 2584 3782 itermn
2628 3741 2723 3796 per
2759 3726 2946 3795 gratiae
2987 3724 3463 3794 ampliﬁcationem
3503 3729 3557 3776 et
3602 3735 3703 3790 per
3733 3735 3843 3775 cou-

2271 3817 2637 3889 teniplationis
2680 3816 3098 3872 illustrationem
3131 3815 3274 3871 Deus
3304 3813 3406 3868 sibi
3438 3819 3691 3882 apparet,
3722 3817 3774 3863 ut
3797 3809 3846 3864 in

2268 3914 2446 3983 prima
2472 3909 2812 3979 apparitione
2833 3909 3161 3978 corrigatur,
3185 3908 3238 3961 in
3262 3905 3494 3961 secunda
3521 3919 3644 3973 quae
3667 3903 3846 3957 amissa

2264 4000 2448 4058 luerat
2475 4001 2653 4072 gratia
2685 4010 2988 4070 reparetur.
3022 3997 3166 4063 Non,
3201 3997 3398 4066 inquit,
3431 3995 3574 4049 ultra
3605 3994 3846 4049 vitiorqu

2269 4095 2656 4150 luctamiuibus
2689 4091 3008 4161 jactaberis,
3048 4091 3190 4160 quod
3228 4099 3334 4154 εει,
3371 4087 3538 4143 Jacob
3573 4085 3844 4147 vocaberis,

2269 4189 2358 4244 sed
2389 4187 2558 4242 Israel
2587 4185 2692 4241 erit
2722 4185 2818 4240 tibi
2851 4199 3072 4246 nomen,
3101 4183 3157 4238 id
3193 4191 3277 4237 εει
3317 4181 3581 4236 virtutum
3623 4177 3848 4249 potentia

2270 4298 2393 4338 eum
2417 4281 2528 4335 Duo
2550 4277 3164 4350 principaberis.(Veus.
3181 4277 3292 4348 11.)
3319 4275 3432 4347 Ego
3458 4276 3598 4330 Deus
3630 4275 3849 4343 omnipo-

2271 4381 2414 4435 tens,
2459 4381 2574 4426 etc.
2610 4370 2762 4436 Quod
2812 4378 2896 4424 est
2941 4368 3168 4424 dicere:
3202 4368 3259 4421 Si
3304 4367 3734 4436 omnipotentem
3777 4375 3850 4416 me

2271 4462 2472 4525 credis,
2509 4477 2576 4515 ne
2601 4459 2811 4514 diﬂidas
2836 4469 3044 4530 gentes,
3074 4468 3128 4513 et
3156 4460 3380 4530 pupulas
3406 4459 3690 4514 nationum
3714 4471 3776 4511 ex
3807 4465 3849 4507 te

571 4548 816 4618 prosequi
870 4549 1181 4604 recedentes.
1237 4550 1370 4605 Cum
1431 4552 1498 4604 ad
1550 4550 1719 4606 Deum
1774 4553 2168 4624 proﬁciscimur
2198 4583 2244 4642 ο
2274 4555 2503 4609 futuros.
2539 4552 2740 4607 Gentes
2769 4552 2978 4607 scilicet
3021 4553 3299 4616 vitiorum,
3333 4559 3386 4606 et
3414 4549 3644 4623 populos
3674 4554 3850 4618 sponte

575 4653 769 4693 sensus
811 4639 1128 4706 exteriores,
1161 4639 1356 4709 quibus
1398 4641 1567 4698 indita
1611 4654 1736 4698 sunt
1770 4645 1906 4700 livor
1931 4656 1982 4702 et
2016 4648 2167 4716 cupi-

578 4729 792 4793 ditates,
825 4732 912 4800 qui
961 4733 1124 4787 etiam
1162 4731 1215 4787 in
1247 4735 1416 4788 nostri
1449 4736 1678 4792 circuitu
1724 4739 1878 4808 quasi
1919 4740 2168 4810 quaedam

573 4833 697 4879 sunt
755 4825 914 4893 positi
965 4824 1248 4892 civitates,
1297 4825 1392 4880 Dei
1441 4829 1634 4884 timore
1678 4842 2020 4900 premuntur,
2066 4848 2168 4888 nec

573 4921 774 4974 audent
827 4919 933 4974 vim
984 4918 1188 4974 inferre
1233 4935 1356 4974 cum
1404 4923 1714 4978 eurumdem
1761 4924 2032 4980 desideria
2083 4943 2168 4982 re-

573 5022 860 5082 spuuntur.
889 5012 1078 5082 (Vens.
1095 5010 1172 5082 6.)
1215 5009 1357 5066 Venit
1383 5029 1503 5084 ergo
1521 5014 1684 5068 Jacob
1712 5015 1932 5083 Lusum,
1953 5035 2068 5088 quia
2092 5028 2168 5073 est

569 5107 631 5161 in
655 5115 794 5160 terra
827 5105 1115 5172 Chanaan,
1140 5117 1477 5176 cognomento
1507 5106 1720 5174 Betltel;
1764 5109 1873 5178 ipse
1913 5119 1960 5164 et
2001 5111 2166 5166 omnis

573 5197 796 5267 populus
827 5216 944 5252 cum
985 5214 1065 5252 eo.
1117 5196 1264 5253 Luza
1311 5198 1510 5254 dicitur
1563 5200 1920 5271 amygdalum.
1980 5201 2168 5258 Bethel

574 5289 763 5342 domus
799 5288 911 5342 Dei.
952 5288 1208 5344 Chanaan
1239 5299 1462 5344 mutata.
1503 5290 1670 5345 Iacob
1719 5291 1784 5345 ad
1825 5294 2168 5365 amygdalum

572 5383 735 5446 venit,
767 5396 886 5434 cum
926 5380 1146 5450 Spiritus
1193 5392 1378 5437 noster
1412 5398 1510 5452 per
1541 5385 1838 5454 passiones,
1873 5395 1928 5442 et
1967 5388 2168 5442 amari-

575 5471 795 5527 tudines
827 5468 1156 5538 corporales,
1199 5485 1262 5525 ac
1298 5471 1343 5528 si
1371 5473 1591 5528 corticis
1624 5474 1689 5529 ad
1726 5476 1951 5530 internae
1988 5475 2170 5532 dulce-

576 5561 720 5618 dinis
746 5559 997 5615 nucleum
1029 5562 1315 5630 pertingit;
1347 5564 1488 5632 quod
1521 5573 1700 5620 tamen
1731 5567 1782 5622 in
1817 5577 1982 5634 terra,
2007 5569 2058 5623 id
2087 5578 2170 5624 cst

575 5652 632 5708 in
665 5660 844 5706 mente
869 5651 980 5721 jam
1011 5651 1235 5707 cultihili
1261 5669 1320 5710 ac
1345 5665 1546 5712 mutata
1579 5658 1656 5725 ﬁt,
1687 5669 1888 5715 mutata
1918 5661 2170 5718 videlicet

577 5746 644 5802 ad
676 5747 803 5814 hoc,
837 5755 893 5799 ut
927 5747 1014 5802 ﬁat
1046 5748 1230 5802 domus
1261 5749 1378 5806 Dei.
1412 5751 1474 5805 Et
1514 5755 1680 5808 omnis
1704 5755 1925 5824 populus
1965 5755 2169 5826 cogita-

573 5837 783 5892 tionum
830 5854 932 5892 non
977 5838 1088 5907 jam
1135 5851 1324 5898 contra
1365 5861 1506 5908 cuin,
1541 5846 1635 5900 sed
1678 5863 1794 5900 eum
1840 5865 1920 5914 eo,
1954 5849 2004 5902 in
2053 5847 2169 5918 ejus

575 5931 789 6012 scilicet
814 5925 1140 5995 adminiculo
1186 5945 1289 5996 est.
1341 5935 1528 6011 (Vsus.
1561 5939 1653 6010 7.)
1692 5940 1871 5996 Attare
1920 5955 2047 6012 ergo
2095 5943 2167 5999 ibi

2271 4647 2545 4704 mentibus
2567 4645 2931 4710 innascentes,
2965 4659 3084 4714 quae
3131 4654 3327 4709 tamen,
3361 4643 3486 4714 quia
3521 4644 3850 4712 omnipotens

2269 4762 2298 4800 a
2338 4754 2389 4799 te
2429 4743 2648 4810 credor,
2677 4742 2983 4811 superabis.
3028 4741 3213 4796 Cresco
3246 4755 3376 4811 ergo
3408 4739 3521 4809 spei
3553 4737 3849 4799 altitudine,

2269 4839 2363 4895 sed
2394 4838 2549 4906 prius
2591 4835 2939 4905 multiplicare
2974 4834 3271 4890 beneﬁciis.
3301 4833 3463 4903 Reges
3508 4833 3656 4887 enim
3699 4829 3852 4884 ratio-

2269 4933 2534 4989 nabilium
2579 4943 2823 4986 motuum
2855 4929 3130 4986 delumbis
3161 4931 3267 4983 tuis
3306 4929 3660 4999 egredientur,
3689 4925 3739 4981 id
3777 4929 3854 4978 est

2269 5026 2336 5081 de
2381 5036 2596 5080 tuarum
2643 5024 2803 5079 insita
2856 5025 3068 5095 origine
3105 5023 3442 5092 voluptatum
3487 5020 3850 5076 earnalitatem

2268 5114 2579 5170 excedenda
2629 5113 2923 5182 procedent
2976 5113 3164 5183 (Vens.
3205 5112 3331 5180 12),
3379 5119 3436 5166 et
3489 5109 3851 5165 terrenitatem

2271 5215 2417 5262 tuam
2439 5208 2596 5263 sicuti
2617 5205 2847 5262 Abrahae
2876 5216 2931 5262 et
2951 5206 3118 5270 Isaac,
3141 5205 3192 5261 id
3215 5212 3299 5261 est
3323 5203 3519 5258 rationi
3551 5212 3603 5256 et
3628 5210 3851 5254 :eterno-

2271 5317 2390 5356 rum
2417 5302 2530 5372 spei
2558 5300 2752 5370 subjici
2779 5301 2957 5365 debet,
2991 5300 3085 5352 tibi
3113 5297 3423 5369 subjiciam,
3448 5305 3496 5350 et
3523 5293 3710 5350 semini
3751 5301 3851 5352 tuo,

2271 5393 2358 5450 his
2377 5393 2586 5449 scilicet
2609 5393 2698 5462 qui
2731 5403 2783 5448 te
2814 5392 3186 5447 imitahuntur.
3217 5389 3537 5462 (Vens.l5.)
3562 5387 3630 5441 Et
3655 5383 3854 5440 recessit

2271 5489 2335 5542 ab
2365 5503 2448 5552 eo,
2479 5502 2604 5542 eum
2636 5485 2846 5540 scilicet
2877 5486 3096 5556 proprio
3127 5484 3452 5539 dimittendo
3491 5483 3743 5539 arbitrio.
3871 5467 3887 5506 -’

2343 5580 2508 5635 Vens.
2539 5580 2627 5646 14,
2662 5579 2750 5634 15.
2777 5607 2851 5622 -
2874 5579 2975 5632 Ille
3016 5595 3134 5632 vero
3163 5578 3324 5633 erexit
3355 5577 3566 5632 titulum
3595 5577 3856 5647 lapideum

2269 5673 2324 5725 in
2352 5671 2464 5725 loco
2495 5687 2598 5740 quo
2625 5671 2826 5726 loctttus
2863 5671 3036 5740 {iterat
3061 5672 3109 5724 ei
3148 5671 3318 5736 Deus,
3355 5671 3529 5726 libans
3564 5687 3727 5742 super
3749 5683 3854 5725 eum

2273 5762 2543 5824 libamina,
2571 5771 2617 5814 et
2645 5761 2916 5829 e/fundens
2959 5760 3127 5815 oleum
3147 5801 3161 5825 ,
3205 5777 3495 5831 vacansque
3538 5777 3732 5818 nomen
3765 5758 3858 5814 loci

2272 5853 2415 5906 it‘lius
2451 5852 2648 5906 Bel/rel.
2703 5852 2909 5908 Titulus
2960 5853 3201 5924 lapideus
3237 5855 3465 5922 erigitur
3512 5857 3564 5908 in
3601 5855 3722 5909 loco
3756 5866 3849 5924 quo
3905 5879 3910 5882 -

2277 5944 2422 6005 Deus
2461 5945 2730 6018 apparuit,
2763 5961 2886 6004 cum
2933 5945 3113 6006 lumen
3155 5945 3492 6015 humilitatis,
3519 5961 3629 6016 qua
3670 5945 3748 6003 nil
3784 5949 3860 6000 est
