3982 6360
161 293 309 357 253
1333 281 1704 346 MORALIUM
1731 279 1802 339 IN
1851 281 2149 343 GENESIN
2175 279 2308 343 LIB.
2342 287 2476 346 VIII.
3406 295 3511 354 εει

165 413 459 482 ﬁrmius,
487 410 544 469 in
572 415 779 478 mente,
807 405 913 467 cui
949 389 1094 466 Deus
1130 421 1194 465 ac
1229 403 1278 463 si
1318 397 1546 477 speciali
1567 402 1691 459 loco
1721 409 1819 457 suo
1845 403 1899 462 Α
1921 407 1983 455 at
2033 403 2301 470 soliditas,
2339 405 2678 474 dnrabilitas,
2715 406 3068 479 ejusdemque
3102 409 3312 480 pondus
3361 423 3518 471 note-3

173 506 498 580 infulgere
544 504 857 572 consuevit,
904 503 1183 560 solidatur.
1229 501 1512 558 Lihamina
1555 508 1610 554 et
1643 497 1824 554 oleum
1926 502 2030 548 tur.
2056 495 2657 570 (Vens.2l.)Egressus
2679 501 2926 568 indeﬁin
2952 501 3346 557 tabernaculum
3369 515 3514 562 trans

179 599 300 657 hic
364 601 680 666 fundimus,
721 615 846 654 cum
893 598 988 654 tali
1039 597 1392 652 fundamento
1445 602 1498 650 ει
1548 593 1820 648 orationes
1919 586 2110 640 turrim
2141 589 2328 658 gregis.
2374 587 2750 662 Turrisgregis
2774 593 3092 648 excellentia
3135 605 3236 661 est,
3271 596 3515 652 indivisa:

177 690 589 763 imponimus,
631 701 686 746 et
722 691 900 745 oleum
940 688 1137 743 divina)
1180 688 1370 758 gratiae
1413 685 1568 739 nobis
1613 682 1819 737 infundi
1923 691 1977 735 et
2005 683 2277 738 unanimis
2323 683 2375 738 in
2425 684 2591 738 Deum
2629 687 2993 757 cogitationis.
3025 687 3347 760 Egredimur
3383 706 3513 748 vero

177 783 552 840 humilitatis
578 782 750 854 ipsius
780 781 973 836 merito
995 775 1326 834 obtinemus.
1359 775 1518 848 134
1550 775 1704 830 Unde
1742 773 1820 830 ste
1922 774 2062 838 inde,
2093 788 2214 828 cum
2263 775 2434 830 evicta
2481 777 2796 846 passionum
2849 783 3095 850 corporis
3136 781 3288 850 quasi
3327 791 3513 852 partus

180 876 430 941 vivere,
459 878 677 932 domum
722 873 962 944 profecto
1003 871 1095 926 Dei
1132 885 1252 926 esse
1285 883 1586 925 censemus.
1625 865 1814 940 (Vens.
1920 867 2818 940 dillicultate,progredimurtrans
2844 866 3237 945 turrim,gregis
3267 875 3514 930 taberna-

189 969 336 1039 16.)
371 968 629 1038 Egressus
657 976 851 1031 autem,
881 966 1015 1020 venit
1055 981 1208 1019 verno
1244 975 1469 1032 tempore
1513 962 1582 1015 ad
1624 970 1819 1015 terram

185 1075 340 1130 quae
365 1061 507 1114 ducit
536 1057 854 1128 Ephrtuam.
881 1057 1202 1129 Egredimur
1226 1072 1380 1110 verno
1410 1065 1661 1125 tempore.
1692 1069 1818 1108 cum

189 1149 362 1206 ﬁnes
396 1149 788 1206 desideriorum
821 1149 1004 1204 carnis
1033 1149 1364 1212 exeedimus,
1398 1147 1560 1201 divini
1593 1145 1818 1216 spiritus

193 1242 382 1297 nobis
413 1240 591 1296 infuso
621 1239 819 1295 calore.
851 1241 934 1294 Ad
964 1249 1154 1294 terram
1188 1257 1304 1312 qua:
1335 1240 1477 1293 ducit
1521 1236 1816 1310 Ephratam

195 1335 494 1401 venimus,
524 1334 648 1388 dum
701 1333 768 1388 ad
813 1333 1138 1388 soliditatem
1181 1333 1369 1398 animi,
1401 1349 1504 1404 qua
1545 1332 1610 1387 ad
1649 1329 1818 1404 frugi-

197 1421 394 1478 feram
423 1423 616 1478 divinae
648 1423 864 1477 venitur
900 1422 1246 1494 cognitionis,
1291 1423 1564 1493 regionem
1609 1422 1814 1492 pertin-

200 1515 420 1586 gimus.
453 1513 520 1568 In
561 1531 663 1584 qua
693 1529 810 1568 cum
836 1517 1120 1584 parturiret
1165 1514 1362 1568 Rachel
1411 1513 1598 1586 (Vens.
1630 1513 1718 1580 I7)
1753 1513 1814 1568 ob

194 1606 574 1678 diﬁicultatem
603 1617 786 1677 partus
809 1607 1098 1677 periclitari
1127 1609 1296 1678 carpit.
1327 1607 1530 1662 Rachel
1557 1607 1811 1677 parturit,

190 1713 337 1754 cum
371 1699 435 1751 ad
472 1713 675 1764 veram,
725 1714 844 1768 quae
890 1695 1034 1754 Deus
1071 1707 1173 1765 est,
1223 1698 1428 1769 frugem
1469 1699 1643 1754 virtus
1679 1715 1813 1754 con-

1921 960 2097 1016 culum
2149 961 2332 1033 ﬁgere,
2363 961 2544 1018 id'est
2586 963 2726 1016 ultra
2768 979 2983 1018 omnem
3033 966 3430 1038 imaginariam,
3458 974 3514 1024 et

1921 1054 2072 1124 quasi
2099 1055 2403 1124 gregariam
2431 1053 2564 1121 vim,
2593 1054 2646 1108 in
2674 1054 2850 1124 ipsum
2874 1056 3041 1110 Deum
3066 1057 3236 1112 aciem
3263 1059 3515 1129 spiritua-

1921 1146 1986 1204 lis
2013 1149 2176 1202 animi
2205 1139 2504 1220 porrigere.

1910 1289 1921 1296 .
1997 1240 2154 1296 Vens.
2187 1235 2276 1295 2‘2.
2301 1269 2373 1282 --
2394 1239 2631 1311 Cumque
2657 1240 2916 1294 habitaret
2937 1242 2992 1295 in
3017 1240 3110 1296 illa
3134 1241 3361 1312 regione,
3385 1244 3514 1300 abiit

1920 1333 2127 1401 Ruben,
2158 1343 2203 1388 et
2245 1336 2486 1389 dormivit
2528 1351 2644 1388 cum
2685 1333 2820 1389 Bala
2864 1335 3151 1389 concubina
3191 1335 3512 1404 patrissui;

1919 1428 2058 1498 quod
2100 1427 2252 1481 illuni
2298 1427 2514 1481 minime
2557 1427 2734 1479 latuit.
2769 1426 2957 1481 Ruben
2999 1427 3198 1482 dicitur
3233 1425 3411 1481 uidens
3457 1426 3512 1480 in

1918 1518 2127 1582 medio;
2166 1516 2316 1585 Bala,
2359 1518 2668 1572 inveterata.
2718 1514 2851 1572 Cum
2901 1517 2954 1570 in
2997 1531 3241 1586 superate
3286 1514 3512 1570 visionis

1917 1609 2088 1664 nobili
2119 1609 2204 1662 illa
2249 1608 2472 1678 regione
2503 1623 2800 1673 moramur,
2835 1606 3102 1661 rectitude
3142 1605 3513 1674 intelligentiae

1917 1711 2149 1768 nostrae,
2194 1716 2314 1771 quae
2357 1715 2461 1756 nec
2491 1700 2572 1755 .ad
2627 1699 2941 1763 dexteram,
2986 1713 3088 1752 nec
3127 1697 3193 1752 ad
3236 1697 3512 1752 sinistram

192 1787 586 1858 tetnplationis
640 1759 887 1856 inhians,
940 1804 1063 1845 cum
1115 1759 1432 1844 dillicul‘late
1483 1803 1702 1858 magna,
1755 1759 1888 1843 etB
1918 1759 2148 1852 devians'
2185 1759 2362 1850 media
2411 1802 2556 1849 tenet
2597 1801 2652 1848 et
2702 1759 2982 1863 providet,
3029 1807 3148 1861 quae
3192 1806 3290 1861 per
3324 1791 3512 1846 Ruben

192 1881 518 1952 periculosa
573 1882 737 1936 etiam
797 1879 1086 1952 aliquando
1155 1882 1539 1954 defat’gatione
1606 1883 1807 1948 animi,

196 1971 442 2027 visionis
480 1973 708 2027 interna:
755 1973 1005 2028 eﬂ‘ectum
1039 1976 1251 2044 assequi
1282 1976 1450 2044 cupit.
1484 1973 1589 2030 Sed
1622 1975 1810 2030 obste-

199 2061 326 2118 trix
371 2079 492 2133 quae
537 2064 740 2120 nostris
792 2065 929 2120 solet
977 2065 1198 2120 obstare
1256 2066 1543 2135 periculis,
1603 2063 1811 2120 scilicet

199 2155 380 2222 ratio,
412 2166 646 2211 mentem
677 2173 744 2212 ne
773 2156 962 2212 timeat
989 2157 1262 2224 hortatur,
1301 2158 1427 2230 quia
1459 2174 1526 2213 ne
1567 2175 1593 2212 a
1632 2166 1813 2230 coepto

199 2245 466 2316 refugiat,
494 2247 561 2301 de
603 2248 790 2302 aeterni
833 2248 1038 2322 fructus
1064 2249 1218 2318 quasi
1249 2249 1313 2304 de
1344 2249 1441 2304 lilii
1479 2249 1661 2305 futura
1692 2249 1811 2305 ani-

202 2353 362 2392 mum
391 2337 437 2394 si
467 2341 898 2409 perseveraverit
933 2339 1276 2413 possessione
1307 2344 1530 2399 solatur.

282 2429 448 2487 Vsus.
476 2434 562 2488 18.
594 2463 666 2474 -
693 2429 1007 2504 Egrediente
1041 2445 1214 2488 autem
1239 2436 1417 2488 anima
1461 2452 1570 2504 prce
1601 2433 1801 2503 dolore,

201 2529 257 2576 et
298 2521 598 2577 imminente
630 2523 747 2592 jam
779 2534 960 2588 morte,
992 2525 1188 2578 vocavit
1233 2539 1417 2579 nomen
1458 2525 1560 2594 ﬁlii
1589 2527 1672 2581 sui
1706 2525 1808 2580 Be-

202 2609 357 2676 noni,
389 2611 446 2666 id
487 2623 560 2667 est
602 2613 746 2683 ﬁlius
771 2614 968 2669 doloris
999 2615 1120 2670 mei.
1152 2614 1287 2671 Cum
1337 2631 1435 2671 nos
1465 2615 1634 2673 Deum
1675 2633 1808 2673 con-

205 2703 507 2774 templandi
556 2704 770 2760 devotio
821 2713 995 2776 urget,
1042 2721 1154 2775 pm
1199 2706 1408 2774 dolore,
1449 2712 1573 2779 quia
1609 2723 1805 2780 panem

207 2793 336 2848 vitae
370 2809 524 2849 mens
561 2795 828 2866 attingere
857 2811 964 2850 non
998 2797 1276 2867 praevalet,
1305 2799 1482 2853 anima
1507 2802 1803 2870 egreditur;

209 2898 438 2940 necesse
466 2893 550 2940 est
580 2885 724 2940 enim
774 2895 834 2940 ut
873 2887 1125 2944 animalis
1151 2903 1342 2946 sensus
1385 2907 1414 2944 a
1447 2894 1612 2948 corde
1638 2908 1805 2948 exua-

211 2985 320 3041 tur,
353 2987 408 3032 et
442 2977 621 3034 saeculi
653 2979 961 3046 desideriis,
995 2981 1047 3035 in
1081 2992 1344 3053 quantum
1376 2987 1652 3055 praevalet,
1689 3003 1805 3043 mo-

210 3069 407 3126 riatur.
439 3071 591 3127 Unde
623 3071 690 3126 ab
719 3073 834 3142 ipsa
887 3081 1076 3139 matre,
1111 3077 1320 3132 scilicet
1365 3079 1652 3146 charitate,
1686 3097 1805 3152 qua:

210 3159 355 3218 inter
403 3163 698 3231 virtutum,
736 3166 935 3236 quibus
989 3167 1207 3224 insudat
1255 3171 1396 3226 fetus
1447 3173 1806 3244 ingemiscens

214 3259 450 3326 parturit
493 3274 666 3328 usque
707 3260 884 3314 adhuc
916 3259 1095 3332 (Rom.
1134 3279 1254 3329 VIII,
1291 3265 1405 3335 22),
1439 3273 1599 3320 tantae
1629 3267 1808 3338 gravi-

212 3347 421 3416 tudinis
467 3347 708 3413 eﬂ‘ectus,
736 3359 963 3404 vocatur
1004 3350 1200 3407 doloris
1239 3354 1404 3422 ﬁlius,
1451 3358 1545 3410 sed
1592 3357 1807 3414 divinus

212 3436 550 3504 intellectus,
595 3439 747 3510 cujus
777 3449 1033 3511 tanquam
1078 3444 1189 3498 veri
1239 3445 1410 3516 patris
1457 3447 1673 3502 sincero
1721 3465 1808 3506 se-

215 3528 362 3584 mine
413 3530 657 3586 charitas
709 3533 1120 3604 impraegnatnr,
1154 3538 1321 3594 filium
1376 3541 1612 3596 dextera:
1661 3543 1807 3600 Inmc

211 3619 464 3688 appellat,
493 3621 616 3690 quia
637 3623 907 3695 'quithuid
935 3629 1034 3683 sub
1063 3629 1178 3699 ipso
1217 3647 1316 3702 per
1343 3632 1668 3690 charitatem
1714 3651 1808 3706 ge-

207 3709 370 3775 ritur,
394 3711 632 3768 dextera:
657 3717 845 3770 :eterni
872 3719 1022 3789 regni
1046 3720 1262 3776 militat.
1298 3721 1485 3794 (Vsus.
1517 3725 1627 3797 l9.)
1658 3725 1806 3782 Mor-

208 3813 300 3859 tua
326 3813 400 3859 est
431 3804 628 3861 Rachel
657 3818 702 3862 et
736 3809 940 3880 sepulta
970 3813 1024 3868 in
1055 3815 1141 3870 via
1174 3833 1293 3886 qua:
1317 3817 1458 3872 ducit
1488 3815 1800 3889 Ephratam.

213 3894 348 3963 Quia
383 3911 518 3966 opus
543 3907 646 3964 est,
672 3910 932 3968 quantum
960 3903 1026 3957 ad
1056 3905 1239 3961 sreculi
1273 3907 1535 3962 ambitum
1569 3920 1800 3980 spectat,

211 3986 347 4040 mori
379 3988 640 4054 animam,
673 3991 869 4046 visioni
901 3990 1213 4050 Conditoris
1245 3997 1532 4064 intentam,
1565 4011 1620 4055 et
1647 4018 1804 4073 sepe-

209 4074 320 4143 liri,
357 4078 408 4132 id
452 4089 535 4134 est
578 4081 837 4136 abscondi
870 4099 898 4137 a
939 4083 1141 4140 forensi
1189 4089 1436 4160 strepitu,
1473 4090 1525 4144 in
1560 4090 1800 4158 Christo,

211 4168 297 4236 qui
351 4177 434 4223 est
480 4171 596 4236 via;
655 4173 984 4244 consepultis
1033 4177 1178 4232 enim
1227 4179 1276 4233 ei
1326 4181 1485 4235 datur
1534 4181 1805 4255 frugiferae

215 4257 476 4328 regionis,
521 4262 639 4334 ejus
674 4266 924 4323 videlicet
965 4269 1288 4338 divinitatis,
1330 4289 1553 4343 pascua.
1591 4275 1804 4334 Ducunt

213 4361 387 4406 autem
441 4355 509 4409 ad
555 4357 695 4414 hanc
740 4359 1139 4418 conformitatis
1186 4365 1356 4437 ipsius
1403 4369 1657 4440 vestigia,
1712 4369 1802 4426 ubi

1914 1889 2180 1958 signatur,
2215 1903 2243 1940 a
2275 1887 2364 1958 pio
2402 1886 2646 1941 contuitu
2677 1886 2811 1948 abit,
2850 1893 2903 1939 et
2949 1885 3002 1938 in
3038 1885 3217 1953 aliqua
3245 1892 3511 1950 veterum,

1915 1979 1966 2032 id
1999 1987 2084 2031 est
2112 1976 2492 2046 temporalium
2534 1991 2712 2031 rerum
2762 1975 3037 2046 voluptate
3073 1974 3352 2044 torpescit.
3384 1973 3514 2038 Quze

1915 2067 2204 2121 concubina
2242 2067 2406 2135 patris
2437 2066 2655 2130 dicitur,
2685 2065 2812 2134 quia
2853 2065 3022 2133 ipsius
3058 2064 3382 2127 intellectus,
3419 2061 3511 2131 qui

1914 2173 2009 2213 rex
2042 2167 2096 2212 et
2123 2167 2280 2227 pater
2318 2157 2476 2210 nobis
2506 2164 2612 2218 est,
2637 2156 2936 2210 auctoritas
2961 2169 3089 2224 erga
3130 2155 3270 2208 hanc
3299 2151 3511 2206 adulte-

1913 2251 2034 2306 rinc
2063 2249 2222 2303 nimis
2247 2247 2480 2302 allicitur
2508 2264 2522 2301 :
2547 2247 2638 2316 qui
2671 2255 2850 2301 tamen
2883 2245 3134 2300 incursus
3165 2243 3376 2296 Patrem
3408 2241 3510 2296 mi-

1913 2343 2060 2398 nime
2093 2341 2244 2408 latet,
2276 2343 2402 2411 quia
2426 2339 2601 2396 ﬂuxus
2641 2340 2722 2396 sui
2751 2338 2968 2393 foeditas
2999 2336 3212 2406 spiritui
3250 2335 3369 2389 luce
3399 2333 3508 2390 cla-

1911 2435 2026 2491 rius
2053 2443 2219 2504 patet,
2245 2444 2297 2488 et
2327 2445 2504 2487 tamen
2535 2449 2562 2487 a
2593 2433 2768 2501 digna;
2793 2431 3013 2486 ultionis
3037 2427 3508 2484 animadversione

1912 2528 2053 2584 silet.
2085 2528 2272 2597 (Vsus.
2308 2525 2423 2596 27.)
2469 2523 2615 2579 Venit
2642 2526 2803 2580 etiam
2832 2523 3000 2578 Jacob
3031 2523 3100 2575 ad
3129 2521 3281 2576 Isaac
3307 2529 3509 2590 patrem

1909 2637 2066 2677 suum
2108 2621 2162 2675 in
2192 2619 2452 2682 Mambre,
2486 2618 2750 2672 civitatem
2789 2615 2996 2680 Arbete,
3029 2615 3140 2669 [nec
3167 2623 3240 2668 est
3272 2609 3507 2676 Hebron,

1908 2709 1964 2765 in
1993 2727 2098 2781 qua
2127 2709 2489 2780 peregrinatus
2533 2717 2629 2769 est,
2655 2706 2920 2760 Abraham
2965 2715 3012 2760 et
3047 2704 3228 2760 Isaac.
3273 2701 3510 2772 Spiritus

1908 2814 2096 2860 noster
2143 2803 2212 2856 ad
2255 2799 2496 2856 Mambre
2543 2800 2806 2854 civitatem
2851 2798 3033 2852 Arbea:
3081 2797 3234 2857 verit,
3274 2811 3397 2856 cum
3439 2792 3508 2848 ad

1907 2893 2257 2962 divisionem,
2283 2896 2334 2950 id
2361 2903 2444 2950 est
2469 2893 2852 2949 discretionem
2887 2891 3301 2962 tcmporalitatis
3328 2889 3508 2959 hujus,

1907 3005 2028 3062 qua:
2067 2989 2438 3062 quater-nitate
2476 2989 2745 3060 signatur,
2781 3003 2903 3059 qua:
2934 3002 3122 3043 revera
3167 2986 3389 3041 maximi
3427 2985 3509 3040 ei-

1832 3120 1878 3181 C
1908 3085 2052 3140 vitas
2084 3083 2405 3138 munimenti
2437 3089 2543 3146 est,
2576 3081 2810 3145 accedit;
2859 3091 2916 3136 et
2951 3080 3214 3151 quidquid
3257 3077 3511 3178 transito-

1912 3177 2054 3232 rium
2095 3184 2178 3230 est
2223 3189 2430 3239 amare,
2469 3180 2676 3227 certam
2725 3170 3002 3226 miseriam
3056 3185 3175 3224 esse
3227 3167 3500 3237 intelligit;

1909 3265 2155 3324 liambre
2207 3265 2352 3322 enim
2399 3265 2707 3328 divisiones;
2758 3265 2984 3329 Arbeae,
3037 3272 3269 3332 quatuor
3317 3267 3508 3326 sonat;

1912 3355 2132 3413 IIebron
2169 3369 2299 3410 vero
2327 3345 2670 3424 participatio'
2693 3353 2922 3406 tristitiw
2957 3351 3176 3406 dicitur.
3206 3350 3262 3404 In
3292 3349 3508 3404 Ilebron

1912 3465 2043 3522 ergo
2085 3449 2465 3520 peregrinatur
2509 3446 2785 3500 Abraham
2822 3453 2877 3500 et
2908 3445 3082 3510 Isaac,
3115 3443 3240 3513 quia
3277 3443 3391 3512 ipse
3423 3443 3506 3498 in-

1911 3544 2160 3600 tellectus
2189 3551 2242 3596 et
2271 3555 2395 3610 spes
2439 3537 2638 3593 interni
2669 3537 2847 3608 gaudii
2873 3551 3033 3607 quam
3065 3537 3346 3600 habemus,
3380 3535 3505 3589 dum

1907 3638 2114 3710 proprii
2170 3633 2362 3692 recolit
2418 3633 2688 3688 incolatus
2751 3645 3084 3696 aerumnam,
3151 3626 3394 3699 quandiu
3451 3625 3506 3682 in

1909 3744 2138 3800 corpore
2178 3729 2383 3799 agitur,
2415 3739 2688 3795 nunquam
2730 3738 2835 3780 non
2873 3721 3084 3780 habitat
3111 3719 3345 3778 tristitia:
3373 3731 3503 3789 par-

1910 3824 2304 3894 ticipationem.
2864 3880 2868 3884 ,

1977 3913 2142 3971 Vens.
2169 3916 2260 3978 28,
2288 3913 2378 3970 29.
2405 3942 2478 3955 -
2504 3911 2572 3966 Et
2601 3909 2841 3982 completi
2877 3917 2999 3965 sunt
3040 3909 3150 3966 dies
3185 3911 3342 3969 Isaac
3383 3929 3502 3972 cett-

1906 4017 2015 4064 tum
2058 4009 2322 4078 octoginta
2365 4021 2642 4060 annorum.
2669 4003 3020 4074 Consumptus
3065 4015 3218 4060 celate
3260 4015 3499 4060 mortuus

1908 4108 2006 4165 est,
2044 4107 2092 4154 et
2117 4100 2384 4167 appositus
2415 4095 2606 4166 populo
2643 4111 2738 4149 suo
2780 4111 2938 4149 senex
2976 4104 3024 4150 et
3061 4097 3246 4163 plenus
3273 4097 3500 4152 dierum.

1908 4191 2014 4248 Per
2040 4199 2256 4248 centum
2287 4205 2460 4244 annos
2492 4187 2770 4259 plenitudo
2799 4187 3012 4242 virtutis
3034 4189 3375 4258 exprimitur,
3405 4203 3502 4257 per

1909 4281 2340 4351 octogenarium,
2375 4280 2465 4349 qui
2509 4278 2886 4348 quaternarios
2920 4277 3160 4343 prail‘ert,
3195 4277 3500 4347 temporali-

1910 4384 1994 4432 tas
2023 4377 2301 4446 accipitur,
2335 4389 2455 4444 qua:
2485 4374 2538 4427 in
2572 4372 2656 4426 his
2686 4371 2775 4440 qui
2807 4369 3012 4424 caelesti
3053 4370 3254 4423 luititia:
3287 4369 3500 4422 inhian-

213 4447 422 4514 ΡΓυΡνίθ
447 4445 636 4504 Βθιιιθι
663 4461 769 4516 εει,
801 4453 992 4509 domus
1034 4455 1278 4524 profecto
1305 4457 1398 4513 Dei
1434 4476 1575 4514 vera.
1610 4461 1796 4533 (Vens.
1826 4468 1878 4528 D
1911 4475 1989 4522 tes
2018 4445 2162 4520 sunt.
2195 4465 2342 4518 Isaac
2365 4462 2661 4517 centenarii
2687 4461 2839 4530 quasi
2875 4459 3134 4512 luminum
3163 4458 3498 4528 perfectione

213 4533 326 4608 20.)
343 4535 794 4610 Ere.ritque.lacob
821 4544 1029 4598 titulum
1047 4546 1310 4616 lapideum
1335 4567 1490 4620 super
1507 4552 1800 4620 sepulcrum

212 4625 320 4694 ejus
346 4643 363 4680 :
393 4627 492 4682 llic
522 4642 594 4684 est
621 4633 802 4688 titulus
827 4638 1150 4691 monumenti
1178 4637 1372 4694 Rachel
1401 4657 1561 4710 usque
1587 4644 1640 4696 in
1666 4659 1803 4713 prce—

210 4731 396 4775 sentcm
423 4723 579 4778 diem.
608 4723 775 4780 Jacob
798 4728 1007 4784 titulum
1033 4747 1189 4802 super
1213 4734 1508 4804 sepulcrum
1544 4735 1801 4793 Rachelis

214 4817 382 4888 erigit,
401 4834 521 4874 cmn
552 4821 695 4876 inter
710 4824 1048 4879 moriendum
1063 4827 1258 4882 saeculo
1285 4829 1396 4899 ipsa
1413 4831 1626 4901 specula
1639 4831 1800 4888 tionis

212 4907 398 4974 virtus,
426 4927 588 4980 quam
622 4914 782 4968 habet
819 4915 1136 4981 iulrorsmn,
1162 4919 1323 4974 etiam
1365 4923 1605 4978 exterius
1635 4922 1796 4980 clari-

217 5005 372 5054 tatem
417 5003 736 5061 humilitatis
774 5008 1032 5062 ostendit.
1077 5007 1289 5066 Titulns
1332 5024 1510 5069 autem
1549 5034 1576 5069 a
1608 5016 1798 5073 Graeco

216 5093 423 5148 nomine
464 5095 680 5162 dicitur,
716 5099 858 5167 quod
900 5108 982 5154 est
1030 5102 1182 5167 titan,
1216 5103 1266 5157 id
1296 5114 1376 5158 est
1407 5107 1503 5160 sol.
1535 5107 1581 5161 ls
1613 5109 1797 5164 titulus

215 5189 524 5240 monumenti
569 5191 823 5261 pertingit
860 5210 1020 5263 usque
1051 5195 1103 5248 in
1131 5208 1436 5265 prarsentem
1480 5199 1639 5266 diem,
1670 5203 1796 5272 quia

215 5277 482 5334 humilitas
509 5281 608 5334 ista
641 5285 1022 5353 sempiternam
1048 5297 1288 5344 meretur
1313 5292 1650 5358 memoriam,
1677 5312 1793 5364 (pne

211 5369 258 5422 in
290 5370 372 5424 illa
418 5371 737 5429 ittdclectiva
774 5375 880 5441 dic,
914 5393 1032 5446 qum
1063 5379 1202 5434 Deus
1233 5391 1336 5446 est,
1370 5392 1608 5448 constat,
1643 5387 1794 5454 cujus

210 5465 410 5537 dill‘ugit
444 5486 602 5526 nemo
642 5473 1007 5544 praesentiam.
1050 5475 1317 5548 Lapideus
1353 5489 1533 5534 autem
1572 5479 1790 5549 dicitur,

1912 4556 2335 4612 transeeuditur.
2371 4551 2553 4607 ZEtate
2595 4552 2744 4606 Isaac
2787 4549 3143 4613 consumitur,
3168 4558 3226 4604 et
3250 4549 3496 4614 moritur,

1914 4665 2036 4706 emn
2069 4649 2250 4702 carnis
2289 4645 2485 4717 gaudio
2516 4645 2582 4700 ad
2619 4645 2886 4713 integrum
2919 4641 3197 4710 demolito,
3233 4657 3357 4713 spes
3385 4653 3502 4698 om-

1913 4742 1997 4797 nis
2027 4749 2211 4796 nostra
2237 4747 2496 4809 quantum
2528 4737 2593 4791 ad
2621 4734 2877 4791 saeculum
2911 4734 3260 4790 interimitur.
3300 4732 3498 4790 Plenus

1910 4835 2112 4887 dierum
2144 4829 2335 4900 populo
2374 4846 2468 4882 suo
2511 4827 2822 4898 apponitur,
2851 4841 2972 4880 cum
3004 4825 3160 4895 plena
3202 4841 3356 4880 mens
3385 4825 3501 4882 vir-

1906 4931 2080 4979 tutum
2134 4920 2454 4982 luminibus,
2503 4918 2710 4974 coelesti
2759 4916 2990 4988 populo,
3037 4916 3347 4987 specialiter
3397 4931 3497 4972 suo

1905 5016 2296 5074 conformatur.
2336 5013 2398 5067 Et
2437 5011 2750 5084 sepelierunt
2776 5023 2892 5065 eum
2932 5009 3081 5063 Esau
3120 5019 3168 5063 et
3205 5006 3372 5062 Iacob
3396 5006 3497 5075 ﬁlii

1901 5113 2010 5179 sui,
2042 5110 2345 5166 intellectus
2374 5107 2626 5161 videlicet
2659 5112 2713 5158 et
2753 5102 2999 5165 allectus,
3032 5116 3154 5170 quae
3199 5100 3495 5170 gignuntur

1902 5219 1970 5258 ex
2017 5210 2198 5257 mente
2253 5197 2501 5269 tripudiis
2551 5197 2760 5251 intenta
2812 5192 3158 5254 cmlcstibus,
3205 5201 3490 5261 postquam

1904 5307 2098 5369 praeter
2127 5295 2292 5348 Deum
2320 5291 2395 5346 nil
2425 5305 2639 5360 sapere,
2669 5303 2774 5343 non
2810 5287 3028 5342 aliunde
3064 5284 3202 5341 allici
3235 5287 3487 5357 gaudent,

1901 5399 2138 5445 mentem
2186 5387 2378 5457 ipsam,
2409 5385 2472 5439 de
2493 5399 2598 5454 qua
2637 5381 2922 5452 prodeunt,
2956 5393 2986 5437 a
3013 5380 3196 5438 saeculi
3229 5377 3493 5437 molestiis

1903 5489 2186 5540 contutant
2214 5481 2352 5536 intra
2385 5493 2442 5536 se
2471 5483 2526 5534 et
2553 5476 2908 5534 abscondunt.

1418 5679 1665 5722 EXI‘LICIT
1707 5683 1861 5722 LIBER
1895 5679 2153 5722 OCTAVUS.

1987 5857 2220 5874 ,τηου-..σ-
2223 5863 2238 5875 ι
