3978 6332
545 257 649 315 255

1307 247 1373 307 ν.
1415 245 1743 306 GUIBERTI
1779 244 2077 302 ABBATIS
2116 245 2175 300 S.
2212 247 2453 308 MARUE
2492 251 2580 308 DE
2607 253 3006 314 NOVIGENTO
3689 283 3778 340 25,;

553 403 3766 460 ww

1353 547 1510 622 135
1575 543 2042 636 INCIPIT
2137 543 2502 635 LIBER
2592 543 2996 638 NONUS

1187 776 2050 912 MORALIUM
2143 777 2310 906 IN
2405 751 3131 917 GENESIN.

605 1131 798 1191 Nonne
842 1139 1118 1189 auctorem
1182 1132 1238 1188 in
1282 1133 1694 1204 scripturarum
1754 1131 2130 1202 disquisitione
2157 1137 2208 1195 Α
2234 1133 2435 1202 rigore,
2473 1131 2597 1189 talis
2639 1135 2870 1192 aviditas
2905 1147 3269 1208 comparatur.
3301 1139 3550 1201 Tunicam
3584 1151 3784 1222 polymj-

531 1227 814 1300 proﬁteor;
856 1225 951 1281 sed
990 1233 1300 1280 sanctorum
1345 1224 1559 1296 regulas
1607 1225 1691 1294 pia
1740 1223 1846 1280 ﬁde
1899 1239 2124 1280 consec-

537 1327 683 1384 tans,
728 1319 774 1372 si
810 1317 938 1387 quid
985 1317 1116 1371 utile
1167 1316 1362 1372 ibidem
1411 1317 1650 1384 reperire
1681 1316 1987 1386 contigerit,
2019 1317 2122 1386 piis

536 1407 821 1464 humilium
864 1415 919 1461 et
961 1407 1170 1462 discere
1207 1407 1500 1461 volentium
1551 1407 1834 1461 desideriis
1876 1423 1992 1462 mea
2037 1422 2122 1461 se-

532 1498 770 1552 cundum
829 1496 996 1550 Deum
1065 1511 1222 1550 sensa
1279 1497 1613 1566 propinans,
1676 1497 1942 1551 disserere
2001 1512 2122 1567 quae

535 1596 835 1658 sequuntur
869 1589 1110 1643 intendo.
1157 1587 1213 1643 ld
1261 1589 1402 1643 enim
1444 1589 1707 1659 proximis
1745 1589 1936 1645 debeo.
1964 1590 2120 1645 Etsi-

534 1679 665 1734 bilet
695 1679 784 1749 qui
817 1679 928 1733 vult
954 1679 1096 1734 istud
1127 1689 1180 1734 ct
1207 1680 1398 1743 rideat,
1432 1688 1486 1734 et
1519 1679 1678 1734 veluti
1713 1681 1778 1734 ad
1822 1681 2117 1736 novitatem

537 1770 717 1826 Saulis
751 1773 1124 1842 prophetantis
1161 1772 1382 1827 insultet
1406 1813 1421 1838 ,
1453 1771 1577 1825 duttt
1612 1772 1770 1828 mo'do
1805 1773 1894 1828 uni
1926 1773 2117 1828 saltem

530 1864 752 1921 cuilibet
776 1865 1056 1934 profutura
1085 1872 1385 1919 cantenms.
1425 1865 1681 1933 Sequitur
1701 1879 1850 1935 ergo.

983 2001 1095 2071 (ιδ)
1133 2000 1362 2057 CAPUT
1401 2000 1662 2058 xxxvn.

608 2135 766 2191 Vens.
799 2138 854 2191 2.
880 2135 1168 2205 —Joseplt
1219 2153 1337 2190 cum
1377 2136 1601 2191 sedecim
1645 2143 1777 2190 esset
1815 2152 2110 2202 annorum,

526 2228 766 2299 pascebat
798 2244 1003 2298 gregem
1024 2244 1142 2282 cttm
1177 2227 1430 2297 fratribus
1470 2229 1581 2282 suis
1611 2229 1784 2282 adhuc
1811 2243 1962 2298 puer,
1994 2245 2114 2284 cum

525 2320 653 2390 filiis
683 2319 832 2374 Βαίας
863 2331 911 2375 et
945 2319 1108 2390 Zelfte
1151 2337 1378 2376 uxorum
1425 2321 1589 2390 patris
1619 2322 1724 2374 sui.
1755 2319 1954 2391 Ioseph
1974 2360 1990 2386 ,
2019 2321 2113 2391 qui

526 2412 916 2484 interpretatur
939 2413 1229 2482 adaugens,
1263 2413 1511 2482 spiritum
1546 2423 1788 2467 nostrum
1819 2413 2111 2482 signiﬁcat,

2227 1233 2356 1290 tam,
2385 1225 2436 1279 id
2467 1237 2552 1282 est
2577 1228 2968 1285 multicolorem
2992 1233 3040 1286 ei
3069 1231 3217 1296 fecit,
3247 1235 3374 1306 quia
3399 1238 3556 1294 vitam
3579 1243 3784 1304 diversis

2224 1315 2485 1369 virtutum
2531 1318 2824 1388 generibus
2875 1321 3176 1376 institutam
3234 1325 3456 1394 Spiritus
3524 1331 3632 1400 ipse
3691 1337 3780 1390 sibi

2224 1408 2549 1473 composuit.
2586 1407 2879 1465 Possumus
2923 1413 3086 1467 etiam
3131 1428 3229 1484 per
3265 1414 3461 1487 Joseph
3511 1420 3784 1496 intelligere

2223 1496 2500 1566 religionis
2521 1498 2792 1567 allectum,
2821 1504 2911 1572 qui
2939 1519 3154 1576 semper
3176 1506 3368 1562 nititur
3394 1510 3460 1564 ad
3486 1513 3780 1581 profectum.

2224 1585 2410 1658 (Vsus.
2439 1587 2518 1659 4.)
2563 1588 2804 1646 Videntes
2846 1603 3021 1648 autem
3063 1594 3256 1662 fratres
3280 1597 3394 1667 ejus
3421 1603 3557 1670 quod
3598 1622 3628 1658 a
3653 1618 3782 1676 patre

2220 1679 2337 1747 plus
2369 1681 2566 1734 cunctis
2607 1681 2734 1750 ﬁliis
2761 1693 3050 1749 amaretur,
3084 1685 3304 1740 oderant
3351 1704 3470 1743 eum
3491 1733 3506 1756 ,
3538 1709 3626 1746 uec
3659 1706 3784 1764 pote-

2221 1780 2339 1824 rant
2371 1776 2421 1824 ei
2445 1772 2732 1842 quidquam
2760 1773 3036 1843 pacificum
3067 1774 3230 1846 loqui.
3262 1776 3381 1844 Quo
3413 1781 3555 1837 enim
3585 1785 3783 1854 spiritus

2220 1871 2409 1916 noster
2448 1863 2664 1932 pietatis
2709 1865 2978 1921 desiderio
3023 1874 3078 1922 et
3119 1869 3289 1923 cultui
3321 1873 3496 1942 magis
3524 1873 3778 1943 institerit,

2219 1957 2371 2006 tanto
2400 1953 2574 2022 magis
2620 1953 2927 2025 frequentia
2973 1957 3356 2014 carnalitatum
3394 1965 3546 2032 quasi
3590 1967 3641 2020 in
3681 1967 3781 2038 ejus

2217 2044 2400 2100 odium
2429 2045 2680 2117 insurgit.
2715 2046 2800 2101 Nil
2844 2049 3126 2118 paciﬁcum
3171 2051 3490 2121 loquuntur,
3516 2058 3636 2125 quia
3664 2075 3786 2114 sctu-

2217 2135 2317 2204 pér
2347 2144 2535 2190 contra
2568 2137 2843 2193 interioris
2870 2138 3108 2196 hominis
3136 2143 3375 2212 quietem
3409 2145 3671 2203 feruntur.

2290 2229 2456 2285 VEBS.
2496 2229 2549 2285 5.
2574 2261 2642 2272 -—
2668 2231 2874 2286 Accidit
2904 2250 3108 2306 quoque
3153 2245 3210 2288 ut
3241 2237 3407 2291 uisum
3437 2242 3686 2295 somnium
3713 2259 3782 2296 re-

2217 2319 2374 2390 ferret
2405 2320 2658 2389 fratribus
2678 2325 2822 2386 suis;
2857 2341 2974 2395 qua:
3003 2341 3165 2379 causa
3191 2327 3416 2397 majoris
3442 2330 3551 2383 odii
3577 2334 3786 2385 semina--

2216 2413 2354 2466 rium
2384 2415 2505 2480 fuit.
2538 2414 2815 2470 Somnium
2843 2415 3010 2472 refert
3038 2415 3320 2486 fratribus,
3351 2419 3482 2474 dum
3519 2436 3602 2486 ea,
3632 2439 3739 2493 quae
3761 2439 3787 2479 a

526 2505 618 2576 qui
669 2519 884 2576 semper
930 2505 1238 2576 augmentis
1281 2505 1654 2576 spiritualibus
1697 2507 1882 2560 instat.
1917 2505 2025 2560 Sex
2056 2515 2112 2561 et
2143 2503 2186 2564 Β
2214 2501 2490 2560 forasticis
2517 2505 2862 2569 dormiendo.
2895 2517 2950 2563 et
2990 2507 3059 2562 ad
3090 2507 3308 2563 interna
3343 2510 3616 2580 vigilando
3651 2514 3788 2582 spiri-

527 2599 714 2654 deccm
741 2608 824 2653 est
855 2613 1143 2664 annorum,
1174 2600 1300 2653 dum
1326 2599 1654 2653 exteriorem
1687 2599 2110 2670 interitu-eritque

525 2688 799 2744 hominem
829 2699 980 2744 sexta
1006 2689 1150 2744 enim
1180 2690 1268 2746 die
1296 2689 1470 2760 factus
1491 2701 1566 2744 est
1589 2691 1744 2744 homo
1780 2691 1834 2745 in
1876 2692 2110 2746 animam

523 2781 774 2835 viventem
825 2779 994 2852 (Gen.
1025 2799 1071 2846 l,
1102 2782 1198 2848 επ
1235 2799 1300 2847 Il,
1333 2783 1399 2854 7)
1451 2783 1647 2838 divinae
1698 2784 1835 2853 legis
1885 2785 2110 2839 denario

523 2871 762 2943 subjicit,
789 2875 857 2929 ob
892 2875 1282 2944 assequeudam
1327 2875 1718 2945 plenitudinem
1755 2877 2109 2948 mysticorum

523 2977 808 3020 annorum.
845 2964 1024 3021 Pascit
1051 2983 1254 3037 gregem
1307 2968 1480 3022 adhuc
1523 2985 1654 3038 puer
1694 2985 1811 3023 cum
1852 2968 2108 3037 fratribus

521 3057 661 3122 suis,
695 3056 820 3112 dum
864 3058 1243 3129 cogitationem
1282 3059 1382 3114 sub
1410 3059 1591 3114 divino
1641 3060 1832 3114 timore
1877 3060 2109 3116 constri-

521 3155 688 3214 ctam,
728 3148 780 3202 in
811 3149 1003 3218 primis
1028 3150 1203 3205 adhuc
1244 3151 1588 3221 provectihtts
1619 3151 1828 3220 positus
1857 3166 2106 3219 supernae

519 3241 868 3310 aspirationis
894 3250 948 3296 et
981 3242 1150 3296 divini
1177 3241 1376 3313 eloquii
1430 3241 1626 3312 pabulo
1670 3242 1803 3306 alit,
1833 3258 1956 3297 ettnt
1985 3241 2105 3298 aliis

517 3344 584 3386 ex
616 3333 803 3387 eadem
831 3333 1030 3404 genitis
1053 3342 1235 3388 mente
1260 3332 1571 3399 virtutibus,
1603 3333 1686 3388 vel
1713 3350 1831 3388 cum
1852 3333 2102 3404 fratribus

516 3424 648 3489 suis,
704 3425 1012 3480 carnalibus
1050 3423 1258 3479 scilicet
1306 3424 1574 3488 motibus,
1619 3425 1710 3494 qui
1759 3440 1825 3479 ex
1875 3424 2004 3479 Bala
2049 3432 2105 3479 et

519 3511 690 3576 Zelfa,
723 3515 773 3568 id
805 3525 886 3569 est
934 3514 1181 3570 saeculari
1210 3523 1480 3570 vetustate
1500 3555 1515 3578 ,
1547 3528 1600 3569 et
1638 3515 1893 3570 instinctu
1926 3515 2102 3570 inanis

517 3603 724 3675 glorias,
749 3605 1018 3660 oriuntur.
1052 3604 1129 3660 De
1179 3606 1426 3675 utrisque
1470 3619 1633 3671 sur-ra
1666 3605 1798 3658 satis
1825 3605 2098 3670 diximus;

513 3694 633 3752 hac
663 3695 807 3750 enim
849 3695 1146 3765 praecipue,
1183 3695 1389 3750 scilicet
1438 3695 1706 3748 mundana
1741 3693 2012 3763 voluptas,
2048 3700 2103 3747 et

515 3789 811 3843 cenodoxia
843 3788 1246 3858 proﬁcientibus
1276 3787 1469 3842 infesta
1515 3802 1663 3842 sum.
1695 3787 1830 3842 Nam
1869 3795 2101 3856 utraque

2214 2593 2437 2648 tualiter
2467 2595 2657 2660 sentit,
2689 2595 2926 2651 motibus
2970 2611 3039 2651 ex
3087 2611 3184 2652 sua
3231 2600 3575 2671 corruptibili
3611 2613 3784 2658 natura

2211 2685 2606 2756 prodeuntibus
2625 2685 2842 2754 objicit;
2870 2688 3011 2742 unde
3034 2687 3238 2756 majore
3259 2705 3358 2744 eos
3387 2690 3538 2747 rabie
3562 2695 3789 2748 accendit

2211 2791 2320 2846 quo
2347 2777 2554 2832 arctius
2586 2779 2886 2848 restringit.
2913 2777 3103 2850 (Vens.
3123 2780 3203 2850 7.)
3227 2778 3498 2836 Putabam
3529 2799 3620 2837 nos
3644 2783 3788 2853 ligare

2209 2866 2511 2935 manipulos
2559 2868 2614 2921 in
2645 2885 2796 2940 agro,
2827 2878 2874 2922 et
2917 2871 3070 2940 quasi
3115 2887 3436 2942 consurgere
3481 2872 3789 2943 manipulum

2207 2973 2412 3025 meum,
2451 2970 2500 3013 et
2545 2971 2709 3026 stare,
2740 2973 3038 3034 vestrosque
3070 2965 3374 3033 manipulos
3411 2967 3787 3022 circumstantes

2208 3050 2434 3105 adorare
2463 3053 2793 3122 manipulum
2834 3071 3022 3108 meum.
3057 3055 3136 3110 Ac
3165 3057 3209 3110 si
3245 3058 3456 3112 diceret
3489 3077 3502 3112 :
3530 3057 3635 3114 Vos
3657 3059 3789 3114 vobis

2207 3137 2372 3193 animi
2403 3140 2688 3210 imperium
2718 3143 2958 3199 indebite
2984 3145 3274 3215 arrogatis,
3302 3148 3400 3202 sed
3426 3163 3528 3219 ego
3549 3154 3784 3220 putabam

2206 3230 2349 3300 quod
2389 3241 2444 3286 et
2490 3246 2678 3288 verum
2709 3244 2807 3295 est,
2842 3251 2942 3292 nos
2979 3238 3186 3307 pariter
3233 3247 3552 3294 nostrorum
3598 3239 3787 3295 fructus

2205 3337 2432 3392 operum
2480 3327 2580 3380 sub
2609 3326 2702 3381 Dei
2736 3328 2947 3383 timoris
2981 3329 3269 3400 disciplina
3322 3332 3654 3403 restringere
3701 3333 3783 3386 de-

2204 3415 2357 3483 bere,
2389 3419 2482 3474 sed
2514 3428 2694 3475 tamen
2729 3436 2814 3476 me
2857 3423 3122 3478 rationem
3169 3424 3453 3494 approbrii
3489 3425 3788 3496 dignitatem

2205 3505 2363 3562 oliicii
2405 3510 2742 3578 praecellere,
2796 3519 2849 3565 et
2895 3527 2994 3583 pro
3045 3513 3198 3568 vobis
3241 3514 3561 3585 iacentibus
3603 3515 3788 3585 ubique

2203 3596 2538 3666 voluptatum
2570 3600 2882 3665 decertare,
2918 3609 2972 3655 et
3003 3617 3088 3656 me
3135 3605 3340 3673 praevia
3391 3607 3459 3660 ad
3495 3607 3630 3660 idem
3669 3620 3792 3675 pra:-

2203 3685 2334 3741 lium
2367 3689 2563 3744 debere
2597 3704 2690 3745 vos
2719 3705 3027 3761 assurgere,
3060 3703 3114 3748 et
3163 3705 3364 3751 vestrae
3404 3696 3788 3753 cervimsitatis

2203 3779 2334 3835 mihi
2362 3781 2498 3836 colla
2546 3798 2791 3838 curvare.
2827 3785 3013 3856 (Vens.
3051 3786 3130 3858 8.)
3176 3787 3478 3859 Nunquid,
3526 3791 3790 3860 inquiunt,

514 3881 688 3950 patris
738 3881 937 3947 nostri,
985 3882 1152 3952 ipsius
1197 3880 1447 3936 videlicet
1499 3879 1806 3934 intellectus
1859 3879 2100 3948 legitimo
2127 3865 2174 3928 ε
2206 3889 2298 3927 rea:
2337 3885 2511 3929 noster
2545 3877 2678 3940 eris,
2719 3886 2811 3930 aut
2851 3879 3193 3949 subjiciemur
3225 3884 3424 3937 ditioni
3452 3886 3598 3938 tute?
3637 3883 3690 3937 ld
3716 3889 3790 3948 est

513 3971 782 4044 conjugio.
831 3977 924 4030 sed
977 3989 1084 4029 non
1130 3973 1369 4042 legitime
1420 3971 1587 4026 abusa
1639 3981 1782 4024 sunt.
1836 3969 1988 4024 Unde
2044 3979 2101 4024 et

511 4078 710 4119 uxores
736 4065 890 4119 dictae
915 4073 1063 4129 sunt,
1087 4063 1225 4118 sicut
1255 4074 1308 4118 et
1339 4064 1580 4132 quinque
1611 4061 1710 4114 viri
1738 4059 2098 4114 Samaritana

511 4155 640 4212 dicti
677 4166 820 4212 sunt.
866 4157 1247 4228 Accusaritque
1297 4156 1487 4226 fratres
1543 4169 1666 4206 suos
1715 4153 1856 4221 apud
1896 4163 2094 4220 patrem

509 4247 726 4302 crimine
745 4248 988 4318 pessimo.
1014 4247 1147 4302 Nam
1173 4261 1337 4317 penes
1362 4243 1886 4299 intellectualitatem
1917 4250 2097 4297 motus

508 4340 774 4407 carnales,
819 4342 910 4412 qui
957 4356 1020 4396 cx
1050 4341 1238 4396 eadem
1276 4349 1456 4393 mente
1491 4338 1806 4408 gignuntur,
1851 4336 2094 4415 criminis

505 4448 756 4504 arguere,
786 4434 1062 4504 preprium
1087 4431 1324 4499 ejusdem
1352 4428 1656 4483 intellectus
1685 4436 1785 4482 est.
1811 4427 1928 4498 Ipse
1950 4428 2093 4482 enim

506 4527 574 4581 ad
630 4541 690 4582 se
742 4525 924 4582 carnis
965 4524 1220 4592 subjectae
1270 4521 1443 4576 defert
1491 4523 1835 4591 quaestiones.
1892 4518 2094 4588 Nempe

503 4618 674 4674 isdem
711 4620 935 4675 thronus
961 4626 1060 4680 est,
1092 4617 1145 4670 id
1172 4623 1255 4669 est
1277 4612 1465 4680 judex,
1489 4613 1577 4682 qui
1601 4613 1851 4682 praesidet
1875 4612 2089 4665 throno.

501 4709 805 4766 Pessimum
860 4719 1044 4765 autem
1097 4715 1182 4763 est
1242 4705 1384 4774 quod
1439 4705 1548 4760 Deo
1608 4705 1842 4759 scienter
1895 4704 2091 4758 adver-

500 4813 738 4952 ωἳζίιε.
783 4896 839 4950 5.
869 4923 941 4936 -
981 4889 1154 4948 Israel
1197 4904 1374 4944 autem
1421 4889 1667 4959 diligebat
1714 4889 1908 4958 Joseplt
1937 4905 2093 4957 super

497 5006 675 5044 onmes
699 4988 842 5058 ﬁlios
863 5001 1005 5050 suos,
1033 5000 1092 5038 eo
1117 4982 1257 5053 quod
1283 4982 1338 5034 in
1365 4991 1624 5036 senectute
1649 4983 1908 5050 genuisset
1935 4997 2088 5048 eum;

495 5080 720 5152 fecitque
768 5081 815 5133 ei
862 5078 1094 5130 tunicam
1131 5075 1460 5144 polymilam.
1517 5073 1750 5142 Spiritus
1805 5083 1987 5127 uoster
2032 5073 2084 5128 in

493 5182 757 5242 quantum
794 5185 918 5224 cum
949 5167 1060 5220 Deo
1084 5166 1450 5236 principatur;
1491 5163 1653 5219 Israel
1683 5165 1826 5218 enim
1850 5165 2086 5235 princeps

491 5282 612 5320 cum
647 5267 755 5319 Deo
801 5263 1226 5330 interpretatur,
1275 5255 1508 5329 Joseph,
1555 5257 1608 5312 id
1655 5266 1738 5313 est
1775 5259 1956 5312 reterni
1992 5275 2087 5312 au-

489 5357 685 5426 gntenti
728 5351 1073 5411 desiderium,
1120 5345 1404 5416 plusquam
1457 5363 1633 5400 omnes
1695 5348 1866 5416 ﬁlios,
1919 5363 2083 5417 opera

489 5446 702 5501 scilicet
725 5457 821 5497 sua
849 5438 1042 5507 diligit,
1067 5438 1189 5506 quia
1221 5437 1310 5492 ubi
1337 5453 1442 5493 non
1467 5445 1548 5493 est
1569 5448 1856 5508 provectus
1877 5446 2080 5502 votum,

493 5535 702 5593 Iac'rlem
736 5532 961 5592 habent,
991 5530 1036 5583 si
1067 5539 1193 5583 sunt
1224 5529 1294 5583 ibi
1333 5531 1473 5584 bona
1519 5528 1720 5600 aliqua,
1753 5539 1980 5582 motum.
2015 5527 2080 5582 In

485 5633 751 5678 senectute
801 5615 1036 5688 namque
1092 5619 1136 5672 is
1183 5620 1448 5689 gignitur,
1496 5635 1619 5673 nam
1671 5619 2077 5675 deiervcscente

487 5710 1052 5783 concupiscentiarum
1084 5719 1236 5774 :PSllt,
1269 5728 1333 5766 ac
1363 5710 2076 5784 prscsumptionisjuvenilis

556 5823 674 5897 (t5)
705 5821 1146 5880 Przetertuittitur
1172 5837 1294 5887 cap.
1323 5823 1412 5879 5.6.
1493 5859 1498 5863 -

2201 3967 2471 4034 quomodo
2518 3968 2634 4023 ﬁeri
2671 3978 2872 4039 potest,
2905 3980 2962 4024 ut
2995 3981 3073 4024 tot
3117 3975 3584 4043 concupiscentiis
3614 3989 3789 4043 corpo-

2203 4072 2310 4112 reae
2341 4059 2685 4114 necessitatis
2717 4061 3020 4127 exstinctis,
3047 4062 3194 4117 solus
3223 4065 3341 4133 ipse
3373 4064 3707 4119 domineris?

2273 4150 2435 4206 VEBS.
2464 4156 2516 4206 9.
2542 4181 2612 4191 --
2636 4152 2794 4207 Aliud
2821 4169 3024 4225 quoque
3046 4155 3170 4208 vidit
3191 4158 3484 4221 somnium,
3517 4164 3656 4228 quod
3681 4172 3792 4210 nar-

2200 4257 2325 4296 rans
2368 4243 2653 4313 fratribus,
2687 4245 2804 4300 ait:
2842 4243 2958 4298 Vidi
2987 4263 3078 4316 per
3106 4250 3376 4301 somnium
3407 4249 3566 4318 quasi
3609 4247 3788 4308 solem,

2197 4342 2248 4387 et
2291 4332 2510 4401 lunam,
2551 4349 2596 4389 et
2627 4335 2804 4390 stellas
2835 4336 3077 4392 undecim
3105 4341 3335 4394 adorare
3385 4357 3490 4395 me.
3539 4341 3697 4412 136
3740 4338 3791 4394 Si

2197 4423 2418 4496 Joseph,
2472 4435 2534 4480 ut
2580 4427 3014 4497 pret-libavimus,
3064 4429 3199 4484 bene
3246 4432 3451 4501 agendi
3507 4434 3790 4502 appetitum

2198 4519 2530 4588 accipimus,
2564 4523 2630 4572 ad
2676 4531 3024 4590 augmentum
3061 4523 3204 4577 enim
3250 4526 3474 4593 spirare
3522 4525 3790 4596 proprium

2197 4620 2281 4665 est
2305 4610 2423 4680 cjus
2449 4629 2462 4677 ;
2493 4611 2654 4666 solem
2689 4613 3043 4678 intellectum,
3077 4614 3258 4670 lunam
3293 4618 3639 4672 voluntatem
3671 4617 3792 4671 dici-

2196 4717 2348 4765 mus;
2382 4703 2505 4771 quia
2537 4705 2676 4758 sicut
2707 4704 2829 4757 luna
2875 4722 2902 4758 a
2936 4706 3068 4770 sole,
3095 4707 3175 4761 sic
3204 4707 3470 4764 volu‘ntas
3501 4710 3791 4764 illustratur

2197 4809 2227 4848 a
2260 4796 2490 4848 ratione.
2543 4792 2793 4849 Uudccim
2829 4797 3007 4852 stellas
3053 4800 3346 4856 interiores
3384 4804 3792 4871 extct‘iorcsque

2195 4893 2374 4940 motus
2422 4885 2793 4954 intelligimus,
2844 4899 2900 4943 et
2942 4889 3068 4958 quia
3119 4891 3465 4948 undeuaritts
3513 4909 3580 4947 cx
3619 4907 3710 4947 sex
3744 4899 3795 4946 et

2194 4979 2433 5048 quinque
2463 4986 2694 5042 constat,
2730 4983 3004 5036 senarium
3041 4985 3110 5038 ad
3149 4985 3308 5039 bonae
3343 4985 3648 5041 voluntatis
3681 5001 3794 5056 per-

2194 5068 2506 5139 fectionem,
2538 5073 2842 5135 Qtlltml‘lll'n
2873 5074 2938 5128 ad
2987 5090 3242 5130 sensuum
3277 5080 3544 5147 corporis
3586 5076 3787 5132 mobili-

2194 5169 2360 5216 tatem
2408 5162 2760 5218 conlerimus.
2805 5163 3067 5221 Seuarius
3113 5167 3257 5220 enim
3311 5170 3469 5222 omni
3513 5186 3610 5223 sua
3651 5173 3794 5239 pa‘rte

2194 5255 2397 5310 solidus
2427 5266 2555 5323 stat,
2587 5259 2868 5326 quinarius
2898 5259 3142 5314 minime.
3179 5258 3336 5314 Unde
3379 5272 3437 5316 et
3461 5278 3527 5317 ex
3564 5263 3795 5331 inaequa-

2191 5345 2341 5400 litate
2373 5355 2599 5416 utraque
2631 5349 2987 5403 nndenarium
3013 5393 3028 5416 ,
3061 5351 3153 5420 qui
3189 5355 3695 5421 transgressionem
3728 5353 3795 5409 si-

2189 5449 2337 5506 gnat,
2368 5437 2626 5491 elllt'itlnl.
2657 5437 2803 5493 Velle
2846 5441 2991 5496 enim
3045 5443 3256 5510 adjacet
3308 5444 3502 5512 (Rom.
3539 5462 3646 5510 vn,
3691 5445 3790 5515 l8),

2189 5533 2281 5584 sed
2336 5531 2622 5585 exterioris
2668 5532 2902 5587 hominis
2955 5535 3193 5588 membra
3240 5539 3619 5607 pra-podium.
3676 5537 3794 5591 llaec

2190 5626 2368 5677 onmia
2417 5635 2593 5676 autem
2632 5625 2853 5678 adorant
2887 5627 3104 5695 pietatis
3131 5626 3418 5697 allectum,
3456 5633 3587 5700 quia
3618 5641 3672 5685 et
3706 5643 3787 5684 ra-

2186 5717 2297 5782 tio,
2329 5727 2385 5772 et
2417 5719 2692 5784 uoluntas,
2725 5719 3090 5790 interiorque,
3129 5731 3185 5778 et
3225 5722 3439 5793 etiam,
3470 5727 3602 5782 velit
3642 5725 3791 5787 nolit,
