3978 6332
225 329 315 386 257
1039 275 1050 284 ’
1293 306 1648 367 MORALIUM
1670 305 1735 362 IN

1867 303 2068 364 NESlN
2089 307 2216 364 LIB.
2245 304 2340 363 ιχ.

3347 312 3458 367 ‘258

213 444 433 500 exterior
474 440 632 494 homo
687 432 997 506 specialiter
1029 438 1208 502 .optat,
1255 436 1308 483 et
1355 428 1601 497 precibus
1657 424 1766 479 Deo
1797 426 1844 482 A
1937 421 2101 478 Vens.
2141 424 2228 478 l5.
2259 453 2329 462 —
2356 421 2662 494 Invenitque
2683 440 2802 478 eum
2827 425 2905 479 vir
2927 435 3269 482 errantemtn
3296 443 3447 502 agro,

211 537 334 590 t'atis
371 532 541 587 sancti
570 527 839 598 appetitus
879 521 1090 594 praistol
1113 531 1220 574 lllli‘
1256 528 1621 588 augmentum.
1658 518 1764 571 Aut

211 629 316 696 quia
363 624 584 677 adorare
628 619 823 673 dicitur
859 617 1017 685 juxta
1047 630 1218 676 orare,
1248 612 1400 682 juxta
1448 608 1678 677 Ioseph,
1713 608 1765 663 id

209 727 280 774 est
307 722 644 783 augmen-tuin
675 718 814 774 orat,
847 724 938 776 qui
972 705 1045 759 nil
1079 721 1108 758 a
1156 706 1264 757 Deo
1311 703 1412 756 nisi
1458 700 1766 756 sanctitatis

211 810 576 863 incrementum
608 800 862 869 postulat.
899 797 1154 850 Voluntas
1184 808 1236 849 et
1259 793 1507 856 allectus,
1531 810 1654 847 eum
1678 793 1765 861 pia

210 903 346 961 sunt,
377 893 500 946 licet
525 906 686 944 unum
715 903 834 943 esse
861 887 1175 950 videantur,
1205 902 1308 938 non
1352 892 1470 937 sunt
1494 925 1508 950 ,
1543 883 1665 951 quia
1700 882 1766 936 de

210 985 370 1042 multis
393 983 528 1036 bene
546 977 829 1043 atlicimur,
843 976 939 1031 sed
961 976 1028 1028 ab
1051 974 1155 1039 his,
1171 989 1289 1042 qua:
1321 971 1512 1026 rationi
1529 970 1768 1039 junctior

210 1076 597 1142 est,voluutate
641 1069 988 1126 retrahimur.
1024 1068 1223 1120 Locutn
1262 1068 1404 1118 enim
1450 1074 1766 1132 tempusque

211 1169 507 1226 discutimus
533 1173 588 1219 et
615 1172 809 1217 caetera
831 1160 1034 1230 quaevis
1057 1158 1404 1212 attendimus.
1430 1157 1616 1227 (Vens.
1655 1157 1764 1227 l0.)

211 1260 341 1328 Quod
362 1274 474 1311 cunt
486 1255 624 1326 patri
647 1270 742 1308 suo
758 1262 804 1308 et
820 1252 1070 1322 fratribus
1088 1250 1337 1305 retulisset
1353 1252 1635 1319 increpavit
1648 1266 1766 1302 eum

209 1363 334 1423 fater
357 1366 502 1412 suus,
533 1357 638 1402 etc.
670 1345 830 1400 Pater
859 1361 980 1398 eum
1015 1344 1289 1412 increpat,
1313 1343 1437 1412 quia
1471 1341 1765 1412 agil.tatem

209 1446 269 1517 pii
288 1444 518 1507 allectus,
534 1437 1161 1512 gravitasintellectualis
1181 1437 1531 1507 fragilitatuni
1557 1436 1762 1502 timida,

207 1551 266 1592 ne
285 1547 614 1606 praepropere
647 1531 774 1601 quid
805 1529 1169 1599 aggrediatur,
1209 1530 1466 1582 retardat.
1499 1526 1642 1581 Nunt
1673 1544 1764 1597 ego

207 1635 247 1680 et
287 1635 442 1677 mater
479 1632 571 1675 tua
617 1633 664 1674 et
697 1622 887 1689 fratres
916 1621 994 1672 tui
1027 1619 1362 1673 adornbintus
1395 1631 1444 1672 te
1483 1635 1637 1688 su;er
1663 1630 1768 1672 ter-

208 1716 442 1770 rami’An
489 1731 603 1784 ego,
641 1712 848 1782 inquit,
881 1728 909 1766 a
940 1728 1048 1782 quo
1078 1729 1262 1766 semen
1310 1712 1552 1765 divinum
1602 1711 1764 1765 matri

1872 524 1919 568 et
1947 516 2285 585 interrogavit
2306 515 2430 583 quid
2455 527 2729 586 quatreret.
2768 518 2858 572 Vir
2883 518 2996 588 ipse
3018 519 3318 576 intellectus
3349 529 3455 589 est,

1872 607 1964 675 qui
1995 605 2245 660 affectum
2295 621 2390 676 per
2419 625 2626 678 agrum,
2675 610 2724 664 id
2759 619 2844 664 est
2895 626 2991 680 per
3033 615 3300 668 mundana
3329 626 3457 667 eva-

1870 706 2108 766 gantein,
2143 696 2208 750 de
2239 711 2338 750 suo
2369 713 2554 754 errore
2590 701 2835 768 inquirit.
2867 701 3056 772 (Vens.
3094 702 3206 772 lli.)
3235 701 3456 758 Fratres

1871 804 2030 850 meos,
2061 789 2157 852 ait,
2184 804 2382 857 qurere,
2414 790 2588 842 inaira
2617 792 2741 844 mihi
2784 793 2868 845 ubi
2899 803 3118 862 pascunt
3149 810 3346 865 greges.
3376 795 3459 850 Ac

1871 880 1916 936 si
1948 881 2092 936 dicat
2126 898 2139 933 :
2179 879 2309 933 Dum
2361 882 2694 936 carnalitatis
2738 901 2870 940 ine-.e
2915 902 3170 941 excessus
3219 888 3456 945 discutio

1869 985 1958 1026 me
1988 972 2160 1042 ipsum
2193 972 2398 1042 pariter
2429 974 2728 1027 excessisse
2759 975 2935 1042 video,
2966 987 3021 1032 tu
3050 995 3178 1050 ergo
3203 979 3246 1034 si
3278 979 3457 1034 virum

1872 1065 2043 1135 sapis,
2076 1064 2254 1118 indica
2292 1064 2420 1118 mihi
2470 1064 2772 1119 [ωιιὶιειιιιηι
2806 1067 2962 1134 hujus
2993 1071 3236 1126 vecordis
3282 1082 3334 1126 et
3366 1072 3454 1128 in-

1871 1157 2187 1226 composita:
2214 1157 2491 1226 pastionis.
2525 1155 2711 1225 (Vens.
2739 1157 2850 1228 l7.)
2882 1157 3236 1228 Recesserunt,
3261 1162 3456 1233 inquit,

1871 1249 1934 1302 de
1964 1251 2078 1302 loco
2126 1250 2259 1313 isto;
2309 1250 2484 1302 audiri
2515 1259 2688 1303 autent
2720 1267 2807 1304 eos
2848 1251 3076 1305 dicentes
3109 1269 3124 1306 ξ
3161 1253 3354 1310 Eamus
3402 1257 3459 1310 in

1871 1341 2141 1395 Dolhsim.
2169 1340 2417 1395 Dothaim
2448 1341 2648 1396 dicitur
2678 1344 2840 1396 viride
2863 1359 3064 1409 eorum,
3093 1344 3172 1397 vel
3210 1346 3458 1414 pabulum

1868 1447 2074 1492 eorum,
2101 1432 2182 1487 vel
2212 1433 2466 1503 sufﬁciens
2491 1433 2734 1504 defectio.
2766 1434 3060 1505 Postquam
3092 1436 3460 1506 spiritualibus

1871 1523 2068 1577 addicti
2101 1538 2288 1578 sumus
2319 1525 2464 1578 vitiis
2485 1567 2499 1590 ,
2547 1526 2614 1579 ab
2665 1525 2857 1578 horum
2895 1524 3076 1579 labore
3105 1527 3420 1581 recedentes
3441 1567 3458 1594 ,

1872 1614 1939 1667 ad
1988 1616 2264 1668 carnalem
2305 1614 2539 1669 defluere
2580 1614 2784 1686 gratius
2817 1617 3080 1671 habemus
3109 1615 3458 1686 voluptatem,

1873 1707 2014 1775 quod
2040 1709 2308 1778 significat
2331 1708 2640 1775 jocunditas
2669 1709 2982 1776 viriditatis,
3014 1711 3158 1779 quod
3205 1708 3459 1780 pabulum

210 1818 315 1873 tute,
347 1808 490 1860 home
515 1805 723 1861 scilicet
753 1805 1012 1859 voluntati
1039 1805 1318 1874 ingeritur,
1350 1805 1471 1858 sine
1503 1805 1601 1857 hac
1625 1806 1766 1858 enim
1803 1806 1846 1860 Β
1873 1809 1954 1854 est
1989 1802 2088 1866 eis,
2142 1792 2250 1855 non
2283 1811 2460 1856 tamen
2495 1805 2748 1871 refectio,
2780 1805 2875 1860 sed
2917 1802 3240 1860 sufficientia
3293 1803 3460 1862 totius

208 1901 466 1971 reprobum
497 1907 601 1965 est,
629 1899 771 1968 quod
803 1899 1058 1968 gignitur,
1098 1905 1150 1952 et
1190 1899 1302 1966 ipsa
1337 1907 1504 1950 mater
1529 1909 1617 1949 tua
1646 1911 1767 1965 qua:

208 2002 253 2048 te
279 1993 327 2046 in
367 2000 626 2059 quanttun
656 2005 782 2044 vere
809 2006 869 2044 es
893 1991 1052 2060 parit,
1104 1989 1430 2054 interuique,
1467 1999 1521 2043 et
1552 1990 1764 2043 externi

211 2093 366 2139 motus
393 2083 565 2138 addici
595 2083 893 2152 poterimus
925 2081 1042 2148 tibi,
1088 2082 1142 2134 in
1175 2092 1380 2134 tantum
1415 2091 1470 2134 ut
1501 2081 1574 2134 sis
1605 2096 1767 2150 super

212 2186 411 2239 terrain,
437 2172 583 2226 nulla
613 2171 860 2240 profecto
904 2171 1190 2224 ambiendo
1222 2170 1322 2223 nisi
1355 2184 1605 2238 superna!
1644 2169 1767 2222 vita:

217 2265 566 2322 eminentiam?
595 2264 781 2334 (Vsus.
811 2263 922 2334 ll.)
951 2261 1168 2317 Fratres
1199 2277 1360 2332 ergo,
1409 2263 1456 2315 id
1487 2271 1568 2316 est
1599 2262 1766 2331 spina:

207 2374 262 2413 ac
290 2357 476 2423 tribuli,
505 2357 597 2426 qui
624 2371 691 2411 ex
735 2367 880 2410 terra
910 2354 1088 2409 cordis
1125 2369 1246 2408 cum
1292 2354 1428 2407 bona
1472 2353 1625 2424 fruge
1671 2369 1768 2408 na-

206 2461 437 2516 scuntur,
490 2449 770 2512 invident;
817 2456 968 2517 pater
1015 2462 1133 2500 vero
1183 2445 1485 2500 intellectus
1535 2446 1766 2501 interius

205 2543 522 2612 exteriusque
551 2556 581 2595 a
606 2539 834 2611 negotiis
862 2538 1093 2595 tacendo
1128 2554 1232 2592 rent
1276 2538 1604 2605 considerat,
1636 2539 1763 2592 dum

208 2633 458 2704 proposito
492 2632 679 2686 instat.
1681 2691 1686 2694 _

265 2725 411 2781 Vsus.
467 2724 645 2778 l2.—
673 2721 908 2793 Cumque
955 2721 1147 2792 fratres
1188 2721 1332 2776 illius
1385 2722 1440 2774 in
1489 2721 1764 2792 pascendis

204 2817 414 2889 gregibus
459 2818 625 2887 patris
673 2823 1007 2868 morarentur
1045 2815 1099 2866 in
1132 2813 1376 2878 Siehem,
1405 2823 1511 2868 etc.
1545 2812 1766 2867 Fratres

205 2909 277 2964 isti
312 2925 409 2963 non
442 2923 690 2978 gregem,
717 2907 810 2962 sed
848 2921 1040 2977 greges
1068 2905 1350 2960 discordia:
1378 2920 1443 2958 ac
1485 2905 1764 2959 divisionis

203 3002 533 3072 cogitationes
579 3008 838 3071 pascunt,
871 2999 925 3054 id
975 3007 1088 3064 est,
1132 2997 1338 3053 crebris
1386 2998 1612 3067 repertis
1638 3013 1766 3052 ava-

202 3093 316 3148 ritiae
357 3093 774 3162 superbiaeque,
821 3090 904 3146 vel
949 3091 1165 3145 invidiae
1223 3090 1600 3145 occasionibus
1660 3106 1764 3143 nu-

204 3185 362 3240 triunt.
397 3186 500 3254 Qui
531 3199 722 3256 greges
757 3185 923 3253 patris
955 3185 1119 3238 etiam
1159 3183 1432 3248 dicuntur,
1465 3183 1588 3252 quia
1615 3184 1766 3254 cogi-

201 3286 320 3332 tatus
341 3278 710 3348 dispersiones
747 3291 916 3346 usque
960 3277 1026 3331 ad
1077 3276 1380 3330 intellectus
1418 3275 1760 3330 vexationem

198 3370 458 3438 pervenire
501 3375 813 3423 noscuntur.
873 3366 1092 3422 Sichem
1133 3368 1335 3421 dicitur
1379 3367 1625 3420 humerus
1677 3366 1762 3421 vel

197 3459 340 3514 labor.
396 3460 450 3514 ln
497 3459 756 3516 Sichimis
802 3475 931 3530 ergo
976 3469 1289 3526 morantur,
1337 3460 1462 3513 dum
1503 3474 1761 3514 curarum

196 3554 408 3609 sarcinis
455 3553 652 3625 iniqua:
698 3551 1027 3608 suﬂ'erentiae
1074 3553 1328 3608 humeros
1373 3563 1757 3623 supponentes,

192 3649 344 3703 utsic
374 3649 566 3713 dicam,
589 3645 692 3702 sub
716 3646 997 3701 mortifero
1025 3645 1209 3699 labore
1234 3645 1539 3715 quiescunt.
1569 3643 1756 3714 (Vens.

195 3738 294 3807 l3.)
321 3738 461 3793 Dicit
483 3753 610 3808 ergo
639 3747 831 3806 pater:
867 3735 1018 3801 Veni,
1045 3737 1245 3789 mittant
1278 3745 1324 3788 te
1365 3736 1432 3788 ad
1463 3751 1569 3789 eos.
1597 3735 1756 3801 Redi,

197 3827 373 3898 inquit,
402 3844 432 3883 a
461 3829 798 3899 dispersione
825 3837 936 3894 tua,
967 3836 1026 3881 ut
1054 3827 1210 3897 dirigi
1244 3828 1417 3897 possis
1446 3836 1635 3882 contra
1668 3843 1758 3883 et»

196 3921 493 3992 gitationum
523 3923 678 3986 vitia,
705 3929 761 3977 et
789 3919 1008 3990 pietatis
1037 3920 1276 3988 appetitu
1313 3935 1467 3973 suam
1521 3935 1624 3974 non
1653 3920 1758 3975 dif-

196 4012 391 4070 ferente
415 4013 779 4087 praesentiam.
819 4009 1005 4080 (Vens.
1032 4011 1143 4081 14.)
1181 4009 1344 4074 Vade,
1372 4011 1468 4075 ait,
1500 4021 1546 4064 et
1570 4011 1685 4064 vide
1712 4011 1758 4064 si

195 4119 362 4160 cuncta
389 4121 636 4176 prospera
677 4113 798 4159 sunt
840 4105 980 4157 circa
1007 4103 1197 4172 fratres
1235 4112 1350 4155 tuos
1378 4113 1426 4155 et
1461 4118 1681 4171 pecora;
1709 4110 1758 4156 et

197 4197 418 4252 renuntia
459 4198 588 4252 mihi
630 4195 756 4266 quid
799 4205 1009 4266 agatur.
1063 4193 1208 4247 Vade
1255 4209 1352 4263 per
1397 4194 1758 4249 directionem

197 4288 513 4356 intentionis,
534 4300 590 4344 et
614 4287 820 4343 videbis
846 4286 1210 4358 postmodum,
1239 4301 1334 4355 per
1355 4287 1526 4342 aciem
1556 4287 1758 4343 discre-

197 4380 361 4451 tionis,
385 4399 451 4438 an
487 4380 848 4437 anitnalitates
873 4389 996 4443 tuae,
1027 4379 1152 4433 dum
1193 4380 1370 4434 saeculi
1405 4381 1543 4435 bona
1573 4397 1757 4451 capes-

195 4485 323 4542 sunt,
353 4475 580 4546 gaudere
615 4473 796 4542 aliqua
831 4471 1079 4527 interiori
1118 4474 1474 4542 prosperitate
1507 4484 1753 4544 possunt.
1790 4502 1836 4556 ι)

195 4566 324 4623 inter
352 4568 546 4624 fratres
573 4568 677 4622 hoc
709 4564 886 4622 differt
912 4574 968 4620 et
998 4580 1217 4635 pecora,
1247 4570 1389 4635 quod
1423 4577 1547 4621 sunt
1577 4568 1758 4638 aliqua

196 4659 311 4714 vitia
351 4661 502 4727 quasi
545 4658 758 4714 ratione
805 4671 927 4712 sese
974 4657 1195 4722 tuentis,
1246 4658 1491 4725 quaedam]
1535 4661 1758 4715 omnino

195 4751 445 4808 bestialia.
492 4751 664 4806 Porro
695 4749 824 4820 quid
853 4757 1014 4818 agant
1061 4747 1259 4803 fratres
1307 4752 1603 4818 renuntiat,
1631 4768 1756 4807 cum

195 4852 344 4899 aestus
363 4843 534 4899 sancti
555 4841 818 4897 desiderii
838 4841 906 4895 ad
933 4854 1158 4895 examen
1189 4841 1494 4898 intellectus
1515 4854 1755 4913 quaestus

193 4943 308 4986 suos
333 4941 422 4986 aut
457 4932 655 4986 damna
687 4939 949 4999 reportat.
991 4929 1185 4984 Missus
1225 4933 1289 4985 de
1338 4933 1470 4987 ualle
1503 4934 1750 5003 Πρω-οη,

196 5023 316 5076 venit
351 5023 404 5078 in
442 5021 671 5080 Sic/tem.
715 5021 930 5076 Hebron
967 5034 1306 5092 augmentum
1337 5025 1749 5096 )sempiternum,

193 5113 271 5168 vel
310 5115 431 5169 visio
480 5118 796 5184 sempiterna
837 5113 1054 5168 dicitur.
1104 5112 1332 5167 Mittitur
1372 5129 1500 5187 ergo
1529 5116 1750 5189 Joseph,

193 5203 244 5260 id
267 5215 345 5262 est
369 5209 635 5278 appetitus
663 5206 964 5278 augmenti,
989 5205 1057 5260 de
1085 5205 1281 5260 mentis
1303 5207 1627 5277 humilitate,
1658 5229 1754 5281 per

193 5311 341 5366 quam
377 5308 698 5369 perpetuum
743 5307 928 5368 sperat
961 5311 1331 5368 augmentum,
1361 5311 1414 5355 et
1440 5303 1506 5356 de
1543 5303 1752 5358 visione

195 5385 298 5452 Dei,
329 5403 427 5458 qua
466 5405 562 5459 per
589 5389 750 5443 fidem
777 5397 830 5444 et
861 5403 1102 5442 amorem
1136 5391 1236 5443 sub
1283 5405 1378 5458 spe
1404 5393 1750 5459 sempiterni-

196 5488 307 5544 tatis
328 5489 435 5560 jam
471 5490 558 5546 hic
588 5488 805 5555 fruitur,
837 5490 904 5546 ad
927 5488 1322 5546 consideranda
1351 5486 1438 5540 illa
1469 5486 1520 5538 in
1553 5484 1749 5554 quibus

195 5593 306 5636 caro
327 5581 554 5638 libenter
580 5591 830 5636 versatur
855 5585 1068 5654 negotia
1094 5601 1108 5636 :
1137 5581 1230 5636 sed
1254 5579 1401 5632 venit
1428 5579 1480 5631 in
1505 5576 1746 5641 Siehem,

195 5676 300 5739 quia
310 5689 425 5743 qua:
436 5675 748 5730 discernere
767 5674 1097 5728 solutnuu'nlo
1110 5683 1162 5726 et
1178 5674 1403 5725 discreta
1419 5671 1646 5738 abjicere
1657 5667 1749 5722 tle-

195 5759 393 5828 buit,in
431 5765 515 5820 his
543 5763 873 5818 demoramto
900 5763 1180 5830 aliquoties
1214 5761 1443 5826 quadam
1477 5761 1748 5814 detinetur

193 5850 388 5926 inertia,
399 5865 456 5912 et
469 5858 759 5910 humerum
775 5863 1120 5922 Supponendi)
1139 5864 1258 5921 pat't
1277 5849 1488 5907 laborat
1506 5853 1738 5909 miseria.

1874 1893 2098 1948 internae
2127 1893 2464 1950 defectionis.

1945 2051 2106 2106 Vens.
2140 2053 2226 2108 l8.
2245 2082 2316 2093 —
2345 2053 2521 2124 Pergit
2551 2063 2663 2123 post
2694 2055 2887 2125 fratres
2913 2073 3036 2112 suos
3063 2066 3112 2112 et
3143 2058 3338 2113 invenlt
3367 2073 3460 2116 eos

1869 2143 1923 2196 in
1955 2143 2224 2210 Dothaim,
2252 2145 2378 2198 dum
2407 2145 2522 2199 sola
2547 2161 2642 2201 eos
2672 2161 3006 2216 prosequens
3024 2148 3460 2204 consideratione

1873 2233 2071 2300 reperit
2103 2248 2198 2287 eos
2248 2233 2480 2289 deficere
2531 2235 2582 2289 in
2637 2238 2866 2291 terrenis
2915 2238 3219 2293 desideriis.
3267 2239 3456 2309 (Vens.

1871 2326 1958 2392 18,
1990 2327 2077 2392 19,
2107 2325 2222 2396 20.)
2254 2327 2359 2392 Qui
2387 2344 2504 2382 cum
2535 2329 2780 2384 uidissent
2809 2347 2960 2398 eum,
2993 2342 3271 2402 antequam
3304 2349 3459 2388 acce-

1869 2419 2011 2472 deret
2039 2419 2109 2471 ad
2136 2413 2246 2486 eos,
2277 2421 2632 2489 cogitaverunt
2675 2423 2968 2489 interﬁcere
2989 2439 3106 2476 eum
3128 2437 3148 2476 :
3179 2421 3245 2476 Et
3274 2433 3460 2478 mutuo

1869 2510 2217 2580 loquebantur
2242 2525 2261 2563 :
2288 2511 2420 2566 Ecce
2439 2514 2730 2567 somniator
2751 2516 2918 2580 venit;
2943 2515 3126 2582 uenite,
3157 2516 3458 2572 occidamus

1869 2618 2010 2669 eum,
2037 2613 2085 2656 et
2123 2605 2394 2658 mittamus
2442 2606 2496 2658 in
2542 2607 2819 2661 cisternam
2862 2609 2998 2662 hanc
3040 2618 3280 2675 ueterem,
3312 2609 3457 2665 dice-

1867 2707 2087 2762 musque
2116 2706 2134 2743 :
2167 2690 2310 2747 Fera
2336 2695 2562 2763 pessima
2589 2697 2849 2760 devoravit
2872 2713 3010 2752 eum.
3042 2696 3237 2752 Vident
3257 2697 3457 2770 Joseph

1870 2783 2088 2849 fratres,
2117 2801 2240 2840 cum
2285 2788 2568 2842 evidenter
2619 2789 2861 2844 invident
2908 2791 2996 2861 pio
3033 2790 3246 2846 atl'ectui
3278 2801 3459 2849 motus

1869 2876 2149 2932 animales.
2175 2877 2483 2948 Antequam
2509 2883 2732 2936 accedat
2759 2882 3001 2952 cogitant
3024 2882 3294 2947 occidere,
3324 2882 3454 2953 quia

1869 2978 2159 3039 antequam
2189 2985 2286 3039 per
2309 2969 2557 3027 effectum
2585 2975 2758 3030 errori
2787 2975 3069 3039 assentiat,
3095 2990 3196 3046 per
3221 2987 3454 3045 nequam

1869 3059 2119 3116 allectum
2161 3064 2455 3133 disponunt
2493 3065 2774 3122 subruere.
2813 3068 2971 3139 137
3005 3068 3176 3137 Ecce,
3205 3070 3376 3138 aiunt,
3407 3069 3456 3126 is

1793 3156 1835 3214 C
1868 3152 1962 3221 qui
1989 3152 2221 3208 visibilia
2255 3169 2513 3224 respuens
2549 3157 2908 3213 invisibilibus
2937 3159 3100 3212 animi
3127 3159 3300 3214 aciem
3329 3173 3456 3230 por-

1868 3244 2014 3311 rigit,
2049 3253 2104 3298 et
2127 3245 2282 3313 quasi
2307 3248 2518 3301 somnio
2549 3247 2712 3314 vivit;
2743 3264 2776 3304 o
2805 3264 2899 3303 vos
2921 3249 3217 3304 carnalium
3249 3263 3452 3318 conge-

1867 3336 1975 3390 ries
2027 3336 2468 3405 delectationum,
2518 3341 2714 3402 venite,
2771 3341 2916 3395 hunc
2978 3340 3133 3396 vobis
3192 3342 3448 3411 addicite,

1867 3437 2029 3496 atque
2058 3429 2109 3482 in
2141 3429 2420 3497 antiquum
2447 3431 2635 3494 chaos,
2662 3430 2949 3500 reprobum
2977 3431 3182 3486 scilicet
3205 3446 3447 3502 sensum,

1865 3519 2010 3589 quod
2038 3529 2144 3584 est,
2167 3531 2324 3575 vetus
2345 3522 2605 3585 cisterna,
2635 3537 2830 3579 carens
2855 3525 3051 3578 divina
3079 3524 3450 3595 intelligentia

1865 3613 2042 3680 aquis,
2077 3627 2185 3682 quo
2214 3613 2486 3683 quondam
2519 3624 2644 3670 ante
2671 3616 3080 3671 conversionem
3121 3616 3348 3686 turpiter
3387 3628 3450 3672 se

1865 3713 2054 3774 egerat
2081 3705 2351 3775 projicite,
2397 3715 2452 3761 et
2489 3722 2517 3760 a
2551 3706 2662 3761 fera
2697 3709 2932 3778 pessima
2953 3749 2968 3774 ,
3005 3707 3058 3763 id
3085 3718 3170 3764 est
3198 3725 3229 3764 a
3261 3723 3452 3779 repen-

1863 3796 1976 3851 tina
2007 3807 2061 3852 et
2083 3799 2378 3868 improvisa
2410 3801 2708 3855 tentatione
2751 3801 2928 3871 aliqua
2958 3811 3361 3874 consumptum,
3390 3809 3450 3861 et

1861 3889 2096 3943 evictum
2148 3891 2340 3956 dicite;
2385 3891 2470 3946 vel
2499 3892 2696 3948 diaboli
2745 3893 2943 3948 factum
2987 3894 3241 3950 violentia
3264 3893 3448 3966 perhio

1861 3982 2004 4036 bete.
2040 3981 2229 4038 Solent
2256 4000 2490 4054 namque
2523 3986 2592 4039 ad
2634 3989 2963 4042 excusandas
3004 3989 3364 4043 excusationes
3391 3987 3450 4044 in

1860 4076 2084 4144 peccatis
2113 4073 2287 4147 (Psal.
2317 4093 2436 4141 ωλι,
2466 4078 2520 4146 4)
2555 4079 2651 4147 ipsi
2685 4089 2971 4148 peccantes
2998 4080 3099 4134 ista
3131 4080 3444 4136 obtendere.

1862 4164 1930 4220 Et
1957 4178 2078 4221 tunc
2114 4169 2380 4238 apparebit
2408 4171 2535 4239 quid
2564 4169 2643 4224 illi
2665 4174 2865 4239 prosint
2889 4173 3095 4226 somnia
3129 4189 3248 4239 sua,
3282 4171 3334 4226 id
3363 4179 3450 4227 est

1860 4259 1988 4330 quid
2029 4261 2302 4316 fatuitatis
2337 4261 2406 4316 sit
2453 4276 2552 4332 pro
2602 4263 2961 4319 invisibilibus
3003 4264 3276 4319 dimittere
3314 4261 3448 4318 visi-

1860 4351 2020 4418 bilia,
2050 4369 2146 4422 pro
2172 4354 2391 4409 incertis
2415 4364 2584 4409 certa.
2610 4354 2890 4410 Somnium
2918 4356 3062 4410 enim
3093 4366 3177 4411 est
3203 4370 3296 4421 ea,
3325 4367 3447 4424 qua

1860 4444 2033 4499 oculis
2071 4460 2179 4499 non
2213 4445 2485 4512 videntur,
2525 4446 2842 4501 dormienda
2872 4446 3174 4501 attendere.
3199 4445 3316 4516 Ego
3365 4443 3446 4498 ait

1860 4537 2064 4592 donnio
2093 4548 2140 4592 et
2167 4555 2258 4592 cor
2281 4554 2450 4592 meum
2478 4539 2654 4608 vigilat
2682 4537 2859 4609 (Cant.
2891 4554 2950 4606 ν,
2975 4539 3054 4610 2.)

1931 4665 2096 4719 Vens.
2129 4665 2338 4730 2|,2‘2.
2388 4695 2460 4704 —
2504 4665 2734 4720 Audiens
2792 4668 2888 4721 hoc
2945 4667 3128 4722 Ruben
3180 4667 3444 4725 nitebatur

1858 4754 2078 4808 liberare
2099 4771 2217 4807 eum
2253 4755 2316 4808 de
2341 4756 2579 4810 manibus
2604 4775 2808 4813 eorum.
2839 4757 2982 4823 Non,
3024 4760 3127 4824 ait,
3153 4760 3444 4830 interﬁcia-

1855 4863 1972 4900 mus
2002 4847 2233 4900 animant
2262 4848 2373 4917 ejus
2394 4889 2406 4912 ,
2433 4865 2523 4902 nec
2562 4850 2898 4919 e/fundamus
2951 4854 3296 4924 sanguinem;
3347 4853 3441 4909 sed

1854 4940 2094 5011 projicite
2115 4957 2231 4994 eum
2254 4942 2309 4993 in
2331 4941 2610 4996 cisternam
2634 4943 2789 5008 lianc,
2815 4961 2932 5016 qua:
2977 4955 3052 5000 est
3080 4946 3135 5000 in
3160 4946 3441 5002 solitudine

1855 5047 2146 5099 manusque
2189 5045 2383 5086 vestras
2417 5043 2616 5088 servate
2649 5034 2912 5090 innoxius.
2964 5035 3078 5090 lloc
3095 5045 3269 5092 autem
3295 5037 3440 5092 dice-

1855 5124 1962 5190 bat,
1989 5125 2164 5178 volens
2189 5126 2384 5194 eripere
2410 5143 2528 5180 eum
2561 5127 2624 5182 de
2652 5130 2891 5182 manibus
2937 5146 3114 5183 eorum
3144 5138 3193 5182 et
3222 5128 3439 5184 reddere

1852 5217 1990 5285 patri
2021 5233 2138 5270 suo.
2163 5216 2350 5272 Ruben
2383 5235 2471 5288 qui
2507 5221 2704 5274 dicitur
2743 5223 2914 5275 ridens
2943 5221 2995 5275 in
3022 5222 3438 5289 medio,discre—

1855 5308 2015 5363 tionis
2046 5310 2129 5362 vis
2152 5319 2256 5374 est,
2283 5311 2545 5366 irrelloxa:
2578 5313 2891 5368 directionis
2930 5314 3218 5370 intendens
3265 5315 3437 5371 medi-

1854 5399 2087 5464 tulhum,
2109 5417 2230 5469 quae
2259 5403 2382 5454 dum
2405 5406 2475 5472 pit
2501 5402 2742 5465 affectus,
2778 5404 2828 5456 id
2869 5414 2954 5459 est
2983 5406 3231 5478 intelligit
3288 5406 3437 5478 peri-

1852 5490 2030 5545 culum
2066 5492 2260 5546 nititur
2288 5493 2517 5547 liberare
2547 5495 2611 5548 dc
2636 5494 2932 5550 carnalium
2967 5508 3236 5568 potestate
3258 5498 3437 5554 libidi-

1851 5581 2186 5645 nutn:Non,
2220 5583 2418 5652 inquit,
2472 5585 2652 5637 anima
2706 5585 2925 5656 capitali
2975 5589 3158 5659 aliquo
3203 5587 3437 5644 crimine

1851 5677 2168 5744 perimatur,
2221 5677 2365 5746 qttod
2416 5686 2498 5728 est
2553 5679 2870 5748 sanguinem
2922 5679 3166 5745 fundere,
3228 5679 3436 5735 fluxum

1851 5765 2058 5819 scilicet
2107 5765 2447 5818 carnalitatis
2483 5766 2684 5832 laxare,
2731 5769 2824 5822 sed
2869 5771 2935 5825 ad
2967 5773 3258 5826 cisternam
3305 5769 3433 5824 vita
3499 5831 3502 5834 ,

1853 5857 2102 5912 videlicet
2129 5857 2373 5931 pristinae
2399 5859 2672 5916 saecularis
2701 5861 2933 5931 foveam,
2963 5879 3084 5934 quae
3109 5878 3142 5919 a
3193 5861 3304 5919 Deo
3333 5861 3431 5920 ha-
