3982 6360
503 199 612 262 25-9
1291 178 1722 252 vf‘eU‘tBER'ri
1753 172 2075 246 ABBATIS‘

2321 182 2409 244 LE
2449 182 2542 244 ne
2567 162 2992 244 nomenve:
3765 181 3893 238 sco

500 324 736 379 bitatore
787 299 994 390 patitur
1063 309 1428 376 solitudinem,
1480 303 1852 364 tantumnodo
1901 301 2096 357 animae
2125 304 2174 363 Α
2203 299 2272 356 Et
2322 299 2755 371 praetereuntibus
2801 297 3115 354 Madianitis
3147 295 3627 370 negotiatoribus,
3677 305 3900 349 extra-

502 421 775 471 sectautes
826 406 1075 464 inertiam
1109 401 1370 467 deducite,
1402 415 1509 456 non
1549 401 1616 454 ad
1647 397 1862 468 culpam
1899 391 2084 451 actua-
2199 397 2380 452 [tentes
2401 411 2519 450 eum
2555 393 2618 449 de
2642 394 2892 465 cisterna,
2922 391 3264 446 vendiderunt
3289 391 3479 462 viginti
3525 391 3890 459 argenteis.

509 508 617 564 lem
644 507 774 562 foedi
794 501 1087 572 cujuspiam
1117 491 1357 552 criminis
1381 491 1921 550 devolvite.Facilius
1952 504 2085 547 sane
2195 490 2562 560 Acquiescunt
2584 487 2934 559 fratres,cum
2962 485 3326 550 verecundiae,
3352 485 3450 539 sed
3487 492 3744 536 tamen
3783 481 3892 534 hu-

511 615 542 654 a
574 597 804 669 segnitie
828 592 1020 650 mentis
1049 587 1358 660 exsurgitur
1385 601 1547 656 quam
1573 582 1743 652 culpzr
1765 589 2089 653 perpetratae
2196 597 2370 637 mante
2410 581 2534 636 licet
2572 580 2712 647 utili,
2765 580 2964 634 cedunt
3011 578 3203 632 motus
3243 575 3535 632 carnales.
3607 575 3886 644 Eligant

515 667 678 748 ruina
715 688 1022 758 emet-gitur.
1054 684 1144 738 Sic
1179 695 1372 751 nempe
1422 686 1642 734 versuta
1694 675 1948 730 discretio
1996 689 2090 746 per
2193 673 2338 730 enim
2360 670 2554 740 subjici
2580 671 2751 740 magis
2782 667 3156 740 spiritualibus
3203 684 3322 738 qua:
3373 669 3588 722 minus
3653 677 3884 736 patent

508 786 686 840 minus
714 781 916 852 majore
951 776 1066 832 vult
1106 789 1295 831 carere
1335 772 1519 834 exitio,
1571 770 1741 824 donec
1767 768 1906 838 patri
1936 767 2092 823 resti—
2195 783 2356 838 quam
2381 764 2774 836 corporalibus.
2809 762 3118 820 Extrahunt
3154 762 3218 816 de
3241 763 3501 828 cisterna,
3557 777 3730 816 cum
3809 763 3876 816 de

474 869 476 873 ’
512 884 712 941 tnatur,
744 872 797 927 id
835 879 942 938 est,
970 862 1271 923 intellectui
1302 861 1542 934 plenarie
1570 876 1689 916 suo.
2195 855 2446 918 sazculari
2476 873 2657 914 mores
2677 871 2806 912 suos
2835 856 3083 910 adimunt
3131 854 3274 917 vita,
3304 862 3360 909 et
3385 853 3472 908 his
3493 893 3514 920 ,
3580 853 3706 922 qui
3775 870 3876 923 pro

581 967 742 1022 Vnus.
776 958 1348 1030 Eiet—Confestim
1375 957 1532 1025 igitur
1559 963 1613 1008 ut
1631 953 1856 1025 pervenit
1887 952 1954 1006 ad
1980 951 2092 1026 fra—
2196 953 2416 1026 negotio
2443 952 2690 1007 favorum
2721 949 2860 1004 bene
2887 947 3140 1004 victitare
3164 947 3450 1011 videntur;
3477 946 3602 1015 qui
3659 953 3870 998 tamen

447 1069 456 1082 ’
503 1070 627 1126 tres,
664 1058 994 1112 nudaverant
1026 1069 1144 1107 eam
1172 1050 1350 1104 tunica
1373 1047 1532 1102 talari
1560 1060 1605 1101 et
1632 1047 1904 1118 polymita,
1939 1045 2093 1099 mise—
2199 1047 2532 1111 Madianitze,
2571 1043 2621 1099 id
2646 1044 2895 1114 estjnste
2935 1040 3222 1112 judicandi
3268 1048 3390 1096 sunt
3451 1039 3860 1102 distrahunt,

505 1162 730 1222 rnntque
759 1151 814 1202 in
868 1147 1172 1208 cisternam,
1219 1157 1332 1213 quia
1366 1157 1467 1194 non
1511 1139 1734 1192 habebat
1773 1154 1983 1209 aquam.
2015 1137 2094 1189 Ad
2201 1139 2327 1194 dum
2363 1138 2428 1192 ad
2460 1152 2648 1192 eorum
2676 1133 2921 1204 exempla
2947 1147 3002 1187 se
3039 1140 3274 1186 vertunt.
3325 1130 3560 1186 Madian
3604 1146 3852 1200 nempe,

506 1245 704 1316 fratres
733 1239 984 1310 pervenit,
1010 1252 1131 1291 cum
1163 1234 1230 1289 ad
1254 1230 1827 1287 carnalistitillatiouis
1845 1228 2094 1284 effectum
2201 1232 2264 1286 de
2281 1230 2484 1300 judicio
2511 1227 2728 1284 dicitur.
2760 1225 3012 1280 Vendunt
3036 1223 3214 1294 viginti
3255 1223 3561 1292 argenteis,
3608 1222 3768 1276 dum
3803 1237 3855 1275 se

513 1352 568 1391 sc
599 1335 811 1390 iisorit.
866 1330 1080 1391 Tunica,
1106 1327 1266 1381 talari
1314 1337 1357 1380 et
1412 1324 1662 1396 polymita
1713 1323 1935 1388 nudant,
1974 1338 2094 1376 cum
2200 1325 2280 1380 eis
2309 1324 2570 1378 imitando
2602 1322 2751 1391 ipsos
2780 1318 3096 1387 subjiciunt,
3149 1316 3536 1386 dispertiendo
3617 1329 3692 1369 se
3757 1329 3854 1384 per

517 1426 782 1477 virtutum
828 1422 1090 1476 varietate
1120 1421 1171 1475 in
1223 1433 1327 1490 qua
1383 1433 1737 1488 perseverare
1782 1416 2097 1470 decreverat
2201 1432 2456 1472 numeros
2491 1414 2844 1485 (inplicitatis.
2878 1411 3194 1467 Viceuarius
3238 1410 3382 1464 enim
3413 1407 3848 1478 duplicitatem

517 1515 645 1590 (hoc
670 1515 813 1572 enim
843 1512 962 1568 talis
990 1510 1280 1585 signiﬁcat)
1335 1509 1660 1580 exspoliant.
1704 1508 1770 1562 In
1812 1509 2094 1564 cisternam
2202 1511 2400 1581 signat,
2446 1510 2601 1581 juxta
2652 1506 2827 1562 illud:
2864 1505 2924 1561 Si
2950 1505 3115 1575 possit
3165 1519 3283 1557 cum
3327 1501 3509 1555 decem
3577 1499 3846 1554 millibus

515 1608 630 1664 sine
657 1622 792 1677 aqua
825 1606 1066 1670 mittunt,
1093 1619 1218 1660 cum
1249 1604 1301 1656 in
1331 1603 1615 1672 pristinam
1665 1600 1830 1654 vitam
1888 1600 1941 1653 in
1990 1615 2093 1670 qua
2129 1667 2172 1677 __
2203 1620 2470 1659 occurrere
2500 1601 2670 1672 ei,qui
2692 1599 2987 1669 cum138
3013 1597 3192 1668 viginti
3216 1593 3446 1648 millibus
3476 1593 3642 1647 venit
3668 1593 3750 1646 ad
3801 1608 3848 1646 α

512 1699 658 1754 nulla
720 1696 1124 1769 spiritualitatis
1159 1694 1389 1749 scicntia
1425 1702 1527 1758 est,
1561 1692 1864 1748 retrudunt.
1909 1667 2094 1760 (Veiis.
2129 1667 2176 1727 Β
2205 1697 2357 1769 (Luc.
2382 1712 2490 1759 xiv,
2512 1667 3203 1766 3|)V.Argenteivieroquia
3232 1703 3496 1744 sonorum
3523 1686 3842 1740 metallum

511 1789 630 1859 ‘25.)
667 1787 734 1840 Et
759 1789 992 1841 sedentes
1020 1798 1074 1840 ut
1103 1787 1427 1839 comederent
1455 1799 1664 1855 panem,
1706 1783 1940 1836 viderunt
1983 1783 2096 1836 via-
2203 1799 2310 1854 est,
2333 1789 2477 1842 illius
2503 1785 2723 1840 tantilla:
2747 1784 2902 1837 famae
2925 1782 3180 1836 tinnitum
3204 1779 3537 1852 signiﬁcant,
3579 1787 3654 1834 et
3676 1778 3846 1834 verba

518 1892 657 1936 tores
693 1879 998 1934 Ismaelitas
1024 1881 1195 1933 venire
1225 1880 1288 1932 de
1317 1877 1546 1942 Galaad,
1573 1888 1618 1931 et
1643 1877 1867 1930 camelos
1898 1891 2096 1940 eorum,
2206 1878 2546 1934 laudantium
2612 1873 2767 1945 quasi
2821 1873 3064 1944 quaedam
3121 1886 3467 1926 nummorum
3527 1869 3844 1942 particula
3913 1859 3922 1922 ἑ

513 1981 780 2044 portantes
827 1981 1096 2036 aromata,
1129 1980 1176 2024 et
1218 1970 1477 2036 resinam,
1509 1979 1555 2022 et
1588 1977 1790 2022 stacten
1827 1967 1881 2020 in
1927 1966 2085 2036 {Egy-

2277 1981 2478 2028 ustant.
2511 1969 2613 2036 Qui
2635 1969 2897 2022 duxerunt
2929 1983 3045 2021 eum
3073 1966 3126 2019 in
3156 1963 3449 2035 /Egyptum
3486 1976 3506 2014 :
3533 1963 3690 2032 quia
3722 1962 3843 2016 imi-

515 2080 682 2143 ptum.
709 2069 908 2126 Sedcnt
943 2079 999 2123 ut
1024 2084 1212 2138 panem
1241 2067 1549 2131 comedent,
1581 2066 1708 2135 quia
1739 2072 1882 2119 statu
1933 2062 2102 2118 recti—
2211 2066 2431 2121 tationis
2464 2079 2573 2120 sum
2597 2061 2869 2117 illecebris
2903 2071 3105 2127 actum,
3130 2059 3198 2114 ad
3223 2057 3395 2114 solius
3423 2055 3840 2113 sacculus-italis
3927 2055 3929 2126 ξ

519 2163 721 2218 tudinis
751 2162 969 2228 amisso,
1001 2161 1230 2217 remisse
1263 2169 1451 2231 agunt,
1483 2170 1541 2214 ut
1598 2174 1657 2214 se
1699 2157 1980 2228 temporali
2017 2156 2105 2226 jo-
2209 2159 2534 2232 pertrahunt
2558 2156 2842 2210 ambitum.

517 2254 798 2309 cunditate
829 2253 1096 2310 reficiant.
1129 2252 1291 2312 Panis
1319 2252 1464 2308 enim
1495 2252 1599 2306 hoc
1622 2248 1977 2320 signiticat,ut
1999 2256 2101 2302 est:
2283 2248 2449 2304 Vsus.
2483 2247 2574 2312 29,
2603 2247 2691 2302 50.
2731 2277 2801 2285 —
2829 2244 3184 2318 Reversusque
3212 2240 3397 2296 Ruben
3428 2241 3503 2296 ad
3534 2242 3836 2296 cisternam

515 2342 897 2398 Abominabilis
921 2343 977 2410 ﬁt
1016 2343 1063 2396 ei
1085 2343 1235 2409 panis
1265 2342 1318 2394 in
1343 2342 1446 2394 vita
1473 2356 1569 2392 sua
1615 2339 1736 2406 (Job
1769 2354 1961 2400 xxxiii,
1992 2337 2083 2407 20)

2351 2342 2537 2396 invenit
2564 2356 2784 2410 puerum
2811 2348 2857 2393 et
2881 2337 3063 2392 scissis
3089 2336 3313 2390 vestibus
3344 2351 3572 2406 pergens
3600 2334 3686 2387 ad
3727 2333 3836 2402 fra-
3915 2341 3923 2410 ξ

518 2437 817 2494 lsmaelilas
840 2436 1134 2491 obedientes
1161 2436 1256 2490 sibi
1283 2436 1705 2505 interpretamus
1753 2433 1984 2488 Viatores
2012 2449 2106 2488 au-
2215 2444 2340 2500 tres,
2367 2434 2438 2486 ait
2464 2449 2481 2487 :
2527 2429 2669 2486 Puer
2697 2442 2798 2486 non
2829 2438 3117 2500 comparet,
3136 2439 3180 2483 et
3212 2445 3302 2500 ego
3351 2445 3453 2498 quo
3478 2427 3620 2481 ibo?
3653 2425 3834 2480 Ruben

522 2535 632 2584 tem
665 2527 922 2582 dicuntur
960 2527 1051 2596 qui
1082 2543 1180 2597 per
1203 2529 1372 2592 viam,
1402 2542 1521 2596 quae
1551 2524 1802 2582 Christus
1829 2535 1932 2590 cst,
1992 2541 2112 2579 am—
2215 2529 2284 2581 ad
2316 2528 2594 2581 cisternam
2622 2527 2934 2591 revertitur,
2958 2535 3003 2580 et
3025 2540 3247 2595 puerum
3276 2539 3380 2577 non
3429 2522 3675 2583 invenit,
3713 2535 3831 2576 cum

523 2617 712 2674 bulare
743 2618 1019 2683 videntur,
1046 2619 1141 2672 sed
1176 2628 1360 2674 tamen
1394 2618 1495 2674 sibi
1523 2617 1804 2681 obediunt,
1844 2618 1970 2686 quia
2003 2629 2112 2672 non
2218 2621 2473 2675 discretio
2505 2629 2688 2674 nostra
2717 2620 2784 2674 ad
2840 2619 3040 2673 veteris
3093 2618 3218 2672 vitae
3256 2625 3458 2670 statum
3499 2613 3832 2670 considera-

525 2709 640 2776 Dei,
677 2711 770 2766 sed
789 2727 950 2778 suam
983 2712 1058 2790 in.
1095 2711 1178 2766 bis
1220 2711 1646 2768 exliibitionibns
1700 2711 1912 2768 laudem
1969 2727 2114 2782 quaa-
2219 2713 2366 2768 tione
2389 2712 2624 2776 ducitur,
2657 2711 2749 2768 sed
2767 2712 2879 2782 jam
2906 2710 3152 2774 affectus,
3175 2717 3234 2764 ut
3259 2707 3380 2764 fieri
3402 2706 3572 2773 solet,
3605 2709 3689 2760 ad
3715 2721 3828 2760 (ιιι-

525 2811 671 2860 runt.
701 2801 812 2858 Hos
842 2803 1014 2858 venire
1045 2803 1110 2857 de
1135 2800 1341 2858 Galaad
1379 2804 1586 2868 vident,
1639 2804 1768 2873 quia
1804 2805 1870 2860 de
1917 2819 2115 2860 acervo
2217 2805 2360 2860 nalia
2391 2821 2666 2876 quemque
2692 2805 2858 2860 relabi
2888 2803 2960 2858 ibi
2984 2819 3088 2859 non
3114 2802 3390 2858 invenitur
3433 2801 3570 2872 quia
3617 2798 3834 2869 laqueis

529 2893 852 2959 testimonii,
881 2894 1047 2950 idest
1093 2895 1158 2950 de
1205 2895 1510 2965 frequentia
1541 2905 1885 2966 sanctorum,
1921 2898 2012 2967 qui
2057 2911 2116 2952 se
2221 2896 2558 2960 cenodoxiae,
2615 2911 2734 2966 quae
2789 2895 2880 2950 vix
2927 2897 2995 2949 ad
3042 2892 3446 2964 simplicitatem
3505 2901 3833 2957 revocatur,

527 2988 782 3057 operibus
815 2988 880 3042 ad
903 2988 1108 3044 electos
1132 2989 1404 3060 pertinere
1447 2998 1735 3058 testantur,
1761 3005 1856 3060 per
1881 2989 2114 3061 exempli
2141 3034 2184 3092 Ο
2223 2990 2490 3055 irretitur,
2522 2989 2692 3044 multo
2709 3003 2839 3044 sane
2869 2987 3128 3042 deterius.
3151 2985 3345 3042 Vestes
3369 2985 3597 3049 scindit,
3655 2995 3721 3040 et
3764 2985 3830 3040 ad

530 3078 925 3134 traductionem
956 3080 1287 3137 descendere
1312 3081 1494 3150 specie
1535 3089 1692 3136 tenus
1737 3083 1980 3137 censent.
2012 3081 2114 3138 Ca-
2146 3078 2184 3092 ν
2219 3082 2416 3152 fratres
2467 3081 2665 3153 pergit,
2699 3097 2821 3136 cum
2861 3090 3050 3135 sancta
3099 3095 3286 3150 opera,
3339 3095 3462 3150 qlia:
3512 3079 3628 3133 Deo
3686 3079 3833 3134 uniti

527 3169 652 3230 meti
683 3186 872 3226 eorum
897 3181 1118 3241 portant
1155 3173 1208 3227 in
1233 3172 1548 3243 IEgyptum,
1576 3189 1699 3228 cum
1730 3188 1958 3243 corpora
1992 3188 2115 3244 quae
2219 3175 2440 3240 debent,
2460 3191 2554 3246 per
2576 3189 2674 3228 ora
2707 3181 2762 3229 et
2785 3173 2972 3228 oculos
3004 3172 3284 3226 hominum
3314 3171 3557 3240 dispersa
3599 3168 3836 3225 favora-

528 3261 598 3317 ob
618 3261 701 3316 sui
729 3264 940 3334 pondus
963 3262 1159 3318 cameli
1181 3272 1469 3330 vocantur,
1498 3265 1624 3334 quia
1674 3274 1972 3335 aggravant
1998 3265 2115 3320 ani-
2219 3269 2342 3325 liter
2364 3269 2622 3333 ostendit,
2648 3276 2704 3322 et
2731 3267 2796 3334 ad
2822 3267 3098 3322 interioris
3126 3265 3366 3320 hominis
3397 3279 3585 3334 pravos
3623 3273 3833 3320 motus

531 3369 673 3412 mam
707 3355 858 3427 (Sap.
885 3372 963 3422 ix,
997 3358 1108 3427 15),
1161 3357 1303 3413 bona
1336 3357 1589 3428 quaslibet
1641 3359 1837 3427 quibus
1879 3372 1986 3413 non
2045 3359 2114 3414 ad
2220 3359 2540 3432 corrigendo
2562 3360 2647 3429 agi
2681 3359 2782 3413 ista
2815 3359 3074 3428 ingemit:
3101 3356 3187 3412 Va:
3209 3357 3356 3412 enim
3382 3355 3700 3427 ingredienti
3723 3366 3831 3432 ter-

531 3445 626 3502 Dei
653 3449 940 3513 honorem,
963 3451 1056 3504 sed
1083 3449 1150 3504 ad
1188 3451 1370 3508 saeculi
1399 3451 1816 3506 ostentationem
1870 3451 2116 3506 redolent
2222 3468 2336 3506 ram
2359 3430 2560 3508 duabus
2575 3453 2668 3507 viis
2692 3451 2882 3521 (Eccli.
2905 3467 2965 3517 ιι,
2991 3449 3379 3520 M).All'ectus,
3397 3430 3826 3520 inquit,irrecu:

533 3539 871 3610 solummodo
922 3542 1260 3598 extrinsecus
1301 3543 1612 3613 praeferunt.
1648 3543 1917 3614 Egyplus
1969 3545 2116 3599 enim
2221 3543 2535 3616 perabiliter
2562 3560 2658 3614 per
2705 3545 2895 3598 inanes
2921 3544 3124 3616 glorias
3171 3543 3393 3613 elapsus
3444 3553 3558 3608 est,
3611 3543 3668 3598 in
3718 3559 3822 3615 quo

536 3629 790 3686 Steculum
824 3631 1025 3702 signat,
1051 3634 1192 3689 unde
1221 3643 1303 3692 est
1337 3650 1351 3688 :
1379 3634 1502 3689 Non
1546 3635 1928 3692 abominaberis
1976 3633 2116 3706 Egy-
2223 3635 2466 3708 meajam
2491 3636 3034 3708 perficietdiscretio,
3053 3637 3143 3700 ubi
3173 3637 3354 3694 nullus
3379 3637 3606 3708 pietatis
3626 3651 3819 3695 sensus

535 3722 902 3788 ptittm(Dettt.
929 3741 1088 3792 xum,
1120 3727 1212 3797 7);
1245 3727 1595 3784 odoramenta
1645 3744 1776 3784 vero
1820 3727 2117 3784 forinsecas
2223 3739 2325 3788 est.

538 3812 765 3868 virtutes
793 3814 1090 3872 insinuant.

639 3830 765 3912 .‘utes
793 3830 1090 3912 insutu—ant.
1139 3907 1195 3912 Δ-
1242 3910 1251 3912 _
1464 3911 1477 3912 ί
1675 3910 1684 3912 ᾗ
1808 3911 1812 3912 ν
2039 3909 2047 3912 Α
2296 3833 2463 3890 Vsus.
2490 3831 2584 3900 3|,
2605 3832 2693 3888 52.
2719 3863 2790 3874 —
2815 3830 3072 3889 Tulernnt
3095 3844 3272 3891 autem
3313 3835 3550 3890 tunicam
3587 3835 3746 3905 ejus,
3775 3847 3818 3893 et

611 3903 773 3960 νηδ-
801 3905 896 3972 26,
917 3905 1006 3961 2⁷·
1034 3937 1106 3950 -·“
1129 3907 1274 3966 vix“
1302 3927 1422 3982 “'90
1445 3911 1617 3966 εἶκάαε
1659 3910 1916 3980 Ῑναίνίθαε
1965 3909 2075 3964 sui“
2099 3925 2117 3964 -'
2225 3927 2281 3982 in
2315 3926 2568 3995 sanguine
2587 3926 2748 3989 laedi,
2767 3942 2921 3995 quem
2941 3928 3266 3993 occiderant,
3289 3928 3580 3990 tinxerunt,
3616 3903 3819 3984 mitten-

540 3997 680 4064 Quid
725 4000 869 4052 nobis
894 4001 1124 4070 prodest,
1157 4003 1201 4057 si
1232 4005 1578 4058 occiderimus
1619 4003 1836 4071 fratrem
1883 4010 2112 4055 nostrum

2249 4033 2301 4074 es
2330 4017 2419 4088 qui
2457 4018 2654 4086 ferrent
2677 4017 2746 4072 ad
2769 4019 2988 4087 "patrem
3039 4031 3088 4074 et
3127 4021 3402 4076 dicerent:
3437 4019 3593 4074 Hanc
3621 4022 3817 4076 inmi-

539 4103 585 4144 et
614 4089 950 4146 celaverimtts
983 4096 1292 4166 sanguinem
1316 4098 1518 4167 ipsius?
1545 4096 1594 4150 Μ
1603 4095 1736 4150 ειὶαι
1752 4106 1825 4151 est
1851 4108 1905 4150 ut
1929 4099 2120 4152 venda-
2227 4127 2343 4166 πηιε
2359 4127 2376 4174 ς
2407 4111 2525 4166 υεάο
2548 4121 2725 4165 unum
2751 4113 2928 4166 ιηηξσα
2960 4111 3061 4180 ﬁlii
3086 4114 3165 4168 ικί
3193 4113 3282 4176 διε,
3331 4131 3404 4168 an
3448 4130 3572 4168 non,
3609 4113 3811 4170 Tunica

541 4192 628 4242 tur
655 4184 954 4256 lsmaelitis,
977 4201 1021 4243 et
1042 4206 1230 4245 manus
1251 4204 1444 4246 nostra:
1465 4206 1568 4244 non
1590 4188 1929 4259 polluantur;
1957 4190 2113 4260 frater

2237 4199 2366 4270 ejus,
2397 4201 2566 4272 ipsius
2592 4211 2678 4256 est
2707 4201 2938 4256 interior
2963 4201 3370 4260 atl'ectualitatis
3394 4205 3632 4260 habitus.
3663 4205 3809 4264 Hanc

539 4281 675 4370 enim
705 4289 750 4334 et
775 4297 897 4338 caro
937 4291 1114 4338 nostra
1145 4293 1241 4337 est.
1291 4283 1459 4337 Judas
1486 4282 1688 4336 dicitur
1717 4283 1994 4352 confessio.
2025 4281 2124 4338 So-
2228 4295 2285 4348 in
2303 4295 2558 4365 sanguine
2599 4295 2756 4359 nam,
2809 4313 2960 4366 quem
3024 4298 3344 4364 οεοίάεναηι,
3406 4299 3639 4370 ﬁngunt,
3687 4316 3808 4356 cum

539 4368 614 4472 let
668 4384 851 4432 autem
896 4377 1115 4432 obstare
1172 4375 1465 4472 plurimum
1519 4389 1761 4472 peccare
1795 4376 2121 4472 volentibus,
2151 4394 2202 4456 ι)
2230 4387 2499 4443 desiderio
2543 4388 2750 4456 peccati
2779 4389 3032 4454 carnalis,
3065 4392 3208 4460 quod
3251 4391 3306 4452 ίη
3339 4368 3556 4447 modum
3599 4393 3808 4447 cruori.

548 4466 665 4532 ipsa
693 4475 814 4534 post
851 4479 1134 4536 peccatum
1189 4468 1487 4522 necessitas
1532 4466 1908 4523 confessionis.
1955 4466 2120 4524 Pudet

2232 4479 2490 4544 decurrit,
2521 4481 2866 4535 conscientia
2897 4483 3388 4554 statuinpolluunt.
3423 4483 3618 4539 Haedus
3651 4499 3804 4540 nemo

542 4560 689 4609 enim
718 4568 1054 4628 perpetrare,
1080 4560 1225 4631 quod
1259 4560 1425 4616 multo
1451 4561 1623 4630 magis
1654 4560 1900 4616 confiteri
1952 4561 2114 4630 pudor

2235 4590 2356 4646 que,
2400 4590 2552 4646 quem
2577 4574 2895 4640 occiderant,
2927 4574 3187 4646 ﬂagitium
3219 4585 3324 4645 est,
3357 4576 3501 4648 quod
3535 4577 3807 4632 commise-

542 4654 646 4701 εει.
700 4645 940 4714 Qualem,
987 4653 1179 4722 inquit,
1215 4653 1445 4723 fructum
1508 4655 1786 4722 habuistis;
1826 4655 1880 4709 in
1934 4654 2124 4725 quibus
2232 4645 2566 4734 έεηιςεοιθι
2614 4667 2758 4722 enim
2813 4678 2972 4740 typus
3009 4645 3204 4724 inanis
3252 4645 3438 4741 gloria
3497 4668 3664 4724 tenari
3717 4685 3808 4741 per

547 4753 684 4841 nunc
709 4741 1010 4841 erubescitis
1033 4744 1057 4796 ?
1080 4743 1350 4813 (Rom.vi,
1378 4745 1830 4817 2t.)Reverentia
1853 4762 1981 4818 ergo
1997 4762 2131 4802 con-
2234 4759 2485 4817 εσθοιυιη
2529 4760 2766 4817 carnalis
2810 4761 3002 4832 ριιιρεε,
3039 4758 3257 4817 mum"
3293 4763 3384 4834 qui
3419 4762 3596 4817 {omni
3621 4763 3687 4816 ad
3726 4780 3810 4832 ρει.

544 4827 799 4927 Ῑθεξδίοηίδ
828 4831 994 4927 ίξιίενι
1047 4835 1284 4927 ηῖρίξδυε
1312 4836 1513 4906 ιπεινίεο
1553 4836 1717 4901 Qu”.
1749 4838 1842 4900 all.
1886 4838 2131 4906 Ρτοάετίῑ
2235 4863 2388 4920 treat,
2415 4871 2536 4910 cum
2564 4827 2955 4924 cogitationum
3010 4856 3270 4912 versutiis
3305 4827 3696 4927 aggrediuntur
3721 4827 3807 4911 ra-

548 4937 578 5020 a
615 4923 752 4979 bona
777 4923 1054 4980 voluntate
1085 4925 1344 5010 deficere,
1375 4935 1430 4982 et
1455 4927 1654 4983 letbale
1695 4928 1898 5020 crimen
1949 4929 2131 4985 animo
2239 4944 2459 5000 ιίοηθςη,
2487 4923 2743 5014 “mide,
2779 4948 2952 5014 aiunt,
2980 4949 3036 5003 in
3067 4963 3234 5020 quem
3283 4923 3530 5005 habitum
3576 4948 3803 5017 meum,

547 5013 810 5082 ίηθιηθνθν
847 5019 989 5110 quo}!
1019 5007 1148 5084 ιιοη»
1183 5032 1304 5072 cum
1337 5027 1704 5088 perpetratum
1741 5018 2132 5090 Γιιθτίινροιθνίι
2238 5052 2399 5106 quem
2424 5037 2558 5094 bene
2593 5039 2701 5094 Deo
2730 5007 3013 5110 peperisse
3039 5007 3333 5109 videbaris,
3365 5041 3671 5106 defluxerit,
3717 5007 3807 5096 aut

546 5121 701 5164 mens
734 5111 848 5179 ipsa
882 5109 1084 5173 celare,
1119 5109 1161 5165 si
1197 5110 1431 5181 propriae
1458 5110 1588 5166 velit
1615 5110 1776 5166 saluti
1809 5109 2118 5168 consulere?

2239 5130 2384 5188 forte
2413 5132 2456 5188 si
2512 5133 2672 5188 talem
2708 5109 2804 5188 tibi
2850 5149 2957 5189 non
2991 5135 3334 5205 ascripseris,
3386 5135 3502 5189 vide
3551 5134 3690 5190 unde
3716 5135 3803 5188 tali

553 5193 827 5299 Vendatnr
866 5201 1180 5269 Ismaelitis,
1208 5204 1616 5276 hypocritarum
1647 5204 1854 5260 scilicet
1888 5206 2134 5262 tradatur
2239 5223 2570 5278 conscientia
2593 5225 2913 5292 (merseris,
2941 5233 2997 5281 ει
3020 5193 3169 5283 εει-εξ
3208 5228 3262 5282 in
3313 5193 3422 5298 ξμιο
3477 5237 3802 5299 perseverare

547 5292 829 5389 exemplis,
854 5303 906 5389 et
929 5295 1324 5389 exterioraclio
1355 5306 1538 5352 nostra
1569 5314 1674 5353 non
1699 5298 2134 5368 polluaturntevo
2241 5332 2352 5372 ηοιι
2396 5326 2638 5386 poteras,
2690 5333 2968 5389 nunquam
3021 5321 3242 5377 virtutis
3294 5292 3534 5378 είιισῖυξη
3575 5318 3803 5378 amem";

549 5383 720 5456 culpa:
744 5387 1158 5461 notabilis,quia
1176 5392 1288 5462 ipse
1315 5391 1556 5456 affectus,
1585 5394 1629 5448 si
1655 5407 1752 5465 per
1775 5395 1949 5464 turpia
1971 5409 2136 5464 opera
2242 5383 2514 5464 ἀειιιιέτίε,

550 5478 870 5548 infametur,
902 5491 1047 5538 tanta
1081 5487 1488 5558 pr0pinquitate
1519 5487 1676 5542 nobis
1712 5487 2044 5558 adjungitur,
2079 5496 2138 5542 ut
2318 5493 2482 5549 Vsus.
2509 5493 2598 5549 55.
2631 5524 2700 5534 -
2752 5494 2952 5550 Tunica
3001 5497 3102 5566 ﬁlii
3130 5497 3252 5568 [inci
3300 5507 3395 5564 est,
3455 5499 3566 5570 fera
3602 5500 3800 5570 pessima

548 5587 645 5680 per
701 5575 844 5631 hunc
869 5594 992 5633 caro
1041 5591 1241 5646 nostra,
1272 5580 1322 5635 id
1377 5591 1460 5638 est
1493 5591 1602 5638 tota
1647 5581 1993 5638 exterioritas
2050 5583 2135 5638 vi—
2245 5586 2492 5652 comedit,
2535 5585 2700 5640 bestia
2750 5588 3014 5644 devoravit
3067 5589 3284 5660 Ioseph.
3339 5590 3794 5663 Habitus,'inquit,

549 5675 730 5724 tietur.
2248 5678 2550 5734 affectionis
2573 5694 2706 5734 meae
2728 5696 2919 5737 revera
2952 5683 2996 5738 is
3027 5693 3130 5749 est,
3156 5685 3250 5739 sed
3283 5686 3598 5742 crudelitate
3621 5686 3793 5741 diaboli

620 5761 783 5818 Visus.
813 5763 989 5823 28.-—
1015 5766 1397 5838 Acquieverunt
1431 5769 1624 5840 fratres
1647 5772 1972 5830 sermonibus
1995 5771 2130 5837 ejus.
2246 5779 2306 5829 et
2339 5768 2639 5828 carnalium
2662 5770 2819 5832 ferali
2839 5775 3041 5847 impetu
3061 5776 3398 5850 voluptatum
3431 5789 3692 5849 corruptus
3713 5789 3798 5836 est

2156 5877 2191 5905 ἤ
